  <div class='ocr_page' id='page_1' title='image "/cluster/home/n/w/nwhite01/storage/ocr_20150623/24/hvd.32044096580485/385.png"; bbox 0 0 3906 6172; ppageno 0'>
   <div class='ocr_carea' id='block_1_1' title="bbox 432 297 540 359">
    <p class='ocr_par' dir='ltr' id='par_1_1' title="bbox 432 297 540 359">
     <span class='ocr_line' id='line_1_1' title="bbox 432 297 540 359; baseline 0.019 -2"><span class='ocrx_word' id='word_1_1' title='bbox 432 297 540 359; x_wconf 74' lang='grc' dir='ltr'><strong>¹1ζ9</strong></span> 
     </span>
    </p>
   </div>
   <div class='ocr_carea' id='block_1_2' title="bbox 1619 309 3639 394">
    <p class='ocr_par' dir='ltr' id='par_1_2' title="bbox 1619 309 3639 394">
     <span class='ocr_line' id='line_1_2' title="bbox 1619 309 3639 394; baseline 0.014 -28"><span class='ocrx_word' id='word_1_2' title='bbox 1619 309 1677 369; x_wconf 86' lang='lat' dir='ltr'><strong>S.</strong></span> <span class='ocrx_word' id='word_1_3' title='bbox 1714 309 2027 373; x_wconf 83' lang='lat' dir='ltr'><strong>EUSEBII</strong></span> <span class='ocrx_word' id='word_1_4' title='bbox 2067 314 2511 380; x_wconf 80' lang='lat' dir='ltr'><strong>HIERUNYMI</strong></span> <span class='ocrx_word' id='word_1_5' title='bbox 2582 384 2585 387; x_wconf 34' lang='grc' dir='ltr'><strong><em>λ</em></strong></span> <span class='ocrx_word' id='word_1_6' title='bbox 3555 333 3639 394; x_wconf 75' lang='lat'><strong>760</strong></span> 
     </span>
    </p>
   </div>
   <div class='ocr_carea' id='block_1_3' title="bbox 430 413 3643 509">
    <p class='ocr_par' dir='ltr' id='par_1_3' title="bbox 430 413 3643 509">
     <span class='ocr_line' id='line_1_3' title="bbox 430 413 3643 509; baseline 0.01 -43"><span class='ocrx_word' id='word_1_7' title='bbox 430 413 564 480; x_wconf 84' lang='lat' dir='ltr'><strong>sive,</strong></span> <span class='ocrx_word' id='word_1_8' title='bbox 592 413 893 509; x_wconf 29' lang='lat' dir='ltr'><strong>utin-alin</strong></span> <span class='ocrx_word' id='word_1_9' title='bbox 937 418 1231 487; x_wconf 80' lang='lat' dir='ltr'><strong>Evangelio</strong></span> <span class='ocrx_word' id='word_1_10' title='bbox 1277 422 1535 487; x_wconf 78' lang='lat' dir='ltr'><strong>scriptum</strong></span> <span class='ocrx_word' id='word_1_11' title='bbox 1571 430 1654 475; x_wconf 90' lang='lat' dir='ltr'><strong>est</strong></span> <span class='ocrx_word' id='word_1_12' title='bbox 1683 423 1700 454; x_wconf 77' lang='grc'>⁸</span> <span class='ocrx_word' id='word_1_13' title='bbox 1725 464 1739 487; x_wconf 90' lang='grc'>,</span> <span class='ocrx_word' id='word_1_14' title='bbox 1785 424 2003 481; x_wconf 86' lang='lat' dir='ltr'><strong>domum</strong></span> <span class='ocrx_word' id='word_1_15' title='bbox 2034 432 2076 488; x_wconf 81' lang='grc' dir='ltr'><strong>Α</strong></span> <span class='ocrx_word' id='word_1_16' title='bbox 2109 429 2161 483; x_wconf 92' lang='lat' dir='ltr'><strong>in</strong></span> <span class='ocrx_word' id='word_1_17' title='bbox 2210 429 2612 505; x_wconf 74' lang='lat' dir='ltr'><strong>iliemsblymis,</strong></span> <span class='ocrx_word' id='word_1_18' title='bbox 2640 447 2763 504; x_wconf 72' lang='lat' dir='ltr'><strong>quae</strong></span> <span class='ocrx_word' id='word_1_19' title='bbox 2804 433 2930 491; x_wconf 86' lang='lat' dir='ltr'><strong>fecit</strong></span> <span class='ocrx_word' id='word_1_20' title='bbox 2971 434 3092 491; x_wconf 83' lang='lat' dir='ltr'><strong>loco</strong></span> <span class='ocrx_word' id='word_1_21' title='bbox 3141 436 3273 502; x_wconf 90' lang='lat' dir='ltr'><strong>Silo,</strong></span> <span class='ocrx_word' id='word_1_22' title='bbox 3308 437 3399 494; x_wconf 90' lang='lat' dir='ltr'><strong>ubi</strong></span> <span class='ocrx_word' id='word_1_23' title='bbox 3441 441 3643 509; x_wconf 86' lang='lat' dir='ltr'><strong>primum</strong></span> 
     </span>
    </p>
   </div>
   <div class='ocr_carea' id='block_1_4' title="bbox 428 506 2000 581">
    <p class='ocr_par' dir='ltr' id='par_1_4' title="bbox 428 506 2000 581">
     <span class='ocr_line' id='line_1_4' title="bbox 428 506 2000 581; baseline 0.008 -22"><span class='ocrx_word' id='word_1_24' title='bbox 428 506 800 574; x_wconf 70' lang='lat' dir='ltr'><strong>negotiationis</strong></span> <span class='ocrx_word' id='word_1_25' title='bbox 828 507 1012 578; x_wconf 86' lang='lat' dir='ltr'><strong>(Joan.</strong></span> <span class='ocrx_word' id='word_1_26' title='bbox 1048 525 1109 577; x_wconf 90' lang='lat' dir='ltr'><strong>tt,</strong></span> <span class='ocrx_word' id='word_1_27' title='bbox 1141 510 1253 581; x_wconf 79' lang='lat' dir='ltr'><strong>i6).</strong></span> <span class='ocrx_word' id='word_1_28' title='bbox 1284 512 1526 568; x_wconf 79' lang='lat' dir='ltr'><strong>Ecclesia</strong></span> <span class='ocrx_word' id='word_1_29' title='bbox 1559 512 1652 568; x_wconf 90' lang='lat' dir='ltr'><strong>Dei</strong></span> <span class='ocrx_word' id='word_1_30' title='bbox 1685 516 1915 569; x_wconf 91' lang='lat' dir='ltr'><strong>vertitur</strong></span> <span class='ocrx_word' id='word_1_31' title='bbox 1945 517 2000 571; x_wconf 89' lang='lat' dir='ltr'><strong>itt</strong></span> 
     </span>
    </p>
   </div>
   <div class='ocr_carea' id='block_1_5' title="bbox 429 597 2003 672">
    <p class='ocr_par' dir='ltr' id='par_1_5' title="bbox 429 597 2003 672">
     <span class='ocr_line' id='line_1_5' title="bbox 429 597 2003 672; baseline 0.007 -22"><span class='ocrx_word' id='word_1_32' title='bbox 429 597 739 664; x_wconf 80' lang='lat' dir='ltr'><strong>speluncam</strong></span> <span class='ocrx_word' id='word_1_33' title='bbox 766 599 1059 664; x_wconf 86' lang='lat' dir='ltr'><strong>latronum,</strong></span> <span class='ocrx_word' id='word_1_34' title='bbox 1081 609 1298 671; x_wconf 81' lang='lat' dir='ltr'><strong>quando</strong></span> <span class='ocrx_word' id='word_1_35' title='bbox 1324 604 1484 665; x_wconf 88' lang='lat' dir='ltr'><strong>furta,</strong></span> <span class='ocrx_word' id='word_1_36' title='bbox 1512 604 1827 672; x_wconf 90' lang='lat' dir='ltr'><strong>homicidia,</strong></span> <span class='ocrx_word' id='word_1_37' title='bbox 1849 608 2003 662; x_wconf 85' lang='lat' dir='ltr'><strong>adul-</strong></span> 
     </span>
    </p>
   </div>
   <div class='ocr_carea' id='block_1_6' title="bbox 432 688 2002 767">
    <p class='ocr_par' dir='ltr' id='par_1_6' title="bbox 432 688 2002 767">
     <span class='ocr_line' id='line_1_6' title="bbox 432 688 2002 767; baseline 0.009 -27"><span class='ocrx_word' id='word_1_38' title='bbox 432 688 591 753; x_wconf 86' lang='lat' dir='ltr'><strong>teria,</strong></span> <span class='ocrx_word' id='word_1_39' title='bbox 622 690 929 758; x_wconf 72' lang='lat' dir='ltr'><strong>sacrilegia.</strong></span> <span class='ocrx_word' id='word_1_40' title='bbox 973 690 1233 760; x_wconf 71' lang='lat' dir='ltr'><strong>periuria,</strong></span> <span class='ocrx_word' id='word_1_41' title='bbox 1274 695 1543 750; x_wconf 77' lang='lat' dir='ltr'><strong>hmreseos</strong></span> <span class='ocrx_word' id='word_1_42' title='bbox 1574 698 1906 767; x_wconf 84' lang='lat' dir='ltr'><strong>adiuventio,</strong></span> <span class='ocrx_word' id='word_1_43' title='bbox 1947 708 2002 754; x_wconf 89' lang='lat' dir='ltr'><strong>et</strong></span> 
     </span>
    </p>
   </div>
   <div class='ocr_carea' id='block_1_7' title="bbox 432 778 2003 855">
    <p class='ocr_par' dir='ltr' id='par_1_7' title="bbox 432 778 2003 855">
     <span class='ocr_line' id='line_1_7' title="bbox 432 778 2003 855; baseline 0.008 -27"><span class='ocrx_word' id='word_1_44' title='bbox 432 778 613 829; x_wconf 90' lang='lat' dir='ltr'><strong>omnia</strong></span> <span class='ocrx_word' id='word_1_45' title='bbox 668 778 720 831; x_wconf 88' lang='lat' dir='ltr'><strong>itt</strong></span> <span class='ocrx_word' id='word_1_46' title='bbox 766 792 829 831; x_wconf 89' lang='lat' dir='ltr'><strong>ea</strong></span> <span class='ocrx_word' id='word_1_47' title='bbox 884 780 1087 833; x_wconf 79' lang='lat' dir='ltr'><strong>scelera</strong></span> <span class='ocrx_word' id='word_1_48' title='bbox 1144 793 1474 848; x_wconf 83' lang='lat' dir='ltr'><strong>versantur;</strong></span> <span class='ocrx_word' id='word_1_49' title='bbox 1545 786 1765 855; x_wconf 87' lang='lat' dir='ltr'><strong>quando</strong></span> <span class='ocrx_word' id='word_1_50' title='bbox 1819 788 2003 841; x_wconf 83' lang='lat' dir='ltr'><strong>avari-</strong></span> 
     </span>
    </p>
   </div>
   <div class='ocr_carea' id='block_1_8' title="bbox 431 867 2000 951">
    <p class='ocr_par' dir='ltr' id='par_1_8' title="bbox 431 867 2000 951">
     <span class='ocr_line' id='line_1_8' title="bbox 431 867 2000 951; baseline 0.01 -31"><span class='ocrx_word' id='word_1_51' title='bbox 431 867 522 922; x_wconf 68' lang='lat' dir='ltr'><strong>tia:</strong></span> <span class='ocrx_word' id='word_1_52' title='bbox 592 868 802 925; x_wconf 77' lang='lat' dir='ltr'><strong>facibus</strong></span> <span class='ocrx_word' id='word_1_53' title='bbox 878 873 1152 943; x_wconf 83' lang='lat' dir='ltr'><strong>principes</strong></span> <span class='ocrx_word' id='word_1_54' title='bbox 1219 874 1613 943; x_wconf 84' lang='lat' dir='ltr'><strong>inardescunt,</strong></span> <span class='ocrx_word' id='word_1_55' title='bbox 1681 888 1737 933; x_wconf 83' lang='lat' dir='ltr'><strong>et</strong></span> <span class='ocrx_word' id='word_1_56' title='bbox 1814 897 2000 951; x_wconf 62' lang='lat' dir='ltr'><strong>regum</strong></span> 
     </span>
    </p>
   </div>
   <div class='ocr_carea' id='block_1_9' title="bbox 430 961 2000 1041">
    <p class='ocr_par' dir='ltr' id='par_1_9' title="bbox 430 961 2000 1041">
     <span class='ocr_line' id='line_1_9' title="bbox 430 961 2000 1041; baseline 0.006 -27"><span class='ocrx_word' id='word_1_57' title='bbox 430 961 698 1029; x_wconf 89' lang='lat' dir='ltr'><strong>quondam</strong></span> <span class='ocrx_word' id='word_1_58' title='bbox 729 979 873 1030; x_wconf 87' lang='lat' dir='ltr'><strong>opes,</strong></span> <span class='ocrx_word' id='word_1_59' title='bbox 921 964 1022 1019; x_wconf 86' lang='lat' dir='ltr'><strong>vile</strong></span> <span class='ocrx_word' id='word_1_60' title='bbox 1048 975 1141 1020; x_wconf 86' lang='lat' dir='ltr'><strong>aut</strong></span> <span class='ocrx_word' id='word_1_61' title='bbox 1196 975 1347 1022; x_wconf 76' lang='lat' dir='ltr'><strong>cette</strong></span> <span class='ocrx_word' id='word_1_62' title='bbox 1401 986 1506 1024; x_wconf 90' lang='lat' dir='ltr'><strong>non</strong></span> <span class='ocrx_word' id='word_1_63' title='bbox 1570 971 1674 1025; x_wconf 77' lang='lat' dir='ltr'><strong>vile</strong></span> <span class='ocrx_word' id='word_1_64' title='bbox 1722 972 2000 1041; x_wconf 85' lang='lat' dir='ltr'><strong>palliolum</strong></span> 
     </span>
    </p>
   </div>
   <div class='ocr_carea' id='block_1_10' title="bbox 431 1054 2002 1134">
    <p class='ocr_par' dir='ltr' id='par_1_10' title="bbox 431 1054 2002 1134">
     <span class='ocr_line' id='line_1_10' title="bbox 431 1054 2002 1134; baseline 0.009 -28"><span class='ocrx_word' id='word_1_65' title='bbox 431 1054 690 1121; x_wconf 78' lang='lat' dir='ltr'><strong>possidet.</strong></span> <span class='ocrx_word' id='word_1_66' title='bbox 721 1055 876 1110; x_wconf 84' lang='lat' dir='ltr'><strong>Unde</strong></span> <span class='ocrx_word' id='word_1_67' title='bbox 906 1056 1072 1112; x_wconf 88' lang='lat' dir='ltr'><strong>infert</strong></span> <span class='ocrx_word' id='word_1_68' title='bbox 1102 1076 1115 1111; x_wconf 90' lang='lat'><strong>:</strong></span> <span class='ocrx_word' id='word_1_69' title='bbox 1151 1058 1280 1131; x_wconf 77' lang='lat' dir='ltr'><strong>Ego,</strong></span> <span class='ocrx_word' id='word_1_70' title='bbox 1311 1078 1404 1131; x_wconf 87' lang='lat' dir='ltr'><strong>ego</strong></span> <span class='ocrx_word' id='word_1_71' title='bbox 1434 1080 1571 1127; x_wconf 87' lang='lat' dir='ltr'><strong>sum,</strong></span> <span class='ocrx_word' id='word_1_72' title='bbox 1601 1081 1692 1134; x_wconf 83' lang='lat' dir='ltr'><strong>ego</strong></span> <span class='ocrx_word' id='word_1_73' title='bbox 1718 1067 1843 1127; x_wconf 79' lang='lat' dir='ltr'><strong>vidi,</strong></span> <span class='ocrx_word' id='word_1_74' title='bbox 1872 1068 2002 1121; x_wconf 84' lang='lat' dir='ltr'><strong>dicit</strong></span> 
     </span>
    </p>
   </div>
   <div class='ocr_carea' id='block_1_11' title="bbox 429 1146 2002 1228">
    <p class='ocr_par' dir='ltr' id='par_1_11' title="bbox 429 1146 2002 1228">
     <span class='ocr_line' id='line_1_11' title="bbox 429 1146 2002 1228; baseline 0.01 -29"><span class='ocrx_word' id='word_1_75' title='bbox 429 1146 707 1201; x_wconf 76' lang='lat' dir='ltr'><strong>Dominus.</strong></span> <span class='ocrx_word' id='word_1_76' title='bbox 738 1147 891 1204; x_wconf 88' lang='lat' dir='ltr'><strong>Oculi</strong></span> <span class='ocrx_word' id='word_1_77' title='bbox 924 1152 1025 1204; x_wconf 90' lang='lat' dir='ltr'><strong>mei</strong></span> <span class='ocrx_word' id='word_1_78' title='bbox 1057 1156 1410 1222; x_wconf 84' lang='lat' dir='ltr'><strong>contemplati</strong></span> <span class='ocrx_word' id='word_1_79' title='bbox 1438 1168 1586 1221; x_wconf 88' lang='lat' dir='ltr'><strong>sunt,</strong></span> <span class='ocrx_word' id='word_1_80' title='bbox 1612 1161 1752 1227; x_wconf 89' lang='lat' dir='ltr'><strong>quod</strong></span> <span class='ocrx_word' id='word_1_81' title='bbox 1784 1174 1875 1214; x_wconf 89' lang='lat' dir='ltr'><strong>vos</strong></span> <span class='ocrx_word' id='word_1_82' title='bbox 1900 1174 2002 1228; x_wconf 86' lang='lat' dir='ltr'><strong>pu-</strong></span> 
     </span>
    </p>
   </div>
   <div class='ocr_carea' id='block_1_12' title="bbox 430 1239 1999 1307">
    <p class='ocr_par' dir='ltr' id='par_1_12' title="bbox 430 1239 1999 1307">
     <span class='ocr_line' id='line_1_12' title="bbox 430 1239 1999 1307; baseline 0.011 -19"><span class='ocrx_word' id='word_1_83' title='bbox 430 1239 557 1292; x_wconf 89' lang='lat' dir='ltr'><strong>tatis</strong></span> <span class='ocrx_word' id='word_1_84' title='bbox 619 1240 917 1307; x_wconf 83' lang='lat' dir='ltr'><strong>occultum,</strong></span> <span class='ocrx_word' id='word_1_85' title='bbox 972 1244 1209 1299; x_wconf 79' lang='lat' dir='ltr'><strong>tenebrae</strong></span> <span class='ocrx_word' id='word_1_86' title='bbox 1255 1246 1637 1303; x_wconf 85' lang='lat' dir='ltr'><strong>thesaurorum</strong></span> <span class='ocrx_word' id='word_1_87' title='bbox 1677 1265 1850 1305; x_wconf 80' lang='lat' dir='ltr'><strong>meam</strong></span> <span class='ocrx_word' id='word_1_88' title='bbox 1894 1266 1999 1305; x_wconf 91' lang='lat' dir='ltr'><strong>non</strong></span> 
     </span>
    </p>
   </div>
   <div class='ocr_carea' id='block_1_13' title="bbox 430 1328 2004 1410">
    <p class='ocr_par' dir='ltr' id='par_1_13' title="bbox 430 1328 2004 1410">
     <span class='ocr_line' id='line_1_13' title="bbox 430 1328 2004 1410; baseline 0.009 -29"><span class='ocrx_word' id='word_1_89' title='bbox 430 1328 640 1397; x_wconf 73' lang='lat' dir='ltr'><strong>fugiunt</strong></span> <span class='ocrx_word' id='word_1_90' title='bbox 670 1333 1083 1389; x_wconf 70' lang='lat' dir='ltr'><strong>conscientiam.</strong></span> <span class='ocrx_word' id='word_1_91' title='bbox 1120 1336 1223 1401; x_wconf 88' lang='lat' dir='ltr'><strong>Qui</strong></span> <span class='ocrx_word' id='word_1_92' title='bbox 1266 1351 1388 1391; x_wconf 85' lang='lat' dir='ltr'><strong>cum</strong></span> <span class='ocrx_word' id='word_1_93' title='bbox 1420 1341 1570 1395; x_wconf 83' lang='lat' dir='ltr'><strong>dives</strong></span> <span class='ocrx_word' id='word_1_94' title='bbox 1601 1350 1771 1405; x_wconf 89' lang='lat' dir='ltr'><strong>esset,</strong></span> <span class='ocrx_word' id='word_1_95' title='bbox 1802 1357 2004 1410; x_wconf 81' lang='lat' dir='ltr'><strong>pauper</strong></span> 
     </span>
    </p>
   </div>
   <div class='ocr_carea' id='block_1_14' title="bbox 429 1422 2003 1489">
    <p class='ocr_par' dir='ltr' id='par_1_14' title="bbox 429 1422 2003 1489">
     <span class='ocr_line' id='line_1_14' title="bbox 429 1422 2003 1489; baseline 0.011 -20"><span class='ocrx_word' id='word_1_96' title='bbox 429 1436 527 1488; x_wconf 87' lang='lat' dir='ltr'><strong>pro</strong></span> <span class='ocrx_word' id='word_1_97' title='bbox 562 1422 714 1476; x_wconf 84' lang='lat' dir='ltr'><strong>nobis</strong></span> <span class='ocrx_word' id='word_1_98' title='bbox 746 1422 923 1478; x_wconf 88' lang='lat' dir='ltr'><strong>factus</strong></span> <span class='ocrx_word' id='word_1_99' title='bbox 952 1434 1055 1489; x_wconf 88' lang='lat' dir='ltr'><strong>est,</strong></span> <span class='ocrx_word' id='word_1_100' title='bbox 1099 1442 1245 1483; x_wconf 87' lang='lat' dir='ltr'><strong>nunc</strong></span> <span class='ocrx_word' id='word_1_101' title='bbox 1288 1429 1341 1483; x_wconf 90' lang='lat' dir='ltr'><strong>in</strong></span> <span class='ocrx_word' id='word_1_102' title='bbox 1390 1432 1588 1485; x_wconf 89' lang='lat' dir='ltr'><strong>nostris</strong></span> <span class='ocrx_word' id='word_1_103' title='bbox 1628 1432 1831 1486; x_wconf 71' lang='lat' dir='ltr'><strong>divitiis</strong></span> <span class='ocrx_word' id='word_1_104' title='bbox 1883 1449 2003 1487; x_wconf 79' lang='lat' dir='ltr'><strong>cru-</strong></span> 
     </span>
    </p>
   </div>
   <div class='ocr_carea' id='block_1_15' title="bbox 432 1513 2002 1596">
    <p class='ocr_par' dir='ltr' id='par_1_15' title="bbox 432 1513 2002 1596">
     <span class='ocr_line' id='line_1_15' title="bbox 432 1513 2002 1596; baseline 0.008 -29"><span class='ocrx_word' id='word_1_105' title='bbox 432 1515 597 1568; x_wconf 81' lang='lat' dir='ltr'><strong>bes-it</strong></span> <span class='ocrx_word' id='word_1_106' title='bbox 622 1513 712 1580; x_wconf 88' lang='lat' dir='ltr'><strong>(Il</strong></span> <span class='ocrx_word' id='word_1_107' title='bbox 744 1514 868 1571; x_wconf 87' lang='lat' dir='ltr'><strong>(.‘or.</strong></span> <span class='ocrx_word' id='word_1_108' title='bbox 904 1519 1020 1588; x_wconf 86' lang='lat' dir='ltr'><strong>vn),</strong></span> <span class='ocrx_word' id='word_1_109' title='bbox 1047 1528 1101 1574; x_wconf 88' lang='lat' dir='ltr'><strong>et</strong></span> <span class='ocrx_word' id='word_1_110' title='bbox 1133 1522 1303 1589; x_wconf 56' lang='lat' dir='ltr'><strong>dicit;</strong></span> <span class='ocrx_word' id='word_1_111' title='bbox 1334 1522 1422 1577; x_wconf 77' lang='grc' dir='ltr'><strong>γα»</strong></span> <span class='ocrx_word' id='word_1_112' title='bbox 1447 1527 1588 1579; x_wconf 82' lang='lat' dir='ltr'><strong>vobis</strong></span> <span class='ocrx_word' id='word_1_113' title='bbox 1614 1526 1884 1593; x_wconf 78' lang='lat' dir='ltr'><strong>diuitibus,</strong></span> <span class='ocrx_word' id='word_1_114' title='bbox 1914 1527 2002 1596; x_wconf 86' lang='lat' dir='ltr'><strong>qui</strong></span> 
     </span>
    </p>
   </div>
   <div class='ocr_carea' id='block_1_16' title="bbox 430 1606 1767 1691">
    <p class='ocr_par' dir='ltr' id='par_1_16' title="bbox 430 1606 1767 1691">
     <span class='ocr_line' id='line_1_16' title="bbox 430 1606 1767 1691; baseline 0.013 -31"><span class='ocrx_word' id='word_1_115' title='bbox 430 1606 628 1661; x_wconf 77' lang='lat' dir='ltr'><strong>habetis</strong></span> <span class='ocrx_word' id='word_1_116' title='bbox 653 1612 1065 1666; x_wconf 85' lang='lat' dir='ltr'><strong>consolationem</strong></span> <span class='ocrx_word' id='word_1_117' title='bbox 1091 1624 1318 1670; x_wconf 80' lang='lat' dir='ltr'><strong>vestram</strong></span> <span class='ocrx_word' id='word_1_118' title='bbox 1354 1617 1507 1688; x_wconf 79' lang='lat' dir='ltr'><strong>(Luc.</strong></span> <span class='ocrx_word' id='word_1_119' title='bbox 1545 1635 1619 1685; x_wconf 81' lang='lat' dir='ltr'><strong>Vl,</strong></span> <span class='ocrx_word' id='word_1_120' title='bbox 1651 1620 1767 1691; x_wconf 61' lang='lat' dir='ltr'><strong>ﬁt).</strong></span> 
     </span>
    </p>
   </div>
   <div class='ocr_carea' id='block_1_17' title="bbox 498 1697 2002 1775">
    <p class='ocr_par' dir='ltr' id='par_1_17' title="bbox 498 1697 2002 1775">
     <span class='ocr_line' id='line_1_17' title="bbox 498 1697 2002 1775; baseline 0.007 -22"><span class='ocrx_word' id='word_1_121' title='bbox 498 1697 680 1769; x_wconf 80' lang='lat' dir='ltr'><strong>(Vers.</strong></span> <span class='ocrx_word' id='word_1_122' title='bbox 720 1702 805 1755; x_wconf 74' lang='lat' dir='ltr'><strong>lii.</strong></span> <span class='ocrx_word' id='word_1_123' title='bbox 838 1702 858 1772; x_wconf 95' lang='lat'>)</span> <span class='ocrx_word' id='word_1_124' title='bbox 902 1721 919 1754; x_wconf 85' lang='lat' dir='ltr'><strong>r</strong></span> <span class='ocrx_word' id='word_1_125' title='bbox 960 1703 1038 1758; x_wconf 88' lang='lat' dir='ltr'><strong>ite</strong></span> <span class='ocrx_word' id='word_1_126' title='bbox 1076 1705 1144 1760; x_wconf 91' lang='lat' dir='ltr'><strong>ad</strong></span> <span class='ocrx_word' id='word_1_127' title='bbox 1184 1706 1365 1762; x_wconf 90' lang='lat' dir='ltr'><strong>locum</strong></span> <span class='ocrx_word' id='word_1_128' title='bbox 1405 1724 1587 1763; x_wconf 90' lang='lat' dir='ltr'><strong>meum</strong></span> <span class='ocrx_word' id='word_1_129' title='bbox 1639 1711 1690 1764; x_wconf 88' lang='lat' dir='ltr'><strong>itt</strong></span> <span class='ocrx_word' id='word_1_130' title='bbox 1737 1710 1869 1775; x_wconf 90' lang='lat' dir='ltr'><strong>Silo,</strong></span> <span class='ocrx_word' id='word_1_131' title='bbox 1913 1710 2002 1765; x_wconf 89' lang='lat' dir='ltr'><strong>ubi</strong></span> 
     </span>
    </p>
   </div>
   <div class='ocr_carea' id='block_1_18' title="bbox 2105 522 3644 601">
    <p class='ocr_par' dir='ltr' id='par_1_18' title="bbox 2105 522 3644 601">
     <span class='ocr_line' id='line_1_18' title="bbox 2105 522 3644 601; baseline 0.009 -24"><span class='ocrx_word' id='word_1_132' title='bbox 2105 522 2208 579; x_wconf 90' lang='lat' dir='ltr'><strong>fuit</strong></span> <span class='ocrx_word' id='word_1_133' title='bbox 2233 525 2638 581; x_wconf 85' lang='lat' dir='ltr'><strong>tabernaculum</strong></span> <span class='ocrx_word' id='word_1_134' title='bbox 2668 544 2683 584; x_wconf 83' lang='lat'><strong>:</strong></span> <span class='ocrx_word' id='word_1_135' title='bbox 2708 538 2768 583; x_wconf 92' lang='lat' dir='ltr'><strong>ut</strong></span> <span class='ocrx_word' id='word_1_136' title='bbox 2793 539 3013 599; x_wconf 86' lang='lat' dir='ltr'><strong>peccata</strong></span> <span class='ocrx_word' id='word_1_137' title='bbox 3039 528 3235 585; x_wconf 84' lang='lat' dir='ltr'><strong>similia</strong></span> <span class='ocrx_word' id='word_1_138' title='bbox 3262 532 3377 601; x_wconf 89' lang='lat' dir='ltr'><strong>pari</strong></span> <span class='ocrx_word' id='word_1_139' title='bbox 3404 536 3644 591; x_wconf 85' lang='lat' dir='ltr'><strong>sententia</strong></span> 
     </span>
    </p>
   </div>
   <div class='ocr_carea' id='block_1_19' title="bbox 2105 617 3643 692">
    <p class='ocr_par' dir='ltr' id='par_1_19' title="bbox 2105 617 3643 692">
     <span class='ocr_line' id='line_1_19' title="bbox 2105 617 3643 692; baseline 0.007 -22"><span class='ocrx_word' id='word_1_140' title='bbox 2105 617 2391 671; x_wconf 81' lang='lat' dir='ltr'><strong>feriantur.</strong></span> <span class='ocrx_word' id='word_1_141' title='bbox 2443 617 2511 672; x_wconf 85' lang='lat' dir='ltr'><strong>Et</strong></span> <span class='ocrx_word' id='word_1_142' title='bbox 2560 621 2830 687; x_wconf 90' lang='lat' dir='ltr'><strong>quomodo</strong></span> <span class='ocrx_word' id='word_1_143' title='bbox 2884 621 3115 692; x_wconf 75' lang='lat' dir='ltr'><strong>proiecit</strong></span> <span class='ocrx_word' id='word_1_144' title='bbox 3170 622 3433 680; x_wconf 82' lang='lat' dir='ltr'><strong>Dominus</strong></span> <span class='ocrx_word' id='word_1_145' title='bbox 3491 641 3643 682; x_wconf 84' lang='lat' dir='ltr'><strong>semen</strong></span> 
     </span>
    </p>
   </div>
   <div class='ocr_carea' id='block_1_20' title="bbox 2104 704 3647 780">
    <p class='ocr_par' dir='ltr' id='par_1_20' title="bbox 2104 704 3647 780">
     <span class='ocr_line' id='line_1_20' title="bbox 2104 704 3647 780; baseline 0.005 -19"><span class='ocrx_word' id='word_1_146' title='bbox 2104 707 2388 773; x_wconf 68' lang='lat' dir='ltr'><strong>Ephraim,</strong></span> <span class='ocrx_word' id='word_1_147' title='bbox 2442 704 2495 762; x_wconf 91' lang='lat' dir='ltr'><strong>id</strong></span> <span class='ocrx_word' id='word_1_148' title='bbox 2546 717 2650 775; x_wconf 89' lang='lat' dir='ltr'><strong>est,</strong></span> <span class='ocrx_word' id='word_1_149' title='bbox 2701 708 2891 765; x_wconf 87' lang='lat' dir='ltr'><strong>decem</strong></span> <span class='ocrx_word' id='word_1_150' title='bbox 2948 710 3122 767; x_wconf 88' lang='lat' dir='ltr'><strong>tribus</strong></span> <span class='ocrx_word' id='word_1_151' title='bbox 3170 725 3291 780; x_wconf 65' lang='lat' dir='ltr'><strong>quae</strong></span> <span class='ocrx_word' id='word_1_152' title='bbox 3343 713 3647 768; x_wconf 81' lang='lat' dir='ltr'><strong>vocabantur</strong></span> 
     </span>
    </p>
   </div>
   <div class='ocr_carea' id='block_1_21' title="bbox 2103 798 3645 872">
    <p class='ocr_par' dir='ltr' id='par_1_21' title="bbox 2103 798 3645 872">
     <span class='ocr_line' id='line_1_21' title="bbox 2103 798 3645 872; baseline 0.005 -20"><span class='ocrx_word' id='word_1_153' title='bbox 2103 798 2350 861; x_wconf 69' lang='lat' dir='ltr'><strong>israel,et</strong></span> <span class='ocrx_word' id='word_1_154' title='bbox 2367 802 2645 857; x_wconf 82' lang='lat' dir='ltr'><strong>habebant</strong></span> <span class='ocrx_word' id='word_1_155' title='bbox 2664 801 2939 871; x_wconf 87' lang='lat' dir='ltr'><strong>principes</strong></span> <span class='ocrx_word' id='word_1_156' title='bbox 2960 811 3183 872; x_wconf 86' lang='lat' dir='ltr'><strong>prepter</strong></span> <span class='ocrx_word' id='word_1_157' title='bbox 3195 801 3486 858; x_wconf 78' lang='lat' dir='ltr'><strong>leroboam</strong></span> <span class='ocrx_word' id='word_1_158' title='bbox 3508 803 3645 859; x_wconf 88' lang='lat' dir='ltr'><strong>lilium</strong></span> 
     </span>
    </p>
   </div>
   <div class='ocr_carea' id='block_1_22' title="bbox 2102 889 3649 963">
    <p class='ocr_par' dir='ltr' id='par_1_22' title="bbox 2102 889 3649 963">
     <span class='ocr_line' id='line_1_22' title="bbox 2102 889 3649 963; baseline 0.003 -18"><span class='ocrx_word' id='word_1_159' title='bbox 2102 889 2315 946; x_wconf 82' lang='lat' dir='ltr'><strong>Nabatlt</strong></span> <span class='ocrx_word' id='word_1_160' title='bbox 2345 892 2412 947; x_wconf 89' lang='lat' dir='ltr'><strong>de</strong></span> <span class='ocrx_word' id='word_1_161' title='bbox 2450 894 2589 948; x_wconf 88' lang='lat' dir='ltr'><strong>tribu</strong></span> <span class='ocrx_word' id='word_1_162' title='bbox 2622 893 2905 961; x_wconf 87' lang='lat' dir='ltr'><strong>Ephraim,</strong></span> <span class='ocrx_word' id='word_1_163' title='bbox 2940 909 3060 963; x_wconf 67' lang='lat' dir='ltr'><strong>quae</strong></span> <span class='ocrx_word' id='word_1_164' title='bbox 3092 894 3280 950; x_wconf 87' lang='lat' dir='ltr'><strong>eadem</strong></span> <span class='ocrx_word' id='word_1_165' title='bbox 3311 894 3649 962; x_wconf 86' lang='lat' dir='ltr'><strong>appellabatur</strong></span> 
     </span>
    </p>
   </div>
   <div class='ocr_carea' id='block_1_23' title="bbox 2106 979 3649 1051">
    <p class='ocr_par' dir='ltr' id='par_1_23' title="bbox 2106 979 3649 1051">
     <span class='ocr_line' id='line_1_23' title="bbox 2106 979 3649 1051; baseline 0.005 -19"><span class='ocrx_word' id='word_1_166' title='bbox 2106 980 2278 1034; x_wconf 90' lang='lat' dir='ltr'><strong>tribus</strong></span> <span class='ocrx_word' id='word_1_167' title='bbox 2306 979 2508 1051; x_wconf 82' lang='lat' dir='ltr'><strong>Joseph</strong></span> <span class='ocrx_word' id='word_1_168' title='bbox 2546 1000 2563 1039; x_wconf 84' lang='lat'>:</span> <span class='ocrx_word' id='word_1_169' title='bbox 2593 986 2670 1038; x_wconf 89' lang='lat' dir='ltr'><strong>sic</strong></span> <span class='ocrx_word' id='word_1_170' title='bbox 2697 984 2858 1037; x_wconf 87' lang='lat' dir='ltr'><strong>etiam</strong></span> <span class='ocrx_word' id='word_1_171' title='bbox 2876 983 3187 1039; x_wconf 76' lang='lat' dir='ltr'><strong>Jerusalem</strong></span> <span class='ocrx_word' id='word_1_172' title='bbox 3226 994 3283 1040; x_wconf 87' lang='lat' dir='ltr'><strong>et</strong></span> <span class='ocrx_word' id='word_1_173' title='bbox 3315 986 3515 1040; x_wconf 86' lang='lat' dir='ltr'><strong>tribum</strong></span> <span class='ocrx_word' id='word_1_174' title='bbox 3536 984 3649 1041; x_wconf 82' lang='lat' dir='ltr'><strong>luda</strong></span> 
     </span>
    </p>
   </div>
   <div class='ocr_carea' id='block_1_24' title="bbox 2103 1069 3651 1148">
    <p class='ocr_par' dir='ltr' id='par_1_24' title="bbox 2103 1069 3651 1148">
     <span class='ocr_line' id='line_1_24' title="bbox 2103 1069 3651 1148; baseline 0.005 -22"><span class='ocrx_word' id='word_1_175' title='bbox 2103 1087 2228 1126; x_wconf 91' lang='lat' dir='ltr'><strong>cum</strong></span> <span class='ocrx_word' id='word_1_176' title='bbox 2260 1069 2542 1142; x_wconf 88' lang='lat' dir='ltr'><strong>Benjamin</strong></span> <span class='ocrx_word' id='word_1_177' title='bbox 2571 1090 2630 1129; x_wconf 91' lang='lat' dir='ltr'><strong>se</strong></span> <span class='ocrx_word' id='word_1_178' title='bbox 2660 1076 2997 1145; x_wconf 83' lang='lat' dir='ltr'><strong>abjecturum</strong></span> <span class='ocrx_word' id='word_1_179' title='bbox 3024 1092 3145 1131; x_wconf 91' lang='lat' dir='ltr'><strong>esse</strong></span> <span class='ocrx_word' id='word_1_180' title='bbox 3178 1085 3428 1134; x_wconf 83' lang='lat' dir='ltr'><strong>testatur.</strong></span> <span class='ocrx_word' id='word_1_181' title='bbox 3463 1080 3651 1148; x_wconf 75' lang='lat' dir='ltr'><strong>Abiecit</strong></span> 
     </span>
    </p>
   </div>
   <div class='ocr_carea' id='block_1_25' title="bbox 2107 1163 3649 1238">
    <p class='ocr_par' dir='ltr' id='par_1_25' title="bbox 2107 1163 3649 1238">
     <span class='ocr_line' id='line_1_25' title="bbox 2107 1163 3649 1238; baseline 0.004 -21"><span class='ocrx_word' id='word_1_182' title='bbox 2107 1163 2265 1233; x_wconf 82' lang='lat' dir='ltr'><strong>igitur</strong></span> <span class='ocrx_word' id='word_1_183' title='bbox 2298 1166 2431 1230; x_wconf 85' lang='lat' dir='ltr'><strong>Silo,</strong></span> <span class='ocrx_word' id='word_1_184' title='bbox 2464 1167 2776 1235; x_wconf 85' lang='lat' dir='ltr'><strong>abjecturus</strong></span> <span class='ocrx_word' id='word_1_185' title='bbox 2806 1178 2860 1223; x_wconf 92' lang='lat' dir='ltr'><strong>et</strong></span> <span class='ocrx_word' id='word_1_186' title='bbox 2889 1167 3175 1237; x_wconf 88' lang='lat' dir='ltr'><strong>Templum</strong></span> <span class='ocrx_word' id='word_1_187' title='bbox 3208 1186 3223 1226; x_wconf 92' lang='lat'>:</span> <span class='ocrx_word' id='word_1_188' title='bbox 3259 1170 3458 1238; x_wconf 78' lang='lat' dir='ltr'><strong>abiecit</strong></span> <span class='ocrx_word' id='word_1_189' title='bbox 3490 1172 3649 1226; x_wconf 87' lang='lat' dir='ltr'><strong>decem</strong></span> 
     </span>
    </p>
   </div>
   <div class='ocr_carea' id='block_1_26' title="bbox 2107 1257 3651 1332">
    <p class='ocr_par' dir='ltr' id='par_1_26' title="bbox 2107 1257 3651 1332">
     <span class='ocr_line' id='line_1_26' title="bbox 2107 1257 3651 1332; baseline 0.005 -24"><span class='ocrx_word' id='word_1_190' title='bbox 2107 1257 2299 1322; x_wconf 84' lang='lat' dir='ltr'><strong>tribus,</strong></span> <span class='ocrx_word' id='word_1_191' title='bbox 2329 1257 2633 1325; x_wconf 75' lang='lat' dir='ltr'><strong>abiecimus</strong></span> <span class='ocrx_word' id='word_1_192' title='bbox 2665 1268 2719 1313; x_wconf 88' lang='lat' dir='ltr'><strong>et</strong></span> <span class='ocrx_word' id='word_1_193' title='bbox 2748 1262 2905 1315; x_wconf 89' lang='lat' dir='ltr'><strong>duas.</strong></span> <span class='ocrx_word' id='word_1_194' title='bbox 2948 1262 3220 1331; x_wconf 82' lang='lat' dir='ltr'><strong>Quidquid</strong></span> <span class='ocrx_word' id='word_1_195' title='bbox 3254 1263 3327 1317; x_wconf 90' lang='lat' dir='ltr'><strong>illi</strong></span> <span class='ocrx_word' id='word_1_196' title='bbox 3363 1262 3556 1332; x_wconf 89' lang='lat' dir='ltr'><strong>populo</strong></span> <span class='ocrx_word' id='word_1_197' title='bbox 3584 1263 3651 1317; x_wconf 92' lang='lat' dir='ltr'><strong>di-</strong></span> 
     </span>
    </p>
   </div>
   <div class='ocr_carea' id='block_1_27' title="bbox 2105 1347 3651 1418">
    <p class='ocr_par' dir='ltr' id='par_1_27' title="bbox 2105 1347 3651 1418">
     <span class='ocr_line' id='line_1_27' title="bbox 2105 1347 3651 1418; baseline 0.005 -19"><span class='ocrx_word' id='word_1_198' title='bbox 2105 1347 2267 1411; x_wconf 87' lang='lat' dir='ltr'><strong>citur,</strong></span> <span class='ocrx_word' id='word_1_199' title='bbox 2295 1348 2661 1418; x_wconf 73' lang='lat' dir='ltr'><strong>intelligamus</strong></span> <span class='ocrx_word' id='word_1_200' title='bbox 2687 1359 2739 1404; x_wconf 90' lang='lat' dir='ltr'><strong>et</strong></span> <span class='ocrx_word' id='word_1_201' title='bbox 2764 1351 2830 1404; x_wconf 89' lang='lat' dir='ltr'><strong>de</strong></span> <span class='ocrx_word' id='word_1_202' title='bbox 2856 1351 3033 1416; x_wconf 88' lang='lat' dir='ltr'><strong>nobis,</strong></span> <span class='ocrx_word' id='word_1_203' title='bbox 3064 1354 3109 1406; x_wconf 92' lang='lat' dir='ltr'><strong>si</strong></span> <span class='ocrx_word' id='word_1_204' title='bbox 3138 1352 3333 1406; x_wconf 83' lang='lat' dir='ltr'><strong>similia</strong></span> <span class='ocrx_word' id='word_1_205' title='bbox 3367 1352 3651 1407; x_wconf 80' lang='lat' dir='ltr'><strong>fecerimus.</strong></span> 
     </span>
    </p>
   </div>
   <div class='ocr_carea' id='block_1_28' title="bbox 2180 1434 3649 1513">
    <p class='ocr_par' dir='ltr' id='par_1_28' title="bbox 2180 1434 3649 1513">
     <span class='ocr_line' id='line_1_28' title="bbox 2180 1434 3649 1513; baseline 0.005 -23"><span class='ocrx_word' id='word_1_206' title='bbox 2180 1434 2360 1508; x_wconf 80' lang='lat' dir='ltr'><strong>(Vers.</strong></span> <span class='ocrx_word' id='word_1_207' title='bbox 2395 1438 2505 1505; x_wconf 82' lang='grc'><strong>16.)</strong></span> <span class='ocrx_word' id='word_1_208' title='bbox 2538 1457 2555 1490; x_wconf 78' lang='lat' dir='ltr'><strong>t</strong></span> <span class='ocrx_word' id='word_1_209' title='bbox 2588 1438 2667 1493; x_wconf 90' lang='lat' dir='ltr'><strong>Tu</strong></span> <span class='ocrx_word' id='word_1_210' title='bbox 2697 1455 2826 1510; x_wconf 80' lang='lat' dir='ltr'><strong>ergo</strong></span> <span class='ocrx_word' id='word_1_211' title='bbox 2859 1442 2968 1498; x_wconf 89' lang='lat' dir='ltr'><strong>noli</strong></span> <span class='ocrx_word' id='word_1_212' title='bbox 2997 1458 3155 1496; x_wconf 88' lang='lat' dir='ltr'><strong>orare</strong></span> <span class='ocrx_word' id='word_1_213' title='bbox 3183 1458 3280 1512; x_wconf 92' lang='lat' dir='ltr'><strong>pro</strong></span> <span class='ocrx_word' id='word_1_214' title='bbox 3308 1443 3505 1513; x_wconf 84' lang='lat' dir='ltr'><strong>populo</strong></span> <span class='ocrx_word' id='word_1_215' title='bbox 3534 1444 3649 1498; x_wconf 91' lang='lat' dir='ltr'><strong>hoc:</strong></span> 
     </span>
    </p>
   </div>
   <div class='ocr_carea' id='block_1_29' title="bbox 2104 1530 3655 1601">
    <p class='ocr_par' dir='ltr' id='par_1_29' title="bbox 2104 1530 3655 1601">
     <span class='ocr_line' id='line_1_29' title="bbox 2104 1530 3655 1601; baseline 0.003 -17"><span class='ocrx_word' id='word_1_216' title='bbox 2104 1543 2208 1584; x_wconf 87' lang='lat' dir='ltr'><strong>nec</strong></span> <span class='ocrx_word' id='word_1_217' title='bbox 2231 1543 2481 1583; x_wconf 87' lang='lat' dir='ltr'><strong>assumas</strong></span> <span class='ocrx_word' id='word_1_218' title='bbox 2511 1545 2607 1599; x_wconf 89' lang='lat' dir='ltr'><strong>pro</strong></span> <span class='ocrx_word' id='word_1_219' title='bbox 2639 1530 2719 1585; x_wconf 90' lang='lat' dir='ltr'><strong>eis</strong></span> <span class='ocrx_word' id='word_1_220' title='bbox 2746 1532 2961 1586; x_wconf 88' lang='lat' dir='ltr'><strong>laudem</strong></span> <span class='ocrx_word' id='word_1_221' title='bbox 2990 1540 3043 1587; x_wconf 88' lang='lat' dir='ltr'><strong>et</strong></span> <span class='ocrx_word' id='word_1_222' title='bbox 3072 1535 3384 1587; x_wconf 89' lang='lat' dir='ltr'><strong>orationem</strong></span> <span class='ocrx_word' id='word_1_223' title='bbox 3420 1532 3551 1601; x_wconf 74' lang='lat' dir='ltr'><strong>(sive</strong></span> <span class='ocrx_word' id='word_1_224' title='bbox 3576 1549 3655 1589; x_wconf 88' lang='lat' dir='ltr'><strong>nec</strong></span> 
     </span>
    </p>
   </div>
   <div class='ocr_carea' id='block_1_30' title="bbox 2108 1622 3653 1696">
    <p class='ocr_par' dir='ltr' id='par_1_30' title="bbox 2108 1622 3653 1696">
     <span class='ocr_line' id='line_1_30' title="bbox 2108 1622 3653 1696; baseline 0.002 -22"><span class='ocrx_word' id='word_1_225' title='bbox 2108 1638 2283 1687; x_wconf 79' lang='lat' dir='ltr'><strong>roges,</strong></span> <span class='ocrx_word' id='word_1_226' title='bbox 2307 1630 2364 1675; x_wconf 91' lang='lat' dir='ltr'><strong>ut</strong></span> <span class='ocrx_word' id='word_1_227' title='bbox 2389 1622 2815 1677; x_wconf 70' lang='lat' dir='ltr'><strong>misericordiam</strong></span> <span class='ocrx_word' id='word_1_228' title='bbox 2842 1622 3258 1694; x_wconf 87' lang='lat' dir='ltr'><strong>consequatur).</strong></span> <span class='ocrx_word' id='word_1_229' title='bbox 3288 1623 3457 1696; x_wconf 55' lang='lat' dir='ltr'><strong>895I</strong></span> <span class='ocrx_word' id='word_1_230' title='bbox 3480 1624 3541 1678; x_wconf 83' lang='lat' dir='ltr'><strong>Et</strong></span> <span class='ocrx_word' id='word_1_231' title='bbox 3566 1641 3653 1679; x_wconf 87' lang='lat' dir='ltr'><strong>non</strong></span> 
     </span>
    </p>
   </div>
   <div class='ocr_carea' id='block_1_31' title="bbox 2106 1713 3656 1781">
    <p class='ocr_par' dir='ltr' id='par_1_31' title="bbox 2106 1713 3656 1781">
     <span class='ocr_line' id='line_1_31' title="bbox 2106 1713 3656 1781; baseline 0.003 -16"><span class='ocrx_word' id='word_1_232' title='bbox 2106 1713 2338 1766; x_wconf 86' lang='lat' dir='ltr'><strong>obsistas</strong></span> <span class='ocrx_word' id='word_1_233' title='bbox 2362 1713 2491 1766; x_wconf 87' lang='lat' dir='ltr'><strong>ntihi</strong></span> <span class='ocrx_word' id='word_1_234' title='bbox 2517 1753 2531 1777; x_wconf 94' lang='lat'><strong>,</strong></span> <span class='ocrx_word' id='word_1_235' title='bbox 2560 1714 2683 1781; x_wconf 88' lang='lat' dir='ltr'><strong>quia</strong></span> <span class='ocrx_word' id='word_1_236' title='bbox 2717 1730 2819 1767; x_wconf 92' lang='lat' dir='ltr'><strong>non</strong></span> <span class='ocrx_word' id='word_1_237' title='bbox 2847 1715 3133 1769; x_wconf 78' lang='lat' dir='ltr'><strong>exaudiam</strong></span> <span class='ocrx_word' id='word_1_238' title='bbox 3157 1727 3232 1770; x_wconf 89' lang='lat' dir='ltr'><strong>te.</strong></span> <span class='ocrx_word' id='word_1_239' title='bbox 3267 1734 3284 1766; x_wconf 71' lang='grc' dir='ltr'><strong>ι</strong></span> <span class='ocrx_word' id='word_1_240' title='bbox 3316 1713 3396 1769; x_wconf 83' lang='lat' dir='ltr'><strong>Ne</strong></span> <span class='ocrx_word' id='word_1_241' title='bbox 3429 1716 3656 1769; x_wconf 87' lang='lat' dir='ltr'><strong>videatur</strong></span> 
     </span>
    </p>
   </div>
   <div class='ocr_carea' id='block_1_32' title="bbox 429 1787 3655 1875">
    <p class='ocr_par' dir='ltr' id='par_1_32' title="bbox 429 1787 3655 1875">
     <span class='ocr_line' id='line_1_32' title="bbox 429 1787 3655 1875; baseline 0.005 -30"><span class='ocrx_word' id='word_1_242' title='bbox 429 1792 691 1847; x_wconf 84' lang='lat' dir='ltr'><strong>habitavit</strong></span> <span class='ocrx_word' id='word_1_243' title='bbox 721 1810 914 1849; x_wconf 90' lang='lat' dir='ltr'><strong>nomen</strong></span> <span class='ocrx_word' id='word_1_244' title='bbox 956 1811 1130 1851; x_wconf 90' lang='lat' dir='ltr'><strong>meum</strong></span> <span class='ocrx_word' id='word_1_245' title='bbox 1164 1813 1191 1850; x_wconf 90' lang='lat' dir='ltr'><strong>a</strong></span> <span class='ocrx_word' id='word_1_246' title='bbox 1229 1800 1517 1871; x_wconf 86' lang='lat' dir='ltr'><strong>principio,</strong></span> <span class='ocrx_word' id='word_1_247' title='bbox 1565 1810 1621 1856; x_wconf 90' lang='lat' dir='ltr'><strong>et</strong></span> <span class='ocrx_word' id='word_1_248' title='bbox 1665 1803 1844 1857; x_wconf 81' lang='lat' dir='ltr'><strong>videte</strong></span> <span class='ocrx_word' id='word_1_249' title='bbox 1881 1820 2003 1873; x_wconf 69' lang='lat' dir='ltr'><strong>qua:</strong></span> <span class='ocrx_word' id='word_1_250' title='bbox 2035 1787 2073 1838; x_wconf 69' lang='grc' dir='ltr'><strong>Β</strong></span> <span class='ocrx_word' id='word_1_251' title='bbox 2108 1817 2301 1869; x_wconf 75' lang='lat' dir='ltr'><strong>rogans</strong></span> <span class='ocrx_word' id='word_1_252' title='bbox 2362 1806 2622 1871; x_wconf 79' lang='lat' dir='ltr'><strong>propheta</strong></span> <span class='ocrx_word' id='word_1_253' title='bbox 2686 1822 2789 1858; x_wconf 87' lang='lat' dir='ltr'><strong>non</strong></span> <span class='ocrx_word' id='word_1_254' title='bbox 2869 1806 3162 1875; x_wconf 84' lang='lat' dir='ltr'><strong>impetrare</strong></span> <span class='ocrx_word' id='word_1_255' title='bbox 3216 1806 3361 1875; x_wconf 84' lang='lat' dir='ltr'><strong>quod</strong></span> <span class='ocrx_word' id='word_1_256' title='bbox 3415 1808 3655 1875; x_wconf 79' lang='lat' dir='ltr'><strong>postulat,</strong></span> 
     </span>
    </p>
   </div>
   <div class='ocr_carea' id='block_1_33' title="bbox 430 1884 1999 1960">
    <p class='ocr_par' dir='ltr' id='par_1_33' title="bbox 430 1884 1999 1960">
     <span class='ocr_line' id='line_1_33' title="bbox 430 1884 1999 1960; baseline 0.007 -22"><span class='ocrx_word' id='word_1_257' title='bbox 430 1884 651 1939; x_wconf 74' lang='lat' dir='ltr'><strong>fecerim</strong></span> <span class='ocrx_word' id='word_1_258' title='bbox 685 1887 732 1941; x_wconf 88' lang='lat' dir='ltr'><strong>ei</strong></span> <span class='ocrx_word' id='word_1_259' title='bbox 767 1898 986 1957; x_wconf 83' lang='lat' dir='ltr'><strong>propter</strong></span> <span class='ocrx_word' id='word_1_260' title='bbox 1011 1889 1274 1946; x_wconf 83' lang='lat' dir='ltr'><strong>malitiam</strong></span> <span class='ocrx_word' id='word_1_261' title='bbox 1299 1893 1482 1960; x_wconf 88' lang='lat' dir='ltr'><strong>populi</strong></span> <span class='ocrx_word' id='word_1_262' title='bbox 1511 1895 1614 1948; x_wconf 88' lang='lat' dir='ltr'><strong>mei</strong></span> <span class='ocrx_word' id='word_1_263' title='bbox 1644 1895 1828 1949; x_wconf 88' lang='lat' dir='ltr'><strong>lsrael.</strong></span> <span class='ocrx_word' id='word_1_264' title='bbox 1869 1915 1885 1947; x_wconf 80' lang='grc' dir='ltr'><strong>ι</strong></span> <span class='ocrx_word' id='word_1_265' title='bbox 1925 1896 1999 1951; x_wconf 77' lang='lat' dir='ltr'><strong>Ex</strong></span> 
     </span>
    </p>
   </div>
   <div class='ocr_carea' id='block_1_34' title="bbox 360 1980 1998 2057">
    <p class='ocr_par' dir='ltr' id='par_1_34' title="bbox 360 1980 1998 2057">
     <span class='ocr_line' id='line_1_34' title="bbox 360 1980 1998 2057; baseline 0.009 -31"><span class='ocrx_word' id='word_1_266' title='bbox 360 2039 367 2046; x_wconf 84' lang='lat'><strong>_</strong></span> <span class='ocrx_word' id='word_1_267' title='bbox 428 1980 718 2044; x_wconf 72' lang='lat' dir='ltr'><strong>przeteritis</strong></span> <span class='ocrx_word' id='word_1_268' title='bbox 740 1980 902 2034; x_wconf 85' lang='lat' dir='ltr'><strong>docet</strong></span> <span class='ocrx_word' id='word_1_269' title='bbox 926 1983 1234 2050; x_wconf 72' lang='lat' dir='ltr'><strong>prteseutia,</strong></span> <span class='ocrx_word' id='word_1_270' title='bbox 1278 1994 1332 2039; x_wconf 87' lang='lat' dir='ltr'><strong>et</strong></span> <span class='ocrx_word' id='word_1_271' title='bbox 1358 1985 1688 2051; x_wconf 87' lang='lat' dir='ltr'><strong>dicentibus,</strong></span> <span class='ocrx_word' id='word_1_272' title='bbox 1729 1988 1998 2057; x_wconf 82' lang='lat' dir='ltr'><strong>Templum</strong></span> 
     </span>
    </p>
   </div>
   <div class='ocr_carea' id='block_1_35' title="bbox 425 2068 2005 2140">
    <p class='ocr_par' dir='ltr' id='par_1_35' title="bbox 425 2068 2005 2140">
     <span class='ocr_line' id='line_1_35' title="bbox 425 2068 2005 2140; baseline 0.008 -20"><span class='ocrx_word' id='word_1_273' title='bbox 425 2068 663 2133; x_wconf 84' lang='lat' dir='ltr'><strong>Domini,</strong></span> <span class='ocrx_word' id='word_1_274' title='bbox 700 2071 948 2136; x_wconf 86' lang='lat' dir='ltr'><strong>templum</strong></span> <span class='ocrx_word' id='word_1_275' title='bbox 997 2071 1228 2134; x_wconf 86' lang='lat' dir='ltr'><strong>Domini,</strong></span> <span class='ocrx_word' id='word_1_276' title='bbox 1268 2075 1515 2140; x_wconf 84' lang='lat' dir='ltr'><strong>templum</strong></span> <span class='ocrx_word' id='word_1_277' title='bbox 1569 2076 1780 2131; x_wconf 82' lang='lat' dir='ltr'><strong>Domini</strong></span> <span class='ocrx_word' id='word_1_278' title='bbox 1812 2089 1911 2139; x_wconf 75' lang='lat' dir='ltr'><strong>est,</strong></span> <span class='ocrx_word' id='word_1_279' title='bbox 1950 2089 2005 2133; x_wconf 79' lang='lat' dir='ltr'><strong>et</strong></span> 
     </span>
    </p>
   </div>
   <div class='ocr_carea' id='block_1_36' title="bbox 426 2162 2001 2234">
    <p class='ocr_par' dir='ltr' id='par_1_36' title="bbox 426 2162 2001 2234">
     <span class='ocr_line' id='line_1_36' title="bbox 426 2162 2001 2234; baseline 0.008 -23"><span class='ocrx_word' id='word_1_280' title='bbox 426 2162 679 2228; x_wconf 68' lang='lat' dir='ltr'><strong>pretiosae</strong></span> <span class='ocrx_word' id='word_1_281' title='bbox 708 2162 901 2217; x_wconf 89' lang='lat' dir='ltr'><strong>domus</strong></span> <span class='ocrx_word' id='word_1_282' title='bbox 928 2162 1092 2233; x_wconf 77' lang='lat'><strong>893</strong></span> <span class='ocrx_word' id='word_1_283' title='bbox 1120 2163 1329 2231; x_wconf 76' lang='lat' dir='ltr'><strong>fulgure</strong></span> <span class='ocrx_word' id='word_1_284' title='bbox 1360 2168 1740 2234; x_wconf 85' lang='lat' dir='ltr'><strong>gaudentibus,</strong></span> <span class='ocrx_word' id='word_1_285' title='bbox 1766 2168 1881 2221; x_wconf 81' lang='lat' dir='ltr'><strong>Silo</strong></span> <span class='ocrx_word' id='word_1_286' title='bbox 1911 2170 2001 2223; x_wconf 91' lang='lat' dir='ltr'><strong>ubi</strong></span> 
     </span>
    </p>
   </div>
   <div class='ocr_carea' id='block_1_37' title="bbox 430 2252 1999 2325">
    <p class='ocr_par' dir='ltr' id='par_1_37' title="bbox 430 2252 1999 2325">
     <span class='ocr_line' id='line_1_37' title="bbox 430 2252 1999 2325; baseline 0.006 -21"><span class='ocrx_word' id='word_1_287' title='bbox 430 2253 665 2317; x_wconf 87' lang='lat' dir='ltr'><strong>printttm</strong></span> <span class='ocrx_word' id='word_1_288' title='bbox 693 2252 797 2307; x_wconf 91' lang='lat' dir='ltr'><strong>fuit</strong></span> <span class='ocrx_word' id='word_1_289' title='bbox 821 2253 1229 2309; x_wconf 84' lang='lat' dir='ltr'><strong>tabernaculum</strong></span> <span class='ocrx_word' id='word_1_290' title='bbox 1255 2254 1370 2317; x_wconf 86' lang='lat' dir='ltr'><strong>Dei.</strong></span> <span class='ocrx_word' id='word_1_291' title='bbox 1395 2258 1713 2311; x_wconf 82' lang='lat' dir='ltr'><strong>recordatur</strong></span> <span class='ocrx_word' id='word_1_292' title='bbox 1735 2258 1999 2325; x_wconf 70' lang='lat' dir='ltr'><strong>historiae,</strong></span> 
     </span>
    </p>
   </div>
   <div class='ocr_carea' id='block_1_38' title="bbox 424 2340 2001 2413">
    <p class='ocr_par' dir='ltr' id='par_1_38' title="bbox 424 2340 2001 2413">
     <span class='ocr_line' id='line_1_38' title="bbox 424 2340 2001 2413; baseline 0.003 -20"><span class='ocrx_word' id='word_1_293' title='bbox 424 2343 491 2396; x_wconf 79' lang='lat' dir='ltr'><strong>tle</strong></span> <span class='ocrx_word' id='word_1_294' title='bbox 521 2358 626 2412; x_wconf 91' lang='lat' dir='ltr'><strong>qua</strong></span> <span class='ocrx_word' id='word_1_295' title='bbox 660 2342 712 2396; x_wconf 90' lang='lat' dir='ltr'><strong>in</strong></span> <span class='ocrx_word' id='word_1_296' title='bbox 739 2340 955 2397; x_wconf 87' lang='lat' dir='ltr'><strong>Psalmo</strong></span> <span class='ocrx_word' id='word_1_297' title='bbox 988 2343 1245 2413; x_wconf 89' lang='lat' dir='ltr'><strong>scriptum</strong></span> <span class='ocrx_word' id='word_1_298' title='bbox 1277 2353 1361 2399; x_wconf 85' lang='lat' dir='ltr'><strong>est</strong></span> <span class='ocrx_word' id='word_1_299' title='bbox 1392 2360 1407 2401; x_wconf 87' lang='lat'><strong>:</strong></span> <span class='ocrx_word' id='word_1_300' title='bbox 1443 2343 1511 2398; x_wconf 85' lang='lat' dir='ltr'><strong>Et</strong></span> <span class='ocrx_word' id='word_1_301' title='bbox 1531 2346 1718 2413; x_wconf 75' lang='lat' dir='ltr'><strong>repulit</strong></span> <span class='ocrx_word' id='word_1_302' title='bbox 1753 2349 2001 2399; x_wconf 87' lang='lat' dir='ltr'><strong>taberna-</strong></span> 
     </span>
    </p>
   </div>
   <div class='ocr_carea' id='block_1_39' title="bbox 424 2432 2003 2508">
    <p class='ocr_par' dir='ltr' id='par_1_39' title="bbox 424 2432 2003 2508">
     <span class='ocr_line' id='line_1_39' title="bbox 424 2432 2003 2508; baseline 0.005 -23"><span class='ocrx_word' id='word_1_303' title='bbox 424 2435 600 2487; x_wconf 78' lang='lat' dir='ltr'><strong>culum</strong></span> <span class='ocrx_word' id='word_1_304' title='bbox 626 2432 740 2489; x_wconf 88' lang='lat' dir='ltr'><strong>Silo</strong></span> <span class='ocrx_word' id='word_1_305' title='bbox 763 2435 937 2503; x_wconf 86' lang='lat' dir='ltr'><strong>(Psal.</strong></span> <span class='ocrx_word' id='word_1_306' title='bbox 963 2451 1169 2503; x_wconf 78' lang='lat' dir='ltr'><strong>Lxxvu,</strong></span> <span class='ocrx_word' id='word_1_307' title='bbox 1200 2437 1314 2501; x_wconf 88' lang='lat'><strong>60).</strong></span> <span class='ocrx_word' id='word_1_308' title='bbox 1341 2435 1413 2493; x_wconf 92' lang='lat' dir='ltr'><strong>Ut</strong></span> <span class='ocrx_word' id='word_1_309' title='bbox 1438 2440 1712 2508; x_wconf 90' lang='lat' dir='ltr'><strong>quomodo</strong></span> <span class='ocrx_word' id='word_1_310' title='bbox 1738 2438 1828 2491; x_wconf 87' lang='lat' dir='ltr'><strong>ille</strong></span> <span class='ocrx_word' id='word_1_311' title='bbox 1856 2437 2003 2493; x_wconf 88' lang='lat' dir='ltr'><strong>locus</strong></span> 
     </span>
    </p>
   </div>
   <div class='ocr_carea' id='block_1_40' title="bbox 426 2527 2002 2599">
    <p class='ocr_par' dir='ltr' id='par_1_40' title="bbox 426 2527 2002 2599">
     <span class='ocr_line' id='line_1_40' title="bbox 426 2527 2002 2599; baseline 0.006 -18"><span class='ocrx_word' id='word_1_312' title='bbox 426 2527 480 2581; x_wconf 92' lang='lat' dir='ltr'><strong>in</strong></span> <span class='ocrx_word' id='word_1_313' title='bbox 511 2527 697 2581; x_wconf 90' lang='lat' dir='ltr'><strong>ruinas</strong></span> <span class='ocrx_word' id='word_1_314' title='bbox 720 2527 1047 2597; x_wconf 89' lang='lat' dir='ltr'><strong>cineresque</strong></span> <span class='ocrx_word' id='word_1_315' title='bbox 1075 2529 1352 2599; x_wconf 88' lang='lat' dir='ltr'><strong>collapsus</strong></span> <span class='ocrx_word' id='word_1_316' title='bbox 1385 2538 1491 2596; x_wconf 89' lang='lat' dir='ltr'><strong>est,</strong></span> <span class='ocrx_word' id='word_1_317' title='bbox 1527 2530 1599 2585; x_wconf 91' lang='lat' dir='ltr'><strong>ita</strong></span> <span class='ocrx_word' id='word_1_318' title='bbox 1631 2541 1683 2584; x_wconf 90' lang='lat' dir='ltr'><strong>et</strong></span> <span class='ocrx_word' id='word_1_319' title='bbox 1717 2530 2002 2598; x_wconf 80' lang='lat' dir='ltr'><strong>Templum</strong></span> 
     </span>
    </p>
   </div>
   <div class='ocr_carea' id='block_1_41' title="bbox 424 2620 2003 2690">
    <p class='ocr_par' dir='ltr' id='par_1_41' title="bbox 424 2620 2003 2690">
     <span class='ocr_line' id='line_1_41' title="bbox 424 2620 2003 2690; baseline 0.006 -16"><span class='ocrx_word' id='word_1_320' title='bbox 424 2627 665 2685; x_wconf 88' lang='lat' dir='ltr'><strong>corruat,</strong></span> <span class='ocrx_word' id='word_1_321' title='bbox 694 2635 817 2674; x_wconf 87' lang='lat' dir='ltr'><strong>cum</strong></span> <span class='ocrx_word' id='word_1_322' title='bbox 844 2620 1107 2675; x_wconf 81' lang='lat' dir='ltr'><strong>similium</strong></span> <span class='ocrx_word' id='word_1_323' title='bbox 1138 2622 1405 2677; x_wconf 87' lang='lat' dir='ltr'><strong>habitatio</strong></span> <span class='ocrx_word' id='word_1_324' title='bbox 1431 2622 1595 2676; x_wconf 89' lang='lat' dir='ltr'><strong>fuerit</strong></span> <span class='ocrx_word' id='word_1_325' title='bbox 1628 2633 2003 2690; x_wconf 81' lang='lat' dir='ltr'><strong>peccatorum.</strong></span> 
     </span>
    </p>
   </div>
   <div class='ocr_carea' id='block_1_42' title="bbox 427 2711 2004 2790">
    <p class='ocr_par' dir='ltr' id='par_1_42' title="bbox 427 2711 2004 2790">
     <span class='ocr_line' id='line_1_42' title="bbox 427 2711 2004 2790; baseline 0.005 -23"><span class='ocrx_word' id='word_1_326' title='bbox 427 2711 581 2767; x_wconf 90' lang='lat' dir='ltr'><strong>Sicut</strong></span> <span class='ocrx_word' id='word_1_327' title='bbox 611 2712 776 2785; x_wconf 80' lang='lat' dir='ltr'><strong>igitur</strong></span> <span class='ocrx_word' id='word_1_328' title='bbox 798 2712 911 2769; x_wconf 88' lang='lat' dir='ltr'><strong>Silo</strong></span> <span class='ocrx_word' id='word_1_329' title='bbox 934 2713 1142 2782; x_wconf 84' lang='lat' dir='ltr'><strong>Templi</strong></span> <span class='ocrx_word' id='word_1_330' title='bbox 1167 2715 1471 2783; x_wconf 82' lang='lat' dir='ltr'><strong>exemplum</strong></span> <span class='ocrx_word' id='word_1_331' title='bbox 1495 2723 1600 2783; x_wconf 76' lang='lat' dir='ltr'><strong>est,</strong></span> <span class='ocrx_word' id='word_1_332' title='bbox 1623 2716 1697 2775; x_wconf 81' lang='lat' dir='ltr'><strong>ita</strong></span> <span class='ocrx_word' id='word_1_333' title='bbox 1722 2720 2004 2790; x_wconf 85' lang='lat' dir='ltr'><strong>Templum</strong></span> 
     </span>
    </p>
   </div>
   <div class='ocr_carea' id='block_1_43' title="bbox 425 2805 2002 2877">
    <p class='ocr_par' dir='ltr' id='par_1_43' title="bbox 425 2805 2002 2877">
     <span class='ocr_line' id='line_1_43' title="bbox 425 2805 2002 2877; baseline 0.004 -19"><span class='ocrx_word' id='word_1_334' title='bbox 425 2805 603 2871; x_wconf 85' lang='lat' dir='ltr'><strong>nobis,</strong></span> <span class='ocrx_word' id='word_1_335' title='bbox 637 2807 854 2877; x_wconf 88' lang='lat' dir='ltr'><strong>quando</strong></span> <span class='ocrx_word' id='word_1_336' title='bbox 887 2815 1098 2876; x_wconf 90' lang='lat' dir='ltr'><strong>tempus</strong></span> <span class='ocrx_word' id='word_1_337' title='bbox 1133 2807 1410 2862; x_wconf 85' lang='lat' dir='ltr'><strong>advenerit</strong></span> <span class='ocrx_word' id='word_1_338' title='bbox 1446 2808 1593 2867; x_wconf 86' lang='lat' dir='ltr'><strong>iliius</strong></span> <span class='ocrx_word' id='word_1_339' title='bbox 1637 2815 1931 2869; x_wconf 87' lang='lat' dir='ltr'><strong>testimonii</strong></span> <span class='ocrx_word' id='word_1_340' title='bbox 1986 2827 2002 2865; x_wconf 89' lang='lat'><strong>:</strong></span> 
     </span>
    </p>
   </div>
   <div class='ocr_carea' id='block_1_44' title="bbox 424 2895 2007 2978">
    <p class='ocr_par' dir='ltr' id='par_1_44' title="bbox 424 2895 2007 2978">
     <span class='ocr_line' id='line_1_44' title="bbox 424 2895 2007 2978; baseline 0.008 -30"><span class='ocrx_word' id='word_1_341' title='bbox 424 2895 619 2963; x_wconf 78' lang='lat' dir='ltr'><strong>Putas,</strong></span> <span class='ocrx_word' id='word_1_342' title='bbox 654 2900 858 2953; x_wconf 83' lang='lat' dir='ltr'><strong>veniens</strong></span> <span class='ocrx_word' id='word_1_343' title='bbox 893 2897 1069 2956; x_wconf 85' lang='lat' dir='ltr'><strong>Filius</strong></span> <span class='ocrx_word' id='word_1_344' title='bbox 1115 2901 1344 2959; x_wconf 68' lang='lat' dir='ltr'><strong>hominis</strong></span> <span class='ocrx_word' id='word_1_345' title='bbox 1381 2906 1604 2961; x_wconf 76' lang='lat' dir='ltr'><strong>inveniet</strong></span> <span class='ocrx_word' id='word_1_346' title='bbox 1650 2906 1809 2976; x_wconf 81' lang='lat' dir='ltr'><strong>ﬁdem</strong></span> <span class='ocrx_word' id='word_1_347' title='bbox 1849 2924 2007 2978; x_wconf 86' lang='lat' dir='ltr'><strong>super</strong></span> 
     </span>
    </p>
   </div>
   <div class='ocr_carea' id='block_1_45' title="bbox 425 2989 1123 3067">
    <p class='ocr_par' dir='ltr' id='par_1_45' title="bbox 425 2989 1123 3067">
     <span class='ocr_line' id='line_1_45' title="bbox 425 2989 1123 3067; baseline 0.016 -25"><span class='ocrx_word' id='word_1_348' title='bbox 425 2999 623 3055; x_wconf 68' lang='lat' dir='ltr'><strong>terram</strong></span> <span class='ocrx_word' id='word_1_349' title='bbox 655 2989 809 3062; x_wconf 87' lang='lat' dir='ltr'><strong>(Luc.</strong></span> <span class='ocrx_word' id='word_1_350' title='bbox 841 3006 995 3062; x_wconf 81' lang='lat' dir='ltr'><strong>xvut,</strong></span> <span class='ocrx_word' id='word_1_351' title='bbox 1024 2991 1123 3067; x_wconf 60' lang='grc' dir='ltr'><strong>ενι</strong></span> 
     </span>
    </p>
   </div>
   <div class='ocr_carea' id='block_1_46' title="bbox 2106 1894 3655 1967">
    <p class='ocr_par' dir='ltr' id='par_1_46' title="bbox 2106 1894 3655 1967">
     <span class='ocr_line' id='line_1_46' title="bbox 2106 1894 3655 1967; baseline 0.004 -20"><span class='ocrx_word' id='word_1_352' title='bbox 2106 1894 2349 1964; x_wconf 74' lang='lat' dir='ltr'><strong>prtecipit</strong></span> <span class='ocrx_word' id='word_1_353' title='bbox 2387 1894 2549 1955; x_wconf 75' lang='lat' dir='ltr'><strong>Deus,</strong></span> <span class='ocrx_word' id='word_1_354' title='bbox 2586 1911 2655 1950; x_wconf 90' lang='lat' dir='ltr'><strong>ne</strong></span> <span class='ocrx_word' id='word_1_355' title='bbox 2689 1913 2785 1966; x_wconf 90' lang='lat' dir='ltr'><strong>pro</strong></span> <span class='ocrx_word' id='word_1_356' title='bbox 2820 1898 3017 1967; x_wconf 87' lang='lat' dir='ltr'><strong>populo</strong></span> <span class='ocrx_word' id='word_1_357' title='bbox 3047 1910 3357 1967; x_wconf 75' lang='lat' dir='ltr'><strong>peccatore,</strong></span> <span class='ocrx_word' id='word_1_358' title='bbox 3391 1910 3442 1955; x_wconf 86' lang='lat' dir='ltr'><strong>et</strong></span> <span class='ocrx_word' id='word_1_359' title='bbox 3480 1901 3655 1954; x_wconf 86' lang='lat' dir='ltr'><strong>nullam</strong></span> 
     </span>
    </p>
   </div>
   <div class='ocr_carea' id='block_1_47' title="bbox 2105 1987 3655 2058">
    <p class='ocr_par' dir='ltr' id='par_1_47' title="bbox 2105 1987 3655 2058">
     <span class='ocr_line' id='line_1_47' title="bbox 2105 1987 3655 2058; baseline 0.007 -23"><span class='ocrx_word' id='word_1_360' title='bbox 2105 1995 2300 2049; x_wconf 70' lang='lat' dir='ltr'><strong>agente</strong></span> <span class='ocrx_word' id='word_1_361' title='bbox 2337 1987 2734 2056; x_wconf 66' lang='lat' dir='ltr'><strong>paenitentiam,</strong></span> <span class='ocrx_word' id='word_1_362' title='bbox 2775 1989 3121 2057; x_wconf 69' lang='lat' dir='ltr'><strong>deprecetur.</strong></span> <span class='ocrx_word' id='word_1_363' title='bbox 3163 1993 3319 2058; x_wconf 87' lang='lat' dir='ltr'><strong>Quod</strong></span> <span class='ocrx_word' id='word_1_364' title='bbox 3370 2003 3548 2046; x_wconf 86' lang='lat' dir='ltr'><strong>autem</strong></span> <span class='ocrx_word' id='word_1_365' title='bbox 3585 1994 3655 2046; x_wconf 71' lang='lat' dir='ltr'><strong>dio</strong></span> 
     </span>
    </p>
   </div>
   <div class='ocr_carea' id='block_1_48' title="bbox 2105 2076 3657 2152">
    <p class='ocr_par' dir='ltr' id='par_1_48' title="bbox 2105 2076 3657 2152">
     <span class='ocr_line' id='line_1_48' title="bbox 2105 2076 3657 2152; baseline -0.003 -23"><span class='ocrx_word' id='word_1_366' title='bbox 2105 2077 2177 2129; x_wconf 83' lang='lat' dir='ltr'><strong>cit</strong></span> <span class='ocrx_word' id='word_1_367' title='bbox 2214 2093 2229 2131; x_wconf 75' lang='grc' dir='ltr'>ζ</span> <span class='ocrx_word' id='word_1_368' title='bbox 2265 2076 2331 2130; x_wconf 82' lang='grc' dir='ltr'>Ει</span> <span class='ocrx_word' id='word_1_369' title='bbox 2362 2094 2461 2130; x_wconf 88' lang='lat' dir='ltr'><strong>non</strong></span> <span class='ocrx_word' id='word_1_370' title='bbox 2494 2081 2706 2132; x_wconf 77' lang='lat' dir='ltr'><strong>resistas</strong></span> <span class='ocrx_word' id='word_1_371' title='bbox 2758 2080 2911 2145; x_wconf 65' lang='lat' dir='ltr'><strong>mihi,</strong></span> <span class='ocrx_word' id='word_1_372' title='bbox 2944 2080 3076 2139; x_wconf 77' lang='lat' dir='ltr'><strong>illud</strong></span> <span class='ocrx_word' id='word_1_373' title='bbox 3106 2084 3363 2145; x_wconf 65' lang='grc' dir='ltr'>οδιυιιιιὶι,</span> <span class='ocrx_word' id='word_1_374' title='bbox 3398 2088 3522 2152; x_wconf 59' lang='lat' dir='ltr'><strong>quia</strong></span> <span class='ocrx_word' id='word_1_375' title='bbox 3550 2100 3657 2137; x_wconf 65' lang='lat' dir='ltr'><strong>san.</strong></span> 
     </span>
    </p>
   </div>
   <div class='ocr_carea' id='block_1_49' title="bbox 2104 2172 3658 2247">
    <p class='ocr_par' dir='ltr' id='par_1_49' title="bbox 2104 2172 3658 2247">
     <span class='ocr_line' id='line_1_49' title="bbox 2104 2172 3658 2247; baseline 0.006 -27"><span class='ocrx_word' id='word_1_376' title='bbox 2104 2178 2317 2223; x_wconf 76' lang='lat' dir='ltr'><strong>rtmum</strong></span> <span class='ocrx_word' id='word_1_377' title='bbox 2360 2185 2545 2239; x_wconf 83' lang='lat' dir='ltr'><strong>preces</strong></span> <span class='ocrx_word' id='word_1_378' title='bbox 2590 2172 2682 2230; x_wconf 84' lang='lat' dir='ltr'><strong>Dei</strong></span> <span class='ocrx_word' id='word_1_379' title='bbox 2729 2172 2825 2230; x_wconf 74' lang='lat' dir='ltr'><strong>ira:</strong></span> <span class='ocrx_word' id='word_1_380' title='bbox 2872 2178 3082 2247; x_wconf 89' lang='lat' dir='ltr'><strong>possint</strong></span> <span class='ocrx_word' id='word_1_381' title='bbox 3119 2180 3397 2235; x_wconf 70' lang='lat' dir='ltr'><strong>resistere.</strong></span> <span class='ocrx_word' id='word_1_382' title='bbox 3441 2178 3588 2234; x_wconf 71' lang='lat' dir='ltr'><strong>Unde</strong></span> <span class='ocrx_word' id='word_1_383' title='bbox 3614 2188 3658 2230; x_wconf 88' lang='lat' dir='ltr'><strong>et</strong></span> 
     </span>
    </p>
   </div>
   <div class='ocr_carea' id='block_1_50' title="bbox 2109 2260 3657 2339">
    <p class='ocr_par' dir='ltr' id='par_1_50' title="bbox 2109 2260 3657 2339">
     <span class='ocr_line' id='line_1_50' title="bbox 2109 2260 3657 2339; baseline 0.012 -31"><span class='ocrx_word' id='word_1_384' title='bbox 2109 2261 2367 2314; x_wconf 85' lang='lat' dir='ltr'><strong>Dominus</strong></span> <span class='ocrx_word' id='word_1_385' title='bbox 2399 2260 2646 2333; x_wconf 80' lang='lat' dir='ltr'><strong>loquitur</strong></span> <span class='ocrx_word' id='word_1_386' title='bbox 2676 2269 2741 2321; x_wconf 91' lang='lat' dir='ltr'><strong>ad</strong></span> <span class='ocrx_word' id='word_1_387' title='bbox 2771 2266 2988 2339; x_wconf 82' lang='lat' dir='ltr'><strong>Moysen</strong></span> <span class='ocrx_word' id='word_1_388' title='bbox 3022 2281 3037 2321; x_wconf 84' lang='lat'>:</span> <span class='ocrx_word' id='word_1_389' title='bbox 3081 2268 3297 2323; x_wconf 82' lang='lat' dir='ltr'><strong>Dimitte</strong></span> <span class='ocrx_word' id='word_1_390' title='bbox 3336 2287 3439 2333; x_wconf 88' lang='lat' dir='ltr'><strong>me,</strong></span> <span class='ocrx_word' id='word_1_391' title='bbox 3470 2281 3522 2323; x_wconf 84' lang='lat' dir='ltr'><strong>ut</strong></span> <span class='ocrx_word' id='word_1_392' title='bbox 3555 2285 3657 2339; x_wconf 72' lang='lat' dir='ltr'><strong>per-</strong></span> 
     </span>
    </p>
   </div>
   <div class='ocr_carea' id='block_1_51' title="bbox 2105 2357 3658 2432">
    <p class='ocr_par' dir='ltr' id='par_1_51' title="bbox 2105 2357 3658 2432">
     <span class='ocr_line' id='line_1_51' title="bbox 2105 2357 3658 2432; baseline 0.003 -23"><span class='ocrx_word' id='word_1_393' title='bbox 2105 2357 2305 2414; x_wconf 53' lang='lat' dir='ltr'><strong>cutiant</strong></span> <span class='ocrx_word' id='word_1_394' title='bbox 2335 2359 2582 2428; x_wconf 77' lang='lat' dir='ltr'><strong>populum</strong></span> <span class='ocrx_word' id='word_1_395' title='bbox 2613 2362 2798 2426; x_wconf 88' lang='lat' dir='ltr'><strong>istum,</strong></span> <span class='ocrx_word' id='word_1_396' title='bbox 2855 2371 2903 2415; x_wconf 86' lang='lat' dir='ltr'><strong>et</strong></span> <span class='ocrx_word' id='word_1_397' title='bbox 2928 2362 3124 2431; x_wconf 79' lang='lat' dir='ltr'><strong>faciam</strong></span> <span class='ocrx_word' id='word_1_398' title='bbox 3158 2374 3205 2418; x_wconf 87' lang='lat' dir='ltr'><strong>te</strong></span> <span class='ocrx_word' id='word_1_399' title='bbox 3239 2364 3293 2417; x_wconf 88' lang='lat' dir='ltr'><strong>in</strong></span> <span class='ocrx_word' id='word_1_400' title='bbox 3328 2372 3527 2432; x_wconf 74' lang='lat' dir='ltr'><strong>gentem</strong></span> <span class='ocrx_word' id='word_1_401' title='bbox 3560 2377 3658 2413; x_wconf 83' lang='lat' dir='ltr'><strong>ma-</strong></span> 
     </span>
    </p>
   </div>
   <div class='ocr_carea' id='block_1_52' title="bbox 2109 2450 3659 2523">
    <p class='ocr_par' dir='ltr' id='par_1_52' title="bbox 2109 2450 3659 2523">
     <span class='ocr_line' id='line_1_52' title="bbox 2109 2450 3659 2523; baseline 0.001 -20"><span class='ocrx_word' id='word_1_402' title='bbox 2109 2463 2264 2522; x_wconf 82' lang='lat' dir='ltr'><strong>gnam</strong></span> <span class='ocrx_word' id='word_1_403' title='bbox 2302 2450 2498 2508; x_wconf 68' lang='lat' dir='ltr'><strong>(izaod.</strong></span> <span class='ocrx_word' id='word_1_404' title='bbox 2537 2467 2704 2518; x_wconf 77' lang='lat' dir='ltr'><strong>xxxii,</strong></span> <span class='ocrx_word' id='word_1_405' title='bbox 2738 2452 2850 2523; x_wconf 80' lang='lat' dir='ltr'><strong>ill).</strong></span> <span class='ocrx_word' id='word_1_406' title='bbox 2885 2455 2947 2507; x_wconf 86' lang='lat' dir='ltr'><strong>Et</strong></span> <span class='ocrx_word' id='word_1_407' title='bbox 2979 2453 3031 2508; x_wconf 91' lang='lat' dir='ltr'><strong>in</strong></span> <span class='ocrx_word' id='word_1_408' title='bbox 3067 2453 3304 2509; x_wconf 82' lang='lat' dir='ltr'><strong>Psalmis</strong></span> <span class='ocrx_word' id='word_1_409' title='bbox 3340 2455 3568 2522; x_wconf 81' lang='lat' dir='ltr'><strong>legitur:</strong></span> <span class='ocrx_word' id='word_1_410' title='bbox 3600 2452 3659 2506; x_wconf 86' lang='lat' dir='ltr'><strong>Et</strong></span> 
     </span>
    </p>
   </div>
   <div class='ocr_carea' id='block_1_53' title="bbox 2106 2544 3658 2616">
    <p class='ocr_par' dir='ltr' id='par_1_53' title="bbox 2106 2544 3658 2616">
     <span class='ocr_line' id='line_1_53' title="bbox 2106 2544 3658 2616; baseline -0.001 -18"><span class='ocrx_word' id='word_1_411' title='bbox 2106 2544 2250 2599; x_wconf 86' lang='lat' dir='ltr'><strong>stetit</strong></span> <span class='ocrx_word' id='word_1_412' title='bbox 2283 2544 2503 2599; x_wconf 73' lang='lat' dir='ltr'><strong>Phineas</strong></span> <span class='ocrx_word' id='word_1_413' title='bbox 2551 2554 2599 2599; x_wconf 88' lang='lat' dir='ltr'><strong>et</strong></span> <span class='ocrx_word' id='word_1_414' title='bbox 2646 2545 2895 2615; x_wconf 78' lang='lat' dir='ltr'><strong>placarit,</strong></span> <span class='ocrx_word' id='word_1_415' title='bbox 2927 2557 2978 2601; x_wconf 87' lang='lat' dir='ltr'><strong>et</strong></span> <span class='ocrx_word' id='word_1_416' title='bbox 3015 2548 3240 2613; x_wconf 75' lang='lat' dir='ltr'><strong>cessavit</strong></span> <span class='ocrx_word' id='word_1_417' title='bbox 3288 2547 3577 2616; x_wconf 84' lang='lat' dir='ltr'><strong>quassatio,</strong></span> <span class='ocrx_word' id='word_1_418' title='bbox 3617 2553 3658 2596; x_wconf 75' lang='lat' dir='ltr'><strong>et</strong></span> 
     </span>
    </p>
   </div>
   <div class='ocr_carea' id='block_1_54' title="bbox 2110 2635 3656 2708">
    <p class='ocr_par' dir='ltr' id='par_1_54' title="bbox 2110 2635 3656 2708">
     <span class='ocr_line' id='line_1_54' title="bbox 2110 2635 3656 2708; baseline -0.001 -19"><span class='ocrx_word' id='word_1_419' title='bbox 2110 2645 2409 2706; x_wconf 83' lang='lat' dir='ltr'><strong>reputatnm</strong></span> <span class='ocrx_word' id='word_1_420' title='bbox 2438 2644 2512 2690; x_wconf 86' lang='lat' dir='ltr'><strong>est</strong></span> <span class='ocrx_word' id='word_1_421' title='bbox 2542 2638 2589 2689; x_wconf 83' lang='lat' dir='ltr'><strong>ei</strong></span> <span class='ocrx_word' id='word_1_422' title='bbox 2620 2635 2690 2690; x_wconf 85' lang='lat' dir='ltr'><strong>ad</strong></span> <span class='ocrx_word' id='word_1_423' title='bbox 2708 2636 2981 2705; x_wconf 82' lang='lat' dir='ltr'><strong>justitiam</strong></span> <span class='ocrx_word' id='word_1_424' title='bbox 3013 2637 3188 2708; x_wconf 86' lang='lat' dir='ltr'><strong>(Psal.</strong></span> <span class='ocrx_word' id='word_1_425' title='bbox 3228 2653 3315 2700; x_wconf 86' lang='lat' dir='ltr'><strong>cv,</strong></span> <span class='ocrx_word' id='word_1_426' title='bbox 3355 2638 3468 2707; x_wconf 83' lang='lat'><strong>’50).</strong></span> <span class='ocrx_word' id='word_1_427' title='bbox 3497 2640 3656 2691; x_wconf 86' lang='lat' dir='ltr'><strong>Aaron</strong></span> 
     </span>
    </p>
   </div>
   <div class='ocr_carea' id='block_1_55' title="bbox 2110 2726 3659 2797">
    <p class='ocr_par' dir='ltr' id='par_1_55' title="bbox 2110 2726 3659 2797">
     <span class='ocr_line' id='line_1_55' title="bbox 2110 2726 3659 2797; baseline -0.002 -17"><span class='ocrx_word' id='word_1_428' title='bbox 2110 2744 2326 2797; x_wconf 63' lang='lat' dir='ltr'><strong>quoiue</strong></span> <span class='ocrx_word' id='word_1_429' title='bbox 2352 2738 2572 2795; x_wconf 86' lang='lat' dir='ltr'><strong>arrepto</strong></span> <span class='ocrx_word' id='word_1_430' title='bbox 2610 2726 2910 2791; x_wconf 84' lang='lat' dir='ltr'><strong>tlturibulo,</strong></span> <span class='ocrx_word' id='word_1_431' title='bbox 2940 2729 3083 2781; x_wconf 82' lang='lat' dir='ltr'><strong>inter</strong></span> <span class='ocrx_word' id='word_1_432' title='bbox 3111 2729 3288 2797; x_wconf 79' lang='lat' dir='ltr'><strong>ignem</strong></span> <span class='ocrx_word' id='word_1_433' title='bbox 3323 2742 3659 2793; x_wconf 84' lang='lat' dir='ltr'><strong>arsurumque</strong></span> 
     </span>
    </p>
   </div>
   <div class='ocr_carea' id='block_1_56' title="bbox 2110 2814 3656 2890">
    <p class='ocr_par' dir='ltr' id='par_1_56' title="bbox 2110 2814 3656 2890">
     <span class='ocr_line' id='line_1_56' title="bbox 2110 2814 3656 2890; baseline -0.003 -23"><span class='ocrx_word' id='word_1_434' title='bbox 2110 2820 2365 2890; x_wconf 79' lang='lat' dir='ltr'><strong>pupulum</strong></span> <span class='ocrx_word' id='word_1_435' title='bbox 2414 2818 2623 2873; x_wconf 90' lang='lat' dir='ltr'><strong>medius</strong></span> <span class='ocrx_word' id='word_1_436' title='bbox 2657 2819 2847 2873; x_wconf 87' lang='lat' dir='ltr'><strong>stetit:</strong></span> <span class='ocrx_word' id='word_1_437' title='bbox 2881 2827 2935 2873; x_wconf 84' lang='lat' dir='ltr'><strong>et</strong></span> <span class='ocrx_word' id='word_1_438' title='bbox 2968 2817 3058 2871; x_wconf 88' lang='lat' dir='ltr'><strong>Dei</strong></span> <span class='ocrx_word' id='word_1_439' title='bbox 3092 2819 3171 2871; x_wconf 87' lang='lat' dir='ltr'><strong>ira</strong></span> <span class='ocrx_word' id='word_1_440' title='bbox 3207 2819 3445 2871; x_wconf 67' lang='lat' dir='ltr'><strong>cessavit</strong></span> <span class='ocrx_word' id='word_1_441' title='bbox 3503 2814 3656 2886; x_wconf 75' lang='lat' dir='ltr'><strong>(Nam</strong></span> 
     </span>
    </p>
   </div>
   <div class='ocr_carea' id='block_1_57' title="bbox 2108 2909 3659 2982">
    <p class='ocr_par' dir='ltr' id='par_1_57' title="bbox 2108 2909 3659 2982">
     <span class='ocr_line' id='line_1_57' title="bbox 2108 2909 3659 2982; baseline -0.005 -15"><span class='ocrx_word' id='word_1_442' title='bbox 2108 2914 2241 2979; x_wconf 78' lang='lat' dir='ltr'><strong>xu).</strong></span> <span class='ocrx_word' id='word_1_443' title='bbox 2275 2912 2349 2966; x_wconf 78' lang='lat' dir='ltr'><strong>Ac</strong></span> <span class='ocrx_word' id='word_1_444' title='bbox 2379 2927 2447 2965; x_wconf 92' lang='lat' dir='ltr'><strong>ne</strong></span> <span class='ocrx_word' id='word_1_445' title='bbox 2477 2922 2725 2982; x_wconf 90' lang='lat' dir='ltr'><strong>putemus</strong></span> <span class='ocrx_word' id='word_1_446' title='bbox 2768 2911 3142 2965; x_wconf 82' lang='lat' dir='ltr'><strong>crudelitatem</strong></span> <span class='ocrx_word' id='word_1_447' title='bbox 3181 2910 3298 2977; x_wconf 82' lang='lat' dir='ltr'><strong>Dei,</strong></span> <span class='ocrx_word' id='word_1_448' title='bbox 3330 2909 3421 2977; x_wconf 86' lang='lat' dir='ltr'><strong>qui</strong></span> <span class='ocrx_word' id='word_1_449' title='bbox 3478 2924 3539 2962; x_wconf 92' lang='lat' dir='ltr'><strong>ne</strong></span> <span class='ocrx_word' id='word_1_450' title='bbox 3581 2923 3659 2960; x_wconf 85' lang='lat' dir='ltr'><strong>ro-</strong></span> 
     </span>
    </p>
   </div>
   <div class='ocr_carea' id='block_1_58' title="bbox 2109 3002 3655 3075">
    <p class='ocr_par' dir='ltr' id='par_1_58' title="bbox 2109 3002 3655 3075">
     <span class='ocr_line' id='line_1_58' title="bbox 2109 3002 3655 3075; baseline -0.005 -17"><span class='ocrx_word' id='word_1_451' title='bbox 2109 3006 2223 3075; x_wconf 87' lang='lat' dir='ltr'><strong>gari</strong></span> <span class='ocrx_word' id='word_1_452' title='bbox 2268 3004 2486 3073; x_wconf 88' lang='lat' dir='ltr'><strong>quidem</strong></span> <span class='ocrx_word' id='word_1_453' title='bbox 2527 3019 2585 3059; x_wconf 87' lang='lat' dir='ltr'><strong>se</strong></span> <span class='ocrx_word' id='word_1_454' title='bbox 2624 3005 2929 3075; x_wconf 88' lang='lat' dir='ltr'><strong>permittat,</strong></span> <span class='ocrx_word' id='word_1_455' title='bbox 2975 3002 3153 3058; x_wconf 90' lang='lat' dir='ltr'><strong>reddit</strong></span> <span class='ocrx_word' id='word_1_456' title='bbox 3198 3016 3393 3057; x_wconf 88' lang='lat' dir='ltr'><strong>causas</strong></span> <span class='ocrx_word' id='word_1_457' title='bbox 3434 3015 3530 3056; x_wconf 87' lang='lat' dir='ltr'><strong>cur</strong></span> <span class='ocrx_word' id='word_1_458' title='bbox 3564 3013 3655 3053; x_wconf 87' lang='lat' dir='ltr'><strong>non</strong></span> 
     </span>
    </p>
   </div>
   <div class='ocr_carea' id='block_1_59' title="bbox 498 3075 2641 3183">
    <p class='ocr_par' dir='ltr' id='par_1_59' title="bbox 498 3075 2641 3183">
     <span class='ocr_line' id='line_1_59' title="bbox 498 3075 2641 3183; baseline 0.006 -46"><span class='ocrx_word' id='word_1_459' title='bbox 498 3080 680 3183; x_wconf 74' lang='lat' dir='ltr'><strong>(Vers.</strong></span> <span class='ocrx_word' id='word_1_460' title='bbox 723 3083 1018 3183; x_wconf 40' lang='lat' dir='ltr'><strong>lii-seqq.)</strong></span> <span class='ocrx_word' id='word_1_461' title='bbox 1056 3109 1075 3142; x_wconf 84' lang='grc'>‹</span> <span class='ocrx_word' id='word_1_462' title='bbox 1132 3089 1193 3144; x_wconf 85' lang='grc' dir='ltr'>Ει</span> <span class='ocrx_word' id='word_1_463' title='bbox 1228 3075 1369 3147; x_wconf 77' lang='lat' dir='ltr'><strong>nunc</strong></span> <span class='ocrx_word' id='word_1_464' title='bbox 1402 3093 1529 3162; x_wconf 87' lang='lat' dir='ltr'><strong>quia</strong></span> <span class='ocrx_word' id='word_1_465' title='bbox 1576 3093 1781 3149; x_wconf 88' lang='lat' dir='ltr'><strong>fecistis</strong></span> <span class='ocrx_word' id='word_1_466' title='bbox 1820 3094 2002 3150; x_wconf 86' lang='lat' dir='ltr'><strong>omnia</strong></span> <span class='ocrx_word' id='word_1_467' title='bbox 2032 3122 2076 3183; x_wconf 66' lang='grc' dir='ltr'>α</span> <span class='ocrx_word' id='word_1_468' title='bbox 2110 3098 2365 3154; x_wconf 77' lang='lat' dir='ltr'><strong>exaudiat</strong></span> <span class='ocrx_word' id='word_1_469' title='bbox 2393 3098 2583 3153; x_wconf 89' lang='lat' dir='ltr'><strong>dicens</strong></span> <span class='ocrx_word' id='word_1_470' title='bbox 2624 3111 2641 3150; x_wconf 91' lang='lat'>:</span> 
     </span>
    </p>
   </div>
   <div class='ocr_carea' id='block_1_60' title="bbox 426 3176 2005 3250">
    <p class='ocr_par' dir='ltr' id='par_1_60' title="bbox 426 3176 2005 3250">
     <span class='ocr_line' id='line_1_60' title="bbox 426 3176 2005 3250; baseline 0.009 -23"><span class='ocrx_word' id='word_1_471' title='bbox 426 3190 590 3244; x_wconf 87' lang='lat' dir='ltr'><strong>opera</strong></span> <span class='ocrx_word' id='word_1_472' title='bbox 625 3176 762 3247; x_wconf 62' lang='lat' dir='ltr'><strong>hate,</strong></span> <span class='ocrx_word' id='word_1_473' title='bbox 794 3178 923 3239; x_wconf 86' lang='lat' dir='ltr'><strong>dicit</strong></span> <span class='ocrx_word' id='word_1_474' title='bbox 966 3182 1251 3250; x_wconf 84' lang='lat' dir='ltr'><strong>Dominus,</strong></span> <span class='ocrx_word' id='word_1_475' title='bbox 1327 3192 1382 3239; x_wconf 87' lang='lat' dir='ltr'><strong>et</strong></span> <span class='ocrx_word' id='word_1_476' title='bbox 1417 3184 1634 3240; x_wconf 83' lang='lat' dir='ltr'><strong>locutus</strong></span> <span class='ocrx_word' id='word_1_477' title='bbox 1668 3201 1783 3240; x_wconf 89' lang='lat' dir='ltr'><strong>sum</strong></span> <span class='ocrx_word' id='word_1_478' title='bbox 1813 3186 1878 3242; x_wconf 89' lang='lat' dir='ltr'><strong>ad</strong></span> <span class='ocrx_word' id='word_1_479' title='bbox 1910 3202 2005 3242; x_wconf 87' lang='lat' dir='ltr'><strong>vos</strong></span> 
     </span>
    </p>
   </div>
   <div class='ocr_carea' id='block_1_61' title="bbox 426 3276 2008 3346">
    <p class='ocr_par' dir='ltr' id='par_1_61' title="bbox 426 3276 2008 3346">
     <span class='ocr_line' id='line_1_61' title="bbox 426 3276 2008 3346; baseline 0.002 -17"><span class='ocrx_word' id='word_1_480' title='bbox 426 3286 589 3329; x_wconf 81' lang='lat' dir='ltr'><strong>mane</strong></span> <span class='ocrx_word' id='word_1_481' title='bbox 624 3289 955 3344; x_wconf 80' lang='lat' dir='ltr'><strong>consurgens</strong></span> <span class='ocrx_word' id='word_1_482' title='bbox 996 3284 1051 3330; x_wconf 92' lang='lat' dir='ltr'><strong>et</strong></span> <span class='ocrx_word' id='word_1_483' title='bbox 1078 3276 1331 3346; x_wconf 84' lang='lat' dir='ltr'><strong>loquens,</strong></span> <span class='ocrx_word' id='word_1_484' title='bbox 1363 3286 1416 3331; x_wconf 79' lang='lat' dir='ltr'><strong>et</strong></span> <span class='ocrx_word' id='word_1_485' title='bbox 1459 3292 1566 3333; x_wconf 89' lang='lat' dir='ltr'><strong>non</strong></span> <span class='ocrx_word' id='word_1_486' title='bbox 1638 3278 1888 3343; x_wconf 87' lang='lat' dir='ltr'><strong>audistis,</strong></span> <span class='ocrx_word' id='word_1_487' title='bbox 1953 3287 2008 3332; x_wconf 91' lang='lat' dir='ltr'><strong>et</strong></span> 
     </span>
    </p>
   </div>
   <div class='ocr_carea' id='block_1_62' title="bbox 429 3367 2005 3436">
    <p class='ocr_par' dir='ltr' id='par_1_62' title="bbox 429 3367 2005 3436">
     <span class='ocr_line' id='line_1_62' title="bbox 429 3367 2005 3436; baseline 0.001 -12"><span class='ocrx_word' id='word_1_488' title='bbox 429 3368 616 3424; x_wconf 85' lang='lat' dir='ltr'><strong>vocavi</strong></span> <span class='ocrx_word' id='word_1_489' title='bbox 645 3383 758 3433; x_wconf 93' lang='lat' dir='ltr'><strong>vos,</strong></span> <span class='ocrx_word' id='word_1_490' title='bbox 778 3377 960 3421; x_wconf 90' lang='lat' dir='ltr'><strong>etnon</strong></span> <span class='ocrx_word' id='word_1_491' title='bbox 992 3368 1349 3436; x_wconf 87' lang='lat' dir='ltr'><strong>respondistis</strong></span> <span class='ocrx_word' id='word_1_492' title='bbox 1379 3384 1393 3422; x_wconf 91' lang='lat'><strong>:</strong></span> <span class='ocrx_word' id='word_1_493' title='bbox 1423 3367 1618 3423; x_wconf 88' lang='lat' dir='ltr'><strong>faciam</strong></span> <span class='ocrx_word' id='word_1_494' title='bbox 1643 3369 1827 3423; x_wconf 87' lang='lat' dir='ltr'><strong>domui</strong></span> <span class='ocrx_word' id='word_1_495' title='bbox 1859 3368 2005 3435; x_wconf 84' lang='lat' dir='ltr'><strong>huic,</strong></span> 
     </span>
    </p>
   </div>
   <div class='ocr_carea' id='block_1_63' title="bbox 432 3460 2008 3530">
    <p class='ocr_par' dir='ltr' id='par_1_63' title="bbox 432 3460 2008 3530">
     <span class='ocr_line' id='line_1_63' title="bbox 432 3460 2008 3530; baseline 0.002 -16"><span class='ocrx_word' id='word_1_496' title='bbox 432 3464 484 3520; x_wconf 82' lang='lat' dir='ltr'><strong>in</strong></span> <span class='ocrx_word' id='word_1_497' title='bbox 518 3477 619 3530; x_wconf 90' lang='lat' dir='ltr'><strong>qua</strong></span> <span class='ocrx_word' id='word_1_498' title='bbox 654 3460 960 3515; x_wconf 88' lang='lat' dir='ltr'><strong>invocatum</strong></span> <span class='ocrx_word' id='word_1_499' title='bbox 1024 3473 1108 3515; x_wconf 73' lang='grc' dir='ltr'><strong>εει</strong></span> <span class='ocrx_word' id='word_1_500' title='bbox 1141 3475 1339 3515; x_wconf 88' lang='lat' dir='ltr'><strong>nomen</strong></span> <span class='ocrx_word' id='word_1_501' title='bbox 1371 3476 1573 3524; x_wconf 91' lang='lat' dir='ltr'><strong>meum,</strong></span> <span class='ocrx_word' id='word_1_502' title='bbox 1605 3472 1659 3514; x_wconf 92' lang='lat' dir='ltr'><strong>et</strong></span> <span class='ocrx_word' id='word_1_503' title='bbox 1689 3461 1743 3515; x_wconf 91' lang='lat' dir='ltr'><strong>in</strong></span> <span class='ocrx_word' id='word_1_504' title='bbox 1780 3476 1883 3528; x_wconf 89' lang='lat' dir='ltr'><strong>qua</strong></span> <span class='ocrx_word' id='word_1_505' title='bbox 1911 3475 2008 3517; x_wconf 83' lang='lat' dir='ltr'><strong>vos</strong></span> 
     </span>
    </p>
   </div>
   <div class='ocr_carea' id='block_1_64' title="bbox 432 3550 2010 3620">
    <p class='ocr_par' dir='ltr' id='par_1_64' title="bbox 432 3550 2010 3620">
     <span class='ocr_line' id='line_1_64' title="bbox 432 3550 2010 3620; baseline -0.003 -10"><span class='ocrx_word' id='word_1_506' title='bbox 432 3552 643 3610; x_wconf 82' lang='lat' dir='ltr'><strong>habetis</strong></span> <span class='ocrx_word' id='word_1_507' title='bbox 668 3550 944 3619; x_wconf 77' lang='lat' dir='ltr'><strong>fiduciam,</strong></span> <span class='ocrx_word' id='word_1_508' title='bbox 964 3560 1015 3605; x_wconf 91' lang='lat' dir='ltr'><strong>et</strong></span> <span class='ocrx_word' id='word_1_509' title='bbox 1040 3551 1158 3606; x_wconf 92' lang='lat' dir='ltr'><strong>loco</strong></span> <span class='ocrx_word' id='word_1_510' title='bbox 1184 3565 1343 3620; x_wconf 87' lang='lat' dir='ltr'><strong>quem</strong></span> <span class='ocrx_word' id='word_1_511' title='bbox 1368 3550 1488 3604; x_wconf 91' lang='lat' dir='ltr'><strong>dedi</strong></span> <span class='ocrx_word' id='word_1_512' title='bbox 1514 3550 1672 3605; x_wconf 88' lang='lat' dir='ltr'><strong>vobis</strong></span> <span class='ocrx_word' id='word_1_513' title='bbox 1692 3560 1745 3605; x_wconf 90' lang='lat' dir='ltr'><strong>et</strong></span> <span class='ocrx_word' id='word_1_514' title='bbox 1768 3550 2010 3619; x_wconf 87' lang='lat' dir='ltr'><strong>patribus</strong></span> 
     </span>
    </p>
   </div>
   <div class='ocr_carea' id='block_1_65' title="bbox 433 3640 2010 3712">
    <p class='ocr_par' dir='ltr' id='par_1_65' title="bbox 433 3640 2010 3712">
     <span class='ocr_line' id='line_1_65' title="bbox 433 3640 2010 3712; baseline 0.001 -17"><span class='ocrx_word' id='word_1_515' title='bbox 433 3644 649 3709; x_wconf 74' lang='lat' dir='ltr'><strong>vestris,</strong></span> <span class='ocrx_word' id='word_1_516' title='bbox 683 3644 826 3699; x_wconf 79' lang='lat' dir='ltr'><strong>sicut</strong></span> <span class='ocrx_word' id='word_1_517' title='bbox 863 3641 966 3701; x_wconf 77' lang='lat' dir='ltr'><strong>ieci</strong></span> <span class='ocrx_word' id='word_1_518' title='bbox 1050 3642 1187 3709; x_wconf 89' lang='lat' dir='ltr'><strong>Silo,</strong></span> <span class='ocrx_word' id='word_1_519' title='bbox 1230 3652 1285 3697; x_wconf 83' lang='lat' dir='ltr'><strong>et</strong></span> <span class='ocrx_word' id='word_1_520' title='bbox 1332 3642 1615 3712; x_wconf 88' lang='lat' dir='ltr'><strong>projiciam</strong></span> <span class='ocrx_word' id='word_1_521' title='bbox 1654 3657 1755 3697; x_wconf 88' lang='lat' dir='ltr'><strong>vos</strong></span> <span class='ocrx_word' id='word_1_522' title='bbox 1796 3656 1829 3696; x_wconf 86' lang='lat' dir='ltr'><strong>a</strong></span> <span class='ocrx_word' id='word_1_523' title='bbox 1872 3640 2010 3697; x_wconf 89' lang='lat' dir='ltr'><strong>facie</strong></span> 
     </span>
    </p>
   </div>
   <div class='ocr_carea' id='block_1_66' title="bbox 432 3730 2008 3803">
    <p class='ocr_par' dir='ltr' id='par_1_66' title="bbox 432 3730 2008 3803">
     <span class='ocr_line' id='line_1_66' title="bbox 432 3730 2008 3803; baseline -0.003 -12"><span class='ocrx_word' id='word_1_524' title='bbox 432 3751 573 3798; x_wconf 87' lang='lat' dir='ltr'><strong>mea,</strong></span> <span class='ocrx_word' id='word_1_525' title='bbox 599 3734 741 3789; x_wconf 81' lang='lat' dir='ltr'><strong>sicut</strong></span> <span class='ocrx_word' id='word_1_526' title='bbox 762 3732 960 3803; x_wconf 84' lang='lat' dir='ltr'><strong>projeci</strong></span> <span class='ocrx_word' id='word_1_527' title='bbox 990 3747 1179 3788; x_wconf 86' lang='lat' dir='ltr'><strong>omnes</strong></span> <span class='ocrx_word' id='word_1_528' title='bbox 1209 3730 1406 3788; x_wconf 89' lang='lat' dir='ltr'><strong>fratres</strong></span> <span class='ocrx_word' id='word_1_529' title='bbox 1431 3743 1660 3797; x_wconf 71' lang='lat' dir='ltr'><strong>vestros,</strong></span> <span class='ocrx_word' id='word_1_530' title='bbox 1691 3734 2008 3791; x_wconf 87' lang='lat' dir='ltr'><strong>universum</strong></span> 
     </span>
    </p>
   </div>
   <div class='ocr_carea' id='block_1_67' title="bbox 431 3821 2008 3895">
    <p class='ocr_par' dir='ltr' id='par_1_67' title="bbox 431 3821 2008 3895">
     <span class='ocr_line' id='line_1_67' title="bbox 431 3821 2008 3895; baseline -0.001 -16"><span class='ocrx_word' id='word_1_531' title='bbox 431 3839 619 3883; x_wconf 84' lang='lat' dir='ltr'><strong>semen</strong></span> <span class='ocrx_word' id='word_1_532' title='bbox 662 3823 915 3894; x_wconf 86' lang='lat' dir='ltr'><strong>prraim</strong></span> <span class='ocrx_word' id='word_1_533' title='bbox 961 3821 1059 3894; x_wconf 89' lang='lat' dir='ltr'><strong>[al.</strong></span> <span class='ocrx_word' id='word_1_534' title='bbox 1101 3821 1309 3895; x_wconf 88' lang='lat' dir='ltr'><strong>Israel].</strong></span> <span class='ocrx_word' id='word_1_535' title='bbox 1374 3822 1486 3877; x_wconf 89' lang='lat' dir='ltr'><strong>lloc</strong></span> <span class='ocrx_word' id='word_1_536' title='bbox 1524 3828 1666 3893; x_wconf 90' lang='lat' dir='ltr'><strong>quod</strong></span> <span class='ocrx_word' id='word_1_537' title='bbox 1707 3824 2008 3893; x_wconf 86' lang='lat' dir='ltr'><strong>posuimus,</strong></span> 
     </span>
    </p>
   </div>
   <div class='ocr_carea' id='block_1_68' title="bbox 433 3913 2011 3985">
    <p class='ocr_par' dir='ltr' id='par_1_68' title="bbox 433 3913 2011 3985">
     <span class='ocr_line' id='line_1_68' title="bbox 433 3913 2011 3985; baseline 0.001 -17"><span class='ocrx_word' id='word_1_538' title='bbox 433 3932 587 3977; x_wconf 81' lang='lat' dir='ltr'><strong>mane</strong></span> <span class='ocrx_word' id='word_1_539' title='bbox 619 3930 934 3984; x_wconf 84' lang='lat' dir='ltr'><strong>consurgens</strong></span> <span class='ocrx_word' id='word_1_540' title='bbox 961 3923 1010 3967; x_wconf 89' lang='lat' dir='ltr'><strong>et</strong></span> <span class='ocrx_word' id='word_1_541' title='bbox 1041 3913 1278 3984; x_wconf 86' lang='lat' dir='ltr'><strong>loquens,</strong></span> <span class='ocrx_word' id='word_1_542' title='bbox 1306 3915 1358 3967; x_wconf 93' lang='lat' dir='ltr'><strong>in</strong></span> <span class='ocrx_word' id='word_1_543' title='bbox 1390 3913 1740 3985; x_wconf 78' lang='lat' dir='ltr'><strong>Septuaginta</strong></span> <span class='ocrx_word' id='word_1_544' title='bbox 1772 3930 1878 3968; x_wconf 88' lang='lat' dir='ltr'><strong>non</strong></span> <span class='ocrx_word' id='word_1_545' title='bbox 1913 3915 2011 3977; x_wconf 83' lang='lat' dir='ltr'><strong>ha-</strong></span> 
     </span>
    </p>
   </div>
   <div class='ocr_carea' id='block_1_69' title="bbox 433 4006 2009 4077">
    <p class='ocr_par' dir='ltr' id='par_1_69' title="bbox 433 4006 2009 4077">
     <span class='ocr_line' id='line_1_69' title="bbox 433 4006 2009 4077; baseline -0.001 -13"><span class='ocrx_word' id='word_1_546' title='bbox 433 4008 613 4064; x_wconf 85' lang='lat' dir='ltr'><strong>betur.</strong></span> <span class='ocrx_word' id='word_1_547' title='bbox 631 4006 785 4061; x_wconf 82' lang='lat' dir='ltr'><strong>Mane</strong></span> <span class='ocrx_word' id='word_1_548' title='bbox 806 4016 989 4061; x_wconf 87' lang='lat' dir='ltr'><strong>autem</strong></span> <span class='ocrx_word' id='word_1_549' title='bbox 1013 4006 1291 4077; x_wconf 78' lang='lat' dir='ltr'><strong>consurgit</strong></span> <span class='ocrx_word' id='word_1_550' title='bbox 1316 4007 1480 4071; x_wconf 87' lang='lat' dir='ltr'><strong>Deus,</strong></span> <span class='ocrx_word' id='word_1_551' title='bbox 1529 4024 1633 4063; x_wconf 92' lang='lat' dir='ltr'><strong>non</strong></span> <span class='ocrx_word' id='word_1_552' title='bbox 1657 4023 1764 4077; x_wconf 89' lang='lat' dir='ltr'><strong>quo</strong></span> <span class='ocrx_word' id='word_1_553' title='bbox 1790 4007 2009 4077; x_wconf 88' lang='lat' dir='ltr'><strong>aliquod</strong></span> 
     </span>
    </p>
   </div>
   <div class='ocr_carea' id='block_1_70' title="bbox 432 4098 2011 4168">
    <p class='ocr_par' dir='ltr' id='par_1_70' title="bbox 432 4098 2011 4168">
     <span class='ocr_line' id='line_1_70' title="bbox 432 4098 2011 4168; baseline 0 -15"><span class='ocrx_word' id='word_1_554' title='bbox 432 4101 480 4153; x_wconf 87' lang='lat' dir='ltr'><strong>ei</strong></span> <span class='ocrx_word' id='word_1_555' title='bbox 517 4110 728 4168; x_wconf 87' lang='lat' dir='ltr'><strong>tempus</strong></span> <span class='ocrx_word' id='word_1_556' title='bbox 757 4098 966 4168; x_wconf 86' lang='lat' dir='ltr'><strong>absque</strong></span> <span class='ocrx_word' id='word_1_557' title='bbox 996 4098 1236 4152; x_wconf 89' lang='lat' dir='ltr'><strong>diluculo</strong></span> <span class='ocrx_word' id='word_1_558' title='bbox 1268 4099 1371 4164; x_wconf 87' lang='lat' dir='ltr'><strong>sit;</strong></span> <span class='ocrx_word' id='word_1_559' title='bbox 1410 4102 1505 4152; x_wconf 88' lang='lat' dir='ltr'><strong>sed</strong></span> <span class='ocrx_word' id='word_1_560' title='bbox 1538 4114 1649 4167; x_wconf 86' lang='lat' dir='ltr'><strong>quo</strong></span> <span class='ocrx_word' id='word_1_561' title='bbox 1684 4109 1805 4167; x_wconf 88' lang='lat' dir='ltr'><strong>post</strong></span> <span class='ocrx_word' id='word_1_562' title='bbox 1832 4100 2011 4154; x_wconf 89' lang='lat' dir='ltr'><strong>noctis</strong></span> 
     </span>
    </p>
   </div>
   <div class='ocr_carea' id='block_1_71' title="bbox 434 4188 2012 4259">
    <p class='ocr_par' dir='ltr' id='par_1_71' title="bbox 434 4188 2012 4259">
     <span class='ocr_line' id='line_1_71' title="bbox 434 4188 2012 4259; baseline 0.001 -16"><span class='ocrx_word' id='word_1_563' title='bbox 434 4193 671 4259; x_wconf 84' lang='lat' dir='ltr'><strong>quietem</strong></span> <span class='ocrx_word' id='word_1_564' title='bbox 714 4188 920 4245; x_wconf 85' lang='lat' dir='ltr'><strong>viribus</strong></span> <span class='ocrx_word' id='word_1_565' title='bbox 960 4190 1204 4259; x_wconf 90' lang='lat' dir='ltr'><strong>corporis</strong></span> <span class='ocrx_word' id='word_1_566' title='bbox 1244 4190 1564 4245; x_wconf 84' lang='lat' dir='ltr'><strong>instauratis</strong></span> <span class='ocrx_word' id='word_1_567' title='bbox 1607 4191 1786 4243; x_wconf 85' lang='lat' dir='ltr'><strong>anima</strong></span> <span class='ocrx_word' id='word_1_568' title='bbox 1832 4190 2012 4244; x_wconf 82' lang='lat' dir='ltr'><strong>homi-</strong></span> 
     </span>
    </p>
   </div>
   <div class='ocr_carea' id='block_1_72' title="bbox 434 4280 2011 4355">
    <p class='ocr_par' dir='ltr' id='par_1_72' title="bbox 434 4280 2011 4355">
     <span class='ocr_line' id='line_1_72' title="bbox 434 4280 2011 4355; baseline 0 -18"><span class='ocrx_word' id='word_1_569' title='bbox 434 4299 565 4341; x_wconf 88' lang='lat' dir='ltr'><strong>num</strong></span> <span class='ocrx_word' id='word_1_570' title='bbox 597 4282 836 4355; x_wconf 79' lang='lat' dir='ltr'><strong>vegetior</strong></span> <span class='ocrx_word' id='word_1_571' title='bbox 862 4283 954 4347; x_wconf 88' lang='lat' dir='ltr'><strong>sit,</strong></span> <span class='ocrx_word' id='word_1_572' title='bbox 979 4292 1033 4337; x_wconf 91' lang='lat' dir='ltr'><strong>et</strong></span> <span class='ocrx_word' id='word_1_573' title='bbox 1059 4295 1405 4352; x_wconf 87' lang='lat' dir='ltr'><strong>nequaquam</strong></span> <span class='ocrx_word' id='word_1_574' title='bbox 1435 4280 1810 4349; x_wconf 90' lang='lat' dir='ltr'><strong>voluptatibus</strong></span> <span class='ocrx_word' id='word_1_575' title='bbox 1843 4296 2011 4337; x_wconf 88' lang='lat' dir='ltr'><strong>occu-</strong></span> 
     </span>
    </p>
   </div>
   <div class='ocr_carea' id='block_1_73' title="bbox 438 4374 2012 4447">
    <p class='ocr_par' dir='ltr' id='par_1_73' title="bbox 438 4374 2012 4447">
     <span class='ocr_line' id='line_1_73' title="bbox 438 4374 2012 4447; baseline 0.003 -20"><span class='ocrx_word' id='word_1_576' title='bbox 438 4386 560 4443; x_wconf 85' lang='lat' dir='ltr'><strong>pata</strong></span> <span class='ocrx_word' id='word_1_577' title='bbox 610 4376 825 4445; x_wconf 88' lang='lat' dir='ltr'><strong>cibique</strong></span> <span class='ocrx_word' id='word_1_578' title='bbox 852 4375 1148 4440; x_wconf 88' lang='lat' dir='ltr'><strong>desiderio,</strong></span> <span class='ocrx_word' id='word_1_579' title='bbox 1178 4376 1369 4430; x_wconf 88' lang='lat' dir='ltr'><strong>audire</strong></span> <span class='ocrx_word' id='word_1_580' title='bbox 1395 4383 1450 4430; x_wconf 92' lang='lat' dir='ltr'><strong>et</strong></span> <span class='ocrx_word' id='word_1_581' title='bbox 1480 4374 1661 4430; x_wconf 84' lang='lat' dir='ltr'><strong>faccre</strong></span> <span class='ocrx_word' id='word_1_582' title='bbox 1692 4376 1869 4433; x_wconf 75' lang='lat' dir='ltr'><strong>valeat</strong></span> <span class='ocrx_word' id='word_1_583' title='bbox 1894 4391 2012 4447; x_wconf 63' lang='lat' dir='ltr'><strong>qua:</strong></span> 
     </span>
    </p>
   </div>
   <div class='ocr_carea' id='block_1_74' title="bbox 2180 3184 3659 3259">
    <p class='ocr_par' dir='ltr' id='par_1_74' title="bbox 2180 3184 3659 3259">
     <span class='ocr_line' id='line_1_74' title="bbox 2180 3184 3659 3259; baseline -0.007 -14"><span class='ocrx_word' id='word_1_584' title='bbox 2180 3190 2356 3258; x_wconf 89' lang='lat' dir='ltr'><strong>(Vers.</strong></span> <span class='ocrx_word' id='word_1_585' title='bbox 2390 3191 2454 3244; x_wconf 84' lang='lat' dir='ltr'><strong>l7</strong></span> <span class='ocrx_word' id='word_1_586' title='bbox 2485 3189 2665 3259; x_wconf 87' lang='lat' dir='ltr'><strong>seqq.)</strong></span> <span class='ocrx_word' id='word_1_587' title='bbox 2701 3206 2721 3242; x_wconf 68' lang='grc' dir='ltr'><strong>ι</strong></span> <span class='ocrx_word' id='word_1_588' title='bbox 2763 3187 2959 3244; x_wconf 82' lang='lat' dir='ltr'><strong>Nonne</strong></span> <span class='ocrx_word' id='word_1_589' title='bbox 2989 3186 3144 3242; x_wconf 86' lang='lat' dir='ltr'><strong>vides</strong></span> <span class='ocrx_word' id='word_1_590' title='bbox 3173 3186 3303 3257; x_wconf 90' lang='lat' dir='ltr'><strong>quid</strong></span> <span class='ocrx_word' id='word_1_591' title='bbox 3340 3185 3427 3239; x_wconf 89' lang='lat' dir='ltr'><strong>isti</strong></span> <span class='ocrx_word' id='word_1_592' title='bbox 3478 3184 3659 3238; x_wconf 88' lang='lat' dir='ltr'><strong>taciaut</strong></span> 
     </span>
    </p>
   </div>
   <div class='ocr_carea' id='block_1_75' title="bbox 2108 3274 3658 3351">
    <p class='ocr_par' dir='ltr' id='par_1_75' title="bbox 2108 3274 3658 3351">
     <span class='ocr_line' id='line_1_75' title="bbox 2108 3274 3658 3351; baseline -0.007 -15"><span class='ocrx_word' id='word_1_593' title='bbox 2108 3282 2421 3337; x_wconf 79' lang='lat' dir='ltr'><strong>civitatibus</strong></span> <span class='ocrx_word' id='word_1_594' title='bbox 2448 3280 2610 3349; x_wconf 81' lang='lat' dir='ltr'><strong>Juda,</strong></span> <span class='ocrx_word' id='word_1_595' title='bbox 2638 3293 2694 3336; x_wconf 90' lang='lat' dir='ltr'><strong>et</strong></span> <span class='ocrx_word' id='word_1_596' title='bbox 2725 3282 2781 3335; x_wconf 91' lang='lat' dir='ltr'><strong>in</strong></span> <span class='ocrx_word' id='word_1_597' title='bbox 2809 3279 3009 3351; x_wconf 89' lang='lat' dir='ltr'><strong>plateis</strong></span> <span class='ocrx_word' id='word_1_598' title='bbox 3036 3276 3385 3335; x_wconf 77' lang='lat' dir='ltr'><strong>Jerusalem?</strong></span> <span class='ocrx_word' id='word_1_599' title='bbox 3419 3274 3533 3330; x_wconf 79' lang='lat' dir='ltr'><strong>Filii</strong></span> <span class='ocrx_word' id='word_1_600' title='bbox 3561 3274 3658 3329; x_wconf 86' lang='lat' dir='ltr'><strong>cul-</strong></span> 
     </span>
    </p>
   </div>
   <div class='ocr_carea' id='block_1_76' title="bbox 2109 3368 3658 3445">
    <p class='ocr_par' dir='ltr' id='par_1_76' title="bbox 2109 3368 3658 3445">
     <span class='ocr_line' id='line_1_76' title="bbox 2109 3368 3658 3445; baseline -0.006 -16"><span class='ocrx_word' id='word_1_601' title='bbox 2109 3376 2278 3445; x_wconf 83' lang='lat' dir='ltr'><strong>ligttnt</strong></span> <span class='ocrx_word' id='word_1_602' title='bbox 2296 3374 2459 3444; x_wconf 87' lang='lat' dir='ltr'><strong>ligna,</strong></span> <span class='ocrx_word' id='word_1_603' title='bbox 2479 3383 2534 3428; x_wconf 89' lang='lat' dir='ltr'><strong>et</strong></span> <span class='ocrx_word' id='word_1_604' title='bbox 2551 3383 2730 3444; x_wconf 86' lang='lat' dir='ltr'><strong>patres</strong></span> <span class='ocrx_word' id='word_1_605' title='bbox 2751 3372 3089 3428; x_wconf 71' lang='lat' dir='ltr'><strong>succendunt</strong></span> <span class='ocrx_word' id='word_1_606' title='bbox 3112 3372 3311 3440; x_wconf 83' lang='lat' dir='ltr'><strong>ignem,</strong></span> <span class='ocrx_word' id='word_1_607' title='bbox 3352 3380 3408 3424; x_wconf 88' lang='lat' dir='ltr'><strong>et</strong></span> <span class='ocrx_word' id='word_1_608' title='bbox 3429 3368 3658 3421; x_wconf 85' lang='lat' dir='ltr'><strong>mulieres</strong></span> 
     </span>
    </p>
   </div>
   <div class='ocr_carea' id='block_1_77' title="bbox 2109 3458 3658 3538">
    <p class='ocr_par' dir='ltr' id='par_1_77' title="bbox 2109 3458 3658 3538">
     <span class='ocr_line' id='line_1_77' title="bbox 2109 3458 3658 3538; baseline -0.009 -15"><span class='ocrx_word' id='word_1_609' title='bbox 2109 3478 2478 3538; x_wconf 78' lang='lat' dir='ltr'><strong>conspergunt</strong></span> <span class='ocrx_word' id='word_1_610' title='bbox 2504 3468 2743 3536; x_wconf 87' lang='lat' dir='ltr'><strong>adipem.</strong></span> <span class='ocrx_word' id='word_1_611' title='bbox 2773 3474 2831 3518; x_wconf 88' lang='grc' dir='ltr'><strong>ιιι</strong></span> <span class='ocrx_word' id='word_1_612' title='bbox 2861 3463 3067 3517; x_wconf 88' lang='lat' dir='ltr'><strong>faciant</strong></span> <span class='ocrx_word' id='word_1_613' title='bbox 3093 3462 3373 3532; x_wconf 89' lang='lat' dir='ltr'><strong>placentas</strong></span> <span class='ocrx_word' id='word_1_614' title='bbox 3406 3460 3528 3530; x_wconf 74' lang='lat' dir='ltr'><strong>(sive</strong></span> <span class='ocrx_word' id='word_1_615' title='bbox 3550 3458 3658 3512; x_wconf 80' lang='lat' dir='ltr'><strong>cha-</strong></span> 
     </span>
    </p>
   </div>
   <div class='ocr_carea' id='block_1_78' title="bbox 2109 3547 3656 3630">
    <p class='ocr_par' dir='ltr' id='par_1_78' title="bbox 2109 3547 3656 3630">
     <span class='ocr_line' id='line_1_78' title="bbox 2109 3547 3656 3630; baseline -0.008 -19"><span class='ocrx_word' id='word_1_616' title='bbox 2109 3560 2297 3630; x_wconf 88' lang='lat' dir='ltr'><strong>vonas)</strong></span> <span class='ocrx_word' id='word_1_617' title='bbox 2324 3560 2523 3628; x_wconf 72' lang='lat' dir='ltr'><strong>regium</strong></span> <span class='ocrx_word' id='word_1_618' title='bbox 2546 3558 2676 3626; x_wconf 85' lang='lat' dir='ltr'><strong>(sive</strong></span> <span class='ocrx_word' id='word_1_619' title='bbox 2706 3555 2935 3622; x_wconf 65' lang='lat' dir='ltr'><strong>militiae)</strong></span> <span class='ocrx_word' id='word_1_620' title='bbox 2960 3553 3109 3618; x_wconf 70' lang='lat' dir='ltr'><strong>cmli,</strong></span> <span class='ocrx_word' id='word_1_621' title='bbox 3136 3561 3191 3607; x_wconf 88' lang='lat' dir='ltr'><strong>et</strong></span> <span class='ocrx_word' id='word_1_622' title='bbox 3220 3552 3393 3607; x_wconf 87' lang='lat' dir='ltr'><strong>libent</strong></span> <span class='ocrx_word' id='word_1_623' title='bbox 3421 3550 3520 3605; x_wconf 89' lang='lat' dir='ltr'><strong>diis</strong></span> <span class='ocrx_word' id='word_1_624' title='bbox 3545 3547 3656 3601; x_wconf 83' lang='lat' dir='ltr'><strong>alie-</strong></span> 
     </span>
    </p>
   </div>
   <div class='ocr_carea' id='block_1_79' title="bbox 2111 3637 3655 3715">
    <p class='ocr_par' dir='ltr' id='par_1_79' title="bbox 2111 3637 3655 3715">
     <span class='ocr_line' id='line_1_79' title="bbox 2111 3637 3655 3715; baseline -0.01 -11"><span class='ocrx_word' id='word_1_625' title='bbox 2111 3651 2217 3715; x_wconf 85' lang='lat' dir='ltr'><strong>nis,</strong></span> <span class='ocrx_word' id='word_1_626' title='bbox 2264 3658 2318 3703; x_wconf 89' lang='lat' dir='ltr'><strong>et</strong></span> <span class='ocrx_word' id='word_1_627' title='bbox 2376 3662 2464 3703; x_wconf 90' lang='lat' dir='ltr'><strong>me</strong></span> <span class='ocrx_word' id='word_1_628' title='bbox 2506 3649 2574 3702; x_wconf 91' lang='lat' dir='ltr'><strong>ad</strong></span> <span class='ocrx_word' id='word_1_629' title='bbox 2636 3646 2971 3701; x_wconf 88' lang='lat' dir='ltr'><strong>iracundiam</strong></span> <span class='ocrx_word' id='word_1_630' title='bbox 3028 3652 3354 3713; x_wconf 88' lang='lat' dir='ltr'><strong>provocent.</strong></span> <span class='ocrx_word' id='word_1_631' title='bbox 3410 3637 3655 3709; x_wconf 80' lang='lat' dir='ltr'><strong>Numquid</strong></span> 
     </span>
    </p>
   </div>
   <div class='ocr_carea' id='block_1_80' title="bbox 2112 3733 3655 3808">
    <p class='ocr_par' dir='ltr' id='par_1_80' title="bbox 2112 3733 3655 3808">
     <span class='ocr_line' id='line_1_80' title="bbox 2112 3733 3655 3808; baseline -0.009 -11"><span class='ocrx_word' id='word_1_632' title='bbox 2112 3757 2201 3797; x_wconf 88' lang='lat' dir='ltr'><strong>me</strong></span> <span class='ocrx_word' id='word_1_633' title='bbox 2277 3742 2342 3796; x_wconf 89' lang='lat' dir='ltr'><strong>ad</strong></span> <span class='ocrx_word' id='word_1_634' title='bbox 2409 3738 2755 3795; x_wconf 86' lang='lat' dir='ltr'><strong>iracundiam</strong></span> <span class='ocrx_word' id='word_1_635' title='bbox 2810 3734 3150 3808; x_wconf 74' lang='lat' dir='ltr'><strong>provocant?</strong></span> <span class='ocrx_word' id='word_1_636' title='bbox 3206 3734 3343 3789; x_wconf 90' lang='lat' dir='ltr'><strong>dicit</strong></span> <span class='ocrx_word' id='word_1_637' title='bbox 3406 3733 3655 3787; x_wconf 84' lang='lat' dir='ltr'><strong>Dominus.</strong></span> 
     </span>
    </p>
   </div>
   <div class='ocr_carea' id='block_1_81' title="bbox 2110 3820 3651 3899">
    <p class='ocr_par' dir='ltr' id='par_1_81' title="bbox 2110 3820 3651 3899">
     <span class='ocr_line' id='line_1_81' title="bbox 2110 3820 3651 3899; baseline -0.008 -15"><span class='ocrx_word' id='word_1_638' title='bbox 2110 3830 2301 3886; x_wconf 81' lang='lat' dir='ltr'><strong>Nonne</strong></span> <span class='ocrx_word' id='word_1_639' title='bbox 2346 3830 2677 3899; x_wconf 87' lang='lat' dir='ltr'><strong>semetipsos</strong></span> <span class='ocrx_word' id='word_1_640' title='bbox 2723 3829 2779 3881; x_wconf 90' lang='lat' dir='ltr'><strong>in</strong></span> <span class='ocrx_word' id='word_1_641' title='bbox 2823 3824 3199 3881; x_wconf 85' lang='lat' dir='ltr'><strong>confusionem</strong></span> <span class='ocrx_word' id='word_1_642' title='bbox 3248 3823 3433 3877; x_wconf 87' lang='lat' dir='ltr'><strong>vultus</strong></span> <span class='ocrx_word' id='word_1_643' title='bbox 3484 3820 3596 3877; x_wconf 78' lang='lat' dir='ltr'><strong>sui!</strong></span> <span class='ocrx_word' id='word_1_644' title='bbox 3636 3839 3651 3871; x_wconf 77' lang='grc' dir='ltr'><strong>ι</strong></span> 
     </span>
    </p>
   </div>
   <div class='ocr_carea' id='block_1_82' title="bbox 2116 3915 3649 3990">
    <p class='ocr_par' dir='ltr' id='par_1_82' title="bbox 2116 3915 3649 3990">
     <span class='ocr_line' id='line_1_82' title="bbox 2116 3915 3649 3990; baseline -0.011 -11"><span class='ocrx_word' id='word_1_645' title='bbox 2116 3922 2227 3985; x_wconf 82' lang='lat' dir='ltr'><strong>Vis,</strong></span> <span class='ocrx_word' id='word_1_646' title='bbox 2272 3922 2468 3990; x_wconf 86' lang='lat' dir='ltr'><strong>inquit,</strong></span> <span class='ocrx_word' id='word_1_647' title='bbox 2514 3920 2725 3983; x_wconf 82' lang='lat' dir='ltr'><strong>audire,</strong></span> <span class='ocrx_word' id='word_1_648' title='bbox 2790 3922 3073 3988; x_wconf 86' lang='lat' dir='ltr'><strong>propheta,</strong></span> <span class='ocrx_word' id='word_1_649' title='bbox 3116 3932 3214 3971; x_wconf 92' lang='lat' dir='ltr'><strong>cur</strong></span> <span class='ocrx_word' id='word_1_650' title='bbox 3258 3915 3357 3969; x_wconf 90' lang='lat' dir='ltr'><strong>tibi</strong></span> <span class='ocrx_word' id='word_1_651' title='bbox 3404 3915 3649 3969; x_wconf 82' lang='lat' dir='ltr'><strong>dixerim:</strong></span> 
     </span>
    </p>
   </div>
   <div class='ocr_carea' id='block_1_83' title="bbox 2116 4008 3657 4082">
    <p class='ocr_par' dir='ltr' id='par_1_83' title="bbox 2116 4008 3657 4082">
     <span class='ocr_line' id='line_1_83' title="bbox 2116 4008 3657 4082; baseline -0.007 -14"><span class='ocrx_word' id='word_1_652' title='bbox 2116 4013 2248 4069; x_wconf 86' lang='lat' dir='ltr'><strong>Noli</strong></span> <span class='ocrx_word' id='word_1_653' title='bbox 2267 4028 2424 4067; x_wconf 88' lang='lat' dir='ltr'><strong>orare</strong></span> <span class='ocrx_word' id='word_1_654' title='bbox 2447 4028 2543 4082; x_wconf 84' lang='lat' dir='ltr'><strong>pro</strong></span> <span class='ocrx_word' id='word_1_655' title='bbox 2563 4010 2755 4079; x_wconf 81' lang='lat' dir='ltr'><strong>populo</strong></span> <span class='ocrx_word' id='word_1_656' title='bbox 2775 4008 2914 4065; x_wconf 77' lang='lat' dir='ltr'><strong>hoc?</strong></span> <span class='ocrx_word' id='word_1_657' title='bbox 2939 4010 3053 4063; x_wconf 68' lang='lat' dir='ltr'><strong>haec</strong></span> <span class='ocrx_word' id='word_1_658' title='bbox 3077 4008 3284 4064; x_wconf 88' lang='lat' dir='ltr'><strong>faciunt</strong></span> <span class='ocrx_word' id='word_1_659' title='bbox 3306 4022 3431 4076; x_wconf 71' lang='lat' dir='ltr'><strong>qua:</strong></span> <span class='ocrx_word' id='word_1_660' title='bbox 3455 4019 3657 4075; x_wconf 87' lang='lat' dir='ltr'><strong>sequun-</strong></span> 
     </span>
    </p>
   </div>
   <div class='ocr_carea' id='block_1_84' title="bbox 2113 4100 3657 4172">
    <p class='ocr_par' dir='ltr' id='par_1_84' title="bbox 2113 4100 3657 4172">
     <span class='ocr_line' id='line_1_84' title="bbox 2113 4100 3657 4172; baseline -0.005 -14"><span class='ocrx_word' id='word_1_661' title='bbox 2113 4113 2203 4159; x_wconf 92' lang='lat' dir='ltr'><strong>tur</strong></span> <span class='ocrx_word' id='word_1_662' title='bbox 2232 4122 2247 4159; x_wconf 91' lang='lat'><strong>:</strong></span> <span class='ocrx_word' id='word_1_663' title='bbox 2285 4104 2352 4159; x_wconf 84' lang='lat' dir='ltr'><strong>Et</strong></span> <span class='ocrx_word' id='word_1_664' title='bbox 2386 4103 2533 4157; x_wconf 85' lang='lat' dir='ltr'><strong>intus</strong></span> <span class='ocrx_word' id='word_1_665' title='bbox 2562 4112 2617 4157; x_wconf 92' lang='lat' dir='ltr'><strong>et</strong></span> <span class='ocrx_word' id='word_1_666' title='bbox 2651 4102 2803 4168; x_wconf 86' lang='lat' dir='ltr'><strong>foris,</strong></span> <span class='ocrx_word' id='word_1_667' title='bbox 2836 4112 2890 4157; x_wconf 89' lang='lat' dir='ltr'><strong>et</strong></span> <span class='ocrx_word' id='word_1_668' title='bbox 2927 4101 2980 4155; x_wconf 83' lang='lat' dir='ltr'><strong>iit</strong></span> <span class='ocrx_word' id='word_1_669' title='bbox 3025 4100 3241 4172; x_wconf 86' lang='lat' dir='ltr'><strong>plateis,</strong></span> <span class='ocrx_word' id='word_1_670' title='bbox 3274 4110 3332 4156; x_wconf 91' lang='lat' dir='ltr'><strong>et</strong></span> <span class='ocrx_word' id='word_1_671' title='bbox 3366 4102 3421 4156; x_wconf 90' lang='lat' dir='ltr'><strong>in</strong></span> <span class='ocrx_word' id='word_1_672' title='bbox 3453 4101 3657 4156; x_wconf 79' lang='lat' dir='ltr'><strong>exitibus</strong></span> 
     </span>
    </p>
   </div>
   <div class='ocr_carea' id='block_1_85' title="bbox 2111 4195 3658 4265">
    <p class='ocr_par' dir='ltr' id='par_1_85' title="bbox 2111 4195 3658 4265">
     <span class='ocr_line' id='line_1_85' title="bbox 2111 4195 3658 4265; baseline -0.008 -12"><span class='ocrx_word' id='word_1_673' title='bbox 2111 4197 2439 4261; x_wconf 79' lang='lat' dir='ltr'><strong>Jerusalem,</strong></span> <span class='ocrx_word' id='word_1_674' title='bbox 2472 4195 2566 4250; x_wconf 81' lang='lat' dir='ltr'><strong>ﬁlii</strong></span> <span class='ocrx_word' id='word_1_675' title='bbox 2599 4195 2740 4265; x_wconf 80' lang='lat' dir='ltr'><strong>ligna</strong></span> <span class='ocrx_word' id='word_1_676' title='bbox 2771 4201 3141 4263; x_wconf 86' lang='lat' dir='ltr'><strong>comportant,</strong></span> <span class='ocrx_word' id='word_1_677' title='bbox 3167 4202 3223 4248; x_wconf 91' lang='lat' dir='ltr'><strong>et</strong></span> <span class='ocrx_word' id='word_1_678' title='bbox 3249 4200 3435 4263; x_wconf 85' lang='lat' dir='ltr'><strong>patres</strong></span> <span class='ocrx_word' id='word_1_679' title='bbox 3461 4205 3658 4248; x_wconf 84' lang='lat' dir='ltr'><strong>succen-</strong></span> 
     </span>
    </p>
   </div>
   <div class='ocr_carea' id='block_1_86' title="bbox 2080 4285 3654 4359">
    <p class='ocr_par' dir='ltr' id='par_1_86' title="bbox 2080 4285 3654 4359">
     <span class='ocr_line' id='line_1_86' title="bbox 2080 4285 3654 4359; baseline -0.009 -12"><span class='ocrx_word' id='word_1_680' title='bbox 2080 4342 2085 4347; x_wconf 87' lang='lat'><strong>.</strong></span> <span class='ocrx_word' id='word_1_681' title='bbox 2113 4290 2246 4343; x_wconf 88' lang='lat' dir='ltr'><strong>dunt</strong></span> <span class='ocrx_word' id='word_1_682' title='bbox 2282 4288 2482 4359; x_wconf 85' lang='lat' dir='ltr'><strong>ignem,</strong></span> <span class='ocrx_word' id='word_1_683' title='bbox 2525 4296 2582 4342; x_wconf 93' lang='lat' dir='ltr'><strong>et</strong></span> <span class='ocrx_word' id='word_1_684' title='bbox 2616 4287 2871 4340; x_wconf 87' lang='lat' dir='ltr'><strong>mulieres</strong></span> <span class='ocrx_word' id='word_1_685' title='bbox 2900 4293 3270 4354; x_wconf 80' lang='lat' dir='ltr'><strong>conspergunt</strong></span> <span class='ocrx_word' id='word_1_686' title='bbox 3314 4285 3525 4353; x_wconf 88' lang='lat' dir='ltr'><strong>adipem</strong></span> <span class='ocrx_word' id='word_1_687' title='bbox 3554 4298 3654 4335; x_wconf 89' lang='lat' dir='ltr'><strong>cum</strong></span> 
     </span>
    </p>
   </div>
   <div class='ocr_carea' id='block_1_87' title="bbox 2116 4376 3659 4448">
    <p class='ocr_par' dir='ltr' id='par_1_87' title="bbox 2116 4376 3659 4448">
     <span class='ocr_line' id='line_1_87' title="bbox 2116 4376 3659 4448; baseline -0.006 -13"><span class='ocrx_word' id='word_1_688' title='bbox 2116 4381 2311 4448; x_wconf 87' lang='lat' dir='ltr'><strong>farina,</strong></span> <span class='ocrx_word' id='word_1_689' title='bbox 2343 4389 2399 4435; x_wconf 87' lang='lat' dir='ltr'><strong>ut</strong></span> <span class='ocrx_word' id='word_1_690' title='bbox 2429 4380 2626 4436; x_wconf 86' lang='lat' dir='ltr'><strong>faciant</strong></span> <span class='ocrx_word' id='word_1_691' title='bbox 2656 4378 2957 4436; x_wconf 67' lang='lat' dir='ltr'><strong>cnsuoxtu‘</strong></span> <span class='ocrx_word' id='word_1_692' title='bbox 2990 4380 3203 4448; x_wconf 66' lang='lat' dir='ltr'><strong>(Dum)</strong></span> <span class='ocrx_word' id='word_1_693' title='bbox 3241 4393 3381 4448; x_wconf 88' lang='lat' dir='ltr'><strong>quas</strong></span> <span class='ocrx_word' id='word_1_694' title='bbox 3446 4392 3536 4431; x_wconf 93' lang='lat' dir='ltr'><strong>nos</strong></span> <span class='ocrx_word' id='word_1_695' title='bbox 3563 4376 3659 4445; x_wconf 84' lang='lat' dir='ltr'><strong>pla-</strong></span> 
     </span>
    </p>
   </div>
   <div class='ocr_carea' id='block_1_88' title="bbox 436 4466 3658 4540">
    <p class='ocr_par' dir='ltr' id='par_1_88' title="bbox 436 4466 3658 4540">
     <span class='ocr_line' id='line_1_88' title="bbox 436 4466 3658 4540; baseline -0.001 -19"><span class='ocrx_word' id='word_1_696' title='bbox 436 4469 711 4527; x_wconf 88' lang='lat' dir='ltr'><strong>dieuntur.</strong></span> <span class='ocrx_word' id='word_1_697' title='bbox 751 4466 902 4524; x_wconf 91' lang='lat' dir='ltr'><strong>Unde</strong></span> <span class='ocrx_word' id='word_1_698' title='bbox 936 4477 991 4523; x_wconf 91' lang='lat' dir='ltr'><strong>et</strong></span> <span class='ocrx_word' id='word_1_699' title='bbox 1025 4468 1157 4524; x_wconf 90' lang='lat' dir='ltr'><strong>illud</strong></span> <span class='ocrx_word' id='word_1_700' title='bbox 1195 4470 1246 4522; x_wconf 92' lang='lat' dir='ltr'><strong>in</strong></span> <span class='ocrx_word' id='word_1_701' title='bbox 1282 4467 1489 4536; x_wconf 89' lang='lat' dir='ltr'><strong>psalmo</strong></span> <span class='ocrx_word' id='word_1_702' title='bbox 1526 4467 1753 4538; x_wconf 85' lang='lat' dir='ltr'><strong>legimus</strong></span> <span class='ocrx_word' id='word_1_703' title='bbox 1795 4486 1809 4524; x_wconf 86' lang='lat'><strong>:</strong></span> <span class='ocrx_word' id='word_1_704' title='bbox 1849 4468 2008 4524; x_wconf 78' lang='lat' dir='ltr'><strong>Mane</strong></span> <span class='ocrx_word' id='word_1_705' title='bbox 2034 4468 2087 4526; x_wconf 89' lang='lat' dir='ltr'><strong>D</strong></span> <span class='ocrx_word' id='word_1_706' title='bbox 2113 4482 2295 4526; x_wconf 85' lang='lat' dir='ltr'><strong>centas</strong></span> <span class='ocrx_word' id='word_1_707' title='bbox 2342 4471 2683 4540; x_wconf 89' lang='lat' dir='ltr'><strong>interpretati</strong></span> <span class='ocrx_word' id='word_1_708' title='bbox 2723 4484 2934 4534; x_wconf 87' lang='lat' dir='ltr'><strong>sumus,</strong></span> <span class='ocrx_word' id='word_1_709' title='bbox 2982 4472 3096 4525; x_wconf 90' lang='lat' dir='ltr'><strong>sive</strong></span> <span class='ocrx_word' id='word_1_710' title='bbox 3143 4470 3571 4539; x_wconf 59' lang='lat' dir='ltr'><strong>praeparationes,</strong></span> <span class='ocrx_word' id='word_1_711' title='bbox 3611 4476 3658 4519; x_wconf 91' lang='lat' dir='ltr'><strong>ut</strong></span> 
     </span>
    </p>
   </div>
   <div class='ocr_carea' id='block_1_89' title="bbox 438 4558 2011 4621">
    <p class='ocr_par' dir='ltr' id='par_1_89' title="bbox 438 4558 2011 4621">
     <span class='ocr_line' id='line_1_89' title="bbox 438 4558 2011 4621; baseline 0.002 -8"><span class='ocrx_word' id='word_1_712' title='bbox 438 4559 693 4621; x_wconf 74' lang='lat' dir='ltr'><strong>exaudies</strong></span> <span class='ocrx_word' id='word_1_713' title='bbox 728 4575 903 4617; x_wconf 81' lang='lat' dir='ltr'><strong>vocem</strong></span> <span class='ocrx_word' id='word_1_714' title='bbox 938 4573 1111 4618; x_wconf 77' lang='lat' dir='ltr'><strong>meum</strong></span> <span class='ocrx_word' id='word_1_715' title='bbox 1144 4573 1166 4614; x_wconf 84' lang='lat'><strong>.&#39;</strong></span> <span class='ocrx_word' id='word_1_716' title='bbox 1200 4574 1354 4618; x_wconf 84' lang='lat' dir='ltr'><strong>mane</strong></span> <span class='ocrx_word' id='word_1_717' title='bbox 1389 4558 1574 4613; x_wconf 84' lang='lat' dir='ltr'><strong>astabo</strong></span> <span class='ocrx_word' id='word_1_718' title='bbox 1607 4561 1701 4613; x_wconf 87' lang='lat' dir='ltr'><strong>tibi</strong></span> <span class='ocrx_word' id='word_1_719' title='bbox 1743 4571 1789 4615; x_wconf 89' lang='lat' dir='ltr'><strong>et</strong></span> <span class='ocrx_word' id='word_1_720' title='bbox 1835 4562 2011 4616; x_wconf 76' lang='lat' dir='ltr'><strong>videbo</strong></span> 
     </span>
    </p>
   </div>
   <div class='ocr_carea' id='block_1_90' title="bbox 440 4648 2012 4719">
    <p class='ocr_par' dir='ltr' id='par_1_90' title="bbox 440 4648 2012 4719">
     <span class='ocr_line' id='line_1_90' title="bbox 440 4648 2012 4719; baseline 0.001 -14"><span class='ocrx_word' id='word_1_721' title='bbox 440 4651 611 4719; x_wconf 83' lang='lat' dir='ltr'><strong>(Psal.</strong></span> <span class='ocrx_word' id='word_1_722' title='bbox 643 4668 696 4715; x_wconf 84' lang='grc' dir='ltr'><strong>ν,</strong></span> <span class='ocrx_word' id='word_1_723' title='bbox 727 4651 783 4716; x_wconf 75' lang='grc'><strong>4,</strong></span> <span class='ocrx_word' id='word_1_724' title='bbox 814 4651 893 4715; x_wconf 85' lang='grc'><strong>5).</strong></span> <span class='ocrx_word' id='word_1_725' title='bbox 920 4648 986 4703; x_wconf 85' lang='grc' dir='ltr'>Ει</span> <span class='ocrx_word' id='word_1_726' title='bbox 1019 4651 1070 4704; x_wconf 92' lang='lat' dir='ltr'><strong>in</strong></span> <span class='ocrx_word' id='word_1_727' title='bbox 1105 4649 1246 4705; x_wconf 87' lang='lat' dir='ltr'><strong>lsain</strong></span> <span class='ocrx_word' id='word_1_728' title='bbox 1281 4666 1297 4703; x_wconf 87' lang='lat'><strong>:</strong></span> <span class='ocrx_word' id='word_1_729' title='bbox 1331 4649 1406 4705; x_wconf 84' lang='lat' dir='ltr'><strong>De</strong></span> <span class='ocrx_word' id='word_1_730' title='bbox 1435 4661 1604 4715; x_wconf 83' lang='lat' dir='ltr'><strong>nocte,</strong></span> <span class='ocrx_word' id='word_1_731' title='bbox 1636 4652 1750 4708; x_wconf 88' lang='lat' dir='ltr'><strong>sive</strong></span> <span class='ocrx_word' id='word_1_732' title='bbox 1778 4654 2012 4709; x_wconf 83' lang='lat' dir='ltr'><strong>diluculo</strong></span> 
     </span>
    </p>
   </div>
   <div class='ocr_carea' id='block_1_91' title="bbox 439 4743 2013 4814">
    <p class='ocr_par' dir='ltr' id='par_1_91' title="bbox 439 4743 2013 4814">
     <span class='ocr_line' id='line_1_91' title="bbox 439 4743 2013 4814; baseline 0.003 -17"><span class='ocrx_word' id='word_1_733' title='bbox 439 4754 711 4814; x_wconf 82' lang='lat' dir='ltr'><strong>consurget</strong></span> <span class='ocrx_word' id='word_1_734' title='bbox 741 4744 760 4773; x_wconf 83' lang='lat'><strong>’</strong></span> <span class='ocrx_word' id='word_1_735' title='bbox 791 4744 1005 4809; x_wconf 85' lang='lat' dir='ltr'><strong>spiritus</strong></span> <span class='ocrx_word' id='word_1_736' title='bbox 1041 4759 1184 4798; x_wconf 88' lang='lat' dir='ltr'><strong>meus</strong></span> <span class='ocrx_word' id='word_1_737' title='bbox 1213 4744 1282 4796; x_wconf 86' lang='lat' dir='ltr'><strong>ad</strong></span> <span class='ocrx_word' id='word_1_738' title='bbox 1309 4752 1377 4809; x_wconf 88' lang='lat' dir='ltr'><strong>te,</strong></span> <span class='ocrx_word' id='word_1_739' title='bbox 1413 4743 1577 4806; x_wconf 87' lang='lat' dir='ltr'><strong>Deus.</strong></span> <span class='ocrx_word' id='word_1_740' title='bbox 1637 4746 1880 4807; x_wconf 86' lang='lat' dir='ltr'><strong>quoniam</strong></span> <span class='ocrx_word' id='word_1_741' title='bbox 1920 4747 2013 4801; x_wconf 79' lang='lat' dir='ltr'><strong>tua:</strong></span> 
     </span>
    </p>
   </div>
   <div class='ocr_carea' id='block_1_92' title="bbox 439 4835 2010 4906">
    <p class='ocr_par' dir='ltr' id='par_1_92' title="bbox 439 4835 2010 4906">
     <span class='ocr_line' id='line_1_92' title="bbox 439 4835 2010 4906; baseline 0.006 -21"><span class='ocrx_word' id='word_1_742' title='bbox 439 4847 697 4903; x_wconf 74' lang='lat' dir='ltr'><strong>rrtcccpta</strong></span> <span class='ocrx_word' id='word_1_743' title='bbox 754 4846 847 4888; x_wconf 85' lang='lat' dir='ltr'><strong>tua</strong></span> <span class='ocrx_word' id='word_1_744' title='bbox 897 4850 1057 4904; x_wconf 85' lang='lat' dir='ltr'><strong>super</strong></span> <span class='ocrx_word' id='word_1_745' title='bbox 1112 4846 1307 4889; x_wconf 87' lang='lat' dir='ltr'><strong>terram</strong></span> <span class='ocrx_word' id='word_1_746' title='bbox 1355 4835 1515 4903; x_wconf 83' lang='lat' dir='ltr'><strong>(Isa.</strong></span> <span class='ocrx_word' id='word_1_747' title='bbox 1584 4853 1827 4900; x_wconf 80' lang='lat' dir='ltr'><strong>xxxvm.</strong></span> <span class='ocrx_word' id='word_1_748' title='bbox 1886 4838 2010 4906; x_wconf 78' lang='grc'><strong>19).</strong></span> 
     </span>
    </p>
   </div>
   <div class='ocr_carea' id='block_1_93' title="bbox 442 4926 2015 5000">
    <p class='ocr_par' dir='ltr' id='par_1_93' title="bbox 442 4926 2015 5000">
     <span class='ocr_line' id='line_1_93' title="bbox 442 4926 2015 5000; baseline 0 -15"><span class='ocrx_word' id='word_1_749' title='bbox 442 4932 598 4985; x_wconf 81' lang='lat' dir='ltr'><strong>Unte</strong></span> <span class='ocrx_word' id='word_1_750' title='bbox 645 4941 695 4983; x_wconf 88' lang='lat' dir='ltr'><strong>ct</strong></span> <span class='ocrx_word' id='word_1_751' title='bbox 748 4928 885 4984; x_wconf 86' lang='lat' dir='ltr'><strong>liios</strong></span> <span class='ocrx_word' id='word_1_752' title='bbox 934 4928 1068 4983; x_wconf 86' lang='lat' dir='ltr'><strong>lucis</strong></span> <span class='ocrx_word' id='word_1_753' title='bbox 1120 4926 1318 4982; x_wconf 82' lang='lat' dir='ltr'><strong>Paulus</strong></span> <span class='ocrx_word' id='word_1_754' title='bbox 1371 4927 1392 4959; x_wconf 84' lang='grc'>³</span> <span class='ocrx_word' id='word_1_755' title='bbox 1450 4930 1731 4999; x_wconf 88' lang='lat' dir='ltr'><strong>apostolus</strong></span> <span class='ocrx_word' id='word_1_756' title='bbox 1779 4931 2015 5000; x_wconf 87' lang='lat' dir='ltr'><strong>appellat</strong></span> 
     </span>
    </p>
   </div>
   <div class='ocr_carea' id='block_1_94' title="bbox 443 5018 2014 5091">
    <p class='ocr_par' dir='ltr' id='par_1_94' title="bbox 443 5018 2014 5091">
     <span class='ocr_line' id='line_1_94' title="bbox 443 5018 2014 5091; baseline 0.003 -20"><span class='ocrx_word' id='word_1_757' title='bbox 443 5020 658 5091; x_wconf 74' lang='lat' dir='ltr'><strong>(Epitos.</strong></span> <span class='ocrx_word' id='word_1_758' title='bbox 697 5022 771 5083; x_wconf 85' lang='lat'><strong>\),</strong></span> <span class='ocrx_word' id='word_1_759' title='bbox 809 5029 863 5072; x_wconf 90' lang='lat' dir='ltr'><strong>et</strong></span> <span class='ocrx_word' id='word_1_760' title='bbox 908 5034 1012 5073; x_wconf 89' lang='lat' dir='ltr'><strong>non</strong></span> <span class='ocrx_word' id='word_1_761' title='bbox 1064 5018 1243 5073; x_wconf 85' lang='lat' dir='ltr'><strong>noctis</strong></span> <span class='ocrx_word' id='word_1_762' title='bbox 1287 5033 1461 5087; x_wconf 84' lang='lat' dir='ltr'><strong>neque</strong></span> <span class='ocrx_word' id='word_1_763' title='bbox 1509 5020 1873 5085; x_wconf 73' lang='lat' dir='ltr'><strong>tenebrarum,</strong></span> <span class='ocrx_word' id='word_1_764' title='bbox 1914 5037 2014 5076; x_wconf 91' lang='lat' dir='ltr'><strong>nec</strong></span> 
     </span>
    </p>
   </div>
   <div class='ocr_carea' id='block_1_95' title="bbox 443 5110 2009 5182">
    <p class='ocr_par' dir='ltr' id='par_1_95' title="bbox 443 5110 2009 5182">
     <span class='ocr_line' id='line_1_95' title="bbox 443 5110 2009 5182; baseline 0.002 -18"><span class='ocrx_word' id='word_1_765' title='bbox 443 5117 791 5175; x_wconf 72' lang='lat' dir='ltr'><strong>dormientes,</strong></span> <span class='ocrx_word' id='word_1_766' title='bbox 821 5114 964 5166; x_wconf 89' lang='lat' dir='ltr'><strong>sicut</strong></span> <span class='ocrx_word' id='word_1_767' title='bbox 990 5122 1039 5166; x_wconf 91' lang='lat' dir='ltr'><strong>et</strong></span> <span class='ocrx_word' id='word_1_768' title='bbox 1067 5110 1251 5165; x_wconf 56' lang='lat' dir='ltr'><strong>caeteri</strong></span> <span class='ocrx_word' id='word_1_769' title='bbox 1286 5111 1584 5173; x_wconf 86' lang='lat' dir='ltr'><strong>dormiunt,</strong></span> <span class='ocrx_word' id='word_1_770' title='bbox 1613 5114 1703 5182; x_wconf 90' lang='lat' dir='ltr'><strong>qui</strong></span> <span class='ocrx_word' id='word_1_771' title='bbox 1739 5113 1831 5166; x_wconf 89' lang='lat' dir='ltr'><strong>Dei</strong></span> <span class='ocrx_word' id='word_1_772' title='bbox 1860 5130 2009 5167; x_wconf 80' lang='lat' dir='ltr'><strong>man-</strong></span> 
     </span>
    </p>
   </div>
   <div class='ocr_carea' id='block_1_96' title="bbox 440 5203 2009 5273">
    <p class='ocr_par' dir='ltr' id='par_1_96' title="bbox 440 5203 2009 5273">
     <span class='ocr_line' id='line_1_96' title="bbox 440 5203 2009 5273; baseline 0.002 -18"><span class='ocrx_word' id='word_1_773' title='bbox 440 5204 565 5257; x_wconf 79' lang='lat' dir='ltr'><strong>data</strong></span> <span class='ocrx_word' id='word_1_774' title='bbox 615 5219 717 5255; x_wconf 89' lang='lat' dir='ltr'><strong>non</strong></span> <span class='ocrx_word' id='word_1_775' title='bbox 760 5205 1023 5260; x_wconf 90' lang='lat' dir='ltr'><strong>sentittttt.</strong></span> <span class='ocrx_word' id='word_1_776' title='bbox 1062 5203 1198 5269; x_wconf 84' lang='lat' dir='ltr'><strong>Quia</strong></span> <span class='ocrx_word' id='word_1_777' title='bbox 1247 5204 1413 5273; x_wconf 88' lang='lat' dir='ltr'><strong>igitur</strong></span> <span class='ocrx_word' id='word_1_778' title='bbox 1447 5203 1587 5258; x_wconf 89' lang='lat' dir='ltr'><strong>Deus</strong></span> <span class='ocrx_word' id='word_1_779' title='bbox 1633 5204 1847 5258; x_wconf 81' lang='lat' dir='ltr'><strong>vocavit</strong></span> <span class='ocrx_word' id='word_1_780' title='bbox 1893 5219 2009 5270; x_wconf 86' lang='lat' dir='ltr'><strong>eos,</strong></span> 
     </span>
    </p>
   </div>
   <div class='ocr_carea' id='block_1_97' title="bbox 443 5295 2014 5365">
    <p class='ocr_par' dir='ltr' id='par_1_97' title="bbox 443 5295 2014 5365">
     <span class='ocr_line' id='line_1_97' title="bbox 443 5295 2014 5365; baseline 0.003 -19"><span class='ocrx_word' id='word_1_781' title='bbox 443 5302 506 5350; x_wconf 87' lang='lat' dir='ltr'><strong>de</strong></span> <span class='ocrx_word' id='word_1_782' title='bbox 543 5306 698 5348; x_wconf 86' lang='lat' dir='ltr'><strong>nocte</strong></span> <span class='ocrx_word' id='word_1_783' title='bbox 735 5309 1089 5365; x_wconf 75' lang='lat' dir='ltr'><strong>consurgens,</strong></span> <span class='ocrx_word' id='word_1_784' title='bbox 1122 5303 1178 5348; x_wconf 91' lang='lat' dir='ltr'><strong>ut</strong></span> <span class='ocrx_word' id='word_1_785' title='bbox 1222 5303 1276 5348; x_wconf 88' lang='lat' dir='ltr'><strong>et</strong></span> <span class='ocrx_word' id='word_1_786' title='bbox 1305 5310 1399 5349; x_wconf 90' lang='lat' dir='ltr'><strong>eos</strong></span> <span class='ocrx_word' id='word_1_787' title='bbox 1430 5295 1498 5349; x_wconf 88' lang='lat' dir='ltr'><strong>de</strong></span> <span class='ocrx_word' id='word_1_788' title='bbox 1536 5295 1777 5349; x_wconf 90' lang='lat' dir='ltr'><strong>tenebris</strong></span> <span class='ocrx_word' id='word_1_789' title='bbox 1814 5295 2014 5350; x_wconf 87' lang='lat' dir='ltr'><strong>libera-</strong></span> 
     </span>
    </p>
   </div>
   <div class='ocr_carea' id='block_1_98' title="bbox 445 5387 2014 5457">
    <p class='ocr_par' dir='ltr' id='par_1_98' title="bbox 445 5387 2014 5457">
     <span class='ocr_line' id='line_1_98' title="bbox 445 5387 2014 5457; baseline 0.001 -16"><span class='ocrx_word' id='word_1_790' title='bbox 445 5398 545 5450; x_wconf 72' lang='lat' dir='ltr'><strong>ret,</strong></span> <span class='ocrx_word' id='word_1_791' title='bbox 573 5387 937 5441; x_wconf 83' lang='lat' dir='ltr'><strong>comminatur</strong></span> <span class='ocrx_word' id='word_1_792' title='bbox 959 5388 1038 5440; x_wconf 83' lang='lat' dir='ltr'><strong>eis</strong></span> <span class='ocrx_word' id='word_1_793' title='bbox 1058 5388 1257 5441; x_wconf 87' lang='lat' dir='ltr'><strong>similia</strong></span> <span class='ocrx_word' id='word_1_794' title='bbox 1282 5402 1343 5442; x_wconf 87' lang='lat' dir='ltr'><strong>se</strong></span> <span class='ocrx_word' id='word_1_795' title='bbox 1370 5402 1489 5442; x_wconf 88' lang='lat' dir='ltr'><strong>esse</strong></span> <span class='ocrx_word' id='word_1_796' title='bbox 1516 5387 1784 5443; x_wconf 85' lang='lat' dir='ltr'><strong>facturum</strong></span> <span class='ocrx_word' id='word_1_797' title='bbox 1815 5389 2014 5457; x_wconf 85' lang='lat' dir='ltr'><strong>templo</strong></span> 
     </span>
    </p>
   </div>
   <div class='ocr_carea' id='block_1_99' title="bbox 518 5546 2009 5617">
    <p class='ocr_par' dir='ltr' id='par_1_99' title="bbox 518 5546 2009 5617">
     <span class='ocr_line' id='line_1_99' title="bbox 518 5546 2009 5617; baseline 0.001 -19"><span class='ocrx_word' id='word_1_798' title='bbox 518 5551 529 5580; x_wconf 78' lang='lat'><em>’</em></span> <span class='ocrx_word' id='word_1_799' title='bbox 562 5549 672 5598; x_wconf 81' lang='lat' dir='ltr'><strong>bno</strong></span> <span class='ocrx_word' id='word_1_800' title='bbox 706 5564 863 5610; x_wconf 80' lang='lat' dir='ltr'><strong>mss.,</strong></span> <span class='ocrx_word' id='word_1_801' title='bbox 896 5546 1033 5617; x_wconf 85' lang='lat' dir='ltr'><strong>quod</strong></span> <span class='ocrx_word' id='word_1_802' title='bbox 1058 5550 1307 5615; x_wconf 81' lang='lat' dir='ltr'><strong>scriptum</strong></span> <span class='ocrx_word' id='word_1_803' title='bbox 1344 5558 1418 5602; x_wconf 83' lang='lat' dir='ltr'><strong>est</strong></span> <span class='ocrx_word' id='word_1_804' title='bbox 1453 5563 1471 5601; x_wconf 90' lang='lat'><em>:</em></span> <span class='ocrx_word' id='word_1_805' title='bbox 1504 5563 1670 5617; x_wconf 87' lang='lat' dir='ltr'><strong>penes</strong></span> <span class='ocrx_word' id='word_1_806' title='bbox 1704 5547 2009 5615; x_wconf 76' lang='lat' dir='ltr'><strong>Rubanum,</strong></span> 
     </span>
    </p>
   </div>
   <div class='ocr_carea' id='block_1_100' title="bbox 442 5619 1059 5687">
    <p class='ocr_par' dir='ltr' id='par_1_100' title="bbox 442 5619 1059 5687">
     <span class='ocr_line' id='line_1_100' title="bbox 442 5619 1059 5687; baseline 0.011 -20"><span class='ocrx_word' id='word_1_807' title='bbox 442 5619 527 5678; x_wconf 70' lang='lat' dir='ltr'><strong>ubi</strong></span> <span class='ocrx_word' id='word_1_808' title='bbox 566 5621 639 5670; x_wconf 80' lang='lat' dir='ltr'><strong>iui</strong></span> <span class='ocrx_word' id='word_1_809' title='bbox 673 5621 923 5687; x_wconf 79' lang='lat' dir='ltr'><strong>scriptum</strong></span> <span class='ocrx_word' id='word_1_810' title='bbox 960 5633 1059 5674; x_wconf 80' lang='lat' dir='ltr'><strong>est.</strong></span> 
     </span>
    </p>
   </div>
   <div class='ocr_carea' id='block_1_101' title="bbox 515 5688 2013 5769">
    <p class='ocr_par' dir='ltr' id='par_1_101' title="bbox 515 5688 2013 5769">
     <span class='ocr_line' id='line_1_101' title="bbox 515 5688 2013 5769; baseline 0.003 -29"><span class='ocrx_word' id='word_1_811' title='bbox 515 5694 532 5769; x_wconf 60' lang='grc' dir='ltr'><em>ξ</em></span> <span class='ocrx_word' id='word_1_812' title='bbox 583 5688 765 5769; x_wconf 52' lang='grc' dir='ltr'>Υιξιιιγ</span> <span class='ocrx_word' id='word_1_813' title='bbox 812 5692 1079 5760; x_wconf 77' lang='lat' dir='ltr'><strong>consurgit</strong></span> <span class='ocrx_word' id='word_1_814' title='bbox 1130 5705 1192 5744; x_wconf 80' lang='lat' dir='ltr'><strong>cx</strong></span> <span class='ocrx_word' id='word_1_815' title='bbox 1249 5699 1487 5760; x_wconf 88' lang='lat' dir='ltr'><strong>quatuor</strong></span> <span class='ocrx_word' id='word_1_816' title='bbox 1538 5703 1671 5747; x_wconf 88' lang='lat' dir='ltr'><strong>mss.</strong></span> <span class='ocrx_word' id='word_1_817' title='bbox 1725 5701 1776 5745; x_wconf 91' lang='lat' dir='ltr'><strong>ct</strong></span> <span class='ocrx_word' id='word_1_818' title='bbox 1828 5690 2013 5747; x_wconf 72' lang='lat' dir='ltr'><strong>Graeco</strong></span> 
     </span>
    </p>
   </div>
   <div class='ocr_carea' id='block_1_102' title="bbox 442 5760 719 5840">
    <p class='ocr_par' dir='ltr' id='par_1_102' title="bbox 442 5760 719 5840">
     <span class='ocr_line' id='line_1_102' title="bbox 442 5760 719 5840; baseline 0.032 -19"><span class='ocrx_word' id='word_1_819' title='bbox 442 5760 719 5840; x_wconf 58' lang='grc' dir='ltr'><strong>έθίε-ῖέει</strong></span> 
     </span>
    </p>
   </div>
   <div class='ocr_carea' id='block_1_103' title="bbox 2115 4559 3657 4630">
    <p class='ocr_par' dir='ltr' id='par_1_103' title="bbox 2115 4559 3657 4630">
     <span class='ocr_line' id='line_1_103' title="bbox 2115 4559 3657 4630; baseline -0.006 -14"><span class='ocrx_word' id='word_1_820' title='bbox 2115 4577 2276 4616; x_wconf 89' lang='lat' dir='ltr'><strong>omne</strong></span> <span class='ocrx_word' id='word_1_821' title='bbox 2318 4577 2491 4630; x_wconf 84' lang='lat' dir='ltr'><strong>genus</strong></span> <span class='ocrx_word' id='word_1_822' title='bbox 2522 4559 2774 4615; x_wconf 83' lang='lat' dir='ltr'><strong>ostendat</strong></span> <span class='ocrx_word' id='word_1_823' title='bbox 2806 4559 3060 4614; x_wconf 86' lang='lat' dir='ltr'><strong>sacrificii</strong></span> <span class='ocrx_word' id='word_1_824' title='bbox 3098 4560 3297 4630; x_wconf 78' lang='lat' dir='ltr'><strong>reginae</strong></span> <span class='ocrx_word' id='word_1_825' title='bbox 3336 4560 3480 4622; x_wconf 72' lang='lat' dir='ltr'><strong>cash,</strong></span> <span class='ocrx_word' id='word_1_826' title='bbox 3523 4573 3657 4623; x_wconf 86' lang='lat' dir='ltr'><strong>quam</strong></span> 
     </span>
    </p>
   </div>
   <div class='ocr_carea' id='block_1_104' title="bbox 2117 4651 3659 4722">
    <p class='ocr_par' dir='ltr' id='par_1_104' title="bbox 2117 4651 3659 4722">
     <span class='ocr_line' id='line_1_104' title="bbox 2117 4651 3659 4722; baseline -0.003 -15"><span class='ocrx_word' id='word_1_827' title='bbox 2117 4653 2296 4708; x_wconf 89' lang='lat' dir='ltr'><strong>lunam</strong></span> <span class='ocrx_word' id='word_1_828' title='bbox 2327 4654 2582 4707; x_wconf 83' lang='lat' dir='ltr'><strong>debemus</strong></span> <span class='ocrx_word' id='word_1_829' title='bbox 2628 4652 2901 4722; x_wconf 85' lang='lat' dir='ltr'><strong>accipere;</strong></span> <span class='ocrx_word' id='word_1_830' title='bbox 2940 4652 3021 4706; x_wconf 90' lang='lat' dir='ltr'><strong>vel</strong></span> <span class='ocrx_word' id='word_1_831' title='bbox 3052 4663 3198 4707; x_wconf 89' lang='lat' dir='ltr'><strong>certe</strong></span> <span class='ocrx_word' id='word_1_832' title='bbox 3229 4652 3433 4708; x_wconf 79' lang='lat' dir='ltr'><strong>militia:</strong></span> <span class='ocrx_word' id='word_1_833' title='bbox 3457 4651 3587 4713; x_wconf 76' lang='lat' dir='ltr'><strong>eteli,</strong></span> <span class='ocrx_word' id='word_1_834' title='bbox 3614 4657 3659 4697; x_wconf 87' lang='grc' dir='ltr'><strong>ιιι</strong></span> 
     </span>
    </p>
   </div>
   <div class='ocr_carea' id='block_1_105' title="bbox 2118 4742 3659 4813">
    <p class='ocr_par' dir='ltr' id='par_1_105' title="bbox 2118 4742 3659 4813">
     <span class='ocr_line' id='line_1_105' title="bbox 2118 4742 3659 4813; baseline -0.005 -13"><span class='ocrx_word' id='word_1_835' title='bbox 2118 4758 2309 4800; x_wconf 85' lang='lat' dir='ltr'><strong>omnes</strong></span> <span class='ocrx_word' id='word_1_836' title='bbox 2342 4744 2526 4799; x_wconf 81' lang='lat' dir='ltr'><strong>stellas</strong></span> <span class='ocrx_word' id='word_1_837' title='bbox 2562 4744 2947 4813; x_wconf 84' lang='lat' dir='ltr'><strong>intelligamus.</strong></span> <span class='ocrx_word' id='word_1_838' title='bbox 2980 4742 3046 4796; x_wconf 82' lang='lat' dir='ltr'><strong>Et</strong></span> <span class='ocrx_word' id='word_1_839' title='bbox 3082 4754 3207 4812; x_wconf 73' lang='lat' dir='ltr'><strong>post</strong></span> <span class='ocrx_word' id='word_1_840' title='bbox 3242 4745 3357 4799; x_wconf 84' lang='lat' dir='ltr'><strong>haec</strong></span> <span class='ocrx_word' id='word_1_841' title='bbox 3388 4744 3544 4799; x_wconf 87' lang='lat' dir='ltr'><strong>libent</strong></span> <span class='ocrx_word' id='word_1_842' title='bbox 3575 4742 3659 4794; x_wconf 85' lang='lat' dir='ltr'><strong>diis</strong></span> 
     </span>
    </p>
   </div>
   <div class='ocr_carea' id='block_1_106' title="bbox 2119 4834 3657 4904">
    <p class='ocr_par' dir='ltr' id='par_1_106' title="bbox 2119 4834 3657 4904">
     <span class='ocr_line' id='line_1_106' title="bbox 2119 4834 3657 4904; baseline -0.005 -15"><span class='ocrx_word' id='word_1_843' title='bbox 2119 4835 2333 4901; x_wconf 86' lang='lat' dir='ltr'><strong>alienis,</strong></span> <span class='ocrx_word' id='word_1_844' title='bbox 2377 4848 2482 4889; x_wconf 89' lang='lat' dir='ltr'><strong>non</strong></span> <span class='ocrx_word' id='word_1_845' title='bbox 2506 4848 2613 4903; x_wconf 86' lang='lat' dir='ltr'><strong>quo</strong></span> <span class='ocrx_word' id='word_1_846' title='bbox 2636 4834 2887 4897; x_wconf 69' lang='lat' dir='ltr'><strong>sint,&#39;scd</strong></span> <span class='ocrx_word' id='word_1_847' title='bbox 2908 4850 3015 4904; x_wconf 90' lang='lat' dir='ltr'><strong>quo</strong></span> <span class='ocrx_word' id='word_1_848' title='bbox 3040 4836 3141 4891; x_wconf 91' lang='lat' dir='ltr'><strong>sub</strong></span> <span class='ocrx_word' id='word_1_849' title='bbox 3165 4837 3473 4891; x_wconf 85' lang='lat' dir='ltr'><strong>nominibus</strong></span> <span class='ocrx_word' id='word_1_850' title='bbox 3496 4851 3657 4889; x_wconf 85' lang='lat' dir='ltr'><strong>eorum</strong></span> 
     </span>
    </p>
   </div>
   <div class='ocr_carea' id='block_1_107' title="bbox 2120 4925 3656 4991">
    <p class='ocr_par' dir='ltr' id='par_1_107' title="bbox 2120 4925 3656 4991">
     <span class='ocr_line' id='line_1_107' title="bbox 2120 4925 3656 4991; baseline -0.001 -11"><span class='ocrx_word' id='word_1_851' title='bbox 2120 4925 2454 4980; x_wconf 70' lang='lat' dir='ltr'><strong>daemonibus</strong></span> <span class='ocrx_word' id='word_1_852' title='bbox 2485 4926 2644 4979; x_wconf 86' lang='lat' dir='ltr'><strong>thura</strong></span> <span class='ocrx_word' id='word_1_853' title='bbox 2678 4928 3034 4991; x_wconf 85' lang='lat' dir='ltr'><strong>succendant.</strong></span> <span class='ocrx_word' id='word_1_854' title='bbox 3062 4939 3115 4981; x_wconf 89' lang='lat' dir='ltr'><strong>et</strong></span> <span class='ocrx_word' id='word_1_855' title='bbox 3148 4942 3231 4983; x_wconf 88' lang='lat' dir='ltr'><strong>me</strong></span> <span class='ocrx_word' id='word_1_856' title='bbox 3257 4928 3325 4982; x_wconf 84' lang='lat' dir='ltr'><strong>ad</strong></span> <span class='ocrx_word' id='word_1_857' title='bbox 3351 4927 3656 4983; x_wconf 86' lang='lat' dir='ltr'><strong>iracundiam</strong></span> 
     </span>
    </p>
   </div>
   <div class='ocr_carea' id='block_1_108' title="bbox 2117 5014 3659 5088">
    <p class='ocr_par' dir='ltr' id='par_1_108' title="bbox 2117 5014 3659 5088">
     <span class='ocr_line' id='line_1_108' title="bbox 2117 5014 3659 5088; baseline 0.001 -20"><span class='ocrx_word' id='word_1_858' title='bbox 2117 5026 2416 5084; x_wconf 87' lang='lat' dir='ltr'><strong>provocent</strong></span> <span class='ocrx_word' id='word_1_859' title='bbox 2438 5015 2540 5069; x_wconf 87' lang='lat' dir='ltr'><strong>ista</strong></span> <span class='ocrx_word' id='word_1_860' title='bbox 2566 5014 2847 5071; x_wconf 88' lang='lat' dir='ltr'><strong>facientes.</strong></span> <span class='ocrx_word' id='word_1_861' title='bbox 2872 5015 2982 5071; x_wconf 82' lang='lat' dir='ltr'><strong>Nec</strong></span> <span class='ocrx_word' id='word_1_862' title='bbox 3009 5017 3326 5088; x_wconf 85' lang='lat' dir='ltr'><strong>intelligunt</strong></span> <span class='ocrx_word' id='word_1_863' title='bbox 3355 5019 3531 5074; x_wconf 85' lang='lat' dir='ltr'><strong>miseri</strong></span> <span class='ocrx_word' id='word_1_864' title='bbox 3552 5016 3659 5085; x_wconf 86' lang='lat' dir='ltr'><strong>quia</strong></span> 
     </span>
    </p>
   </div>
   <div class='ocr_carea' id='block_1_109' title="bbox 2118 5108 3658 5181">
    <p class='ocr_par' dir='ltr' id='par_1_109' title="bbox 2118 5108 3658 5181">
     <span class='ocr_line' id='line_1_109' title="bbox 2118 5108 3658 5181; baseline -0.002 -18"><span class='ocrx_word' id='word_1_865' title='bbox 2118 5108 2221 5163; x_wconf 88' lang='lat' dir='ltr'><strong>ista</strong></span> <span class='ocrx_word' id='word_1_866' title='bbox 2253 5108 2529 5164; x_wconf 86' lang='lat' dir='ltr'><strong>contentio</strong></span> <span class='ocrx_word' id='word_1_867' title='bbox 2559 5122 2665 5163; x_wconf 92' lang='lat' dir='ltr'><strong>non</strong></span> <span class='ocrx_word' id='word_1_868' title='bbox 2718 5123 2803 5163; x_wconf 90' lang='lat' dir='ltr'><strong>me</strong></span> <span class='ocrx_word' id='word_1_869' title='bbox 2842 5109 3028 5173; x_wconf 63' lang='lat' dir='ltr'><strong>laedat,</strong></span> <span class='ocrx_word' id='word_1_870' title='bbox 3070 5125 3233 5179; x_wconf 84' lang='lat' dir='ltr'><strong>quem</strong></span> <span class='ocrx_word' id='word_1_871' title='bbox 3284 5126 3549 5181; x_wconf 89' lang='lat' dir='ltr'><strong>nunquam</strong></span> <span class='ocrx_word' id='word_1_872' title='bbox 3593 5111 3658 5161; x_wconf 84' lang='lat' dir='ltr'><strong>ira</strong></span> 
     </span>
    </p>
   </div>
   <div class='ocr_carea' id='block_1_110' title="bbox 2116 5202 3661 5270">
    <p class='ocr_par' dir='ltr' id='par_1_110' title="bbox 2116 5202 3661 5270">
     <span class='ocr_line' id='line_1_110' title="bbox 2116 5202 3661 5270; baseline -0.001 -14"><span class='ocrx_word' id='word_1_873' title='bbox 2116 5210 2436 5267; x_wconf 88' lang='lat' dir='ltr'><strong>commutat,</strong></span> <span class='ocrx_word' id='word_1_874' title='bbox 2492 5202 2589 5257; x_wconf 90' lang='lat' dir='ltr'><strong>sed</strong></span> <span class='ocrx_word' id='word_1_875' title='bbox 2623 5202 2942 5270; x_wconf 88' lang='lat' dir='ltr'><strong>semetipsos</strong></span> <span class='ocrx_word' id='word_1_876' title='bbox 2985 5205 3037 5257; x_wconf 93' lang='lat' dir='ltr'><strong>in</strong></span> <span class='ocrx_word' id='word_1_877' title='bbox 3075 5204 3469 5260; x_wconf 78' lang='lat' dir='ltr'><strong>confessionem</strong></span> <span class='ocrx_word' id='word_1_878' title='bbox 3503 5203 3661 5255; x_wconf 78' lang='lat' dir='ltr'><strong>vultus</strong></span> 
     </span>
    </p>
   </div>
   <div class='ocr_carea' id='block_1_111' title="bbox 2118 5294 3662 5365">
    <p class='ocr_par' dir='ltr' id='par_1_111' title="bbox 2118 5294 3662 5365">
     <span class='ocr_line' id='line_1_111' title="bbox 2118 5294 3662 5365; baseline -0.004 -15"><span class='ocrx_word' id='word_1_879' title='bbox 2118 5296 2220 5359; x_wconf 87' lang='lat' dir='ltr'><strong>sui,</strong></span> <span class='ocrx_word' id='word_1_880' title='bbox 2250 5303 2304 5350; x_wconf 87' lang='lat' dir='ltr'><strong>et</strong></span> <span class='ocrx_word' id='word_1_881' title='bbox 2329 5294 2382 5348; x_wconf 92' lang='lat' dir='ltr'><strong>in</strong></span> <span class='ocrx_word' id='word_1_882' title='bbox 2412 5295 2760 5364; x_wconf 81' lang='lat' dir='ltr'><strong>ignominiam</strong></span> <span class='ocrx_word' id='word_1_883' title='bbox 2787 5296 3194 5364; x_wconf 82' lang='lat' dir='ltr'><strong>sempiternam.</strong></span> <span class='ocrx_word' id='word_1_884' title='bbox 3227 5296 3494 5365; x_wconf 85' lang='lat' dir='ltr'><strong>Quidquid</strong></span> <span class='ocrx_word' id='word_1_885' title='bbox 3519 5295 3662 5364; x_wconf 80' lang='lat' dir='ltr'><strong>igitur</strong></span> 
     </span>
    </p>
   </div>
   <div class='ocr_carea' id='block_1_112' title="bbox 2117 5384 3662 5456">
    <p class='ocr_par' dir='ltr' id='par_1_112' title="bbox 2117 5384 3662 5456">
     <span class='ocr_line' id='line_1_112' title="bbox 2117 5384 3662 5456; baseline -0.001 -15"><span class='ocrx_word' id='word_1_886' title='bbox 2117 5384 2371 5449; x_wconf 79' lang='lat' dir='ltr'><strong>facimus,</strong></span> <span class='ocrx_word' id='word_1_887' title='bbox 2418 5400 2522 5438; x_wconf 93' lang='lat' dir='ltr'><strong>non</strong></span> <span class='ocrx_word' id='word_1_888' title='bbox 2569 5384 2737 5440; x_wconf 90' lang='lat' dir='ltr'><strong>Deum</strong></span> <span class='ocrx_word' id='word_1_889' title='bbox 2782 5384 3047 5451; x_wconf 68' lang='lat' dir='ltr'><strong>laedimus,</strong></span> <span class='ocrx_word' id='word_1_890' title='bbox 3092 5386 3183 5453; x_wconf 83' lang='lat' dir='ltr'><strong>qui</strong></span> <span class='ocrx_word' id='word_1_891' title='bbox 3233 5386 3353 5441; x_wconf 68' lang='lat' dir='ltr'><strong>laedi</strong></span> <span class='ocrx_word' id='word_1_892' title='bbox 3407 5400 3662 5456; x_wconf 87' lang='lat' dir='ltr'><strong>nunquam</strong></span> 
     </span>
    </p>
   </div>
   <div class='ocr_carea' id='block_1_113' title="bbox 2119 5541 3662 5630">
    <p class='ocr_par' dir='ltr' id='par_1_113' title="bbox 2119 5541 3662 5630">
     <span class='ocr_line' id='line_1_113' title="bbox 2119 5541 3662 5630; baseline -0.003 -33"><span class='ocrx_word' id='word_1_893' title='bbox 2119 5618 2130 5630; x_wconf 44' lang='lat'><strong><em>.</em></strong></span> <span class='ocrx_word' id='word_1_894' title='bbox 2191 5547 2212 5578; x_wconf 85' lang='grc'>⁸</span> <span class='ocrx_word' id='word_1_895' title='bbox 2251 5545 2587 5601; x_wconf 85' lang='lat' dir='ltr'><strong>lnterserunt</strong></span> <span class='ocrx_word' id='word_1_896' title='bbox 2625 5544 2751 5599; x_wconf 89' lang='lat' dir='ltr'><strong>editi</strong></span> <span class='ocrx_word' id='word_1_897' title='bbox 2792 5544 3074 5615; x_wconf 81' lang='lat' dir='ltr'><strong>gloriosus,</strong></span> <span class='ocrx_word' id='word_1_898' title='bbox 3107 5546 3250 5615; x_wconf 90' lang='lat' dir='ltr'><strong>quod</strong></span> <span class='ocrx_word' id='word_1_899' title='bbox 3298 5556 3505 5601; x_wconf 82' lang='lat' dir='ltr'><strong>veteres</strong></span> <span class='ocrx_word' id='word_1_900' title='bbox 3549 5541 3662 5597; x_wconf 83' lang='lat' dir='ltr'><strong>libri</strong></span> 
     </span>
    </p>
   </div>
   <div class='ocr_carea' id='block_1_114' title="bbox 2117 5625 3660 5810">
    <p class='ocr_par' dir='ltr' id='par_1_114' title="bbox 2117 5625 3660 5810">
     <span class='ocr_line' id='line_1_114' title="bbox 2117 5625 3660 5810; baseline -0.012 -59"><span class='ocrx_word' id='word_1_901' title='bbox 2117 5625 2553 5810; x_wconf 42' lang='lat' dir='ltr'><strong>:qoii‘tntibobus</strong></span> <span class='ocrx_word' id='word_1_902' title='bbox 2600 5702 2759 5754; x_wconf 86' lang='lat' dir='ltr'><strong>mss.,</strong></span> <span class='ocrx_word' id='word_1_903' title='bbox 2803 5686 3131 5743; x_wconf 80' lang='lat' dir='ltr'><strong>Cltavonmn.</strong></span> <span class='ocrx_word' id='word_1_904' title='bbox 3186 5685 3409 5744; x_wconf 76' lang='lat' dir='ltr'><strong>Veteres</strong></span> <span class='ocrx_word' id='word_1_905' title='bbox 3457 5680 3660 5762; x_wconf 68' lang='lat' dir='ltr'><strong>vulgati,</strong></span> 
     </span>
     <span class='ocr_line' id='line_1_115' title="bbox 2170 5773 2400 5810; baseline 0 0"><span class='ocrx_word' id='word_1_906' title='bbox 2170 5773 2400 5810; x_wconf 69' lang='lat' dir='ltr'><strong>auwvac.</strong></span> 
     </span>
    </p>
   </div>
   <div class='ocr_carea' id='block_1_115' title="bbox 2170 5773 2401 5820">
    <p class='ocr_par' dir='ltr' id='par_1_115' title="bbox 2170 5773 2401 5820">
     <span class='ocr_line' id='line_1_116' title="bbox 2170 5773 2401 5820; baseline 0.004 -4"><span class='ocrx_word' id='word_1_907' title='bbox 2170 5773 2401 5820; x_wconf 57' lang='lat' dir='ltr'><strong>JUw‘tai-l</strong></span> 
     </span>
    </p>
   </div>
  </div>
