3950 6180
261 332 365 397 'iGl

766 334 1267 398 COMMENTAR.
1314 336 1393 397 IN
1426 336 1835 399 ἸΕΒΕΜΙΑΜ

1964 336 2341 399 ,ΟΡΗΕΤΑΜ
2384 337 2531 398 LIB.
2576 337 2656 397 Ιῐ.
2697 336 2856 399 CAP.
2901 337 3035 397 VII.

3408 333 3513 398 7C2

262 456 477 515 potest;
526 445 623 501 sed
667 445 824 500 nobis
867 446 1145 501 interitum
1178 461 1573 517 praeparaturus,
1608 448 1838 503 tbesau~
1866 460 1914 517 Α
1942 448 2186 515 dierunt,
2218 462 2317 503 nec
2369 446 2770 502 inclinaverunt
2822 461 3010 500 aurem
3066 460 3243 508 suam,
3288 451 3383 501 sed
3426 464 3509 501 6111

263 539 507 593 rizantes
534 539 670 592 iram
702 538 757 592 in
789 536 877 592 die
904 536 1019 594 irae.
1048 537 1173 594 Ideo
1201 549 1379 595 autem
1412 540 1632 596 diversa
1664 540 1841 595 ollicia

265 632 506 685 liliorum
538 638 863 700 patrumque
896 638 947 683 et
983 642 1219 683 matrum
1258 630 1439 697 posuit
1471 631 1555 684 vel
1588 644 1841 695 uxorum,

264 727 328 775 ut
359 718 502 773 nulla
534 730 669 774 aetas
696 720 765 773 sit
795 734 915 787 qua
945 720 1015 773 ab
1050 720 1327 788 impietate
1359 719 1698 774 dissenserit.

336 811 517 883 (Vera.
542 810 659 880 20.)
685 831 702 863 ι
734 810 862 865 [dco
898 813 1010 865 haec
1034 811 1165 863 dicit
1193 811 1456 865 Dominus
1487 810 1630 865 Deus
1657 828 1671 865 :
1705 808 1845 865 Ecce

260 904 424 958 furor
478 918 630 959 meus
667 910 720 956 et
771 902 1074 972 indignatio
1119 918 1236 956 mea
1286 903 1517 957 conﬂata
1548 912 1630 957 est
1663 901 1838 974 [ναις.

264 994 561 1066 conﬂatur]
596 994 721 1063 (sive
774 994 1021 1062 stillavit)
1074 1008 1238 1061 super
1266 994 1442 1048 locum
1477 993 1657 1058 istum,
1685 1010 1846 1062 super

264 1086 442 1145 viros.
470 1095 520 1138 et
554 1098 718 1153 super
745 1082 1017 1153 jumenta,
1047 1091 1100 1137 et
1125 1099 1289 1151 super
1339 1085 1539 1155 lignum
1583 1086 1841 1153 regionis,

257 1190 319 1234 et
375 1193 537 1247 super
585 1176 769 1243 fruges
826 1187 1024 1232 teme:
1076 1187 1128 1233 et
1182 1180 1565 1243 succendetur,
1625 1188 1679 1234 et
1738 1195 1843 1234 non

260 1276 663 1339 exstinguetur.
710 1288 729 1321 ι
764 1270 863 1337 Qui
894 1286 1058 1336 supra
1098 1272 1305 1325 dixerat
1332 1291 1345 1326 :
1374 1271 1537 1342 895
1570 1270 1845 1343 Numquid

264 1381 351 1418 me
373 1362 444 1417 ad
469 1363 802 1415 iracundiam
828 1372 1113 1431 provocant
1138 1362 1162 1416 ?
1186 1365 1465 1432 quomodo
1494 1379 1636 1417 nunc
1673 1364 1842 1418 dicit:

265 1455 407 1509 Ecce
466 1456 615 1523 [uror
662 1462 823 1507 mens'
854 1463 901 1508 et
936 1456 1232 1524 indignatio
1261 1472 1374 1508 mea
1418 1456 1643 1509 stillavit
1690 1472 1847 1525 super

264 1550 442 1600 locant
471 1546 681 1599 istum?
713 1545 777 1599 Et
809 1556 890 1601 est
921 1562 1156 1602 sensus:
1191 1547 1301 1615 Ego
1334 1548 1548 1617 quidem
1583 1548 1846 1602 naturali-

238 1646 354 1692 ‘ter
386 1652 493 1692 non
525 1640 757 1701 irascor,
785 1639 879 1693 sed
913 1639 987 1692 illi
1023 1640 1095 1694 ita
1131 1650 1315 1710 agunt,
1336 1650 1394 1694 ut
1423 1656 1507 1695 me
1534 1641 1599 1695 ad
1630 1643 1847 1696 iracun-

268 1731 413 1783 diam
448 1741 762 1798 provocent.
787 1739 842 1784 et
880 1745 1052 1783 meam
1103 1732 1289 1785 videar
1320 1740 1530 1786 mutare
1576 1742 1844 1787 naturam.

1941 538 2121 595 cordis
2155 536 2333 592 fecere
2356 535 2625 591 desideria
2654 553 2670 597 ;
2699 544 2756 590 et
2791 544 2982 590 contra
3014 534 3259 603 Apostoli
3290 546 3514 591 senten-

1942 630 2095 695 tiam,
2119 630 2286 701 896
2324 630 2415 697 qui
2449 628 2851 698 praeteritorum
2889 626 3342 693 obliviscebatur,
3375 637 3427 681 et
3461 630 3513 682 in

1942 720 2120 791 priora
2151 735 2210 774 se
2234 717 2584 781 extendebat,
2608 717 2791 771 fecere
2815 718 3094 772 contraria
3117 735 3133 776 :
3157 729 3216 771 ut
3239 718 3514 787 praeterita

1942 818 2227 879 cuperent,
2252 818 2308 864 et
2335 808 2516 863 futura
2552 816 2989 865 contemnerent.
3032 808 3300 878 Quodque
3338 810 3470 863 dicit
3499 825 3513 866 :

1942 902 1984 955 A
2012 903 2098 956 die
2120 918 2221 972 qua
2252 901 2446 970 egressi
2470 911 2590 954 sunt
2621 908 2797 967 patres
2822 917 3002 954 eorum
3033 906 3094 955 de
3125 911 3267 955 terra
3294 899 3516 971 ngypti

1943 1010 2107 1064 usque
2155 994 2223 1047 ad
2266 995 2403 1046 diem
2439 995 2596 1059 hanc,
2625 1010 2791 1051 omne
2825 1004 3038 1062 tempus
3067 994 3120 1048 in
3160 994 3339 1048 medio
3385 992 3519 1046 dicit

1944 1101 2038 1141 cos
2072 1101 2169 1153 per
2196 1085 2457 1142 offensam
2504 1087 2716 1144 Domini
2762 1087 3119 1157 transegisse.
3155 1085 3309 1142 Unde
3337 1094 3392 1139 et
3423 1099 3517 1139 ne-

1946 1177 2184 1233 cessaria
2236 1177 2339 1232 fuit
2386 1177 2659 1249 Evangelii
2711 1179 2903 1250 gratia,
2932 1193 3051 1246 qua:
3102 1179 3225 1232 illos
3257 1192 3361 1231 non
3418 1189 3519 1232 suo

1946 1271 2163 1335 merito,
2192 1271 2286 1325 sed
2319 1270 2532 1324 Domini
2573 1270 2947 1327 misericordia
2978 1272 3341 1326 conservavit.

2018 1360 2198 1431 (Vera.
2226 1361 2340 1432 26.)
2377 1381 2395 1413 ι
2441 1362 2505 1417 Et
2540 1362 2659 1419 misi
2688 1362 2754 1417 ad
2788 1378 2883 1415 vos
2930 1378 3119 1416 omnes
3149 1378 3335 1417 servos
3371 1378 3519 1417 meos

1947 1453 2259 1523 prophetas;
2310 1469 2405 1522 per
2461 1456 2627 1521 diem,
2652 1470 2989 1523 consurgens
3029 1455 3265 1507 diluculo
3293 1464 3347 1507 et
3392 1456 3518 1508 mit-

1950 1546 2107 1615 telis}:
2132 1554 2188 1601 et
2239 1561 2342 1599 non
2387 1546 2676 1601 audierunt
2725 1562 2831 1609 me,
2859 1562 2954 1600 nec
3000 1547 3398 1600 inclinaverunt
3428 1561 3521 1598 an-

1949 1653 2064 1691 rem
2117 1653 2294 1704 suam,
2333 1638 2426 1692 sed
2487 1640 2880 1694 induraverunt
2936 1641 3202 1693 cervicem
3258 1656 3434 1703 suam,
3466 1650 3522 1694 et

1951 1728 2103 1799 pejus
2167 1732 2374 1798 operati
2434 1740 2558 1786 sunt
2610 1746 2777 1800 quam
2832 1742 3012 1799 patres
3066 1748 3277 1786 eorum.
3318 1729 3519 1786 sJusta

271 1819 530 1873 Sentiaut
581 1819 744 1889 igitur
792 1822 1013 1883 iratum,
1044 1820 1185 1890 quod
1237 1832 1504 1891 quantum
1546 1822 1597 1875 in
1648 1836 1706 1876 se
1739 1831 1844 1886 est,
1880 1806 1926 1864 Β
1953 1837 2082 1891 ergo
2111 1823 2186 1877 ira
2228 1822 2604 1893 Domini,qua:
2630 1823 2860 1877 conﬂata
2896 1835 2999 1887 εει,
3028 1834 3083 1878 et
3113 1824 3337 1875 stillavit
3360 1839 3522 1891 super

272 1915 457 1969 facere
490 1923 756 1968 conantur
790 1914 826 1967 ¹.
869 1914 1231 1982 Pulchreque,
1262 1929 1370 1968 non
1407 1916 1506 1979 ait,
1533 1914 1734 1969 ell‘usus
1762 1924 1849 1969 est

271 2008 427 2063 furor
486 2023 637 2063 meus
687 2023 850 2076 super
886 2007 1063 2061 locum
1116 2010 1300 2067 istum.
1355 2010 1450 2063 sed
1499 2007 1718 2062 stillavit
1792 2018 1847 2063 ut

272 2102 608 2154 moderatam
662 2113 877 2165 pinnam
915 2099 1203 2166 signilicet.
1258 2098 1315 2153 Si
1362 2108 1541 2153 autem
1593 2099 1647 2153 in
1702 2100 1848 2154 stilla

270 2191 477 2247 furoris
524 2201 667 2244 tanta
712 2191 906 2244 duritia
949 2199 1053 2255 est,
1088 2191 1213 2259 quid
1251 2190 1341 2244 lict
1379 2189 1427 2244 si
1466 2191 1647 2245 omnis
1680 2192 1851 2247 imber

270 2284 443 2338 fuerit
485 2282 727 2336 effusus?
761 2282 867 2338 Sed
895 2294 947 2336 et
978 2283 1211 2337 conﬂata
1246 2282 1549 2351 indignatio
1578 2285 1657 2336 sic
1689 2283 1850 2337 intel-

272 2375 367 2445 ligi
423 2383 620 2443 potest,
642 2384 699 2427 ut
728 2375 871 2444 quod
905 2374 992 2427 diu
1035 2374 1219 2427 facere
1254 2374 1453 2437 noluit,
1500 2384 1849 2442 peccatorum

278 2466 627 2520 multitudine
680 2465 860 2518 facere
900 2464 1278 2535 compellatur.
1321 2461 1456 2517 Cum
1495 2475 1672 2517 autem
1712 2465 1851 2520 Deus

279 2558 455 2611 iratus
488 2557 669 2619 luerit,
694 2565 748 2610 et
777 2557 1050 2620 homines,
1072 2564 1129 2611 et
1157 2571 1219 2609 ea
1244 2571 1363 2625 quae
1391 2554 1671 2610 hominum
1705 2566 1851 2623 sunt,

273 2648 509 2702 similem
540 2648 817 2702 interitum
846 2647 1107 2703 sentient.
1135 2646 1201 2700 Et
1249 2645 1611 2711 succendetur,
1656 2645 1852 2713 inquit,

276 2742 425 2795 haud
460 2742 684 2795 dubium
722 2741 854 2809 quin
893 2739 1043 2795 l'uror
1086 2738 1327 2804 Domini,
1352 2746 1401 2793 et
1426 2739 1853 2807 nonexstingue-

276 2844 390 2898 tur,
430 2833 557 2903 quia
574 2846 679 2886 non
701 2832 809 2901 agit
827 2830 1075 2901 populus,
1100 2843 1326 2900 perque
1352 2830 1528 2899 possit
1559 2826 1852 2894 exstingui.

347 2924 530 2995 (Vera.
580 2923 643 2979 2t
700 2924 882 2994 seqq.)
922 2941 942 2976 ‹
983 2921 1111 2978 Haec
1154 2921 1291 2977 dicit
1337 2921 1605 2976 Dominus
1636 2920 1854 2975 exerci-

276 3028 457 3081 tuum,
489 3016 628 3070 Deus
674 3015 839 3071 Israel
871 3037 882 3071 :
912 3014 1387 3071 Holocaustomata
1438 3023 1620 3070 vestra
1674 3012 1855 3068 addite

279 3109 517 3163 victimis
549 3107 765 3172 vestris,
792 3116 847 3161 et
882 3105 1152 3161 comedite
1180 3121 1395 3161 carnes.
1440 3105 1573 3171 Quia
1601 3120 1705 3159 non
1735 3118 1853 3157 sum

278 3199 498 3251 locutus
530 3210 651 3252 cum
676 3195 920 3263 patribus
945 3196 1167 3257 vestris,
1197 3205 1250 3249 et
1283 3210 1387 3248 non
1423 3194 1649 3263 pra-cepi
1683 3194 1761 3247 eis
1797 3193 1851 3246 in

286 3289 373 3345 die
391 3303 495 3357 qua
509 3288 670 3341 eduxi
696 3300 790 3341 eos
811 3287 877 3340 de
909 3284 1300 3355 terraligypti,
1330 3286 1395 3339 de
1413 3286 1577 3339 verbo
1604 3286 1857 3338 holocau-

279 3389 577 3432 stomatum
608 3388 665 3432 et
694 3377 1061 3431 victimarum.
1091 3376 1199 3430 Sed
1232 3376 1337 3431 hoc
1372 3378 1593 3431 verbum
1626 3375 1856 3444 praecepi

281 3471 388 3530 eis,
411 3468 598 3521 dicens
622 3485 637 3523 :
661 3469 857 3521 Audite
880 3483 1066 3521 vocem
1092 3482 1286 3531 meam,
1308 3474 1475 3534 etero
1498 3467 1651 3521 vobis
1676 3465 1815 3519 Deus
1840 3481 1855 3530 ;

283 3570 338 3615 et
367 3574 461 3615 vos
482 3558 633 3612 eritis
667 3558 797 3612 mihi
822 3559 1089 3627 populus:
1113 3567 1168 3612 et
1191 3557 1462 3611 ambulate
1494 3559 1546 3611 in
1597 3559 1743 3612 omni
1774 3558 1858 3611 via

286 3670 449 3724 quam
493 3650 745 3705 mandavi
804 3650 981 3712 vobis,
1015 3657 1074 3703 ut
1125 3651 1262 3705 bene
1311 3650 1385 3705 sit
1439 3650 1611 3704 vobis.
1652 3668 1672 3701 ι
1709 3648 1856 3715 Quo-

290 3762 410 3800 rum
461 3743 771 3813 reprohavit
821 3742 1133 3811 Templum,
1163 3753 1561 3811 consequenter
1605 3743 1862 3812 reprobat

288 3846 342 3892 et
372 3833 641 3889 sarrilicia
674 3850 689 3888 :
725 3842 777 3888 et
808 3833 1029 3901 oblique
1049 3833 1232 3903 arguit
1259 3847 1375 3899 eos,
1400 3835 1543 3904 quod
1567 3849 1670 3888 non
1698 3848 1863 3889 vene-

286 3930 505 3986 ratione
544 3927 648 3993 sui,
673 3926 766 3983 sed
818 3926 1099 3998 epularum
1148 3926 1421 3983 desiderio
1472 3926 1749 3982 immolent
1780 3926 1862 3980 vi-

282 4022 501 4077 ctimas.
534 4018 686 4087 Quod
715 4030 897 4076 autem
927 4021 1041 4077 ait:
1074 4020 1191 4076 Non
1220 4037 1335 4075 sum
1365 4020 1570 4075 locutus
1600 4037 1718 4075 cum
1763 4037 1863 4090 pu-

286 4115 457 4170 tribus
490 4116 667 4173 vestris
692 4131 712 4179 ;
741 4126 915 4169 etnon
945 4117 1166 4183 pra’cepi
1186 4115 1261 4169 eis
1283 4116 1335 4167 in
1358 4114 1442 4167 die
1463 4129 1568 4183 qua
1592 4115 1749 4168 eduxi
1777 4130 1863 4168 eos

286 4208 352 4265 de
382 4215 521 4262 terra
549 4205 793 4278 ﬁgypti,
822 4223 981 4276 super
1011 4208 1163 4263 verba
1193 4207 1489 4261 holocausti
1528 4216 1577 4261 et
1622 4207 1866 4261 victima-

289 4317 429 4363 rum,
451 4297 737 4355 manifeste
759 4298 1099 4367 intelligitur,
1121 4299 1266 4369 quod
1290 4300 1523 4369 primum
1546 4297 1862 4366 decalogum

288 4392 504 4447 dederit
550 4392 603 4445 in
658 4391 857 4446 tabulis
911 4389 1162 4460 lapideis,
1213 4392 1483 4458 scriptum
1539 4390 1709 4460 digito
1771 4389 1863 4444 Dei

289 4483 492 4553 (Exod.
527 4482 702 4554 snt),
730 4491 787 4536 et
820 4488 941 4551 post
967 4480 1229 4537 oﬂ'eusam
1251 4481 1571 4536 idololatria:
1597 4490 1868 4550 caputque
1901 4492 1944 4549 ι)

290 4576 469 4638 vituli,
503 4585 687 4644 postea
723 4576 743 4606 ¹
775 4573 1001 4644 jusserit
1033 4572 1140 4628 sibi
1188 4573 1360 4642 magis
1408 4573 1521 4627 ﬁeri
1558 4587 1719 4642 quam
1754 4572 1866 4627 da:-

294 4668 549 4722 monibus
578 4683 591 4719 :
625 4665 883 4720 auferens
913 4679 1101 4735 puram
1133 4663 1449 4733 religionem
1483 4664 1867 4718 mandatorum

293 4762 415 4825 Dei,
440 4769 496 4815 et
519 4760 821 4815 concedens
855 4756 1172 4828 sanguinem
1204 4756 1871 4822 victimarum,carnium-

296 4870 400 4923 que
428 4850 781 4905 desiderium.

370 4942 555 5015 (Vers.
584 4944 676 5008 24,
703 4944 819 5013 25.)
859 4963 877 4996 ι
915 4944 981 4999 Et
1010 4958 1117 4999 non
1164 4942 1471 5006 audierunt,
1499 4954 1598 4995 nec
1635 4939 1869 4993 inclina-

300 5042 497 5091 verunt
533 5050 723 5091 aurem
765 5050 920 5090 suam
956 5053 971 5090 :
1000 5036 1093 5090 sed
1125 5033 1378 5088 abierunt
1411 5032 1463 5085 in
1495 5029 1871 5086 voluntatibus

301 5131 429 5201 (sive
473 5128 783 5197 desideriis)
815 5136 871 5182 et
899 5127 1168 5197 pravitate
1190 5126 1371 5180 cordis
1401 5125 1482 5177 sui
1516 5124 1680 5177 mali:
1714 5122 1873 5177 facti-

294 5236 402 5292 que
471 5230 595 5275 sunt
623 5230 946 5282 retrorsum,
1016 5226 1205 5273 etnon
1233 5226 1357 5271 ante
1383 5214 1571 5287 [Vulg.
1607 5216 1659 5267 ni
1693 5211 1868 5285 ante],

299 5330 329 5368 a
356 5312 447 5369 die
474 5328 577 5382 qua
611 5313 814 5382 egressi
851 5322 976 5365 sunt
1011 5320 1190 5379 patres
1221 5325 1405 5364 eorum
1440 5308 1507 5363 de
1533 5318 1674 5361 terra
1706 5307 1874 5376 IEgy-

298 5407 396 5474 pti,
455 5419 629 5473 usque
680 5408 746 5458 ad
792 5404 931 5457 hanc
983 5404 1149 5456 diem.
1199 5419 1217 5452 ι
1251 5399 1333 5454 Me
1366 5402 1581 5454 diei-nte
1620 5416 1634 5455 :
1678 5400 1873 5453 Audite

300 5511 469 5549 vocem
504 5510 695 5558 meam,
730 5501 779 5546 et
811 5508 898 5547 ero
935 5492 1073 5546 vobis
1110 5492 1264 5555 Deus,
1292 5501 1344 5544 et
1379 5492 1605 5559 reliqua,
1632 5506 1739 5544 nou
1774 5508 1869 5543 att-

380 5631 396 5661 ¹
427 5629 593 5685 iidem
639 5628 745 5681 duo
784 5644 917 5683 mss.
949 5669 963 5690 ,
1002 5643 1110 5681 non
1161 5634 1306 5680 recte
1357 5634 1561 5689 tamen,
1589 5638 1871 5693 coguntur,

307 5716 403 5831 pr:
434 5711 732 5763 conantur;
755 5708 809 5754 et
840 5700 996 5769 paulo
1031 5708 1170 5768 post,
1194 5696 1467 5765 con/latio,
1499 5710 1595 5764 pro
1638 5696 1874 5769 cun/luta

307 5772 356 5831 in
397 5772 618 5831 ignalto.

306 5787 618 5845 indignam).

1950 1914 2200 1981 populum
2245 1924 2672 1985 contemptorem
2706 1914 2965 1982 duraeque
2992 1915 3244 1976 cervicis,
3280 1925 3333 1968 et
3358 1915 3519 1967 verba

1950 2005 2045 2059 Dei
2083 2008 2269 2060 audire
2302 2008 2595 2062 nolentem.
2630 2007 2912 2072 Quomodo
2938 2016 3119 2061 autem
3156 2007 3293 2059 Deus
3334 2007 3416 2059 vel
3456 2006 3524 2058 de

1952 2110 2127 2158 nocte.
2162 2099 2241 2151 vel
2274 2100 2527 2161 diluculo.
2551 2110 2607 2155 et
2638 2100 2691 2155 in
2725 2101 2811 2155 die
2846 2101 3022 2153 mittat
3074 2099 3396 2170 prophetas.
3428 2114 3523 2152 su-

1952 2205 2045 2258 pra
2085 2190 2339 2246 diximus.

2023 2277 2207 2347 (Vers.
2240 2281 2331 2347 27,
2360 2280 2476 2349 28.)
2508 2300 2527 2333 ι
2565 2281 2633 2336 Et
2660 2282 2901 2352 loqueris
2932 2281 2999 2337 ad
3024 2296 3119 2336 eos
3144 2282 3324 2337 omnia
3357 2282 3522 2337 verba

1953 2371 2088 2434 haec,
2119 2382 2174 2425 et
2215 2388 2321 2426 non
2394 2374 2612 2428 audient
2665 2381 2755 2428 te:
2792 2384 2847 2429 et
2883 2373 3099 2428 vocabis
3146 2388 3261 2438 eos,
3304 2382 3359 2427 et
3416 2389 3521 2427 non

1952 2464 2365 2534 respondebunt
2399 2464 2522 2518 tibi.
2552 2464 2619 2518 Et
2652 2465 2804 2519 dices
2834 2468 2898 2517 ad
2944 2480 3082 2520 eos:
3116 2464 3242 2518 ﬂare
3273 2472 3356 2517 est
3392 2478 3527 2532 gens

1954 2570 2072 2625 quae
2106 2556 2464 2610 non.audivit
2492 2570 2677 2611 vocem
2718 2554 2930 2610 Domini
2968 2556 3062 2611 Dei
3099 2556 3209 2620 sui,
3244 2570 3342 2607 nec
3380 2569 3527 2608 rece-

1953 2650 2029 2718 pit
2078 2647 2437 2716 disciplinam.
2483 2647 2655 2703 Periit
2716 2648 2873 2711 ﬁdes,
2906 2658 2961 2701 et
3002 2647 3177 2702 ablata
3215 2655 3296 2701 est
3330 2650 3397 2702 de
3430 2661 3526 2700 ore

1954 2755 2164 2795 eorum.
2204 2758 2223 2792 ι
2276 2739 2352 2795 Ne
2384 2740 2624 2807 dubites,
2654 2741 2853 2811 inquit,
2882 2757 2998 2805 eos,
3034 2741 3321 2796 indurasse
3354 2739 3529 2793 cervi-

1955 2846 2092 2893 cem.
2128 2839 2181 2887 et
2221 2831 2404 2902 pejora
2432 2834 2682 2903 patrihus
2708 2835 2822 2887 suis
2852 2843 3122 2901 operatos.
3164 2833 3304 2887 Ecce
3334 2832 3403 2887 do
3448 2830 3529 2885 lo-

1954 2937 2077 2999 cum
2114 2925 2465 2992 penite-mite,
2525 2940 2625 2979 nec
2647 2925 2767 2978 ideo
2801 2924 2994 2992 loquor
3024 2935 3084 2979 ut
3106 2924 3254 2989 (iant,
3285 2923 3378 2978 sed
3401 2926 3527 2992 quia

1957 2999 2141 3069 futura
2168 3025 2312 3083 sunt,
2355 3015 2561 3069 idcirco
2596 3016 2855 3085 praedico.
2891 3014 3094 3070 Saltem
3132 3030 3275 3071 nunc
3309 3017 3531 3086 loquere

1956 3107 2035 3161 eis
2065 3106 2247 3161 verbis
2284 3107 2440 3171 meis,
2479 3116 2534 3161 et
2574 3116 2751 3162 tamen
2790 3122 2893 3162 non
2933 3108 3151 3163 audient
3186 3118 3258 3173 te,
3290 3118 3343 3161 et
3375 3123 3531 3162 voca-

1958 3199 2041 3253 bis
2092 3213 2209 3263 eos,
2239 3208 2292 3253 et
2350 3214 2457 3253 non
2520 3199 2925 3268 respondebunt
2978 3200 3096 3253 tibi.
3142 3198 3329 3255 Tanta:
3384 3201 3527 3255 enim

1959 3296 2116 3344 erunt
2140 3289 2501 3353 superbizemt
2523 3303 2646 3343 cum
2679 3290 2957 3344 vocaveris
2970 3304 3065 3344 eos
3090 3289 3152 3343 ad
3178 3288 3528 3352 audiendum,

1959 3380 2137 3434 nullus
2170 3381 2499 3448 respondere
2530 3380 2803 3449 dignetur.
2838 3380 2902 3435 Et
2941 3382 3089 3436 dices
3118 3382 3183 3435 ad
3231 3397 3365 3436 eos:
3404 3379 3531 3437 Haec

1958 3476 2035 3524 est
2058 3486 2180 3539 gens
2204 3486 2318 3538 qua:
2348 3486 2449 3524 non
2482 3471 2684 3529 audivit
2719 3486 2892 3525 vocem
2925 3470 3137 3523 Domini
3166 3470 3263 3524 Dei
3297 3473 3403 3530 sui.
3438 3488 3533 3525 nec

1960 3562 2147 3631 recepit
2177 3560 2536 3631 disciplinam.
2576 3562 2822 3624 Pulchre,
2862 3572 2919 3613 ut
2954 3572 3080 3614 ante
3116 3562 3225 3629 jam
3274 3562 3409 3623 dixi,
3434 3576 3529 3615 ne-

1961 3665 2228 3721 quaquam
2266 3652 2518 3721 populum
2555 3666 2732 3715 suum,
2765 3650 2859 3705 sed
2894 3660 3109 3721 gentem
3151 3661 3331 3705 vocat.
3372 3648 3531 3715 Quod

1962 3743 2086 3798 licet
2134 3753 2188 3798 et
2238 3746 2289 3798 in
2340 3754 2581 3810 tempore
2629 3743 3017 3811 prophetarum
3048 3757 3113 3797 ex
3151 3752 3303 3812 parte
3336 3741 3408 3797 sit
3450 3740 3534 3794 l'a-

1963 3842 2132 3901 ctutu,
2166 3846 2219 3889 et
2251 3836 2302 3888 in
2342 3834 2529 3887 umbra
2576 3835 2913 3904 praecesserit
2946 3846 3002 3888 et
3052 3834 3105 3887 in
3156 3833 3427 3901 imagine;
3454 3842 3537 3887 ta-

1964 3941 2088 3981 men
2119 3925 2334 3996 plenius
2385 3926 2688 3995 completur
2719 3925 2772 3979 in
2809 3925 3052 3990 Christo,
3084 3926 3300 3993 quando
3337 3925 3532 3979 nolue-

1965 4027 2092 4073 runt
2147 4019 2389 4089 recipere
2432 4018 2801 4087 disciplinam,
2824 4027 2880 4073 et
2942 4032 3130 4071 vocem
3185 4018 3267 4071 sui
3323 4017 3535 4072 Domini

1965 4118 2430 4177 contempserunt.
2463 4108 2612 4163 Unde
2660 4109 2934 4176 eleganter
2966 4107 3234 4176 inferturfz
3275 4105 3437 4161 Periit
3470 4107 3537 4175 ﬁ-

1966 4200 2078 4263 des,
2116 4214 2238 4269 qute
2267 4200 2484 4270 proprie
2516 4198 2955 4254 Cbrisdanorum
2987 4208 3064 4252 est
3097 4213 3112 4261 ;
3154 4207 3203 4250 et
3242 4198 3425 4252 ablata
3458 4208 3536 4252 est

1966 4288 2030 4343 de
2075 4298 2164 4345 o‘re
2214 4306 2418 4358 eorum,
2465 4292 2642 4346 omnis
2684 4291 2934 4346 videlicet
2984 4291 3100 4345 Filii
3151 4291 3240 4345 Dei
3300 4290 3537 4361 ﬁdeique

1967 4382 2260 4438 confessio.

2045 4475 2220 4543 (Vcrs.
2264 4475 2382 4545 29.)
2421 4494 2440 4527 α
2481 4475 2670 4530 'l‘oude
2716 4474 2971 4544 capillum
3012 4485 3184 4536 tuum,
3217 4485 3273 4528 et
3315 4475 3538 4544 projice,

1970 4583 2022 4625 et
2054 4586 2207 4627 sume
2249 4570 2299 4624 in
2342 4571 2603 4625 directum
2641 4572 2766 4637 (sive
2795 4586 2957 4640 super
3008 4570 3169 4629 labia)
3213 4571 3532 4639 planctum:

1969 4665 2094 4732 quia
2153 4663 2383 4732 projecit
2432 4662 2712 4725 Dominus,
2764 4673 2819 4715 et
2862 4663 3077 4729 reliquit
3138 4661 3539 4729 generationem

1974 4756 2172 4810 luroris
2228 4755 2335 4810 sui.
2377 4774 2396 4807 ι
2439 4754 2502 4807 Et
2556 4753 2677 4821 Job,
2708 4754 2892 4808 auditu
2948 4754 3179 4806 ﬁliorum
3214 4763 3269 4805 et
3310 4752 3541 4804 ﬁliarum

1973 4857 2165 4913 morte,
2192 4848 2415 4915 capillos
2450 4847 2675 4916 legimus
2707 4846 3004 4899 totondisse
3032 4842 3173 4910 (Job.
3203 4843 3264 4905 t),
3311 4852 3360 4895 et
3404 4842 3543 4908 apud

1973 4952 2184 4993 veteres
2240 4941 2353 4993 haec
2410 4950 2527 4993 erat
2564 4940 2802 4990 Olllnlllm
2850 4932 3193 4990 consuetudo
3244 4932 3542 4998 lugentium

1975 5032 2197 5087 toadere
2224 5033 2519 5086 caesariem.
2550 5030 2614 5082 At
2644 5043 2787 5083 nunc
2824 5044 2854 5081 e
2888 5026 3164 5081 contrario
3209 5038 3419 5076 romam
3452 5024 3545 5075 de-

1974 5126 2211 5190 mittere,
2248 5125 2422 5177 luctus
2463 5122 2718 5176 indicium
2767 5126 2871 5172 est.
2912 5117 3103 5173 Omnis
3150 5114 3313 5185 897
3362 5122 3542 5166 autem

1977 5218 2231 5286 planctus
2254 5225 2309 5270 et
2356 5213 2674 5268 lamentatio
2720 5208 3052 5277 propltetalis
3084 5208 3286 5261 ideirco
3317 5206 3546 5260 assumi-

1977 5320 2080 5373 tur,
2143 5310 2282 5375 Quia
2336 5307 2553 5375 projecit
2600 5305 2875 5366 Dominus,
2910 5311 2959 5355 et
2992 5302 3199 5369 reliquit
3248 5300 3546 5370 generatio-

1978 5416 2094 5453 nem
2122 5400 2315 5465 furoris
2360 5399 2462 5449 sui.
2486 5395 2635 5447 Haud
2669 5394 2890 5447 dubium
2932 5394 3058 5460 quin
3094 5392 3346 5462 populum
3380 5389 3549 5442 signi-

1980 5494 2099 5545 licet
2130 5490 2463 5545 Judatorum.
2492 5488 2557 5541 Et
2588 5487 2802 5559 proprie
2837 5486 2941 5541 hoc
2974 5486 3041 5541 ad
3071 5484 3271 5541 Christi
3302 5495 3543 5551 tempora

2049 5629 2068 5659 ²
2096 5625 2272 5680 Malim
2299 5642 2360 5680 ea
2384 5633 2591 5678 tantum
2616 5638 2711 5693 pro
2736 5632 2942 5694 postea.
2969 5620 3167 5680 Confer
3187 5619 3242 5675 in
3265 5612 3544 5677 Ezechiel.

1978 5699 2292 5754 Commenta
2304 5713 2346 5750 r.
2378 5710 2495 5771 cap.
2528 5710 2579 5755 χ.
