3906 6172
453 322 561 384 763
1630 322 1693 384 s.
1737 293 2043 386 EUSEBII
2073 325 2517 389 HIERONYM‘I
3579 336 3666 396 ιιι

458 439 824 500 referendum,
852 438 1071 506 quando
1095 439 1231 506 perit
1258 437 1411 501 ﬁdes.
1441 445 1498 493 ct
1520 437 1694 492 ablata
1721 448 1807 494 est
1843 440 1911 496 de
1937 456 2034 496 ore
2057 470 2108 529 VA
2138 441 2412 498 fastidium
2445 452 2623 514 potest
2666 442 2844 500 facere
2905 443 3230 514 legentibus,
3277 456 3478 514 quanto
3527 453 3668 520 magis

459 534 640 604 populi
666 533 952 584 Dominum
987 531 1440 597 blaspliemautis.
2139 536 2184 590 si
2214 552 2242 589 a
2275 537 2429 590 nobis
2460 538 2621 591 latius
2654 538 2951 591 disseratur
2980 538 2994 590 l

532 624 712 691 (Vers.
737 623 826 687 '50,
857 623 970 689 51.)
1006 643 1024 674 ι
1073 624 1207 686 Quia
1245 623 1490 678 fecerunt
1528 623 1622 678 ﬁlii
1654 622 1794 679 Juda
1837 625 2034 680 malum

463 718 518 771 in
550 727 843 784 conspectu
880 729 1001 769 meo
1032 713 1222 784 [Vn/9.
1251 716 1425 770 oculis
1459 716 1642 788 meis],
1680 717 1812 771 dicit
1859 718 2040 772 Domi-

467 825 611 864 nus:
657 817 950 877 posuerunt
997 805 1318 862 offendicula
1366 822 1460 861 sua
1512 808 1564 861 in
1613 810 1792 873 domo,
1825 809 1877 863 in
1934 825 2036 878 qua

467 903 778 956 invocatum
813 909 895 954 est
959 915 1154 953 nomen
1195 915 1399 960 meum,
1429 909 1487 953 ιιι
1537 901 1842 968 polluerent
1895 917 2037 957 eam.

465 992 530 1047 Et
561 991 965 1046 aadiﬁcaverunt
992 991 1206 1046 excelsa
1236 992 1361 1062 (sive
1384 995 1558 1061 aram)
1584 991 1857 1063 Toplieth,
1921 1011 2041 1063 qua:

467 1092 552 1138 est
581 1083 636 1136 in
664 1083 804 1136 valle
845 1083 936 1136 ﬁlii
977 1082 1211 1148 Ennom,
1240 1091 1298 1136 ut
1331 1085 1684 1137 incenderent
1723 1086 1860 1138 ﬁlios
1890 1101 2040 1147 suos.

467 1185 521 1226 et
559 1175 696 1227 filias
719 1189 844 1227 suas
882 1176 1002 1244 igne
1033 1192 1047 1228 :
1081 1191 1204 1243 quae
1234 1192 1341 1229 non
1394 1178 1646 1244 praecepi,
1679 1192 1776 1230 nec
1809 1177 2040 1244 cogitavi

467 1265 523 1318 in
553 1267 715 1320 corde
759 1282 896 1320 meo.
949 1287 966 1318 ι
999 1268 1150 1333 Quod
1183 1268 1234 1321 in
1288 1270 1485 1336 templo
1518 1271 1608 1322 Dei
1651 1270 1740 1322 filii
1773 1268 1910 1322 Juda
1939 1280 2046 1324 sta-

472 1369 616 1410 tuam
649 1357 776 1412 Baal
807 1361 1109 1427 posuerint,
1141 1361 1194 1414 in
1229 1361 1530 1416 Ezechielis
1577 1362 1842 1430 principio
1882 1364 2044 1416 disci-

471 1464 614 1501 mus.
665 1449 889 1505 Excelsa
951 1461 1152 1518 autem,
1198 1468 1318 1522 qua:
1378 1452 1648 1507 llebraice
1708 1454 2048 1523 appellantur

470 1557 678 1595 ιιιιιιοτιι
732 1544 946 1612 (mm),
979 1544 1094 1598 sive
1145 1559 1296 1598 aram
1347 1543 1618 1612 Topbetli,
1674 1561 1796 1614 qua:
1859 1555 1942 1599 est
1993 1546 2045 1598 iu

470 1632 612 1686 valle
644 1633 879 1686 ﬁliorum
913 1634 1121 1688 Ennom
1156 1634 1192 1699 ί,
1221 1634 1371 1688 illum
1416 1634 1591 1688 locum
1629 1634 1919 1705 signiﬁcat,
1954 1634 2045 1703 qui

471 1723 616 1776 Silue
649 1724 907 1779 fontibus
936 1727 1202 1797 irrigatur
1229 1743 1244 1794 ;
1276 1735 1332 1782 et
1361 1736 1445 1782 est
1474 1742 1722 1782 amamus
1760 1736 1922 1792 atque
1954 1741 2049 1780 ne-

472 1829 746 1877 morosus,
795 1815 1064 1884 hodieque
1109 1817 1391 1871 liortorum
1429 1819 1632 1885 praabet
1663 1817 1904 1871 delicias.
1946 1817 2044 1870 Hic
2079 1812 2116 1864 Β

473 1917 654 1958 autem
686 1906 998 1973 gentilitatis
1018 1921 1172 1960 error
1193 1922 1382 1961 omnes
1411 1907 1717 1976 provincias
1739 1908 2048 1976 occupavit,

475 2008 533 2051 ut
563 1998 630 2051 ad
679 1999 857 2067 capita
904 2001 1168 2052 montium
1222 2000 1476 2069 lucosque
1527 2002 1930 2055 ammuissimos
1967 2000 2048 2055 vi-

476 2091 669 2144 ctimas
715 2091 1078 2153 immolareut,
1105 2103 1158 2144 et
1193 2095 1372 2148 omnis
1409 2108 1588 2162 prava:
1642 2093 2050 2162 superstitionis

480 2183 669 2251 religio
695 2195 1026 2237 servaretur.
1059 2183 1311 2238 Tornmu
1361 2185 1548 2255 (nam)
1595 2185 1778 2256 lingua
1829 2184 2049 2238 llcbrzea

479 2275 865 2341 interpretatur
909 2275 1173 2328 latitudo:
1198 2279 1571 2344 scriptumque
1615 2277 1789 2330 fertur
1825 2277 1876 2329 in
1916 2277 2052 2329 libro

475 2365 646 2417 Jusue
675 2365 764 2416 lilii
808 2365 926 2418 Nun
960 2367 1026 2418 de
1068 2368 1165 2419 hoc
1223 2367 1475 2436 loco.qui
1519 2378 1603 2422 est
1637 2367 1688 2420 iu
1731 2367 1866 2420 valle
1915 2367 2052 2420 lilio—

477 2471 596 2508 rum
659 2456 866 2509 Enuom
916 2455 1116 2524 (Iosue,
1178 2459 1356 2524 xviii),
1405 2470 1463 2512 et
1531 2457 1796 2512 llebraice
1857 2457 2056 2511 dicitur

477 2563 740 2602 cesssou.
795 2545 868 2601 Ge
918 2552 938 2581 ²
986 2548 1119 2619 (Nu)
1191 2550 1389 2619 quippe
1444 2551 1736 2618 φάραγγι,-
1783 2549 1886 2603 hoc
1974 2557 2054 2602 est

479 2641 689 2706 rallem,
741 2650 796 2695 et
849 2657 1024 2694 annos:
1073 2643 1248 2712 (mn),
1278 2642 1358 2696 vel
1413 2643 1648 2696 hominis
1699 2657 1918 2706 nomen,
1973 2641 2053 2694 vel

478 2733 709 2801 gratiam
749 2744 930 2788 sonat.
982 2733 1334 2803 Traduntque
1407 2733 1619 2790 llebrazi
1674 2750 1739 2788 ex
1789 2735 1892 2789 hoc
1940 2735 2057 2787 loco

481 2821 804 2891 appellatam
850 2822 1158 2890 gehennam,
1195 2824 1323 2892 quia
1369 2823 1579 2877 scilicet
1611 2825 1791 2876 omnis
1827 2821 2056 2892 populus

481 2910 790 2965 Judazorum
822 2911 895 2965 ibi
927 2912 1168 2982 perierit,
1193 2911 1472 2967 offendens
1500 2913 1686 2967 Deum.
1717 2912 1771 2966 In
1797 2929 1904 2978 quo
1940 2912 2058 2965 loco

484 3004 647 3060 etiam
690 3003 829 3058 ﬁlios
874 3017 1001 3059 suos
1037 3006 1160 3072 igne
1191 3005 1348 3059 idolis
1386 3007 1786 3070 consecrarint,
1817 3006 1932 3058 sive
1965 3005 2063 3056 hoc

485 3097 785 3151 locaustum
817 3097 1134 3164 obtulerint,
1167 3113 1284 3166 quae
1331 3114 1436 3152 non
1483 3099 1802 3168 praeceperit
1834 3098 1934 3159 eis,
1959 3110 2060 3150 nec

485 3189 589 3242 ulla
625 3189 754 3257 legis
784 3189 1008 3258 jusserit
1057 3190 1336 3244 sanctione
1369 3190 1469 3261 (IV
1523 3189 1652 3260 Reg.
1687 3192 1861 3258 χχιιι).
1905 3189 2058 3254 Quod

485 3282 529 3332 si
589 3278 782 3349 Jepbte
829 3281 1026 3335 obtulit
1074 3281 1237 3336 ﬁliam
1297 3297 1447 3337 suam
1491 3283 1755 3352 virginem
1791 3283 1920 3347 Deo,
1952 3299 2058 3337 non

487 3374 814 3427 sacriﬁcium
850 3374 1043 3443 placet,
1066 3372 1160 3429 sed
1182 3374 1395 3428 animus
1418 3373 1705 3429 offerentis
1729 3374 1931 3444 (Judic.
1960 3374 2058 3445 xl).

487 3465 674 3535 Neque
707 3468 849 3521 enim
882 3467 927 3521 si
980 3467 1155 3530 canis,
1184 3475 1278 3521 aut
1325 3469 1534 3531 asinus,
1569 3476 1662 3519 aut
1721 3467 2058 3521 immundum

487 3556 768 3624 quodlibet
807 3555 1005 3610 animal
1048 3556 1283 3625 primum
1315 3557 1644 3611 occurrisset
1679 3556 1817 3624 patri
1849 3572 1876 3610 a
1916 3557 2063 3611 caede

491 3651 726 3703 hostium
763 3649 1078 3713 revertenti,
1119 3648 1229 3702 Deo
1259 3647 1388 3703 illud
1409 3647 1603 3704 offerre
1637 3649 1917 3705 debuerat.

563 3741 744 3812 (Vers.
784 3741 874 3807 5‘2,
904 3741 1018 3809 33.)
1073 3760 1090 3792 ι
1139 3741 1264 3795 ldeo
1315 3757 1445 3797 ecce
1480 3744 1592 3797 dies
1645 3743 1885 3808 venient,
1933 3743 2066 3798 dicit

493 3836 771 3897 Dominus.
815 3845 870 3890 et
923 3849 1031 3889 non
1077 3834 1291 3889 dicetur
1350 3836 1601 3904 amplius,
1687 3836 1961 3906 Toplieth,
2012 3849 2067 3892 et

491 3926 649 3980 vallis
677 3924 769 3979 ﬁlii
804 3925 1037 3991 Eunom,
1058 3925 1151 3980 sed
1183 3925 1336 3980 vallis
1363 3925 1760 3983 interfectionis
1789 3944 1805 3995 ;
1832 3939 1886 3982 et
1909 3943 2065 3998 sepe-

495 4018 695 4071 lientur
724 4017 745 4048 ³
779 4017 832 4070 in
894 4015 1166 4086 Toplietli,
1196 4030 1265 4071 eo
1313 4018 1452 4086 quod
1511 4033 1616 4071 non
1665 4019 1736 4073 sit
1781 4018 1958 4074 locus.
2005 4020 2068 4072 Et

495 4113 599 4164 erit
639 4111 980 4164 morticiuum
1015 4109 1194 4178 populi
1231 4109 1392 4178 liujus
1445 4111 1497 4163 in
1550 4111 1730 4164 cibum
1758 4111 2069 4167 volucribus

496 4204 618 4258 caeli
691 4212 746 4256 et
802 4203 992 4257 bestiis
1049 4213 1230 4265 terrm,
1287 4211 1342 4256 et
1391 4218 1496 4255 non
1536 4203 1640 4255 erit
1674 4205 1763 4272 qui
1801 4205 2000 4272 abigat.
2045 4222 2063 4254 ι

497 4295 738 4362 Tempus
788 4293 1088 4348 obsidionis
1125 4293 1414 4363 signiﬁcat,
1453 4295 1598 4364 quod
1633 4295 1699 4347 ab
1729 4310 1874 4349 anno
1929 4311 2070 4350 nono

497 4386 778 4441 Sedechia:
818 4389 957 4456 regis
1007 4400 1173 4455 usque
1204 4386 1269 4440 ad
1303 4401 1503 4440 annum
1553 4386 1898 4440 undecimum
1948 4404 2071 4456 per-

499 4481 643 4548 pessi
675 4489 803 4534 sunt
831 4478 881 4551 (1
901 4480 939 4534 V
963 4479 1089 4548 Reg.
1115 4478 1278 4549 xxv);
1301 4480 1538 4550 e1898
1563 4480 1703 4548 quod
1731 4493 2064 4548 nequaquam
2100 4489 2144 4543 ι)

501 4582 725 4624 vocetur
755 4570 912 4623 vallis
940 4570 1054 4637 ipsa
1081 4569 1388 4638 gehennam,
1415 4572 1514 4626 hoc
1539 4579 1640 4635 est,
1669 4571 1819 4625 vallis
1840 4568 2069 4636 Ennom,

499 4664 615 4717 sive
641 4661 875 4728 ﬁliorum
933 4661 1134 4715 Eunoni
1160 4677 1179 4725 ;
1205 4662 1298 4716 sed
1328 4663 1394 4714 ob
1432 4661 1864 4716 interfectionem
1908 4661 2074 4728 pluri-

503 4770 738 4820 morum,
768 4754 921 4808 vallis
972 4753 1268 4808 occisionis.
1305 4751 1478 4808 Tanta
1517 4761 1698 4806 autem
1727 4753 1902 4807 caedes
1947 4753 2074 4817 erit,

502 4859 562 4901 ut
615 4848 668 4901 in
707 4849 826 4902 loco
879 4847 1030 4917 prius
1069 4848 1364 4918 religionis,
1401 4847 1647 4917 sepulcra
1685 4847 1796 4902 sint
1826 4845 2076 4900 innume—

503 4939 692 4992 rabilia
720 4955 736 5006 ;
769 4948 821 4992 et
849 4955 984 5010 quos
1014 4941 1242 5008 sepelire
1291 4953 1393 4992 non
1442 4937 1738 5008 potuerint,
1769 4937 2077 4991 lacerentur

503 5031 572 5084 ab
625 5032 834 5097 avibus,
863 5041 970 5087 eta
1002 5030 1193 5085 bestiis
1249 5029 1604 5094 devoreutur,
1664 5029 1952 5096 nullusque
2004 5027 2078 5080 sit

506 5123 596 5192 qui
629 5123 830 5190 abigat,
861 5122 1057 5176 similia
1093 5131 1360 5185 metuens,
1385 5128 1442 5175 et
1471 5120 1728 5173 humandi
1765 5117 1938 5173 victus
1964 5117 2076 5171 olli-

507 5214 629 5269 ciis.
661 5213 942 5267 Manifesta
975 5212 1422 5276 transcurrimus,
1444 5211 1692 5265 utsicubi
1719 5211 1868 5264 locus
1893 5209 2075 5272 fuerit,

507 5307 562 5362 in
615 5305 869 5369 obscuris
904 5319 1195 5360 moremur.
1226 5303 1397 5372 Ipsius
1429 5301 1574 5356 enim
1614 5301 1734 5356 libri
1769 5301 2077 5371 magnitudo

585 5468 598 5496 ¹
635 5465 706 5517 Ex
742 5463 1014 5518 Brixianis
1047 5463 1322 5519 codicibus
1373 5462 1460 5518 bie
1494 5473 1657 5532 atque
1693 5459 1832 5516 infra
1873 5461 2078 5517 Victor.

511 5535 610 5604 lilii
646 5533 848 5604 Eunoni
878 5533 1188 5600 rescripsit.

585 5609 604 5638 ²
639 5605 696 5659 In
735 5603 999 5660 Hebraico
1032 5614 1113 5659 est
1141 5615 1250 5663 Din
1278 5611 1338 5690 )3
1365 5615 1455 5665 Ri.
1493 5602 1648 5656 vallis
1679 5603 1778 5668 ﬁlii
1819 5601 2080 5663 Hennam,

515 5699 655 5761 quod
691 5698 908 5751 brevius
937 5695 1128 5750 dicitur
1155 5696 1474 5760 Geltcnnont,
1499 5705 1547 5748 et
1570 5694 1852 5764 ἀρχαϊκῶς
1883 5695 2080 5750 Celmi-

520 5784 663 5832 mun,
698 5770 740 5822 υ
770 5769 969 5831 littera,
1003 5767 1066 5821 ad
1097 5767 1331 5838 Syriaca:
1356 5767 1574 5820 dialecti
1626 5766 1918 5833 ingenium,
1947 5782 2046 5817 t‘tm

2212 630 2390 698 (Vers.
2444 631 2561 701 54.)
2620 650 2638 683 ι
2683 630 2751 686 Ει
2805 634 3082 701 quiescere
3139 631 3333 686 faciam
3384 633 3451 687 de
3484 621 3700 690 urbibus

2139 721 2301 782 Juda.
2323 731 2378 774 et
2413 722 2476 775 de
2504 722 2694 791 plateis
2725 719 3022 775 Jerusalem
3059 737 3246 775 vocem
3287 723 3490 790 gaudii,
3516 738 3670 777 vocem

2141 814 2362 879 laetitim,
2386 823 2438 866 et
2474 829 2659 867 vocem
2691 814 2900 882 sponsi,
2927 823 2980 867 et
3016 828 3200 866 vocem
3250 828 3484 883 sponsa’.
3509 811 3557 866 lu
3599 815 3673 868 dc-

2142 907 2460 960 solationem
2492 907 2635 960 enim
2663 907 2766 958 erit
2795 916 2959 958 terra.
2995 925 3012 957 ι
3047 906 3179 958 Cum
3215 905 3364 959 locus
3395 904 3677 960 idololatria)

2144 1013 2331 1052 versus
2365 979 2529 1051 fuerit
2559 998 2611 1050 in
2645 997 2915 1066 sepulcra,
2961 1007 3018 1049 ut
3044 997 3132 1050 ubi
3161 995 3323 1049 Deum
3354 996 3678 1063 offenderant,

2147 1092 2218 1145 ibi
2243 1107 2429 1145 eorum
2458 1091 2731 1143 inhumata
2755 1089 2971 1157 jaceant
2995 1089 3283 1154 cadavera,
3304 1089 3370 1144 de
3397 1089 3528 1143 urbe
3549 1105 3684 1156 quou-

2145 1184 2268 1236 dam
2303 1181 2415 1254 [aL
2467 1198 2588 1250 quzc
2635 1179 2936 1252 quondam]
2966 1177 3262 1234 Jerusalem
3300 1189 3354 1234 et
3395 1181 3463 1234 de
3510 1181 3686 1234 cretcris

2148 1275 2392 1338 urbibus,
2427 1288 2545 1340 qua:
2595 1273 2696 1326 sub
2745 1273 2886 1326 illius
2926 1273 3129 1326 ditione
3203 1281 3384 1334 erant,
3439 1268 3687 1324 auferetur

2146 1365 2320 1418 omnis
2347 1364 2550 1424 laetitia,
2575 1372 2627 1418 et
2660 1378 2892 1418 maerore
2945 1364 3257 1434 gemituque
3288 1372 3337 1418 et
3385 1361 3688 1416 desolationc

2149 1457 2331 1510 omnia
2368 1456 2807 1524 complebuntur.

2222 1546 2376 1617 (Cap.
2428 1545 2560 1600 Vill.
2605 1576 2674 1585 --
2720 1544 2876 1600 Vcrs.
2906 1545 2925 1597 1
2959 1547 3135 1612 seqq.)
3177 1563 3194 1595 ι
3239 1543 3298 1596 ln
3338 1551 3575 1611 tempore
3597 1541 3688 1623 illo,

2150 1637 2225 1690 ait
2263 1636 2543 1702 Dominus,
2577 1637 2798 1705 ejicient
2825 1651 2948 1690 ossa
2978 1637 3119 1703 regis
3151 1635 3312 1699 Juda,
3345 1643 3399 1688 et
3430 1648 3551 1688 ossa
3568 1633 3689 1702 prin-

2150 1732 2330 1800 cipum
2381 1729 2524 1797 ejus,
2548 1739 2601 1783 et
2633 1743 2757 1782 ossa
2790 1727 3153 1790 sacerdotum,
3184 1736 3238 1780 et
3282 1741 3406 1780 Ossa
3435 1725 3694 1796 propheta-

2148 1837 2292 1882 rum,
2323 1831 2379 1875 et
2412 1835 2532 1874 ossa
2579 1835 2790 1880 eorum,
2823 1818 2914 1887 qui
2961 1819 3343 1871 habitaverunt
3393 1815 3691 1876 Jerusalem,

2150 1911 2218 1966 de
2256 1909 2517 1979 sepulcris
2569 1909 2705 1964 suis.
2763 1909 2828 1962 Et
2877 1909 3185 1976 expaudeut
3214 1905 3405 1977 [Vulg.
3465 1903 3694 1974 pandeut]

2150 2018 2214 2057 ea
2247 2004 2312 2056 ad
2343 2004 2512 2057 solem
2553 2012 2608 2056 et
2648 2002 2849 2064 lunam,
2875 2010 2928 2054 et
2953 2000 3016 2054 ad
3049 2015 3265 2054 omnem
3300 1999 3546 2052 militiam
3576 1998 3692 2057 cceli,

2151 2109 2274 2165 qum
2320 2095 2650 2158 dilexerunt,
2685 2105 2738 2148 et
2777 2093 2975 2160 quibus
3008 2093 3336 2154 servierunt.
3365 2101 3420 2144 et
3457 2101 3572 2159 pust
3600 2106 3697 2160 quae

2153 2187 2588 2249 ambulaverunt,
2623 2195 2676 2238 et
2705 2201 2824 2254 qua:
2877 2184 3209 2252 quaesierunt
3263 2193 3317 2237 et
3343 2183 3697 2236 adoraverunt.

2154 2279 2271 2334 Non
2325 2279 2670 2347 colligeutur,
2703 2286 2755 2330 et
2797 2291 2903 2328 non
2954 2274 3328 2342 sepelientur;
3358 2273 3409 2326 in
3453 2271 3693 2340 sterquili-

2155 2371 2300 2424 uium
2355 2384 2517 2436 super
2564 2368 2750 2420 faciem
2786 2377 2942 2421 terra:
2995 2373 3178 2418 erunt.
3208 2363 3275 2418 Et
3318 2364 3520 2433 eligent
3555 2365 3699 2430 magis

2157 2471 2383 2516 mortem
2420 2476 2579 2530 quam
2613 2460 2774 2513 vitam
2819 2472 3007 2512 omnes
3042 2458 3136 2528 qui
3189 2456 3390 2511 residui
3425 2454 3613 2509 fuerint
3647 2454 3701 2505 de

2155 2553 2481 2622 Cogitatione
2517 2554 2618 2605 hac
2649 2551 2903 2620 pessima.
2931 2552 2983 2602 in
3021 2549 3289 2602 universis
3323 2547 3452 2602 locis
3479 2563 3588 2616 qua:
3623 2547 3698 2598 dc-

2160 2646 2348 2700 relicta
2379 2654 2526 2706 situt,
2559 2643 2626 2697 ad
2662 2658 2779 2712 qua:
2811 2643 2942 2712 cjeci
2971 2656 3085 2706 eos,
3117 2640 3247 2694 dicit
3278 2639 3528 2693 Dominus
3567 2652 3699 2692 exer-

2159 2736 2384 2790 cituum.
2432 2752 2449 2785 ι
2481 2733 2672 2789 Omnia
2713 2749 2831 2801 qua:
2867 2733 3202 2803 prOpbetalis
3243 2745 3423 2786 sermo
3452 2731 3700 2792 describit,

2161 2839 2345 2882 nostro
2402 2835 2642 2895 tempore
2685 2824 2958 2880 cernimus
3000 2825 3288 2883 accidisse.
3345 2838 3447 2877 non
3516 2821 3701 2876 unile-

2160 2919 2417 2982 rusalem,
2445 2933 2563 2988 qua:
2611 2919 2711 2971 ista
2761 2932 3012 2986 perpessa
3050 2926 3134 2970 est
3169 2931 3196 2969 a
3243 2915 3510 2970 Chaldaeis
3561 2924 3704 2981 atque

2161 3009 2440 3070 Romanis,
2468 3009 2563 3064 sed
2596 3010 2850 3063 universo
2887 3008 3004 3062 orbi
3033 3024 3048 3066 :
3087 3008 3156 3060 ita
3190 3016 3248 3058 ut
3291 3006 3536 3076 lacryma:
3568 3020 3705 3057 arue-

2167 3105 2293 3164 rint,
2318 3115 2372 3156 et
2407 3103 2657 3155 universa
2685 3100 2950 3168 completa
2987 3099 3096 3151 sint
3125 3097 3338 3152 ossibus
3378 3108 3702 3150 mortuorum.

2163 3193 2226 3246 Et
2259 3194 2382 3261 quia
2434 3192 2697 3256 solebant,
2737 3191 2892 3258 juxta
2917 3190 3198 3257 antiquum
3255 3201 3480 3248 morem,
3512 3201 3701 3241 aurum.

2162 3285 2476 3355 etquzndam
2512 3293 2833 3335 ormmenta
2867 3280 2949 3334 vel
3007 3279 3291 3333 mulierum
3322 3278 3401 3333 vel
3433 3279 3650 3331 virorum
3683 3274 3704 3306 ⁸

2164 3376 2217 3429 in
2263 3374 2528 3441 sepulcris
2578 3372 2835 3438 condere,
2895 3372 3009 3424 haec
3061 3384 3276 3438 quoque
3335 3369 3603 3438 frangebat
3658 3377 3704 3418 et

2164 3465 2466 3534 eﬁ‘odiebat.
2489 3462 2743 3524 avaritia,
2772 3470 2828 3514 ut
2856 3460 2994 3514 caelo
3023 3468 3079 3513 et
3111 3459 3220 3512 luci
3262 3458 3620 3525 proderentur.
3649 3453 3705 3506 Et

2165 3559 2285 3613 ideo
2315 3557 2545 3626 primum
2577 3568 2762 3623 regum
2816 3550 2952 3606 Juda
3032 3559 3088 3605 et
3148 3549 3451 3620 principum
3484 3547 3607 3617 ejus,
3633 3561 3706 3601 sa-

2165 3651 2442 3706 cerdotum
2477 3662 2688 3716 quoque
2713 3654 2767 3699 et
2819 3645 3230 3713 prophetarum,
3257 3653 3314 3695 et
3357 3642 3583 3694 universi
3620 3653 3703 3707 po-

2167 3741 2300 3811 puli,
2335 3740 2424 3809 qui
2455 3738 2671 3793 fuerant
2703 3737 2755 3789 in
2783 3734 3108 3800 Jerusalem,
3129 3748 3252 3788 ossa
3276 3731 3345 3787 de
3373 3731 3576 3786 tumulis
3596 3743 3701 3796 pro-

2169 3833 2505 3894 ferebantur,
2545 3829 2782 3898 patentia
2820 3827 2917 3883 soli
2958 3836 3013 3880 et
3045 3826 3206 3888 lunae,
3235 3834 3290 3881 et
3335 3822 3560 3878 omnium
3597 3819 3705 3873 stel-

2169 3929 2340 3984 larum
2362 3924 2600 3995 aspectui
2625 3941 2640 3991 ;
2661 3933 2719 3977 ut
2736 3923 2932 3991 quibus
2966 3920 3291 3982 servierant,
3307 3917 3473 3989 899
3488 3916 3705 3972 derelicto

2167 4020 2300 4081 Deo,
2334 4033 2517 4072 eorum
2571 4027 2819 4086 paterent
2872 4015 3200 4084 aspectibus,
3257 4021 3313 4068 et
3337 4018 3628 4079 consumpta
3656 4007 3702 4059 in

2171 4111 2571 4181 sterquilinium
2605 4119 2660 4164 et
2686 4109 2901 4163 cineres
2935 4107 3304 4164 solverentur.
3340 4103 3398 4160 Si
3421 4106 3533 4176 quis
3553 4112 3702 4157 autem

2171 4205 2238 4259 de
2280 4202 2626 4265 multitudine
2685 4199 2951 4269 potuisset
3020 4197 3280 4269 effugere,
3310 4197 3379 4252 ad
3417 4207 3703 4267 quaecunque

2173 4297 2286 4351 loca
2325 4296 2581 4358 venisset,
2611 4301 2836 4346 mortem
2863 4289 3146 4362 prmferret
3166 4291 3313 4358 vitae,
3362 4298 3414 4344 et
3445 4283 3698 4344 remedium

2175 4388 2407 4445 infelicis
2440 4386 2635 4440 animae
2660 4391 2874 4452 putaret
2905 4383 3200 4437 interitum.

2247 4480 2423 4552 (Vcrs.
2455 4480 2532 4547 4.)
2571 4496 2588 4529 ι
2634 4476 2701 4530 Ει
2730 4476 2879 4530 dices
2913 4473 2978 4529 ad
3037 4489 3131 4529 eos
3162 4490 3178 4534 :
3213 4473 3340 4530 llaec
3386 4473 3516 4529 dicit
3563 4468 3704 4525 Domi-

2177 4590 2275 4628 nus
2305 4590 2320 4630 :
2356 4566 2636 4639 Numquid
2667 4567 2757 4638 qui
2802 4567 2957 4621 cadet
2981 4565 3078 4637 [αι.
3111 4566 3300 4638 cadit],
3327 4581 3433 4621 non
3463 4557 3703 4631 resurget?

2173 4673 2229 4720 et
2257 4663 2346 4733 qui
2379 4677 2602 4716 aversus
2651 4671 2754 4725 est,
2776 4675 2886 4715 non
2921 4667 3222 4714 revertetur
3251 4657 3379 4727 (sive
3409 4672 3513 4710 non
3539 4661 3698 4707 arente-

2177 4755 2333 4815 tur)?
2363 4773 2381 4806 ι
2412 4754 2540 4808 Post
2571 4762 2719 4806 tanta
2772 4753 2913 4806 mala
2961 4751 3025 4805 ad
3082 4749 3460 4819 paenitentiam
3496 4748 3699 4816 provocat

2176 4863 2269 4902 eos
2322 4847 2412 4915 qui
2465 4843 2739 4913 potuerint
2771 4857 3052 4898 remanere
3084 4857 3100 4908 ;
3130 4841 3245 4896 sive
3280 4840 3437 4909 prius
3472 4851 3616 4908 quam
3639 4847 3702 4885 ve-

2179 4939 2329 4990 niant
2377 4949 2497 5004 qua:
2525 4934 2762 4988 minatus
2791 4941 2896 4997 est,
2926 4930 3178 4985 hortatur
3207 4930 3273 4984 ad
3309 4927 3699 4983 conversionem.

2177 5039 2229 5084 et
2259 5028 2352 5082 dat
2378 5027 2553 5081 locum
2581 5023 2934 5095 paenitentiae.
2962 5021 3113 5088 Quod
3141 5029 3320 5076 autem
3344 5021 3492 5091 juxta
3522 5014 3703 5072 Hebrai-

2178 5134 2299 5174 cum
2332 5119 2592 5187 scriptum
2615 5128 2720 5183 est,
2765 5114 2831 5167 Et
2865 5115 2954 5184 qui
2981 5131 3192 5168 aversus
3223 5123 3304 5168 est
3334 5130 3437 5167 non
3464 5118 3699 5165 avertatur.

2183 5209 2313 5264 illud
2371 5207 2640 5278 significat
2688 5208 2831 5275 quod
2887 5205 3047 5274 quia
3098 5203 3206 5259 Deo
3261 5211 3532 5258 aversatus
3559 5207 3646 5258 est,
3669 5196 3699 5246 si

2184 5300 2413 5356 voluerit
2438 5300 2503 5354 ad
2534 5299 2758 5355 meliora
2802 5297 3066 5363 converti,
3098 5296 3271 5366 possit
3304 5308 3358 5350 et
3393 5294 3480 5349 Dei
3505 5293 3698 5348 furorem

2183 5475 2337 5515 versa
2371 5461 2424 5514 in
2460 5460 2526 5518 A.

2253 5534 2273 5564 ³
2305 5531 2446 5597 Idem
2489 5529 2556 5583 ad
2595 5528 2731 5583 Sacri
2766 5537 2944 5582 textus
2973 5527 3221 5586 formam,
3257 5536 3306 5578 et
3339 5526 3582 5597 sepelierit.

2254 5603 2276 5634 δ
2316 5601 2370 5653 ln
2423 5595 2594 5663 Vatic.
2627 5611 2681 5652 et
2713 5598 2913 5652 Cister.
2946 5598 3158 5654 is‘bnc.
3193 5607 3242 5648 et
3293 5595 3521 5663 qun-dam
3569 5603 3706 5663 orna.

2185 5685 2357 5726 menta
2388 5672 2462 5723 vel
2502 5659 2798 5728 mittiemm,
2825 5667 2901 5719 vel
2939 5669 3190 5726 virorum,
3228 5657 3600 5718 desiderantur.
3631 5657 3706 5711 LC-

2189 5746 2333 5795 viora
2365 5741 2610 5810 qua-dam
2648 5738 2878 5792 inferius
2913 5753 2974 5791 ex
3015 5738 3204 5792 iisdcm
3230 5736 3568 5802 castigamus.
