3950 6180
283 325 395 388 765

756 327 1245 393 COMMENTAR.
1289 332 1373 393 ΙΝ
1408 330 1818 392 JEREMIAM
1889 329 2343 392 PROPIIETAM
2395 332 2534 394 LIB.
2579 330 2658 400 ll,
2695 331 2854 392 CAP.
2889 329 3051 391 VIII.

3427 327 3536 389 τεῦ

270 444 345 497 ad
387 442 611 497 meliora
651 456 996 510 convertere,
1036 455 1092 502 et
1140 446 1380 501 venientt
1451 445 1741 509 obsistere,
1796 452 1847 500 et
1876 447 1924 506 Α
1951 453 2210 513 operatus
2237 455 2323 501 est
2362 445 2537 514 stylus
2572 445 2802 499 mendax
2851 443 3180 496 scribarum.
3221 459 3239 492 ι
3280 441 3357 493 Ad
3399 443 3502 494 seri

275 535 466 604 plagas
497 536 747 605 precibus
781 537 1014 594 evitare.

352 626 528 697 (Vera.
587 625 664 698 5.)
725 647 743 680 s
791 628 974 695 Quare
1028 645 1158 698 ergo
1181 643 1407 684 aversus
1443 630 1571 682 'est
1619 627 1849 697 populus

273 718 379 773 iste
411 719 464 772 in
492 718 790 774 Jerusalem
817 721 1104 776 aversione
1139 722 1475 776 contentiosa
1501 720 1523 772 ?
1549 719 1850 788 apprehen-

273 809 478 861 dernut
517 811 886 874 mendacium,
927 822 982 867 et
1031 813 1318 867 noluerunt
1346 812 1567 866 reverti.
1614 809 1848 876 Quauao,

272 899 478 969 inquit,
507 902 677 970 magis
704 917 807 970 ego
845 903 913 956 ad
946 904 1317 970 penitentiam
1357 903 1672 972 provocavi,
1703 912 1850 954 tanto

273 991 350 1042 illi
383 990 563 1057 plures
588 1002 925 1047 recesserunt
949 1009 978 1048 a
1005 1008 1112 1057 me,
1146 1009 1256 1049 non
1298 1003 1406 1046 tam
1446 993 1699 1060 peccandi
1737 1000 1851 1044 stu-

271 1082 563 1149 dio,quatu
593 1098 677 1139 me
701 1085 1013 1152 superandi.
1039 1085 1528 1154 Apprehenderunt
1557 1085 1700 1137 enim
1744 1083 1853 1135 for-

273 1172 311 1224 ti
343 1188 404 1224 er
424 1173 884 1234 meudacium,vel
907 1176 1069 1240 idola,
1098 1177 1182 1230 vel
1210 1191 1368 1244 prava
1391 1190 1617 1244 qumque.
1633 1173 1850 1227 veritati

273 1262 600 1331 iustitiaque
624 1264 918 1328 contraria,
937 1267 1297 1320 etnolueruut
1322 1267 1533 1321 reverti.
1559 1264 1670 1318 Non
1697 1266 1850 1328 dixit,

276 1369 386 1405 non
422 1362 732 1421 potuerunt,
755 1355 872 1419 sed,
894 1356 1038 1409 omni
1068 1356 1249 1410 studio
1271 1359 1451 1424 iniqua
1479 1357 1668 1410 sectati
1704 1366 1848 1408 sunt.

352 1441 532 1512 (Vers.
565 1443 642 1514 6.)
693 1463 711 1495 ι
744 1445 964 1500 Attendi
1010 1459 1064 1500 et
1116 1448 1412 1502 auscultavi
1459 1464 1666 1504 :nemo
1707 1446 1853 1510 quod

243 1536 480 1617 .bonum
511 1549 614 1600 est,
647 1539 906 1607 luquitur.
955 1537 1146 1593 Nullus
1174 1550 1256 1594 est
1299 1541 1388 1607 qui
1430 1549 1556 1610 agat
1588 1541 1855 1606 preniten-

278 1627 412 1680 tiam
447 1643 610 1696 super
637 1638 857 1696 peccato
898 1645 1017 1689 suo.
1045 1631 1231 1686 dicens
1267 1648 1281 1687 :
1327 1631 1466 1696 Quid
1493 1630 1856 1685 feci?()mnes

273 1719 532 1774 conversi
562 1730 690 1774 sunt
717 1723 783 1774 ad
813 1737 1030 1776 cursum
1055 1739 1232 1788 suum,
1252 1728 1406 1793 quasi
1437 1738 1612 1791 equus
1652 1725 1848 1792 impetu

277 1814 487 1867 vadens
520 1815 586 1868 ad
639 1814 905 1884 praelium.
956 1833 975 1867 ι
1014 1815 1275 1872 Revocati
1331 1819 1397 1870 ad
1445 1818 1849 1886 paenitentiam,

275 1905 469 1959 audire
513 1915 870 1961 contemnunt
903 1923 918 1965 :
949 1923 1046 1963 nec
1097 1907 1292 1963 sufﬁcit
1331 1909 1410 1964 eis
1449 1919 1641 1962 contra
1668 1908 1852 1962 Domi-

277 2010 408 2048 num
440 1996 754 2066 deliquisse,
786 2009 842 2054 et
869 1999 1078 2056 locutos
1129 2015 1250 2055 esse
1287 2001 1682 2069 blasphemiam
1718 2001 1855 2057 :sed

273 2105 472 2146 omnes
548 2092 722 2147 instar
779 2108 1064 2163 equorum,
1131 2091 1336 2147 fervido
1413 2108 1578 2148 cursu
1608 2093 1675 2147 ad
1717 2109 1854 2162 prae-

277 2185 411 2245 linm
449 2185 745 2249 ruentium,
802 2201 904 2240 non
940 2186 1250 2257 recogitant
1287 2201 1449 2256 super
1481 2195 1706 2255 peccato
1734 2201 1856 2250 suo,

273 2289 377 2329 nec
405 2275 609 2341 dicunt,
671 2276 811 2342 Quid
842 2277 991 2346 feci?
1046 2280 1153 2332 Per
1187 2293 1308 2349 qua:
1367 2279 1740 2348 intelligimus,
1774 2279 1859 2333 vel

276 2369 348 2420 de
381 2370 528 2422 omni
565 2384 764 2436 genere
789 2372 1026 2426 humano
1067 2373 1168 2425 ista
1206 2370 1336 2435 dici,
1368 2370 1495 2440 quia
1532 2386 1762 2438 pronqu
1791 2373 1862 2425 sit

276 2458 345 2510 ad
382 2459 531 2523 vitia,
570 2459 654 2514 vel
684 2462 748 2514 de
781 2470 1023 2530 tempore
1047 2459 1370 2524 Salvatoris,
1413 2461 1632 2530 quando
1667 2475 1859 2516 omnes

274 2551 702 2616 declinaverunt,
737 2551 897 2607 simul
929 2550 1316 2620 iuutilesifacti
1345 2561 1469 2604 sunt
1518 2553 1538 2582 ’
1584 2567 1598 2606 :
1630 2567 1736 2604 non
1762 2551 1865 2620 fni;

273 2647 366 2713 qui
394 2642 596 2699 faceret
616 2645 841 2709 bonum,
870 2660 977 2700 non
1015 2643 1117 2698 fuit
1172 2658 1343 2712 usque
1396 2645 1463 2696 ad
1492 2658 1657 2696 unum
1685 2641 1856 2710 (Psal.

273 2738 418 2798 xm).
447 2735 598 2791 Unde
627 2747 681 2790 et
710 2739 822 2804 ipse
845 2737 1068 2808 mystice
1101 2733 1342 2789 clamitat
1371 2731 1469 2804 [αι.
1543 2731 1821 2802 clamavit]
1846 2744 1860 2783 :

272 2829 491 2883 Salvum
537 2846 616 2883 me
676 2831 782 2896 fac,
831 2829 1070 2892 Domine,
1111 2827 1364 2898 quoniam
1403 2825 1589 2896 defecit
1641 2839 1860 2878 sanctus

275 2923 449 2989 (Pvnl.
493 2939 570 2983 xl,
631 2924 704 2990 1).
736 2923 833 2976 Sin
885 2933 1066 2974 autem
1125 2922 1239 2974 haec
1285 2919 1358 2971 ita
1389 2932 1449 2971 se
1498 2919 1724 2976 habent,
1769 2915 1859 2968 ubi

257 3026 407 3070 .stllll
443 3015 532 3084 qui
577 3015 628 3068 in
671 3025 857 3069 nostra
905 3013 1094 3073 dicunt
1123 3013 1362 3082 positum
1392 3025 1516 3065 esse
1547 3011 1850 3073 voluntate,

1950 537 2300 606 basioquitur
2317 549 2367 593 et
2385 538 2712 600 Phariszeos,
2737 538 2826 607 qui
2859 535 3236 606 Legisjactant
3259 534 3530 595 notitiam,

1949 638 2006 684 et
2036 631 2339 685 scribentes
2389 631 2639 684 scribunt
2677 630 3046 699 in‘quitatem.
3110 627 3375 694 Quodque
3407 627 3482 678 ait
3515 641 3529 680 :

2030 720 2210 792 (Vers.
2248 723 2326 791 9.)
2364 743 2380 775 ι
2423 723 2645 778 Confusi
2672 732 2798 778 sunt
2832 723 3133 790 sapientes,
3169 717 3447 786 perterriti
3476 729 3528 770 et

1951 816 2097 884 capti
2142 826 2295 872 sunt.
2349 815 2584 872 Verbum
2628 816 2772 870 enim
2832 815 3042 869 Domini
3079 812 3449 882 proiecerunt,
3477 820 3532 862 et

1953 907 2214 975 sapientia
2258 909 2401 961 nulla
2460 919 2541 962 est
2599 909 2650 961 iu
2699 910 2802 973 eis,
2848 925 2867 958 ι
2929 921 3038 960 non
3101 919 3210 974 quo
3259 902 3534 970 sapientes

1953 999 2062 1052 sint
2094 999 2185 1066 qui
2218 999 2316 1052 ista
2350 998 2580 1062 faciunt,
2646 999 2737 1054 sed
2796 997 3071 1066 sapientes
3125 1001 3301 1053 vocat,
3346 1002 3402 1044 ut
3429 990 3534 1042 sub

1949 1087 2160 1156 judicio
2223 1089 2663 1141 condemnentur
2698 1103 2711 1141 :
2751 1095 2805 1140 et
2845 1101 2874 1140 e
2931 1085 3208 1140 contrario
3265 1079 3530 1149 sapientia

1953 1191 2139 1232 eorum
2193 1177 2556 1230 convincatur
2587 1176 2844 1238 stultitia,
2899 1175 3119 1228 dicente
3171 1172 3336 1226 Paulo
3403 1183 3531 1236 apo-

1953 1267 2090 1321 stolo
2131 1284 2147 1324 :
2183 1267 2285 1332 Qui
2322 1267 2474 1322 doces
2525 1268 2715 1330 alium,
2766 1267 2990 1334 teipsunt
3032 1281 3134 1318 non
3163 1264 3314 1316 doces
3347 1260 3528 1332 (Rom.

1955 1377 2015 1422 tt,
2051 1361 2184 1430 2f)?
2218 1363 2280 1416 Et
2310 1362 2437 1431 quia
2479 1361 2700 1417 verbum
2738 1359 2947 1414 Domini
2987 1358 3352 1427 projecerunt,
3407 1355 3530 1408 ideo

1958 1453 2099 1505 nulla
2137 1453 2399 1519 sapientia
2450 1453 2628 1508 estin
2685 1453 2785 1506 eis.
2822 1451 3051 1505 Frustra
3101 1448 3267 1518 igitur
3323 1447 3532 1516 jactant

1955 1544 2116 1613 Legis
2147 1544 2454 1608 scientiam,
2483 1545 2573 1612 qui
2603 1544 2907 1598 doctrinam
2937 1542 3195 1611 operibus
3218 1540 3528 1594 destruunt.

2025 1636 2203 1706 (Vers.
2237 1636 2321 1700 10,
2360 1637 2495 1705 tl.).
2533 1654 2551 1686 ι
2594 1635 2885 1704 Pr0pterea
2929 1635 3068 1689 dabo
3115 1633 3374 1686 mulieres
3403 1629 3530 1702 (sire

1957 1728 2175 1794 uxores)
2207 1743 2391 1782 eorum
2413 1729 2651 1783 externis
2685 1727 2786 1794 ial.
2833 1723 3060 1797 exteris]
3087 1742 3102 1780 :
3130 1740 3290 1793 agros
3327 1739 3516 1778 eorum

1958 1819 2264 1873 hteredibos
2305 1837 2318 1873 :
2362 1819 2489 1888 quia
2522 1835 2550 1872 a
2586 1820 2813 1873 minimo
2867 1833 3040 1886 usque
3097 1817 3164 1870 ad
3204 1815 3526 1878 maximum,

1957 1923 2146 1962 omnes
2176 1910 2419 1963 avaritia:
2457 1911 2706 1974 student;
2738 1925 2767 1963 a
2803 1909 3067 1979 propheta
3123 1922 3296 1975 usque
3331 1907 3395 1960 ad
3427 1921 3519 1959 sa-

1959 1999 2253 2065 cerdotem,
2293 2001 2473 2056 cuncti
2505 2001 2708 2055 faciunt
2743 2001 3084 2055 mendacium
3111 1999 3237 2063 (sive
3263 1999 3526 2061 iniquita-

1963 2091 2115 2157 tem).
2148 2091 2212 2146 Et
2248 2094 2512 2148 sanabant
2543 2092 2928 2147 contritionem
2962 2091 3083 2146 filia:
3114 2091 3296 2160 populi
3327 2092 3432 2143 mei
3461 2091 3528 2142 ad

1962 2185 2348 2254 ignominiam,
2406 2186 2650 2240 dicentes
2683 2202 2697 2240 :
2730 2183 2867 2249 Pax,
2914 2199 3044 2254 pax,
3074 2198 3195 2238 cum
3247 2198 3353 2238 non
3384 2190 3534 2236 esset

1963 2291 2087 2345 pax.
2132 2295 2150 2328 ι
2185 2277 2526 2342 Receperunt
2568 2277 2870 2331 mercedem
2897 2289 3120 2345 operum
3158 2289 3384 2328 suorum
3417 2291 3430 2327 :
3471 2288 3525 2326 ni

1964 2369 2054 2438 qui
2089 2369 2309 2420 verbum
2347 2369 2557 2421 Domini
2621 2369 2986 2436 projecerunt,
3029 2367 3130 2434 ipsi
3163 2365 3531 2434 abjicercntur

1965 2462 2033 2514 ab
2057 2477 2142 2516 eo.
2178 2460 2408 2522 Uxores,
2439 2461 2632 2528 inquit,
2666 2475 2852 2514 eorum
2923 2469 2974 2513 et
3012 2457 3389 2526 possessiones
3419 2466 3529 2508 tra-

1967 2556 2088 2608 dam
2138 2554 2409 2608 hostibus.
2465 2552 2532 2607 Et
2587 2569 2655 2607 ne
2687 2568 2806 2606 mea
2861 2552 3100 2607 crudelis
3155 2559 3378 2618 putetur
3413 2564 3534 2603 esse.

1965 2648 2255 2708 sententia,
2286 2660 2480 2702 causas
2501 2646 2716 2699 auditor
2733 2654 3028 2714 agnoscat:
3057 2644 3100 2696 Α
3128 2643 3350 2696 minimo
3373 2657 3535 2710 usque

1967 2738 2037 2792 ad
2065 2738 2375 2801 maximum,
2411 2735 2569 2804 θοι
2607 2751 2782 2788 omnes
2823 2733 3064 2787 avaritia:
3101 2731 3328 2783 student.
3365 2727 3532 2780 lladis

1966 2837 2052 2884 est
2077 2829 2220 2883 enim
2248 2830 2490 2883 omnium
2528 2827 2792 2881 malorum
2844 2825 3072 2879 avaritia
3104 2822 3154 2887 (l
3191 2822 3326 2876 'f'tm.
3359 2821 3455 2884 vt).
3492 2822 3533 2872 Α

1967 2923 2220 2988 ρνοριιεια
2256 2927 2429 2988 usque
2461 2919 2528 2971 ad
2577 2918 2918 2976 sacerdotem,
2958 2917 3050 2982 qui
3082 2915 3219 2969 alios
3250 2921 3534 2983 peccantes

1970 3013 2261 3080 prohibere
2285 3011 2564 3072 deberent,
2600 3009 2758 3078 primi
2797 3006 3095 3062 sceleribus
3125 3004 3408 3074 subjaccnt
3440 3020 3454 3055 :
3483 3012 3538 3054 et

275 3106 637 3160 ontnicarere
677 3103 942 3174 peccato?
974 3103 1164 3166 Nemo,
1216 3101 1414 3171 inquit,
1467 3102 1603 3170 quod
1661 3103 1850 3150 bonum
1879 3140 1922 3195 ο
1969 3101 2149 3156 cuncti
2177 3101 2257 3154 vel
2310 3100 2489 3168 iniqua
2530 3099 2756 3163 faciunt,
2807 3097 2932 3150 du...
2981 3095 3160 3149 aliena
3225 3092 3531 3159 diripiunt:

276 3210 351 3252 est
384 3198 618 3267 loquitur
656 3213 670 3251 :
701 3196 822 3264 quia
845 3195 1009 3250 etiam
1053 3207 1150 3262 pro
1173 3193 1350 3246 otioso
1386 3193 1552 3245 verbo
1587 3189 1844 3242 reddituri

274 3304 464 3344 nutus
495 3288 754 3340 rationem
780 3287 832 3339 in
872 3285 960 3337 die
989 3285 1180 3353 judicii
1210 3281 1426 3354 (Matth.
1491 3285 1622 3346 xu).

348 3383 513 3453 900
542 3381 719 3449 (Vers.
748 3378 825 3444 7.)
865 3395 884 3428 ι
921 3376 1110 3430 Milvus
1140 3377 1191 3428 in
1243 3375 1382 3429 cmlo
1433 3374 1682 3443 cognovit
1715 3384 1853 3425 tem-

279 3494 379 3545 pus
415 3489 572 3528 suum
612 3489 626 3527 ;
660 3483 833 3524 turtur
864 3482 913 3523 et
949 3469 1186 3522 hirundo
1219 3477 1274 3521 et
1308 3468 1517 3521 ciconia
1581 3465 1848 3519 custodie-

279 3578 407 3622 runt
455 3577 666 3635 tempus
706 3566 974 3619 adventus
1015 3562 1099 3617 sui
1137 3577 1151 3615 :
1188 3559 1419 3630 populus
1475 3568 1654 3612 autem
1699 3573 1852 3611 meus

279 3677 388 3714 non
421 3657 674 3728 cognovit
705 3657 968 3726 judicium
1010 3654 1248 3709 00mini.
1298 3670 1317 3703 ι
1355 3651 1458 3705 Pro
1489 3651 1650 3704 milvo
1691 3664 1849 3718 quem

281 3755 672 3820 interpretatus
703 3759 788 3804 est
841 3747 1224 3819 Symmachus,
1285 3743 1425 3799 LXX
1456 3754 1512 3798 et
1548 3742 1850 3798 'l‘heodmio

282 3847 455 3910 ipsmu
485 3841 704 3896 verbum
770 3838 1092 3894 Hebraicum
1149 3851 1379 3908 posuere
1441 3844 1593 3890 astus
1640 3842 1848 3894 m’Dl'l.

279 3936 494 4004 Aquila,
528 3935 798 3987 Iterodium
824 3931 864 3986 ⁸.
906 3931 1140 3985 Rursum
1183 3945 1280 3999 pro
1318 3929 1630 3990 hirundine,
1689 3925 1851 3996 Sym-

283 4027 532 4090 machus,
569 4027 803 4078 cicadam
838 4023 1136 4086 transtulit,
1178 4038 1299 4092 qme
1349 4019 1615 4074 Hebraice
1645 4019 1850 4072 dicitur

278 4137 353 4174 sts
376 4127 500 4180 οη).
561 4116 665 4171 Pro
725 4131 790 4170 eo
819 4125 998 4169 autem
1050 4116 1190 4185 quod
1255 4129 1353 4168 nos
1394 4111 1671 4181 posuimus
1713 4111 1849 4162 cico-

280 4216 448 4278 niam,
476 4221 528 4266 et
557 4211 748 4280 Aquila
792 4219 849 4263 et
878 4209 1233 4276 Symmachus
1295 4205 1370 4258 ita
1434 4214 1493 4256 ut
1527 4203 1584 4256 in
1623 4200 1850 4256 llebrzeo

280 4309 544 4375 scriptum
607 4314 713 4365 est,
750 4317 910 4366 acus,
944 4310 1074 4364 may
1126 4299 1528 4352 transtulerunt
1569 4311 1706 4364 :pro
1738 4309 1849 4364 quo

281 4399 656 4469 Septuaginta,
687 4397 802 4465 agri
839 4408 1078 4464 passeres
1130 4389 1476 4458 interpretati
1511 4395 1660 4442 sunt.
1700 4384 1849 4440 Unus

1959 3193 2035 3247 vel
2083 3206 2233 3246 certe
2277 3193 2642 3252 mendacium,
2702 3202 2759 3243 ut
2801 3206 2904 3246 nou
2963 3188 3035 3242 sit
3097 3185 3296 3240 veritas
3355 3183 3407 3236 iu
3441 3197 3536 3234 ore

1953 3302 2162 3340 eorum.
2196 3284 2257 3336 Et
2299 3296 2417 3350 post
2457 3286 2558 3335 ista
2593 3283 2744 3350 quasi
2777 3281 2900 3335 boni
2949 3279 3162 3340 medici,
3196 3277 3374 3328 aliena
3418 3275 3535 3326 vul-

1956 3392 2082 3429 nera
2111 3377 2288 3428 verbis
2316 3389 2508 3428 sanare
2563 3374 2875 3441 cupiebant,
2934 3372 3025 3440 qui
3084 3372 3184 3438 ipsi
3217 3377 3532 3423 erant.om-

1953 3471 2104 3523 nium
2144 3467 2470 3539 flagitiorum
2495 3466 2728 3520 confossi
2772 3465 3108 3518 vulneribus.
3145 3462 3265 3516 Haec
3293 3462 3533 3531 quotidie

1955 3562 2008 3616 iu
2053 3571 2240 3615 nostro
2272 3573 2491 3628 quoque
2541 3559 2737 3628 populo
2788 3558 3092 3618 cernimus,
3124 3555 3344 3608 dicente
3375 3554 3530 3607 beato

1954 3651 2123 3707 Paulo
2156 3650 2403 3718 aposmlo
2434 3667 2448 3704 ε
2484 3648 2588 3713 Qui
2618 3647 2879 3716 prwdicos
2912 3661 3014 3698 non
3043 3643 3352 3712 furandum,
3377 3641 3531 3709 fura-

1954 3745 2028 3798 ris
2055 3743 2230 3810 (Rom.
2259 3757 2320 3806 tt,
2358 3740 2472 3810 2|).
2531 3749 2584 3794 et
2621 3739 2851 3807 reliqua.
2885 3736 2989 3802 Qui
3049 3751 3171 3790 cum
3213 3742 3528 3800 peccatores

1952 3847 2008 3892 et
2059 3835 2258 3890 divites
2320 3833 2575 3894 viderint,
2619 3846 2817 3886 sanare
2867 3829 3093 3899 cupiunt
3139 3827 3522 3882 contritionem

1956 3928 2077 3982 filim
2116 3927 2296 3994 p0puli
2321 3924 2435 3990 Dei,
2475 3925 2578 3978 hoc
2634 3933 2718 3978 est
2775 3921 3142 3982 l*chlesi:1,in
3176 3917 3525 3989 ignominiam

1953 4019 2036 4073 vel
2067 4033 2253 4073 eorum
2309 4015 2806 4086 quidet-ipiuntur,
2862 4013 2944 4067 vel
3005 4027 3192 4066 eorum
3253 4009 3345 4079 qui
3382 4009 3520 4062 alios

1952 4109 2249 4177 decipiunt,
2305 4117 2362 4160 ut
2391 4108 2571 4160 dicant
2629 4106 2775 4160 omni
2830 4104 3070 4158 facinore
3122 4101 3219 4172 [αι.
3267 4097 3524 4169 factione]

1951 4201 2224 4266 conpertis
2261 4220 2274 4256 ;
2317 4201 2445 4264 Pax,
2477 4215 2599 4270 pax,
2631 4213 2753 4252 cum
2787 4197 2934 4251 nulla
2965 4195 3035 4251 sit
3066 4211 3192 4265 pax,
3225 4204 3278 4249 et
3325 4194 3521 4248 bellum

1952 4293 2032 4346 eis
2061 4292 2338 4344 immineat
2371 4298 2759 4359 peccatorumd

2025 4382 2207 4446 (Vers.
2247 4382 2354 4450 η)
2401 4401 2418 4432 s
2458 4380 2679 4435 Confnsi
2709 4388 2858 4443 sunt,
2892 4379 3017 4447 quia
3059 4365 3521 4430 abominatiunein

278 4467 458 4548 autem
519 4502 684 4560 atque
722 4489 862 4542 idem
904 4501 1100 4541 sensus
1166 4491 1272 4549 est,
1331 4483 1423 4552 qui
1488 4491 1543 4534 et
1583 4483 1636 4534 in
1696 4480 1850 4534 Isaia:
1885 4479 1928 4534 D
1957 4472 2199 4527 fecerunt
2236 4488 2251 4528 :
2287 4473 2588 4541 quinimmo
2623 4470 2941 4525 confusione
2991 4487 3098 4523 non
3132 4479 3259 4523 sunt
3291 4467 3524 4526 confusi.

280 4585 546 4657 principio
578 4582 796 4652 ponitur
829 4596 844 4637 :
881 4578 1097 4650 Agnovit
1132 4577 1224 4629 bos
1263 4589 1613 4640 possessorem
1670 4569 1869 4633 suum,’

279 4692 324 4734 et
357 4679 540 4732 asinus
573 4689 802 4747 prwsepe
835 4670 1034 4726 domini
1057 4671 1139 4722 sui
1171 4683 1189 4721 :
1222 4666 1395 4720 Israel
1430 4674 1606 4718 autem
1636 4681 1715 4717 me
1747 4679 1850 4716 non

279 4769 538 4838 cognouit,
562 4781 611 4821 et
639 4767 860 4836 populus
888 4779 1029 4816 meus
1087 4777 1190 4813 non
1221 4757 1477 4812 intellexit
1505 4754 1640 4826 (Isa.
1681 4770 1718 4818 ι,
1755 4753 1846 4819 5);

280 4861 421 4928 quod
473 4859 635 4913 etiam
673 4869 849 4925 parva:
898 4867 1027 4905 aves
1080 4866 1176 4905 sua
1231 4849 1413 4902 norint
1476 4856 1739 4914 tempora,
1797 4850 1850 4894 et

280 4953 458 5004 sciant
497 4949 716 5018 quando
757 4947 822 4998 ad
853 4943 1031 4998 calida
1065 4941 1385 4996 festinantes
1426 4940 1562 5001 loca,
1615 4937 1847 5003 rigorem

280 5043 490 5114 hyemis
513 5042 745 5095 debeant
771 5037 1060 5101 declinare,
1113 5045 1168 5087 et
1198 5047 1391 5087 rursus
1416 5031 1560 5083 veris
1585 5027 1850 5096 principio

282 5135 349 5187 ad
384 5131 574 5186 solitas
607 5129 793 5184 venire
823 5125 1098 5195 regiones.
1142 5120 1349 5176 Caelum
1400 5127 1583 5171 autem
1621 5114 1708 5168 hic
1751 5128 1850 5182 pro

277 5243 406 5283 acre
444 5225 534 5296 qui
567 5237 727 5293 supra
758 5229 862 5284 est,
891 5219 1150 5274 debemus
1177 5213 1422 5283 accipere
1454 5208 1496 5264 ⁸.

351 5316 529 5389 (vers.
562 5315 639 5384 8.)
671 5333 689 5366 ε
726 5310 1010 5378 Quomodo
1064 5305 1266 5369 dicitis,
1301 5303 1593 5373 Sapientes
1635 5311 1848 5360 sumus,

277 5423 332 5469 et
360 5411 475 5467 Lex
523 5407 733 5463 Domini
790 5404 1072 5459 nobiscum
1119 5398 1244 5454 est?
1308 5394 1448 5450 Vere
1507 5391 1848 5447 mendacium

353 5591 367 5620 ¹
401 5587 562 5641 Iidem
601 5601 730 5638 mss.
767 5625 779 5638 .
815 5590 1107 5636 aversatus.

347 5665 365 5693 ’
408 5659 606 5711 lterum
637 5657 799 5708 iidem
839 5670 990 5716 tnssn,
1015 5648 1411 5704 declinaverunt
1440 5643 1622 5706 simul,
1651 5653 1698 5694 et
1729 5643 1846 5693 inu-

278 5733 391 5782 tles
423 5729 548 5796 {acti
578 5737 723 5779 sunt.

353 5803 372 5832 ³
417 5785 595 5854 Χυειτι
639 5811 828 5851 omnes
857 5809 1026 5858 11155.,
1071 5793 1570 5848 Itet'odt'ona:t1nus
1613 5785 1846 5855 Sangcr-

1953 4573 2009 4618 et
2038 4566 2360 4618 erubescere
2381 4563 2749 4618 nescierunt.»
2803 4561 3272 4633 Ἐρωτημιτικώς
3303 4563 3403 4613 hoc
3435 4570 3517 4612 est

1952 4652 2261 4723 legendum,
2293 4664 2352 4705 ut
2385 4653 2456 4706 sit
2477 4667 2672 4707 sensus
2707 4668 2722 4708 :
2758 4651 3102 4706 Erubuerunt
3132 4649 3184 4702 in
3212 4645 3514 4701 sceleribus

1951 4749 2083 4807 suis,
2119 4758 2169 4799 et
2219 4747 2602 4802 intellexerunt
2638 4744 3065 4799 abominatioues
3123 4757 3258 4808 quas
3306 4736 3513 4805 Operati

1951 4842 2120 4896 sunt?
2152 4841 2523 4912 Nequaquam,
2571 4841 2662 4896 sed
2705 4841 2758 4894 in
2813 4849 3012 4892 tantum
3061 4850 3293 4904 erupere
3331 4849 3520 4888 mnen-

1954 4938 2105 5000 tiam,
2136 4945 2194 4990 ut
2227 4950 2324 4990 nec
2355 4933 2679 4988 confusione
2725 4941 2992 5000 cuperent
3029 4925 3326 4982 emendare
3362 4926 3516 4989 vitia,

1951 5043 2052 5084 nec
2079 5044 2172 5097 spe
2208 5028 2375 5082 venia:
2401 5042 2495 5080 sua
2522 5026 2725 5079 scelera
2759 5020 3028 5078 conﬁteri.

2029 5139 2047 5171 ι
2086 5118 2290 5174 Idcirco
2321 5119 2515 5172 cadent
2548 5118 2690 5170 inter
2726 5122 3042 5168 corrui-rules
3093 5107 3192 5181 [ul.
3225 5106 3470 5179 ruentes]
3499 5125 3515 5162 :

1954 5213 2005 5266 in
2031 5223 2274 5278 tempore
2318 5208 2645 5264 visitationis
2699 5221 2810 5260 suze
2855 5211 3132 5265 corrneut,
3175 5203 3306 5258 dicit
3338 5202 3519 5255 Domi-

1953 5318 2072 5364 nus,
2121 5320 2138 5351 ι
2169 5300 2293 5353 Haec
2323 5311 2449 5354 sunt
2483 5297 2698 5367 praemia
2729 5311 2913 5350 eorum
2949 5297 3038 5362 qni
3067 5295 3389 5348 erubescere
3421 5304 3521 5343 ue-

1949 5380 2216 5456 scierunt,
2270 5403 2328 5446 ut
2360 5406 2588 5460 quorutn
2620 5389 2856 5457 dignitas
2907 5396 3023 5440 erat
3053 5385 3318 5440 excelsior
3350 5397 3520 5452 popuo

1953 5589 2121 5634 man,
2150 5578 2284 5624 teste
2310 5569 2603 5631 Montane”
2650 5569 2884 5622 erodion.

2021 5643 2042 5674 ⁸
2078 5643 2188 5695 Iino
2210 5656 2239 5694 e
2271 5642 2472 5692 nostris
2495 5655 2645 5698 ιιιες.,
2673 5642 2753 5692 hic
2776 5639 3116 5708 propinarum
3139 5637 3231 5707 (ε’),
3254 5635 3532 5708 quisupm

1951 5723 2022 5767 est
2063 5728 2236 5766 aerem
2269 5710 2506 5763 debemus
2538 5713 2790 5780 accipere.
