3950 6180
514 320 619 382 767

1698 325 1761 386 S.
1796 322 2111 383 EUSEBll
2151 323 2233 384 Η]
2247 323 2592 386 ERONYMI

3610 322 3693 384 'll-8

510 435 603 499 lis,
658 433 833 489 ruinis
887 433 1070 505 populi
1134 435 1513 492 miscerentur.
1554 436 1602 491 Α
1654 438 1882 494 minimo
1936 437 2079 494 enim
2113 444 2159 499 Α
2189 448 2245 492 et
2281 438 2671 508 plenitudinem
2703 433 2845 505 ejus,
2875 433 3063 489 urbem
3093 444 3149 489 et
3198 434 3519 491 habitatores
3538 436 3690 506 ejus.i

511 541 680 595 usque
713 529 779 581 ad
829 530 1148 593 maximum,
1193 544 1384 583 omnes
1432 530 1675 585 avaritiae
1708 532 1947 597 student,
1973 540 2027 586 et
2053 547 2083 586 a

508 618 774 687 propheta
816 633 984 687 usque
1015 621 1079 673 ad
1119 620 1461 675 sacerdotem
1494 624 1671 677 cuncti
1697 623 1907 679 iaciunt
1931 639 2085 677 men-

511 715 721 768 dacium
751 731 764 766 :
791 714 1113 770 visitationis
1134 724 1314 769 autem
1347 726 1560 786 tempus
1630 719 1931 788 propinqua
1994 733 2085 773 ca-

506 810 730 878 p'ivitns
758 819 863 862 est.

588 898 765 967 (Vers.
805 897 917 967 15.)
955 917 973 949 ι
1010 900 1359 966 Congrepans
1414 901 1756 969 congregabo
1789 914 1904 959 eos.
1955 901 2088 956 dicit

512 986 789 1041 Dominus.
816 986 931 1042 Non
962 1004 1044 1042 est
1076 1005 1177 1043 uva
1227 990 1277 1042 iu
1330 991 1546 1053 vitibus,
1583 1003 1633 1044 et
1669 1006 1774 1045 non
1800 999 1926 1044 sunt
1960 991 2089 1046 tit-us

517 1082 566 1131 in
607 1078 832 1133 ﬁculnea
873 1096 887 1135 :
924 1080 1111 1134 folium
1154 1081 1404 1146 defluxit,
1449 1091 1504 1136 et
1530 1084 1649 1137 dedi
1682 1084 1762 1137 eis
1794 1100 1912 1153 quite
1953 1100 2089 1153 prte-

512 1180 781 1240 tergressa
835 1184 987 1227 sunt.
1038 1192 1056 1225 ι
1089 1172 1243 1239 Quod
1295 1175 1361 1227 sit
1403 1185 1615 1243 tempus
1648 1176 1990 1235 visitationis.
2033 1177 2085 1228 in

512 1279 620 1334 quo
647 1274 905 1318 corruent
953 1265 1357 1333 delinquentes,
1408 1268 1751 1323 manifestius
1802 1269 2086 1327 docel.di-

511 1373 641 1411 cens
675 1374 688 1411 :
727 1357 1062 1427 Congregaus
1102 1359 1425 1429 congregabo
1483 1376 1589 1414 eos.
1648 1359 1799 1413 liaud
1856 1360 2082 1414 dubium

514 1448 645 1514 quin
704 1449 758 1500 in
799 1448 1124 1511 Jerusalem,
1188 1460 1245 1503 ut
1304 1451 1666 1505 obsideautur
1718 1468 1746 1504 a
1813 1450 2086 1507 Clialdmis

515 1538 676 1607 longo
745 1550 1007 1610 tempore,
1050 1550 1103 1594 et
1152 1541 1311 1597 famis
1352 1544 1659 1597 sustineant
1710 1536 1868 1597 mala.
1927 1545 2081 1606 Cum,

511 1626 709 1698 inquit,
774 1640 1011 1701 tempora
1069 1645 1417 1699 praetereant,
1479 1645 1534 1690 et
1588 1636 1763 1689 testati
1832 1638 2085 1689 succedat

510 1730 826 1783 autumnus.
863 1734 916 1777 et
948 1726 1139 1792 hyeme
1186 1727 1444 1779 arborum
1494 1728 1691 1781 cadant
1748 1726 1900 1791 folia,
1933 1728 2081 1781 vide-

513 1810 640 1865 bitis
668 1822 863 1867 cuncta
898 1816 964 1869 de
998 1817 1176 1885 longe,
1203 1830 1255 1871 et
1288 1835 1352 1872 ex
1401 1820 1485 1874 bis
1521 1837 1624 1873 non
1663 1821 1888 1889 capietis
1909 1823 2083 1877 cibos.

514 1904 632 1957 Non
689 1915 771 1959 est
799 1908 941 1959 enim
1002 1924 1100 1961 uva
1138 1911 1189 1962 in
1253 1910 1461 1964 vitibus
1511 1912 1688 1977 vobis,
1749 1914 1839 1982 qui
1876 1912 2084 1967 fructus

513 1994 706 2047 vitium
738 2012 839 2049 non
868 1999 1083 2052 sumitis
1123 1998 1231 2069 [αι.
1276 2000 1530 2073 sumetis]
1566 2021 1580 2057 :
1615 2013 1667 2056 et
1705 2020 1810 2057 non
1839 2014 1963 2057 sunt
1992 2006 2085 2059 fic-

512 2098 611 2135 cus
642 2084 692 2135 in
734 2084 959 2138 ficulnea
993 2089 1216 2142 obsesso
1272 2090 1488 2157 populo,
1518 2094 1609 2158 qui
1647 2093 1810 2161 902
1861 2108 2083 2147 suarum

514 2176 769 2229 arborum
802 2191 958 2245 poma
990 2180 1165 2232 cernit
1198 2180 1266 2233 ab
1296 2181 1541 2236 hostibus
1569 2183 1815 2237 devorari
1847 2184 1882 2238 ³.
1913 2185 2083 2250 Folia,

516 2268 726 2334 inquit,
789 2267 1022 2322 deﬂuent
1077 2280 1265 2326 aestate
1334 2281 1703 2343 autumnoque
1768 2278 2085 2334 transactis.

515 2354 647 2409 Dedi
676 2359 819 2411 enim
851 2361 930 2413 eis
957 2376 1075 2427 qua:
1103 2365 1388 2432 praeterire
1438 2379 1727 2421 cernerent
1754 2386 1769 2433 ;
1803 2380 1856 2422 et
1891 2371 2084 2437 majori

515 2448 704 2503 dolore
762 2452 1080 2506 amitterent
1133 2470 1312 2508 rerum
1370 2458 1611 2511 onmimn
1670 2460 2084 2526 abundantiam,

511 2550 672 2600 quam
705 2537 786 2591 eis
818 2548 1035 2609 tangere
1065 2556 1168 2594 non
1200 2542 1418 2599 licebat.

583 2626 759 2696 (Vers.
794 2630 883 2694 14,
923 2632 1032 2696 15.)
1068 2651 1086 2684 ι
1129 2635 1309 2700 Quare
1338 2638 1628 2693 sedemus?
1672 2641 1996 2707 Convenite,
2034 2654 2090 2700 et

509 2716 878 2786 ingrediantur
962 2720 1061 2792 [ιιι.
1133 2725 1422 2799 intremus]
1476 2731 1753 2785 civitatem
1825 2738 2087 2789 munitam

510 2808 639 2875 (sine
664 2811 913 2864 civitates
950 2814 1234 2884 munitas),
1262 2828 1317 2870 et
1346 2818 1605 2875 sileamus
1636 2822 1709 2875 ibi
1759 2824 1890 2893 (sive
1920 2827 2089 2896 proji-

510 2908 721 2958 eiamur
756 2908 872 2976 itii),
900 2911 1025 2977 quia
1062 2909 1327 2967 Dominus
1358 2925 1543 2968 noster
1560 2918 1720 2970 silere
1763 2934 1862 2973 nos
1896 2918 2023 2974 fecit
2046 2923 2088 2985 ⁸,

509 3007 565 3049 ct
608 3006 790 3067 putum
853 3001 997 3052 dedit
1063 3001 1216 3056 nobis
1283 3018 1478 3072 aquam
1522 3006 1679 3060 fellis.
1737 3006 2089 3067 Peccavimus

510 3090 655 3143 enim
708 3089 962 3157 Dutnino,
994 3096 1437 3163 exspectavimus
1483 3112 1694 3163 pacem,
1746 3112 1796 3155 et
1832 3117 1938 3155 non
1972 3116 2089 3157 erat

510 3182 708 3233 bonum
744 3198 756 3234 :
790 3192 999 3252 tempus
1043 3185 1283 3250 medehe,
1344 3196 1398 3241 et
1428 3203 1555 3242 ecce
1616 3190 1872 3247 formido.
1914 3212 1931 3244 ι
1976 3193 2087 3250 Vox

515 3272 691 3340 populi
734 3272 1114 3341 respondentis
1178 3276 1476 3342 inducitur,
1526 3290 1578 3335 et
1635 3298 1733 3337 sua
1763 3285 1889 3338 vitia
1920 3287 2089 3339 conli-

516 3364 703 3427 tu-ntis,
735 3376 787 3418 et
820 3368 1155 3423 coliortautis
1187 3384 1246 3424 se
1294 3378 1502 3436 mutuo,
1542 3385 1599 3427 ut
1626 3376 1877 3429 civitates
1906 3378 2088 3446 ingre-

516 3457 729 3507 ιῑίειιιιιιι·
761 3458 998 3511 munitas
1030 3458 1133 3530 [αι.
1177 3460 1460 3533 moratas],
1486 3464 1600 3519 sive
1625 3480 1785 3519 ttnatn
1817 3468 2088 3523 civitatem

512 3544 997 3613 Jerusaletnzjam
1032 3553 1179 3605 enim
1240 3562 1450 3607 caetera:
1504 3567 1676 3624 capue
1732 3556 1967 3612 fuerant.
2020 3560 2090 3614 Et

510 3638 785 3700 sileamus,
821 3642 1013 3709 inqttit,
1048 3643 1142 3706 ibi,
1169 3646 1294 3714 quia
1320 3644 1575 3700 Dominus
1602 3659 1779 3703 uoster
1802 3650 1955 3705 silere
1997 3668 2089 3706 nos

512 3732 685 3800 fecit:
721 3748 829 3786 non
888 3736 1031 3788 cnim
1089 3738 1351 3792 liabetnus
1406 3740 1657 3793 ﬁduciam
1718 3744 2087 3811 deprecandi,

511 3827 628 3879 sive
666 3825 989 3895 abjiciamur
1017 3829 1108 3891 ibi,
1145 3831 1260 3885 sive
1284 3832 1637 3901 projiciatnur
1664 3834 1838 3889 instar
1879 3847 2086 3892 sterco-

516 3920 611 3972 ris.
652 3917 769 3986 Ipse
794 3922 1001 3989 potavit
1048 3938 1145 3977 nos
1194 3940 1331 3992 aqua
1393 3924 1532 3979 fellis
1565 3948 1578 3981 :
1613 3928 1738 3996 quia
1791 3928 2001 3983 dulcem
2036 3930 2088 3985 in

517 4010 934 4064 amaritudinem
957 4015 1333 4070 convertimus
1362 4014 1557 4069 Deum.
1584 4016 1651 4070 Et
1676 4026 1734 4070 ut
1778 4018 1911 4072 tales
1942 4019 2091 4075 bibe-

516 4114 700 4153 remus
742 4118 935 4169 aquas,
983 4118 1148 4158 causa
1220 4108 1505 4175 perspicua
1566 4118 1701 4161 est:
1752 4108 2090 4164 Peccavimus

429 4246 441 4261 _
513 4190 655 4241 enim
711 4189 936 4244 Domino
978 4196 1482 4262 “exspectavimus
1550 4213 1754 4264 pacem,
1820 4202 1909 4268 qui
1954 4200 2090 4255 nihil

514 4280 639 4334 boni
673 4283 853 4349 operis
880 4283 1203 4349 feceramus,
1240 4287 1671 4355 putabamusque
1701 4289 1853 4343 nobis
1882 4300 2091 4360 tempus

517 4376 709 4425 adesse
742 4374 1042 4442 medicinae,
1077 4376 1507 4433 cuml'ormidine
1538 4390 1701 4448 atque
1738 4390 1945 4434 terrore
1975 4396 2092 4434 om-

2190 527 2306 583 Non
2334 528 2517 599 igitur,
2552 536 2610 582 ut
2639 541 2799 595 supra
2831 524 2975 580 LXX
2993 526 3402 591 transtulerunt,
3420 526 3543 582 dixit
3566 545 3688 599 popu-

2190 621 2276 676 lus
2320 620 2739 690 :Ingrediamur
2795 621 3035 675 civitates
3082 623 3338 684 munitas,
3366 623 3456 676 sed
3483 623 3694 675 civitatem

2191 715 2475 778 munitam,
2510 724 2565 767 ut
2590 714 2857 783 signiticet
2886 713 3208 768 Jerusalem.
3266 712 3496 784 Denique
3516 723 3562 769 et
3588 731 3697 771 nunc

2190 804 2405 869 infert:
2437 790 2617 857 urbem
2646 814 2693 859 et
2732 805 3056 859 habitatores
3112 805 3247 873 ejus.
3290 805 3597 860 Describitur
3620 823 3697 860 au-

2191 904 2351 949 tema
2390 895 2497 948 Dan
2554 911 2652 964 per
2711 894 3023 951 Pbmuicem
3075 896 3295 949 veniens
3345 910 3461 950 cum
3502 899 3697 952 exercitu

2188 983 2708 1044 Nabuchodonosor,
2749 985 2799 1035 in
2844 1000 2951 1053 quo
2978 983 3098 1039 loco
3129 982 3323 1037 ﬂuvius
3352 983 3582 1038 Jordauis
3606 986 3694 1039 ori-

2191 1088 2300 1140 tur,
2324 1088 2377 1132 et
2430 1094 2548 1145 qua:
2578 1078 2718 1133 LXX
2751 1079 2949 1143 futura,
3007 1078 3357 1144 Hebraicum,
3392 1094 3484 1148 pro
3516 1081 3700 1135 veritate

2189 1172 2288 1231 rei,
2314 1169 2423 1235 jam
2461 1169 2603 1224 facta
2643 1180 3058 1225 commemorat.

2260 1264 2439 1333 (Vers.
2485 1263 2596 1332 i7.)
2630 1281 2648 1314 ι
2684 1263 2818 1329 Quia
2874 1279 3005 1319 ecce
3034 1279 3135 1335 ego
3186 1266 3395 1320 mittam
3438 1262 3579 1318 vobis
3609 1278 3701 1319 ser-

2190 1365 2377 1423 pentes
2407 1355 2616 1423 regulos
2651 1356 2777 1425 (sive
2804 1356 3088 1423 pessimos,
3142 1366 3237 1410 aut
3270 1366 3326 1410 at
3362 1356 3481 1409 LXX
3516 1365 3703 1408 transtu-

2192 1447 2392 1509 lerunt,
2436 1446 2771 1518 mortiferos)
2806 1449 3003 1517 quibus
3061 1464 3166 1502 non
3200 1458 3284 1501 est
3333 1448 3619 1502 incantatio.
3653 1448 3701 1501 Et

2189 1537 2516 1592 mordcbunt
2568 1552 2686 1603 vos,
2739 1538 2814 1591 ait
2866 1539 3153 1613 Dominus,
3212 1539 3700 1602 insanabiliter,cutu

2189 1630 2373 1683 dolore
2407 1631 2585 1684 cordis
2610 1631 2777 1685 vestri
2818 1630 3085 1685 delicietis
3121 1631 3161 1684 ³.
3202 1650 3221 1683 ι
3255 1632 3358 1695 Qui
3390 1643 3509 1685 sunt
3535 1631 3614 1693 illi,
3633 1634 3701 1699 qui

2190 1722 2414 1775 veniunt
2440 1738 2466 1772 ει
2502 1722 2664 1791 903
2700 1722 2831 1785 Dan,
2863 1731 2917 1775 et
2947 1738 3179 1792 quorum
3208 1724 3426 1777 auditus
3456 1734 3529 1777 est
3558 1722 3701 1775 fremi-

2124 1794 2162 1847 Β
2195 1824 2302 1877 tus,
2326 1825 2379 1869 et
2412 1816 2502 1884 qui
2542 1827 2744 1869 terram
2796 1831 3011 1869 omnem
3050 1816 3116 1871 ad
3161 1816 3498 1870 solitudinem
3530 1816 3704 1879 redege-

2186 1918 2336 1968 runt,
2368 1907 2469 1961 sub
2517 1908 2620 1960 alia
2650 1909 2818 1977 ligura
2862 1908 3004 1962 idem
3070 1908 3403 1979 prophetalis
3446 1922 3601 1960 sermo
3638 1912 3707 1958 ite-

2187 2011 2474 2061 monstrat,
2512 2012 2797 2070 serpentes
2831 2016 2924 2056 eos
2972 2001 3258 2071 appellans
3309 2000 3577 2070 pessimos,
3619 1998 3705 2053 sive

2187 2090 2503 2145 mortiferas
2536 2108 2549 2145 :
2586 2102 2640 2147 et
2696 2102 2755 2147 ut
2807 2093 2997 2161 Aquila
3052 2094 3354 2157 transtulit,
3405 2092 3605 2162 regulos.
3634 2094 3703 2159 qui

2185 2180 2525 2247 appellantur
2556 2180 2816 2236 Hebraice
2863 2198 3185 2236 saruruomu
3223 2184 3487 2252 (mm).
3518 2180 3606 2234 Pro
3626 2195 3707 2248 quo

2187 2274 2313 2340 quid
2350 2274 2456 2326 sibi
2483 2274 2714 2327 voluerit
2746 2276 2983 2328 secunda
3042 2274 3160 2340 ejus
3195 2274 3392 2336 Editio,
3435 2285 3489 2327 ttt
3518 2272 3703 2340 sperata-

2187 2376 2325 2417 tores
2356 2366 2582 2429 diceret,
2618 2382 2724 2419 non
2778 2366 3039 2435 intelligo,
3083 2366 3187 2420 nisi
3224 2366 3365 2420 forte
3396 2368 3459 2420 ob
3486 2365 3611 2419 verbi
3647 2364 3704 2416 si-

2190 2457 2572 2510 militudinem.
2606 2456 2810 2521 Quibus
2842 2474 2941 2511 non
2983 2467 3083 2522 est,
3114 2459 3211 2521 ait,
3264 2459 3561 2513 incantatio.
3602 2454 3707 2509 Fru-
3744 2492 3763 2519 ι

2188 2554 2301 2600 stra
2344 2546 2491 2599 enim
2524 2551 2589 2599 ad
2629 2546 2793 2600 Deum
2825 2563 3015 2614 preces
3069 2548 3329 2614 fundunt,
3364 2550 3599 2604 adversus
3622 2562 3707 2600 ser-

2190 2648 2408 2705 pentem
2462 2637 2744 2705 antiquum
2796 2637 3080 2692 colubrum
3132 2648 3460 2701 tortuosum,
3507 2637 3587 2707 qui
3634 2635 3707 2690 Dei

2190 2739 2453 2798 praerepta
2481 2732 2927 2799 contempserint.
2960 2730 3186 2785 Utamur
3214 2733 3319 2786 huc
3347 2732 3462 2786 loco
3490 2728 3707 2783 adversus

2188 2837 2306 2888 eos,
2347 2824 2438 2893 qui
2465 2823 2768 2878 Salvatoris
2814 2824 3027 2893 eloquia
3069 2835 3493 2887 contemnentes,
3530 2820 3708 2877 tradun-

2192 2921 2280 2966 tur
2312 2904 2641 2967 adversariis
2669 2915 3053 2982 potestatibus.

2260 3003 2442 3074 (Vers.
2481 3005 2591 3074 18.)
2625 3024 2643 3058 ι
2682 3005 2843 3060 Dolor
2884 3022 3034 3062 meus
3087 3022 3257 3077 super
3302 3006 3547 3068 dolorem,
3572 3004 3614 3059 in
3642 3014 3708 3055 me

2192 3114 2285 3151 cor
2318 3113 2497 3150 meum
2526 3113 2784 3152 maerens.
2828 3116 2846 3150 ι
2887 3099 2996 3153 Pro
3046 3114 3174 3168 quo,
3231 3112 3289 3152 ut
3323 3114 3476 3165 supra
3497 3098 3707 3155 diximus,

2192 3190 2335 3245 LXX
2358 3190 2625 3261 superiori
2651 3190 2960 3252 sententiae,
3013 3204 3136 3258 qua:
3188 3189 3333 3245 dicta
3382 3199 3500 3245 sunt
3532 3187 3709 3254 copula-

2192 3292 2338 3345 ruut,
2364 3292 2420 3334 ιιι
2454 3290 2721 3349 ponerent
2760 3298 2774 3335 :
2812 3281 2880 3336 Et
2920 3281 3233 3335 mordebant
3256 3299 3364 3349 vos,
3390 3282 3458 3334 ait
3486 3278 3709 3339 Dominus,

2191 3374 2558 3429 insatiabiliter
2594 3391 2614 3430 :
2649 3391 2767 3428 cum
2800 3376 2977 3428 dolore
3000 3375 3171 3428 cordis
3208 3375 3369 3428 vestri
3390 3372 3638 3440 deﬁciatis.
3664 3367 3708 3419 ln

2193 3466 2460 3521 llebraico
2481 3476 2661 3520 autem
2694 3482 2800 3520 non
2833 3474 2939 3519 tam
2970 3465 3127 3520 dolor
3155 3474 3265 3530 est,
3298 3466 3387 3533 qtti
3415 3465 3580 3519 Grzece
3600 3458 3709 3514 dici-

2192 3570 2280 3615 tur
2304 3559 2487 3629 ὀδύνη,
2544 3574 2705 3628 quam
2750 3558 3031 3629 μειδίαμα,
3078 3559 3220 3626 quod
3275 3574 3372 3613 nos
3418 3550 3709 3624 interpretari

2193 3667 2479 3723 possumus
2508 3653 2698 3705 rictum
2729 3650 2841 3704 oris
2881 3650 3067 3704 dolore
3100 3650 3367 3705 contracti
3388 3659 3438 3703 et
3470 3646 3710 3701 habentem

2191 3748 2335 3800 risus
2390 3744 2829 3800 similitudinem.
2871 3736 3230 3812 Ἐμφατικῶς
3285 3752 3462 3795 autem
3520 3739 3618 3792 ba‘c
3659 3747 3709 3787 ex

2193 3852 2423 3906 persona
2456 3835 2547 3891 Dei
2578 3834 2800 3904 legenda
2844 3845 2990 3899 sunt,
3055 3834 3365 3905 plangentis
3415 3828 3705 3886 eversionem

2190 3926 2515 3991 Jerusalem,
2542 3936 2595 3981 et
2630 3928 2748 3995 ejus
2778 3924 3027 3980 miserias
3066 3940 3173 3978 non
3204 3923 3450 3979 ferentis.

2263 4017 2449 4089 (Vers.
2490 4018 2602 4087 19.)
2644 4036 2663 4069 ι
2704 4017 2845 4071 Ecce
2880 4030 2980 4069 vox
2998 4014 3257 4070 clamoris
3289 4014 3410 4068 tiliae
3441 4008 3599 4083 populi
3632 4002 3710 4058 mei

2192 4114 2260 4167 tle
2289 4123 2428 4165 terra
2461 4112 2776 4179 longinqua.
2823 4127 2840 4160 ι
2873 4107 3081 4162 Fletttnt
3125 4108 3391 4163 describit
3418 4117 3468 4163 et
3496 4102 3709 4158 ululatum

2192 4204 2343 4259 urbis
2366 4201 2686 4270 Jerusalem,
2712 4202 2973 4273 ingressis
3001 4201 3270 4256 hostibus.

2266 4315 2284 4348 ι
2330 4295 2600 4363 Νιιιιηιιίἀ
2652 4295 2914 4348 Dominus
2946 4308 3053 4348 non
3086 4303 3169 4348 est
3204 4293 3360 4357 Sion.
3409 4299 3494 4347 aut
3516 4302 3598 4344 rex
3619 4282 3710 4352 ejus

2193 4403 2300 4441 non
2324 4395 2407 4441 est
2436 4388 2487 4440 in
2518 4386 2620 4439 ea?
2660 4404 2678 4437 ι
2720 4385 2867 4447 Sive,
2923 4384 3187 4439 Dominus
3219 4385 3335 4452 ipse
3381 4396 3462 4436 est
3498 4394 3599 4433 rex.
3627 4377 3712 4429 Aut

518 4464 603 4513 Itin
638 4465 1062 4533 cuttiplcrettlut‘.
1098 4469 1456 4524 Personarum
1482 4475 1732 4539 mutatio,
1770 4484 1824 4527 et
1857 4474 2090 4527 maxime
2125 4490 2165 4545 ο
2196 4490 2343 4534 certe
2389 4480 2649 4531 Dominus
2695 4478 2760 4531 ad
2786 4476 3028 4541 Patrem,
3068 4492 3160 4530 rex
3195 4476 3428 4531 refertur
3448 4474 3509 4527 ad
3532 4469 3711 4527 Filium.

521 4553 571 4602 iti
604 4553 910 4621 plOltlleliS,
953 4556 1225 4611 diﬂiciletn
1288 4560 1620 4616 intellectum
1680 4564 1809 4617 facit
1841 4579 1856 4618 :
1891 4579 2010 4631 qua:
2044 4565 2087 4616 si

516 4648 630 4701 suis
699 4648 830 4701 locis
888 4658 942 4702 et
996 4654 1178 4704 causis
1238 4654 1680 4725 temporibusque
1747 4658 2087 4721 reddantur,

516 4739 675 4806 plana
719 4738 848 4791 ﬁent
880 4756 998 4807 qum
1030 4743 1353 4797 videbantur
1384 4747 1637 4801 obscura.

588 4832 760 4899 (Vers.
798 4833 904 4902 16.)
941 4854 960 4886 ι
1000 4834 1047 4890 Α
1081 4835 1192 4890 Dan
1216 4838 1432 4892 auditus
1451 4851 1533 4893 est
1557 4840 1806 4895 fremitus
1826 4856 2088 4909 equorum

514 4929 654 4995 ejus,
688 4946 717 4983 a
753 4947 880 4984 voce
915 4933 1224 4986 ltinuituum
1254 4946 1615 5003 pugnatorum
1640 4937 1753 5002 ejus
1775 4935 1899 5003 (sive
1933 4936 2089 5004 equi-

518 5025 681 5088 ῑειιιιε)
712 5037 983 5079 commom
1017 5037 1103 5080 est
1127 5028 1306 5081 omnis
1333 5036 1497 5079 terra.
1531 5027 1592 5079 Et
1624 5036 1888 5080 venerunt
1917 5037 1971 5082 et
1996 5030 2091 5081 dc-

517 5118 1003 5182 voruvcrunt(sive
1045 5131 1096 5174 et
1136 5121 1355 5173 venient
1400 5130 1454 5174 et
1490 5121 1853 5189 devorabunt;
1890 5132 2086 5174 terraut

593 5337 609 5368 ¹
644 5334 865 5411 Veteres
894 5340 1017 5394 libri
1043 5357 1250 5408 omnes,
1282 5346 1463 5409 diripi,
1492 5362 1587 5411 pro
1624 5346 1888 5399 decorari.

593 5411 612 5439 ¹
656 5410 755 5461 1³ιύ
790 5412 965 5483 verbis
1004 5413 1157 5465 silere
1192 5432 1283 5467 nos
1341 5410 1499 5482 fecit,
1536 5429 1692 5468 antea
1751 5431 1866 5467 erat
1898 5416 2087 5483 abjecit

522 5496 633 5537 nos.
662 5493 813 5542 juxta
848 5481 1094 5535 Urit-cum
1137 5481 1440 5554 ἀπέῥριψεν
1497 5488 1665 5553 ἡμᾶς.
1711 5488 1886 5554 Atque
1940 5481 2086 5537 arbi-

523 5552 877 5617 trurquident
929 5565 1214 5619 utramque
1248 5552 1762 5621 'ittlcrpretatiunent
1800 5552 1877 5607 lle
1937 5572 2087 5609 more

522 5622 749 5682 [Wallatll
777 5622 943 5695 fuisse
985 5623 1080 5675 abs
1138 5624 1463 5695 llieruuvmo
1497 5643 1509 5679 :
1544 5627 1637 5680 sed
1693 5627 1915 5695 quando
1952 5644 2084 5680 mss.

527 5704 757 5751 prinrt'tn
819 5693 997 5754 modo,
1038 5708 1155 5755 qua:
1210 5710 1270 5745 rx
1328 5694 1550 5748 llebrtcn
1601 5693 1723 5758 est,
1776 5696 2086 5762 pra’feruttt,

514 5774 643 5816 tam
682 5774 715 5808 r
742 5776 961 5828 μνιιιεηο,
1001 5778 1157 5839 quam
1196 5773 1245 5817 ct
1280 5767 1331 5815 in
1356 5768 1593 5825 subnexa
1627 5766 1965 5841 expositione
2003 5784 2085 5823 :c-

2187 4572 2339 4640 juxta
2374 4572 2501 4625 illud
2526 4571 2668 4640 quod
2699 4570 2800 4624 sub
2852 4570 3069 4624 nomine
3106 4568 3413 4623 Salomonis
3454 4561 3711 4620 scribitur.

2197 4664 2354 4723 Deus,
2381 4663 2636 4727 iudicium
2697 4668 2845 4713 tuum
2900 4662 3010 4731 regi
3047 4660 3141 4724 da,
3202 4668 3253 4713 et
3292 4658 3543 4730 justitiam
3598 4662 3712 4705 utam

2190 4754 2301 4824 ﬁlio
2337 4756 2470 4823 regis
2499 4752 2671 4822 (Psat.
2722 4767 2870 4815 Lxxt,
2914 4754 2994 4819 ἓ.)
3018 4752 3125 4807 Cur
3171 4751 3270 4824 [aL
3303 4749 3392 4823 Ut]
3426 4760 3587 4802 autem
3632 4756 3712 4793 vos

2189 4848 2447 4902 clamoris
2471 4846 2535 4899 sit
2575 4847 2629 4899 in
2657 4845 2986 4908 Jerusalem,
3016 4854 3071 4899 et
3102 4846 3306 4900 clamor
3339 4846 3448 4911 ipse
3478 4841 3635 4893 venint
3658 4832 3710 4884 δε

2192 4950 2332 4993 terra
2376 4939 2687 5008 longinqua,
2720 4952 2879 4992 causa
2933 4937 3220 4991 manifesta
3278 4947 3376 4999 est,
3408 4931 3537 5003 quod
3562 4922 3712 4982 Domi-

2192 5045 2290 5082 nus
2324 5044 2427 5083 non
2464 5029 2535 5082 sit
2572 5027 2626 5081 in
2668 5043 2752 5090 ea,
2782 5039 2834 5081 et
2856 5041 2953 5085 rex
2986 5026 3129 5081 illius
3162 5026 3447 5081 recesserit
3472 5024 3532 5076 ab
3553 5016 3647 5071 illa.

2268 5142 2285 5175 ι
2329 5124 2508 5188 Quare
2558 5136 2688 5190 ergo
2722 5135 2808 5175 me
2860 5120 2927 5175 ad
2960 5120 3294 5174 iracundiam
3349 5110 3712 5173 concitareruni

2192 5345 2379 5410 plicat,
2411 5342 2583 5397 Satius
2608 5344 2780 5397 visum
2814 5352 2915 5407 est,
2951 5343 3121 5397 altera
3153 5344 3385 5400 exclusa,
3422 5334 3561 5410 Cui"?
3579 5325 3706 5410 1'3"“

2195 5400 2244 5466 lii
2284 5400 2507 5467 mentio.
2556 5414 2612 5467 ln
2648 5415 2759 5490 ipsa
2813 5400 2961 5466 Hier.
3019 5415 3267 5490 versione
3326 5410 3453 5490 Deus
3498 5400 3699 5455 additur.

2194 5486 2339 5549 Quia
2371 5486 2623 5537 Dominus
2663 5485 2796 5539 Deus
2823 5494 2993 5538 noster
3026 5484 3178 5537 silere
3210 5498 3299 5534 nos
3321 5482 3454 5549 fecit.
3616 5535 3625 5547 ,

2262 5556 2282 5586 ⁸
2316 5555 2436 5608 \‘id.
2468 5572 2587 5623 quae
2612 5557 2677 5608 de
2708 5556 2804 5608 hac
2836 5556 3064 5608 lectione
3095 5555 3160 5608 ad
3190 5548 3486 5623 llicrbnytm
3508 5548 3704 5623 V‘eﬁlﬂﬂ'j

2192 5612 2534 5678 annotamiis.
2587 5624 2728 5678 Sane
2792 5623 2997 5679 Victor.
3040 5624 3231 5677 maluit
3286 5612 3401 5673 moi
3456 5612 3699 5682 dt'ﬁt'lfﬂm

2195 5711 2315 5748 cum
2352 5695 2673 5761 quibusdam
2713 5710 2845 5749 mss.
