3950 6180
255 266 362 329 769

746 266 1236 328 COMMENTAR.
1282 267 1356 328 lN
1399 268 1799 330 JEREMHM
1865 269 2323 332 PROPIIETAM
2366 269 2510 330 LIB.
2561 269 2658 336 ΙΙ.
2697 269 2854 331 CAP.
2901 267 3004 329 IX.

3391 265 3502 330 770

248 378 306 432 in
343 373 686 446 sculptilibus
713 379 829 431 suis
871 387 924 430 et
957 380 1008 431 in
1041 378 1372 433 vanitatibus
1395 379 1617 433 alienis?
1662 398 1682 432 ι
1717 377 1824 434 Re-
1853 386 1901 443 Α
1930 379 2139 434 toribus
2172 396 2320 442 vero,
2379 378 2452 433 De
2490 379 2629 431 malo
2655 381 2710 432 in
2744 380 2940 432 malum
2971 380 3165 448 egressi
3188 387 3328 432 sunt.
3356 376 3505 432 Caus

245 469 418 524 cessit
444 477 646 534 autem,
678 469 870 537 inquit,
915 470 983 523 ab
1009 471 1090 525 eis
1125 471 1422 527 Dominus:
1448 471 1579 540 quia
1604 486 1711 536 me,
1732 471 1825 542 qui

248 560 516 615 Dominus
545 569 601 614 et
629 573 722 615 rex
757 559 966 614 illorum
1020 576 1194 628 eram,
1255 561 1526 617 idolorum
1574 563 1722 618 cultu
1759 562 1828 618 ad

250 652 590 706 iracundiam
621 652 1083 720 provocaverudt.

324 739 508 808 (Vers.
541 741 658 812 20.)
696 759 716 793 ί
749 739 989 798 Transiit
1035 743 1250 806 messis,
1313 742 1463 798 ﬂoita
1493 753 1572 799 est
1607 754 1766 799 aestas
1807 761 1823 800 :

249 843 306 890 et
341 849 444 889 nos
469 836 661 888 salvati
687 850 793 888 non
825 849 1035 888 sumus.
1079 854 1098 887 ι
1124 834 1360 890 Rursum
1387 836 1616 906 populus
1647 835 1824 904 loqui-

253 937 368 990 tur,
403 926 496 996 qui
529 928 580 980 in
619 925 922 982 Jerusalem
955 928 1206 982 diuturna
1230 927 1519 981 obsidione
1544 929 1831 982 conclusus

253 1027 357 1083 est,
389 1017 517 1087 quia
555 1027 760 1072 mutata
783 1018 892 1072 sint
914 1028 1178 1088 tempora,
1215 1030 1267 1074 et
1289 1021 1414 1074 anni
1441 1020 1684 1075 circulus
1707 1035 1833 1074 evo-

256 1109 405 1164 lutus
444 1111 535 1174 sit,
555 1117 612 1164 et
631 1110 810 1164 omnis
856 1125 1048 1165 eorum
1081 1124 1210 1181 spes
1247 1111 1400 1165 irrita
1446 1111 1610 1165 fuerit
1668 1119 1832 1179 atque

259 1202 561 1256 transierit.

335 1292 515 1358 (Vers.
547 1291 662 1364 2|.)
705 1309 726 1345 ι
771 1291 947 1362 Super
991 1291 1315 1348 contritione
1355 1292 1476 1347 tiliae
1499 1293 1682 1363 populi
1725 1293 1830 1347 mei

260 1386 534 1440 contritus
568 1399 685 1439 sum
743 1381 910 1453 904
932 1391 988 1436 et
1030 1384 1385 1439 contristatus
1414 1399 1433 1442 :
1468 1392 1656 1454 stupor
1689 1385 1834 1438 obti-

261 1479 382 1532 nuit
428 1491 534 1533 me.
585 1495 605 1530 ι
654 1477 952 1548 Respondit
1001 1477 1167 1538 Deus.
1228 1477 1374 1547 quod
1437 1478 1492 1531 in
1542 1475 1835 1531 sillictinne

258 1569 566 1626 Jerusalem
615 1571 730 1639 ipse
763 1571 1014 1625 videatur
1045 1568 1300 1636 amictus,
1354 1577 1411 1624 et
1453 1569 1506 1624 in
1538 1569 1832 1624 humanam

259 1663 678 1720 similitudinem
714 1671 935 1733 stupore
960 1672 1297 1719 conteratur.

1929 487 2095 542 saque
2124 472 2364 526 omnium
2402 471 2775 533 miseriarum,
2815 471 2940 539 quia
2983 485 3092 523 non
3134 479 3505 539 cognoverunt

1928 565 2240 628 Dominum,
2272 573 2554 631 coetusque
2581 564 2650 616 sit
2679 562 3153 631 pnevaricantium
3208 569 3264 614 et
3287 574 3506 612 arman-

1931 659 2065 711 tium
2090 658 2329 722 linguam
2354 671 2508 708 suam
2543 656 2716 710 iuslar
2739 655 2946 709 extenti
2977 669 3139 710 arcus
3176 653 3227 706 in
3253 653 3506 721 blasphe-

1932 749 2138 813 miam;
2192 747 2594 816 cnnl’ortatique
2637 756 2768 801 sunt
2797 747 2849 801 in
2886 757 3052 810 terra,
3095 754 3155 798 ut
3194 754 3508 800 mereantur

1932 839 2119 892 audire
2157 852 2172 891 :
2225 837 2390 890 Terra
2425 853 2500 900 es,
2533 847 2582 890 et
2615 837 2669 889 in
2699 847 2893 890 terram
2927 837 3025 890 ibis
3062 835 3214 906 (Gen.
3247 836 3349 902 ιιι).

2001 929 2165 1000 905
2196 928 2374 999 (Vers.
2393 929 2426 983 4
2450 929 2630 998 seqq.)
2668 945 2687 979 ‹
2715 927 3104 996 Unusquisque
3124 941 3226 981 sea
3254 925 3507 995 proximo

1934 1037 2034 1076 suo
2087 1023 2383 1086 custodiat,
2434 1030 2489 1076 et
2537 1021 2590 1074 in
2651 1020 2798 1075 omni
2839 1023 3004 1074 fratre
3035 1035 3133 1073 suo
3168 1035 3272 1073 non
3313 1019 3510 1073 habeat

1935 1111 2212 1177 fiduciam,
2235 1113 2358 1182 quia
2392 1113 2571 1168 omnis
2608 1110 2776 1166 frater
2805 1111 3512 1181 supplautationesupplan—

1935 1205 2071 1260 tabit
2139 1204 2240 1277 (al.
2273 1202 2586 1273 supplantat
2623 1212 2677 1258 et
2713 1201 2961 1274 incedit],
3002 1215 3055 1256 et
3083 1204 3264 1257 omnis
3302 1201 3511 1255 amicus

1939 1297 2309 1350 fraudulenter
2341 1296 2590 1361 incedet;
2635 1304 2688 1349 et
2717 1297 2800 1348 vir
2837 1294 3059 1348 {murem
3103 1309 3259 1348 suum
3298 1293 3512 1346 deride-

1938 1387 2035 1450 bit,
2099 1395 2153 1440 et
2209 1386 2493 1440 veritatem
2543 1401 2646 1438 non
2682 1385 2988 1450 loquentur.
3032 1383 3340 1437 DoCnerunt
3365 1383 3514 1434 enim

1939 1475 2178 1545 linguam
2223 1490 2377 1529 suam
2409 1475 2558 1544 loqui
2591 1475 2932 1529 mendacium
2977 1472 3109 1546 (sive
3156 1473 3343 1528 didicit
3371 1473 3516 1526 enim

1937 1570 2118 1641 lingua
2156 1587 2340 1624 eorum
2373 1570 2518 1640 loqui
2550 1572 2940 1642 mendacium),
2973 1582 3032 1624 ut
3063 1573 3242 1641 inique
3271 1580 3516 1642 agerent,

1941 1663 2331 1718 laboraverunt
2357 1663 2688 1734 (siveinique
2716 1674 2966 1731 egerunt,
2997 1675 3049 1717 et
3075 1679 3181 1717 nun
3211 1663 3520 1716 intermisc-

333 1755 516 1826 (Vers.
544 1755 659 1822 22.)
686 1773 706 1806 ε
739 1754 1008 1825 Numquid
1064 1755 1244 1811 resina
1289 1771 1394 1811 non
1421 1755 1579 1812 estin
1607 1755 1832 1823 Galaad,
1869 1756 1908 1811 Β
1941 1762 2064 1806 runt
2102 1763 2158 1807 ut
2195 1752 2692 1821 converterentur).
2747 1751 3019 1806 llabitatio
3071 1761 3162 1806 tua
3226 1753 3279 1806 in
3335 1752 3520 1804 medio

259 1857 357 1902 aut
383 1847 628 1902 medicus
657 1863 763 1902 non
797 1856 881 1903 est
911 1848 1030 1901 ibi?
1065 1847 1247 1913 Quare
1281 1849 1447 1918 igitur
1482 1864 1589 1903 non
1626 1860 1710 1903 est
1738 1850 1838 1904 nb-

262 1942 426 1995 ilucta
487 1939 710 1994 cicatrix
776 1941 899 1995 tiliae
961 1943 1139 2011 populi
1191 1941 1382 1996 mei?»
1419 1939 1536 1995 Non
1569 1941 1744 1997 solum
1783 1943 1838 1996 in

261 2034 517 2101 praesenti
546 2034 690 2098 loco,
727 2039 821 2088 sed
851 2034 904 2088 in
936 2035 1119 2088 multis
1148 2034 1272 2088 aliis
1300 2035 1624 2089 testimoniis
1654 2035 1843 2104 Srrip—

265 2133 513 2178 turarmu
547 2125 854 2180 invenimus
881 2125 1120 2179 resinam
1151 2123 1354 2180 Galaad
1387 2139 1484 2193 pro
1518 2123 1840 2193 pmnitcntia

266 2215 393 2284 poni
463 2224 622 2286 atque
676 2217 1058 2281 medicamine,
1131 2217 1428 2286 mirarique
1475 2232 1618 2271 nunc
1647 2217 1841 2281 Dcmn,

263 2324 436 2377 quare
461 2311 682 2364 vulnera
712 2307 1013 2364 Jerusalem
1071 2323 1414 2379 nequaquam
1474 2319 1660 2362 curata
1710 2309 1838 2371 sint,

265 2417 319 2455 et
353 2401 584 2456 necdum
635 2403 921 2457 cicatrices
975 2402 1305 2457 obduxerint
1349 2411 1552 2464 cutem,
1599 2417 1666 2456 eo
1695 2400 1842 2470 quod

271 2511 377 2548 non
403 2496 512 2549 sint
533 2495 833 2565 prophetae,
866 2510 964 2550 nec
987 2495 1322 2561 sacerdotes,
1349 2509 1584 2565 quorum
1610 2495 1847 2551 debeant

267 2587 449 2641 curari
481 2587 861 2640 meditamine.

345 2677 504 2747 (Cap.
541 2677 727 2732 lX.-—
755 2676 915 2734 Vers.
949 2677 1026 2749 i.)
1091 2697 1110 2730 ι
1137 2676 1270 2746 Quis
1317 2678 1466 2732 dabit
1503 2678 1666 2748 capiti
1720 2693 1846 2734 meo

272 2783 498 2838 aquam,
556 2777 611 2823 et
669 2769 842 2824 oeulis
882 2768 1021 2822 meis
1071 2767 1278 2822 fontem
1324 2768 1724 2839 .lacrymarnm,
1790 2777 1848 2823 et

273 2860 507 2928 plorabo
539 2859 624 2914 die
651 2875 713 2914 ac
763 2870 922 2915 nocte
949 2860 1266 2914 interfectos
1295 2861 1418 2916 tiliae
1447 2863 1629 2931 populi
1663 2864 1766 2917 mei
1788 2863 1840 2916 2i

276 2951 334 3004 Si
384 2961 554 3015 totus,
610 2952 810 3020 inquit,
861 2962 1047 3006 vertar
1083 2952 1138 3006 in
1177 2950 1385 3017 lletum,
1421 2965 1475 3006 et
1506 2969 1847 3022 nequaquam

273 3053 442 3115 gutta:
483 3045 592 3099 sint
629 3043 1020 3115 lacrymarum,
1081 3044 1176 3098 sed
1211 3043 1542 3097 abundantia
1583 3041 1848 3106 ﬂuminis,

276 3109 461 3190 iumen
510 3109 830 3190 interfecios
861 3135 984 3190 tiliae
1024 3134 1206 3205 populi
1256 3135 1362 3189 mei
1389 3135 1550 3202 digne
1576 3133 1710 3188 ﬂere
1742 3148 1847 3187 non
1880 3109 1923 3167 (ἶ

279 3239 495 3298 potero.
520 3227 692 3282 Tanta
732 3228 877 3282 enim
923 3239 1049 3283 sunt
1078 3228 1246 3293 mala,
1281 3239 1339 3282 ut
1365 3244 1580 3282 omnem
1613 3228 1856 3283 dolorem

278 3322 365 3376 sui
398 3319 513 3392 [AL
547 3318 666 3392 sua]
694 3323 913 3374 vincant
944 3321 1347 3389 magnitudine.
1383 3319 1494 3374 lloc
1526 3328 1706 3374 autem
1746 3330 1854 3373 tam

284 3433 355 3472 ex
411 3415 720 3487 prophetae,
775 3431 936 3486 quam
1004 3431 1069 3470 ex
1116 3413 1328 3470 Domini
1364 3429 1596 3485 persona
1629 3412 1856 3483 intelligi

282 3523 484 3581 potest.

359 3604 542 3677 (Vcrs.
582 3602 666 3676 Ξ.)
702 3602 873 3669 «Quis
912 3602 1060 3657 dabit
1089 3615 1174 3656 me
1209 3602 1262 3656 in
1296 3601 1588 3657 solitudine
1615 3602 1863 3657 diverso-

296 3703 439 3751 rium
480 3695 579 3769 [αι.
609 3694 662 3751 ἱή
708 3695 1036 3768 diversorio]
1080 3696 1370 3760 viatorum,
1407 3706 1458 3750 et
1486 3697 1860 3763 derelinquam

289 3790 552 3859 populum
586 3804 789 3852 meum,
821 3799 875 3844 et
908 3789 1156 3843 recedam
1186 3789 1253 3842 ab
1282 3788 1398 3841 eis?
1421 3808 1438 3839 ι
1469 3786 1610 3841 LXX
1642 3805 1655 3840 :
1689 3808 1707 3839 ι
1731 3788 1865 3853 Quis

288 3883 380 3937 det
423 3882 554 3936 mihi
582 3881 636 3935 in
669 3881 970 3935 solitudine
1011 3880 1351 3936 mansionem
1389 3881 1772 3941 novissimam,
1809 3889 1867 3932 ut

292 3977 598 4044 relinquam
653 3974 912 4042 populum
965 3989 1166 4038 meum,
1199 3983 1254 4028 et
1306 3975 1553 4028 recedam
1594 3975 1663 4027 ab
1695 3970 1812 4026 eis?
1842 3990 1860 4023 ι

291 4067 508 4131 Melius,
547 4066 745 4135 inquit,
773 4076 856 4120 est
891 4067 1139 4120 habitare
1176 4066 1228 4119 iu
1252 4077 1495 4119 extrema
1545 4065 1866 4130 solitudine,

295 4175 458 4227 quam
513 4159 656 4211 inter
711 4164 862 4210 tanta
915 4157 1194 4212 hominum
1248 4156 1459 4210 scelera
1511 4157 1867 4212 connuorari.

295 4249 450 4306 Unde
525 4258 580 4303 et
655 4247 910 4303 Salvator
982 4248 1034 4301 in
1114 4249 1410 4316 Evangelia
1481 4247 1866 4318 loquebatur:

298 4339 576 4410 Usquequo
605 4339 876 4393 sustinebo
906 4353 997 4391 vos
1029 4336 1223 4407 (Marc.
1258 4352 1332 4400 ix,
1377 4335 1509 4406 l8)?
1580 4336 1646 4389 Et
1679 4336 1729 4388 in
1763 4335 1870 4388 alio

1941 1844 2073 1911 doli,
2110 1845 2163 1898 in
2195 1845 2320 1899 dolo
2356 1845 2484 1914 (sive
2516 1859 2682 1898 usura
2714 1859 2876 1912 super
2907 1859 3132 1897 usuram
3154 1885 3168 1908 ,
3209 1853 3263 1897 et
3287 1843 3439 1896 dolus
3465 1841 3519 1894 in

1941 1938 2126 2006 dolo);
2181 1945 2484 1991 rcnueruut
2538 1936 2669 2006 (sive
2705 1935 3017 2004 noluerunt)
3069 1937 3211 1990 Scire
3243 1949 3350 1999 me,
3383 1932 3518 1986 dicit

1945 2029 2262 2086 Dominus.»
2294 2028 2408 2084 Hoc
2436 2028 2557 2083 loco
2587 2029 2847 2081 utendum
2873 2036 2957 2081 est
2989 2027 3040 2079 in
3065 2037 3307 2094 tempore
3339 2038 3522 2094 perse-

1945 2125 2180 2184 cutionis
2209 2134 2265 2178 et
2296 2121 2582 2193 angustiae,
2625 2120 2844 2190 quando
2884 2131 2974 2171 aut
3030 2133 3176 2182 rara,
3239 2127 3333 2171 aut
3380 2116 3524 2170 nulla

1949 2217 2082 2274 lldes
2107 2229 2218 2280 est,
2253 2213 2494 2287 'quando
2533 2229 2636 2269 nec
2675 2211 2833 2266 fratri
2873 2225 2973 2266 nec
3025 2211 3278 2280 proximo
3302 2207 3528 2262 creden-

1947 2311 2075 2366 dum
2137 2317 2259 2370 est,
2326 2316 2381 2362 et
2449 2304 2658 2360 inimici
2737 2303 2980 2357 hominis
3048 2299 3337 2354 domestici
3405 2299 3527 2366 ejus

1951 2401 2140 2476 (Mich.
2171 2400 2319 2470 vn);
2368 2399 2616 2468 quando,
2663 2395 2816 2466 juxta
2874 2393 3252 2462 Evangelium,
3338 2390 3528 2444 Tradet

1947 2507 2098 2566 pater
2127 2493 2324 2564 ﬁlium,
2355 2499 2404 2546 et
2439 2490 2585 2560 ﬁlius
2639 2497 2862 2553 patrem,
2912 2495 2962 2540 et
2993 2485 3300 2537 dividentur
3334 2483 3438 2534 duo
3472 2482 3530 2534 in

1951 2598 2078 2654 tres,
2111 2595 2160 2642 et
2188 2595 2291 2641 tres
2321 2585 2374 2639 in
2401 2584 2507 2638 duo
2535 2580 2756 2654 (Matth.
2785 2593 2836 2642 x,
2860 2579 2923 2633 21
2956 2597 2969 2644 ;
2999 2577 3126 2631 Luc.
3155 2590 3252 2640 xu,
3290 2576 3378 2638 52,
3417 2573 3529 2642 55).

1950 2678 2216 2748 Quodque
2275 2675 2495 2746 infert:
2553 2673 2857 2727 Docuerunt
2912 2669 3154 2740 linguam
3201 2683 3355 2721 suam
3388 2664 3531 2733 loqui

1951 2769 2307 2834 mendacium,
2333 2767 2448 2824 sive
2482 2766 2666 2819 didicit
2710 2765 2892 2832 lingua
2926 2777 3104 2815 eorum
3134 2759 3280 2825 loqui
3308 2758 3530 2811 menda-

1952 2865 2116 2925 cium,
2172 2859 2415 2917 ostendit
2455 2857 2904 2914 consuetudinem
2941 2851 3234 2908 mentiendi
3264 2851 3531 2920 quodam-

1954 2957 2116 3010 tuodo
2145 2955 2199 3009 in
2229 2962 2488 3008 naturam
2530 2950 2696 3014 verti,
2765 2947 3122 3013 studioseque
3144 2959 3238 2997 eos
3270 2959 3448 3012 agere,
3479 2953 3538 2996 ut

1955 3055 2120 3118 agant
2146 3047 2352 3116 iniqua.
2409 3042 2673 3110 Quodque
2701 3039 2971 3107 sequitur,
3031 3034 3311 3089 Habitatio
3357 3043 3449 3086 tua
3480 3033 3535 3084 in

1959 3141 2128 3194 medio
2171 3139 2302 3201 doli,
2335 3137 2392 3191 in
2423 3137 2570 3198 dolo,
2615 3133 2832 3205 proprie
2880 3133 2946 3184 ad
2983 3130 3309 3200 prophetam
3353 3141 3536 3181 sermo

1960 3234 2232 3303 dirigitur,
2268 3231 2410 3300 quod
2434 3229 2650 3311 habitet
2683 3228 2737 3280 in
2766 3224 2946 3280 medio
2980 3217 3535 3311 populiumentientis;

1961 3325 2100 3388 sive,
2136 3333 2193 3376 ut
2257 3309 2609 3390 Septuaginta
2675 3315 3092 3379 transtulerunt,
3149 3309 3325 3365 Usura
3383 3323 3540 3377 super

1960 3432 2208 3479 usuram,
2261 3424 2309 3468 et
2345 3412 2498 3466 dolus
2547 3424 2702 3477 super
2732 3407 2912 3461 dolum
2941 3420 2962 3460 :
3007 3415 3062 3460 et
3103 3406 3250 3474 quod
3299 3399 3540 3471 quotidie

1962 3517 2198 3580 augeant
2249 3505 2478 3568 scelera,
2528 3514 2585 3558 et
2643 3511 2988 3570 nequaquam
3045 3509 3141 3550 eos
3179 3495 3383 3565 prioris
3412 3491 3540 3545 facti

1964 3602 2248 3672 poeniteat,
2285 3598 2376 3652 sed
2425 3595 2583 3650 novis
2618 3591 2897 3662 praeterita
2927 3589 3232 3644 cumulent.
3297 3583 3425 3638 Haec
3454 3583 3539 3636 la-

1965 3694 2194 3750 cieutes.
2225 3689 2372 3744 omni
2411 3697 2580 3758 agunt
2637 3683 2737 3757 [ιιι.
2763 3680 2953 3754 agant]
2984 3680 3190 3742 studio,
3217 3686 3274 3731 ut
3301 3675 3545 3730 nesciant

1967 3784 2274 3842 Dominum.
2308 3782 2399 3850 qui
2423 3781 2539 3835 haec
2570 3795 2676 3834 non
2701 3777 2946 3832 iacienda
2985 3769 3261 3844 praecepit.

2038 3873 2222 3945 (Vers.
2250 3873 2326 3940 7.)
2368 3873 2709 3940 «Propterea
2739 3869 2854 3922 haec
2889 3864 3302 3920 dicitDominus
3336 3856 3548 3913 exerci-

1969 3979 2118 4024 tuum
2159 3979 2177 4022 :
2255 3963 2397 4040 Ecce
2437 3979 2537 4034 ego
2582 3960 2834 4016 conﬂabo
2870 3958 3001 4027 (sive
3046 3955 3169 4025 igne
3198 3948 3545 4017 examinatio)

1970 4073 2026 4118 et
2073 4062 2312 4135 probabo
2341 4073 2457 4113 eos.
2515 4053 2656 4120 Quid
2713 4051 2858 4106 enim
2907 4049 3052 4102 aliud
3111 4045 3307 4099 iaciam
3339 4057 3368 4095 a
3415 4041 3549 4093 facie

1974 4132 2096 4212 lilia:
2136 4154 2318 4227 populi
2359 4149 2461 4205 mei
2501 4149 2629 4216 (sive
2681 4143 2810 4214 quid
2845 4141 3041 4196 faciam
3075 4155 3103 4192 a
3157 4137 3296 4191 lucie
3331 4132 3551 4227 malitia:

1975 4249 2097 4303 lilia:
2137 4224 2316 4316 populi
2350 4240 2522 4309 mei)?
2553 4256 2571 4289 ι
2626 4234 3070 4300 Quotiescunque
3123 4227 3389 4295 angustiis
3419 4224 3549 4278 sub-

1971 4340 2244 4410 iacemus,
2281 4331 2420 4387 mala
2466 4327 2765 4398 recipimus
2817 4339 2845 4377 a
2906 4322 3036 4385 Deo,
3086 4329 3140 4373 et
3173 4316 3554 4372 examinantur

297 4409 420 4487 loco
451 4409 716 4502 seriptum
749 4440 881 4486 est:
939 4427 1006 4482 In
1058 4439 1288 4494 tempore
1331 4428 1426 4482 illo
1477 4429 1566 4496 qui
1619 4427 1869 4494 intelligit
1905 4409 2477 4500 Dpersecutionibus,
2518 4430 2576 4474 ut
2624 4415 2887 4487 quidquid
2935 4413 2986 4466 in
3033 4411 3188 4484 nobis
3237 4409 3552 4462 adnuet-ina

295 4526 393 4599 [αι.
451 4521 758 4594 intelliget],
815 4523 1011 4577 sedebit
1039 4532 1086 4576 et
1120 4522 1309 4575 tacebit
1340 4537 1358 4574 :
1389 4523 1638 4587 quoniam
1672 4529 1876 4590 tempus

296 4623 581 4688 pessimum
631 4626 707 4672 est
766 4616 988 4688 (Tltren.
1022 4632 1114 4682 tu;
1183 4614 1346 4669 ΜὶεΙι.
1384 4619 1467 4682 ιι).

373 4710 666 4781 (Vers.3.)
726 4709 906 4775 (Quia
963 4724 1155 4764 omnes
1207 4710 1438 4764 adulteri
1499 4718 1648 4772 sunt,
1702 4717 1878 4764 cauus

299 4804 799 4874 praevaricatorum.
866 4803 936 4856 Et
993 4803 1355 4857 extenderunt
1414 4802 1656 4871 linguam
1719 4816 1874 4856 suam

300 4897 458 4966 quasi
487 4911 674 4951 arcum
708 4896 1000 4962 mendacii,
1035 4905 1090 4950 et
1114 4911 1222 4950 non
1259 4896 1542 4950 veritatis:
1579 4894 1874 4950 confortati

299 5000 429 5045 sunt
452 4989 504 5043 in
530 4988 840 5058 terra.quia
865 4989 933 5044 de
959 4987 1100 5044 malo
1129 4990 1179 5042 in
1213 4989 1413 5042 malum
1453 4988 1660 5057 egressi
1688 4985 1705 5017 ¹
1727 4995 1875 5052 sunt,

298 5093 355 5137 et
387 5097 473 5138 me
510 5097 618 5136 non
647 5093 1050 5152 cognoverunt,
1084 5081 1215 5134 dicit
1263 5079 1578 5136 Dominus.»
1621 5079 1696 5133 De
1734 5078 1878 5134 malo

300 5175 368 5228 ad
424 5175 625 5227 malum
692 5181 980 5227 transeunt
1032 5182 1367 5242 peccatores,
1419 5171 1640 5242 quando
1673 5171 1877 5225 idolum

305 5275 521 5319 mutant
585 5265 756 5328 idolo,
790 5275 845 5318 et
878 5268 942 5318 de
975 5265 1211 5333 peccatis
1241 5263 1306 5316 ad
1342 5274 1563 5333 peccata
1595 5273 1880 5316 transcen-

305 5361 461 5423 dunt,
507 5357 592 5412 vel
641 5370 791 5413 certe
845 5360 912 5412 de
963 5358 1263 5412 obsidionis
1297 5357 1437 5410 malo
1487 5365 1776 5410 transeunt
1813 5355 1882 5408 ad

307 5452 702 5521 captivitatem.
736 5452 798 5506 Et
836 5453 900 5506 de
931 5451 1147 5506 Sanctis
1176 5449 1395 5520 quidem
1420 5449 1625 5504 dicitur
1662 5465 1677 5503 ;
1712 5447 1875 5502 Ibunt

307 5549 372 5602 de
404 5549 598 5603 virtute
629 5551 682 5603 in
707 5549 948 5603 uirtutem
990 5546 1172 5618 (l’sal.
1208 5560 1438 5613 unm,
1474 5546 1553 5615 8).
1583 5543 1656 5601 De
1687 5559 1885 5615 pecca-

1981 4519 2224 4576 materia:
2267 4525 2371 4580 est,
2400 4511 2814 4568 tribulationum
2840 4516 2894 4561 et
2922 4505 3268 4558 miseriarqu
3299 4512 3556 4553 exuratur

1981 4611 2080 4686 [al.
2135 4602 2496 4676 excoquatur]
2524 4599 2814 4658 ardoribus
2834 4614 2849 4656 :
2869 4597 3153 4666 Argentum
3180 4593 3315 4648 enim
3345 4589 3559 4643 Domini

1979 4705 2098 4774 igne
2130 4700 2523 4760 examinatum,
2544 4695 2828 4766 probatum
2856 4703 3032 4757 term,
3069 4695 3349 4757 purgatum
3379 4691 3560 4750 septu-

1979 4797 2121 4864 plum
2146 4791 2326 4865 (Psal.
2360 4806 2440 4852 ιι,
2468 4791 2540 4856 7).

2053 4885 2235 4955 (Vers.
2263 4884 2318 4951 8,
2355 4883 2434 4953 9.)
2496 4900 2515 4934 ι
2543 4878 2752 4948 Sagitta
2783 4875 3080 4930 vulnerans
3127 4870 3306 4939 lingua
3346 4879 3557 4920 eorum.

1986 4980 2171 5038 dolum
2196 4980 2376 5034 locuta
2403 4985 2488 5030 est
2517 4991 2532 5030 :
2571 4974 2628 5027 in
2656 4984 2753 5026 ore
2778 4983 2877 5027 suo
2900 4979 3086 5036 pacem
3115 4977 3238 5016 cum
3271 4959 3443 5012 antica
3464 4971 3557 5007 su".

1986 5075 2252 5146 loquitur,
2293 5080 2349 5128 et
2415 5067 2627 5125 occulte
2676 5064 2828 5135 ponit
2872 5061 2921 5114 ei
2988 5056 3240 5110 insidias.
3281 5050 3558 5146 Numquid

1987 5142 2152 5240 super
2199 5167 2288 5220 bis
2333 5179 2443 5218 non
2490 5160 2760 5222 visitabo,
2820 5153 2954 5209 dicit
3014 5150 3318 5204 Dominus:
3367 5153 3458 5195 aut
3496 5142 3560 5240 in

1989 5231 2150 5336 gente
2212 5251 2594 5326 hujuscemodi
2647 5263 2752 5304 non
2812 5246 3108 5300 ulciscctur
3136 5242 3314 5293 anima
3362 5231 3558 5287 nica?»

1990 5329 2184 5410 Dmnis
2221 5348 2510 5404 luereticns
2549 5345 2641 5413 qui
2673 5340 2840 5395 corda
2878 5337 3130 5392 vulnerat
3156 5329 3488 5386 audientium
3514 5339 3561 5375 ε.

1990 5442 2357 5501 nescientium
2396 5440 2708 5506 scriptum:
2771 5431 2926 5489 Omni
2986 5427 3229 5483 custodia
3285 5436 3432 5474 serra
3481 5433 3559 5470 cui

1992 5549 2140 5592 tuum
2164 5535 2348 5608 (Prov.
2377 5547 2453 5601 tv,
2473 5530 2592 5600 23),
2629 5530 2880 5600 sagittam
2902 5522 3146 5597 possidet
3169 5515 3569 5575 vulnerantem,

291 5802 294 5806 _
388 5732 403 5761 '
428 5733 600 5786 Antea
631 5741 749 5787 erat
801 5731 1044 5801 ingressi,
1098 5746 1227 5788 nzss.
1265 5740 1318 5788 et
1366 5747 1522 5790 sacro
1560 5738 1705 5788 textu
1743 5724 2259 5789 contradicentibus.
