3950 6180
463 255 565 319 771

1633 254 1692 306 δ.
1731 245 2036 309 EUSEBII
2076 246 2512 306 IIlERONYMl

3604 246 3694 307 772

462 381 510 425 el
547 370 598 421 in
623 365 747 421 dolo
777 362 1038 432 loquitur,
1068 359 1314 430 Cumque
1331 371 1426 412 ore
1455 372 1554 412 suo
1577 372 1763 426 pacem
1793 357 2040 426 proximo
2069 361 2118 420 Α
2147 367 2271 410 runt
2318 367 2442 425 post
2477 352 2800 424 pravitatem
2841 352 3021 404 cordis
3073 351 3179 411 sui.
3232 360 3290 404 et
3342 361 3462 420 post
3499 349 3696 419 llaalini,

466 457 830 527 repromittat,
865 451 1078 507 occulte
1115 449 1286 504 tendit
1313 446 1562 501 insidias.
1592 445 1759 516 906
1795 445 2045 513 Sequen-

472 549 618 600 tilius
659 556 839 598 autem
871 539 1181 602 versiculis,
1217 538 1267 589 iii
1319 536 1518 604 quibus
1552 535 1682 588 dicit
1713 551 1728 586 :
1771 531 2047 602 Numquid

465 654 620 706 super
660 637 740 688 liis
769 649 871 686 non
907 630 1150 694 visitabo,
1181 627 1305 680 dicit
1345 625 1599 678 Dominus
1621 639 1640 678 :
1681 633 1773 677 aut
1799 624 1854 676 in
1899 633 2048 692 gente

467 724 773 795 liujusmodi
821 737 922 774 non
980 718 1264 772 ulciscatur
1321 719 1501 769 anima
1538 715 1699 768 mea?
1754 715 1947 768 crebro
1995 713 2046 765 in

469 817 571 870 hoc
639 813 906 885 propheta
944 808 1207 869 abutitur,
1269 813 1328 858 ut
1358 821 1480 858 cum
1517 804 1722 871 singula
1779 803 2046 854 malorum

466 921 687 973 cperunt
713 903 1070 964 enumerarit,
1088 897 1290 952 inferat
1309 897 1525 967 sejuste
1554 896 1731 948 facere
1748 896 1894 962 quod
1917 892 2050 946 facit

471 998 565 1069 [αι.
616 995 827 1066 faciat].

539 1088 718 1160 (Vers.
758 1089 870 1158 10.)
931 1105 948 1139 i
975 1087 1153 1156 Super
1179 1094 1393 1140 montes
1421 1098 1698 1138 assumam
1727 1080 1858 1152 (sive
1890 1093 2047 1132 assu-

467 1181 620 1252 mite)
651 1181 836 1235 fletum
870 1192 924 1236 et
956 1181 1277 1244 Iumentum,
1319 1187 1373 1231 et
1405 1191 1572 1243 super
1617 1177 1863 1244 speciosa
1921 1174 2048 1240 (sive

469 1273 714 1342 semitas)
764 1273 965 1327 deserti
1017 1271 1293 1339 planctum
1323 1285 1340 1326 ;
1373 1268 1627 1338 quoniam
1671 1269 1890 1320 incensa
1922 1270 2048 1316 sunt

470 1367 608 1435 (sive
659 1363 994 1434 defecerunt)
1043 1379 1110 1417 eo
1163 1363 1307 1432 quod
1343 1377 1448 1415 non
1480 1362 1552 1414 sit
1588 1361 1667 1412 vir
1699 1359 1826 1429 (sire
1863 1355 2044 1423 homo)

469 1458 869 1526 pertransiens,
906 1468 958 1509 et
991 1471 1098 1509 non
1143 1455 1434 1509 audierunt
1471 1467 1657 1505 vocem
1713 1447 2048 1519 possidentis

469 1550 595 1618 (sive
633 1549 999 1616 substantia),
1033 1563 1062 1601 a
1110 1548 1330 1602 volucre
1361 1547 1484 1600 εωιὶ
1535 1558 1706 1611 usque
1748 1543 1812 1593 ad
1850 1553 2045 1609 pecora

469 1639 836 1708 migraverunt
865 1646 918 1692 et
954 1649 1356 1692 recessertttit.i
1393 1636 1828 1706 Superveniente
1871 1631 2043 1700 Baby-

2151 463 2289 516 quos
2347 448 2654 501 didicerunt
2685 459 2714 496 a
2766 444 3013 512 patribus
3039 444 3213 498 suis.»
3259 443 3560 511 Interrogat
3587 461 3692 514 pro.

2150 541 2336 610 pheta.
2395 539 2437 592 si
2491 551 2650 606 quem
2705 535 3031 600 sapientium
3089 538 3139 590 in
3205 537 3506 590 Jetusalem
3560 545 3702 592 valeat

2153 632 2416 700 reperire.
2477 641 2531 682 ct
2589 643 2778 683 eorum
2841 628 2906 680 ad
2958 644 3094 697 quos
3155 628 3256 681 fiat
3293 642 3475 682 sermo
3514 630 3615 692 Dei,
3655 640 3700 682 et

2150 723 2242 791 qui
2273 721 2483 792 possint
2520 719 2850 773 annuutiare
2883 719 3096 772 Domini
3129 722 3492 781 voluntatem,
3527 732 3576 775 et
3595 736 3700 775 cau-

2150 828 2236 867 sas
2281 815 2506 866 reddere
2551 828 2648 865 cur
2674 811 2856 865 Judtea
2891 813 3109 865 redacta
3151 812 3227 864 sit
3274 813 3328 864 in
3365 811 3700 872 solitudinem.

2150 916 2204 960 et
2243 907 2494 960 omnibus
2539 904 2864 962 initer-tectis.
2900 903 3085 958 nullus
3137 903 3468 956 remanserit
3498 902 3584 971 qui
3620 920 3698 972 per

2150 1012 2270 1050 cam
2300 1007 2567 1050 transeat.
2612 996 2681 1048 Et
2717 994 2927 1048 inducit
2954 994 3252 1048 Dominum
3287 995 3698 1063 respondentem,

2151 1102 2454 1157 causasque
2507 1085 2826 1140 reddentem
2863 1100 2879 1139 :
2920 1088 3050 1154 quia
3104 1087 3503 1154 dereliquerint
3540 1087 3705 1158 Legem

2151 1182 2269 1248 ejus
2313 1194 2476 1248 quam
2510 1179 2734 1233 dederat
2775 1180 2880 1244 eis,
2919 1193 3020 1233 nec
3048 1178 3334 1232 audierint
3363 1193 3547 1233 vocem
3580 1181 3698 1249 ejus,

2153 1287 2252 1326 nec
2289 1271 2516 1326 fecerint
2547 1285 2667 1340 quae
2709 1267 2978 1339 pracepta
3022 1270 3167 1334 sint,
3224 1271 3324 1324 sed
3363 1269 3581 1324 abierint
3609 1282 3704 1340 post

2153 1365 2474 1433 pravitatem
2499 1364 2682 1416 cordis
2706 1363 2814 1417 sui.
2867 1363 2922 1416 Et
2939 1377 3006 1431 go
3031 1378 3139 1417 non
3165 1363 3219 1416 in
3238 1371 3426 1417 nostra
3447 1363 3704 1428 voluntate,

2150 1457 2242 1509 sed
2282 1456 2332 1506 iu
2376 1454 2606 1508 Domino
2641 1456 3022 1508 confitendum
3047 1464 3153 1509 est.
3182 1451 3425 1508 l’ravum
3459 1455 3592 1509 enim
3626 1471 3704 1510 cor

2153 1548 2203 1599 in
2236 1549 2490 1600 omnibus
2547 1547 2734 1614 (infra,
2771 1561 2903 1610 xvii,
2963 1545 3040 1614 9).
3100 1544 3188 1608 Et,
3228 1546 3308 1600 De
3363 1548 3513 1600 corde
3557 1555 3705 1600 nostro

2151 1650 2339 1692 exeunt
2389 1640 2629 1706 pessimae
2671 1638 3018 1708 cogitationes
3060 1637 3288 1706 (Matth.
3349 1653 3440 1698 xv.
3486 1637 3588 1706 i9).
3643 1641 3701 1691 Et

467 1731 614 1795 ιυιιίυ
647 1729 918 1792 exercitu,
951 1738 1003 1780 et
1031 1739 1229 1782 cuncta
1267 1737 1535 1787 vastante,
1573 1726 1807 1777 δυΙὶίυιΙο
1833 1726 2052 1792 provin-
2084 1711 2127 1768 Β
2163 1739 2276 1799 post
2336 1729 2572 1792 Baulim,
2613 1731 2812 1798 inquit,
2863 1732 3130 1796 abierunt,
3174 1747 3311 1800 quo;
3364 1731 3639 1784 didicerunt
3673 1748 3699 1782 α

483 1818 579 1870 cia:
610 1817 992 1886 prophetatur,
1025 1818 1168 1886 quod
1197 1818 1441 1886 planctus
1482 1818 1530 1867 in
1567 1815 1864 1875 montibus,
1898 1813 2054 1866 ﬂetus

467 1908 536 1958 sit
592 1906 646 1957 in
701 1911 937 1969 deserto,
990 1907 1106 1960 sive
1169 1907 1224 1960 in
1271 1906 1483 1961 Semilis
1523 1905 1855 1970 Solitudinis,
1909 1905 2052 1972 quod

471 1997 723 2051 universa
757 1996 1062 2052 defecerint
1098 2009 1262 2068 atque
1284 2013 1550 2053 succensa
1589 2000 1719 2060 siut,
1775 2007 1829 2049 et
1864 1997 2050 2051 nullus

468 2089 539 2141 sit
569 2089 660 2157 qui
693 2104 787 2158 per
820 2099 1018 2143 terram
1049 2090 1350 2160 gradiatur,
1403 2090 1559 2143 caesis
1591 2089 1863 2148 omnibus.
1891 2088 2050 2140 nihil-

469 2194 577 2245 que
609 2178 955 2242 remanserit,
991 2181 1127 2246 quod
1149 2179 1358 2247 spirare
1384 2181 1556 2248 possit
1587 2186 1640 2231 et
1669 2178 1871 2230 vivere.
1893 2178 2050 2232 Unde

471 2285 568 2338 pro
592 2271 911 2338 possidente,
945 2269 1082 2322 LXX
1121 2271 1520 2324 transtulerunt
1553 2269 1890 2332 substantiae,
1927 2283 2046 2336 qua:

475 2360 736 2414 llebraice
768 2361 971 2414 dicitur
995 2376 1167 2414 sulcat:
1200 2362 1400 2448 (rupto)
1457 2377 1471 2415 :
1515 2371 1567 2414 et
1616 2360 1916 2412 substantia
1962 2359 2049 2412 hic

471 2468 576 2506 non
604 2469 701 2522 plu
735 2453 918 2513 οὐσία,
951 2457 1050 2506 hoe
1077 2465 1182 2517 est,
1213 2455 1442 2506 essentia
1496 2454 1781 2520 accipitur,
1819 2451 1913 2503 sed
1945 2466 2044 2518 pro

469 2547 654 2611 opibus
729 2555 887 2612 atque
919 2545 1134 2596 divitiis.
1197 2543 1463 2612 Quodth
1507 2545 1714 2596 infert:
1763 2541 1805 2593 Α
1839 2542 2046 2594 rolucre

471 2637 581 2687 caeli
626 2648 786 2702 usque
837 2637 903 2684 ad
942 2650 1096 2702 pecus
1138 2641 1460 2687 recesserunt
1507 2645 1554 2685 et
1614 2633 1878 2695 abierunt,
1943 2632 2044 2685 hoc

469 2729 709 2778 ostendit
759 2726 900 2794 quod
951 2741 1093 2795 Saepe
1125 2725 1386 2791 diximus,
1431 2726 1566 2778 iram
1625 2722 1719 2777 Dei
1783 2724 2040 2776 universa

470 2822 698 2878 sentire,
749 2825 803 2868 et
850 2833 958 2868 non
1016 2816 1192 2868 solum
1241 2830 1371 2869 aves
1420 2821 1588 2878 aeris,
1635 2816 1729 2868 sed
1760 2826 1816 2868 et
1867 2815 2043 2882 pisces

473 2921 626 2972 aqua:
654 2909 905 2957 deiicere.
955 2901 1116 2956 Juxta
1153 2905 1510 2973 tr0pologiam
1538 2904 1699 2956 fletus
1733 2905 2034 2956 assumitur

470 3011 634 3063 super
714 3004 960 3056 montes,
1032 3004 1086 3048 et
1139 2989 1456 3048 lamentatio
1534 3009 1701 3062 super
1793 2995 2040 3061 speciosa

470 3089 694 3153 deserti,
746 3087 964 3155 quando
1011 3087 1287 3156 principes
1342 3096 1568 3154 poet-aut
1636 3085 1919 3149 ECCJt'SJa‘,
1994 3096 2048 3138 et

469 3182 602 3234 nihil
644 3183 697 3232 iu
748 3195 809 3233 ea
847 3181 1120 3233 invenitur
1149 3179 1469 3233 substantiae
1498 3180 1512 3209 ⁸
1538 3179 1652 3241 Dei,
1690 3194 1792 3232 nec
1829 3180 2047 3232 auditur

473 3287 573 3325 vox
628 3272 837 3324 Domini
894 3269 1191 3326 ﬂectesiam
1269 3273 1625 3342 pOSsidenIis,
1680 3286 1773 3340 per
1828 3282 2047 3326 sanctos

470 3378 521 3417 et
569 3365 898 3434 apostolicos
950 3365 1130 3428 viros;
1195 3373 1251 3417 et
1295 3380 1327 3416 a
1365 3368 1573 3416 volucre
1615 3366 1728 3416 rwli
1773 3380 1934 3432 usque
1974 3365 2044 3416 ad

472 3472 680 3524 pecora,
729 3457 796 3510 ab
862 3456 947 3510 bis
1007 3457 1278 3522 videlicet,
1308 3458 1400 3526 qui
1438 3469 1662 3524 possunt
1726 3461 1775 3509 iu
1810 3457 2045 3510 sublime

476 3552 796 3611 ascendere,
831 3563 1006 3617 usque
1066 3550 1133 3600 ad
1189 3549 1536 3601 irrationales
1571 3559 1624 3599 et
1684 3548 2045 3617 simpliciores

477 3653 721 3707 qIIOSque
751 3639 840 3708 qui
873 3649 1224 3693 recesserunt
1260 3639 1390 3710 (Lat.
1429 3637 1773 3711 recesserint]
1800 3657 1827 3692 a
1859 3638 2046 3695 conci-

477 3731 678 3785 Labulo
706 3728 824 3783 Dei.

546 3822 728 3893 (Vers.
753 3823 866 3892 tl.)
909 3842 927 3875 ι
949 3821 1174 3876 Etdabo
1200 3821 1500 3876 Jerusalem
1540 3822 1592 3876 iu
1620 3838 1845 3878 acervos
1869 3839 2047 3879 arenae

474 3920 602 3986 (sive
636 3917 688 3968 in
725 3915 1281 3985 trausmigrationem)
1323 3925 1376 3968 et
1413 3916 1463 3967 in
1497 3915 1694 3968 cubilia
1725 3919 2044 3983 draconum,

474 4019 530 4061 et
559 4011 817 4062 etvitates
847 4005 1002 4061 Juda:
1035 4009 1176 4061 dabo
1205 4007 1256 4060 in
1315 4007 1746 4072 desolationem;
1803 4023 1868 4060 eo
1901 4009 2047 4076 quod

474 4116 581 4156 non
608 4102 680 4155 sit
709 4102 1038 4154 habitatura
1073 4099 1209 4153 Cum
1241 4098 1599 4152 ccelesiastici
1635 4098 1736 4151 viri
1773 4107 1828 4151 et
1864 4100 2048 4152 docto-

481 4209 566 4246 ics
621 4195 823 4262 quique
864 4193 1186 4256 defecerint,
1252 4202 1384 4246 tunc
1436 4191 1596 4244 datur
1648 4189 1950 4244 Jerusalem
1993 4192 2047 4245 in

479 4285 1037 4353 transmigratiouem,
1070 4286 1184 4337 sire
1217 4283 1270 4336 in
1303 4298 1523 4338 acervos
1551 4296 1755 4346 arente,
1793 4292 1848 4335 ut
1878 4284 2049 4336 haere-

480 4377 620 4428 ticus
663 4378 715 4428 in
767 4391 832 4430 ea
884 4391 1070 4430 sermo
1116 4378 1429 4444 praevaleat,
1475 4387 1528 4428 et
1562 4375 1828 4428 clliciatur
1871 4374 2048 4429 cubile

477 4473 797 4532 draconum,
833 4477 886 4521 et
928 4469 1179 4523 civitates
1216 4468 1362 4522 illius
1403 4468 1725 4536 redigantur
1757 4469 1811 4520 in
1855 4467 2048 4521 solitu-

475 4560 682 4624 dinem,
716 4573 818 4613 nec
845 4564 917 4614 sit
971 4561 1023 4614 in
1052 4574 1116 4613 ea
1145 4560 1310 4612 divini
1355 4559 1625 4613 sermonis
1679 4559 1962 4623 habitatio,
1995 4567 2050 4613 et

474 4651 564 4704 ille
611 4654 700 4719 qui
734 4652 868 4705 dicit
901 4665 919 4710 :
975 4649 1300 4704 Inhabt'tabo
1330 4661 1375 4703 et
1411 4653 1752 4703 inambulatio
1787 4653 1840 4704 in
1872 4653 1967 4716 eis,
1998 4662 2048 4705 et

472 4759 559 4796 ero
591 4743 734 4798 Deus
765 4760 948 4797 eorum
984 4741 1174 4814 (Leuit.
1204 4759 1352 4807 xxvi,
1394 4744 1504 4813 η).

547 4837 728 4908 (Vers.
765 4837 832 4890 12
849 4846 1036 4906 seqq.)
1073 4856 1090 4888 ο
1120 4836 1257 4901 Quis
1285 4847 1368 4890 est
1400 4838 1483 4890 vir
1514 4838 1731 4905 sapiens
1768 4837 1855 4905 qui
1893 4836 2048 4891 ἰιιευΙο

476 4929 607 4995 ligat
649 4932 774 4993 hoc,
809 4942 863 4982 et
899 4931 964 4982 ad
999 4942 1160 4995 quem
1197 4925 1417 4979 verbum
1443 4928 1556 4978 oris
1585 4925 1797 4979 Domini
1840 4929 1954 4992 fiat,
1992 4937 2049 4979 ut

475 5023 764 5077 annuutiet
809 5022 994 5077 istud:
1032 5036 1202 5090 quare
1250 5021 1411 5089 periit
1449 5030 1613 5080 terra,
1648 5031 1701 5073 et
1736 5029 1933 5072 exusta
1965 5029 2049 5075 est

473 5115 627 5178 quasi
659 5115 960 5177 desertum,
992 5126 1056 5166 eo
1085 5112 1232 5180 quod
1277 5125 1383 5164 lion
1441 5107 1515 5163 sit
1551 5110 1637 5176 qui
1667 5111 2049 5178 pertranseat?

469 5203 632 5272 907
699 5205 765 5256 Et
834 5205 971 5258 dixit
1037 5206 1295 5259 Dominus
1363 5219 1378 5256 :
1442 5199 1579 5268 Quia
1644 5206 2048 5272 dereliqueruut

474 5302 644 5367 legem
705 5311 880 5351 meam
945 5314 1106 5368 quam
1163 5299 1285 5353 dedi
1343 5301 1443 5362 eis,
1501 5311 1554 5353 et
1609 5316 1715 5352 non
1753 5301 2047 5351 audierunt

474 5403 658 5442 vocem
687 5402 888 5454 meam,
921 5401 976 5442 et
1003 5404 1104 5442 non
1130 5389 1546 5445 ambulaverunt
1580 5391 1630 5442 iit
1663 5405 1749 5455 ca,
1795 5399 1850 5442 et
1898 5391 2048 5443 abie-

544 5523 786 5592 ‘Verba,
841 5535 890 5580 et
930 5527 1062 5579 nihil
1093 5528 1148 5580 in
1193 5544 1254 5582 ea
1305 5529 1570 5582 invenitur
1612 5527 1950 5592 substantiis,
1983 5528 2039 5580 in

471 5594 680 5648 duobus
712 5614 741 5650 e
771 5597 978 5652 nostris
1007 5611 1141 5651 mss.
1175 5600 1572 5652 desrderautur.

545 5668 566 5696 ³
601 5665 735 5720 'l‘res
770 5682 901 5723 mss.
933 5669 1155 5738 ipsaque
1175 5667 1590 5738 ltieronymiana
1630 5667 1828 5732 versio,
1880 5677 2039 5736 prout

2161 1824 2402 1889 patribus
2432 1826 2568 1877 suis.
2615 1823 2967 1878 Baalidolum
3029 1825 3387 1879 Sidoniorum
3439 1835 3532 1890 est,
3563 1835 3700 1879 etest

2163 1919 2374 1969 numeri
2431 1916 2743 1986 singularis,
2804 1917 3008 1972 Baalim
3053 1932 3181 1973 vero
3235 1918 3464 1988 pluralis
3502 1918 3696 1971 muneri.

2162 2009 2302 2076 Ergo
2343 2024 2440 2063 nec
2487 2018 2766 2079 parentum
2800 2023 2900 2064 nec
2945 2010 3211 2080 majorum
3278 2009 3376 2080 [αι.
3448 2009 3695 2081 malorum]

2158 2116 2315 2153 error
2329 2099 2643 2168 sequendus
2673 2106 2784 2164 est,
2853 2101 2950 2156 sed
2977 2101 3283 2156 auctoritas
3317 2101 3694 2169 Scripturarum,

2155 2203 2210 2247 et
2242 2191 2335 2246 Dei
2368 2191 2615 2246 docentis
2640 2192 2955 2260 imperium.

2227 2283 2412 2355 (Vers.
2443 2284 2532 2350 15,
2570 2283 2685 2353 16.)
2717 2303 2735 2336 ι
2761 2284 2971 2339 Idcirco
2997 2283 3112 2338 haec
3141 2283 3277 2338 dicit
3301 2281 3547 2337 Dominus
3571 2296 3697 2335 exer-

2152 2377 2359 2431 cituum
2387 2377 2528 2432 Deus
2547 2375 2713 2431 Israel
2740 2393 2754 2430 :
2780 2376 2921 2432 Ecce
2949 2391 3048 2448 ego
3077 2376 3276 2432 cibabo
3294 2390 3389 2431 eos
3411 2377 3452 2439 ί.
3479 2373 3690 2444 populum

2156 2465 2328 2522 ieiuni
2357 2469 2632 2524 absinthio
2663 2471 2791 2539 (sive
2820 2469 3133 2539 angustiis),
3162 2480 3220 2523 et
3259 2480 3445 2538 potum
3482 2466 3604 2522 dabo
3625 2465 3688 2519 eis

2154 2576 2348 2627 aquam
2375 2561 2537 2624 fellis,
2555 2571 2609 2615 et
2627 2561 2938 2631 dispergam
2960 2574 3054 2614 eos
3084 2561 3134 2612 in
3166 2560 3443 2630 gentibus,
3468 2573 3584 2627 quas
3603 2573 3687 2613 tum

2156 2663 2422 2704 noverunt
2449 2653 2551 2720 ipsi
2587 2659 2642 2706 et
2673 2663 2857 2722 patres
2885 2667 3076 2706 eorum
3105 2666 3120 2704 :
3160 2663 3218 2706 et
3249 2652 3457 2705 mittam
3485 2660 3588 2720 post
3614 2662 3689 2702 eos

2153 2742 2414 2810 gladium,
2446 2743 2620 2798 donec
2643 2753 3062 2798 consumantur.
3093 2761 3112 2794 ι
3151 2743 3338 2797 Potest
3368 2751 3420 2796 et
3451 2741 3512 2794 de
3546 2739 3688 2792 vicino

2153 2845 2392 2902 tempore
2423 2834 2762 2903 prophetari,
2790 2834 3014 2904 quando
3044 2836 3187 2901 capti
3219 2844 3349 2889 sunt
3372 2849 3401 2886 a
3425 2830 3686 2905 Chaldaeis:

2149 2933 2204 2978 et
2235 2927 2453 2994 proprie
2487 2927 2554 2980 de
2583 2927 2686 2979 hoc
2711 2936 2974 2993 tempore,
3005 2931 3229 2995 quando
3253 2924 3483 2994 dispersi
3509 2929 3620 2976 sunt
3641 2921 3681 2971 in

2151 3020 2423 3087 gentibus,
2452 3034 2590 3086 quas
2622 3033 2727 3070 nun
2751 3029 3017 3070 noverant
3042 3019 3146 3086 ipsi
3220 3027 3276 3072 et
3300 3025 3472 3085 patres
3491 3027 3647 3068 eorum
3675 3026 3687 3061 ι

2157 3112 2285 3162 etin
2323 3121 2432 3162 toto
2462 3110 2594 3162 orbe
2619 3106 2804 3172 divisi,
2827 3108 3100 3176 creatique
3131 3121 3261 3162 suttt
3289 3103 3569 3165 absimhio,
3593 3099 3685 3154 sive

2154 3200 2571 3252 necessitatibus
2604 3209 2658 3251 et
2699 3198 2986 3267 angustiis.
3048 3197 3112 3250 Et
3158 3205 3482 3266 aiceperuut
3529 3199 3706 3261 potum~

2155 3305 2348 3359 aquam
2376 3289 2539 3354 fellis,
2563 3291 2703 3358 quod
2735 3303 2828 3341 aut
2860 3290 3126 3344 malorum
3152 3291 3428 3358 signiticat
3457 3283 3682 3353 magnitu-

2154 3382 2356 3445 dinem,
2374 3393 2427 3435 et
2449 3383 2841 3450 sempiternum
2861 3381 3399 3452 captivitatisjugttm
3423 3397 3436 3433 :
3459 3381 3680 3429 autcerte

2129 3544 2132 3547 _
2156 3490 2249 3544 per
2280 3475 2642 3544 ignorantiam
2673 3474 2808 3544 legis
2837 3473 2951 3539 Dei,
2972 3488 3067 3543 pro
3088 3473 3312 3529 Christo
3333 3467 3678 3525 Antichristuut

2156 3567 2461 3636 suscepturi
2496 3574 2648 3622 sunt.
2718 3564 2951 3618 Mittitur
2984 3576 3163 3620 autem
3195 3565 3406 3634 gladius
3449 3568 3556 3630 post
3587 3567 3680 3616 eos.

2157 3667 2214 3712 ut
2241 3671 2409 3726 usque
2449 3657 2517 3712 ad
2560 3657 2837 3712 interitum
2863 3667 3281 3712 consumantur.
3319 3655 3409 3710 Vel
3438 3659 3568 3706 certe
3587 3650 3682 3714 gla-

2154 3751 2277 3805 dius
2331 3751 2426 3819 qui
2483 3764 2578 3804 eos
2629 3751 2860 3816 dividat,
2908 3759 2964 3804 et
3001 3765 3107 3805 non
3157 3747 3478 3819 pattatur'iu
3513 3741 3676 3797 malum

2154 3843 2357 3897 habere
2390 3855 2746 3909 consensum,
2784 3851 2842 3894 ut
2883 3842 3194 3910 dispereaut
3237 3843 3294 3897 in
3323 3855 3388 3897 eo
3416 3834 3544 3908 quod
3577 3827 3679 3885 ntali

2156 3943 2302 3987 sunt.

2227 4025 2408 4096 (Vers.
2437 4025 2524 4092 t7,
2557 4025 2670 4095 18.)
2710 4042 2728 4075 ι
2759 4023 2882 4079 Ιιςιξε
2915 4027 3042 4080 dicit
3069 4027 3331 4083 Dominus
3355 4022 3674 4081 exercituum:

2159 4116 2617 4188 Contemplamini
2639 4119 2766 4186 (sire
2785 4117 3086 4188 intelligite)
3127 4130 3182 4172 et
3197 4131 3382 4173 vocate
3396 4107 3678 4168 lanientatri-

2158 4221 2277 4271 ces,
2299 4221 2354 4260 et
2376 4207 2474 4278 [at.
2503 4208 2584 4277 ut]
2609 4211 2820 4261 veniant
2849 4222 2862 4261 :
2891 4219 2942 4262 et
2961 4215 3133 4264 adeas
3151 4226 3269 4280 qua-
3290 4209 3540 4278 sapientes
3559 4206 3678 4258 sunt.

2159 4300 2381 4364 mittite,
2405 4309 2457 4353 et
2484 4311 2781 4370 properent
2817 4303 2946 4369 (sive
2977 4302 3314 4374 loquantur],
3353 4297 3598 4355 festinent,
3629 4297 3670 4340 ει

2074 4411 2128 4472 D
2159 4400 2438 4444 assumant
2461 4408 2625 4459 super
2650 4407 2750 4445 nos
2779 4394 2905 4462 (sive
2944 4409 3107 4461 super
3142 4396 3257 4464 vos)
3295 4395 3564 4448 laniculum
3596 4387 3674 4434 εει

2153 4482 2422 4536 deducant
2465 4483 2632 4552 908
2663 4485 2804 4538 oeuli
2841 4487 3013 4540 nostri
3043 4487 3171 4555 (sire
3203 4485 3386 4552 vestri)
3429 4481 3670 4544 larryinas,

2152 4585 2205 4628 et
2247 4575 2516 4643 palpebrae
2559 4587 2758 4630 nostra:
2806 4576 2935 4645 (sive
2967 4582 3184 4648 vestae)
3232 4577 3464 4632 deﬂuant
3503 4564 3668 4635 aquis:

2152 4670 2407 4736 quoniam
2473 4684 2576 4722 vox
2639 4670 3048 4724 lamentatiouis
3117 4671 3301 4724 audita
3355 4662 3518 4721 estde
3565 4656 3666 4708 Sion

2152 4763 2277 4828 (sive
2315 4761 2366 4814 itt
2397 4759 2573 4825 Sion).
2603 4779 2621 4811 ι
2685 4760 2919 4831 Propter
2972 4765 3212 4816 futuram
3249 4758 3580 4832 captititatem
3627 4749 3668 4796 cl

2150 4855 2488 4907 eversionem
2531 4853 2860 4918 Jerusalem,
2895 4854 3306 4910 lamentatrices
3333 4847 3496 4905 vocari
3521 4840 3661 4912 jubet:

2150 4961 2269 5014 quae
2293 4945 2472 4999 solent
2502 4947 2551 4999 in
2585 4945 2753 5012 luctu,
2790 4960 2922 5000 voce
2947 4946 3113 5000 ﬂebili
3149 4956 3202 5001 et
3232 4947 3449 5000 lacertos
3464 4931 3664 5022 inanibus

2152 5037 2526 5102 verberantes,
2552 5037 2617 5090 ad
2649 5037 2919 5108 lacrymas
2944 5039 3203 5108 p0pulutn
3253 5041 3540 5108 provocare.
3585 5017 3662 5071 "tc

2151 5131 2294 5181 enim
2328 5145 2443 5184 mos
2477 5131 2678 5200 ubique
2703 5130 2864 5184 hodie
2905 5143 3188 5200 permanet
3213 5134 3262 5185 in
3293 5129 3479 5184 iudica,
3505 5123 3552 5168 ut
3573 5123 3663 5162 nni-

2150 5218 2314 5273 lieres
2357 5221 2574 5290 sparsis
2609 5223 2848 5274 rriuibus
2877 5223 3198 5291 nudatisque
3225 5214 3526 5291 pectoribus,
3556 5208 3656 5256 Voce

2153 5313 2424 5364 modulata
2463 5329 2655 5366 omnes
2692 5314 2758 5368 ad
2815 5314 2999 5368 ﬂetum
3059 5320 3354 5368 concitent.
3410 5307 3471 5360 Se
3511 5305 3652 5352 ³⁸³⁸⁸⁸⁸³

2147 5404 2321 5470 jungit
2382 5402 2520 5454 Deus
2567 5404 2956 5473 compatieutis
3005 5406 3222 5472 affectu,
3255 5406 3363 5460 sive
3392 5390 3651 5469 ρτον¹ιει³³

2150 5553 2232 5594 est
2278 5560 2304 5591 a
2342 5539 2588 5594 Jlut‘tiun.
2638 5543 2807 5604 edita,
2843 5544 3188 5612 interjectum
3235 5554 3416 5599 nomen
3457 5543 3532 5586 eos
3568 5527 3652 5574 non

2151 5619 2468 5680 agnoscunt,
2503 5612 2645 5681 quod
2669 5625 2752 5667 est
2783 5624 2961 5668 tamen
2993 5631 3044 5668 ιιι
3087 5614 3332 5670 llebrazo.
