3950 6180
264 293 374 354 ἾἾῙ)

261 495 474 548 sentire
510 508 570 546 se
603 492 767 544 dicat.
803 490 955 556 Quod
987 501 1169 544 autem
1207 489 1412 543 infert:
1466 491 1602 556 Quia
1640 507 1736 544 νοω
1765 491 1845 544 ια.

264 584 611 636 mentationis
635 581 820 635 audita
847 591 920 634 est
953 580 1018 635 de
1041 580 1196 646 Sion,
1228 583 1414 636 statim
1457 583 1706 651 sequitur
1727 598 1847 650 quae

263 675 378 730 ista
415 678 486 729 sil.
521 690 645 730 vox.

343 767 524 836 (Vers.
561 765 673 834 l9.)
713 783 730 816 ι
757 763 1043 829 Quomodo
1064 765 1260 818 vastati
1291 778 1509 830 sumus,
1549 775 1603 820 et
1633 767 1844 820 confusi

265 855 664 911 vehementer?
721 855 858 920 Quia
896 853 1288 922 dereliquimus
1332 866 1557 916 terram,
1588 858 1846 925 quoninn

265 948 483 1016 dejecta
528 955 653 1000 sunt
685 946 814 1015 (sive
842 945 1165 1014 abjecimus)
1201 944 1560 998 tabernacula
1600 957 1843 999 nostra.)

268 1038 384 1090 Vox
413 1039 512 1091 ista
544 1046 630 1090 est
661 1034 1072 1089 lamentantium
1103 1035 1236 1088 Sion
1273 1053 1286 1089 :
1355 1036 1628 1100 Quomodo
1662 1038 1850 1089 vastati

264 1146 476 1189 sumus.
524 1139 571 1181 et
603 1128 808 1197 confusi
838 1127 1204 1180 vehementer?
1259 1126 1566 1194 Statimque
1600 1128 1701 1180 sibi
1752 1129 1850 1196 ipsi

273 1220 632 1290 reSpnndent,
688 1230 746 1274 et
802 1235 998 1274 causas
1046 1235 1158 1272 sua:
1211 1220 1532 1271 vastationis
1577 1229 1854 1287 exponunt

268 1315 520 1366 dicentes
553 1328 568 1365 :
603 1310 740 1376 Quia
790 1311 1164 1378 dereliquimus
1212 1319 1429 1372 terram,
1480 1319 1667 1362 nostro
1725 1311 1854 1364 vitio

271 1418 443 1475 atque
474 1416 697 1474 peccato
725 1422 738 1458 :
780 1414 834 1458 et
862 1404 1072 1472 dejecta
1103 1404 1233 1457 sunt
1268 1403 1610 1457 labernthItla
1651 1413 1852 1468 nostra,

274 1510 404 1563 qua:
473 1495 628 1563 quasi
689 1505 1080 1563 praetereuntes
1147 1491 1426 1561 quondam
1485 1494 1852 1558 possidebant.

279 1589 475 1641 Dicant
508 1590 608 1641 hoc
637 1597 691 1640 et
723 1588 773 1640 in
816 1587 1197 1652 persecutione
1221 1585 1493 1652 quondam
1521 1586 1854 1637 credentium

280 1683 456 1734 turba:
480 1680 769 1748 :qnoniam
801 1679 1003 1731 idcirco
1027 1688 1250 1731 vastata:
1269 1687 1398 1730 sunt
1421 1678 1855 1745 atqueconlusa-,

771 287 1273 350 COMMENTAR.
1317 285 1399 346 IN
1440 235 1840 347 JERERdlAM
1908 283 2368 346 PROPHETAM
2426 283 2574 344 LIB.
2620 283 2703 356 II,
2745 282 2908 344 CAP.
2946 282 3048 343 IX.

266 417 324 458 ut
373 400 640 474 quidquid
699 400 928 470 pOpnlus
977 403 1234 463 sustinet,
1267 403 1441 469 ipsum
1473 401 1742 455 sustinere
1783 410 1838 454 et
1870 411 1909 464 Α
1942 400 2188 451 dicerent
2233 413 2247 446 :

3421 279 3530 347 77$

2313 397 2621 464 Disperdent
2647 398 2667 428 '
2695 395 2947 462 parvulos
2968 397 3030 450 de
3059 395 3210 465 foris,
3229 396 3450 466 jurenes
3471 399 3537 452 de

1953 489 2146 554 plateis
2176 497 2342 540 morte
2366 526 2379 540 .
2422 488 2612 551 Aquila
2644 503 2772 542 vero
2799 498 2854 542 et
2890 487 3251 558 Symmachus
3301 499 3539 545 transtu-

1953 580 2128 632 lerunt
2160 578 2413 647 λάλησον,
2463 579 2512 632 id
2557 591 2661 642 est,
2715 579 2964 649 loquere,
3007 591 3066 633 ιιι
3101 579 3333 648 imperet
3395 583 3536 636 Dens

1953 670 2228 738 propheta:
2261 671 2403 737 loqui
2448 686 2570 738 qua:
2601 683 2922 740 sequuntur.
2945 671 3069 725 IIa'c
3094 671 3222 724 dicit
3257 671 3531 739 Dominus,

1951 774 2007 817 et
2035 764 2264 832 reliqua.
2326 762 2390 816 Et
2434 770 2517 816 est
2567 777 2762 817 sensus
2819 782 2831 818 :
2885 764 3020 818 Cum
3051 766 3357 818 ascemlerit
3389 779 3538 819 mors

1953 875 2049 928 per
2076 858 2341 911 fenestras
2381 865 2614 918 nostras,
2651 865 2705 910 et
2743 858 2987 924 ingressa
3020 857 3184 910 fuerit
3238 857 3429 911 domos
3449 856 3539 910 Je-

1957 952 2216 1014 rusalem,
2251 959 2304 1003 et
2347 949 2556 1017 parvuli
2615 949 2958 1016 juvenesque
3003 950 3067 1002 de
3095 949 3228 1002 loris
3275 949 3537 1018 perierint

1957 1044 2010 1095 in
2041 1042 2253 1110 plateis,
2314 1051 2438 1094 tunc
2462 1041 2566 1094 erit
2599 1040 2970 1094 morticininm
3002 1056 3213 1105 eorum,
3237 1041 3352 1094 sive
3376 1043 3539 1094 cada-

1957 1153 2080 1189 vera
2117 1145 2478 1193 mortuorum.
2508 1135 2666 1203 quasi
2694 1135 3099 1203 sterquiliniqu
3135 1150 3309 1204 super
3342 1136 3534 1189 faciem

1959 1238 2137 1290 terrai,
2174 1240 2227 1281 et
2258 1229 2412 1295 quasi
2443 1228 2665 1294 Stipula,
2699 1241 2820 1295 qum
2835 1237 2956 1292 post
2987 1238 3194 1296 tergum
3214 1230 3536 1282 metentium

1957 1318 2269 1382 dimittitur,
2315 1327 2368 1371 et
2427 1328 2481 1369 ut
2539 1317 2749 1370 inutilis
2799 1333 2906 1370 non
2949 1317 3247 1387 colligitur.
3280 1318 3383 1372 Per
3413 1337 3536 1388 qua:

1958 1413 2244 1465 ostendere
2283 1411 2414 1475 vult,
2451 1422 2653 1464 tantam
2689 1411 2739 1462 in
2777 1409 3076 1465 Jerusalem
3100 1423 3152 1464 et
3185 1412 3326 1464 circa
3347 1413 3534 1465 urbem

1959 1505 2156 1557 cmtlem
2221 1503 2482 1567 futuram,
2536 1512 2595 1556 ιιι
2650 1502 2830 1556 nullus
2876 1494 2942 1555 sit
2985 1506 3074 1571 qui
3125 1504 3356 1572 sepeliat
3413 1503 3534 1556 cor-

1964 1603 2200 1645 ruentes.

2032 1682 2210 1751 (γεγε.
2240 1684 2329 1744 25,
2376 1683 2488 1750 ⁵24.)
2526 1703 2543 1734 ι
2611 1682 2731 1737 Ηςιις
2763 1685 2892 1736 tlicil
2927 1685 3224 1739 Dominus:
3258 1685 3372 1739 Non
3426 1686 3538 1752 glu-

279 1776 410 1844 quia
463 1772 856 1842 dereliquerint
904 1779 1100 1824 terram
1141 1771 1373 1835 Domini,
1410 1781 1464 1822 et
1510 1770 1853 1823 deseruerint
1889 1763 1927 1814 Β
1961 1775 2131 1828 rietur
2161 1777 2377 1841 sapiens
2416 1776 2466 1826 in
2497 1776 2759 1842 sapientia
2787 1791 2908 1835 sua,
2939 1787 3118 1826 etnon
3146 1776 3532 1842 glorieturfor-

280 1867 632 1920 tabernacula
671 1879 796 1918 sua.

357 1956 538 2021 tV‘ers.
563 1955 654 2018 ΞΟ,
683 1955 799 2023 21.)
859 1973 878 2006 ι
905 1954 1102 2007 Audite
1131 1969 1281 2023 ergo,
1324 1946 1602 2017 mulieres,
1633 1952 1853 2006 verbum

281 2049 518 2110 Domini,
562 2059 616 2101 et
673 2058 912 2101 assumat
967 2048 1116 2100 auris
1165 2056 1340 2099 vestra
1406 2059 1711 2098 sermonem
1746 2044 1857 2096 oris

281 2142 423 2207 ejus,
463 2152 514 2193 et
541 2141 731 2192 docete
765 2139 903 2192 filias
923 2150 1133 2192 vestras
1168 2137 1490 2199 lameutum,
1522 2146 1576 2190 et
1602 2150 1858 2204 umqum-

282 2249 389 2300 que
421 2231 722 2301 proximam
755 2245 913 2287 suam
948 2229 1400 2299 planctnm.Quia
1435 2229 1680 2280 ascendit
1711 2244 1856 2282 mors

284 2340 382 2389 per
432 2324 703 2376 fenestras
755 2331 994 2385 nostras,
1059 2323 1303 2390 ingressa
1365 2330 1448 2374 est
1500 2325 1690 2373 dumos
1756 2317 1856 2389 lat.

282 2414 501 2484 domus]
561 2425 823 2468 nostras:
880 2414 1194 2480 disperdere
1255 2412 1512 2479 parvulos
1570 2413 1635 2464 de
1699 2411 1853 2473 foris,

277 2509 513 2578 juvenes
538 2508 604 2559 de
641 2505 886 2572 plateis.s
939 2505 994 2556 ln
1030 2506 1294 2569 superiori
1327 2503 1562 2566 capitulo
1591 2503 1797 2554 dixerat
1838 2518 1852 2557 ;

298 2593 490 2648 Vocale
511 2593 918 2656 lamentatrices,
979 2603 1028 2646 et
1070 2594 1298 2656 veniant,
1332 2601 1379 2644 et
1410 2593 1479 2643 ad
1506 2607 1594 2644 eas
1620 2607 1736 2660 qua:
1769 2607 1856 2644 sa-

284 2689 486 2755 pientes
507 2699 650 2749 sunt,
686 2672 902 2750 mittite,
929 2694 977 2740 et
1003 2693 1284 2754 properent
1309 2700 1326 2738 :
1356 2699 1502 2738 nunc
1523 2685 1674 2752 quasi
1718 2699 1859 2752 prte-

286 2779 534 2832 scutibus
561 2777 822 2846 loquitur,
874 2777 927 2830 in
960 2777 1472 2831 condemnationem
1508 2779 1856 2830 sacerdotum

289 2882 455 2938 atque
492 2871 776 2923 domorum
804 2878 859 2922 et
909 2867 1149 2923 virorum
1180 2868 1424 2922 omnium
1466 2886 1479 2922 :
1513 2876 1571 2920 ut
1600 2867 1704 2922 illis
1738 2884 1859 2924 ces-

291 2964 544 3016 santibus
581 2977 610 3014 a
655 2961 925 3027 doctrina,
958 2962 1075 3015 istae
1107 2959 1333 3014 audiant
1361 2961 1583 3015 verbum
1627 2959 1858 3021 Domini,

286 3066 344 3109 et
364 3063 645 3109 assumant
673 3067 954 3107 sermones
979 3053 1090 3108 oris
1110 3055 1248 3122 ejus,
1280 3052 1614 3119 doceantque
1645 3051 1780 3104 tilias
1805 3059 1860 3102 et

1963 1868 2028 1920 tis
2078 1869 2128 1918 in
2189 1866 2508 1918 fortitudine
2559 1882 2677 1930 sua,
2735 1879 2791 1920 et
2845 1885 2948 1919 non
3005 1869 3268 1936 glorietur
3306 1868 3534 1921 diresin

1972 1957 2179 2011 divitiis
2215 1958 2348 2011 suis.
2383 1957 2490 2010 Sed
2555 1958 2606 2010 in
2640 1959 2740 2010 hoc
2783 1959 3062 2026 glorietur,
3125 1961 3216 2026 qui
3272 1958 3537 2021 gloriatur

1959 2049 2101 2102 scire
2162 2048 2286 2118 (sire
2317 2047 2637 2116 intelligere)
2685 2059 2734 2100 et
2768 2063 2931 2102 nosse
2979 2063 3084 2110 me,
3131 2050 3256 2118 quia
3289 2064 3389 2116 ego
3418 2046 3537 2102 sum

1959 2136 2247 2200 Dominus,
2300 2139 2392 2206 qui
2449 2137 2593 2191 facio
2650 2139 3102 2204 miscricordiam,
3141 2150 3195 2193 et
3238 2139 3532 2206 judicium,

1959 2235 2014 2282 ct
2047 2229 2317 2298 justitiam
2370 2230 2422 2284 in
2456 2240 2624 2284 terra.
2661 2229 2782 2284 llaec
2806 2232 2949 2284 enim
2987 2232 3202 2300 placent
3238 2232 3370 2285 mihi
3409 2233 3540 2300 (sit'e

1960 2322 2086 2388 quia
2122 2324 2173 2375 in
2229 2321 2349 2376 istis
2393 2333 2476 2377 est
2509 2323 2762 2378 voluntas
2817 2323 2986 2390 mea),
3046 2324 3176 2376 dicit
3203 2324 3478 2377 Dominus.
3513 2343 3532 2376 ι

1959 2412 2146 2468 Omnis
2177 2413 2452 2467 hominum
2487 2414 2731 2468 aufertur
2757 2416 3033 2482 superbia,
3061 2417 3190 2469 dum
3244 2415 3532 2483 sapientia,

1923 2499 1931 2505 ’
1961 2506 2220 2560 fortitudo
2251 2515 2305 2560 et
2336 2520 2466 2574 opes
2499 2520 2686 2560 eorum
2714 2515 3040 2575 repetantur
3081 2506 3134 2560 in
3191 2506 3442 2570 nihilum,
3481 2517 3534 2559 et

1964 2602 2060 2651 ista
2116 2606 2200 2651 est
2249 2599 2362 2651 sola
2399 2597 2678 2666 gloriatio,
2707 2607 2764 2650 ut
2814 2599 2950 2652 sciat
2985 2607 3038 2651 et
3081 2598 3352 2666 intelligat
3387 2601 3529 2666 quod

1963 2687 2076 2755 ipse
2103 2686 2171 2740 sit
2205 2685 2484 2752 Dominus,
2523 2687 2613 2755 qui
2643 2686 2772 2740 facit
2804 2687 3236 2741 misericordiam
3291 2697 3347 2740 et
3389 2688 3535 2756 judi-

1962 2777 2102 2829 citnn
2160 2785 2216 2828 et
2259 2775 2528 2844 justitiam
2559 2792 2724 2845 super
2765 2786 2966 2830 terram
2997 2792 3011 2830 :
3047 2777 3188 2845 quod
3217 2780 3394 2830 omnia
3442 2779 3534 2830 Dei

1993 2869 2303 2924 t-ovidentia
2347 2879 2403 2921 et
2449 2867 2657 2936 justitia
2691 2869 3083 2937 gubernantur,
3143 2878 3197 2920 et
3225 2883 3346 2936 quae
3381 2869 3536 2920 nobis

1965 2958 2212 3010 videntur
2241 2972 2349 3010 non
2399 2957 2598 3010 habere
2628 2957 2919 3020 rationezn,
2977 2955 3204 3022 jnstitia:
3238 2957 3390 3023 plena
3425 2955 3536 3018 sint

1965 3058 2129 3117 atque
2194 3047 2447 3101 rationis.
2514 3047 2681 3117 910
2746 3046 2870 3101 liaac
2921 3049 3064 3100 enim
3144 3046 3256 3099 sola
3323 3045 3536 3112 placent

287 3147 567 3214 proximas
607 3159 735 3198 suas
777 3143 1056 3213 planctum
1094 3157 1403 3208 causasque
1433 3142 1796 3211 lacrymaruin
1839 3157 1852 3192 :
1885 3105 1926 3161 ο
1963 3139 2090 3202 Deo,
2121 3150 2174 3191 et
2204 3141 2257 3192 in
2300 3139 2382 3193 liis
2414 3141 2664 3194 voluntas
2689 3139 2837 3194 illius
2856 3151 2959 3193 est.
2995 3137 3092 3210 Ubi
3120 3147 3251 3190 sunt
3275 3152 3405 3206 ergo
3435 3139 3534 3203 qui

287 3239 428 3302 Quia
463 3239 698 3291 ascendit
742 3253 882 3290 mors
923 3253 1015 3305 per
1041 3236 1302 3304 fenestras
1332 3246 1583 3288 nostras:
1619 3235 1858 3302 ingressa

283 3337 360 3378 est
389 3328 575 3380 domos
614 3336 842 3381 nostras.
888 3327 1040 3392 Quod
1065 3341 1372 3396 quanquam
1418 3338 1476 3378 et
1505 3327 1858 3393 spiritualiter

288 3419 457 3487 pessit
487 3419 732 3486 intelligi,
767 3433 832 3472 eo
855 3422 998 3486 quod
1019 3434 1112 3486 per
1129 3433 1320 3472 omnes
1348 3433 1539 3471 sensus
1570 3418 1634 3469 ad
1664 3418 1858 3470 anima!

289 3516 571 3562 interitum
607 3527 752 3563 mors
785 3512 1018 3564 introeat
1072 3521 1413 3578 peccatorum
1440 3550 1454 3574 ,
1503 3519 1678 3562 tamen
1712 3525 1761 3562 et
1793 3511 1860 3562 de

287 3600 715 3669 Babyloniorum
757 3601 961 3668 impetu
994 3599 1220 3670 intelligi
1251 3610 1429 3664 potest
1461 3615 1475 3651 :
1532 3601 1674 3668 quod
1709 3609 1854 3651 tanta

289 3695 364 3744 sit
397 3690 656 3744 fortitudo
681 3701 734 3743 et
772 3692 1034 3746 velocitas
1085 3691 1383 3758 praeliandi,
1423 3701 1481 3742 ut
1513 3708 1614 3742 unu
1663 3706 1858 3757 exspeo

288 3793 439 3836 ctent
484 3781 650 3851 909
678 3796 922 3835 reserare
953 3781 1100 3836 fores
1126 3823 1141 3848 ,
1173 3783 1266 3836 sed
1298 3792 1350 3835 et
1379 3795 1474 3850 per
1515 3780 1783 3834 fenestras
1808 3791 1860 3834 et

291 3882 434 3924 tecta
485 3873 875 3935 conscendant,
938 3884 998 3926 ut
1037 3873 1226 3928 domos
1277 3883 1490 3928 vastent
1533 3872 1855 3927 Jerusalem.

295 3960 530 4012 l‘ereunt
553 3973 730 4014 autem
765 3963 974 4028 parvuli
1008 3965 1097 4032 qui
1132 3963 1267 4017 foris
1299 3977 1445 4028 sunt,
1482 3975 1536 4018 et
1567 3967 1860 4032 egrediun-

293 4061 381 4102 tur
441 4051 508 4105 de
556 4049 893 4120 Jerusalem;
935 4065 990 4108 et
1034 4056 1283 4124 juvenes,
1323 4057 1390 4108 ad
1421 4072 1558 4124 quos
1584 4057 1775 4109 scribit
1810 4067 1862 4108 et

293 4139 559 4206 Joannes,
618 4143 710 4210 qui
775 4159 878 4197 non
936 4144 1323 4212 ingrediuntur
1386 4161 1482 4213 per
1542 4159 1746 4199 arctam
1809 4158 1862 4198 ct

294 4244 581 4300 angustam
612 4235 778 4298 viam,
809 4249 926 4302 qua:
957 4235 1106 4287 ducit
1135 4238 1200 4287 ad
1228 4238 1396 4288 vitam
1424 4277 1438 4299 ,
1469 4241 1560 4289 sed
1590 4238 1862 4290 ambulant

298 4337 395 4388 per
419 4322 650 4389 plateas,
679 4326 744 4376 de
774 4327 977 4392 quibus
1005 4327 1268 4394 scriptum
1294 4339 1384 4381 est
1421 4343 1436 4382 :
1472 4327 1641 4392 Quam
1673 4328 1784 4381 lata
1812 4340 1860 4382 et

297 4417 531 4481 spatiosa
564 4417 642 4469 eia
661 4433 777 4483 quis:
812 4417 957 4471 ducit
987 4420 1054 4471 ad
1093 4429 1309 4473 mortem
1348 4420 1566 4488 (.lrlattlt.
1616 4439 1710 4488 vti,
1744 4423 1858 4488 15)!

370 4506 552 4578 (Vera.
625 4508 740 4578 22.)
805 4529 822 4560 ι
861 4509 1104 4577 Loquere
1140 4512 1275 4575 lucc,
1307 4514 1438 4567 dicit
1472 4513 1754 4577 Dominus,
1811 4529 1866 4567 et

301 4605 457 4654 cadet
491 4603 856 4654 inerticinium
879 4604 1113 4657 hominis
1134 4606 1264 4673 (sive
1282 4607 1542 4658 cadavera
1566 4608 1864 4675 hominum)

299 4695 455 4760 quasi
490 4703 698 4748 stercus
715 4710 877 4763 super
899 4693 1087 4748 faciem
1131 4698 1361 4766 regionis
1391 4700 1516 4764 (sive
1550 4699 1784 4766 campi),
1816 4708 1868 4752 et

300 4787 454 4854 quasi
481 4787 659 4840 ftnnm
723 4799 841 4856 post
897 4799 1105 4858 tergum
1132 4792 1402 4856 metentis,
1437 4801 1490 4843 et
1517 4807 1624 4845 non
1665 4801 1747 4843 est
1779 4792 1864 4857 qui

299 4878 540 4946 colligat.
573 4896 591 4929 ι
628 4877 867 4932 Verbum
904 4880 1257 4945 llebraicum,
1291 4885 1432 4948 quod
1473 4883 1648 4935 tribus
1673 4883 1869 4937 litteris

301 4971 560 5024 scribitur
609 4985 843 5036 onera,
882 4987 1045 5036 cura,
1082 4988 1177 5028 nes
1211 4974 1448 5044 (vocales
1481 4975 1625 5026 enim
1662 4977 1714 5027 iu
1756 4990 1869 5028 me-

300 5064 388 5115 dio
436 5076 541 5114 non
590 5061 796 5130 habet),
832 5078 929 5130 pro
983 5065 1372 5134 consequentia
1408 5072 1463 5117 et
1511 5066 1738 5132 legentis
1774 5082 1866 5119 ar-

302 5156 466 5208 bitrio
489 5154 534 5208 si
571 5155 779 5223 legatur
809 5171 978 5208 paean
1012 5157 1192 5225 (an),
1242 5173 1530 5210 sermonem
1557 5161 1867 5226 signiﬁcat;

299 5248 344 5299 si
365 5263 536 5302 unum
563 5252 861 5316 mortem,si
881 5264 1054 5303 nausa
1076 5251 1111 5312 ι,
1138 5250 1364 5318 loquere.
1399 5249 1548 5304 Unde
1571 5263 1624 5304 et
1656 5251 1793 5304 LXX
1817 5263 1870 5305 et

307 5337 609 5394 Theodotio
665 5339 959 5409 junxerunt
1005 5342 1132 5395 illud
1193 5345 1469 5410 praeterito
1520 5345 1780 5412 capitulo,
1815 5355 1872 5397 ut

373 5493 391 5524 ¹
427 5491 648 5548 Rectius
674 5510 794 5548 cum
815 5495 1011 5564 duplici
1038 5511 1066 5547 Β
1098 5511 1200 5550 ms.
1231 5494 1512 5566 Sangerm.
1533 5497 1672 5566 apud
1697 5495 1873 5552 Μυιιι·

301 5561 450 5617 fauc.
482 5579 708 5617 υΑιιΒειι.

371 5632 397 5704 '_
421 5634 650 5688 Cisterc.
686 5650 808 5688 cum
835 5633 1023 5704 Vatic.
1062 5649 1188 5698 ms.,
1253 5635 1646 5703 disperderent;
1701 5651 1867 5704 penes

298 5697 603 5772 Baliarium,
648 5706 961 5774 disperdere.
1001 5697 1205 5774 Saepius
1236 5697 1360 5760 vero
1393 5697 1676 5760 manifesta
1702 5697 1860 5762 cedi.

1961 3229 2146 3284 dicunt
2195 3232 2467 3285 hominem
2517 3233 2739 3300 proprio
2772 3237 2878 3301 regi
2916 3246 3078 3299 posse
3111 3231 3130 3262 ³
3187 3231 3438 3291 arbitrio,
3483 3241 3537 3280 et

1959 3322 2038 3374 sic
2069 3323 2245 3374 datam
2303 3323 2455 3374 liberi
2506 3323 2717 3375 arbitrii
2751 3334 3095 3388 potestatem,
3157 3333 3218 3374 ut
3248 3322 3342 3374 Dei
3378 3321 3538 3374 misi:-

1961 3411 2190 3466 ricordia
2228 3413 2447 3465 tollatur
2475 3422 2637 3480 atque
2681 3415 2928 3482 iustitia?
2961 3413 3112 3468 Unde
3139 3426 3190 3467 et
3224 3415 3534 3480 Apostolus.

1963 3517 2244 3557 assumens
2264 3503 2364 3558 hoc
2396 3505 2790 3568 testimonium,
2827 3508 2974 3574 ponit
3005 3507 3310 3573 exemplum
3366 3521 3382 3559 :
3433 3506 3538 3570 Qui

1962 3594 2243 3664 gloriatur,
2278 3596 2333 3648 in
2373 3595 2596 3649 Domino
2627 3597 2883 3664 glorietur
2929 3595 3009 3664 (ll
3045 3594 3167 3650 Cor.
3203 3613 3256 3658 χ,
3287 3597 3394 3657 l7).

2038 3684 2216 3756 (Vers.
2249 3687 2340 3750 25,
2373 3686 2487 3756 26.)
2516 3687 2814 3741 «Eccedics
2833 3689 3078 3749 veniunt,
3103 3686 3231 3738 dlt'il
3258 3686 3535 3748 Dominus,

1963 3789 2017 3833 et
2069 3779 2299 3832 visitabo
2333 3794 2496 3845 super
2528 3793 2743 3831 omnem
2779 3778 2868 3846 qui
2927 3779 3315 3831 circumcisum
3378 3777 3539 3831 liabet

1965 3873 2308 3940 praeputium,
2357 3885 2526 3937 super
2582 3869 2896 3939 Egyptuzn,
2947 3881 2996 3922 et
3033 3885 3194 3937 super
3237 3870 3452 3934 Judam,
3485 3883 3540 3924 rt

1965 3979 2127 4030 super
2146 3963 2334 4026 Edoni,
2356 3975 2408 4016 et
2452 3978 2618 4028 super
2644 3963 2783 4016 filios
2834 3964 3086 4025 Ammon,
3116 3972 3340 4030 etsuper
3361 3961 3536 4022 Moab,

1964 4064 2018 4110 et
2046 4071 2209 4124 super
2254 4070 2441 4107 omnes
2491 4058 2581 4123 qui
2619 4057 2814 4108 attensi
2854 4065 2982 4108 sunt
3032 4057 3079 4106 in
3107 4070 3338 4114 ροιιιςιω,
3390 4055 3541 4106 hab:-

1967 4157 2140 4201 tautes
2189 4147 2238 4198 in
2283 4147 2523 4209 deserto,
2555 4147 2679 4215 quia
2713 4161 2904 4198 omnes
2934 4155 3124 4213 gentes
3155 4145 3354 4197 habent
3397 4158 3538 4210 pra--

1966 4243 2195 4307 putinm.
2232 4235 2420 4291 Omnis
2477 4249 2656 4291 autem
2708 4239 2902 4290 domus
2953 4238 3119 4290 Israel
3169 4238 3538 4290 incircumcisi

1967 4343 2095 4386 sunt
2123 4331 2304 4385 corde.
2339 4348 2357 4382 ι
2420 4331 2710 4384 Multarum
2737 4345 2802 4382 ex
2834 4330 3064 4400 quadam
3091 4340 3242 4397 parte
3275 4330 3540 4395 gentium,

1974 4435 2030 4477 et
2059 4425 2290 4477 maxime
2319 4439 2436 4493 quae
2458 4421 2657 4477 ludat-ae
2695 4423 3087 4491 Palestinmque
3121 4424 3363 4475 contines
3392 4435 3538 4483 sunt,

1970 4529 2139 4578 usque
2173 4515 2331 4570 liodie
2385 4515 2574 4585 populi
2622 4515 3108 4577 circumciduntur,
3159 4525 3213 4566 et
3266 4515 3540 4581 prmcipne

1969 4605 2212 4677 Egypti,
2271 4619 2325 4662 et
2401 4605 2642 4669 Idumaei,
2709 4605 3033 4658 Ammonitaa
3083 4617 3132 4657 et
3205 4603 3543 4666 Moabitagct

1968 4699 2147 4752 omnis
2189 4700 2336 4766 regio
2363 4697 2818 4758 Sarracenorum,
2855 4712 2974 4766 qua"
3007 4695 3214 4748 babitat
3263 4695 3315 4745 in
3352 4694 3541 4744 solitu-

1969 4791 2116 4855 dine,
2145 4790 2287 4844 etde
2311 4790 2508 4859 quibus
2538 4789 2777 4842 dicitur:
2825 4787 2996 4855 Super
3030 4801 3204 4838 omnes
3236 4785 3323 4852 qui
3351 4783 3543 4833 attomi

1969 4893 2090 4936 sunt
2143 4884 2198 4934 in
2245 4897 2477 4945 comam,
2514 4880 2812 4934 habitantes
2879 4881 2930 4931 in
2963 4879 3191 4930 deserto.
3227 4875 3345 4926 Non
3383 4873 3545 4941 igitur

1970 4973 2187 5043 gloriari
2239 4973 2398 5026 debet
2450 4971 2608 5034 .luda,
2648 4971 2742 5040 qui
2777 4970 2986 5022 mixtus
3026 4974 3110 5021 est
3139 4980 3258 5018 cum
3294 4963 3542 5032 gentibus-

1971 5067 2383 5135 suprascriptis,
2422 5081 2486 5118 eo
2515 5063 2656 5132 quod
2689 5061 3010 5132 praeputium
3045 5073 3148 5112 non
3175 5056 3390 5119 habeat,
3451 5055 3543 5108 sed

1971 5175 2034 5213 ex
2073 5161 2187 5225 lege
2211 5159 2299 5212 Dei
2327 5157 2683 5212 circumcisus
2714 5153 2806 5215 sit,
2849 5167 2972 5205 cum
3001 5160 3054 5204 et
3086 5150 3177 5202 alii
3209 5149 3320 5202 base
3344 5147 3544 5200 faciant

1970 5251 2062 5318 qui
2089 5251 2218 5318 legis
2250 5251 2499 5301 mandata
2528 5261 2632 5298 non
2667 5253 2906 5306 servant,
2964 5251 3018 5295 et
3069 5240 3320 5310 ignorant
3375 5237 3540 5291 Deum

1972 5341 2158 5396 Israel.
2214 5339 2325 5395 Nec
2382 5341 2601 5408 prodest
2666 5335 3032 5401 circumcisio,
3067 5349 3185 5403 qua:
3225 5334 3278 5386 in
3327 5331 3539 5400 signa...

1973 5513 2093 5552 cum
2118 5493 2314 5550 menda
2353 5491 2774 5547 dissimulamus.

2044 5549 2073 5598 ί
2105 5549 2327 5636 Absque
2351 5565 2521 5620 verbo
2552 5578 2702 5633 posse
2757 5573 2868 5618 tres
2902 5575 3036 5617 mss.
3083 5568 3138 5613 et
3167 5554 3435 5610 Rabanus
3469 5549 3546 5606 le-

1973 5648 2123 5708 gunt.
