3906 6172
425 271 535 337 775

1603 275 1661 337 S.
1708 275 2021 337 EUSEBII
2060 276 2499 367 HIE‘RONYMI
3582 284 3663 351 77(

425 386 551 440 data
575 392 686 450 est,
718 384 823 440 nisi
853 384 1107 440 mandata
1137 384 1345 439 Domini
1378 385 1799 454 compleantur;
1857 387 1996 441 sicut
2029 400 2069 452 Α
2101 387 2254 444 Unde
2290 401 2344 444 et
2385 391 2511 443 illud
2552 387 2909 460 Virgiliunum
2939 400 3021 445 est
3061 390 3302 461 (zEneitl.
3338 394 3425 463 t):

422 485 481 532 et
537 490 729 541 comae,
783 492 902 546 qua:
963 486 1178 545 gentem
1219 476 1553 545 signiﬁcant,
1608 492 1711 529 non
1747 478 1941 530 robora
1977 478 1995 508 ⁸

423 578 714 635 corporum
752 576 808 619 et
863 565 1235 620 fortitudinem
1293 574 1676 635 pugnatorum.
1735 567 1999 636 Quodque

424 658 672 726 sequitur
701 674 716 714 :
768 654 963 710 Omnes
991 666 1168 725 gentes
1202 657 1395 711 habent
1426 661 1790 727 praeputium:
1825 663 1996 714 omnis

422 761 597 801 nutent
632 748 815 801 domus
869 746 1044 800 Israel
1072 748 1424 801 incircumcisi
1456 761 1576 802 sunt
1624 751 1801 808 corde.
1855 750 1998 805 hunc

425 840 584 891 habet
632 852 848 891 sensum
885 856 897 890 :
936 837 1069 889 Cum
1106 847 1302 905 praeter
1351 836 1657 908 Egyptios,
1714 840 1997 902 Idumaeos,

423 929 792 990 Atnmonitas,
833 937 887 983 et
920 927 1212 989 MOabitas,
1248 929 1553 984 lsmaelitas
1610 931 1663 983 iti
1700 932 1997 986 snlitutline

421 1031 849 1080 commoranlcs,
886 1033 1114 1085 quorum
1166 1018 1479 1087 plerumque
1512 1034 1638 1089 pars
1671 1022 1996 1075 circumsisa

420 1117 523 1170 est,
564 1123 751 1161 omnes
777 1108 898 1160 alia:
935 1110 1183 1163 natiooes
1214 1110 1266 1162 in
1302 1118 1415 1163 toto
1449 1111 1583 1163 orbe
1606 1110 1997 1165 incircumcisae

422 1200 536 1252 sitit
582 1214 771 1263 carne,
807 1198 987 1254 omnis
1027 1200 1220 1255 domus
1277 1201 1442 1255 Israel
1480 1202 1857 1256 incircutncisa
1914 1211 1999 1258 est

422 1290 618 1355 corde,
679 1306 785 1344 non
837 1306 1042 1347 carne:
1104 1307 1223 1362 quae
1273 1291 1676 1347 incircnntcisio
1734 1294 1882 1347 ducit
1931 1295 1998 1349 ad

423 1394 672 1438 mortem.
703 1383 797 1437 llla
831 1386 976 1438 enim
1014 1384 1218 1450 carnis,
1254 1385 1367 1438 huic
1393 1385 1621 1451 spiritus
1654 1394 1760 1440 est.

491 1474 647 1543 (Cap.
680 1472 825 1527 X.-—-
862 1474 1023 1529 Vers.
1054 1473 1130 1544 l.)
1188 1492 1207 1524 ‹
1239 1473 1438 1527 Audite
1466 1474 1715 1539 verbum,
1752 1472 1893 1542 quod
1923 1473 2000 1528 lo-

421 1578 579 1619 cutus
629 1576 711 1619 est
754 1566 1015 1621 Dominus
1047 1581 1209 1636 super
1241 1581 1361 1634 vos,
1391 1570 1588 1622 domus
1642 1567 1833 1624 lsrael.
1870 1567 1996 1624 Haec

423 1659 555 1711 dicit
589 1658 858 1713 Dominus
892 1656 1089 1713 :Juxta
1124 1661 1241 1715 vias
1271 1661 1508 1729 gentium
1553 1660 1720 1715 nolite
1764 1661 1996 1727 discere,

2160 526 2360 590 Nigram
2385 527 2538 577 hiemi
2561 529 2822 590 pecudem,
2847 529 3078 593 lephyris
3102 530 3332 585 felicibus
3355 531 3541 582 albam.

2099 660 2372 730 Quidquid
2403 661 2470 716 de
2492 662 2649 719 idolis
2674 663 2934 728 diximus,
2968 666 3033 718 ad
3069 664 3252 719 omnia
3283 666 3536 736 dogmata
3558 682 3667 738 quas

2101 760 2228 805 sunt
2262 754 2539 809 contraria
2574 754 2793 808 veritati
2826 755 3025 810 referri
3062 767 3262 825 potest.
3296 758 3362 812 Et
3393 758 3496 828 ipsi
3532 761 3669 813 enim

2100 843 2335 912 ingentia
2366 845 2712 914 pollicentur,
2744 855 2799 901 et
2833 848 3187 903 simulacrum
3227 851 3354 904 vani
3404 852 3591 906 cultus
3614 852 3669 907 de

2098 950 2200 990 suo
2229 937 2393 990 corde
2441 936 2780 1006 contingunt.
2820 936 3038 994 Jactant
3064 941 3288 1010 grandia
3329 950 3383 995 et
3415 943 3484 996 ad
3530 943 3671 998 deci-

2100 1028 2324 1096 piendos
2352 1028 2633 1097 simplices
2668 1044 2939 1100 quosque,
2980 1033 3138 1101 quasi
3178 1031 3366 1087 aureis
3417 1033 3669 1090 sensibus

2099 1127 2154 1172 et
2205 1118 2437 1187 eloquiis
2461 1120 2672 1188 argenti
2720 1121 3012 1190 splendore
3058 1121 3411 1193 fulgentibus,
3449 1123 3672 1192 imperi-

2099 1216 2278 1261 torum
2326 1208 2676 1279 obStringunt
2724 1210 2922 1275 aciem,
2957 1222 3012 1266 et
3047 1227 3075 1265 a
3125 1212 3245 1268 suis
3296 1213 3672 1270 inventoribus

2100 1298 2488 1363 sublimantur,
2543 1301 2599 1355 in
2651 1300 2850 1371 quibus
2881 1301 3027 1357 nulla
3060 1313 3145 1358 est
3171 1304 3418 1368 utilitas,
3461 1316 3519 1359 et
3542 1321 3671 1375 quo-

2102 1405 2223 1444 rum
2274 1392 2489 1446 cultura
2546 1393 2763 1464 proprie
2818 1386 3071 1465 “gentium
3110 1403 3214 1457 est,
3248 1404 3306 1450 et
3353 1409 3550 1450 eorum
3586 1395 3670 1466 qui

2101 1482 2356 1552 ignorant
2383 1482 2580 1538 Deum.

2172 1572 2351 1640 (Vers.
2389 1574 2421 1629 6
2451 1577 2630 1643 seqq.)
2676 1593 2696 1626 ι
2750 1574 2865 1630 Νοη
2906 1585 2990 1630 est
3048 1576 3246 1631 similis
3277 1575 3376 1635 lui.
3409 1573 3673 1630 Domine:

2103 1679 2329 1734 magnus
2360 1674 2440 1731 ιιι,
2472 1678 2526 1718 et
2549 1681 2800 1735 magnum
2830 1682 3022 1720 nomen
3055 1675 3205 1720 tuum
3241 1666 3295 1720 in
3331 1666 3668 1721 fortitudine.

421 1760 477 1802 et
515 1765 544 1802 a
575 1749 743 1820 signis
762 1749 886 1805 caeli
922 1750 1089 1804 nolite
1140 1760 1403 1817 metuere,
1432 1767 1550 1821 quae
1574 1748 2003 1823 titnentgentes:
2036 1752 2079 1808 Β
2106 1756 2237 1822 Quis
2271 1773 2375 1811 non
2410 1757 2622 1812 timebit
2648 1767 2720 1822 te,
2753 1774 2787 1811 o
2814 1773 2907 1813 rex
2949 1759 3235 1828 gentium?
3290 1758 3457 1829 912
3497 1758 3669 1812 Tuum

421 1840 546 1908 quia
586 1842 731 1907 leges
764 1840 1084 1908 populormn
1120 1856 1271 1897 vanae
1300 1849 1450 1895 sunt.
1490 1859 1507 1892 ι
1557 1840 1779 1908 Proprie
1805 1841 2002 1896 adver-

428 1946 520 1982 sus
555 1946 650 1983 eos
681 1930 945 1997 loquitur,
978 1929 1072 1998 qui
1122 1941 1451 1984 venerantur
1487 1932 1752 1996 cwlestia,
1795 1941 1849 1985 et
1881 1947 2001 2001 qua:

425 2022 482 2075 in
514 2021 665 2089 signa
692 2022 1009 2089 suntposita
1036 2035 1324 2086 annorum,
1356 2030 1676 2090 temporum,
1736 2025 2001 2077 mensium

425 2123 479 2165 et
512 2112 746 2174 dierum,
774 2112 845 2163 ab
880 2113 964 2164 liis
1009 2111 1280 2165 mstimant
1314 2115 1425 2182 regi
1457 2113 1755 2165 humanum
1802 2128 1999 2182 genus,

428 2211 485 2254 et
533 2218 598 2255 ex
647 2202 827 2255 causis
877 2201 1176 2255 caelestium
1226 2210 1434 2256 terrena
1478 2201 1638 2271 911
1704 2202 2001 2257 moderari.

429 2293 706 2362 Quodque
729 2293 826 2358 ait,
870 2290 1055 2361 Leges.
1087 2294 1203 2347 sive
1230 2291 1488 2361 legitima,
1520 2293 1831 2361 populorum
1858 2308 2005 2348 name

430 2386 528 2457 Lai.
596 2382 758 2455 vana]
790 2392 937 2447 sunt,
972 2399 1187 2438 omnem
1230 2387 1517 2439 humanam
1556 2385 1881 2454 sapientiam
1918 2384 2004 2437 lu-

431 2479 580 2529 tileni
618 2489 738 2529 esse
773 2475 1138 2540 demonstrat,
1175 2485 1227 2530 et
1254 2475 1457 2529 nullam
1491 2474 1544 2529 in
1568 2491 1627 2530 se
1661 2475 1863 2530 habere
1898 2476 2003 2529 uti-

428 2568 518 2621 lita
528 2578 656 2622 tein.

501 2659 679 2731 (Vers.
707 2658 856 2730 5—5.)
887 2679 904 2712 ι
930 2658 1065 2727 Quia
1082 2657 1289 2729 lignum
1319 2659 1386 2714 de
1408 2658 1549 2713 saltu
1572 2658 1839 2727 praecidit,
1871 2672 2007 2728 opus

431 2768 692 2807 manuum
716 2751 943 2806 artiﬁcis
964 2752 1015 2805 in
1037 2753 1188 2805 ascia
1218 2768 1231 2803 :
1271 2761 1494 2820 argento
1510 2760 1712 2806 etauro
1731 2752 2008 2805 decoravit

430 2844 589 2907 illud,
623 2844 795 2899 clavis
829 2855 883 2899 et
913 2843 1121 2898 malleis
1138 2843 1429 2913 compegit,
1460 2851 1519 2897 ut
1548 2860 1654 2898 non
1682 2842 2008 2899 dissolvatur

432 2938 560 3006 (sive
591 2951 700 2989 non
739 2938 1068 3002 moveatur).
1102 2933 1160 2988 in
1197 2935 1603 2989 similitudinem
1626 2935 1816 3002 palma!
1843 2934 2008 2988 labri-

431 3036 553 3080 cata
579 3033 726 3086 sunt.
758 3033 811 3079 et
843 3038 946 3077 non
980 3024 1291 3092 loquentur:
1327 3032 1551 3093 portata
1583 3025 1836 3078 tollentur
1905 3022 2003 3095 [αι.

432 3117 695 3172 tollnntur
715 3114 758 3185 1,
792 3116 916 3182 quia
949 3116 1200 3169 incedere
1243 3131 1347 3170 non
1398 3117 1596 3171 valent.
1648 3115 1824 3169 Nolite
1877 3131 2006 3185 ergo
2034 3088 2077 3148 θ

437 3210 628 3263 timere
644 3224 705 3262 ea
723 3248 739 3274 ,
767 3208 891 3277 quia
920 3223 1021 3262 nec
1043 3207 1184 3263 male
1213 3208 1389 3262 facere
1417 3218 1659 3278 possunt,
1686 3224 1785 3263 nec
1810 3209 1999 3262 bene.)

434 3299 738 3367 Descriptio
762 3299 1026 3353 idolorum
1042 3315 1161 3368 qua:
1187 3312 1516 3354 venerantur
1528 3312 1733 3368 gentes.
1751 3300 2003 3370 Liguum,

435 3390 633 3457 inquit,
686 3390 751 3443 de
801 3390 942 3441 saltu
976 3390 1239 3457 prwcidit.
1294 3390 1514 3443 Materia
1549 3406 1681 3460 ergo
1732 3391 2004 3444 idolorum

439 3482 558 3535 vilis
590 3493 750 3550 atque
780 3481 1183 3550 corruptibilis,
1239 3498 1369 3551 opus
1436 3499 1689 3535 manuum
1750 3483 2003 3550 artiﬁcis.

434 3574 569 3627 Cum
606 3575 800 3628 artifex
833 3574 1082 3627 mortalis
1113 3577 1204 3640 sit,
1234 3576 1481 3628 mortalia
1511 3592 1640 3643 ergo
1669 3584 1724 3629 et
1766 3575 1853 3627 illa
1890 3589 2007 3642 qua:

436 3665 735 3719 fabricatur
790 3662 893 3734 [at.
920 3663 1302 3735 fabricantur].
1361 3665 1591 3734 Argento
1616 3675 1665 3718 et
1695 3681 1827 3719 auro
1855 3667 2008 3718 dero-

436 3758 569 3811 raoit
624 3756 786 3821 illud,
826 3765 885 3809 ut
921 3754 1131 3825 fulgore
1160 3760 1450 3826 utriusque
1498 3760 1739 3812 materia:
1770 3757 2009 3826 decipiat

435 3846 737 3915 simplices.
763 3844 862 3911 Qui
890 3844 1109 3913 quidem
1137 3859 1293 3897 error
1318 3848 1384 3896 ad
1418 3861 1516 3899 nos
1543 3861 1714 3915 usque
1735 3847 2006 3912 transivit,

437 3950 497 3992 ut
554 3940 869 4007 religionem
924 3938 979 3990 in
1043 3937 1247 3991 divitiis
1309 3940 1663 3991 arbitremur.
1719 3936 1894 3992 Clavis
1958 3946 2009 3991 et

439 4031 642 4083 malleis
688 4028 962 4097 compegit,
1006 4037 1066 4079 ut
1118 4043 1221 4080 non
1278 4028 1620 4089 dissolvatur,
1668 4030 1782 4081 sive
1806 4039 1862 4080 ut
1902 4044 2005 4080 nou

440 4135 732 4175 moveatur.
753 4124 963 4187 Quanta
998 4122 1262 4173 idolorum
1293 4121 1553 4189 potentia,
1579 4134 1700 4188 quae
1732 4130 1878 4173 stare
1912 4135 2007 4188 per

440 4230 500 4267 se
541 4223 837 4282 nequeunt,
877 4213 980 4267 nisi
1012 4211 1178 4265 clavis
1213 4222 1268 4265 et
1295 4212 1500 4266 malleis
1551 4211 2005 4280 compinganturl

439 4303 507 4357 In
533 4306 933 4358 similitudinem
956 4302 1153 4369 palma:
1190 4304 1474 4374 fabricata,
1513 4303 1714 4357 habent
1768 4302 2009 4372 pulchri-

2101 1854 2189 1901 est
2219 1847 2367 1901 enim
2407 1847 2575 1902 decus
2634 1849 2777 1904 inter
2810 1860 3039 1905 cunctos
3081 1852 3357 1920 sapientes
3407 1853 3670 1921 gentium,

2101 1946 2156 1991 et
2190 1937 2240 1991 in
2273 1940 2545 1995 universis
2577 1941 2755 2010 regnis
2795 1954 2985 1995 eorum
3014 1942 3194 1998 nullus
3228 1951 3309 1997 est
3346 1943 3545 1996 similis
3576 1944 3665 1997 tui.

2103 2028 2315 2084 Pariter
2344 2031 2479 2086 fatui
2548 2041 2601 2087 et
2634 2033 2907 2102 sapientes
2939 2033 3308 2101 probabuntur
3337 2037 3378 2099 ',
3431 2034 3673 2088 doctrina

2102 2120 2364 2175 vanitatis
2404 2134 2598 2176 eorum
2637 2122 2838 2191 lignum
2865 2131 2971 2176 est.
3018 2123 3321 2190 Argentum
3374 2122 3674 2176 involutum

2104 2211 2232 2280 (sive
2268 2210 2613 2281 productum)
2651 2214 2716 2265 de
2742 2211 2971 2267 Titarsis
3003 2211 3253 2277 affertur,
3281 2223 3336 2265 et
3366 2229 3565 2267 aurum
3615 2215 3675 2267 de

2104 2303 2313 2372 Opliaz,
2345 2318 2482 2373 opus
2516 2302 2745 2357 artificis
2769 2312 2826 2356 et
2855 2318 3046 2358 nianns
3086 2305 3288 2357 aerarii.
3338 2303 3674 2374 Hyacinthus

2103 2405 2158 2448 et
2200 2411 2433 2465 purpura
2495 2396 2868 2450 indumentum
2922 2408 3147 2451 eorum:
3207 2412 3345 2466 opus
3404 2399 3673 2453 artilicum

2106 2486 2235 2556 (sive
2288 2486 2639 2555 sapientium)
2703 2487 2956 2541 universa
2998 2487 3133 2542 haec.
3174 2489 3432 2544 Dominus
3493 2500 3672 2543 autem

2106 2578 2249 2633 Dens
2289 2593 2451 2632 verus
2481 2588 2564 2633 est
2615 2593 2632 2632 :
2678 2579 2780 2633 iste
2813 2577 2957 2633 Deus
2986 2579 3174 2635 vivens
3205 2593 3256 2634 et
3279 2598 3371 2634 ri-x
3412 2582 3512 2651 [αι.
3547 2579 3677 2652 ψει-1

2105 2670 2497 2738 sempiternus.
2535 2670 2618 2725 Ab
2666 2670 3039 2740 indignatione
3088 2671 3207 2740 ejus
3242 2674 3675 2728 commovebitur

2110 2776 2276 2829 terra,
2313 2774 2367 2817 et
2397 2780 2505 2819 non
2566 2765 2910 2819 sustinebunt
2941 2774 3130 2836 gentes
3186 2768 3666 2821 connninationem

2107 2856 2243 2921 ejus.
2280 2874 2299 2907 ι
2359 2855 2483 2910 Haec
2516 2860 2569 2911 in
2612 2856 2748 2911 LXX
2781 2873 2891 2912 non
2926 2858 3217 2922 habentur,
3250 2859 3345 2913 sed
3378 2858 3447 2911 de
3494 2857 3673 2913 Theo-

2108 2945 2344 2999 dotionis
2375 2946 2615 3002 editione
2676 2947 2733 3001 in
2780 2947 3055 3017 plerisque
3084 2948 3264 3002 addita
3293 2958 3444 3013 sunt,
3473 2957 3529 3003 et
3556 2965 3674 3004 cum

2105 3037 2257 3102 juxta
2296 3037 2530 3091 litteram
2558 3038 2848 3093 videantur
2894 3040 3375 3110 perspicua,juxta
3401 3055 3674 3112 anagogen

2112 3141 2361 3194 magnam
2404 3129 2603 3183 habent
2659 3130 3048 3186 diﬂicultatem.
3078 3130 3275 3187 Nullus
3301 3134 3447 3187 enim
3481 3136 3675 3189 similis

2109 3230 2193 3274 est
2222 3219 2328 3273 Deo
2356 3234 2506 3285 vero,
2538 3227 2727 3275 eorum
2760 3225 2984 3277 deorum
3003 3224 3095 3293 qtti
3133 3226 3382 3280 haeretica
3419 3234 3539 3280 arte
3573 3228 3673 3280 lin-

2109 3324 2329 3380 gnntur.
2365 3311 2566 3368 Omnes
2612 3315 2877 3370 timebunt
2928 3330 3073 3383 eum,
3124 3319 3250 3387 quia
3312 3334 3401 3371 rex
3435 3321 3674 3388 gentium

2108 3411 2211 3457 est.
2243 3403 2570 3471 Principium
2592 3406 2736 3461 enim
2766 3408 3045 3477 sapientiae
3064 3410 3225 3462 timor
3253 3409 3460 3462 Domini
3489 3407 3670 3477 (Prov.

2111 3510 2189 3560 tx,
2228 3495 2350 3566 lli);
2383 3506 2439 3552 et
2469 3500 2535 3553 de
2556 3514 2621 3552 eo
2651 3501 2965 3568 prolirimns
2991 3502 3057 3553 ad
3090 3502 3411 3556 charitatem
3460 3518 3671 3555 veram.

2113 3585 2283 3639 Tuum
2313 3597 2416 3652 est,
2450 3589 2645 3657 inquit,
2673 3591 2853 3643 decus.
2883 3591 2941 3644 In
2967 3592 3192 3645 veritate
3222 3591 3407 3656 decor,
3444 3592 3496 3645 in
3524 3607 3672 3645 men-

2109 3679 2267 3733 dacio
2296 3682 2573 3747 turpitudo
2600 3697 2616 3748 ;
2642 3683 2889 3751 quamvis
2909 3682 3141 3738 lia'retici
3166 3683 3319 3754 juxta
3355 3684 3673 3752 sapientiam

2111 3772 2324 3835 mundi,
2352 3787 2472 3841 qua:
2500 3772 2839 3840 destruetur,
2859 3775 2959 3829 sibi
2993 3777 3271 3844 sapientes
3299 3790 3421 3830 esse
3453 3776 3673 3829 videan-

2113 3873 2236 3926 tur;
2278 3874 2455 3916 tainen
2490 3865 2542 3916 in
2575 3866 2829 3918 omnibus
2855 3866 3054 3934 regnis,
3081 3866 3278 3934 quibus
3311 3868 3553 3921 lacerant
3575 3866 3677 3919 Ec-

2112 3956 2358 4013 clesiam.
2388 3954 2566 4008 nullus
2590 3966 2667 4009 est
2709 3957 2897 4010 similis
2929 3959 3028 4019 tui,
3065 3957 3282 4011 dicente
3306 3972 3555 4011 sermone
3584 3959 3670 4011 di-

2115 4046 2277 4097 vino:
2310 4042 2542 4098 Perdant
2571 4047 2885 4115 sapientiam
2903 4048 3298 4113 sapientium,“
3339 4047 3674 4114 prudentiam

2111 4136 2449 4203 prudentium
2472 4137 2759 4206 reprobaba
2784 4137 2833 4206 (Ι
2870 4137 2994 4192 Cor.
3029 4153 3067 4204 ι,
3104 4137 3214 4207 l9).
3253 4139 3424 4192 Simul
3458 4140 3672 4208 sapien-

2115 4237 2194 4279 tes
2222 4236 2275 4279 et
2304 4225 2439 4281 fatui
2467 4239 2615 4283 sunt.
2648 4227 2905 4283 Doctrina
2942 4244 3127 4284 eorum
3165 4245 3261 4299 pro
3290 4231 3548 4301 qualitate
3579 4235 3668 4285 iu-

2112 4319 2279 4386 genii,
2322 4320 2401 4372 vel
2434 4320 2556 4373 vilis
2586 4329 2673 4374 est
2733 4328 2787 4374 et
2807 4321 2950 4391 ligno
2976 4333 3346 4390 comparatur,
3379 4324 3458 4376 vel
3483 4322 3673 4376 similis

442 4398 685 4450 tudinem
716 4396 1055 4449 metallorum
1088 4405 1143 4449 et
1174 4396 1397 4464 pictura:
1420 4405 1535 4448 arte
1567 4398 1820 4449 decorata
1845 4402 2006 4458 sunt,
2048 4424 2088 4478 η
2113 4420 2342 4479 περι,ιο
2383 4422 2603 4481 propter
2641 4414 2842 4482 eloquii
2898 4427 3264 4470 vcnusmcm.
3319 4416 3556 4483 “rem”.
3605 4417 3670 4468 ά,

439 4488 534 4541 sed
567 4488 854 4539 utilitatem
890 4502 997 4541 non
1023 4487 1325 4555 possident,
1359 4502 1462 4555 qua
1491 4491 1766 4558 praebeant
1795 4491 2009 4561 aliquos

438 4582 647 4633 fructus
677 4577 896 4633 artilici.
962 4576 1031 4630 Et
1061 4593 1165 4631 non
1190 4577 1485 4645 loquentur.
1512 4578 1658 4634 Niltil
1694 4584 1838 4636 enim
1867 4583 1919 4636 in
1951 4598 2010 4638 se

441 4670 600 4725 vitale
627 4669 850 4723 habent.
894 4669 967 4723 De
1018 4670 1219 4737 quibus
1248 4671 1507 4739 scriptum
1540 4682 1658 4727 est:
1698 4671 1769 4726 0s
1793 4673 2005 4741 habent,

438 4776 490 4816 et
544 4779 645 4816 non
698 4761 1016 4829 loquentur;
1070 4776 1226 4814 aures
1274 4762 1488 4824 habent,
1546 4772 1601 4813 et
1633 4779 1736 4816 non
1771 4766 2008 4817 audient.

441 4854 616 4925 (l’sal.
671 4868 830 4918 CXIII,
878 4854 935 4918 5,
975 4854 1051 4923 li).
1085 4850 1315 4906 Portata
1345 4854 1619 4906 tollentur.
1668 4853 1881 4908 Fortior
1926 4857 2013 4909 ille

397 4999 405 5011 ,
441 4948 534 5014 qui
572 4955 780 5015 portat,
804 4961 967 5013 quam
1003 4945 1093 4998 illa
1127 4959 1243 5013 quae
1268 4954 1573 5014 portantur;
1604 4944 1769 4999 immo
1808 4946 1864 4999 in
1918 4947 2012 5001 illo

440 5052 636 5090 sensus
658 5047 761 5101 est,
800 5040 852 5089 in
879 5037 979 5091 hoc
1006 5034 1177 5105 ﬁgura
1210 5038 1328 5090 sine
1354 5050 1539 5089 sensu.
1580 5034 1755 5090 Nolite
1794 5053 1918 5107 ergo
1942 5042 2012 5091 ti-

444 5143 583 5181 mere
634 5144 719 5191 ea,
756 5130 879 5195 quia
918 5143 1014 5181 nec
1037 5127 1163 5180 bene
1192 5126 1369 5195 facere
1420 5136 1661 5196 possunt,
1714 5144 1809 5183 nec
1848 5130 2012 5186 male.

442 5224 634 5277 Solent
682 5224 827 5275 enim
856 5222 1103 5291 plerique
1142 5221 1428 5290 gentilium
1481 5222 1761 5277 dannones
1800 5226 2009 5289 colere,

444 5336 512 5372 ne
544 5325 794 5380 noceant,
825 5314 1035 5370 etalios
1051 5326 1280 5368 exorare
1320 5322 1378 5366 ut
1415 5324 1675 5382 pra-stent
1704 5316 1967 5372 beneﬁcia
1995 5334 2013 5373 :

517 5475 823 5530 'Viclorins
880 5475 1218 5528 roborantcx
1265 5472 1533 5526 Brixianis
1588 5473 1888 5527 codicibus.
1924 5473 2015 5529 Sic

441 5550 600 5621 paulo
637 5558 757 5615 post
785 5561 1006 5621 quorum
1036 5546 1286 5615 pleraque
1328 5558 1482 5621 pars,
1520 5548 1721 5599 rectius
1759 5559 1857 5613 pro
1891 5545 2015 5615 ple-

443 5615 660 5685 rumque
692 5631 757 5670 ex
784 5618 1019 5670 Medicco
1053 5629 1290 5685 dooms.
1328 5615 1476 5682 legit.

520 5692 539 5719 ³
568 5684 627 5740 ιιι
668 5685 819 5756 Vulg.
855 5687 1074 5756 ipsaque
1136 5684 1357 5739 Hieron.
1384 5684 1634 5741 versione
1688 5685 1916 5757 propius
1946 5685 2013 5741 ad

2112 4499 2345 4555 Tharst's.
2378 4501 2603 4558 Titarsis
2637 4505 2718 4559 vel
2752 4508 2900 4574 regio
2949 4504 3111 4559 Indiae
3138 4518 3245 4569 est,
3281 4518 3337 4560 ut
3385 4507 3668 4577 Josrpbus.

2112 4593 2195 4646 vel
2245 4601 2393 4648 certe
2452 4609 2612 4650 onme
2658 4597 2883 4665 pelagus
2935 4596 3162 4653 Tharsis
3191 4598 3212 4628 ³
3264 4601 3582 4669 appellatur,
3614 4611 3673 4654 et

2112 4684 2231 4738 coeli
2274 4685 2434 4740 liabet
2486 4688 2922 4755 similitudinem;
2978 4699 3032 4743 et
3084 4701 3262 4746 tamen
3317 4693 3547 4747 involuta
3585 4705 3674 4748 est

2113 4772 2405 4839 verborum
2426 4776 2680 4840 artiticio,
2711 4780 2825 4831 sive
2853 4779 3137 4846 producta.
3179 4780 3237 4834 Si
3274 4782 3420 4835 enim
3446 4784 3671 4836 voluerit

2114 4864 2385 4931 decipere,
2415 4880 2523 4919 non
2553 4868 2765 4935 peterit.
2798 4867 2865 4922 Et
2900 4886 3092 4923 aurum
3112 4871 3177 4923 de
3216 4869 3424 4939 Opima.
3458 4873 3669 4943 Septem

2116 4954 2432 5009 nominibus
2470 4960 2615 5024 apud
2658 4955 2913 5013 Hebraeos
2946 4961 3245 5029 appellatur
3290 4977 3502 5027 aurum,
3544 4976 3675 5028 quo-

2116 5060 2238 5098 rum
2270 5061 2437 5099 unum
2470 5062 2637 5101 ornas
2663 5049 2831 5115 (iam
2861 5049 2880 5119 )
2916 5050 3139 5115 dicitur,
3186 5050 3330 5120 quod
3361 5066 3461 5106 nos
3500 5052 3677 5103 dicere

2116 5152 2407 5206 possumus
2432 5140 2714 5208 obryzum,
2744 5154 2805 5195 ut
2828 5143 3108 5210 splendeat
3134 5144 3186 5195 in
3220 5143 3509 5212 superﬁcie
3554 5142 3672 5194 ido-

2115 5228 2315 5294 lorum,
2356 5231 2499 5298 quod
2556 5232 2882 5288 intrinsecus
2934 5232 3132 5304 lignum
3167 5243 3252 5289 est
3301 5234 3527 5303 vilisque
3554 5246 3675 5284 tua-

2118 5323 2287 5377 terias.
2317 5320 2620 5393 Hyacintlio
2634 5328 2956 5395 operiuntur
2985 5338 3040 5381 et
3074 5341 3337 5396 purpura,
3382 5337 3441 5380 ut
3484 5338 3671 5393 snper-

2118 5477 2425 5549 Hebrtcum,
2454 5478 2667 5533 Pariter
2698 5481 3004 5549 insipientes
3040 5491 3085 5534 et
3139 5488 3273 5549 [utut
3294 5487 3667 5547 pronuntiatur.

2186 5551 2212 5676 ἶ
2243 5548 2370 5674 l‘l‘qle
2403 5567 2524 5622 qua:
2548 5548 2810 5621 superius
2833 5556 2900 5607 ad
2929 5568 3050 5622 cap.
3108 5552 3234 5605 lsai.
3288 5569 3327 5607 ιι
3359 5562 3672 5606 anttotamus

2118 5635 2224 5677 θοι.
2256 5635 2349 5674 ιιι.

3693 5773 3711 5781 ευ

3683 5784 3708 5796 ⁸
