3906 6172
224 317 319 379 ἿῖῚ

774 312 1265 375 COMMEN'I‘AR.
1311 310 1386 369 IN
1434 307 1791 370 JEREMIA.‘

1898 307 2319 368 'iIOPHETAM
2362 310 2504 373 LIB.
2548 313 2625 385 ll,
2664 314 2822 374 CAP.
2866 312 2937 376 Χ.

3355 310 3463 373 7'18

222 431 331 488 ficie
350 428 432 484 sui
460 427 648 484 oculos
678 425 972 495 decipiant,
1006 424 1130 479 dum
1166 421 1793 477 cmlorntnsibicolori-nt
1826 428 1872 484 Α
1909 423 2262 490 spectaculum
2310 426 2441 492 facti
2464 442 2643 479 stamus
2686 428 2806 480 huic
2843 428 3057 490 mundo,
3092 436 3139 483 et
3169 429 3387 500 angelis,
3418 437 3468 489 et

221 531 269 579 et
289 533 455 590 regna
485 517 724 573 coelestia
746 516 1091 586 polliceatur;
1125 527 1177 569 et
1205 524 1385 567 tamen
1401 524 1565 578 epera
1585 511 1801 580 sapien-

226 614 350 668 tium
392 622 521 666 sunt
547 611 798 665 universa
831 609 967 670 D330.
1011 608 1101 676 qui
1161 607 1213 660 in
1279 607 1479 661 sarculo
1518 605 1792 674 sapientes

218 716 506 776 putantur:
531 715 785 756 cancrum
813 700 953 770 apud
984 698 1153 753 Deum
1197 699 1345 752 stulti
1361 710 1508 754 sunt.
1540 698 1797 751 Dominus

221 806 388 850 autent
438 793 578 847 Deus
634 799 828 854 noster,
881 791 1021 843 Deus
1045 804 1193 842 verus
1220 800 1320 842 est.
1356 789 1449 843 Illa
1483 803 1615 852 ergo
1653 786 1783 839 uni-

222 901 371 942 versa
414 884 715 940 mendacia.
749 883 817 936 Et
872 882 981 949 ipse
1010 880 1147 933 Deus
1181 881 1399 935 vivens:
1461 879 1626 948 igitur
1696 875 1785 929 illa

224 988 430 1033 mortua
487 991 605 1046 qnte
658 975 953 1043 finguntur.
992 970 1058 1027 Et
1099 973 1188 1026 ille
1225 988 1320 1025 rex
1346 971 1363 1001 ¹
1414 971 1785 1039 sempiternus.

225 1068 609 1123 llaereticorum
674 1066 878 1119 umbra:
925 1067 990 1118 ad
1048 1075 1259 1133 tempus
1318 1061 1634 1134 praevalent,
1693 1061 1788 1117 sed

222 1161 383 1228 longo
408 1168 654 1227 tempore
688 1164 1134 1225 corrumpuntur.
1176 1153 1637 1224 Abindignatione
1675 1154 1790 1224 ejus

219 1252 373 1322 913
427 1247 844 1304 commovebitur
876 1258 1057 1303 terra:
1106 1248 1159 1303 hi
1205 1247 1296 1317 qui
1332 1258 1549 1301 terrena
1592 1247 1790 1331 habent

217 1356 401 1408 Opera,
453 1351 508 1392 et
547 1348 773 1393 terrena
829 1338 1119 1392 simulacra
1176 1335 1515 1406 conﬁngunt.
1577 1334 1648 1389 Et
1686 1351 1790 1389 non

220 1432 550 1485 sustinebunt
578 1442 777 1501 gentes,
804 1443 1149 1499 nequaquam
1174 1428 1404 1499 populus
1435 1426 1673 1491 Domini,
1693 1427 1791 1480 sed

114 1576 131 1587 ,
214 1524 447 1594 gentium
508 1524 819 1587 multitudo,
854 1535 975 1591 qua:
1013 1521 1107 1577 Dei
1148 1519 1626 1577 comminationem
1651 1517 1793 1574 ferre

216 1626 316 1664 non
343 1611 665 1678 praevalent.

283 1701 462 1771 (Vers.
502 1703 615 1773 II.)
655 1723 672 1755 ι
704 1704 795 1759 Sic
825 1718 956 1777 ergo
992 1703 1188 1760 dicetis
1216 1703 1338 1761 eis:
1393 1703 1475 1760 Dii
1511 1703 1602 1774 qui
1625 1703 1791 1760 ctelos

1901 514 2194 570 hominibus
2227 515 2277 587 (Ι
2306 516 2428 572 Cor.
2465 534 2535 582 tv,
2567 519 2643 585 9).
2687 516 2929 589 Fulgura
2960 522 3012 575 in
3048 521 3282 592 plurium
3311 522 3460 591 fecit.

1899 602 2037 658 Cum
2069 606 2210 659 enim
2245 607 2419 659 imber
2451 608 2515 661 de
2574 608 2712 662 caelo
2748 609 2957 662 venerit
2982 610 3376 678 doetrinarum,
3409 624 3466 668 et

1898 697 2107 749 arentia
2135 696 2414 750 hominum
2452 699 2615 752 corda
2646 701 2881 764 satiarit,
2907 713 3033 755 tunc
3057 705 3466 760 cornsrationcs

1898 785 2160 851 invenies,
2193 796 2247 840 et
2271 789 2417 840 clara
2443 786 2651 858 fulgura
2677 792 2973 860 sapientize.
3003 793 3066 846 Et
3091 796 3265 849 educit
3290 807 3467 853 uentos

1895 879 1959 932 de
1993 879 2252 933 thesauris
2284 877 2398 933 suis
2428 895 2447 943 ,'
2482 880 2531 935 in
2566 882 2758 949 quibus
2780 883 2944 956 914
2975 896 3100 940 sunt
3145 902 3333 943 omnes
3356 892 3471 945 the-

1895 970 2044 1024 sauri
2070 970 2347 1037 sapientia!
2377 983 2426 1023 et
2453 972 2696 1026 scientia:
2715 974 3038 1031 absconditi.
3058 977 3264 1032 Stultus
3288 980 3467 1049 factus

1895 1069 1971 1112 est
1999 1062 2168 1115 omnis
2200 1062 2353 1114 homo
2384 1080 2414 1115 a
2444 1063 2684 1118 scientia.
2745 1065 2893 1120 Licet
2945 1068 3035 1122 ille
3088 1068 3306 1136 Paulus,
3343 1072 3470 1127 licet

1894 1150 2108 1215 Petrus,
2162 1151 2289 1205 licet
2342 1152 2572 1223 Moyses,
2617 1167 2671 1209 et
2699 1157 2976 1211 Abraham
3012 1161 3284 1228 sapientes
3334 1166 3465 1227 sint,

1896 1241 1962 1293 ad
1997 1243 2457 1311 comparationem
2494 1242 2587 1298 Dei
2622 1255 2821 1301 cuncta
2877 1263 3068 1303 eorum
3118 1254 3383 1319 sapientia
3412 1255 3466 1308 in

1895 1332 2122 1385 nihilum
2179 1333 2557 1402 deputabitur:
2592 1335 2736 1391 unde
2768 1347 2821 1390 et
2871 1337 3077 1393 fatuum
3113 1340 3206 1395 Dei
3243 1345 3460 1411 sapien-

1896 1422 2004 1475 tius
2044 1432 2127 1476 est
2178 1423 2492 1477 hominibus
2540 1422 2594 1493 (Ι
2642 1424 2766 1481 Cor.
2805 1442 2843 1491 ι,
2879 1426 2993 1497 25).
3054 1429 3321 1493 Confusus
3387 1442 3467 1485 est

1894 1512 2061 1566 omnis
2084 1513 2283 1580 artifex
2310 1514 2364 1567 in
2398 1515 2659 1585 sculptili,
2692 1519 2779 1585 qui
2812 1521 2875 1572 de
2918 1536 3019 1574 suo
3050 1522 3214 1576 corde
3244 1523 3471 1578 simula-

1892 1619 1984 1657 cra
2044 1607 2309 1660 conlinxit
2354 1624 2369 1661 :
2428 1608 2724 1679 falsumque
2758 1619 2850 1677 est,
2883 1614 3020 1680 quod
3050 1614 3319 1683 conﬂavit.
3371 1613 3467 1668 Sin

1897 1709 2076 1749 autem
2112 1698 2316 1751 stultus
2347 1710 2433 1753 est
2465 1701 2645 1755 euntis
2673 1701 2838 1755 homo
2867 1719 2895 1754 a
2933 1704 3160 1758 scientia
3187 1721 3204 1769 ;
3242 1704 3465 1759 stultum

213 1804 263 1847 et
295 1806 498 1846 tun-am
522 1809 628 1849 ηοη
660 1795 926 1861 fecerunt,
966 1804 1191 1865 peream,
1213 1795 1278 1849 de
1328 1804 1474 1851 terra
1515 1805 1569 1850 οι
1591 1796 1655 1851 de
1705 1796 1790 1849 his
1824 1778 1863 1831 Β
1895 1796 1976 1840 est
2008 1802 2169 1841 omne
2202 1788 2507 1859 falsumque
2538 1791 2677 1859 quod
2710 1789 2873 1845 fecit:
2905 1789 2970 1845 Et
3002 1809 3104 1846 non
3138 1805 3213 1847 est
3248 1794 3467 1862 spiritus

212 1902 328 1953 qua:
360 1889 465 1939 sub
499 1887 640 1942 cmlo
671 1896 813 1943 sunt.
857 1906 879 1939 ι
911 1886 1089 1941 Falsis
1126 1888 1250 1951 diis,
1280 1896 1333 1941 et
1370 1888 1460 1957 qui
1488 1886 1792 1943 artificiose

211 1976 321 2046 (Al.
373 1976 628 2050 artiﬁcio]
695 1978 997 2048 compositi
1052 1989 1202 2045 sunt,
1233 1978 1336 2033 ista
1366 1979 1592 2033 dicenda
1643 1988 1789 2033 sunt.

216 2058 292 2122 ltli
318 2070 462 2123 enim
490 2085 590 2123 nec
618 2071 789 2125 cmlos
819 2070 1085 2133 fecerunt,
1119 2085 1216 2125 nec
1249 2079 1474 2124 terram.
1511 2070 1613 2137 Qui
1666 2085 1793 2126 coo-

214 2169 493 2227 peratores
543 2171 670 2214 sunt
706 2160 926 2225 Christi,
961 2160 1079 2214 dii’
1126 2169 1431 2215 vocantur:
1467 2169 1522 2214 et
1557 2159 1791 2224 Domini,

212 2264 305 2315 per
333 2250 643 2303 doctrinam
700 2250 1156 2316 ecclesiasticam,
1200 2265 1391 2317 magna
1423 2264 1488 2303 ex
1526 2260 1678 2317 parte
1710 2247 1792 2301 fa-

212 2341 430 2394 bricant
457 2343 700 2395 domum.

281 2429 468 2498 (Vt-rs.
503 2429 572 2482 12
595 2428 776 2506 seqq.)
816 2445 836 2480 ι
875 2426 976 2496 Qui
998 2427 1125 2506 facit
1157 2426 1286 2498 (sive
1304 2428 1396 2498 qui
1429 2426 1579 2496 fecit)
1596 2439 1793 2481 terram

206 2523 260 2575 in
290 2516 612 2578 fortitudine
642 2505 763 2586 sua,
800 2505 1283 2591 prmparatiorbetn
1303 2521 1357 2574 in
1381 2521 1643 2589 sapientia
1673 2534 1790 2585 sua,

203 2629 258 2673 et
295 2619 353 2672 in
389 2617 678 2687 prudentia
705 2631 802 2669 sua
824 2615 1068 2670 extendit
1098 2613 1287 2669 caelos.
1316 2613 1397 2667 Ad
1421 2627 1609 2667 vocem
1640 2626 1791 2667 suam

200 2713 297 2766 dat
331 2709 732 2764 multitudinem
759 2721 1024 2776 aquarum
1052 2705 1107 2760 in
1160 2703 1324 2769 cmlo',
1358 2713 1412 2759 et
1437 2704 1613 2759 elevat
1667 2705 1795 2774 (sire

199 2801 418 2865 c-iucil)
463 2797 691 2851 nebulas
724 2798 794 2851 ab
822 2796 1080 2850 extremis
1107 2803 1288 2856 terrae,
1324 2793 1537 2862 fulgura
1569 2794 1621 2846 in
1675 2793 1798 2862 plu-

202 2896 349 2946 viam
381 2892 532 2955 fecit,
569 2899 624 2943 et
651 2888 833 2943 educit
866 2896 1090 2942 ventum
1166 2884 1534 2955 (sivcvcntos)
1575 2886 1642 2940 de
1677 2886 1797 2940 the-

200 2997 327 3037 saut
346 2984 396 3035 is
430 2984 567 3035 suis.
587 2980 793 3034 Stultus
817 2977 990 3033 factus
1015 2988 1100 3033 est
1119 2977 1296 3032 omnis
1328 2977 1488 3032 homo
1514 2992 1543 3029 a
1566 2977 1794 3032 scientia

1893 1878 1948 1931 in
1989 1879 2087 1931 eis.
2126 1875 2432 1934 Notandum
2469 1882 2613 1949 quod
2647 1892 2698 1935 et
2730 1882 2781 1934 in
2832 1882 2937 1935 isto
2975 1883 3233 1950 capitulo,
3274 1895 3468 1938 ventus

1894 1978 1946 2025 et
1977 1971 2222 2040 spiritus,
2260 1986 2366 2025 uno
2399 1973 2542 2042 apud
2581 1973 2836 2030 Hebraeos
2868 1977 3093 2029 nomine
3126 1976 3469 2045 appellantur

1896 2077 1997 2118 nos
2047 2067 2213 2133 (ΠΤ-υς
2282 2063 2541 2133 Spiritum
2575 2074 2755 2118 autem
2793 2065 3253 2121 Sanctificationis
3282 2078 3465 2132 vocat,

1898 2156 1986 2225 qui
2019 2156 2071 2209 in
2107 2155 2486 2211 haereticorum
2528 2156 2801 2212 mentibus
2842 2172 2952 2212 non
2978 2167 3158 2227 potest
3211 2158 3468 2213 inveniri.

1910 2246 2056 2301 Vana
2076 2260 2193 2302 sunt
2232 2259 2281 2302 et
2319 2265 2449 2316 opus
2479 2250 2589 2303 risu
2624 2250 2866 2319 dignum.
2902 2250 3037 2315 Quis
3074 2251 3218 2304 enim
3251 2266 3356 2305 non
3395 2250 3469 2304 ri-

1922 2340 2044 2392 deat
2079 2354 2201 2392 cum
2233 2339 2613 2394 haereticorum
2642 2341 2930 2394 simulacra
2965 2343 3337 2415 perspexerit?
3363 2342 3471 2397 Aut

1895 2427 2037 2479 cnim
2075 2427 2273 2481 rustica
2301 2437 2428 2482 sunt
2457 2442 2577 2497 quae
2600 2428 2872 2495 dicuntur,
2912 2441 2964 2484 et
2995 2429 3193 2501 lignum
3226 2444 3343 2487 est:
3371 2443 3473 2486 aut

1898 2517 2119 2586 pulchro
2144 2533 2395 2573 sermone
2413 2522 2739 2589 composita,
2774 2523 3119 2591 etreperitnr
3149 2532 3467 2592 argentum:

1895 2618 1990 2662 aut
2049 2619 2194 2663 certe
2222 2612 2286 2665 de
2338 2612 2560 2681 proprio
2604 2613 2855 2667 simulata
2914 2628 3097 2676 sensu.
3152 2624 3207 2668 et
3266 2615 3467 2669 frustra

1897 2700 2012 2753 auri
2053 2701 2341 2769 imaginem
2400 2702 2748 2772 pollicentur.
2787 2702 2852 2757 In
2885 2714 3116 2773 tempore
3141 2705 3466 2760 uisitationis

1897 2805 2006 2845 sua:
2054 2792 2317 2857 peribunt.
2371 2793 2450 2847 Ad
2486 2802 2702 2864 tempus
2728 2793 2877 2848 valet
2917 2794 3162 2856 haeresis,
3202 2804 3260 2849 ut
3309 2795 3469 2852 electi

1897 2884 2393 2952 quiqnemanilesti
2426 2884 2579 2947 fiant,
2606 2893 2661 2939 et
2691 2884 2900 2953 probati
2952 2886 3062 2939 sint
3111 2884 3157 2956 (1
3185 2884 3308 2941 Cor.
3368 2886 3469 2957 χι).

1898 2970 2032 3025 Cum
2081 2984 2263 3027 autem
2295 2974 2540 3028 visitatio
2571 2976 2664 3029 Dei
2695 2978 2939 3042 venerit,
2990 2986 3045 3033 et
3097 2979 3291 3034 oculus
3349 2979 3473 3048 ejus

192 3089 326 3136 sua,
368 3071 631 3137 contusus
661 3081 742 3125 est
773 3072 950 3125 omnis
981 3068 1179 3123 artifex
1222 3071 1273 3123 in
1322 3069 1596 3138 sculptill:
1643 3083 1786 3137 qno-
1816 3104 1860 3162 ϐ
1901 3064 2067 3118 stulta
2097 3068 2453 3135 perspexerit,
2476 3069 2658 3121 omnia
2693 3069 3087 3125 conticescunt.
3146 3068 3269 3126 Non
3292 3081 3367 3126 est
3396 3075 3472 3127 si-

194 3167 353 3220 niam
400 3165 596 3219 falsum
630 3172 713 3217 est
745 3162 884 3232 quod
919 3161 1195 3229 conﬂavit,
1234 3170 1290 3217 ct
1318 3177 1424 3216 non
1449 3170 1533 3216 est
1569 3163 1792 3232 spiritus

192 3258 252 3311 in
279 3260 407 3311 eis:
442 3269 578 3308 vana
611 3264 760 3318 sunt,
791 3263 1006 3322 etopus
1042 3253 1155 3309 risu
1195 3254 1416 3322 dignum
1450 3252 1512 3307 ἐ
1572 3252 1628 3306 in
1653 3262 1792 3307 tem-

191 3366 336 3419 pore
373 3348 713 3402 visitationis
754 3361 868 3401 sua:
913 3346 1188 3412 peribunt.
1221 3343 1337 3400 Non
1375 3355 1458 3400 est
1481 3345 1567 3400 bis
1594 3344 1791 3400 similis

189 3455 340 3509 pars
392 3436 593 3493 Jacob.
625 3438 726 3503 Qui
752 3440 897 3492 enim
928 3437 1182 3492 formavit
1213 3436 1419 3502 omnia,
1454 3437 1571 3505 ipse
1599 3446 1704 3503 est,
1738 3443 1794 3490 et

183 3532 377 3586 Israel
420 3531 571 3600 virga
601 3529 934 3584 haereditatis
964 3530 1106 3596 ejus,
1153 3528 1411 3583 Dominus
1442 3529 1784 3587 exercituum

182 3638 413 3677 nnttteu
471 3632 554 3676 est
602 3621 703 3676 illi.
738 3639 757 3671 s
797 3620 899 3686 Qui
954 3620 1086 3675 facit
1116 3629 1317 3673 terrain
1369 3620 1422 3672 in
1477 3616 1792 3673 fortitudine

187 3730 329 3777 sua,
371 3712 531 3766 Deus
573 3711 732 3765 Pater
753 3720 857 3765 est.
882 3708 1038 3764 Facit
1061 3720 1241 3766 autem
1268 3710 1319 3762 iu
1347 3707 1662 3763 fortitudine
1694 3721 1793 3762 sua

179 3806 452 3860 Domino
476 3801 789 3857 Salvatore:
832 3800 1072 3857 Christus
1112 3803 1255 3856 enim
1301 3800 1398 3854 Dei
1419 3801 1586 3854 virtus
1611 3808 1660 3852 et
1697 3797 1795 3852 Dei

167 3897 480 3967 sapientia
537 3896 587 3964 (Ι
627 3892 751 3949 Cor.
778 3909 817 3958 t,
866 3894 978 3963 24).
1017 3885 1116 3960 Qui
1148 3895 1261 3962 ipse
1285 3904 1365 3947 est
1399 3904 1454 3947 et
1483 3891 1791 3961 prudentia,

169 3990 230 4043 in
255 4004 391 4059 quo
463 3984 572 4058 [Αἰ.
614 3984 743 4057 qua]
777 3986 1019 4039 extendit
1043 3986 1264 4041 omium.
1322 3982 1447 4053 Ipse
1476 3984 1619 4038 enim
1655 3984 1793 4036 dixit

160 4090 217 4134 et
261 4082 459 4151 facta
522 4086 669 4144 sunt,
729 4079 839 4145 ipse
870 4076 1149 4129 mandavit
1180 4086 1229 4129 et
1256 4088 1435 4129 creata
1458 4084 1580 4128 sunt
1618 4073 1790 4145 (Psal.

164 4188 368 4235 ιιιιι,
399 4172 511 4236 9);
549 4170 780 4238 loquens
812 4169 880 4223 ad
914 4167 1144 4224 Filium:
1192 4166 1485 4222 Faciamus
1532 4168 1793 4220 hominem

153 4267 239 4320 ad
277 4263 609 4333 imaginem
641 4270 689 4314 et
731 4259 1127 4314 similitudinem
1161 4258 1574 4330 nostramlGen.
1607 4274 1646 4324 t,
1676 4258 1791 4326 26).

154 4358 250 4409 Ad
297 4368 515 4409 uocem
550 4366 701 4404 suam
736 4354 826 4402 ttat
856 4349 1245 4403 multitudinem
1267 4364 1528 4417 aquarum
1555 4349 1612 4401 in
1639 4348 1787 4400 ctelo.

1895 3155 2034 3208 milis
2070 3155 2151 3209 his
2175 3172 2302 3224 pars
2351 3155 2551 3212 Iacob:
2594 3173 2786 3221 eorum
2820 3161 2909 3229 qui
2942 3163 3356 3232 supplantavere
3375 3160 3473 3219 Ju-

1893 3248 2060 3310 daeos,
2091 3258 2145 3301 et
2180 3251 2421 3318 quotidie
2446 3251 2743 3305 destruunt
2793 3253 3097 3310 hzereticos.
3126 3253 3261 3311 Pars
3289 3266 3470 3311 autem

1893 3349 2204 3392 sanctorum
2237 3337 2377 3393 Deus
2405 3348 2524 3394 est:
2554 3339 2622 3393 de
2656 3354 2764 3408 quo
2790 3339 3058 3413 Propheta
3091 3343 3264 3399 dicit:
3335 3342 3471 3398 Pars

1894 3446 2008 3484 mea
2038 3432 2288 3485 Dominus
2320 3432 2495 3503 (l’sal.
2520 3447 2692 3499 Lutt,
2730 3434 2850 3505 26).
2921 3435 3027 3501 Qui
3046 3439 3183 3491 enim
3224 3440 3472 3510 formavit

1894 3524 2093 3588 omnia,
2154 3525 2264 3588 ipse
2310 3532 2386 3578 est
2454 3526 2544 3594 qtti
2576 3524 2706 3580 fecit
2737 3526 2919 3582 omnia
2950 3537 3115 3597 atque
3148 3530 3463 3598 plasntavit,

1898 3624 2005 3667 tam
2036 3618 2090 3668 In
2123 3615 2328 3681 animo,
2357 3631 2518 3684 quam
2553 3618 2603 3671 in
2632 3632 2878 3688 corpore.
2912 3617 2982 3672 Et
3003 3618 3174 3673 Israel
3200 3622 3343 3690 virga
3363 3622 3472 3675 ho:-

1895 3707 2143 3760 reditatis
2172 3706 2307 3775 ejus.
2342 3707 2532 3762 Omnis
2565 3710 2655 3779 qui
2689 3711 2927 3766 directus
2985 3711 3039 3765 in
3075 3711 3181 3767 Deo
3225 3725 3329 3775 est,
3387 3712 3470 3767 vtl

1896 3813 2057 3853 sensu
2091 3802 2265 3853 cernit
2304 3796 2494 3866 Deum,
2525 3810 2806 3866 sceptrum
2841 3812 2925 3856 cst
2956 3803 3289 3859 ltazrcditatis
3326 3805 3466 3875 ejus.

1894 3890 2065 3949 Cuius
2100 3906 2295 3945 nomen
2354 3892 2612 3947 Dominus
2651 3892 3008 3965 Omnipotens
3038 3905 3141 3962 est,
3191 3899 3308 3953 sive
3346 3898 3469 3952 Vir-

1898 3993 2104 4038 tutnrn:
2135 3985 2237 4038 hoc
2260 3985 2403 4038 enim
2437 3995 2615 4050 sonat,
2643 3985 2899 4040 Dominus
2927 3990 3255 4042 exercituum
3278 4005 3296 4045 :
3323 3991 3467 4060 quod

1896 4077 1952 4130 in
1985 4074 2248 4131 llebraico
2288 4079 2550 4148 scriptum
2587 4088 2690 4142 est,
2728 4080 2981 4134 Dominus
3011 4079 3270 4137 Sabaoth.

1969 4170 2148 4241 (Vers.
2186 4170 2272 4241 l7,
2309 4171 2421 4241 18.)
2453 4189 2473 4223 ‹
2507 4172 2786 4244 Congrega
2811 4177 2880 4230 de
2905 4187 3047 4230 terra
3092 4176 3469 4234 confusionem

1901 4276 2065 4328 tuam,
2094 4280 2211 4334 qua:
2233 4265 2438 4320 hibitas
2466 4266 2517 4319 in
2543 4267 2861 4335 obsidione;
2894 4271 3018 4339 quia
3048 4272 3159 4326 haec
3204 4273 3334 4326 dicit
3369 4274 3472 4329 Do-

1899 4356 2077 4410 minus
2109 4354 2280 4410 :Ecce
2302 4372 2403 4426 ego
2436 4358 2593 4429 longe
2623 4359 2906 4429 projiciatn
2928 4363 3266 4419 habitatores
3310 4374 3471 4420 terrae

146 4450 389 4504 Omnis
432 4445 591 4499 enim
642 4443 889 4496 doutrina
920 4441 1129 4495 Domini
1177 4446 1246 4495 de
1293 4440 1604 4495 caelestibus
1651 4438 1791 4502 ﬂuit,

1898 4448 1952 4505 in
1988 4450 2085 4503 hac
2115 4450 2251 4513 vice,
2282 4458 2336 4502 et
2359 4449 2627 4506 tribulabo
2649 4468 2741 4508 eos
2763 4462 2819 4507 ut
2848 4455 3249 4512 inveniantur.»
3291 4456 3467 4514 LXX:

143 4543 415 4596 dicente
440 4524 617 4590 David
640 4551 654 4587 :
675 4532 917 4586 Pluviam
933 4533 1284 4586 uoluntariam
1299 4520 1615 4602 segregabis,
1631 4529 1797 4597 Deus,

136 4630 525 4688 hereditate“
574 4638 678 4681 tute
726 4635 773 4679 et
815 4625 1087 4694 inﬁrmata
1136 4635 1241 4689 est,
1300 4633 1356 4677 tu
1381 4639 1497 4677 vero
1530 4622 1797 4693 perfecisti

132 4743 304 4781 eam.
347 4720 569 4795 (I’sal.
600 4734 772 4784 uvn,
797 4716 997 4787 IO).Et
1028 4718 1213 4782 elevat,
1237 4716 1351 4770 sive
1375 4717 1548 4769 educit
1580 4712 1795 4767 nebulas

127 4820 208 4873 ab
239 4814 569 4873 extremis
605 4821 782 4865 terrae.
813 4810 1055 4876 Nebulae,
1076 4810 1194 4864 sive
1220 4809 1391 4863 nubes
1414 4808 1616 4878 quibus
1643 4822 1799 4862 man-

127 4913 319 4965 davit
362 4908 551 4960 Deus
584 4918 652 4957 ne
682 4903 930 4970 pluercut
961 4915 1126 4970 super
1160 4897 1325 4953 Israel
1356 4900 1586 4953 imbrem
1652 4896 1794 4967 Usa.

124 5004 217 5075 ν),
248 5002 636 5059 educuntur
664 4995 733 5050 ab
764 4992 1201 5049 extremitatibus
1223 5003 1401 5056 terrm,
1431 5006 1664 5062 quarum
1689 5006 1796 5045 una

117 5096 380 5153 nebula
440 5089 827 5158 loquebatur:
872 5086 1013 5141 Puto
1063 5090 1201 5142 enim
1234 5103 1329 5141 nos
1357 5085 1498 5142 Deus
1529 5088 1796 5155 apostolos

113 5186 427 5248 ostendis
482 5182 1088 5250 novissimostauquam
1123 5179 1619 5243 mortidestinatos,
1670 5177 1796 5247 quia

194 5397 219 5432 ³
271 5388 540 5447 Vatic.
579 5392 631 5437 et
652 5381 907 5444 Cisterc.,
942 5379 1014 5433 Et
1045 5383 1188 5434 Deus
1223 5392 1296 5433 est
1330 5394 1441 5433 rex.

194 5471 222 5501 ³
272 5467 527 5521 ﬁdens
567 5469 726 5518 tnss.,
769 5451 883 5506 Nec
916 5460 1281 5517 cooperatores
1321 5460 1444 5503 sunt
1471 5448 1795 5521 Christi,qui

101 5543 227 5643 du;
251 5544 646 5661 ιῗιιῗίηοιηιέ
683 5608 837 5653 tttss.,
888 5606 1045 5659 opera
1078 5592 1189 5643 risu
1229 5590 1431 5659 digna:
1463 5600 1666 5646 temere
1696 5606 1798 5647 au-

96 5695 234 5737 tem
286 5682 543 5745 pcan
586 5662 1070 5745 Iiabatt.,_opeturt'i
1097 5679 1179 5745 sui
1211 5664 1393 5745 digna.
1518 5732 1529 5744 ο

179 5759 210 5781 .
256 5734 599 5803 ᾔδησθα
628 5750 749 5785 eum
777 5734 1047 5800 plerisque
1078 5740 1197 5785 alus
1225 5734 1652 5804 tlicronytniaua:
1674 5747 1799 5787 ver.

632 5830 904 5891 Ps'rnOL.
968 5829 1183 5891 XXIV.

1903 4559 1923 4593 ε
1957 4538 2317 4611 Congregavit
2340 4542 2406 4595 de
2431 4543 2564 4597 foris
2585 4543 2947 4600 substantiam
2999 4564 3175 4613 suam,
3227 4565 3348 4620 qua:
3375 4551 3473 4604 ha-

1858 4621 1866 4628 ’
1896 4633 2030 4687 bitat
2059 4634 2110 4687 in
2145 4634 2468 4696 munitione.
2497 4634 2633 4700 Quia
2662 4636 2778 4693 haec
2815 4638 2946 4693 dicit
2998 4638 3255 4697 Dominus
3286 4659 3301 4697 :
3330 4642 3472 4698 Ecce

1896 4740 1997 4795 ego
2020 4726 2378 4796 supplantabo
2405 4728 2740 4785 habitatores
2760 4738 2916 4786 terra:
2936 4731 3177 4803 bnjns,et
3204 4733 3469 4789 tribulabo

1897 4832 2013 4881 eos,
2045 4828 2103 4873 ut
2128 4819 2475 4875 inveniantur
2503 4819 2557 4878 ⁸.
2598 4840 2617 4875 s
2677 4814 2996 4892 Praecipitur
3047 4821 3366 4886 Jerusalem,
3409 4834 3468 4878 ut

1900 4907 2161 4979 quidquid
2202 4909 2364 4963 habet
2397 4909 2530 4968 foris
2570 4911 2908 4977 substantiae,
2947 4912 3000 4967 in
3045 4912 3231 4968 urbem
3281 4913 3468 4968 muni-

1902 5002 2164 5055 tissimam
2193 5013 2509 5074 congregat,
2565 5012 2619 5059 et
2646 5005 2817 5073 longae
2853 5005 3121 5060 obsidioni
3174 5014 3330 5076 paret
3364 5008 3466 5061 ali-

1900 5101 2104 5148 menta.
2139 5093 2210 5150 Se
2238 5096 2381 5150 enim
2405 5110 2747 5165 nequaquam
2780 5103 2837 5150 ut
2865 5096 3014 5166 prius
3064 5096 3134 5152 de
3173 5096 3382 5167 futuro,
3415 5112 3472 5157 et

1900 5185 2060 5256 longo
2086 5196 2326 5258 tempore
2355 5189 2677 5244 comminari
2707 5204 2723 5241 :
2757 5186 2921 5259 915
2944 5189 3038 5246 sed
3060 5188 3174 5261 jam
3201 5192 3269 5247 de
3295 5194 3471 5249 vicina

1900 5386 2069 5440 siouis
2096 5399 2224 5438 mss.
2257 5423 2274 5449 ,
2304 5386 2380 5438 ita
2402 5394 2458 5438 ut
2486 5402 2588 5440 non
2640 5387 2993 5451 inveniuntur,
3026 5401 3187 5455 quam
3237 5387 3473 5455 negandi

1902 5455 2218 5526 particulam
2262 5456 2313 5508 itt
2341 5456 2848 5526 Septuagintavirali
2884 5471 3098 5526 quoque
3145 5460 3473 5525 interpreta-

1904 5528 2045 5577 tione
2092 5523 2334 5593 replicat.
2364 5523 2565 5580 Otistai
2599 5542 2725 5581 vero
2774 5528 2917 5583 sacri
2956 5523 3134 5581 textus
3171 5523 3324 5589 lldes,
3358 5536 3472 5582 tum

1902 5594 2130 5667 aliorum
2169 5596 2438 5667 codicum,
2472 5607 2526 5648 et
2555 5600 2796 5652 subnexa
2832 5598 3141 5665 llieronymi
3178 5597 3474 5667 expositio,

1901 5661 2299 5742 Coangustabo,
2317 5674 2373 5717 ut
2404 5681 2579 5742 omnes
2598 5667 2651 5722 in
2671 5668 2796 5724 urbe
2817 5661 3167 5740 reperiantur,
3183 5678 3233 5723 et
3250 5661 3477 5740 Effugere

1903 5744 2162 5802 nequeant
2195 5740 2417 5792 malum.

3098 5832 3176 5895 25
