  <div class='ocr_page' id='page_1' title='image "/cluster/home/n/w/nwhite01/storage/ocr_20150623/24/hvd.32044096580485/395.png"; bbox 0 0 3906 6172; ppageno 0'>
   <div class='ocr_carea' id='block_1_1' title="bbox 408 317 514 382">
    <p class='ocr_par' dir='ltr' id='par_1_1' title="bbox 408 317 514 382">
     <span class='ocr_line' id='line_1_1' title="bbox 408 317 514 382; baseline 0.038 -3"><span class='ocrx_word' id='word_1_1' title='bbox 408 317 514 382; x_wconf 82' lang='lat'><strong>779</strong></span> 
     </span>
    </p>
   </div>
   <div class='ocr_carea' id='block_1_2' title="bbox 1603 287 2496 358">
    <p class='ocr_par' dir='ltr' id='par_1_2' title="bbox 1603 287 2496 358">
     <span class='ocr_line' id='line_1_2' title="bbox 1603 287 2496 358; baseline -0.013 0"><span class='ocrx_word' id='word_1_2' title='bbox 1603 299 1662 358; x_wconf 91' lang='lat' dir='ltr'><strong>S.</strong></span> <span class='ocrx_word' id='word_1_3' title='bbox 1705 294 2020 357; x_wconf 82' lang='lat' dir='ltr'><strong>EUSEBII</strong></span> <span class='ocrx_word' id='word_1_4' title='bbox 2061 287 2496 352; x_wconf 71' lang='lat' dir='ltr'><strong>llIEliONYMI</strong></span> 
     </span>
    </p>
   </div>
   <div class='ocr_carea' id='block_1_3' title="bbox 3569 283 3662 344">
    <p class='ocr_par' dir='ltr' id='par_1_3' title="bbox 3569 283 3662 344">
     <span class='ocr_line' id='line_1_3' title="bbox 3569 283 3662 344; baseline -0.011 0"><span class='ocrx_word' id='word_1_5' title='bbox 3569 283 3662 344; x_wconf 67' lang='lat'><strong>730</strong></span> 
     </span>
    </p>
   </div>
   <div class='ocr_carea' id='block_1_4' title="bbox 357 395 3662 502">
    <p class='ocr_par' dir='ltr' id='par_1_4' title="bbox 357 395 3662 502">
     <span class='ocr_line' id='line_1_4' title="bbox 357 395 3662 502; baseline -0.012 -15"><span class='ocrx_word' id='word_1_6' title='bbox 357 464 359 466; x_wconf 86' lang='lat'>-</span> <span class='ocrx_word' id='word_1_7' title='bbox 410 433 745 502; x_wconf 62' lang='lat' dir='ltr'><strong>captivitate,</strong></span> <span class='ocrx_word' id='word_1_8' title='bbox 777 423 1250 498; x_wconf 71' lang='lat' dir='ltr'><strong>quaejamjamque</strong></span> <span class='ocrx_word' id='word_1_9' title='bbox 1278 427 1502 474; x_wconf 84' lang='lat' dir='ltr'><strong>ventura</strong></span> <span class='ocrx_word' id='word_1_10' title='bbox 1555 415 1650 469; x_wconf 99' lang='lat' dir='ltr'><strong>sit.</strong></span> <span class='ocrx_word' id='word_1_11' title='bbox 1681 414 1984 483; x_wconf 82' lang='lat' dir='ltr'><strong>Congrega,</strong></span> <span class='ocrx_word' id='word_1_12' title='bbox 2015 413 2065 471; x_wconf 80' lang='grc' dir='ltr'><strong>Α</strong></span> <span class='ocrx_word' id='word_1_13' title='bbox 2093 405 2498 460; x_wconf 77' lang='lat' dir='ltr'><strong>translationem</strong></span> <span class='ocrx_word' id='word_1_14' title='bbox 2561 407 2863 470; x_wconf 75' lang='lat' dir='ltr'><strong>pastorum,</strong></span> <span class='ocrx_word' id='word_1_15' title='bbox 2917 406 3082 467; x_wconf 90' lang='lat' dir='ltr'><strong>atque</strong></span> <span class='ocrx_word' id='word_1_16' title='bbox 3137 395 3341 456; x_wconf 88' lang='lat' dir='ltr'><strong>ovium.</strong></span> <span class='ocrx_word' id='word_1_17' title='bbox 3378 396 3662 466; x_wconf 87' lang='lat' dir='ltr'><strong>principum</strong></span> 
     </span>
    </p>
   </div>
   <div class='ocr_carea' id='block_1_5' title="bbox 410 505 1994 593">
    <p class='ocr_par' dir='ltr' id='par_1_5' title="bbox 410 505 1994 593">
     <span class='ocr_line' id='line_1_5' title="bbox 410 505 1994 593; baseline -0.015 -14"><span class='ocrx_word' id='word_1_18' title='bbox 410 525 607 593; x_wconf 93' lang='lat' dir='ltr'><strong>inquit,</strong></span> <span class='ocrx_word' id='word_1_19' title='bbox 644 533 699 576; x_wconf 92' lang='lat' dir='ltr'><strong>ct</strong></span> <span class='ocrx_word' id='word_1_20' title='bbox 730 522 795 575; x_wconf 90' lang='lat' dir='ltr'><strong>de</strong></span> <span class='ocrx_word' id='word_1_21' title='bbox 835 521 965 574; x_wconf 91' lang='lat' dir='ltr'><strong>foris</strong></span> <span class='ocrx_word' id='word_1_22' title='bbox 1010 529 1064 571; x_wconf 91' lang='lat' dir='ltr'><strong>et</strong></span> <span class='ocrx_word' id='word_1_23' title='bbox 1105 516 1170 570; x_wconf 88' lang='lat' dir='ltr'><strong>de</strong></span> <span class='ocrx_word' id='word_1_24' title='bbox 1217 525 1382 575; x_wconf 89' lang='lat' dir='ltr'><strong>terra,</strong></span> <span class='ocrx_word' id='word_1_25' title='bbox 1423 510 1527 563; x_wconf 92' lang='lat' dir='ltr'><strong>hoc</strong></span> <span class='ocrx_word' id='word_1_26' title='bbox 1566 516 1671 569; x_wconf 84' lang='lat' dir='ltr'><strong>est,</strong></span> <span class='ocrx_word' id='word_1_27' title='bbox 1723 521 1789 560; x_wconf 81' lang='lat' dir='ltr'><strong>ex</strong></span> <span class='ocrx_word' id='word_1_28' title='bbox 1853 505 1994 573; x_wconf 83' lang='lat' dir='ltr'><strong>agris</strong></span> 
     </span>
    </p>
   </div>
   <div class='ocr_carea' id='block_1_6' title="bbox 410 594 1995 672">
    <p class='ocr_par' dir='ltr' id='par_1_6' title="bbox 410 594 1995 672">
     <span class='ocr_line' id='line_1_6' title="bbox 410 594 1995 672; baseline -0.017 -1"><span class='ocrx_word' id='word_1_29' title='bbox 410 615 771 671; x_wconf 78' lang='lat' dir='ltr'><strong>substantiam</strong></span> <span class='ocrx_word' id='word_1_30' title='bbox 801 620 967 672; x_wconf 90' lang='lat' dir='ltr'><strong>tuam,</strong></span> <span class='ocrx_word' id='word_1_31' title='bbox 1002 606 1116 660; x_wconf 89' lang='lat' dir='ltr'><strong>sive</strong></span> <span class='ocrx_word' id='word_1_32' title='bbox 1149 600 1544 656; x_wconf 84' lang='lat' dir='ltr'><strong>confusionem.</strong></span> <span class='ocrx_word' id='word_1_33' title='bbox 1564 594 1830 664; x_wconf 83' lang='lat' dir='ltr'><strong>Quidquid</strong></span> <span class='ocrx_word' id='word_1_34' title='bbox 1851 594 1995 647; x_wconf 89' lang='lat' dir='ltr'><strong>enim</strong></span> 
     </span>
    </p>
   </div>
   <div class='ocr_carea' id='block_1_7' title="bbox 411 690 1994 773">
    <p class='ocr_par' dir='ltr' id='par_1_7' title="bbox 411 690 1994 773">
     <span class='ocr_line' id='line_1_7' title="bbox 411 690 1994 773; baseline -0.015 -9"><span class='ocrx_word' id='word_1_35' title='bbox 411 709 600 773; x_wconf 88' lang='lat' dir='ltr'><strong>habes,</strong></span> <span class='ocrx_word' id='word_1_36' title='bbox 636 703 959 758; x_wconf 80' lang='lat' dir='ltr'><strong>confusione</strong></span> <span class='ocrx_word' id='word_1_37' title='bbox 987 698 1205 767; x_wconf 83' lang='lat' dir='ltr'><strong>dignum</strong></span> <span class='ocrx_word' id='word_1_38' title='bbox 1232 703 1360 750; x_wconf 90' lang='lat' dir='ltr'><strong>est:</strong></span> <span class='ocrx_word' id='word_1_39' title='bbox 1394 707 1515 761; x_wconf 71' lang='lat' dir='ltr'><strong>qua:</strong></span> <span class='ocrx_word' id='word_1_40' title='bbox 1561 690 1688 744; x_wconf 89' lang='lat' dir='ltr'><strong>licet</strong></span> <span class='ocrx_word' id='word_1_41' title='bbox 1722 700 1994 770; x_wconf 61' lang='lat' dir='ltr'><strong>prepares</strong></span> 
     </span>
    </p>
   </div>
   <div class='ocr_carea' id='block_1_8' title="bbox 417 762 1994 864">
    <p class='ocr_par' dir='ltr' id='par_1_8' title="bbox 417 762 1994 864">
     <span class='ocr_line' id='line_1_8' title="bbox 417 762 1994 864; baseline -0.015 -10"><span class='ocrx_word' id='word_1_42' title='bbox 417 799 556 862; x_wconf 70' lang='lat' dir='ltr'><strong>lit-ec,</strong></span> <span class='ocrx_word' id='word_1_43' title='bbox 593 808 754 864; x_wconf 87' lang='lat' dir='ltr'><strong>super</strong></span> <span class='ocrx_word' id='word_1_44' title='bbox 777 793 858 845; x_wconf 86' lang='lat' dir='ltr'><strong>his</strong></span> <span class='ocrx_word' id='word_1_45' title='bbox 894 789 1107 844; x_wconf 86' lang='lat' dir='ltr'><strong>Domini</strong></span> <span class='ocrx_word' id='word_1_46' title='bbox 1135 787 1277 840; x_wconf 90' lang='lat' dir='ltr'><strong>dicta</strong></span> <span class='ocrx_word' id='word_1_47' title='bbox 1309 797 1593 854; x_wconf 80' lang='lat' dir='ltr'><strong>cognosce.</strong></span> <span class='ocrx_word' id='word_1_48' title='bbox 1625 783 1762 835; x_wconf 86' lang='lat' dir='ltr'><strong>Ecce</strong></span> <span class='ocrx_word' id='word_1_49' title='bbox 1800 762 1900 848; x_wconf 75' lang='lat' dir='ltr'><strong>ego</strong></span> <span class='ocrx_word' id='word_1_50' title='bbox 1941 779 1994 831; x_wconf 93' lang='lat' dir='ltr'><strong>in</strong></span> 
     </span>
    </p>
   </div>
   <div class='ocr_carea' id='block_1_9' title="bbox 416 869 1997 950">
    <p class='ocr_par' dir='ltr' id='par_1_9' title="bbox 416 869 1997 950">
     <span class='ocr_line' id='line_1_9' title="bbox 416 869 1997 950; baseline -0.015 -8"><span class='ocrx_word' id='word_1_51' title='bbox 416 891 516 942; x_wconf 91' lang='lat' dir='ltr'><strong>hac</strong></span> <span class='ocrx_word' id='word_1_52' title='bbox 545 887 681 950; x_wconf 86' lang='lat' dir='ltr'><strong>vice,</strong></span> <span class='ocrx_word' id='word_1_53' title='bbox 715 883 767 936; x_wconf 92' lang='lat' dir='ltr'><strong>in</strong></span> <span class='ocrx_word' id='word_1_54' title='bbox 820 881 925 935; x_wconf 88' lang='lat' dir='ltr'><strong>isto</strong></span> <span class='ocrx_word' id='word_1_55' title='bbox 970 889 1234 946; x_wconf 85' lang='lat' dir='ltr'><strong>tempore,</strong></span> <span class='ocrx_word' id='word_1_56' title='bbox 1295 873 1604 943; x_wconf 87' lang='lat' dir='ltr'><strong>projiciam,</strong></span> <span class='ocrx_word' id='word_1_57' title='bbox 1651 870 1766 925; x_wconf 84' lang='lat' dir='ltr'><strong>sive</strong></span> <span class='ocrx_word' id='word_1_58' title='bbox 1821 869 1997 922; x_wconf 91' lang='lat' dir='ltr'><strong>instar</strong></span> 
     </span>
    </p>
   </div>
   <div class='ocr_carea' id='block_1_10' title="bbox 414 961 1996 1045">
    <p class='ocr_par' dir='ltr' id='par_1_10' title="bbox 414 961 1996 1045">
     <span class='ocr_line' id='line_1_10' title="bbox 414 961 1996 1045; baseline -0.013 -13"><span class='ocrx_word' id='word_1_59' title='bbox 414 975 816 1045; x_wconf 84' lang='lat' dir='ltr'><strong>fundaejaciam</strong></span> <span class='ocrx_word' id='word_1_60' title='bbox 853 974 1008 1040; x_wconf 78' lang='lat' dir='ltr'><strong>longe</strong></span> <span class='ocrx_word' id='word_1_61' title='bbox 1041 969 1375 1023; x_wconf 82' lang='lat' dir='ltr'><strong>habitatores</strong></span> <span class='ocrx_word' id='word_1_62' title='bbox 1430 975 1586 1019; x_wconf 79' lang='lat' dir='ltr'><strong>terra:</strong></span> <span class='ocrx_word' id='word_1_63' title='bbox 1640 961 1847 1032; x_wconf 86' lang='lat' dir='ltr'><strong>hujus:</strong></span> <span class='ocrx_word' id='word_1_64' title='bbox 1898 974 1996 1029; x_wconf 90' lang='lat' dir='ltr'><strong>pro</strong></span> 
     </span>
    </p>
   </div>
   <div class='ocr_carea' id='block_1_11' title="bbox 413 1053 1996 1140">
    <p class='ocr_par' dir='ltr' id='par_1_11' title="bbox 413 1053 1996 1140">
     <span class='ocr_line' id='line_1_11' title="bbox 413 1053 1996 1140; baseline -0.013 -16"><span class='ocrx_word' id='word_1_65' title='bbox 413 1087 521 1140; x_wconf 89' lang='lat' dir='ltr'><strong>quo</strong></span> <span class='ocrx_word' id='word_1_66' title='bbox 556 1068 692 1124; x_wconf 73' lang='lat' dir='ltr'><strong>LXX</strong></span> <span class='ocrx_word' id='word_1_67' title='bbox 735 1064 1076 1135; x_wconf 77' lang='lat' dir='ltr'><strong>interpretati</strong></span> <span class='ocrx_word' id='word_1_68' title='bbox 1118 1071 1246 1116; x_wconf 88' lang='lat' dir='ltr'><strong>sunt</strong></span> <span class='ocrx_word' id='word_1_69' title='bbox 1303 1059 1654 1129; x_wconf 84' lang='lat' dir='ltr'><strong>supplantabo</strong></span> <span class='ocrx_word' id='word_1_70' title='bbox 1711 1065 1761 1108; x_wconf 81' lang='lat' dir='ltr'><strong>et</strong></span> <span class='ocrx_word' id='word_1_71' title='bbox 1810 1053 1996 1140; x_wconf 79' lang='lat' dir='ltr'><strong>cadere</strong></span> 
     </span>
    </p>
   </div>
   <div class='ocr_carea' id='block_1_12' title="bbox 361 1131 1990 1233">
    <p class='ocr_par' dir='ltr' id='par_1_12' title="bbox 361 1131 1990 1233">
     <span class='ocr_line' id='line_1_12' title="bbox 361 1131 1990 1233; baseline -0.007 -17"><span class='ocrx_word' id='word_1_72' title='bbox 361 1211 366 1216; x_wconf 89' lang='lat'><strong>.</strong></span> <span class='ocrx_word' id='word_1_73' title='bbox 414 1131 631 1233; x_wconf 62' lang='lat' dir='ltr'><strong>faciam.</strong></span> <span class='ocrx_word' id='word_1_74' title='bbox 682 1161 788 1215; x_wconf 83' lang='lat' dir='ltr'><strong>Pro</strong></span> <span class='ocrx_word' id='word_1_75' title='bbox 812 1131 921 1230; x_wconf 79' lang='lat' dir='ltr'><strong>quo</strong></span> <span class='ocrx_word' id='word_1_76' title='bbox 971 1157 1148 1212; x_wconf 89' lang='lat' dir='ltr'><strong>verbo</strong></span> <span class='ocrx_word' id='word_1_77' title='bbox 1210 1154 1480 1208; x_wconf 86' lang='lat' dir='ltr'><strong>llehraieo</strong></span> <span class='ocrx_word' id='word_1_78' title='bbox 1508 1165 1672 1206; x_wconf 68' lang='lat' dir='ltr'><strong>conas</strong></span> <span class='ocrx_word' id='word_1_79' title='bbox 1703 1148 1719 1179; x_wconf 87' lang='grc'>¹</span> <span class='ocrx_word' id='word_1_80' title='bbox 1795 1131 1990 1216; x_wconf 51' lang='grc' dir='ltr'><strong>(πίω),</strong></span> 
     </span>
    </p>
   </div>
   <div class='ocr_carea' id='block_1_13' title="bbox 413 1237 1992 1322">
    <p class='ocr_par' dir='ltr' id='par_1_13' title="bbox 413 1237 1992 1322">
     <span class='ocr_line' id='line_1_13' title="bbox 413 1237 1992 1322; baseline -0.012 -16"><span class='ocrx_word' id='word_1_81' title='bbox 413 1255 607 1322; x_wconf 83' lang='lat' dir='ltr'><strong>Aquila</strong></span> <span class='ocrx_word' id='word_1_82' title='bbox 650 1261 704 1306; x_wconf 90' lang='lat' dir='ltr'><strong>et</strong></span> <span class='ocrx_word' id='word_1_83' title='bbox 727 1249 1092 1320; x_wconf 83' lang='lat' dir='ltr'><strong>Symmachus</strong></span> <span class='ocrx_word' id='word_1_84' title='bbox 1113 1242 1452 1313; x_wconf 86' lang='lat' dir='ltr'><strong>interpretati</strong></span> <span class='ocrx_word' id='word_1_85' title='bbox 1474 1251 1597 1294; x_wconf 89' lang='lat' dir='ltr'><strong>sunt</strong></span> <span class='ocrx_word' id='word_1_86' title='bbox 1628 1237 1992 1308; x_wconf 68' lang='grc' dir='ltr'><strong>σφενδονήσω.</strong></span> 
     </span>
    </p>
   </div>
   <div class='ocr_carea' id='block_1_14' title="bbox 414 1328 1997 1400">
    <p class='ocr_par' dir='ltr' id='par_1_14' title="bbox 414 1328 1997 1400">
     <span class='ocr_line' id='line_1_14' title="bbox 414 1328 1997 1400; baseline -0.012 0"><span class='ocrx_word' id='word_1_87' title='bbox 414 1345 483 1400; x_wconf 86' lang='grc' dir='ltr'>Ει</span> <span class='ocrx_word' id='word_1_88' title='bbox 513 1354 597 1399; x_wconf 87' lang='lat' dir='ltr'><strong>est</strong></span> <span class='ocrx_word' id='word_1_89' title='bbox 638 1359 831 1398; x_wconf 87' lang='lat' dir='ltr'><strong>sensus</strong></span> <span class='ocrx_word' id='word_1_90' title='bbox 865 1358 880 1396; x_wconf 92' lang='lat'><strong>:</strong></span> <span class='ocrx_word' id='word_1_91' title='bbox 923 1339 1099 1394; x_wconf 89' lang='lat' dir='ltr'><strong>lnstar</strong></span> <span class='ocrx_word' id='word_1_92' title='bbox 1123 1336 1301 1391; x_wconf 77' lang='lat' dir='ltr'><strong>fundae</strong></span> <span class='ocrx_word' id='word_1_93' title='bbox 1330 1349 1453 1390; x_wconf 89' lang='lat' dir='ltr'><strong>cum</strong></span> <span class='ocrx_word' id='word_1_94' title='bbox 1483 1332 1628 1387; x_wconf 87' lang='lat' dir='ltr'><strong>onmi</strong></span> <span class='ocrx_word' id='word_1_95' title='bbox 1677 1331 1876 1396; x_wconf 87' lang='lat' dir='ltr'><strong>impetu</strong></span> <span class='ocrx_word' id='word_1_96' title='bbox 1903 1328 1997 1382; x_wconf 85' lang='lat' dir='ltr'><strong>ab-</strong></span> 
     </span>
    </p>
   </div>
   <div class='ocr_carea' id='block_1_15' title="bbox 412 1419 1995 1506">
    <p class='ocr_par' dir='ltr' id='par_1_15' title="bbox 412 1419 1995 1506">
     <span class='ocr_line' id='line_1_15' title="bbox 412 1419 1995 1506; baseline -0.011 -17"><span class='ocrx_word' id='word_1_97' title='bbox 412 1437 623 1506; x_wconf 86' lang='lat' dir='ltr'><strong>jiciam,</strong></span> <span class='ocrx_word' id='word_1_98' title='bbox 655 1443 707 1489; x_wconf 89' lang='lat' dir='ltr'><strong>et</strong></span> <span class='ocrx_word' id='word_1_99' title='bbox 734 1435 812 1487; x_wconf 90' lang='lat' dir='ltr'><strong>sic</strong></span> <span class='ocrx_word' id='word_1_100' title='bbox 843 1447 935 1486; x_wconf 89' lang='lat' dir='ltr'><strong>eos</strong></span> <span class='ocrx_word' id='word_1_101' title='bbox 967 1429 1204 1485; x_wconf 88' lang='lat' dir='ltr'><strong>obsideri</strong></span> <span class='ocrx_word' id='word_1_102' title='bbox 1227 1427 1422 1482; x_wconf 80' lang='lat' dir='ltr'><strong>faciam</strong></span> <span class='ocrx_word' id='word_1_103' title='bbox 1456 1443 1470 1481; x_wconf 89' lang='lat'><strong>:</strong></span> <span class='ocrx_word' id='word_1_104' title='bbox 1504 1424 1688 1492; x_wconf 87' lang='lat' dir='ltr'><strong>sicque</strong></span> <span class='ocrx_word' id='word_1_105' title='bbox 1719 1419 1995 1475; x_wconf 88' lang='lat' dir='ltr'><strong>tribulabo</strong></span> 
     </span>
    </p>
   </div>
   <div class='ocr_carea' id='block_1_16' title="bbox 417 1514 1997 1596">
    <p class='ocr_par' dir='ltr' id='par_1_16' title="bbox 417 1514 1997 1596">
     <span class='ocr_line' id='line_1_16' title="bbox 417 1514 1997 1596; baseline -0.013 -13"><span class='ocrx_word' id='word_1_106' title='bbox 417 1541 469 1583; x_wconf 91' lang='lat' dir='ltr'><strong>et</strong></span> <span class='ocrx_word' id='word_1_107' title='bbox 498 1525 892 1596; x_wconf 83' lang='lat' dir='ltr'><strong>coangustabo,</strong></span> <span class='ocrx_word' id='word_1_108' title='bbox 921 1532 980 1577; x_wconf 94' lang='lat' dir='ltr'><strong>ut</strong></span> <span class='ocrx_word' id='word_1_109' title='bbox 1011 1537 1204 1576; x_wconf 92' lang='lat' dir='ltr'><strong>omnes</strong></span> <span class='ocrx_word' id='word_1_110' title='bbox 1236 1520 1290 1575; x_wconf 92' lang='lat' dir='ltr'><strong>in</strong></span> <span class='ocrx_word' id='word_1_111' title='bbox 1337 1519 1472 1574; x_wconf 88' lang='lat' dir='ltr'><strong>urbe</strong></span> <span class='ocrx_word' id='word_1_112' title='bbox 1523 1514 1889 1584; x_wconf 82' lang='lat' dir='ltr'><strong>reperiantur,</strong></span> <span class='ocrx_word' id='word_1_113' title='bbox 1942 1519 1997 1564; x_wconf 90' lang='lat' dir='ltr'><strong>et</strong></span> 
     </span>
    </p>
   </div>
   <div class='ocr_carea' id='block_1_17' title="bbox 417 1614 1213 1689">
    <p class='ocr_par' dir='ltr' id='par_1_17' title="bbox 417 1614 1213 1689">
     <span class='ocr_line' id='line_1_17' title="bbox 417 1614 1213 1689; baseline -0.01 -16"><span class='ocrx_word' id='word_1_114' title='bbox 417 1618 656 1689; x_wconf 80' lang='lat' dir='ltr'><strong>eﬂ&#39;ugere</strong></span> <span class='ocrx_word' id='word_1_115' title='bbox 686 1623 960 1687; x_wconf 81' lang='lat' dir='ltr'><strong>nequeant</strong></span> <span class='ocrx_word' id='word_1_116' title='bbox 992 1614 1213 1668; x_wconf 92' lang='lat' dir='ltr'><strong>malum.</strong></span> 
     </span>
    </p>
   </div>
   <div class='ocr_carea' id='block_1_18' title="bbox 492 1699 1992 1778">
    <p class='ocr_par' dir='ltr' id='par_1_18' title="bbox 492 1699 1992 1778">
     <span class='ocr_line' id='line_1_18' title="bbox 492 1699 1992 1778; baseline -0.008 -14"><span class='ocrx_word' id='word_1_117' title='bbox 492 1711 672 1776; x_wconf 82' lang='lat' dir='ltr'><strong>(Vers.</strong></span> <span class='ocrx_word' id='word_1_118' title='bbox 704 1707 815 1778; x_wconf 79' lang='lat' dir='ltr'><strong>t9.)</strong></span> <span class='ocrx_word' id='word_1_119' title='bbox 853 1727 872 1760; x_wconf 77' lang='grc' dir='ltr'><strong>ι</strong></span> <span class='ocrx_word' id='word_1_120' title='bbox 924 1705 1016 1761; x_wconf 84' lang='lat' dir='ltr'><strong>Vae</strong></span> <span class='ocrx_word' id='word_1_121' title='bbox 1073 1705 1203 1760; x_wconf 88' lang='lat' dir='ltr'><strong>mihi</strong></span> <span class='ocrx_word' id='word_1_122' title='bbox 1258 1717 1417 1772; x_wconf 88' lang='lat' dir='ltr'><strong>super</strong></span> <span class='ocrx_word' id='word_1_123' title='bbox 1472 1699 1802 1757; x_wconf 83' lang='lat' dir='ltr'><strong>contritione</strong></span> <span class='ocrx_word' id='word_1_124' title='bbox 1848 1713 1992 1762; x_wconf 90' lang='lat' dir='ltr'><strong>mea,</strong></span> 
     </span>
    </p>
   </div>
   <div class='ocr_carea' id='block_1_19' title="bbox 418 1792 2000 1876">
    <p class='ocr_par' dir='ltr' id='par_1_19' title="bbox 418 1792 2000 1876">
     <span class='ocr_line' id='line_1_19' title="bbox 418 1792 2000 1876; baseline -0.01 -16"><span class='ocrx_word' id='word_1_125' title='bbox 418 1806 650 1876; x_wconf 87' lang='lat' dir='ltr'><strong>pessima</strong></span> <span class='ocrx_word' id='word_1_126' title='bbox 683 1801 834 1872; x_wconf 84' lang='lat' dir='ltr'><strong>plaga</strong></span> <span class='ocrx_word' id='word_1_127' title='bbox 861 1813 998 1854; x_wconf 84' lang='lat' dir='ltr'><strong>mea.</strong></span> <span class='ocrx_word' id='word_1_128' title='bbox 1039 1817 1058 1850; x_wconf 72' lang='grc' dir='ltr'><strong>ι</strong></span> <span class='ocrx_word' id='word_1_129' title='bbox 1086 1795 1229 1852; x_wconf 78' lang='lat' dir='ltr'><strong>LXX</strong></span> <span class='ocrx_word' id='word_1_130' title='bbox 1257 1813 1270 1849; x_wconf 89' lang='lat'><strong>:</strong></span> <span class='ocrx_word' id='word_1_131' title='bbox 1312 1814 1329 1846; x_wconf 75' lang='grc' dir='ltr'><strong>ι</strong></span> <span class='ocrx_word' id='word_1_132' title='bbox 1359 1793 1448 1848; x_wconf 75' lang='lat' dir='ltr'><strong>Va:</strong></span> <span class='ocrx_word' id='word_1_133' title='bbox 1477 1809 1641 1859; x_wconf 87' lang='lat' dir='ltr'><strong>super</strong></span> <span class='ocrx_word' id='word_1_134' title='bbox 1675 1792 2000 1846; x_wconf 85' lang='lat' dir='ltr'><strong>contritione</strong></span> 
     </span>
    </p>
   </div>
   <div class='ocr_carea' id='block_1_20' title="bbox 419 1885 2000 1964">
    <p class='ocr_par' dir='ltr' id='par_1_20' title="bbox 419 1885 2000 1964">
     <span class='ocr_line' id='line_1_20' title="bbox 419 1885 2000 1964; baseline -0.009 -12"><span class='ocrx_word' id='word_1_135' title='bbox 419 1914 561 1962; x_wconf 89' lang='lat' dir='ltr'><strong>mea,</strong></span> <span class='ocrx_word' id='word_1_136' title='bbox 614 1895 850 1964; x_wconf 87' lang='lat' dir='ltr'><strong>pessima</strong></span> <span class='ocrx_word' id='word_1_137' title='bbox 903 1893 1059 1962; x_wconf 88' lang='lat' dir='ltr'><strong>plaga</strong></span> <span class='ocrx_word' id='word_1_138' title='bbox 1089 1901 1204 1945; x_wconf 89' lang='lat' dir='ltr'><strong>tua.</strong></span> <span class='ocrx_word' id='word_1_139' title='bbox 1248 1910 1268 1942; x_wconf 74' lang='grc' dir='ltr'><strong>ι</strong></span> <span class='ocrx_word' id='word_1_140' title='bbox 1307 1888 1467 1943; x_wconf 82' lang='lat' dir='ltr'><strong>Juxta</strong></span> <span class='ocrx_word' id='word_1_141' title='bbox 1508 1886 1834 1942; x_wconf 87' lang='lat' dir='ltr'><strong>llebraicum</strong></span> <span class='ocrx_word' id='word_1_142' title='bbox 1885 1885 2000 1953; x_wconf 87' lang='lat' dir='ltr'><strong>ipsa</strong></span> 
     </span>
    </p>
   </div>
   <div class='ocr_carea' id='block_1_21' title="bbox 418 1978 2000 2056">
    <p class='ocr_par' dir='ltr' id='par_1_21' title="bbox 418 1978 2000 2056">
     <span class='ocr_line' id='line_1_21' title="bbox 418 1978 2000 2056; baseline -0.009 -12"><span class='ocrx_word' id='word_1_143' title='bbox 418 1990 721 2046; x_wconf 82' lang='lat' dir='ltr'><strong>Jerusalem</strong></span> <span class='ocrx_word' id='word_1_144' title='bbox 753 1987 1015 2056; x_wconf 86' lang='lat' dir='ltr'><strong>loquitur,</strong></span> <span class='ocrx_word' id='word_1_145' title='bbox 1061 1986 1204 2052; x_wconf 86' lang='lat' dir='ltr'><strong>quod</strong></span> <span class='ocrx_word' id='word_1_146' title='bbox 1265 1983 1616 2036; x_wconf 78' lang='lat' dir='ltr'><strong>vehementer</strong></span> <span class='ocrx_word' id='word_1_147' title='bbox 1671 1979 1869 2033; x_wconf 80' lang='lat' dir='ltr'><strong>alllicla</strong></span> <span class='ocrx_word' id='word_1_148' title='bbox 1905 1978 2000 2043; x_wconf 89' lang='lat' dir='ltr'><strong>sit,</strong></span> 
     </span>
    </p>
   </div>
   <div class='ocr_carea' id='block_1_22' title="bbox 418 2069 2000 2151">
    <p class='ocr_par' dir='ltr' id='par_1_22' title="bbox 418 2069 2000 2151">
     <span class='ocr_line' id='line_1_22' title="bbox 418 2069 2000 2151; baseline -0.009 -15"><span class='ocrx_word' id='word_1_149' title='bbox 418 2094 473 2137; x_wconf 88' lang='lat' dir='ltr'><strong>et</strong></span> <span class='ocrx_word' id='word_1_150' title='bbox 506 2083 717 2151; x_wconf 80' lang='lat' dir='ltr'><strong>plagam</strong></span> <span class='ocrx_word' id='word_1_151' title='bbox 753 2079 1016 2133; x_wconf 81' lang='lat' dir='ltr'><strong>sustineat</strong></span> <span class='ocrx_word' id='word_1_152' title='bbox 1055 2073 1427 2128; x_wconf 86' lang='lat' dir='ltr'><strong>insanabilem.</strong></span> <span class='ocrx_word' id='word_1_153' title='bbox 1487 2070 1644 2126; x_wconf 79' lang='lat' dir='ltr'><strong>Juxta</strong></span> <span class='ocrx_word' id='word_1_154' title='bbox 1677 2069 1814 2123; x_wconf 77' lang='lat' dir='ltr'><strong>LXX</strong></span> <span class='ocrx_word' id='word_1_155' title='bbox 1869 2083 2000 2123; x_wconf 90' lang='lat' dir='ltr'><strong>vero</strong></span> 
     </span>
    </p>
   </div>
   <div class='ocr_carea' id='block_1_23' title="bbox 420 2162 2001 2242">
    <p class='ocr_par' dir='ltr' id='par_1_23' title="bbox 420 2162 2001 2242">
     <span class='ocr_line' id='line_1_23' title="bbox 420 2162 2001 2242; baseline -0.011 -12"><span class='ocrx_word' id='word_1_156' title='bbox 420 2175 690 2242; x_wconf 84' lang='lat' dir='ltr'><strong>Propheta</strong></span> <span class='ocrx_word' id='word_1_157' title='bbox 716 2166 1039 2238; x_wconf 87' lang='lat' dir='ltr'><strong>loquiturad</strong></span> <span class='ocrx_word' id='word_1_158' title='bbox 1063 2163 1385 2228; x_wconf 82' lang='lat' dir='ltr'><strong>Jerusalem,</strong></span> <span class='ocrx_word' id='word_1_159' title='bbox 1405 2173 1456 2217; x_wconf 90' lang='lat' dir='ltr'><strong>et</strong></span> <span class='ocrx_word' id='word_1_160' title='bbox 1473 2162 1678 2231; x_wconf 78' lang='lat' dir='ltr'><strong>plangit</strong></span> <span class='ocrx_word' id='word_1_161' title='bbox 1700 2176 1818 2214; x_wconf 86' lang='lat' dir='ltr'><strong>eam</strong></span> <span class='ocrx_word' id='word_1_162' title='bbox 1838 2173 2001 2230; x_wconf 86' lang='lat' dir='ltr'><strong>super</strong></span> 
     </span>
    </p>
   </div>
   <div class='ocr_carea' id='block_1_24' title="bbox 421 2253 1456 2331">
    <p class='ocr_par' dir='ltr' id='par_1_24' title="bbox 421 2253 1456 2331">
     <span class='ocr_line' id='line_1_24' title="bbox 421 2253 1456 2331; baseline -0.014 -8"><span class='ocrx_word' id='word_1_163' title='bbox 421 2266 748 2324; x_wconf 90' lang='lat' dir='ltr'><strong>contritione</strong></span> <span class='ocrx_word' id='word_1_164' title='bbox 779 2270 832 2316; x_wconf 91' lang='lat' dir='ltr'><strong>et</strong></span> <span class='ocrx_word' id='word_1_165' title='bbox 863 2260 1019 2331; x_wconf 89' lang='lat' dir='ltr'><strong>plaga</strong></span> <span class='ocrx_word' id='word_1_166' title='bbox 1057 2259 1139 2313; x_wconf 93' lang='lat' dir='ltr'><strong>sui</strong></span> <span class='ocrx_word' id='word_1_167' title='bbox 1170 2255 1280 2330; x_wconf 81' lang='grc' dir='ltr'><strong>[Αι.</strong></span> <span class='ocrx_word' id='word_1_168' title='bbox 1313 2253 1456 2326; x_wconf 89' lang='lat' dir='ltr'><strong>sua].</strong></span> 
     </span>
    </p>
   </div>
   <div class='ocr_carea' id='block_1_25' title="bbox 498 2344 2007 2428">
    <p class='ocr_par' dir='ltr' id='par_1_25' title="bbox 498 2344 2007 2428">
     <span class='ocr_line' id='line_1_25' title="bbox 498 2344 2007 2428; baseline -0.011 -15"><span class='ocrx_word' id='word_1_169' title='bbox 498 2379 517 2412; x_wconf 76' lang='grc' dir='ltr'><strong>ι</strong></span> <span class='ocrx_word' id='word_1_170' title='bbox 553 2360 662 2428; x_wconf 84' lang='lat' dir='ltr'><strong>Ego</strong></span> <span class='ocrx_word' id='word_1_171' title='bbox 687 2366 862 2411; x_wconf 85' lang='lat' dir='ltr'><strong>autem</strong></span> <span class='ocrx_word' id='word_1_172' title='bbox 893 2354 1003 2409; x_wconf 80' lang='lat' dir='ltr'><strong>dixi</strong></span> <span class='ocrx_word' id='word_1_173' title='bbox 1044 2369 1058 2408; x_wconf 87' lang='lat'><strong>:</strong></span> <span class='ocrx_word' id='word_1_174' title='bbox 1102 2349 1274 2405; x_wconf 86' lang='lat' dir='ltr'><strong>l’lane</strong></span> <span class='ocrx_word' id='word_1_175' title='bbox 1300 2349 1418 2403; x_wconf 74' lang='lat' dir='ltr'><strong>hate</strong></span> <span class='ocrx_word' id='word_1_176' title='bbox 1443 2344 1729 2400; x_wconf 77' lang='lat' dir='ltr'><strong>infirmitas</strong></span> <span class='ocrx_word' id='word_1_177' title='bbox 1755 2356 1873 2398; x_wconf 89' lang='lat' dir='ltr'><strong>mea</strong></span> <span class='ocrx_word' id='word_1_178' title='bbox 1921 2349 2007 2398; x_wconf 88' lang='lat' dir='ltr'><strong>est</strong></span> 
     </span>
    </p>
   </div>
   <div class='ocr_carea' id='block_1_26' title="bbox 422 2436 2005 2519">
    <p class='ocr_par' dir='ltr' id='par_1_26' title="bbox 422 2436 2005 2519">
     <span class='ocr_line' id='line_1_26' title="bbox 422 2436 2005 2519; baseline -0.009 -16"><span class='ocrx_word' id='word_1_179' title='bbox 422 2449 554 2519; x_wconf 82' lang='lat' dir='ltr'><strong>(sive</strong></span> <span class='ocrx_word' id='word_1_180' title='bbox 584 2445 780 2501; x_wconf 81' lang='lat' dir='ltr'><strong>vulnus</strong></span> <span class='ocrx_word' id='word_1_181' title='bbox 813 2443 1041 2510; x_wconf 88' lang='lat' dir='ltr'><strong>meum),</strong></span> <span class='ocrx_word' id='word_1_182' title='bbox 1082 2449 1130 2494; x_wconf 87' lang='lat' dir='ltr'><strong>et</strong></span> <span class='ocrx_word' id='word_1_183' title='bbox 1161 2443 1390 2508; x_wconf 87' lang='lat' dir='ltr'><strong>portabo</strong></span> <span class='ocrx_word' id='word_1_184' title='bbox 1422 2436 1567 2490; x_wconf 88' lang='lat' dir='ltr'><strong>illam</strong></span> <span class='ocrx_word' id='word_1_185' title='bbox 1625 2436 1754 2504; x_wconf 80' lang='lat' dir='ltr'><strong>(sive</strong></span> <span class='ocrx_word' id='word_1_186' title='bbox 1808 2448 2005 2504; x_wconf 85' lang='lat' dir='ltr'><strong>appre-</strong></span> 
     </span>
    </p>
   </div>
   <div class='ocr_carea' id='block_1_27' title="bbox 422 2529 2004 2606">
    <p class='ocr_par' dir='ltr' id='par_1_27' title="bbox 422 2529 2004 2606">
     <span class='ocr_line' id='line_1_27' title="bbox 422 2529 2004 2606; baseline -0.008 -11"><span class='ocrx_word' id='word_1_187' title='bbox 422 2539 613 2595; x_wconf 90' lang='lat' dir='ltr'><strong>hendit</strong></span> <span class='ocrx_word' id='word_1_188' title='bbox 645 2537 772 2606; x_wconf 87' lang='lat' dir='ltr'><strong>me).</strong></span> <span class='ocrx_word' id='word_1_189' title='bbox 807 2553 825 2587; x_wconf 73' lang='grc' dir='ltr'><strong>ι</strong></span> <span class='ocrx_word' id='word_1_190' title='bbox 867 2535 981 2604; x_wconf 88' lang='lat' dir='ltr'><strong>Ipsa</strong></span> <span class='ocrx_word' id='word_1_191' title='bbox 1043 2533 1282 2603; x_wconf 88' lang='lat' dir='ltr'><strong>loquitur</strong></span> <span class='ocrx_word' id='word_1_192' title='bbox 1337 2529 1637 2586; x_wconf 84' lang='lat' dir='ltr'><strong>Jerusalem</strong></span> <span class='ocrx_word' id='word_1_193' title='bbox 1674 2547 1689 2585; x_wconf 87' lang='lat'>:</span> <span class='ocrx_word' id='word_1_194' title='bbox 1745 2529 2004 2598; x_wconf 89' lang='lat' dir='ltr'><strong>quidquid</strong></span> 
     </span>
    </p>
   </div>
   <div class='ocr_carea' id='block_1_28' title="bbox 421 2620 2003 2706">
    <p class='ocr_par' dir='ltr' id='par_1_28' title="bbox 421 2620 2003 2706">
     <span class='ocr_line' id='line_1_28' title="bbox 421 2620 2003 2706; baseline -0.012 -15"><span class='ocrx_word' id='word_1_195' title='bbox 421 2635 622 2706; x_wconf 86' lang='lat' dir='ltr'><strong>patior.</strong></span> <span class='ocrx_word' id='word_1_196' title='bbox 656 2645 772 2684; x_wconf 88' lang='lat' dir='ltr'><strong>mea</strong></span> <span class='ocrx_word' id='word_1_197' title='bbox 809 2627 965 2697; x_wconf 91' lang='lat' dir='ltr'><strong>culpa</strong></span> <span class='ocrx_word' id='word_1_198' title='bbox 1018 2625 1200 2695; x_wconf 88' lang='lat' dir='ltr'><strong>patior</strong></span> <span class='ocrx_word' id='word_1_199' title='bbox 1238 2641 1252 2678; x_wconf 88' lang='lat'><strong>:</strong></span> <span class='ocrx_word' id='word_1_200' title='bbox 1302 2623 1542 2692; x_wconf 74' lang='lat' dir='ltr'><strong>intelligo</strong></span> <span class='ocrx_word' id='word_1_201' title='bbox 1569 2620 1766 2676; x_wconf 81' lang='lat' dir='ltr'><strong>vulnus</strong></span> <span class='ocrx_word' id='word_1_202' title='bbox 1826 2633 2003 2672; x_wconf 89' lang='lat' dir='ltr'><strong>meum</strong></span> 
     </span>
    </p>
   </div>
   <div class='ocr_carea' id='block_1_29' title="bbox 421 2713 2004 2797">
    <p class='ocr_par' dir='ltr' id='par_1_29' title="bbox 421 2713 2004 2797">
     <span class='ocr_line' id='line_1_29' title="bbox 421 2713 2004 2797; baseline -0.009 -16"><span class='ocrx_word' id='word_1_203' title='bbox 421 2727 562 2797; x_wconf 87' lang='lat' dir='ltr'><strong>quod</strong></span> <span class='ocrx_word' id='word_1_204' title='bbox 595 2717 951 2794; x_wconf 86' lang='lat' dir='ltr'><strong>apprehendit</strong></span> <span class='ocrx_word' id='word_1_205' title='bbox 977 2732 1082 2781; x_wconf 90' lang='lat' dir='ltr'><strong>me,</strong></span> <span class='ocrx_word' id='word_1_206' title='bbox 1113 2718 1229 2772; x_wconf 88' lang='lat' dir='ltr'><strong>sive</strong></span> <span class='ocrx_word' id='word_1_207' title='bbox 1261 2718 1395 2772; x_wconf 88' lang='lat' dir='ltr'><strong>iram</strong></span> <span class='ocrx_word' id='word_1_208' title='bbox 1445 2714 1654 2768; x_wconf 90' lang='lat' dir='ltr'><strong>Domini</strong></span> <span class='ocrx_word' id='word_1_209' title='bbox 1702 2713 2004 2777; x_wconf 80' lang='lat' dir='ltr'><strong>sustinebo,</strong></span> 
     </span>
    </p>
   </div>
   <div class='ocr_carea' id='block_1_30' title="bbox 423 2810 1060 2888">
    <p class='ocr_par' dir='ltr' id='par_1_30' title="bbox 423 2810 1060 2888">
     <span class='ocr_line' id='line_1_30' title="bbox 423 2810 1060 2888; baseline -0.011 -17"><span class='ocrx_word' id='word_1_210' title='bbox 423 2816 681 2888; x_wconf 90' lang='lat' dir='ltr'><strong>quoniam</strong></span> <span class='ocrx_word' id='word_1_211' title='bbox 715 2811 935 2883; x_wconf 77' lang='lat' dir='ltr'><strong>peccavi</strong></span> <span class='ocrx_word' id='word_1_212' title='bbox 987 2810 1060 2864; x_wconf 90' lang='lat' dir='ltr'><strong>ei.</strong></span> 
     </span>
    </p>
   </div>
   <div class='ocr_carea' id='block_1_31' title="bbox 497 2899 2005 2981">
    <p class='ocr_par' dir='ltr' id='par_1_31' title="bbox 497 2899 2005 2981">
     <span class='ocr_line' id='line_1_31' title="bbox 497 2899 2005 2981; baseline -0.009 -19"><span class='ocrx_word' id='word_1_213' title='bbox 497 2909 672 2981; x_wconf 89' lang='lat' dir='ltr'><strong>(Vers.</strong></span> <span class='ocrx_word' id='word_1_214' title='bbox 696 2905 810 2976; x_wconf 86' lang='grc'>20.)</span> <span class='ocrx_word' id='word_1_215' title='bbox 842 2921 861 2957; x_wconf 71' lang='grc' dir='ltr'><strong>ι</strong></span> <span class='ocrx_word' id='word_1_216' title='bbox 892 2900 1327 2957; x_wconf 86' lang='lat' dir='ltr'><strong>Tabernaculum</strong></span> <span class='ocrx_word' id='word_1_217' title='bbox 1347 2913 1525 2953; x_wconf 85' lang='lat' dir='ltr'><strong>meum</strong></span> <span class='ocrx_word' id='word_1_218' title='bbox 1545 2904 1814 2951; x_wconf 88' lang='lat' dir='ltr'><strong>vastatum</strong></span> <span class='ocrx_word' id='word_1_219' title='bbox 1860 2905 1940 2949; x_wconf 89' lang='lat' dir='ltr'><strong>est</strong></span> <span class='ocrx_word' id='word_1_220' title='bbox 1963 2899 2005 2960; x_wconf 77' lang='grc'><strong>⁸,</strong></span> 
     </span>
    </p>
   </div>
   <div class='ocr_carea' id='block_1_32' title="bbox 426 2987 2010 3062">
    <p class='ocr_par' dir='ltr' id='par_1_32' title="bbox 426 2987 2010 3062">
     <span class='ocr_line' id='line_1_32' title="bbox 426 2987 2010 3062; baseline -0.009 -4"><span class='ocrx_word' id='word_1_221' title='bbox 426 3016 619 3058; x_wconf 88' lang='lat' dir='ltr'><strong>omnes</strong></span> <span class='ocrx_word' id='word_1_222' title='bbox 653 2995 874 3053; x_wconf 81' lang='lat' dir='ltr'><strong>funiculi</strong></span> <span class='ocrx_word' id='word_1_223' title='bbox 910 2993 1017 3048; x_wconf 92' lang='lat' dir='ltr'><strong>mei</strong></span> <span class='ocrx_word' id='word_1_224' title='bbox 1053 2992 1282 3062; x_wconf 90' lang='lat' dir='ltr'><strong>disrupti</strong></span> <span class='ocrx_word' id='word_1_225' title='bbox 1317 2999 1446 3046; x_wconf 90' lang='lat' dir='ltr'><strong>sunt</strong></span> <span class='ocrx_word' id='word_1_226' title='bbox 1474 2990 1603 3061; x_wconf 88' lang='lat' dir='ltr'><strong>(sive</strong></span> <span class='ocrx_word' id='word_1_227' title='bbox 1629 3003 1818 3044; x_wconf 89' lang='lat' dir='ltr'><strong>omnes</strong></span> <span class='ocrx_word' id='word_1_228' title='bbox 1841 2987 2010 3057; x_wconf 79' lang='lat' dir='ltr'><strong>pelles</strong></span> 
     </span>
    </p>
   </div>
   <div class='ocr_carea' id='block_1_33' title="bbox 431 3081 2080 3192">
    <p class='ocr_par' dir='ltr' id='par_1_33' title="bbox 431 3081 2080 3192">
     <span class='ocr_line' id='line_1_33' title="bbox 431 3081 2080 3192; baseline -0.01 -42"><span class='ocrx_word' id='word_1_229' title='bbox 431 3110 567 3151; x_wconf 84' lang='lat' dir='ltr'><strong>meae</strong></span> <span class='ocrx_word' id='word_1_230' title='bbox 601 3090 894 3148; x_wconf 70' lang='lat' dir='ltr'><strong>conscissa:</strong></span> <span class='ocrx_word' id='word_1_231' title='bbox 935 3085 1106 3157; x_wconf 90' lang='lat' dir='ltr'><strong>sunt),</strong></span> <span class='ocrx_word' id='word_1_232' title='bbox 1143 3085 1238 3138; x_wconf 90' lang='lat' dir='ltr'><strong>lilii</strong></span> <span class='ocrx_word' id='word_1_233' title='bbox 1283 3086 1385 3138; x_wconf 88' lang='lat' dir='ltr'><strong>mei</strong></span> <span class='ocrx_word' id='word_1_234' title='bbox 1432 3084 1681 3138; x_wconf 76' lang='lat' dir='ltr'><strong>exierunt</strong></span> <span class='ocrx_word' id='word_1_235' title='bbox 1711 3098 1740 3134; x_wconf 93' lang='lat' dir='ltr'><strong>a</strong></span> <span class='ocrx_word' id='word_1_236' title='bbox 1772 3095 1856 3135; x_wconf 88' lang='lat' dir='ltr'><strong>me</strong></span> <span class='ocrx_word' id='word_1_237' title='bbox 1883 3081 2008 3151; x_wconf 85' lang='lat' dir='ltr'><strong>(sive</strong></span> <span class='ocrx_word' id='word_1_238' title='bbox 2031 3125 2080 3192; x_wconf 67' lang='grc' dir='ltr'><strong>Ο</strong></span> 
     </span>
     <span class='ocr_line' id='line_1_34' title="bbox 722 3172 2004 3192; baseline -0.009 9"><span class='ocrx_word' id='word_1_239' title='bbox 722 3184 732 3192; x_wconf 68' lang='grc' dir='ltr'>ι</span> <span class='ocrx_word' id='word_1_240' title='bbox 834 3191 839 3192; x_wconf 36' lang='grc' dir='ltr'><em>κ</em></span> <span class='ocrx_word' id='word_1_241' title='bbox 1636 3172 1873 3192; x_wconf 28' lang='lat'><strong>_.,,.__</strong></span> <span class='ocrx_word' id='word_1_242' title='bbox 1933 3181 2004 3192; x_wconf 66' lang='lat'><strong>_-.</strong></span> 
     </span>
    </p>
   </div>
   <div class='ocr_carea' id='block_1_34' title="bbox 432 3172 2011 3255">
    <p class='ocr_par' dir='ltr' id='par_1_34' title="bbox 432 3172 2011 3255">
     <span class='ocr_line' id='line_1_35' title="bbox 432 3172 2011 3255; baseline -0.01 -13"><span class='ocrx_word' id='word_1_243' title='bbox 432 3203 562 3243; x_wconf 88' lang='lat' dir='ltr'><strong>oves</strong></span> <span class='ocrx_word' id='word_1_244' title='bbox 589 3184 764 3255; x_wconf 77' lang='lat' dir='ltr'><strong>meae),</strong></span> <span class='ocrx_word' id='word_1_245' title='bbox 793 3191 850 3237; x_wconf 89' lang='lat' dir='ltr'><strong>et</strong></span> <span class='ocrx_word' id='word_1_246' title='bbox 881 3195 988 3236; x_wconf 89' lang='lat' dir='ltr'><strong>non</strong></span> <span class='ocrx_word' id='word_1_247' title='bbox 1019 3187 1144 3235; x_wconf 89' lang='lat' dir='ltr'><strong>sunt</strong></span> <span class='ocrx_word' id='word_1_248' title='bbox 1178 3175 1290 3249; x_wconf 77' lang='grc' dir='ltr'><strong>[ΑΙ.</strong></span> <span class='ocrx_word' id='word_1_249' title='bbox 1344 3172 1678 3244; x_wconf 88' lang='lat' dir='ltr'><strong>subsistunt]</strong></span> <span class='ocrx_word' id='word_1_250' title='bbox 1717 3191 1730 3227; x_wconf 88' lang='lat'><strong>:</strong></span> <span class='ocrx_word' id='word_1_251' title='bbox 1772 3188 1878 3226; x_wconf 91' lang='lat' dir='ltr'><strong>non</strong></span> <span class='ocrx_word' id='word_1_252' title='bbox 1927 3181 2011 3226; x_wconf 88' lang='lat' dir='ltr'><strong>est</strong></span> 
     </span>
    </p>
   </div>
   <div class='ocr_carea' id='block_1_35' title="bbox 430 3265 2015 3347">
    <p class='ocr_par' dir='ltr' id='par_1_35' title="bbox 430 3265 2015 3347">
     <span class='ocr_line' id='line_1_36' title="bbox 430 3265 2015 3347; baseline -0.01 -15"><span class='ocrx_word' id='word_1_253' title='bbox 430 3278 524 3347; x_wconf 88' lang='lat' dir='ltr'><strong>qui</strong></span> <span class='ocrx_word' id='word_1_254' title='bbox 564 3273 819 3330; x_wconf 76' lang='lat' dir='ltr'><strong>extendat</strong></span> <span class='ocrx_word' id='word_1_255' title='bbox 846 3271 988 3326; x_wconf 88' lang='lat' dir='ltr'><strong>ultra</strong></span> <span class='ocrx_word' id='word_1_256' title='bbox 1037 3267 1334 3324; x_wconf 88' lang='lat' dir='ltr'><strong>tentorium</strong></span> <span class='ocrx_word' id='word_1_257' title='bbox 1387 3280 1566 3320; x_wconf 87' lang='lat' dir='ltr'><strong>meum</strong></span> <span class='ocrx_word' id='word_1_258' title='bbox 1617 3265 1746 3334; x_wconf 83' lang='lat' dir='ltr'><strong>(sive</strong></span> <span class='ocrx_word' id='word_1_259' title='bbox 1775 3279 1876 3318; x_wconf 91' lang='lat' dir='ltr'><strong>non</strong></span> <span class='ocrx_word' id='word_1_260' title='bbox 1929 3272 2015 3318; x_wconf 88' lang='lat' dir='ltr'><strong>est</strong></span> 
     </span>
    </p>
   </div>
   <div class='ocr_carea' id='block_1_36' title="bbox 427 3355 2013 3428">
    <p class='ocr_par' dir='ltr' id='par_1_36' title="bbox 427 3355 2013 3428">
     <span class='ocr_line' id='line_1_37' title="bbox 427 3355 2013 3428; baseline -0.009 -3"><span class='ocrx_word' id='word_1_261' title='bbox 427 3370 585 3425; x_wconf 86' lang='lat' dir='ltr'><strong>locus</strong></span> <span class='ocrx_word' id='word_1_262' title='bbox 611 3369 747 3422; x_wconf 93' lang='lat' dir='ltr'><strong>ultra</strong></span> <span class='ocrx_word' id='word_1_263' title='bbox 780 3362 1128 3420; x_wconf 89' lang='lat' dir='ltr'><strong>tabernaculo</strong></span> <span class='ocrx_word' id='word_1_264' title='bbox 1182 3362 1325 3428; x_wconf 87' lang='lat' dir='ltr'><strong>meo)</strong></span> <span class='ocrx_word' id='word_1_265' title='bbox 1357 3370 1410 3413; x_wconf 90' lang='lat' dir='ltr'><strong>et</strong></span> <span class='ocrx_word' id='word_1_266' title='bbox 1463 3359 1555 3426; x_wconf 90' lang='lat' dir='ltr'><strong>qui</strong></span> <span class='ocrx_word' id='word_1_267' title='bbox 1607 3360 1782 3424; x_wconf 81' lang='lat' dir='ltr'><strong>erigat</strong></span> <span class='ocrx_word' id='word_1_268' title='bbox 1843 3355 2013 3424; x_wconf 86' lang='lat' dir='ltr'><strong>pelles</strong></span> 
     </span>
    </p>
   </div>
   <div class='ocr_carea' id='block_1_37' title="bbox 432 3445 2015 3516">
    <p class='ocr_par' dir='ltr' id='par_1_37' title="bbox 432 3445 2015 3516">
     <span class='ocr_line' id='line_1_38' title="bbox 432 3445 2015 3516; baseline -0.01 0"><span class='ocrx_word' id='word_1_269' title='bbox 432 3476 605 3516; x_wconf 88' lang='lat' dir='ltr'><strong>meas.</strong></span> <span class='ocrx_word' id='word_1_270' title='bbox 642 3477 662 3512; x_wconf 72' lang='grc' dir='ltr'><strong>ι</strong></span> <span class='ocrx_word' id='word_1_271' title='bbox 692 3455 1114 3513; x_wconf 88' lang='lat' dir='ltr'><strong>Subversionem</strong></span> <span class='ocrx_word' id='word_1_272' title='bbox 1137 3453 1286 3506; x_wconf 90' lang='lat' dir='ltr'><strong>urbis</strong></span> <span class='ocrx_word' id='word_1_273' title='bbox 1309 3465 1418 3506; x_wconf 74' lang='lat' dir='ltr'><strong>sua:</strong></span> <span class='ocrx_word' id='word_1_274' title='bbox 1443 3459 1550 3503; x_wconf 87' lang='lat' dir='ltr'><strong>tam</strong></span> <span class='ocrx_word' id='word_1_275' title='bbox 1569 3447 1780 3502; x_wconf 85' lang='lat' dir='ltr'><strong>facilem</strong></span> <span class='ocrx_word' id='word_1_276' title='bbox 1805 3445 2015 3515; x_wconf 81' lang='lat' dir='ltr'><strong>plangit</strong></span> 
     </span>
    </p>
   </div>
   <div class='ocr_carea' id='block_1_38' title="bbox 429 3537 2015 3629">
    <p class='ocr_par' dir='ltr' id='par_1_38' title="bbox 429 3537 2015 3629">
     <span class='ocr_line' id='line_1_39' title="bbox 429 3537 2015 3629; baseline -0.012 -18"><span class='ocrx_word' id='word_1_277' title='bbox 429 3553 732 3611; x_wconf 86' lang='lat' dir='ltr'><strong>Jerusalem</strong></span> <span class='ocrx_word' id='word_1_278' title='bbox 766 3551 810 3616; x_wconf 85' lang='grc'><strong>³,</strong></span> <span class='ocrx_word' id='word_1_279' title='bbox 847 3558 905 3604; x_wconf 90' lang='lat' dir='ltr'><strong>ut</strong></span> <span class='ocrx_word' id='word_1_280' title='bbox 931 3561 1271 3629; x_wconf 70' lang='lat' dir='ltr'><strong>nequaquam</strong></span> <span class='ocrx_word' id='word_1_281' title='bbox 1304 3558 1487 3598; x_wconf 86' lang='lat' dir='ltr'><strong>muros</strong></span> <span class='ocrx_word' id='word_1_282' title='bbox 1513 3551 1568 3596; x_wconf 91' lang='lat' dir='ltr'><strong>et</strong></span> <span class='ocrx_word' id='word_1_283' title='bbox 1593 3539 1789 3595; x_wconf 72' lang='lat' dir='ltr'><strong>mmnia</strong></span> <span class='ocrx_word' id='word_1_284' title='bbox 1832 3537 2015 3592; x_wconf 85' lang='lat' dir='ltr'><strong>fundi-</strong></span> 
     </span>
    </p>
   </div>
   <div class='ocr_carea' id='block_1_39' title="bbox 432 3631 2013 3710">
    <p class='ocr_par' dir='ltr' id='par_1_39' title="bbox 432 3631 2013 3710">
     <span class='ocr_line' id='line_1_40' title="bbox 432 3631 2013 3710; baseline -0.011 -9"><span class='ocrx_word' id='word_1_285' title='bbox 432 3655 521 3702; x_wconf 91' lang='lat' dir='ltr'><strong>tus</strong></span> <span class='ocrx_word' id='word_1_286' title='bbox 548 3653 722 3710; x_wconf 90' lang='lat' dir='ltr'><strong>eruta,</strong></span> <span class='ocrx_word' id='word_1_287' title='bbox 741 3643 834 3698; x_wconf 90' lang='lat' dir='ltr'><strong>sed</strong></span> <span class='ocrx_word' id='word_1_288' title='bbox 861 3637 1222 3700; x_wconf 87' lang='lat' dir='ltr'><strong>tabernaculi.</strong></span> <span class='ocrx_word' id='word_1_289' title='bbox 1251 3644 1415 3699; x_wconf 90' lang='lat' dir='ltr'><strong>atque</strong></span> <span class='ocrx_word' id='word_1_290' title='bbox 1439 3633 1658 3688; x_wconf 88' lang='lat' dir='ltr'><strong>teutorii</strong></span> <span class='ocrx_word' id='word_1_291' title='bbox 1681 3631 2013 3686; x_wconf 89' lang='lat' dir='ltr'><strong>ablationem</strong></span> 
     </span>
    </p>
   </div>
   <div class='ocr_carea' id='block_1_40' title="bbox 431 3723 2013 3810">
    <p class='ocr_par' dir='ltr' id='par_1_40' title="bbox 431 3723 2013 3810">
     <span class='ocr_line' id='line_1_41' title="bbox 431 3723 2013 3810; baseline -0.012 -15"><span class='ocrx_word' id='word_1_292' title='bbox 431 3749 614 3810; x_wconf 88' lang='lat' dir='ltr'><strong>putes.</strong></span> <span class='ocrx_word' id='word_1_293' title='bbox 663 3732 1125 3796; x_wconf 84' lang='lat' dir='ltr'><strong>Tabernaculum,</strong></span> <span class='ocrx_word' id='word_1_294' title='bbox 1189 3730 1383 3798; x_wconf 89' lang='lat' dir='ltr'><strong>inquit,</strong></span> <span class='ocrx_word' id='word_1_295' title='bbox 1428 3727 1530 3781; x_wconf 92' lang='lat' dir='ltr'><strong>hoc</strong></span> <span class='ocrx_word' id='word_1_296' title='bbox 1575 3735 1680 3788; x_wconf 89' lang='lat' dir='ltr'><strong>est,</strong></span> <span class='ocrx_word' id='word_1_297' title='bbox 1744 3723 2013 3778; x_wconf 87' lang='lat' dir='ltr'><strong>habitatio</strong></span> 
     </span>
    </p>
   </div>
   <div class='ocr_carea' id='block_1_41' title="bbox 435 3811 2014 3897">
    <p class='ocr_par' dir='ltr' id='par_1_41' title="bbox 435 3811 2014 3897">
     <span class='ocr_line' id='line_1_42' title="bbox 435 3811 2014 3897; baseline -0.014 -11"><span class='ocrx_word' id='word_1_298' title='bbox 435 3845 582 3894; x_wconf 87' lang='lat' dir='ltr'><strong>mea,</strong></span> <span class='ocrx_word' id='word_1_299' title='bbox 623 3835 844 3897; x_wconf 90' lang='lat' dir='ltr'><strong>repente</strong></span> <span class='ocrx_word' id='word_1_300' title='bbox 889 3822 1102 3878; x_wconf 88' lang='lat' dir='ltr'><strong>sublata</strong></span> <span class='ocrx_word' id='word_1_301' title='bbox 1153 3827 1262 3874; x_wconf 88' lang='lat' dir='ltr'><strong>est.</strong></span> <span class='ocrx_word' id='word_1_302' title='bbox 1295 3817 1486 3872; x_wconf 84' lang='lat' dir='ltr'><strong>Omnes</strong></span> <span class='ocrx_word' id='word_1_303' title='bbox 1529 3815 1750 3886; x_wconf 73' lang='lat' dir='ltr'><strong>funiculi</strong></span> <span class='ocrx_word' id='word_1_304' title='bbox 1776 3813 1877 3865; x_wconf 83' lang='lat' dir='ltr'><strong>mei</strong></span> <span class='ocrx_word' id='word_1_305' title='bbox 1902 3811 2014 3865; x_wconf 83' lang='lat' dir='ltr'><strong>dis-</strong></span> 
     </span>
    </p>
   </div>
   <div class='ocr_carea' id='block_1_42' title="bbox 435 3905 2015 3992">
    <p class='ocr_par' dir='ltr' id='par_1_42' title="bbox 435 3905 2015 3992">
     <span class='ocr_line' id='line_1_43' title="bbox 435 3905 2015 3992; baseline -0.01 -16"><span class='ocrx_word' id='word_1_306' title='bbox 435 3922 580 3992; x_wconf 76' lang='lat' dir='ltr'><strong>rupti</strong></span> <span class='ocrx_word' id='word_1_307' title='bbox 641 3925 784 3974; x_wconf 83' lang='lat' dir='ltr'><strong>sunt.</strong></span> <span class='ocrx_word' id='word_1_308' title='bbox 824 3916 1021 3971; x_wconf 78' lang='lat' dir='ltr'><strong>Servat</strong></span> <span class='ocrx_word' id='word_1_309' title='bbox 1071 3910 1404 3966; x_wconf 88' lang='lat' dir='ltr'><strong>tabernaculi</strong></span> <span class='ocrx_word' id='word_1_310' title='bbox 1453 3909 1857 3977; x_wconf 87' lang='lat' dir='ltr'><strong>metaphoram,</strong></span> <span class='ocrx_word' id='word_1_311' title='bbox 1901 3905 2015 3960; x_wconf 88' lang='lat' dir='ltr'><strong>sive</strong></span> 
     </span>
    </p>
   </div>
   <div class='ocr_carea' id='block_1_43' title="bbox 433 3999 2013 4081">
    <p class='ocr_par' dir='ltr' id='par_1_43' title="bbox 433 3999 2013 4081">
     <span class='ocr_line' id='line_1_44' title="bbox 433 3999 2013 4081; baseline -0.013 -11"><span class='ocrx_word' id='word_1_312' title='bbox 433 4030 612 4072; x_wconf 85' lang='lat' dir='ltr'><strong>omnes</strong></span> <span class='ocrx_word' id='word_1_313' title='bbox 636 4011 792 4081; x_wconf 85' lang='lat' dir='ltr'><strong>pelles</strong></span> <span class='ocrx_word' id='word_1_314' title='bbox 824 4024 950 4064; x_wconf 71' lang='lat' dir='ltr'><strong>mete</strong></span> <span class='ocrx_word' id='word_1_315' title='bbox 976 4007 1249 4060; x_wconf 77' lang='lat' dir='ltr'><strong>conscissa:</strong></span> <span class='ocrx_word' id='word_1_316' title='bbox 1286 3999 1573 4058; x_wconf 78' lang='lat' dir='ltr'><strong>sunt.Fiiii</strong></span> <span class='ocrx_word' id='word_1_317' title='bbox 1597 4001 1695 4054; x_wconf 85' lang='lat' dir='ltr'><strong>mei</strong></span> <span class='ocrx_word' id='word_1_318' title='bbox 1720 4001 1959 4053; x_wconf 75' lang='lat' dir='ltr'><strong>exierqu</strong></span> <span class='ocrx_word' id='word_1_319' title='bbox 1982 4013 2013 4051; x_wconf 89' lang='lat' dir='ltr'><strong>a</strong></span> 
     </span>
    </p>
   </div>
   <div class='ocr_carea' id='block_1_44' title="bbox 434 4093 2016 4174">
    <p class='ocr_par' dir='ltr' id='par_1_44' title="bbox 434 4093 2016 4174">
     <span class='ocr_line' id='line_1_45' title="bbox 434 4093 2016 4174; baseline -0.011 -14"><span class='ocrx_word' id='word_1_320' title='bbox 434 4123 537 4170; x_wconf 81' lang='lat' dir='ltr'><strong>nte,</strong></span> <span class='ocrx_word' id='word_1_321' title='bbox 569 4107 681 4160; x_wconf 86' lang='lat' dir='ltr'><strong>sive</strong></span> <span class='ocrx_word' id='word_1_322' title='bbox 713 4118 899 4174; x_wconf 82' lang='lat' dir='ltr'><strong>pecora</strong></span> <span class='ocrx_word' id='word_1_323' title='bbox 919 4116 1056 4164; x_wconf 90' lang='lat' dir='ltr'><strong>mea,</strong></span> <span class='ocrx_word' id='word_1_324' title='bbox 1086 4096 1229 4167; x_wconf 89' lang='lat' dir='ltr'><strong>quod</strong></span> <span class='ocrx_word' id='word_1_325' title='bbox 1257 4113 1286 4150; x_wconf 91' lang='lat' dir='ltr'><strong>a</strong></span> <span class='ocrx_word' id='word_1_326' title='bbox 1313 4093 1453 4150; x_wconf 73' lang='lat' dir='ltr'><strong>LXX</strong></span> <span class='ocrx_word' id='word_1_327' title='bbox 1477 4093 1742 4156; x_wconf 87' lang='lat' dir='ltr'><strong>additum,</strong></span> <span class='ocrx_word' id='word_1_328' title='bbox 1771 4105 1878 4145; x_wconf 90' lang='lat' dir='ltr'><strong>non</strong></span> <span class='ocrx_word' id='word_1_329' title='bbox 1907 4098 2016 4145; x_wconf 87' lang='lat' dir='ltr'><strong>stat</strong></span> 
     </span>
    </p>
   </div>
   <div class='ocr_carea' id='block_1_45' title="bbox 433 4185 2010 4274">
    <p class='ocr_par' dir='ltr' id='par_1_45' title="bbox 433 4185 2010 4274">
     <span class='ocr_line' id='line_1_46' title="bbox 433 4185 2010 4274; baseline -0.01 -20"><span class='ocrx_word' id='word_1_330' title='bbox 433 4203 582 4274; x_wconf 77' lang='lat' dir='ltr'><strong>juxta</strong></span> <span class='ocrx_word' id='word_1_331' title='bbox 606 4198 915 4255; x_wconf 90' lang='lat' dir='ltr'><strong>historiam.</strong></span> <span class='ocrx_word' id='word_1_332' title='bbox 950 4195 1006 4249; x_wconf 91' lang='lat' dir='ltr'><strong>lu</strong></span> <span class='ocrx_word' id='word_1_333' title='bbox 1042 4193 1198 4262; x_wconf 84' lang='lat' dir='ltr'><strong>longa</strong></span> <span class='ocrx_word' id='word_1_334' title='bbox 1227 4191 1374 4246; x_wconf 88' lang='lat' dir='ltr'><strong>enim</strong></span> <span class='ocrx_word' id='word_1_335' title='bbox 1407 4188 1690 4242; x_wconf 81' lang='lat' dir='ltr'><strong>obsidione</strong></span> <span class='ocrx_word' id='word_1_336' title='bbox 1739 4185 2010 4254; x_wconf 90' lang='lat' dir='ltr'><strong>quomodo</strong></span> 
     </span>
    </p>
   </div>
   <div class='ocr_carea' id='block_1_46' title="bbox 435 4278 2016 4362">
    <p class='ocr_par' dir='ltr' id='par_1_46' title="bbox 435 4278 2016 4362">
     <span class='ocr_line' id='line_1_47' title="bbox 435 4278 2016 4362; baseline -0.01 -14"><span class='ocrx_word' id='word_1_337' title='bbox 435 4309 568 4350; x_wconf 89' lang='lat' dir='ltr'><strong>oves</strong></span> <span class='ocrx_word' id='word_1_338' title='bbox 596 4303 650 4347; x_wconf 89' lang='lat' dir='ltr'><strong>et</strong></span> <span class='ocrx_word' id='word_1_339' title='bbox 691 4306 890 4362; x_wconf 86' lang='lat' dir='ltr'><strong>pecora</strong></span> <span class='ocrx_word' id='word_1_340' title='bbox 915 4285 1122 4342; x_wconf 88' lang='lat' dir='ltr'><strong>auferri</strong></span> <span class='ocrx_word' id='word_1_341' title='bbox 1147 4293 1400 4355; x_wconf 87' lang='lat' dir='ltr'><strong>poterant</strong></span> <span class='ocrx_word' id='word_1_342' title='bbox 1420 4283 1488 4336; x_wconf 92' lang='lat' dir='ltr'><strong>de</strong></span> <span class='ocrx_word' id='word_1_343' title='bbox 1518 4278 1844 4344; x_wconf 79' lang='lat' dir='ltr'><strong>Jerusalem,</strong></span> <span class='ocrx_word' id='word_1_344' title='bbox 1893 4292 2016 4348; x_wconf 73' lang='lat' dir='ltr'><strong>quae</strong></span> 
     </span>
    </p>
   </div>
   <div class='ocr_carea' id='block_1_47' title="bbox 435 4358 2010 4444">
    <p class='ocr_par' dir='ltr' id='par_1_47' title="bbox 435 4358 2010 4444">
     <span class='ocr_line' id='line_1_48' title="bbox 435 4358 2010 4444; baseline -0.011 -5"><span class='ocrx_word' id='word_1_345' title='bbox 435 4386 601 4439; x_wconf 88' lang='lat' dir='ltr'><strong>etiam</strong></span> <span class='ocrx_word' id='word_1_346' title='bbox 641 4383 685 4437; x_wconf 87' lang='lat' dir='ltr'><strong>si</strong></span> <span class='ocrx_word' id='word_1_347' title='bbox 730 4382 982 4444; x_wconf 89' lang='lat' dir='ltr'><strong>fuissent,</strong></span> <span class='ocrx_word' id='word_1_348' title='bbox 1035 4378 1208 4431; x_wconf 88' lang='lat' dir='ltr'><strong>fames</strong></span> <span class='ocrx_word' id='word_1_349' title='bbox 1272 4371 1739 4442; x_wconf 79' lang='lat' dir='ltr'><strong>consumpserat?</strong></span> <span class='ocrx_word' id='word_1_350' title='bbox 1770 4369 1836 4424; x_wconf 84' lang='lat' dir='ltr'><strong>Et</strong></span> <span class='ocrx_word' id='word_1_351' title='bbox 1885 4358 2010 4435; x_wconf 75' lang='lat' dir='ltr'><strong>non,</strong></span> 
     </span>
    </p>
   </div>
   <div class='ocr_carea' id='block_1_48' title="bbox 2100 487 3663 567">
    <p class='ocr_par' dir='ltr' id='par_1_48' title="bbox 2100 487 3663 567">
     <span class='ocr_line' id='line_1_49' title="bbox 2100 487 3663 567; baseline -0.006 -15"><span class='ocrx_word' id='word_1_352' title='bbox 2100 499 2354 567; x_wconf 82' lang='lat' dir='ltr'><strong>culpa,et</strong></span> <span class='ocrx_word' id='word_1_353' title='bbox 2405 493 2674 564; x_wconf 86' lang='lat' dir='ltr'><strong>dispersio</strong></span> <span class='ocrx_word' id='word_1_354' title='bbox 2727 490 2906 560; x_wconf 88' lang='lat' dir='ltr'><strong>populi</strong></span> <span class='ocrx_word' id='word_1_355' title='bbox 2963 487 3483 567; x_wconf 39' lang='lat' dir='ltr'><strong>describitur..Quia</strong></span> <span class='ocrx_word' id='word_1_356' title='bbox 3536 491 3663 544; x_wconf 87' lang='lat' dir='ltr'><strong>enim</strong></span> 
     </span>
    </p>
   </div>
   <div class='ocr_carea' id='block_1_49' title="bbox 2103 578 3664 660">
    <p class='ocr_par' dir='ltr' id='par_1_49' title="bbox 2103 578 3664 660">
     <span class='ocr_line' id='line_1_50' title="bbox 2103 578 3664 660; baseline -0.004 -19"><span class='ocrx_word' id='word_1_357' title='bbox 2103 590 2373 660; x_wconf 71' lang='lat' dir='ltr'><strong>principes</strong></span> <span class='ocrx_word' id='word_1_358' title='bbox 2411 587 2576 641; x_wconf 90' lang='lat' dir='ltr'><strong>stulte</strong></span> <span class='ocrx_word' id='word_1_359' title='bbox 2605 592 2855 654; x_wconf 78' lang='lat' dir='ltr'><strong>egerunt,</strong></span> <span class='ocrx_word' id='word_1_360' title='bbox 2878 597 2976 636; x_wconf 87' lang='lat' dir='ltr'><strong>nec</strong></span> <span class='ocrx_word' id='word_1_361' title='bbox 3003 581 3337 650; x_wconf 70' lang='lat' dir='ltr'><strong>qumsierunt</strong></span> <span class='ocrx_word' id='word_1_362' title='bbox 3374 578 3664 647; x_wconf 87' lang='lat' dir='ltr'><strong>Dominum,</strong></span> 
     </span>
    </p>
   </div>
   <div class='ocr_carea' id='block_1_50' title="bbox 2101 671 3668 750">
    <p class='ocr_par' dir='ltr' id='par_1_50' title="bbox 2101 671 3668 750">
     <span class='ocr_line' id='line_1_51' title="bbox 2101 671 3668 750; baseline -0.003 -19"><span class='ocrx_word' id='word_1_363' title='bbox 2101 695 2260 750; x_wconf 90' lang='lat' dir='ltr'><strong>quem</strong></span> <span class='ocrx_word' id='word_1_364' title='bbox 2301 688 2413 733; x_wconf 92' lang='lat' dir='ltr'><strong>toto</strong></span> <span class='ocrx_word' id='word_1_365' title='bbox 2443 677 2742 731; x_wconf 83' lang='lat' dir='ltr'><strong>debuerant</strong></span> <span class='ocrx_word' id='word_1_366' title='bbox 2791 674 2954 728; x_wconf 90' lang='lat' dir='ltr'><strong>corde</strong></span> <span class='ocrx_word' id='word_1_367' title='bbox 2990 673 3310 742; x_wconf 87' lang='lat' dir='ltr'><strong>perquirere</strong></span> <span class='ocrx_word' id='word_1_368' title='bbox 3339 688 3354 724; x_wconf 88' lang='lat'><strong>:</strong></span> <span class='ocrx_word' id='word_1_369' title='bbox 3380 671 3578 727; x_wconf 88' lang='lat' dir='ltr'><strong>idcirco</strong></span> <span class='ocrx_word' id='word_1_370' title='bbox 3619 681 3668 727; x_wconf 81' lang='lat' dir='ltr'><strong>et</strong></span> 
     </span>
    </p>
   </div>
   <div class='ocr_carea' id='block_1_51' title="bbox 2102 764 3671 829">
    <p class='ocr_par' dir='ltr' id='par_1_51' title="bbox 2102 764 3671 829">
     <span class='ocr_line' id='line_1_52' title="bbox 2102 764 3671 829; baseline -0.004 -5"><span class='ocrx_word' id='word_1_371' title='bbox 2102 773 2239 825; x_wconf 87' lang='lat' dir='ltr'><strong>mala</strong></span> <span class='ocrx_word' id='word_1_372' title='bbox 2269 768 2536 825; x_wconf 80' lang='lat' dir='ltr'><strong>venientia</strong></span> <span class='ocrx_word' id='word_1_373' title='bbox 2567 781 2673 820; x_wconf 91' lang='lat' dir='ltr'><strong>non</strong></span> <span class='ocrx_word' id='word_1_374' title='bbox 2712 764 2985 829; x_wconf 87' lang='lat' dir='ltr'><strong>viderunt,</strong></span> <span class='ocrx_word' id='word_1_375' title='bbox 3013 764 3127 817; x_wconf 83' lang='lat' dir='ltr'><strong>sive</strong></span> <span class='ocrx_word' id='word_1_376' title='bbox 3161 778 3267 818; x_wconf 91' lang='lat' dir='ltr'><strong>non</strong></span> <span class='ocrx_word' id='word_1_377' title='bbox 3299 764 3671 817; x_wconf 78' lang='lat' dir='ltr'><strong>intellexerunt</strong></span> 
     </span>
    </p>
   </div>
   <div class='ocr_carea' id='block_1_52' title="bbox 2102 855 3671 926">
    <p class='ocr_par' dir='ltr' id='par_1_52' title="bbox 2102 855 3671 926">
     <span class='ocr_line' id='line_1_53' title="bbox 2102 855 3671 926; baseline -0.003 -10"><span class='ocrx_word' id='word_1_378' title='bbox 2102 864 2416 926; x_wconf 91' lang='lat' dir='ltr'><strong>Dominum,</strong></span> <span class='ocrx_word' id='word_1_379' title='bbox 2448 871 2501 914; x_wconf 89' lang='lat' dir='ltr'><strong>et</strong></span> <span class='ocrx_word' id='word_1_380' title='bbox 2527 860 2708 914; x_wconf 91' lang='lat' dir='ltr'><strong>omnis</strong></span> <span class='ocrx_word' id='word_1_381' title='bbox 2735 858 3023 912; x_wconf 89' lang='lat' dir='ltr'><strong>multitudo</strong></span> <span class='ocrx_word' id='word_1_382' title='bbox 3048 855 3348 910; x_wconf 86' lang='lat' dir='ltr'><strong>Jerusalem</strong></span> <span class='ocrx_word' id='word_1_383' title='bbox 3384 856 3493 911; x_wconf 87' lang='lat' dir='ltr'><strong>huc</strong></span> <span class='ocrx_word' id='word_1_384' title='bbox 3534 856 3671 911; x_wconf 83' lang='lat' dir='ltr'><strong>illuc-</strong></span> 
     </span>
    </p>
   </div>
   <div class='ocr_carea' id='block_1_53' title="bbox 2099 957 2624 1024">
    <p class='ocr_par' dir='ltr' id='par_1_53' title="bbox 2099 957 2624 1024">
     <span class='ocr_line' id='line_1_54' title="bbox 2099 957 2624 1024; baseline 0.002 -18"><span class='ocrx_word' id='word_1_385' title='bbox 2099 971 2204 1024; x_wconf 89' lang='lat' dir='ltr'><strong>que</strong></span> <span class='ocrx_word' id='word_1_386' title='bbox 2235 957 2482 1023; x_wconf 87' lang='lat' dir='ltr'><strong>dispersa</strong></span> <span class='ocrx_word' id='word_1_387' title='bbox 2518 963 2624 1007; x_wconf 87' lang='lat' dir='ltr'><strong>est.</strong></span> 
     </span>
    </p>
   </div>
   <div class='ocr_carea' id='block_1_54' title="bbox 2172 1041 3669 1120">
    <p class='ocr_par' dir='ltr' id='par_1_54' title="bbox 2172 1041 3669 1120">
     <span class='ocr_line' id='line_1_55' title="bbox 2172 1041 3669 1120; baseline -0.005 -20"><span class='ocrx_word' id='word_1_388' title='bbox 2172 1047 2354 1120; x_wconf 83' lang='lat' dir='ltr'><strong>(Vers.</strong></span> <span class='ocrx_word' id='word_1_389' title='bbox 2392 1046 2509 1115; x_wconf 93' lang='grc'>22.)</span> <span class='ocrx_word' id='word_1_390' title='bbox 2549 1065 2566 1097; x_wconf 76' lang='grc' dir='ltr'><strong>ι</strong></span> <span class='ocrx_word' id='word_1_391' title='bbox 2597 1044 2709 1100; x_wconf 79' lang='lat' dir='ltr'><strong>Vox</strong></span> <span class='ocrx_word' id='word_1_392' title='bbox 2743 1043 3063 1106; x_wconf 84' lang='lat' dir='ltr'><strong>auditionis,</strong></span> <span class='ocrx_word' id='word_1_393' title='bbox 3084 1057 3209 1098; x_wconf 84' lang='lat' dir='ltr'><strong>ecce</strong></span> <span class='ocrx_word' id='word_1_394' title='bbox 3256 1041 3424 1105; x_wconf 88' lang='lat' dir='ltr'><strong>venit,</strong></span> <span class='ocrx_word' id='word_1_395' title='bbox 3454 1048 3512 1095; x_wconf 88' lang='lat' dir='ltr'><strong>et</strong></span> <span class='ocrx_word' id='word_1_396' title='bbox 3535 1055 3669 1094; x_wconf 83' lang='lat' dir='ltr'><strong>cont-</strong></span> 
     </span>
    </p>
   </div>
   <div class='ocr_carea' id='block_1_55' title="bbox 2101 1133 3676 1210">
    <p class='ocr_par' dir='ltr' id='par_1_55' title="bbox 2101 1133 3676 1210">
     <span class='ocr_line' id='line_1_56' title="bbox 2101 1133 3676 1210; baseline -0.006 -13"><span class='ocrx_word' id='word_1_397' title='bbox 2101 1144 2266 1199; x_wconf 87' lang='lat' dir='ltr'><strong>rnotio</strong></span> <span class='ocrx_word' id='word_1_398' title='bbox 2302 1155 2493 1210; x_wconf 83' lang='lat' dir='ltr'><strong>magna</strong></span> <span class='ocrx_word' id='word_1_399' title='bbox 2518 1141 2584 1194; x_wconf 91' lang='lat' dir='ltr'><strong>de</strong></span> <span class='ocrx_word' id='word_1_400' title='bbox 2615 1149 2757 1193; x_wconf 88' lang='lat' dir='ltr'><strong>terra</strong></span> <span class='ocrx_word' id='word_1_401' title='bbox 2803 1136 3088 1206; x_wconf 90' lang='lat' dir='ltr'><strong>Aquilonis</strong></span> <span class='ocrx_word' id='word_1_402' title='bbox 3122 1154 3136 1190; x_wconf 91' lang='lat'><strong>:</strong></span> <span class='ocrx_word' id='word_1_403' title='bbox 3170 1145 3226 1189; x_wconf 89' lang='lat' dir='ltr'><strong>ut</strong></span> <span class='ocrx_word' id='word_1_404' title='bbox 3251 1143 3418 1204; x_wconf 91' lang='lat' dir='ltr'><strong>ponat</strong></span> <span class='ocrx_word' id='word_1_405' title='bbox 3443 1133 3676 1188; x_wconf 81' lang='lat' dir='ltr'><strong>civitates</strong></span> 
     </span>
    </p>
   </div>
   <div class='ocr_carea' id='block_1_56' title="bbox 2098 1227 3675 1304">
    <p class='ocr_par' dir='ltr' id='par_1_56' title="bbox 2098 1227 3675 1304">
     <span class='ocr_line' id='line_1_57' title="bbox 2098 1227 3675 1304; baseline -0.008 -13"><span class='ocrx_word' id='word_1_406' title='bbox 2098 1236 2235 1292; x_wconf 85' lang='lat' dir='ltr'><strong>Jnda</strong></span> <span class='ocrx_word' id='word_1_407' title='bbox 2267 1234 2713 1304; x_wconf 59' lang='lat' dir='ltr'><strong>iujsolitndinem,</strong></span> <span class='ocrx_word' id='word_1_408' title='bbox 2744 1240 2796 1286; x_wconf 85' lang='lat' dir='ltr'><strong>et</strong></span> <span class='ocrx_word' id='word_1_409' title='bbox 2825 1228 3196 1284; x_wconf 89' lang='lat' dir='ltr'><strong>habitaculum</strong></span> <span class='ocrx_word' id='word_1_410' title='bbox 3217 1227 3519 1281; x_wconf 89' lang='lat' dir='ltr'><strong>draconum</strong></span> <span class='ocrx_word' id='word_1_411' title='bbox 3559 1227 3675 1295; x_wconf 79' lang='lat' dir='ltr'><strong>(sive</strong></span> 
     </span>
    </p>
   </div>
   <div class='ocr_carea' id='block_1_57' title="bbox 2100 1319 3671 1394">
    <p class='ocr_par' dir='ltr' id='par_1_57' title="bbox 2100 1319 3671 1394">
     <span class='ocr_line' id='line_1_58' title="bbox 2100 1319 3671 1394; baseline -0.013 -9"><span class='ocrx_word' id='word_1_412' title='bbox 2100 1330 2277 1386; x_wconf 87' lang='lat' dir='ltr'><strong>cubile</strong></span> <span class='ocrx_word' id='word_1_413' title='bbox 2307 1326 2723 1394; x_wconf 89' lang='lat' dir='ltr'><strong>strnthionum).</strong></span> <span class='ocrx_word' id='word_1_414' title='bbox 2771 1342 2790 1375; x_wconf 84' lang='grc'>›</span> <span class='ocrx_word' id='word_1_415' title='bbox 2829 1324 2893 1377; x_wconf 84' lang='grc' dir='ltr'>Ει</span> <span class='ocrx_word' id='word_1_416' title='bbox 2918 1333 2975 1376; x_wconf 85' lang='grc' dir='ltr'><strong>ιιι</strong></span> <span class='ocrx_word' id='word_1_417' title='bbox 3020 1322 3385 1391; x_wconf 82' lang='lat' dir='ltr'><strong>Symmachus</strong></span> <span class='ocrx_word' id='word_1_418' title='bbox 3411 1319 3671 1384; x_wconf 75' lang='lat' dir='ltr'><strong>interprc-</strong></span> 
     </span>
    </p>
   </div>
   <div class='ocr_carea' id='block_1_58' title="bbox 2097 1413 3675 1487">
    <p class='ocr_par' dir='ltr' id='par_1_58' title="bbox 2097 1413 3675 1487">
     <span class='ocr_line' id='line_1_59' title="bbox 2097 1413 3675 1487; baseline -0.01 -8"><span class='ocrx_word' id='word_1_419' title='bbox 2097 1423 2372 1487; x_wconf 54' lang='lat' dir='ltr'><strong>tatusiest,</strong></span> <span class='ocrx_word' id='word_1_420' title='bbox 2420 1420 2717 1475; x_wconf 75' lang='lat' dir='ltr'><strong>sirenarum</strong></span> <span class='ocrx_word' id='word_1_421' title='bbox 2746 1432 2764 1469; x_wconf 93' lang='lat'><em>:</em></span> <span class='ocrx_word' id='word_1_422' title='bbox 2789 1431 2886 1484; x_wconf 89' lang='lat' dir='ltr'><strong>pro</strong></span> <span class='ocrx_word' id='word_1_423' title='bbox 2911 1429 3016 1484; x_wconf 90' lang='lat' dir='ltr'><strong>quo</strong></span> <span class='ocrx_word' id='word_1_424' title='bbox 3047 1415 3100 1468; x_wconf 91' lang='lat' dir='ltr'><strong>in</strong></span> <span class='ocrx_word' id='word_1_425' title='bbox 3139 1413 3408 1468; x_wconf 86' lang='lat' dir='ltr'><strong>chraico</strong></span> <span class='ocrx_word' id='word_1_426' title='bbox 3453 1427 3675 1464; x_wconf 66' lang='lat' dir='ltr'><strong>rursum</strong></span> 
     </span>
    </p>
   </div>
   <div class='ocr_carea' id='block_1_59' title="bbox 2100 1502 3672 1585">
    <p class='ocr_par' dir='ltr' id='par_1_59' title="bbox 2100 1502 3672 1585">
     <span class='ocr_line' id='line_1_60' title="bbox 2100 1502 3672 1585; baseline -0.013 -12"><span class='ocrx_word' id='word_1_427' title='bbox 2100 1510 2280 1585; x_wconf 72' lang='lat' dir='ltr'><strong>(nun)</strong></span> <span class='ocrx_word' id='word_1_428' title='bbox 2315 1511 2550 1580; x_wconf 91' lang='lat' dir='ltr'><strong>positum</strong></span> <span class='ocrx_word' id='word_1_429' title='bbox 2580 1518 2683 1562; x_wconf 89' lang='lat' dir='ltr'><strong>est.</strong></span> <span class='ocrx_word' id='word_1_430' title='bbox 2710 1505 2882 1561; x_wconf 89' lang='lat' dir='ltr'><strong>Verba</strong></span> <span class='ocrx_word' id='word_1_431' title='bbox 2918 1507 3204 1574; x_wconf 62' lang='lat' dir='ltr'><strong>Prophetas</strong></span> <span class='ocrx_word' id='word_1_432' title='bbox 3237 1519 3253 1557; x_wconf 86' lang='lat'><strong>:</strong></span> <span class='ocrx_word' id='word_1_433' title='bbox 3292 1502 3451 1570; x_wconf 84' lang='lat' dir='ltr'><strong>Ecce,</strong></span> <span class='ocrx_word' id='word_1_434' title='bbox 3488 1502 3672 1572; x_wconf 83' lang='lat' dir='ltr'><strong>inquit,</strong></span> 
     </span>
    </p>
   </div>
   <div class='ocr_carea' id='block_1_60' title="bbox 2099 1595 3674 1671">
    <p class='ocr_par' dir='ltr' id='par_1_60' title="bbox 2099 1595 3674 1671">
     <span class='ocr_line' id='line_1_61' title="bbox 2099 1595 3674 1671; baseline -0.007 -13"><span class='ocrx_word' id='word_1_435' title='bbox 2099 1605 2301 1658; x_wconf 85' lang='lat' dir='ltr'><strong>sonitus</strong></span> <span class='ocrx_word' id='word_1_436' title='bbox 2361 1611 2411 1655; x_wconf 78' lang='lat' dir='ltr'><strong>et</strong></span> <span class='ocrx_word' id='word_1_437' title='bbox 2459 1599 2702 1671; x_wconf 76' lang='lat' dir='ltr'><strong>fremitus</strong></span> <span class='ocrx_word' id='word_1_438' title='bbox 2768 1597 3052 1668; x_wconf 84' lang='lat' dir='ltr'><strong>Babylonii</strong></span> <span class='ocrx_word' id='word_1_439' title='bbox 3118 1595 3389 1650; x_wconf 81' lang='lat' dir='ltr'><strong>venientis</strong></span> <span class='ocrx_word' id='word_1_440' title='bbox 3445 1595 3674 1662; x_wconf 87' lang='lat' dir='ltr'><strong>auditur,</strong></span> 
     </span>
    </p>
   </div>
   <div class='ocr_carea' id='block_1_61' title="bbox 2104 1688 3672 1766">
    <p class='ocr_par' dir='ltr' id='par_1_61' title="bbox 2104 1688 3672 1766">
     <span class='ocr_line' id='line_1_62' title="bbox 2104 1688 3672 1766; baseline -0.008 -15"><span class='ocrx_word' id='word_1_441' title='bbox 2104 1707 2413 1766; x_wconf 87' lang='lat' dir='ltr'><strong>magnaque</strong></span> <span class='ocrx_word' id='word_1_442' title='bbox 2471 1691 2791 1756; x_wconf 85' lang='lat' dir='ltr'><strong>commotio,</strong></span> <span class='ocrx_word' id='word_1_443' title='bbox 2841 1691 2957 1745; x_wconf 85' lang='lat' dir='ltr'><strong>sive</strong></span> <span class='ocrx_word' id='word_1_444' title='bbox 3008 1697 3348 1743; x_wconf 83' lang='lat' dir='ltr'><strong>terraemotus</strong></span> <span class='ocrx_word' id='word_1_445' title='bbox 3406 1688 3477 1742; x_wconf 90' lang='lat' dir='ltr'><strong>de</strong></span> <span class='ocrx_word' id='word_1_446' title='bbox 3542 1695 3672 1740; x_wconf 86' lang='lat' dir='ltr'><strong>terra</strong></span> 
     </span>
    </p>
   </div>
   <div class='ocr_carea' id='block_1_62' title="bbox 2032 1770 3677 1858">
    <p class='ocr_par' dir='ltr' id='par_1_62' title="bbox 2032 1770 3677 1858">
     <span class='ocr_line' id='line_1_63' title="bbox 2032 1770 3677 1858; baseline -0.007 -14"><span class='ocrx_word' id='word_1_447' title='bbox 2032 1770 2074 1826; x_wconf 74' lang='grc' dir='ltr'>Β</span> <span class='ocrx_word' id='word_1_448' title='bbox 2104 1786 2390 1858; x_wconf 81' lang='lat' dir='ltr'><strong>Aquilonis</strong></span> <span class='ocrx_word' id='word_1_449' title='bbox 2425 1803 2440 1840; x_wconf 89' lang='lat'><strong>:</strong></span> <span class='ocrx_word' id='word_1_450' title='bbox 2479 1795 2538 1838; x_wconf 92' lang='lat' dir='ltr'><strong>ut</strong></span> <span class='ocrx_word' id='word_1_451' title='bbox 2582 1797 2772 1838; x_wconf 88' lang='lat' dir='ltr'><strong>omnes</strong></span> <span class='ocrx_word' id='word_1_452' title='bbox 2832 1781 2996 1836; x_wconf 87' lang='lat' dir='ltr'><strong>urbes</strong></span> <span class='ocrx_word' id='word_1_453' title='bbox 3031 1778 3250 1846; x_wconf 70' lang='lat' dir='ltr'><strong>Jndzeas,</strong></span> <span class='ocrx_word' id='word_1_454' title='bbox 3289 1779 3677 1834; x_wconf 84' lang='lat' dir='ltr'><strong>habitatoribus</strong></span> 
     </span>
    </p>
   </div>
   <div class='ocr_carea' id='block_1_63' title="bbox 2105 1871 3678 1945">
    <p class='ocr_par' dir='ltr' id='par_1_63' title="bbox 2105 1871 3678 1945">
     <span class='ocr_line' id='line_1_64' title="bbox 2105 1871 3678 1945; baseline -0.006 -9"><span class='ocrx_word' id='word_1_455' title='bbox 2105 1881 2432 1944; x_wconf 89' lang='lat' dir='ltr'><strong>interfectis,</strong></span> <span class='ocrx_word' id='word_1_456' title='bbox 2484 1877 2695 1945; x_wconf 80' lang='lat' dir='ltr'><strong>redigat</strong></span> <span class='ocrx_word' id='word_1_457' title='bbox 2743 1876 2797 1931; x_wconf 90' lang='lat' dir='ltr'><strong>in</strong></span> <span class='ocrx_word' id='word_1_458' title='bbox 2837 1873 3211 1939; x_wconf 86' lang='lat' dir='ltr'><strong>solitudinem,</strong></span> <span class='ocrx_word' id='word_1_459' title='bbox 3263 1881 3318 1929; x_wconf 84' lang='lat' dir='ltr'><strong>et</strong></span> <span class='ocrx_word' id='word_1_460' title='bbox 3375 1871 3546 1927; x_wconf 87' lang='lat' dir='ltr'><strong>faciat</strong></span> <span class='ocrx_word' id='word_1_461' title='bbox 3592 1886 3678 1942; x_wconf 88' lang='lat' dir='ltr'><strong>pro</strong></span> 
     </span>
    </p>
   </div>
   <div class='ocr_carea' id='block_1_64' title="bbox 2107 1967 3679 2033">
    <p class='ocr_par' dir='ltr' id='par_1_64' title="bbox 2107 1967 3679 2033">
     <span class='ocr_line' id='line_1_65' title="bbox 2107 1967 3679 2033; baseline -0.007 -3"><span class='ocrx_word' id='word_1_462' title='bbox 2107 1975 2419 2030; x_wconf 89' lang='lat' dir='ltr'><strong>hominibus</strong></span> <span class='ocrx_word' id='word_1_463' title='bbox 2452 1971 2719 2027; x_wconf 82' lang='lat' dir='ltr'><strong>dracones</strong></span> <span class='ocrx_word' id='word_1_464' title='bbox 2781 1969 3050 2033; x_wconf 89' lang='lat' dir='ltr'><strong>habitare,</strong></span> <span class='ocrx_word' id='word_1_465' title='bbox 3078 1976 3131 2022; x_wconf 90' lang='lat' dir='ltr'><strong>et</strong></span> <span class='ocrx_word' id='word_1_466' title='bbox 3163 1976 3356 2022; x_wconf 83' lang='lat' dir='ltr'><strong>cuncta</strong></span> <span class='ocrx_word' id='word_1_467' title='bbox 3389 1967 3679 2022; x_wconf 86' lang='lat' dir='ltr'><strong>animantia</strong></span> 
     </span>
    </p>
   </div>
   <div class='ocr_carea' id='block_1_65' title="bbox 2108 2059 3679 2130">
    <p class='ocr_par' dir='ltr' id='par_1_65' title="bbox 2108 2059 3679 2130">
     <span class='ocr_line' id='line_1_66' title="bbox 2108 2059 3679 2130; baseline -0.004 -10"><span class='ocrx_word' id='word_1_468' title='bbox 2108 2075 2398 2130; x_wconf 88' lang='lat' dir='ltr'><strong>venenata,</strong></span> <span class='ocrx_word' id='word_1_469' title='bbox 2440 2065 2555 2119; x_wconf 85' lang='lat' dir='ltr'><strong>sive</strong></span> <span class='ocrx_word' id='word_1_470' title='bbox 2595 2062 2958 2126; x_wconf 89' lang='lat' dir='ltr'><strong>struthiones,</strong></span> <span class='ocrx_word' id='word_1_471' title='bbox 2988 2059 3129 2130; x_wconf 92' lang='lat' dir='ltr'><strong>quod</strong></span> <span class='ocrx_word' id='word_1_472' title='bbox 3158 2068 3216 2114; x_wconf 89' lang='lat' dir='ltr'><strong>et</strong></span> <span class='ocrx_word' id='word_1_473' title='bbox 3268 2060 3446 2129; x_wconf 91' lang='lat' dir='ltr'><strong>ipsum</strong></span> <span class='ocrx_word' id='word_1_474' title='bbox 3491 2061 3679 2113; x_wconf 83' lang='lat' dir='ltr'><strong>animal</strong></span> 
     </span>
    </p>
   </div>
   <div class='ocr_carea' id='block_1_66' title="bbox 2107 2152 3682 2218">
    <p class='ocr_par' dir='ltr' id='par_1_66' title="bbox 2107 2152 3682 2218">
     <span class='ocr_line' id='line_1_67' title="bbox 2107 2152 3682 2218; baseline -0.003 -7"><span class='ocrx_word' id='word_1_475' title='bbox 2107 2155 2417 2211; x_wconf 85' lang='lat' dir='ltr'><strong>solitudinis</strong></span> <span class='ocrx_word' id='word_1_476' title='bbox 2481 2154 2755 2209; x_wconf 89' lang='lat' dir='ltr'><strong>familiare</strong></span> <span class='ocrx_word' id='word_1_477' title='bbox 2803 2163 2908 2218; x_wconf 90' lang='lat' dir='ltr'><strong>est,</strong></span> <span class='ocrx_word' id='word_1_478' title='bbox 2969 2161 3022 2207; x_wconf 91' lang='lat' dir='ltr'><strong>et</strong></span> <span class='ocrx_word' id='word_1_479' title='bbox 3063 2152 3114 2206; x_wconf 90' lang='lat' dir='ltr'><strong>in</strong></span> <span class='ocrx_word' id='word_1_480' title='bbox 3171 2152 3400 2208; x_wconf 80' lang='lat' dir='ltr'><strong>desertis</strong></span> <span class='ocrx_word' id='word_1_481' title='bbox 3447 2152 3682 2208; x_wconf 85' lang='lat' dir='ltr'><strong>nascitur</strong></span> 
     </span>
    </p>
   </div>
   <div class='ocr_carea' id='block_1_67' title="bbox 2107 2244 3682 2312">
    <p class='ocr_par' dir='ltr' id='par_1_67' title="bbox 2107 2244 3682 2312">
     <span class='ocr_line' id='line_1_68' title="bbox 2107 2244 3682 2312; baseline -0.004 -9"><span class='ocrx_word' id='word_1_482' title='bbox 2107 2264 2171 2303; x_wconf 88' lang='lat' dir='ltr'><strong>ac</strong></span> <span class='ocrx_word' id='word_1_483' title='bbox 2203 2249 2458 2302; x_wconf 90' lang='lat' dir='ltr'><strong>nutritur.</strong></span> <span class='ocrx_word' id='word_1_484' title='bbox 2483 2247 2593 2299; x_wconf 83' lang='lat' dir='ltr'><strong>Aut</strong></span> <span class='ocrx_word' id='word_1_485' title='bbox 2624 2255 2775 2301; x_wconf 89' lang='lat' dir='ltr'><strong>certe</strong></span> <span class='ocrx_word' id='word_1_486' title='bbox 2822 2244 3054 2310; x_wconf 87' lang='lat' dir='ltr'><strong>sirenas,</strong></span> <span class='ocrx_word' id='word_1_487' title='bbox 3081 2253 3326 2298; x_wconf 89' lang='lat' dir='ltr'><strong>monstra</strong></span> <span class='ocrx_word' id='word_1_488' title='bbox 3367 2244 3614 2312; x_wconf 64' lang='lat' dir='ltr'><strong>quaedam</strong></span> <span class='ocrx_word' id='word_1_489' title='bbox 3634 2250 3682 2298; x_wconf 87' lang='lat' dir='ltr'><strong>et</strong></span> 
     </span>
    </p>
   </div>
   <div class='ocr_carea' id='block_1_68' title="bbox 2109 2335 3684 2407">
    <p class='ocr_par' dir='ltr' id='par_1_68' title="bbox 2109 2335 3684 2407">
     <span class='ocr_line' id='line_1_69' title="bbox 2109 2335 3684 2407; baseline -0.002 -12"><span class='ocrx_word' id='word_1_490' title='bbox 2109 2341 2416 2395; x_wconf 69' lang='lat' dir='ltr'><strong>daemonum</strong></span> <span class='ocrx_word' id='word_1_491' title='bbox 2450 2339 2828 2407; x_wconf 86' lang='lat' dir='ltr'><strong>phantasmata</strong></span> <span class='ocrx_word' id='word_1_492' title='bbox 2873 2351 3162 2407; x_wconf 88' lang='lat' dir='ltr'><strong>possumus</strong></span> <span class='ocrx_word' id='word_1_493' title='bbox 3214 2335 3549 2407; x_wconf 86' lang='lat' dir='ltr'><strong>intelligere.</strong></span> <span class='ocrx_word' id='word_1_494' title='bbox 3574 2335 3684 2392; x_wconf 75' lang='lat' dir='ltr'><strong>llaec</strong></span> 
     </span>
    </p>
   </div>
   <div class='ocr_carea' id='block_1_69' title="bbox 2109 2430 3682 2503">
    <p class='ocr_par' dir='ltr' id='par_1_69' title="bbox 2109 2430 3682 2503">
     <span class='ocr_line' id='line_1_70' title="bbox 2109 2430 3682 2503; baseline -0.005 -14"><span class='ocrx_word' id='word_1_495' title='bbox 2109 2435 2290 2489; x_wconf 87' lang='lat' dir='ltr'><strong>omnia</strong></span> <span class='ocrx_word' id='word_1_496' title='bbox 2310 2447 2430 2503; x_wconf 71' lang='lat' dir='ltr'><strong>qua:</strong></span> <span class='ocrx_word' id='word_1_497' title='bbox 2449 2441 2505 2488; x_wconf 92' lang='lat' dir='ltr'><strong>et</strong></span> <span class='ocrx_word' id='word_1_498' title='bbox 2521 2430 2902 2502; x_wconf 67' lang='lat' dir='ltr'><strong>prmteritusct</strong></span> <span class='ocrx_word' id='word_1_499' title='bbox 2921 2444 3161 2499; x_wconf 69' lang='lat' dir='ltr'><strong>praesens</strong></span> <span class='ocrx_word' id='word_1_500' title='bbox 3183 2444 3363 2484; x_wconf 86' lang='lat' dir='ltr'><strong>sermo</strong></span> <span class='ocrx_word' id='word_1_501' title='bbox 3381 2431 3682 2501; x_wconf 85' lang='lat' dir='ltr'><strong>descripsit,</strong></span> 
     </span>
    </p>
   </div>
   <div class='ocr_carea' id='block_1_70' title="bbox 2109 2522 3682 2598">
    <p class='ocr_par' dir='ltr' id='par_1_70' title="bbox 2109 2522 3682 2598">
     <span class='ocr_line' id='line_1_71' title="bbox 2109 2522 3682 2598; baseline -0.003 -16"><span class='ocrx_word' id='word_1_502' title='bbox 2109 2530 2177 2582; x_wconf 84' lang='lat' dir='ltr'><strong>ad</strong></span> <span class='ocrx_word' id='word_1_503' title='bbox 2251 2525 2649 2598; x_wconf 86' lang='lat' dir='ltr'><strong>persecutionis</strong></span> <span class='ocrx_word' id='word_1_504' title='bbox 2718 2523 2980 2579; x_wconf 69' lang='lat' dir='ltr'><strong>Ecclesiae</strong></span> <span class='ocrx_word' id='word_1_505' title='bbox 3049 2522 3350 2579; x_wconf 87' lang='lat' dir='ltr'><strong>referamus</strong></span> <span class='ocrx_word' id='word_1_506' title='bbox 3424 2533 3682 2594; x_wconf 76' lang='lat' dir='ltr'><strong>tempora,</strong></span> 
     </span>
    </p>
   </div>
   <div class='ocr_carea' id='block_1_71' title="bbox 2109 2615 3687 2690">
    <p class='ocr_par' dir='ltr' id='par_1_71' title="bbox 2109 2615 3687 2690">
     <span class='ocr_line' id='line_1_72' title="bbox 2109 2615 3687 2690; baseline -0.001 -17"><span class='ocrx_word' id='word_1_507' title='bbox 2109 2620 2326 2690; x_wconf 87' lang='lat' dir='ltr'><strong>quando</strong></span> <span class='ocrx_word' id='word_1_508' title='bbox 2357 2617 2704 2673; x_wconf 88' lang='lat' dir='ltr'><strong>tabernacula</strong></span> <span class='ocrx_word' id='word_1_509' title='bbox 2726 2617 2941 2672; x_wconf 90' lang='lat' dir='ltr'><strong>Domini</strong></span> <span class='ocrx_word' id='word_1_510' title='bbox 2981 2615 3396 2680; x_wconf 83' lang='lat' dir='ltr'><strong>subvertuntur,</strong></span> <span class='ocrx_word' id='word_1_511' title='bbox 3423 2626 3478 2670; x_wconf 89' lang='lat' dir='ltr'><strong>et</strong></span> <span class='ocrx_word' id='word_1_512' title='bbox 3521 2618 3687 2671; x_wconf 81' lang='lat' dir='ltr'><strong>Omnis</strong></span> 
     </span>
    </p>
   </div>
   <div class='ocr_carea' id='block_1_72' title="bbox 2111 2707 3690 2780">
    <p class='ocr_par' dir='ltr' id='par_1_72' title="bbox 2111 2707 3690 2780">
     <span class='ocr_line' id='line_1_73' title="bbox 2111 2707 3690 2780; baseline -0.005 -12"><span class='ocrx_word' id='word_1_513' title='bbox 2111 2714 2376 2769; x_wconf 90' lang='lat' dir='ltr'><strong>habitatio</strong></span> <span class='ocrx_word' id='word_1_514' title='bbox 2405 2711 2659 2768; x_wconf 68' lang='lat' dir='ltr'><strong>Ecclesia:</strong></span> <span class='ocrx_word' id='word_1_515' title='bbox 2709 2710 2976 2780; x_wconf 88' lang='lat' dir='ltr'><strong>redigitur</strong></span> <span class='ocrx_word' id='word_1_516' title='bbox 3029 2708 3082 2761; x_wconf 93' lang='lat' dir='ltr'><strong>in</strong></span> <span class='ocrx_word' id='word_1_517' title='bbox 3129 2707 3500 2762; x_wconf 84' lang='lat' dir='ltr'><strong>solitudinem.</strong></span> <span class='ocrx_word' id='word_1_518' title='bbox 3536 2707 3602 2762; x_wconf 86' lang='lat' dir='ltr'><strong>Et</strong></span> <span class='ocrx_word' id='word_1_519' title='bbox 3638 2716 3690 2762; x_wconf 88' lang='lat' dir='ltr'><strong>ut</strong></span> 
     </span>
    </p>
   </div>
   <div class='ocr_carea' id='block_1_73' title="bbox 2112 2799 3690 2872">
    <p class='ocr_par' dir='ltr' id='par_1_73' title="bbox 2112 2799 3690 2872">
     <span class='ocr_line' id='line_1_74' title="bbox 2112 2799 3690 2872; baseline -0.007 -9"><span class='ocrx_word' id='word_1_520' title='bbox 2112 2811 2214 2863; x_wconf 89' lang='lat' dir='ltr'><strong>ista</strong></span> <span class='ocrx_word' id='word_1_521' title='bbox 2246 2823 2276 2860; x_wconf 85' lang='grc' dir='ltr'><strong>ιι</strong></span> <span class='ocrx_word' id='word_1_522' title='bbox 2291 2808 2506 2860; x_wconf 87' lang='lat' dir='ltr'><strong>niversa</strong></span> <span class='ocrx_word' id='word_1_523' title='bbox 2529 2804 2771 2867; x_wconf 88' lang='lat' dir='ltr'><strong>veniant,</strong></span> <span class='ocrx_word' id='word_1_524' title='bbox 2795 2803 2950 2872; x_wconf 87' lang='lat' dir='ltr'><strong>culpa</strong></span> <span class='ocrx_word' id='word_1_525' title='bbox 2977 2808 3257 2871; x_wconf 87' lang='lat' dir='ltr'><strong>pastorum</strong></span> <span class='ocrx_word' id='word_1_526' title='bbox 3283 2810 3390 2865; x_wconf 89' lang='lat' dir='ltr'><strong>est,</strong></span> <span class='ocrx_word' id='word_1_527' title='bbox 3415 2799 3507 2868; x_wconf 89' lang='lat' dir='ltr'><strong>qui</strong></span> <span class='ocrx_word' id='word_1_528' title='bbox 3538 2800 3690 2853; x_wconf 85' lang='lat' dir='ltr'><strong>stulte</strong></span> 
     </span>
    </p>
   </div>
   <div class='ocr_carea' id='block_1_74' title="bbox 2111 2891 3690 2970">
    <p class='ocr_par' dir='ltr' id='par_1_74' title="bbox 2111 2891 3690 2970">
     <span class='ocr_line' id='line_1_75' title="bbox 2111 2891 3690 2970; baseline -0.008 -14"><span class='ocrx_word' id='word_1_529' title='bbox 2111 2908 2360 2970; x_wconf 85' lang='lat' dir='ltr'><strong>egerunt,</strong></span> <span class='ocrx_word' id='word_1_530' title='bbox 2397 2908 2452 2953; x_wconf 88' lang='lat' dir='ltr'><strong>et</strong></span> <span class='ocrx_word' id='word_1_531' title='bbox 2485 2899 2772 2952; x_wconf 90' lang='lat' dir='ltr'><strong>Dominum</strong></span> <span class='ocrx_word' id='word_1_532' title='bbox 2815 2911 2922 2950; x_wconf 87' lang='lat' dir='ltr'><strong>non</strong></span> <span class='ocrx_word' id='word_1_533' title='bbox 2950 2896 3308 2966; x_wconf 65' lang='lat' dir='ltr'><strong>quaesierunt,</strong></span> <span class='ocrx_word' id='word_1_534' title='bbox 3350 2906 3452 2946; x_wconf 90' lang='lat' dir='ltr'><strong>nec</strong></span> <span class='ocrx_word' id='word_1_535' title='bbox 3478 2891 3690 2945; x_wconf 83' lang='lat' dir='ltr'><strong>intelle-</strong></span> 
     </span>
    </p>
   </div>
   <div class='ocr_carea' id='block_1_75' title="bbox 2110 2985 3692 3058">
    <p class='ocr_par' dir='ltr' id='par_1_75' title="bbox 2110 2985 3692 3058">
     <span class='ocr_line' id='line_1_76' title="bbox 2110 2985 3692 3058; baseline -0.006 -10"><span class='ocrx_word' id='word_1_536' title='bbox 2110 3001 2309 3048; x_wconf 78' lang='lat' dir='ltr'><strong>xerunt</strong></span> <span class='ocrx_word' id='word_1_537' title='bbox 2360 3007 2508 3057; x_wconf 90' lang='lat' dir='ltr'><strong>eum,</strong></span> <span class='ocrx_word' id='word_1_538' title='bbox 2563 3000 2618 3045; x_wconf 88' lang='lat' dir='ltr'><strong>et</strong></span> <span class='ocrx_word' id='word_1_539' title='bbox 2696 2989 2901 3044; x_wconf 89' lang='lat' dir='ltr'><strong>idcirco</strong></span> <span class='ocrx_word' id='word_1_540' title='bbox 2979 3003 3109 3058; x_wconf 79' lang='lat' dir='ltr'><strong>grex</strong></span> <span class='ocrx_word' id='word_1_541' title='bbox 3183 2986 3363 3041; x_wconf 91' lang='lat' dir='ltr'><strong>omnis</strong></span> <span class='ocrx_word' id='word_1_542' title='bbox 3417 2985 3692 3054; x_wconf 85' lang='lat' dir='ltr'><strong>dispersus</strong></span> 
     </span>
    </p>
   </div>
   <div class='ocr_carea' id='block_1_76' title="bbox 2111 3095 2217 3142">
    <p class='ocr_par' dir='ltr' id='par_1_76' title="bbox 2111 3095 2217 3142">
     <span class='ocr_line' id='line_1_77' title="bbox 2111 3095 2217 3142; baseline -0.009 -1"><span class='ocrx_word' id='word_1_543' title='bbox 2111 3095 2217 3142; x_wconf 87' lang='lat' dir='ltr'><strong>est.</strong></span> 
     </span>
    </p>
   </div>
   <div class='ocr_carea' id='block_1_77' title="bbox 2184 3168 3692 3248">
    <p class='ocr_par' dir='ltr' id='par_1_77' title="bbox 2184 3168 3692 3248">
     <span class='ocr_line' id='line_1_78' title="bbox 2184 3168 3692 3248; baseline -0.002 -20"><span class='ocrx_word' id='word_1_544' title='bbox 2184 3175 2365 3248; x_wconf 88' lang='lat' dir='ltr'><strong>(Vers.</strong></span> <span class='ocrx_word' id='word_1_545' title='bbox 2390 3176 2510 3244; x_wconf 77' lang='grc'>25.)</span> <span class='ocrx_word' id='word_1_546' title='bbox 2541 3194 2558 3227; x_wconf 78' lang='grc' dir='ltr'><strong>ι</strong></span> <span class='ocrx_word' id='word_1_547' title='bbox 2599 3173 2748 3239; x_wconf 84' lang='lat' dir='ltr'><strong>Scio,</strong></span> <span class='ocrx_word' id='word_1_548' title='bbox 2776 3172 3018 3239; x_wconf 88' lang='lat' dir='ltr'><strong>Domine,</strong></span> <span class='ocrx_word' id='word_1_549' title='bbox 3050 3173 3176 3243; x_wconf 86' lang='lat' dir='ltr'><strong>quia</strong></span> <span class='ocrx_word' id='word_1_550' title='bbox 3229 3188 3334 3228; x_wconf 89' lang='lat' dir='ltr'><strong>non</strong></span> <span class='ocrx_word' id='word_1_551' title='bbox 3361 3181 3443 3226; x_wconf 88' lang='lat' dir='ltr'><strong>est</strong></span> <span class='ocrx_word' id='word_1_552' title='bbox 3468 3169 3580 3243; x_wconf 82' lang='grc' dir='ltr'><strong>[ΑΙ.</strong></span> <span class='ocrx_word' id='word_1_553' title='bbox 3605 3168 3692 3245; x_wconf 90' lang='lat' dir='ltr'><strong>sit]</strong></span> 
     </span>
    </p>
   </div>
   <div class='ocr_carea' id='block_1_78' title="bbox 2114 3263 3697 3336">
    <p class='ocr_par' dir='ltr' id='par_1_78' title="bbox 2114 3263 3697 3336">
     <span class='ocr_line' id='line_1_79' title="bbox 2114 3263 3697 3336; baseline -0.003 -15"><span class='ocrx_word' id='word_1_554' title='bbox 2114 3266 2350 3322; x_wconf 85' lang='lat' dir='ltr'><strong>hominis</strong></span> <span class='ocrx_word' id='word_1_555' title='bbox 2375 3267 2461 3320; x_wconf 87' lang='lat' dir='ltr'><strong>via</strong></span> <span class='ocrx_word' id='word_1_556' title='bbox 2491 3265 2611 3336; x_wconf 83' lang='lat' dir='ltr'><strong>ejus</strong></span> <span class='ocrx_word' id='word_1_557' title='bbox 2643 3281 2657 3319; x_wconf 89' lang='lat'><strong>:</strong></span> <span class='ocrx_word' id='word_1_558' title='bbox 2684 3280 2786 3320; x_wconf 90' lang='lat' dir='ltr'><strong>nec</strong></span> <span class='ocrx_word' id='word_1_559' title='bbox 2805 3263 2906 3318; x_wconf 86' lang='lat' dir='ltr'><strong>viri</strong></span> <span class='ocrx_word' id='word_1_560' title='bbox 2936 3273 3043 3330; x_wconf 87' lang='lat' dir='ltr'><strong>est,</strong></span> <span class='ocrx_word' id='word_1_561' title='bbox 3075 3271 3134 3318; x_wconf 92' lang='lat' dir='ltr'><strong>ut</strong></span> <span class='ocrx_word' id='word_1_562' title='bbox 3157 3263 3397 3319; x_wconf 86' lang='lat' dir='ltr'><strong>ambulet</strong></span> <span class='ocrx_word' id='word_1_563' title='bbox 3423 3273 3478 3318; x_wconf 91' lang='lat' dir='ltr'><strong>et</strong></span> <span class='ocrx_word' id='word_1_564' title='bbox 3504 3265 3697 3333; x_wconf 84' lang='lat' dir='ltr'><strong>dirigat</strong></span> 
     </span>
    </p>
   </div>
   <div class='ocr_carea' id='block_1_79' title="bbox 2113 3355 3696 3428">
    <p class='ocr_par' dir='ltr' id='par_1_79' title="bbox 2113 3355 3696 3428">
     <span class='ocr_line' id='line_1_80' title="bbox 2113 3355 3696 3428; baseline -0.001 -18"><span class='ocrx_word' id='word_1_565' title='bbox 2113 3373 2336 3428; x_wconf 86' lang='lat' dir='ltr'><strong>gressus</strong></span> <span class='ocrx_word' id='word_1_566' title='bbox 2365 3372 2517 3411; x_wconf 87' lang='lat' dir='ltr'><strong>suos.</strong></span> <span class='ocrx_word' id='word_1_567' title='bbox 2561 3375 2579 3410; x_wconf 78' lang='grc' dir='ltr'><strong>ι</strong></span> <span class='ocrx_word' id='word_1_568' title='bbox 2617 3355 2962 3411; x_wconf 84' lang='lat' dir='ltr'><strong>Erubescant</strong></span> <span class='ocrx_word' id='word_1_569' title='bbox 2995 3355 3122 3410; x_wconf 86' lang='lat' dir='ltr'><strong>novi</strong></span> <span class='ocrx_word' id='word_1_570' title='bbox 3161 3357 3574 3426; x_wconf 61' lang='lat' dir='ltr'><strong>praedicatores,</strong></span> <span class='ocrx_word' id='word_1_571' title='bbox 3607 3355 3696 3425; x_wconf 89' lang='lat' dir='ltr'><strong>qui</strong></span> 
     </span>
    </p>
   </div>
   <div class='ocr_carea' id='block_1_80' title="bbox 2114 3448 3697 3521">
    <p class='ocr_par' dir='ltr' id='par_1_80' title="bbox 2114 3448 3697 3521">
     <span class='ocr_line' id='line_1_81' title="bbox 2114 3448 3697 3521; baseline -0.003 -17"><span class='ocrx_word' id='word_1_572' title='bbox 2114 3453 2287 3517; x_wconf 88' lang='lat' dir='ltr'><strong>aiunt,</strong></span> <span class='ocrx_word' id='word_1_573' title='bbox 2319 3465 2759 3521; x_wconf 87' lang='lat' dir='ltr'><strong>unumquemque</strong></span> <span class='ocrx_word' id='word_1_574' title='bbox 2803 3463 2902 3504; x_wconf 90' lang='lat' dir='ltr'><strong>suo</strong></span> <span class='ocrx_word' id='word_1_575' title='bbox 2943 3449 3187 3504; x_wconf 82' lang='lat' dir='ltr'><strong>‘arbitrio</strong></span> <span class='ocrx_word' id='word_1_576' title='bbox 3246 3450 3356 3520; x_wconf 88' lang='lat' dir='ltr'><strong>regi</strong></span> <span class='ocrx_word' id='word_1_577' title='bbox 3384 3448 3408 3479; x_wconf 73' lang='grc'>⁸</span> <span class='ocrx_word' id='word_1_578' title='bbox 3436 3467 3451 3504; x_wconf 88' lang='lat'><strong>:</strong></span> <span class='ocrx_word' id='word_1_579' title='bbox 3484 3464 3611 3504; x_wconf 91' lang='lat' dir='ltr'><strong>cum</strong></span> <span class='ocrx_word' id='word_1_580' title='bbox 3647 3459 3697 3500; x_wconf 85' lang='lat' dir='ltr'><strong>et</strong></span> 
     </span>
    </p>
   </div>
   <div class='ocr_carea' id='block_1_81' title="bbox 2115 3538 3698 3610">
    <p class='ocr_par' dir='ltr' id='par_1_81' title="bbox 2115 3538 3698 3610">
     <span class='ocr_line' id='line_1_82' title="bbox 2115 3538 3698 3610; baseline -0.003 -14"><span class='ocrx_word' id='word_1_581' title='bbox 2115 3543 2202 3596; x_wconf 90' lang='lat' dir='ltr'><strong>hic</strong></span> <span class='ocrx_word' id='word_1_582' title='bbox 2245 3541 2521 3609; x_wconf 80' lang='lat' dir='ltr'><strong>Propheta</strong></span> <span class='ocrx_word' id='word_1_583' title='bbox 2560 3539 2704 3596; x_wconf 89' lang='lat' dir='ltr'><strong>dicat</strong></span> <span class='ocrx_word' id='word_1_584' title='bbox 2738 3557 2752 3595; x_wconf 92' lang='lat'><strong>:</strong></span> <span class='ocrx_word' id='word_1_585' title='bbox 2785 3539 2910 3594; x_wconf 81' lang='lat' dir='ltr'><strong>Non</strong></span> <span class='ocrx_word' id='word_1_586' title='bbox 2940 3551 3016 3594; x_wconf 85' lang='lat' dir='ltr'><strong>est</strong></span> <span class='ocrx_word' id='word_1_587' title='bbox 3043 3540 3272 3593; x_wconf 82' lang='lat' dir='ltr'><strong>hominis</strong></span> <span class='ocrx_word' id='word_1_588' title='bbox 3331 3539 3414 3594; x_wconf 82' lang='lat' dir='ltr'><strong>via</strong></span> <span class='ocrx_word' id='word_1_589' title='bbox 3470 3540 3611 3610; x_wconf 79' lang='lat' dir='ltr'><strong>ejus.</strong></span> <span class='ocrx_word' id='word_1_590' title='bbox 3639 3538 3698 3592; x_wconf 84' lang='lat' dir='ltr'><strong>Et</strong></span> 
     </span>
    </p>
   </div>
   <div class='ocr_carea' id='block_1_82' title="bbox 2113 3630 3698 3703">
    <p class='ocr_par' dir='ltr' id='par_1_82' title="bbox 2113 3630 3698 3703">
     <span class='ocr_line' id='line_1_83' title="bbox 2113 3630 3698 3703; baseline -0.001 -17"><span class='ocrx_word' id='word_1_591' title='bbox 2113 3631 2283 3686; x_wconf 85' lang='lat' dir='ltr'><strong>David</strong></span> <span class='ocrx_word' id='word_1_592' title='bbox 2322 3633 2374 3686; x_wconf 93' lang='lat' dir='ltr'><strong>in</strong></span> <span class='ocrx_word' id='word_1_593' title='bbox 2412 3633 2582 3703; x_wconf 81' lang='lat' dir='ltr'><strong>lyrico</strong></span> <span class='ocrx_word' id='word_1_594' title='bbox 2629 3641 2788 3687; x_wconf 87' lang='lat' dir='ltr'><strong>canat</strong></span> <span class='ocrx_word' id='word_1_595' title='bbox 2829 3633 3073 3686; x_wconf 88' lang='lat' dir='ltr'><strong>carmine</strong></span> <span class='ocrx_word' id='word_1_596' title='bbox 3104 3647 3119 3686; x_wconf 85' lang='lat'><strong>:</strong></span> <span class='ocrx_word' id='word_1_597' title='bbox 3146 3632 3190 3684; x_wconf 84' lang='lat' dir='ltr'><strong><em>A</em></strong></span> <span class='ocrx_word' id='word_1_598' title='bbox 3235 3630 3463 3685; x_wconf 86' lang='lat' dir='ltr'><strong>Domino</strong></span> <span class='ocrx_word' id='word_1_599' title='bbox 3494 3647 3698 3703; x_wconf 71' lang='lat' dir='ltr'><strong>gressus</strong></span> 
     </span>
    </p>
   </div>
   <div class='ocr_carea' id='block_1_83' title="bbox 2113 3724 3694 3795">
    <p class='ocr_par' dir='ltr' id='par_1_83' title="bbox 2113 3724 3694 3795">
     <span class='ocr_line' id='line_1_84' title="bbox 2113 3724 3694 3795; baseline 0.002 -19"><span class='ocrx_word' id='word_1_600' title='bbox 2113 3724 2338 3779; x_wconf 79' lang='lat' dir='ltr'><strong>hominis</strong></span> <span class='ocrx_word' id='word_1_601' title='bbox 2371 3725 2684 3794; x_wconf 81' lang='lat' dir='ltr'><strong>dirigentur,</strong></span> <span class='ocrx_word' id='word_1_602' title='bbox 2719 3734 2768 3778; x_wconf 87' lang='lat' dir='ltr'><strong>et</strong></span> <span class='ocrx_word' id='word_1_603' title='bbox 2819 3725 2963 3778; x_wconf 76' lang='lat' dir='ltr'><strong>viam</strong></span> <span class='ocrx_word' id='word_1_604' title='bbox 2998 3724 3111 3793; x_wconf 82' lang='lat' dir='ltr'><strong>ejus</strong></span> <span class='ocrx_word' id='word_1_605' title='bbox 3140 3725 3274 3778; x_wconf 83' lang='lat' dir='ltr'><strong>volet</strong></span> <span class='ocrx_word' id='word_1_606' title='bbox 3317 3725 3472 3778; x_wconf 84' lang='lat' dir='ltr'><strong>nimis</strong></span> <span class='ocrx_word' id='word_1_607' title='bbox 3507 3725 3694 3795; x_wconf 15' lang='lat' dir='ltr'><strong>,(Psal.</strong></span> 
     </span>
    </p>
   </div>
   <div class='ocr_carea' id='block_1_84' title="bbox 2115 3816 3695 3889">
    <p class='ocr_par' dir='ltr' id='par_1_84' title="bbox 2115 3816 3695 3889">
     <span class='ocr_line' id='line_1_85' title="bbox 2115 3816 3695 3889; baseline 0.001 -19"><span class='ocrx_word' id='word_1_608' title='bbox 2115 3833 2302 3881; x_wconf 73' lang='lat' dir='ltr'><strong>xxxvi,</strong></span> <span class='ocrx_word' id='word_1_609' title='bbox 2343 3817 2458 3887; x_wconf 76' lang='grc'>25).</span> <span class='ocrx_word' id='word_1_610' title='bbox 2486 3817 2615 3872; x_wconf 88' lang='lat' dir='ltr'><strong>Sive</strong></span> <span class='ocrx_word' id='word_1_611' title='bbox 2654 3819 2741 3872; x_wconf 92' lang='lat' dir='ltr'><strong>hie</strong></span> <span class='ocrx_word' id='word_1_612' title='bbox 2770 3831 2965 3874; x_wconf 84' lang='lat' dir='ltr'><strong>sensus</strong></span> <span class='ocrx_word' id='word_1_613' title='bbox 2993 3819 3286 3888; x_wconf 72' lang='lat' dir='ltr'><strong>estzquod</strong></span> <span class='ocrx_word' id='word_1_614' title='bbox 3320 3832 3350 3871; x_wconf 87' lang='lat' dir='ltr'><strong>a</strong></span> <span class='ocrx_word' id='word_1_615' title='bbox 3385 3816 3695 3889; x_wconf 81' lang='lat' dir='ltr'><strong>Babyloniis</strong></span> 
     </span>
    </p>
   </div>
   <div class='ocr_carea' id='block_1_85' title="bbox 2114 3910 3696 3978">
    <p class='ocr_par' dir='ltr' id='par_1_85' title="bbox 2114 3910 3696 3978">
     <span class='ocr_line' id='line_1_86' title="bbox 2114 3910 3696 3978; baseline 0.001 -13"><span class='ocrx_word' id='word_1_616' title='bbox 2114 3910 2473 3975; x_wconf 79' lang='lat' dir='ltr'><strong>sustinemus,</strong></span> <span class='ocrx_word' id='word_1_617' title='bbox 2513 3925 2620 3964; x_wconf 91' lang='lat' dir='ltr'><strong>non</strong></span> <span class='ocrx_word' id='word_1_618' title='bbox 2650 3920 2735 3966; x_wconf 89' lang='lat' dir='ltr'><strong>est</strong></span> <span class='ocrx_word' id='word_1_619' title='bbox 2790 3925 2978 3966; x_wconf 88' lang='lat' dir='ltr'><strong>eorum</strong></span> <span class='ocrx_word' id='word_1_620' title='bbox 3015 3910 3378 3978; x_wconf 88' lang='lat' dir='ltr'><strong>fortitudinis,</strong></span> <span class='ocrx_word' id='word_1_621' title='bbox 3408 3912 3502 3968; x_wconf 87' lang='lat' dir='ltr'><strong>sed</strong></span> <span class='ocrx_word' id='word_1_622' title='bbox 3530 3912 3696 3968; x_wconf 81' lang='lat' dir='ltr'><strong>nostri</strong></span> 
     </span>
    </p>
   </div>
   <div class='ocr_carea' id='block_1_86' title="bbox 2115 4003 2987 4074">
    <p class='ocr_par' dir='ltr' id='par_1_86' title="bbox 2115 4003 2987 4074">
     <span class='ocr_line' id='line_1_87' title="bbox 2115 4003 2987 4074; baseline -0.002 -14"><span class='ocrx_word' id='word_1_623' title='bbox 2115 4005 2319 4070; x_wconf 87' lang='lat' dir='ltr'><strong>meriti,</strong></span> <span class='ocrx_word' id='word_1_624' title='bbox 2362 4015 2418 4059; x_wconf 87' lang='lat' dir='ltr'><strong>et</strong></span> <span class='ocrx_word' id='word_1_625' title='bbox 2441 4003 2835 4074; x_wconf 89' lang='lat' dir='ltr'><strong>indignationis</strong></span> <span class='ocrx_word' id='word_1_626' title='bbox 2865 4015 2987 4058; x_wconf 74' lang='lat' dir='ltr'><strong>tuze.</strong></span> 
     </span>
    </p>
   </div>
   <div class='ocr_carea' id='block_1_87' title="bbox 2187 4097 3699 4167">
    <p class='ocr_par' dir='ltr' id='par_1_87' title="bbox 2187 4097 3699 4167">
     <span class='ocr_line' id='line_1_88' title="bbox 2187 4097 3699 4167; baseline 0 -17"><span class='ocrx_word' id='word_1_627' title='bbox 2187 4097 2361 4167; x_wconf 85' lang='lat' dir='ltr'><strong>(Vers.</strong></span> <span class='ocrx_word' id='word_1_628' title='bbox 2385 4097 2478 4161; x_wconf 69' lang='lat' dir='ltr'><strong>as,</strong></span> <span class='ocrx_word' id='word_1_629' title='bbox 2497 4097 2612 4167; x_wconf 81' lang='grc'>25.)</span> <span class='ocrx_word' id='word_1_630' title='bbox 2645 4097 2898 4165; x_wconf 70' lang='lat' dir='ltr'><strong>«Corripe</strong></span> <span class='ocrx_word' id='word_1_631' title='bbox 2919 4111 3024 4160; x_wconf 89' lang='lat' dir='ltr'><strong>me,</strong></span> <span class='ocrx_word' id='word_1_632' title='bbox 3047 4097 3270 4151; x_wconf 81' lang='lat' dir='ltr'><strong>Domine</strong></span> <span class='ocrx_word' id='word_1_633' title='bbox 3298 4109 3699 4154; x_wconf 84' lang='lat' dir='ltr'><strong>:vcrumtamen</strong></span> 
     </span>
    </p>
   </div>
   <div class='ocr_carea' id='block_1_88' title="bbox 2117 4188 3698 4258">
    <p class='ocr_par' dir='ltr' id='par_1_88' title="bbox 2117 4188 3698 4258">
     <span class='ocr_line' id='line_1_89' title="bbox 2117 4188 3698 4258; baseline -0.002 -15"><span class='ocrx_word' id='word_1_634' title='bbox 2117 4188 2170 4243; x_wconf 93' lang='lat' dir='ltr'><strong>in</strong></span> <span class='ocrx_word' id='word_1_635' title='bbox 2196 4189 2428 4258; x_wconf 83' lang='lat' dir='ltr'><strong>judicio,</strong></span> <span class='ocrx_word' id='word_1_636' title='bbox 2458 4198 2510 4243; x_wconf 89' lang='lat' dir='ltr'><strong>et</strong></span> <span class='ocrx_word' id='word_1_637' title='bbox 2542 4204 2647 4242; x_wconf 87' lang='lat' dir='ltr'><strong>non</strong></span> <span class='ocrx_word' id='word_1_638' title='bbox 2675 4189 2725 4242; x_wconf 89' lang='lat' dir='ltr'><strong>in</strong></span> <span class='ocrx_word' id='word_1_639' title='bbox 2760 4188 2944 4244; x_wconf 87' lang='lat' dir='ltr'><strong>furore</strong></span> <span class='ocrx_word' id='word_1_640' title='bbox 2974 4202 3064 4243; x_wconf 93' lang='lat' dir='ltr'><strong>tuo</strong></span> <span class='ocrx_word' id='word_1_641' title='bbox 3087 4207 3102 4257; x_wconf 88' lang='lat'><strong>;</strong></span> <span class='ocrx_word' id='word_1_642' title='bbox 3124 4205 3190 4244; x_wconf 89' lang='lat' dir='ltr'><strong>ne</strong></span> <span class='ocrx_word' id='word_1_643' title='bbox 3221 4191 3361 4244; x_wconf 89' lang='lat' dir='ltr'><strong>forte</strong></span> <span class='ocrx_word' id='word_1_644' title='bbox 3387 4191 3454 4244; x_wconf 87' lang='lat' dir='ltr'><strong>ad</strong></span> <span class='ocrx_word' id='word_1_645' title='bbox 3478 4190 3698 4245; x_wconf 89' lang='lat' dir='ltr'><strong>nihilum</strong></span> 
     </span>
    </p>
   </div>
   <div class='ocr_carea' id='block_1_89' title="bbox 2114 4278 3702 4351">
    <p class='ocr_par' dir='ltr' id='par_1_89' title="bbox 2114 4278 3702 4351">
     <span class='ocr_line' id='line_1_90' title="bbox 2114 4278 3702 4351; baseline -0.003 -15"><span class='ocrx_word' id='word_1_646' title='bbox 2114 4280 2279 4350; x_wconf 80' lang='lat'><strong>917</strong></span> <span class='ocrx_word' id='word_1_647' title='bbox 2313 4281 2528 4350; x_wconf 85' lang='lat' dir='ltr'><strong>redigas</strong></span> <span class='ocrx_word' id='word_1_648' title='bbox 2549 4294 2654 4335; x_wconf 89' lang='lat' dir='ltr'><strong>me.</strong></span> <span class='ocrx_word' id='word_1_649' title='bbox 2681 4278 2910 4335; x_wconf 72' lang='lat' dir='ltr'><strong>Effunde</strong></span> <span class='ocrx_word' id='word_1_650' title='bbox 2931 4281 3358 4351; x_wconf 85' lang='lat' dir='ltr'><strong>indignationem</strong></span> <span class='ocrx_word' id='word_1_651' title='bbox 3380 4291 3524 4336; x_wconf 88' lang='lat' dir='ltr'><strong>lnam</strong></span> <span class='ocrx_word' id='word_1_652' title='bbox 3547 4293 3702 4349; x_wconf 84' lang='lat' dir='ltr'><strong>super</strong></span> 
     </span>
    </p>
   </div>
   <div class='ocr_carea' id='block_1_90' title="bbox 2118 4373 3702 4445">
    <p class='ocr_par' dir='ltr' id='par_1_90' title="bbox 2118 4373 3702 4445">
     <span class='ocr_line' id='line_1_91' title="bbox 2118 4373 3702 4445; baseline 0.001 -20"><span class='ocrx_word' id='word_1_653' title='bbox 2118 4386 2325 4443; x_wconf 80' lang='lat' dir='ltr'><strong>gentes,</strong></span> <span class='ocrx_word' id='word_1_654' title='bbox 2354 4389 2473 4443; x_wconf 70' lang='lat' dir='ltr'><strong>quae</strong></span> <span class='ocrx_word' id='word_1_655' title='bbox 2497 4389 2603 4428; x_wconf 89' lang='lat' dir='ltr'><strong>non</strong></span> <span class='ocrx_word' id='word_1_656' title='bbox 2637 4385 3008 4443; x_wconf 88' lang='lat' dir='ltr'><strong>cognoverunt</strong></span> <span class='ocrx_word' id='word_1_657' title='bbox 3035 4385 3107 4443; x_wconf 88' lang='lat' dir='ltr'><strong>te,</strong></span> <span class='ocrx_word' id='word_1_658' title='bbox 3143 4385 3197 4429; x_wconf 90' lang='lat' dir='ltr'><strong>et</strong></span> <span class='ocrx_word' id='word_1_659' title='bbox 3221 4389 3387 4445; x_wconf 84' lang='lat' dir='ltr'><strong>super</strong></span> <span class='ocrx_word' id='word_1_660' title='bbox 3408 4373 3702 4444; x_wconf 83' lang='lat' dir='ltr'><strong>provincias</strong></span> 
     </span>
    </p>
   </div>
   <div class='ocr_carea' id='block_1_91' title="bbox 434 4466 3706 4548">
    <p class='ocr_par' dir='ltr' id='par_1_91' title="bbox 434 4466 3706 4548">
     <span class='ocr_line' id='line_1_92' title="bbox 434 4466 3706 4548; baseline -0.005 -14"><span class='ocrx_word' id='word_1_661' title='bbox 434 4479 637 4548; x_wconf 81' lang='lat' dir='ltr'><strong>inquit,</strong></span> <span class='ocrx_word' id='word_1_662' title='bbox 664 4477 980 4540; x_wconf 77' lang='lat' dir='ltr'><strong>subsistunt,</strong></span> <span class='ocrx_word' id='word_1_663' title='bbox 1012 4473 1125 4527; x_wconf 91' lang='lat' dir='ltr'><strong>sive</strong></span> <span class='ocrx_word' id='word_1_664' title='bbox 1151 4485 1255 4524; x_wconf 87' lang='lat' dir='ltr'><strong>non</strong></span> <span class='ocrx_word' id='word_1_665' title='bbox 1278 4478 1422 4522; x_wconf 83' lang='lat' dir='ltr'><strong>sunt.</strong></span> <span class='ocrx_word' id='word_1_666' title='bbox 1447 4467 1634 4536; x_wconf 80' lang='lat' dir='ltr'><strong>Neque</strong></span> <span class='ocrx_word' id='word_1_667' title='bbox 1659 4467 1804 4520; x_wconf 91' lang='lat' dir='ltr'><strong>enim</strong></span> <span class='ocrx_word' id='word_1_668' title='bbox 1835 4475 2016 4520; x_wconf 81' lang='lat' dir='ltr'><strong>trans-</strong></span> <span class='ocrx_word' id='word_1_669' title='bbox 2049 4489 2092 4545; x_wconf 72' lang='grc' dir='ltr'>ι)</span> <span class='ocrx_word' id='word_1_670' title='bbox 2123 4467 2249 4537; x_wconf 76' lang='lat' dir='ltr'><strong>(sive</strong></span> <span class='ocrx_word' id='word_1_671' title='bbox 2273 4466 2670 4537; x_wconf 84' lang='lat' dir='ltr'><strong>generationes)</strong></span> <span class='ocrx_word' id='word_1_672' title='bbox 2695 4481 2814 4536; x_wconf 80' lang='lat' dir='ltr'><strong>quae</strong></span> <span class='ocrx_word' id='word_1_673' title='bbox 2851 4482 3045 4523; x_wconf 90' lang='lat' dir='ltr'><strong>nomen</strong></span> <span class='ocrx_word' id='word_1_674' title='bbox 3066 4477 3220 4522; x_wconf 89' lang='lat' dir='ltr'><strong>tuum</strong></span> <span class='ocrx_word' id='word_1_675' title='bbox 3267 4483 3375 4522; x_wconf 92' lang='lat' dir='ltr'><strong>non</strong></span> <span class='ocrx_word' id='word_1_676' title='bbox 3422 4467 3706 4521; x_wconf 73' lang='lat' dir='ltr'><strong>invocave&#39;</strong></span> 
     </span>
    </p>
   </div>
   <div class='ocr_carea' id='block_1_92' title="bbox 438 4563 2018 4631">
    <p class='ocr_par' dir='ltr' id='par_1_92' title="bbox 438 4563 2018 4631">
     <span class='ocr_line' id='line_1_93' title="bbox 438 4563 2018 4631; baseline -0.009 -4"><span class='ocrx_word' id='word_1_677' title='bbox 438 4573 532 4628; x_wconf 90' lang='lat' dir='ltr'><strong>lati</strong></span> <span class='ocrx_word' id='word_1_678' title='bbox 574 4575 702 4626; x_wconf 85' lang='lat' dir='ltr'><strong>sunt</strong></span> <span class='ocrx_word' id='word_1_679' title='bbox 761 4569 815 4621; x_wconf 90' lang='lat' dir='ltr'><strong>in</strong></span> <span class='ocrx_word' id='word_1_680' title='bbox 867 4565 1178 4621; x_wconf 73' lang='lat' dir='ltr'><strong>Chaldaeam</strong></span> <span class='ocrx_word' id='word_1_681' title='bbox 1212 4579 1226 4616; x_wconf 87' lang='lat'><strong>:</strong></span> <span class='ocrx_word' id='word_1_682' title='bbox 1257 4563 1351 4616; x_wconf 90' lang='lat' dir='ltr'><strong>sed</strong></span> <span class='ocrx_word' id='word_1_683' title='bbox 1409 4575 1606 4631; x_wconf 86' lang='lat' dir='ltr'><strong>magna</strong></span> <span class='ocrx_word' id='word_1_684' title='bbox 1663 4574 1792 4630; x_wconf 86' lang='lat' dir='ltr'><strong>pars</strong></span> <span class='ocrx_word' id='word_1_685' title='bbox 1831 4573 2018 4616; x_wconf 87' lang='lat' dir='ltr'><strong>eorum</strong></span> 
     </span>
    </p>
   </div>
   <div class='ocr_carea' id='block_1_93' title="bbox 440 4651 2020 4730">
    <p class='ocr_par' dir='ltr' id='par_1_93' title="bbox 440 4651 2020 4730">
     <span class='ocr_line' id='line_1_94' title="bbox 440 4651 2020 4730; baseline -0.013 -7"><span class='ocrx_word' id='word_1_686' title='bbox 440 4662 733 4723; x_wconf 89' lang='lat' dir='ltr'><strong>interfecta</strong></span> <span class='ocrx_word' id='word_1_687' title='bbox 757 4654 1284 4730; x_wconf 71' lang='lat' dir='ltr'><strong>penitusquezdeleta</strong></span> <span class='ocrx_word' id='word_1_688' title='bbox 1305 4663 1409 4710; x_wconf 89' lang='lat' dir='ltr'><strong>est.</strong></span> <span class='ocrx_word' id='word_1_689' title='bbox 1434 4651 1558 4707; x_wconf 82' lang='lat' dir='ltr'><strong>Non</strong></span> <span class='ocrx_word' id='word_1_690' title='bbox 1599 4661 1674 4707; x_wconf 79' lang='lat' dir='ltr'><strong>est</strong></span> <span class='ocrx_word' id='word_1_691' title='bbox 1710 4651 1803 4722; x_wconf 84' lang='lat' dir='ltr'><strong>qui</strong></span> <span class='ocrx_word' id='word_1_692' title='bbox 1835 4658 2020 4707; x_wconf 74' lang='lat' dir='ltr'><strong>exten-</strong></span> 
     </span>
    </p>
   </div>
   <div class='ocr_carea' id='block_1_94' title="bbox 433 4743 2022 4820">
    <p class='ocr_par' dir='ltr' id='par_1_94' title="bbox 433 4743 2022 4820">
     <span class='ocr_line' id='line_1_95' title="bbox 433 4743 2022 4820; baseline -0.009 -9"><span class='ocrx_word' id='word_1_693' title='bbox 433 4767 530 4811; x_wconf 79' lang='lat' dir='ltr'><strong>oat</strong></span> <span class='ocrx_word' id='word_1_694' title='bbox 549 4755 692 4809; x_wconf 82' lang='lat' dir='ltr'><strong>ultra</strong></span> <span class='ocrx_word' id='word_1_695' title='bbox 721 4747 1184 4820; x_wconf 74' lang='lat' dir='ltr'><strong>lentorium916</strong></span> <span class='ocrx_word' id='word_1_696' title='bbox 1202 4760 1372 4801; x_wconf 86' lang='lat' dir='ltr'><strong>meum</strong></span> <span class='ocrx_word' id='word_1_697' title='bbox 1400 4752 1420 4798; x_wconf 87' lang='lat'><strong>.‘</strong></span> <span class='ocrx_word' id='word_1_698' title='bbox 1452 4759 1562 4800; x_wconf 86' lang='lat' dir='ltr'><strong>non</strong></span> <span class='ocrx_word' id='word_1_699' title='bbox 1593 4752 1678 4800; x_wconf 86' lang='lat' dir='ltr'><strong>est</strong></span> <span class='ocrx_word' id='word_1_700' title='bbox 1705 4744 1800 4812; x_wconf 88' lang='lat' dir='ltr'><strong>qui</strong></span> <span class='ocrx_word' id='word_1_701' title='bbox 1830 4758 1916 4798; x_wconf 86' lang='lat' dir='ltr'><strong>me</strong></span> <span class='ocrx_word' id='word_1_702' title='bbox 1939 4743 2022 4798; x_wconf 79' lang='lat' dir='ltr'><strong>in-</strong></span> 
     </span>
    </p>
   </div>
   <div class='ocr_carea' id='block_1_95' title="bbox 438 4835 2020 4915">
    <p class='ocr_par' dir='ltr' id='par_1_95' title="bbox 438 4835 2020 4915">
     <span class='ocr_line' id='line_1_96' title="bbox 438 4835 2020 4915; baseline -0.009 -9"><span class='ocrx_word' id='word_1_703' title='bbox 438 4857 668 4915; x_wconf 84' lang='lat' dir='ltr'><strong>stauret,</strong></span> <span class='ocrx_word' id='word_1_704' title='bbox 699 4855 755 4903; x_wconf 90' lang='lat' dir='ltr'><strong>et</strong></span> <span class='ocrx_word' id='word_1_705' title='bbox 806 4857 1086 4900; x_wconf 90' lang='lat' dir='ltr'><strong>murorum</strong></span> <span class='ocrx_word' id='word_1_706' title='bbox 1131 4852 1373 4896; x_wconf 87' lang='lat' dir='ltr'><strong>meorum</strong></span> <span class='ocrx_word' id='word_1_707' title='bbox 1424 4838 1592 4910; x_wconf 75' lang='lat' dir='ltr'><strong>iaciat</strong></span> <span class='ocrx_word' id='word_1_708' title='bbox 1641 4835 2020 4904; x_wconf 84' lang='lat' dir='ltr'><strong>fundamenta,</strong></span> 
     </span>
    </p>
   </div>
   <div class='ocr_carea' id='block_1_96' title="bbox 439 4931 1519 5014">
    <p class='ocr_par' dir='ltr' id='par_1_96' title="bbox 439 4931 1519 5014">
     <span class='ocr_line' id='line_1_97' title="bbox 439 4931 1519 5014; baseline -0.007 -18"><span class='ocrx_word' id='word_1_709' title='bbox 439 4942 532 5014; x_wconf 86' lang='lat' dir='ltr'><strong>qui</strong></span> <span class='ocrx_word' id='word_1_710' title='bbox 557 4940 833 5010; x_wconf 66' lang='lat' dir='ltr'><strong>ad,solum</strong></span> <span class='ocrx_word' id='word_1_711' title='bbox 872 4950 1048 5006; x_wconf 90' lang='lat' dir='ltr'><strong>usque</strong></span> <span class='ocrx_word' id='word_1_712' title='bbox 1076 4931 1336 5004; x_wconf 89' lang='lat' dir='ltr'><strong>prostrati</strong></span> <span class='ocrx_word' id='word_1_713' title='bbox 1365 4940 1519 4988; x_wconf 90' lang='lat' dir='ltr'><strong>sunt.</strong></span> 
     </span>
    </p>
   </div>
   <div class='ocr_carea' id='block_1_97' title="bbox 511 5029 2022 5100">
    <p class='ocr_par' dir='ltr' id='par_1_97' title="bbox 511 5029 2022 5100">
     <span class='ocr_line' id='line_1_98' title="bbox 511 5029 2022 5100; baseline -0.005 -14"><span class='ocrx_word' id='word_1_714' title='bbox 511 5032 692 5100; x_wconf 83' lang='lat' dir='ltr'><strong>(Vcrs.</strong></span> <span class='ocrx_word' id='word_1_715' title='bbox 741 5031 859 5099; x_wconf 81' lang='grc'>21.)</span> <span class='ocrx_word' id='word_1_716' title='bbox 894 5048 912 5082; x_wconf 74' lang='grc' dir='ltr'><strong>ι</strong></span> <span class='ocrx_word' id='word_1_717' title='bbox 963 5029 1103 5096; x_wconf 84' lang='lat' dir='ltr'><strong>Quia</strong></span> <span class='ocrx_word' id='word_1_718' title='bbox 1156 5029 1321 5084; x_wconf 88' lang='lat' dir='ltr'><strong>stulte</strong></span> <span class='ocrx_word' id='word_1_719' title='bbox 1373 5035 1600 5098; x_wconf 82' lang='lat' dir='ltr'><strong>egerunt</strong></span> <span class='ocrx_word' id='word_1_720' title='bbox 1650 5035 1919 5098; x_wconf 84' lang='lat' dir='ltr'><strong>pastores,</strong></span> <span class='ocrx_word' id='word_1_721' title='bbox 1966 5033 2022 5080; x_wconf 88' lang='lat' dir='ltr'><strong>et</strong></span> 
     </span>
    </p>
   </div>
   <div class='ocr_carea' id='block_1_98' title="bbox 442 5115 2021 5192">
    <p class='ocr_par' dir='ltr' id='par_1_98' title="bbox 442 5115 2021 5192">
     <span class='ocr_line' id='line_1_99' title="bbox 442 5115 2021 5192; baseline -0.007 -11"><span class='ocrx_word' id='word_1_722' title='bbox 442 5125 732 5181; x_wconf 89' lang='lat' dir='ltr'><strong>Dominum</strong></span> <span class='ocrx_word' id='word_1_723' title='bbox 769 5137 874 5178; x_wconf 92' lang='lat' dir='ltr'><strong>non</strong></span> <span class='ocrx_word' id='word_1_724' title='bbox 918 5122 1289 5192; x_wconf 63' lang='lat' dir='ltr'><strong>quiesierunt:</strong></span> <span class='ocrx_word' id='word_1_725' title='bbox 1322 5126 1609 5189; x_wconf 87' lang='lat' dir='ltr'><strong>propterea</strong></span> <span class='ocrx_word' id='word_1_726' title='bbox 1652 5133 1758 5173; x_wconf 89' lang='lat' dir='ltr'><strong>non</strong></span> <span class='ocrx_word' id='word_1_727' title='bbox 1811 5115 2021 5173; x_wconf 86' lang='lat' dir='ltr'><strong>intelle-</strong></span> 
     </span>
    </p>
   </div>
   <div class='ocr_carea' id='block_1_99' title="bbox 443 5207 2022 5286">
    <p class='ocr_par' dir='ltr' id='par_1_99' title="bbox 443 5207 2022 5286">
     <span class='ocr_line' id='line_1_100' title="bbox 443 5207 2022 5286; baseline -0.007 -12"><span class='ocrx_word' id='word_1_728' title='bbox 443 5225 664 5285; x_wconf 78' lang='lat' dir='ltr'><strong>xerunt,</strong></span> <span class='ocrx_word' id='word_1_729' title='bbox 687 5226 744 5272; x_wconf 81' lang='lat' dir='ltr'><strong>et.</strong></span> <span class='ocrx_word' id='word_1_730' title='bbox 773 5215 950 5272; x_wconf 76' lang='lat' dir='ltr'><strong>omnis</strong></span> <span class='ocrx_word' id='word_1_731' title='bbox 971 5216 1114 5286; x_wconf 69' lang='lat' dir='ltr'><strong>[grex</strong></span> <span class='ocrx_word' id='word_1_732' title='bbox 1152 5228 1340 5269; x_wconf 90' lang='lat' dir='ltr'><strong>eorum</strong></span> <span class='ocrx_word' id='word_1_733' title='bbox 1392 5211 1672 5282; x_wconf 88' lang='lat' dir='ltr'><strong>dispersus</strong></span> <span class='ocrx_word' id='word_1_734' title='bbox 1713 5223 1819 5267; x_wconf 89' lang='lat' dir='ltr'><strong>est.</strong></span> <span class='ocrx_word' id='word_1_735' title='bbox 1862 5229 1882 5263; x_wconf 76' lang='grc' dir='ltr'><strong>ι</strong></span> <span class='ocrx_word' id='word_1_736' title='bbox 1919 5207 2022 5265; x_wconf 86' lang='lat' dir='ltr'><strong>Per</strong></span> 
     </span>
    </p>
   </div>
   <div class='ocr_carea' id='block_1_100' title="bbox 520 5419 1648 5478">
    <p class='ocr_par' dir='ltr' id='par_1_100' title="bbox 520 5419 1648 5478">
     <span class='ocr_line' id='line_1_101' title="bbox 520 5419 1648 5478; baseline -0.005 0"><span class='ocrx_word' id='word_1_737' title='bbox 520 5423 537 5455; x_wconf 86' lang='grc'>¹</span> <span class='ocrx_word' id='word_1_738' title='bbox 577 5423 635 5478; x_wconf 91' lang='lat' dir='ltr'><strong>ln</strong></span> <span class='ocrx_word' id='word_1_739' title='bbox 666 5437 796 5477; x_wconf 89' lang='lat' dir='ltr'><strong>mss.</strong></span> <span class='ocrx_word' id='word_1_740' title='bbox 829 5431 913 5476; x_wconf 90' lang='lat' dir='ltr'><strong>est</strong></span> <span class='ocrx_word' id='word_1_741' title='bbox 938 5419 1141 5476; x_wconf 65' lang='lat' dir='ltr'><strong>Graacis</strong></span> <span class='ocrx_word' id='word_1_742' title='bbox 1189 5420 1387 5475; x_wconf 83' lang='lat' dir='ltr'><strong>litteris</strong></span> <span class='ocrx_word' id='word_1_743' title='bbox 1435 5419 1648 5473; x_wconf 79' lang='grc' dir='ltr'><strong>ΚΩΛΠ.</strong></span> 
     </span>
    </p>
   </div>
   <div class='ocr_carea' id='block_1_101' title="bbox 513 5491 1604 5556">
    <p class='ocr_par' dir='ltr' id='par_1_101' title="bbox 513 5491 1604 5556">
     <span class='ocr_line' id='line_1_102' title="bbox 513 5491 1604 5556; baseline -0.007 -6"><span class='ocrx_word' id='word_1_744' title='bbox 513 5497 536 5528; x_wconf 85' lang='grc'>²</span> <span class='ocrx_word' id='word_1_745' title='bbox 563 5495 793 5549; x_wconf 89' lang='lat' dir='ltr'><strong>Cistere.</strong></span> <span class='ocrx_word' id='word_1_746' title='bbox 820 5501 875 5548; x_wconf 90' lang='lat' dir='ltr'><strong>et</strong></span> <span class='ocrx_word' id='word_1_747' title='bbox 920 5491 1094 5545; x_wconf 80' lang='lat' dir='ltr'><strong>Vatic.</strong></span> <span class='ocrx_word' id='word_1_748' title='bbox 1126 5531 1141 5556; x_wconf 92' lang='lat'><strong>,</strong></span> <span class='ocrx_word' id='word_1_749' title='bbox 1169 5493 1478 5546; x_wconf 81' lang='lat' dir='ltr'><strong>destitutum</strong></span> <span class='ocrx_word' id='word_1_750' title='bbox 1509 5501 1604 5542; x_wconf 77' lang='lat' dir='ltr'><strong>est.</strong></span> 
     </span>
    </p>
   </div>
   <div class='ocr_carea' id='block_1_102' title="bbox 517 5558 2020 5633">
    <p class='ocr_par' dir='ltr' id='par_1_102' title="bbox 517 5558 2020 5633">
     <span class='ocr_line' id='line_1_103' title="bbox 517 5558 2020 5633; baseline -0.005 -15"><span class='ocrx_word' id='word_1_751' title='bbox 517 5565 541 5598; x_wconf 88' lang='grc'><em>³</em></span> <span class='ocrx_word' id='word_1_752' title='bbox 573 5566 735 5620; x_wconf 85' lang='lat' dir='ltr'><strong>Iidem</strong></span> <span class='ocrx_word' id='word_1_753' title='bbox 770 5577 899 5619; x_wconf 87' lang='lat' dir='ltr'><strong>mss.</strong></span> <span class='ocrx_word' id='word_1_754' title='bbox 929 5600 946 5627; x_wconf 88' lang='lat'><strong>,</strong></span> <span class='ocrx_word' id='word_1_755' title='bbox 975 5571 1080 5616; x_wconf 84' lang='lat' dir='ltr'><strong>tam</strong></span> <span class='ocrx_word' id='word_1_756' title='bbox 1109 5562 1330 5633; x_wconf 71' lang='lat' dir='ltr'><strong>felicem,</strong></span> <span class='ocrx_word' id='word_1_757' title='bbox 1357 5561 1498 5630; x_wconf 89' lang='lat' dir='ltr'><strong>quod</strong></span> <span class='ocrx_word' id='word_1_758' title='bbox 1522 5559 1706 5633; x_wconf 77' lang='lat' dir='ltr'><strong>nescio</strong></span> <span class='ocrx_word' id='word_1_759' title='bbox 1727 5575 1793 5612; x_wconf 88' lang='lat' dir='ltr'><strong>an</strong></span> <span class='ocrx_word' id='word_1_760' title='bbox 1820 5558 2020 5613; x_wconf 88' lang='lat' dir='ltr'><strong>verius.</strong></span> 
     </span>
    </p>
   </div>
   <div class='ocr_carea' id='block_1_103' title="bbox 515 5631 2018 5703">
    <p class='ocr_par' dir='ltr' id='par_1_103' title="bbox 515 5631 2018 5703">
     <span class='ocr_line' id='line_1_104' title="bbox 515 5631 2018 5703; baseline -0.005 -15"><span class='ocrx_word' id='word_1_761' title='bbox 515 5635 539 5668; x_wconf 73' lang='grc'>⁸</span> <span class='ocrx_word' id='word_1_762' title='bbox 567 5636 768 5703; x_wconf 77' lang='lat' dir='ltr'><strong>Dogma</strong></span> <span class='ocrx_word' id='word_1_763' title='bbox 794 5635 899 5688; x_wconf 86' lang='lat' dir='ltr'><strong>hoc</strong></span> <span class='ocrx_word' id='word_1_764' title='bbox 931 5644 1050 5688; x_wconf 88' lang='lat' dir='ltr'><strong>erat</strong></span> <span class='ocrx_word' id='word_1_765' title='bbox 1094 5631 1533 5702; x_wconf 80' lang='lat' dir='ltr'><strong>Pelagianorum,</strong></span> <span class='ocrx_word' id='word_1_766' title='bbox 1568 5631 1720 5699; x_wconf 84' lang='lat' dir='ltr'><strong>cujus</strong></span> <span class='ocrx_word' id='word_1_767' title='bbox 1775 5645 2018 5703; x_wconf 82' lang='lat' dir='ltr'><strong>sensuttt,</strong></span> 
     </span>
    </p>
   </div>
   <div class='ocr_carea' id='block_1_104' title="bbox 446 5699 2015 5776">
    <p class='ocr_par' dir='ltr' id='par_1_104' title="bbox 446 5699 2015 5776">
     <span class='ocr_line' id='line_1_105' title="bbox 446 5699 2015 5776; baseline -0.008 -15"><span class='ocrx_word' id='word_1_768' title='bbox 446 5699 752 5776; x_wconf 80' lang='lat' dir='ltr'><strong>quanquam</strong></span> <span class='ocrx_word' id='word_1_769' title='bbox 810 5706 944 5759; x_wconf 88' lang='lat' dir='ltr'><strong>satis</strong></span> <span class='ocrx_word' id='word_1_770' title='bbox 1000 5718 1073 5776; x_wconf 84' lang='lat' dir='ltr'><strong>ex_</strong></span> <span class='ocrx_word' id='word_1_771' title='bbox 1121 5699 2015 5776; x_wconf 33' lang='lat' dir='ltr'><strong>hOC&#39;JOCQ-pei&#39;clytltlt‘,“lliall‘ltl</strong></span> 
     </span>
    </p>
   </div>
   <div class='ocr_carea' id='block_1_105' title="bbox 447 5769 2018 5847">
    <p class='ocr_par' dir='ltr' id='par_1_105' title="bbox 447 5769 2018 5847">
     <span class='ocr_line' id='line_1_106' title="bbox 447 5769 2018 5847; baseline -0.01 -13"><span class='ocrx_word' id='word_1_772' title='bbox 447 5769 628 5834; x_wconf 65' lang='lat' dir='ltr'><strong>tamen</strong></span> <span class='ocrx_word' id='word_1_773' title='bbox 652 5785 710 5831; x_wconf 90' lang='lat' dir='ltr'><strong>ut</strong></span> <span class='ocrx_word' id='word_1_774' title='bbox 729 5783 1026 5847; x_wconf 75' lang='lat' dir='ltr'><strong>repetasex</strong></span> <span class='ocrx_word' id='word_1_775' title='bbox 1050 5774 1338 5842; x_wconf 81' lang='lat' dir='ltr'><strong>Augustin.</strong></span> <span class='ocrx_word' id='word_1_776' title='bbox 1369 5772 1463 5828; x_wconf 87' lang='lat' dir='ltr'><strong>lib.</strong></span> <span class='ocrx_word' id='word_1_777' title='bbox 1492 5772 1556 5828; x_wconf 85' lang='lat' dir='ltr'><strong>de</strong></span> <span class='ocrx_word' id='word_1_778' title='bbox 1583 5770 1764 5827; x_wconf 85' lang='lat' dir='ltr'><strong>Gestis</strong></span> <span class='ocrx_word' id='word_1_779' title='bbox 1791 5769 2018 5840; x_wconf 81' lang='lat' dir='ltr'><strong>Pelagii,</strong></span> 
     </span>
    </p>
   </div>
   <div class='ocr_carea' id='block_1_106' title="bbox 2127 4556 3704 4629">
    <p class='ocr_par' dir='ltr' id='par_1_106' title="bbox 2127 4556 3704 4629">
     <span class='ocr_line' id='line_1_107' title="bbox 2127 4556 3704 4629; baseline -0.003 -18"><span class='ocrx_word' id='word_1_780' title='bbox 2127 4564 2275 4624; x_wconf 89' lang='lat' dir='ltr'><strong>runt,</strong></span> <span class='ocrx_word' id='word_1_781' title='bbox 2311 4557 2442 4625; x_wconf 85' lang='lat' dir='ltr'><strong>quia</strong></span> <span class='ocrx_word' id='word_1_782' title='bbox 2471 4556 3122 4629; x_wconf 56' lang='lat' dir='ltr'><strong>devoraverunthacob,</strong></span> <span class='ocrx_word' id='word_1_783' title='bbox 3151 4567 3205 4614; x_wconf 87' lang='lat' dir='ltr'><strong>et</strong></span> <span class='ocrx_word' id='word_1_784' title='bbox 3238 4557 3416 4613; x_wconf 88' lang='lat' dir='ltr'><strong>locum</strong></span> <span class='ocrx_word' id='word_1_785' title='bbox 3446 4556 3562 4626; x_wconf 83' lang='lat' dir='ltr'><strong>ejus</strong></span> <span class='ocrx_word' id='word_1_786' title='bbox 3580 4568 3704 4610; x_wconf 82' lang='lat' dir='ltr'><strong>con-</strong></span> 
     </span>
    </p>
   </div>
   <div class='ocr_carea' id='block_1_107' title="bbox 2124 4649 3706 4724">
    <p class='ocr_par' dir='ltr' id='par_1_107' title="bbox 2124 4649 3706 4724">
     <span class='ocr_line' id='line_1_108' title="bbox 2124 4649 3706 4724; baseline -0.004 -20"><span class='ocrx_word' id='word_1_787' title='bbox 2124 4658 2496 4718; x_wconf 88' lang='lat' dir='ltr'><strong>sumpserunt,</strong></span> <span class='ocrx_word' id='word_1_788' title='bbox 2515 4658 2571 4705; x_wconf 84' lang='lat' dir='ltr'><strong>et</strong></span> <span class='ocrx_word' id='word_1_789' title='bbox 2599 4651 2764 4706; x_wconf 83' lang='lat' dir='ltr'><strong>decus</strong></span> <span class='ocrx_word' id='word_1_790' title='bbox 2797 4649 2915 4719; x_wconf 84' lang='lat' dir='ltr'><strong>ejus</strong></span> <span class='ocrx_word' id='word_1_791' title='bbox 2942 4651 3044 4722; x_wconf 83' lang='lat' dir='ltr'><strong>(vel</strong></span> <span class='ocrx_word' id='word_1_792' title='bbox 3064 4649 3288 4724; x_wconf 85' lang='lat' dir='ltr'><strong>pascua)</strong></span> <span class='ocrx_word' id='word_1_793' title='bbox 3311 4650 3706 4719; x_wconf 86' lang='lat' dir='ltr'><strong>dissipaverunt</strong></span> 
     </span>
    </p>
   </div>
   <div class='ocr_carea' id='block_1_108' title="bbox 2125 4739 3704 4811">
    <p class='ocr_par' dir='ltr' id='par_1_108' title="bbox 2125 4739 3704 4811">
     <span class='ocr_line' id='line_1_109' title="bbox 2125 4739 3704 4811; baseline -0.002 -20"><span class='ocrx_word' id='word_1_794' title='bbox 2125 4739 2252 4809; x_wconf 74' lang='lat' dir='ltr'><strong>(sive</strong></span> <span class='ocrx_word' id='word_1_795' title='bbox 2278 4740 2344 4794; x_wconf 83' lang='lat' dir='ltr'><strong>ad</strong></span> <span class='ocrx_word' id='word_1_796' title='bbox 2367 4739 2721 4795; x_wconf 85' lang='lat' dir='ltr'><strong>solitudinem</strong></span> <span class='ocrx_word' id='word_1_797' title='bbox 2773 4741 3141 4811; x_wconf 84' lang='lat' dir='ltr'><strong>redegerunt).</strong></span> <span class='ocrx_word' id='word_1_798' title='bbox 3184 4758 3205 4792; x_wconf 67' lang='grc' dir='ltr'><strong>ι</strong></span> <span class='ocrx_word' id='word_1_799' title='bbox 3237 4739 3395 4794; x_wconf 80' lang='lat' dir='ltr'><strong>Hunc</strong></span> <span class='ocrx_word' id='word_1_800' title='bbox 3447 4741 3622 4791; x_wconf 88' lang='lat' dir='ltr'><strong>locutu</strong></span> <span class='ocrx_word' id='word_1_801' title='bbox 3655 4745 3704 4789; x_wconf 91' lang='lat' dir='ltr'><strong>et</strong></span> 
     </span>
    </p>
   </div>
   <div class='ocr_carea' id='block_1_109' title="bbox 2124 4828 3705 4901">
    <p class='ocr_par' dir='ltr' id='par_1_109' title="bbox 2124 4828 3705 4901">
     <span class='ocr_line' id='line_1_110' title="bbox 2124 4828 3705 4901; baseline -0.003 -17"><span class='ocrx_word' id='word_1_802' title='bbox 2124 4831 2179 4885; x_wconf 92' lang='lat' dir='ltr'><strong>in</strong></span> <span class='ocrx_word' id='word_1_803' title='bbox 2210 4828 2672 4901; x_wconf 77' lang='lat' dir='ltr'><strong>Psalmolegimus</strong></span> <span class='ocrx_word' id='word_1_804' title='bbox 2700 4847 2716 4886; x_wconf 91' lang='lat'><strong>:</strong></span> <span class='ocrx_word' id='word_1_805' title='bbox 2743 4831 2989 4892; x_wconf 86' lang='lat' dir='ltr'><strong>Domine,</strong></span> <span class='ocrx_word' id='word_1_806' title='bbox 3015 4848 3078 4885; x_wconf 83' lang='lat' dir='ltr'><strong>ue</strong></span> <span class='ocrx_word' id='word_1_807' title='bbox 3108 4833 3162 4886; x_wconf 82' lang='lat' dir='ltr'><strong>in</strong></span> <span class='ocrx_word' id='word_1_808' title='bbox 3187 4831 3366 4901; x_wconf 83' lang='lat' dir='ltr'><strong>furore</strong></span> <span class='ocrx_word' id='word_1_809' title='bbox 3389 4838 3478 4885; x_wconf 83' lang='lat' dir='ltr'><strong>tuo</strong></span> <span class='ocrx_word' id='word_1_810' title='bbox 3511 4845 3705 4898; x_wconf 79' lang='lat' dir='ltr'><strong>arguas</strong></span> 
     </span>
    </p>
   </div>
   <div class='ocr_carea' id='block_1_110' title="bbox 2125 4920 3704 4998">
    <p class='ocr_par' dir='ltr' id='par_1_110' title="bbox 2125 4920 3704 4998">
     <span class='ocr_line' id='line_1_111' title="bbox 2125 4920 3704 4998; baseline -0.003 -20"><span class='ocrx_word' id='word_1_811' title='bbox 2125 4942 2246 4986; x_wconf 82' lang='lat' dir='ltr'><strong>me;</strong></span> <span class='ocrx_word' id='word_1_812' title='bbox 2273 4941 2436 4998; x_wconf 83' lang='lat' dir='ltr'><strong>neque</strong></span> <span class='ocrx_word' id='word_1_813' title='bbox 2475 4927 2532 4980; x_wconf 86' lang='lat' dir='ltr'><strong>in</strong></span> <span class='ocrx_word' id='word_1_814' title='bbox 2574 4927 2659 4981; x_wconf 85' lang='lat' dir='ltr'><strong>ira</strong></span> <span class='ocrx_word' id='word_1_815' title='bbox 2710 4934 2804 4980; x_wconf 84' lang='lat' dir='ltr'><strong>tua</strong></span> <span class='ocrx_word' id='word_1_816' title='bbox 2855 4928 3118 4996; x_wconf 77' lang='lat' dir='ltr'><strong>corripias</strong></span> <span class='ocrx_word' id='word_1_817' title='bbox 3173 4941 3254 4980; x_wconf 87' lang='lat' dir='ltr'><strong>me</strong></span> <span class='ocrx_word' id='word_1_818' title='bbox 3293 4923 3464 4995; x_wconf 83' lang='lat' dir='ltr'><strong>(Psal.</strong></span> <span class='ocrx_word' id='word_1_819' title='bbox 3517 4937 3595 4988; x_wconf 85' lang='lat' dir='ltr'><strong>vt,</strong></span> <span class='ocrx_word' id='word_1_820' title='bbox 3629 4920 3654 4973; x_wconf 77' lang='grc'><strong>1</strong></span> <span class='ocrx_word' id='word_1_821' title='bbox 3689 4937 3704 4986; x_wconf 84' lang='grc'>;</span> 
     </span>
    </p>
   </div>
   <div class='ocr_carea' id='block_1_111' title="bbox 2127 5013 3704 5090">
    <p class='ocr_par' dir='ltr' id='par_1_111' title="bbox 2127 5013 3704 5090">
     <span class='ocr_line' id='line_1_112' title="bbox 2127 5013 3704 5090; baseline -0.006 -17"><span class='ocrx_word' id='word_1_822' title='bbox 2127 5033 2336 5084; x_wconf 76' lang='lat' dir='ltr'><strong>xxxvn,</strong></span> <span class='ocrx_word' id='word_1_823' title='bbox 2377 5019 2454 5090; x_wconf 79' lang='grc'><strong>1).</strong></span> <span class='ocrx_word' id='word_1_824' title='bbox 2483 5017 2550 5073; x_wconf 86' lang='grc' dir='ltr'>Ει</span> <span class='ocrx_word' id='word_1_825' title='bbox 2584 5026 2667 5075; x_wconf 87' lang='lat' dir='ltr'><strong>est</strong></span> <span class='ocrx_word' id='word_1_826' title='bbox 2693 5033 2887 5075; x_wconf 88' lang='lat' dir='ltr'><strong>sensus</strong></span> <span class='ocrx_word' id='word_1_827' title='bbox 2918 5017 3236 5074; x_wconf 78' lang='lat' dir='ltr'><strong>:Meremur</strong></span> <span class='ocrx_word' id='word_1_828' title='bbox 3268 5016 3483 5087; x_wconf 84' lang='lat' dir='ltr'><strong>quidem</strong></span> <span class='ocrx_word' id='word_1_829' title='bbox 3518 5013 3704 5070; x_wconf 84' lang='lat' dir='ltr'><strong>omnia</strong></span> 
     </span>
    </p>
   </div>
   <div class='ocr_carea' id='block_1_112' title="bbox 2126 5107 3703 5180">
    <p class='ocr_par' dir='ltr' id='par_1_112' title="bbox 2126 5107 3703 5180">
     <span class='ocr_line' id='line_1_113' title="bbox 2126 5107 3703 5180; baseline -0.006 -16"><span class='ocrx_word' id='word_1_830' title='bbox 2126 5124 2246 5180; x_wconf 73' lang='lat' dir='ltr'><strong>quae</strong></span> <span class='ocrx_word' id='word_1_831' title='bbox 2274 5109 2633 5176; x_wconf 86' lang='lat' dir='ltr'><strong>sustinemus,</strong></span> <span class='ocrx_word' id='word_1_832' title='bbox 2670 5120 2726 5165; x_wconf 78' lang='lat' dir='ltr'><strong>et</strong></span> <span class='ocrx_word' id='word_1_833' title='bbox 2755 5109 2924 5164; x_wconf 90' lang='lat' dir='ltr'><strong>multo</strong></span> <span class='ocrx_word' id='word_1_834' title='bbox 2976 5122 3248 5164; x_wconf 89' lang='lat' dir='ltr'><strong>meremur</strong></span> <span class='ocrx_word' id='word_1_835' title='bbox 3304 5107 3505 5177; x_wconf 86' lang='lat' dir='ltr'><strong>majora</strong></span> <span class='ocrx_word' id='word_1_836' title='bbox 3538 5117 3703 5174; x_wconf 85' lang='lat' dir='ltr'><strong>quam</strong></span> 
     </span>
    </p>
   </div>
   <div class='ocr_carea' id='block_1_113' title="bbox 2128 5199 3707 5274">
    <p class='ocr_par' dir='ltr' id='par_1_113' title="bbox 2128 5199 3707 5274">
     <span class='ocr_line' id='line_1_114' title="bbox 2128 5199 3707 5274; baseline -0.005 -17"><span class='ocrx_word' id='word_1_837' title='bbox 2128 5204 2388 5274; x_wconf 87' lang='lat' dir='ltr'><strong>patimur.</strong></span> <span class='ocrx_word' id='word_1_838' title='bbox 2424 5201 2806 5259; x_wconf 86' lang='lat' dir='ltr'><strong>Verumtamen</strong></span> <span class='ocrx_word' id='word_1_839' title='bbox 2831 5202 2936 5258; x_wconf 85' lang='lat' dir='ltr'><strong>hoc</strong></span> <span class='ocrx_word' id='word_1_840' title='bbox 2966 5201 3211 5269; x_wconf 84' lang='lat' dir='ltr'><strong>obsecro,</strong></span> <span class='ocrx_word' id='word_1_841' title='bbox 3249 5210 3309 5257; x_wconf 93' lang='lat' dir='ltr'><strong>ut</strong></span> <span class='ocrx_word' id='word_1_842' title='bbox 3351 5199 3502 5272; x_wconf 88' lang='lat' dir='ltr'><strong>quasi</strong></span> <span class='ocrx_word' id='word_1_843' title='bbox 3551 5205 3707 5268; x_wconf 83' lang='lat' dir='ltr'><strong>pater</strong></span> 
     </span>
    </p>
   </div>
   <div class='ocr_carea' id='block_1_114' title="bbox 2133 5408 3152 5483">
    <p class='ocr_par' dir='ltr' id='par_1_114' title="bbox 2133 5408 3152 5483">
     <span class='ocr_line' id='line_1_115' title="bbox 2133 5408 3152 5483; baseline -0.004 -17"><span class='ocrx_word' id='word_1_844' title='bbox 2133 5415 2315 5482; x_wconf 86' lang='lat' dir='ltr'><strong>ipsove</strong></span> <span class='ocrx_word' id='word_1_845' title='bbox 2353 5411 2683 5483; x_wconf 79' lang='lat' dir='ltr'><strong>Hieronymo</strong></span> <span class='ocrx_word' id='word_1_846' title='bbox 2707 5410 2802 5483; x_wconf 79' lang='lat' dir='ltr'><strong>lib.</strong></span> <span class='ocrx_word' id='word_1_847' title='bbox 2833 5425 2892 5466; x_wconf 87' lang='lat' dir='ltr'><strong>nt</strong></span> <span class='ocrx_word' id='word_1_848' title='bbox 2923 5408 3152 5479; x_wconf 85' lang='lat' dir='ltr'><strong>Dialogl.</strong></span> 
     </span>
    </p>
   </div>
   <div class='ocr_carea' id='block_1_115' title="bbox 2201 5472 3707 5549">
    <p class='ocr_par' dir='ltr' id='par_1_115' title="bbox 2201 5472 3707 5549">
     <span class='ocr_line' id='line_1_116' title="bbox 2201 5472 3707 5549; baseline -0.009 -12"><span class='ocrx_word' id='word_1_849' title='bbox 2201 5484 2222 5514; x_wconf 81' lang='grc'>⁸</span> <span class='ocrx_word' id='word_1_850' title='bbox 2254 5484 2475 5537; x_wconf 73' lang='lat' dir='ltr'><strong>Rectius</strong></span> <span class='ocrx_word' id='word_1_851' title='bbox 2499 5472 2574 5536; x_wconf 62' lang='lat' dir='ltr'><strong>au&#39;</strong></span> <span class='ocrx_word' id='word_1_852' title='bbox 2604 5481 2928 5536; x_wconf 87' lang='lat' dir='ltr'><strong>Hebraieum</strong></span> <span class='ocrx_word' id='word_1_853' title='bbox 2963 5472 3238 5549; x_wconf 79' lang='lat' dir='ltr'><strong>exemplar</strong></span> <span class='ocrx_word' id='word_1_854' title='bbox 3281 5476 3529 5531; x_wconf 80' lang='lat' dir='ltr'><strong>Rabanus</strong></span> <span class='ocrx_word' id='word_1_855' title='bbox 3556 5472 3707 5542; x_wconf 84' lang='lat' dir='ltr'><strong>legit,</strong></span> 
     </span>
    </p>
   </div>
   <div class='ocr_carea' id='block_1_116' title="bbox 2129 5550 3708 5623">
    <p class='ocr_par' dir='ltr' id='par_1_116' title="bbox 2129 5550 3708 5623">
     <span class='ocr_line' id='line_1_117' title="bbox 2129 5550 3708 5623; baseline 0 -18"><span class='ocrx_word' id='word_1_856' title='bbox 2129 5555 2256 5623; x_wconf 86' lang='lat' dir='ltr'><strong>quia</strong></span> <span class='ocrx_word' id='word_1_857' title='bbox 2309 5555 2645 5623; x_wconf 76' lang='lat' dir='ltr'><strong>comederunt</strong></span> <span class='ocrx_word' id='word_1_858' title='bbox 2694 5550 2889 5617; x_wconf 85' lang='lat' dir='ltr'><strong>Jacob,</strong></span> <span class='ocrx_word' id='word_1_859' title='bbox 2938 5564 2986 5605; x_wconf 83' lang='lat' dir='ltr'><strong>et</strong></span> <span class='ocrx_word' id='word_1_860' title='bbox 3043 5551 3621 5623; x_wconf 48' lang='lat' dir='ltr'><strong>dévoraveruphgum,</strong></span> <span class='ocrx_word' id='word_1_861' title='bbox 3657 5550 3708 5594; x_wconf 60' lang='grc' dir='ltr'><strong>εἴ</strong></span> 
     </span>
    </p>
   </div>
   <div class='ocr_carea' id='block_1_117' title="bbox 2131 5617 3708 5698">
    <p class='ocr_par' dir='ltr' id='par_1_117' title="bbox 2131 5617 3708 5698">
     <span class='ocr_line' id='line_1_118' title="bbox 2131 5617 3708 5698; baseline -0.008 -22"><span class='ocrx_word' id='word_1_862' title='bbox 2131 5617 2562 5698; x_wconf 54' lang='lat' dir='ltr'><strong>consumpserunt</strong></span> <span class='ocrx_word' id='word_1_863' title='bbox 2590 5625 2762 5678; x_wconf 83' lang='lat' dir='ltr'><strong>locum</strong></span> <span class='ocrx_word' id='word_1_864' title='bbox 2784 5635 2830 5676; x_wconf 84' lang='lat' dir='ltr'><strong>et</strong></span> <span class='ocrx_word' id='word_1_865' title='bbox 2858 5624 3013 5677; x_wconf 83' lang='lat' dir='ltr'><strong>decus</strong></span> <span class='ocrx_word' id='word_1_866' title='bbox 3060 5624 3196 5690; x_wconf 83' lang='lat' dir='ltr'><strong>ejus,</strong></span> <span class='ocrx_word' id='word_1_867' title='bbox 3230 5631 3335 5674; x_wconf 89' lang='lat' dir='ltr'><strong>etc.</strong></span> <span class='ocrx_word' id='word_1_868' title='bbox 3360 5617 3515 5672; x_wconf 58' lang='lat' dir='ltr'><strong>nobis</strong></span> <span class='ocrx_word' id='word_1_869' title='bbox 3534 5627 3708 5668; x_wconf 86' lang='lat' dir='ltr'><strong>unum</strong></span> 
     </span>
    </p>
   </div>
   <div class='ocr_carea' id='block_1_118' title="bbox 2133 5695 3712 5762">
    <p class='ocr_par' dir='ltr' id='par_1_118' title="bbox 2133 5695 3712 5762">
     <span class='ocr_line' id='line_1_119' title="bbox 2133 5695 3712 5762; baseline -0.007 -14"><span class='ocrx_word' id='word_1_870' title='bbox 2133 5695 2283 5748; x_wconf 72' lang='lat' dir='ltr'><strong>licuit</strong></span> <span class='ocrx_word' id='word_1_871' title='bbox 2340 5695 2601 5762; x_wconf 83' lang='lat' dir='ltr'><strong>reponere</strong></span> <span class='ocrx_word' id='word_1_872' title='bbox 2657 5709 2723 5746; x_wconf 81' lang='lat' dir='ltr'><strong>ex</strong></span> <span class='ocrx_word' id='word_1_873' title='bbox 2761 5709 2891 5748; x_wconf 90' lang='lat' dir='ltr'><strong>mss.</strong></span> <span class='ocrx_word' id='word_1_874' title='bbox 2927 5735 2941 5759; x_wconf 92' lang='lat'><strong>,</strong></span> <span class='ocrx_word' id='word_1_875' title='bbox 2977 5698 3435 5761; x_wconf 79' lang='lat' dir='ltr'><strong>consumpserunt,</strong></span> <span class='ocrx_word' id='word_1_876' title='bbox 3462 5698 3554 5758; x_wconf 90' lang='lat' dir='ltr'><strong>pro</strong></span> <span class='ocrx_word' id='word_1_877' title='bbox 3581 5695 3712 5753; x_wconf 73' lang='lat' dir='ltr'><strong>quo</strong></span> 
     </span>
    </p>
   </div>
   <div class='ocr_carea' id='block_1_119' title="bbox 2132 5773 2905 5834">
    <p class='ocr_par' dir='ltr' id='par_1_119' title="bbox 2132 5773 2905 5834">
     <span class='ocr_line' id='line_1_120' title="bbox 2132 5773 2905 5834; baseline -0.004 -14"><span class='ocrx_word' id='word_1_878' title='bbox 2132 5775 2250 5821; x_wconf 90' lang='lat' dir='ltr'><strong>erat</strong></span> <span class='ocrx_word' id='word_1_879' title='bbox 2274 5773 2431 5822; x_wconf 81' lang='lat' dir='ltr'><strong>antea</strong></span> <span class='ocrx_word' id='word_1_880' title='bbox 2465 5773 2905 5834; x_wconf 81' lang='lat' dir='ltr'><strong>contempserunt.</strong></span> 
     </span>
    </p>
   </div>
  </div>
