3950 6180
389 289 489 354 781

931 295 1428 382 COMMENTAR.
1474 296 1552 356 ΙΝ
1596 297 1992 359 JEREMIAM
2037 302 2498 364 l’llOPIIETAIll
2541 307 2698 370 LIB.
2732 308 2814 380 ll,
2850 310 3003 374 CAP.
3038 314 3145 374 XI.

3557 319 3662 380 782

389 418 478 458 me
503 405 913 474 corripias.non
937 409 1092 476 quasi
1113 409 1586 464 adversariusntt
1611 427 1695 465 me
1716 412 1974 468 emendes
2005 421 2049 476 Α
2083 414 2206 470 licet
2267 419 2720 488 magnitudinem,
2773 437 2883 478 non
2945 424 3182 496 aliquem
3237 428 3414 486 locum
3465 445 3662 503 ρωιιαεα

389 497 545 564 quasi
578 497 768 560 lilium,
803 507 856 550 et
885 513 994 551 non
1029 498 1226 567 punias
1257 502 1410 568 quasi
1437 503 1718 557 inimicum
1765 520 1780 560 :
1808 506 1971 559 casti-

388 602 488 656 gas
515 589 656 640 enim
687 601 901 641 omnem
947 588 1112 642 tilium
1179 604 1338 656 quem
1368 592 1568 662 recipis
1600 593 1789 661 (Hebr.
1826 594 1922 663 xu)
1956 612 1970 660 ;

383 686 443 730 et
479 693 574 745 per
601 693 816 732 onmem
853 679 1095 732 dolorem
1131 695 1194 734 ac
1231 679 1500 750 ﬂagellum
1526 685 1783 738 emendas
1810 683 1971 738 Jeru-

383 769 580 824 salem.
632 767 825 824 Hostes
867 779 1071 834 autem,
1100 775 1188 838 qui
1220 788 1325 825 nou
1371 784 1636 829 noverunt
1667 784 1739 837 te,
1767 785 1820 827 et
1843 793 1972 844 pro-

387 861 581 914 vincia:
609 862 720 914 sive
750 862 1018 930 regiones,
1050 877 1171 931 quae
1198 879 1298 917 uou
1336 865 1728 921 invocaverunt
1777 885 1969 922 nomen

390 961 566 1015 tuum,
599 967 939 1020 nequaquam
997 963 1144 1006 tuum
1181 955 1376 1009 debent
1420 958 1626 1012 sentire
1681 961 1967 1028 judicium,

385 1044 482 1097 sed
550 1043 970 1112 indignationem
1024 1043 1201 1114 (Paul.
1253 1063 1458 1113 ωιτη,
1507 1049 1624 1119 49).
1670 1050 1970 1108 Tradidisti

387 1135 534 1186 enim
558 1150 674 1194 nos,
702 1137 1207 1191 utemendareumr.
1237 1135 1316 1191 llli
1343 1149 1521 1194 autem
1543 1155 1971 1211 aggravaveruut

378 1228 567 1296 jugum
601 1243 754 1280 suum
791 1246 802 1279 :
836 1229 950 1282 seni
1014 1246 1119 1284 non
1181 1244 1565 1301 pepercerunt,
1594 1246 1648 1289 et
1710 1239 1968 1304 parvulos

383 1320 692 1374 afﬂixerunt
722 1336 736 1374 :
779 1323 1136 1376 comederunt
1167 1340 1288 1390 nos,
1321 1337 1374 1380 et
1405 1328 1622 1396 penitus
1669 1329 1965 1385 devorave-

382 1423 512 1467 runt
540 1415 670 1468 etin
701 1423 906 1468 tantam
929 1415 1276 1473 solitudinem
1299 1421 1620 1488 redegerunt
1643 1421 1965 1489 Jerusalem,

384 1513 442 1559 ut
467 1514 523 1559 et
554 1507 887 1575 publicarum
920 1519 974 1562 et
1003 1509 1345 1577 privatarum
1369 1513 1563 1567 aedium
1586 1515 1766 1569 omnia
1807 1517 1968 1571 dissi-

383 1606 600 1665 pareut,
627 1605 681 1650 et
706 1599 958 1668 populum
990 1608 1138 1653 tuum
1167 1600 1556 1657 interﬁcerent.

456 1688 609 1759 (Cap.
637 1687 729 1743 XI.
769 1720 838 1730 —
869 1690 1025 1747 Vers.
1057 1693 1198 1764 1-5.)
1231 1713 1248 1745 t
1291 1692 1526 1750 Verbum
1566 1699 1709 1766 quod
1759 1699 1962 1755 factum

1979 1613 2058 1629 κ.

2033 527 2038 533 ·
2083 505 2214 561 ferri
2258 512 2483 565 materia
2521 524 2902 582 praeparatum.

2155 598 2333 670 (Vers.
2371 603 2450 673 5.)
2490 622 2508 656 ι
2549 602 2622 660 Ut
2680 609 2937 665 suseitem
2969 610 3362 680 juramentum,
3393 617 3531 686 quod
3573 618 3661 686 ju-

2082 693 2196 746 ravi
2234 696 2483 762 patribus
2511 699 2729 764 vestris,
2757 701 3009 758 daturum
3041 721 3126 761 me
3153 707 3234 762 eis
3264 716 3462 763 terram
3492 708 3663 764 ﬂuen-

2083 792 2190 836 tem
2237 783 2374 839 lacte
2407 797 2455 840 et
2511 789 2693 854 melle,
2743 791 2883 845 sicut
2925 805 3015 848 est
3065 797 3180 851 dies
3230 797 3366 853 htec.
3402 816 3421 850 ι
3465 798 3656 856 Patres

2082 874 2334 929 videntur
2355 877 2622 947 accipere,
2648 885 2866 950 quando
2891 887 3163 954 accipiunt
3187 887 3279 942 lilii
3301 906 3318 954 ;
3340 899 3395 944 et
3423 886 3658 945 Abrahae

2079 966 2372 1029 promissio
2421 970 2732 1040 completur
2785 973 2837 1027 in
2887 977 3139 1042 posteris.
3199 977 3424 1034 Terram
3471 989 3650 1035 autem

2078 1054 2216 1110 lacte
2242 1069 2295 1110 et
2321 1059 2478 1114 melle
2507 1075 2839 1129 manantem,
2863 1066 3207 1137 hyperbolice
3227 1071 3487 1128 debemus
3506 1072 3654 1127 acci-

2078 1160 2207 1216 pere
2251 1164 2345 1217 pro
2384 1166 2563 1205 rerum
2597 1155 2836 1210 omnium
2880 1159 3248 1229 abundantia,
3298 1171 3358 1218 ut
3395 1173 3478 1220 est
3522 1164 3652 1219 illud

2078 1237 2248 1308 (Virg.
2286 1240 2466 1312 Eclog.
2501 1244 2582 1310 tIt)
2615 1263 2628 1301 :

2169 1347 2316 1396 Mella
2340 1349 2494 1398 ﬂuant
2514 1350 2637 1414 illis,
2661 1352 2782 1402 ferat
2800 1360 2854 1405 et
2871 1356 3018 1406 rubus
3041 1373 3189 1423 asper
3211 1375 3476 1414 amomum.

2077 1451 2138 1504 Et
2167 1455 2362 1508 iterum
2395 1472 2412 1510 :
3307 1451 3346 1480 ’¹

2197 1567 2257 1616 Et
2285 1572 2459 1629 passim
2484 1570 2603 1621 rivis
2640 1574 2888 1624 currentia
2924 1577 3031 1626 vina
3048 1581 3308 1641 repressit.

2073 1695 2178 1746 Ant
2220 1704 2369 1750 certe
2420 1698 2770 1764 tropologice.
2820 1710 3018 1756 terram
3067 1703 3210 1759 lacte
3254 1715 3307 1760 et
3341 1708 3499 1764 melle
3529 1726 3648 1763 ma-

382 1794 467 1838 ρει
499 1787 562 1840 ad
592 1785 879 1842 Jercmiam
931 1804 962 1844 α
1009 1789 1271 1856 Domino,
1301 1793 1488 1848 dicens
1521 1812 1535 1848 ε
1574 1794 1769 1851 Audite
1799 1798 1962 1852 verba
2002 1788 2040 1841 Β
2070 1797 2312 1853 nantem,
2345 1788 2543 1844 Christi
2594 1791 2890 1846 Ecclesiam
2938 1796 3257 1856 sentiamus.
3291 1799 3341 1852 in
3375 1815 3477 1866 qua
3524 1817 3649 1871 par-

383 1877 524 1943 pacti
559 1877 686 1946 (sive
719 1881 1058 1949 testamenti)
1085 1881 1266 1950 hujus,
1296 1894 1352 1937 et
1390 1885 1674 1954 loquimini
1727 1889 1793 1942 ad
1824 1891 1969 1946 viros

379 1965 535 2032 Juda,
569 1976 624 2020 et
679 1968 1007 2025 habitatores
1043 1971 1384 2042 Jerusalem;
1442 1984 1497 2030 et
1554 1979 1702 2033 dices
1727 1980 1794 2034 ad
1824 1995 1918 2038 cos
1951 1999 1966 2036 :

387 2059 508 2114 lla-c
539 2060 672 2114 dicit
705 2060 966 2117 Dominus
1003 2063 1141 2120 Deus
1173 2064 1361 2120 Israel.
1405 2085 1424 2120 ι
1457 2067 1576 2122 Non
1613 2070 1834 2139 quidem
1884 2083 1969 2128 est

383 2153 622 2220 positum
657 2152 709 2206 in
745 2153 922 2219 titulo,
957 2157 1059 2210 sub
1111 2173 1218 2225 quo
1275 2170 1542 2229 tempore,
1571 2163 1653 2217 vel
1701 2166 1801 2219 sub
1857 2181 1967 2235 quo

389 2260 536 2312 rege,
568 2254 619 2297 et
645 2255 807 2314 quoto
838 2261 980 2300 anno
1006 2247 1145 2317 ejus,
1183 2251 1296 2304 haec
1349 2255 1630 2323 prophetia
1683 2255 1823 2312 facta
1854 2259 1963 2313 sit:

384 2338 481 2391 sed
538 2338 920 2404 intelligimus,
949 2338 1030 2392 vel
1077 2341 1244 2408 priori
1294 2345 1594 2413 prophetia:
1643 2358 1697 2402 et
1736 2352 1963 2418 tempori

384 2429 498 2482 haec
516 2443 633 2482 esse
666 2429 960 2498 iungenda,
986 2431 1068 2485 vel
1100 2442 1248 2486 certe
1278 2443 1399 2502 post
1443 2436 1662 2506 aliquod
1704 2445 1964 2508 temporis

381 2520 726 2576 intervallum
756 2525 954 2590 prioris
989 2525 1289 2594 prapltetiae
1321 2527 1466 2582 hunc
1498 2529 1708 2584 Domini
1740 2535 1805 2586 ad
1837 2549 1966 2604 pro-

381 2612 600 2682 phetam
623 2613 822 2668 factum
841 2629 960 2669 esse
985 2630 1314 2674 sermonem.
1334 2619 1641 2675 Notandum
1655 2633 1739 2677 est
1757 2636 1960 2706 autem,

379 2707 522 2772 quod
551 2704 772 2758 verbum
807 2721 1007 2760 BEBITH
1039 2708 1250 2778 (mna).
1281 2711 1477 2779 Aquila
1512 2722 1566 2766 et
1599 2704 1962 2784 Symmachus

381 2812 599 2864 semper
651 2807 880 2863 pactum,
933 2798 1070 2853 LXX
1108 2813 1162 2855 et
1227 2800 1531 2859 Theodotio
1590 2815 1961 2864 testamentum

380 2889 726 2958 interpretati
751 2900 898 2943 sunt.
928 2891 1154 2960 Proprie
1184 2906 1360 2948 autem
1391 2910 1541 2949 nunc
1567 2899 1634 2952 ad
1660 2897 1959 2956 Jerusalem

377 2993 432 3036 et
465 2982 530 3034 ad
566 2983 714 3036 viros
748 2983 919 3036 tribus
953 2982 1101 3038 Judtn
1131 2999 1313 3039 sermo
1341 2987 1617 3056 dirigitur.

456 3075 632 3143 (Vers.
660 3075 736 3144 ι.)
768 3093 786 3126 ε
818 3075 1133 3132 Maledictus
1165 3079 1246 3132 vir
1268 3081 1360 3150 qui
1402 3097 1506 3136 non
1530 3084 1761 3139 audierit
1792 3087 1954 3141 verba

379 3167 522 3236 pacti
562 3167 744 3232 hujus,
769 3170 910 3229 quod
945 3171 1174 3238 praecepi
1229 3172 1471 3240 patribus
1505 3175 1700 3230 vestris
1733 3176 1823 3230 :in
1847 3176 1955 3243 die,

383 3277 491 3329 qua
527 3261 690 3316 eduxi
718 3276 810 3314 eos
836 3264 899 3315 de
933 3272 1075 3316 terra
1109 3262 1356 3334 Egypti,
1396 3268 1461 3320 de
1500 3267 1724 3324 fornace
1753 3271 1956 3339 ferrea,

379 3356 574 3409 dicens
604 3373 619 3410 :
653 3356 854 3411 Audite
902 3369 1088 3409 vocem
1128 3373 1329 3424 meam,
1362 3368 1418 3414 et
1442 3359 1604 3415 facite
1627 3363 1807 3417 omnia
1838 3379 1958 3434 qua:

380 3449 632 3517 prmeipio
662 3449 838 3510 vobis,
869 3454 923 3501 et
956 3449 1109 3503 eritis
1155 3451 1285 3505 mihi
1333 3451 1386 3504 in
1441 3453 1721 3521 populum,
1750 3464 1802 3509 et
1858 3471 1958 3525 ego

377 3556 474 3593 ero
501 3541 653 3594 vobis
699 3542 750 3594 in
804 3540 1099 3596 Dominum
1131 3541 1239 3614 [ΑΙ.
1273 3543 1486 3616 Deum].
1527 3564 1546 3597 ι
1582 3543 1698 3601 Non
1735 3557 1958 3617 propter

377 3633 592 3701 generis
625 3633 930 3704 privilegia,
957 3651 1066 3690 non
1105 3647 1329 3707 propter
1355 3639 1787 3696 circumcisinnis
1813 3641 1956 3708 inju~

382 3727 545 3788 riam,
588 3726 755 3796 918
782 3733 836 3781 et
866 3727 1038 3781 otium
1069 3729 1298 3793 sabbati,
1327 3731 1420 3784 sed
1451 3740 1667 3799 propter
1698 3731 1960 3787 obedien-

377 3818 532 3883 tiam,
565 3827 616 3872 et
657 3821 793 3874 Deus
815 3817 1043 3872 ellieitur
1075 3819 1254 3888 populi
1287 3821 1476 3888 Israel,
1497 3831 1552 3876 et
1572 3821 1736 3876 Israel
1780 3837 1956 3892 popu-

375 3910 464 3964 lus
491 3910 631 3978 ejus.
664 3909 730 3962 Et
766 3910 853 3965 hic
886 3911 1104 3980 quidem
1145 3913 1297 3982 quasi
1334 3915 1401 3967 ad
1450 3927 1638 3970 servos
1687 3914 1951 3984 loquitur,

382 4010 441 4053 ut
475 4002 721 4069 placeant
755 4002 944 4057 Deo.lu
979 4001 1271 4073 Evangelio
1296 4019 1426 4058 vero
1463 4005 1725 4060 Dominus
1777 4007 1842 4060 ad
1872 4007 1956 4060 di-

376 4089 621 4157 scipulos
657 4108 669 4144 :
715 4088 839 4154 Vos,
882 4091 1075 4159 inquit,
1117 4093 1278 4147 amici
1314 4094 1414 4146 mei
1445 4095 1592 4160 estis,
1628 4095 1675 4148 si
1721 4094 1952 4164 feceritis

373 4196 491 4247 qua?
512 4197 603 4248 ego
625 4183 870 4251 prazcipio
905 4182 1207 4236 vobisJam
1251 4201 1352 4237 non
1395 4185 1568 4238 dicant
1621 4203 1709 4239 vos
1754 4202 1952 4250 servos,

376 4273 502 4339 quia
554 4289 729 4326 servus
779 4278 940 4326 nescit
992 4274 1118 4340 quid
1168 4273 1333 4342 faciat
1375 4275 1630 4330 Dominus
1677 4276 1813 4342 eius.
1855 4277 1952 4332 Vos

378 4377 555 4416 autem
579 4365 690 4418 dixi
751 4367 968 4429 amicos,
1004 4367 1128 4435 quia
1175 4366 1351 4420 omnia
1398 4383 1717 4437 qua'cunque
1771 4370 1952 4424 audivi

2075 1879 2179 1934 vuli
2217 1890 2374 1950 atque
2410 1882 2670 1940 lactentes
2697 1885 2994 1940 educamur
3029 1905 3124 1956 per
3159 1890 3340 1958 ﬁdem,
3378 1903 3436 1948 ut
3472 1897 3647 1964 possi-

2075 1988 2195 2028 mus
2223 1974 2454 2028 solidqu
2489 1977 2668 2029 cihnm
2700 1993 2916 2045 capere.
3173 1973 3178 1978 ’

2145 2081 2164 2114 ‹
2205 2062 2273 2116 Ει
2322 2067 2575 2134 respondi
2629 2079 2682 2121 et
2730 2069 2890 2124 dixi:
2940 2072 3129 2136 Amen,
3186 2073 3431 2130 Domine.
3474 2095 3492 2128 ›
3544 2077 3647 2132 Pro

2069 2168 2176 2225 quo
2211 2154 2602 2226 Septuaginta,
2657 2159 2806 2225 Fiat,
2861 2161 3081 2218 Domine
3129 2165 3259 2236 (hoc
3303 2169 3447 2223 enim
3496 2186 3647 2225 amen

2069 2246 2358 2320 signiﬁcat)
2409 2254 2823 2307 transtulerunt.
2870 2255 3093 2311 Dixerat
3134 2258 3412 2324 Dominus,
3457 2260 3644 2320 Juravi

2067 2341 2312 2408 patribus
2357 2344 2556 2397 vestris
2603 2344 2857 2398 daturum
2908 2363 2992 2403 me
3026 2349 3106 2402 eis
3159 2361 3357 2406 terram
3410 2354 3552 2409 lacte
3589 2365 3644 2411 et

2068 2433 2227 2487 melle
2275 2445 2586 2490 manantem
2624 2437 2820 2505 (Exod.
2849 2440 2953 2512 tu),
3009 2442 3149 2496 sicut
3183 2447 3343 2499 rebus
3377 2445 3508 2514 ipsis
3544 2449 3642 2503 ho-

2066 2521 2595 2594 die'cou'tprobatur.
2629 2527 2893 2598 Pmpheta
2922 2530 3149 2601 diligens
3178 2537 3429 2604 pepulum
3458 2555 3638 2605 suum,

2065 2624 2292 2684 occupat
2341 2631 2525 2671 vocem
2567 2619 2800 2687 Domini,
2851 2630 2905 2676 et
2955 2624 3104 2692 cupit
3150 2642 3272 2680 vera
3315 2643 3454 2694 esse,
3496 2641 3551 2686 et
3583 2632 3638 2686 iu

2065 2715 2382 2773 perpetuum
2419 2723 2737 2776 permanere
2771 2728 2891 2783 quae
2925 2715 3047 2769 data
3087 2731 3216 2771 sunt
3247 2719 3290 2773 ⁸.
3327 2720 3482 2777 Unde
3516 2724 3591 2778 ait
3617 2741 3636 2779 ι

2069 2794 2222 2858 Vere,
2248 2799 2490 2867 Domine,
2520 2802 2750 2871 implesti
2781 2805 2920 2873 quod
2946 2808 3215 2877 pollicitus
3233 2826 3322 2876 es;
3351 2814 3490 2879 sive,
3521 2815 3638 2884 fiat,

2064 2888 2309 2954 Domine,
2347 2893 2448 2948 hoc
2491 2906 2819 2966 es',setuper
2872 2911 3088 2954 maneat
3131 2903 3273 2971 quod
3317 2904 3531 2977 dedisti.

2133 2976 2314 3046 (Vers.
2348 2981 2424 3051 6.)
2466 2999 2486 3034 t
2526 2982 2585 3035 Et
2617 2985 2753 3038 dixit
2783 2988 3036 3044 Dominus
3077 2992 3140 3044 ad
3177 3009 3298 3050 me:
3336 2976 3640 3054 Vocifet-are

2067 3069 2168 3138 (rei
2203 3070 2341 3141 lege)
2376 3075 2553 3126 omnia
2589 3076 2755 3131 verba
2792 3079 2906 3134 haec
2940 3081 2990 3134 in
3042 3083 3353 3139 civitatibus
3396 3085 3553 3155 Juda,
3585 3098 3640 3142 ct

2063 3164 2196 3218 l‘oris
2224 3162 2546 3234 Jerusalem,
2581 3167 2770 3224 dicens
2804 3188 2821 3226 ε
2854 3173 3046 3229 Audite
3091 3178 3248 3232 verba
3288 3177 3453 3250 919
3495 3183 3636 3252 pacti

2061 3252 2218 3323 hujus
2242 3261 2296 3308 et.
2323 3254 2481 3310 facite
2512 3258 2618 3310 illa.
2656 3279 2674 3310 ι
2708 3259 3179 3321 Clementissimus
3217 3265 3356 3322 Deus
3381 3270 3636 3339 frequen-

2036 3351 2145 3421 pter
2173 3345 2353 3400 futura
2386 3349 2626 3417 praedicit
2647 3390 2661 3415 ,
2693 3363 2753 3405 ut
2777 3355 2992 3408 tandem
3021 3357 3186 3411 durus
3213 3358 3278 3412 ad
3307 3361 3635 3416 credendum

2059 3436 2272 3492 animus
2308 3440 2599 3496 molliatur.
2636 3441 2886 3498 Prmdieit
2915 3455 3096 3500 autem
3146 3459 3254 3503 tam
3291 3453 3341 3504 in
3379 3457 3514 3508 urbe
3537 3453 3629 3509 Je-

2057 3529 2315 3598 rusalem,
2346 3546 2506 3600 quam
2540 3533 2674 3589 foris
2710 3536 2760 3587 in
2801 3552 2950 3606 agro,
2981 3549 3038 3593 ut
3067 3555 3299 3609 quorum
3344 3560 3629 3604 commune

2057 3621 2344 3678 discrimen
2376 3635 2479 3690 est,
2511 3627 2695 3682 eadem
2731 3631 3010 3698 pmnitudo
3042 3635 3132 3687 sit.

2128 3717 2305 3785 (Vers.
2336 3718 2390 3784 7,
2424 3720 2503 3790 8.)
2545 3739 2563 3772 ι
2609 3722 2742 3788 Quia
2789 3733 3100 3783 contestans
3131 3736 3462 3787 contestatus
3507 3748 3628 3788 sum

2057 3817 2239 3877 patres
2291 3820 2499 3866 vestros
2551 3817 2604 3867 iu
2660 3815 2784 3882 die,
2843 3833 2946 3886 qua
3005 3820 3165 3874 eduxi
3223 3837 3316 3878 eos
3364 3828 3428 3878 de
3483 3835 3626 3881 terra

2057 3899 2298 3970 Egypti,
2355 3918 2524 3974 usque
2565 3909 2630 3960 ad
2688 3909 2827 3963 diem
2879 3909 3039 3967 hanc.
3092 3913 3244 3969 Mane
3292 3930 3628 3988 consurgens

2058 3991 2246 4064 [ναις.
2295 3995 2540 4069 surgens]
2578 4009 2908 4056 contestatus
2953 4017 3091 4070 sum,
3136 4014 3190 4058 et
3237 4006 3345 4060 dixi
3377 4021 3393 4066 :
3431 4009 3628 4064 Audite

2057 4102 2241 4140 vocem
2275 4102 2484 4155 meam;
2521 4098 2574 4144 et
2606 4105 2709 4144 non
2741 4093 3050 4158 audierunt,
3086 4110 3183 4150 nec
3229 4097 3627 4155 inclinaverunt
3712 4117 3717 4122 '

2054 4193 2238 4234 aurem
2291 4195 2466 4246 suam,
2501 4182 2594 4236 sed
2641 4182 2892 4238 abierunt
2944 4188 3316 4260 unusquisque
3349 4191 3405 4245 in
3447 4195 3623 4262 pravi-

2057 4278 2164 4324 tate
2204 4271 2381 4326 cordis
2433 4273 2515 4327 sui
2566 4273 2714 4340 mali,
2765 4285 2819 4329 et
2864 4277 3050 4332 induxi
3095 4295 3258 4349 super
3302 4298 3397 4338 eos
3439 4287 3622 4342 omnia

2054 4363 2217 4416 verba
2263 4365 2402 4433 pacti
2451 4365 2628 4434 hujus.
2677 4369 2816 4434 quod
2865 4373 3092 4440 prmcepi
3145 4382 3200 4427 ut
3245 4373 3488 4432 facerent
3517 4379 3558 4432 '.
3594 4399 3616 4431 ι

379 4473 411 4507 a
447 4455 607 4510 Patre
648 4473 782 4523 meo,
830 4469 954 4511 nota
995 4459 1092 4530 feci
1133 4460 1270 4512 vobis
1309 4457 1493 4530 (Joan.
1524 4476 1612 4526 xv,
1649 4461 1713 4514 Ν
1743 4472 1788 4514 οι
1830 4462 1942 4530 15).
1971 4462 2024 4522 D
2053 4453 2341 4523 ﬂuensque
2411 4456 2462 4510 ill
2511 4456 2858 4528 Sepluasiltla
2906 4476 3012 4516 non
3067 4463 3297 4520 habetur
3325 4481 3342 4523 :
3368 4469 3620 4540 quodque

376 4548 622 4618 Cumque
652 4550 812 4603 amici
845 4552 950 4605 mei
995 4550 1218 4614 fuerint,
1251 4553 1315 4606 de
1345 4552 1537 4608 amicis
1581 4563 1862 4608 transeunt
1891 4555 1946 4610 in

377 4642 516 4694 lilios
552 4657 566 4693 :
599 4639 864 4711 Quotquot
893 4642 1031 4696 enim
1072 4653 1372 4710 receperunt
1405 4659 1545 4708 eum,
1574 4645 1717 4698 dedit
1745 4647 1818 4700 eis
1849 4662 1946 4716 po-

375 4742 620 4785 testatem
651 4733 794 4800 filias
839 4733 938 4786 Dei
973 4733 1092 4803 ﬁeri
1127 4732 1314 4803 (Joan.
1347 4755 1386 4801 ι,
1425 4735 1528 4805 l2).
1570 4735 1725 4792 Unde
1757 4737 1946 4794 amicis

373 4835 425 4877 et
458 4823 585 4878 ﬁliis
608 4825 891 4894 praecipit:
930 4824 1115 4879 Estote
1143 4827 1388 4896 perfecti,
1415 4829 1549 4882 sicut
1580 4838 1628 4882 et
1657 4827 1818 4884 Pater
1859 4845 1946 4884 ve-

373 4925 482 4969 ster
545 4919 805 4989 perfectus
860 4928 938 4973 est
972 4918 1188 4989 (Matth.
1243 4934 1297 4986 v,
1355 4919 1447 4990 48)
1482 4938 1496 4987 ;
1537 4923 1944 4978 similitudinem

375 5010 672 5077 imperans,
701 5025 807 5064 non
835 5009 1223 5079 aequalitatem.
1261 5011 1328 5066 Et
1357 5013 1428 5068 ibi
1451 5013 1759 5068 obedientia
1792 5029 1946 5069 man-

372 5099 621 5152 datorum
644 5109 748 5167 est,
783 5101 870 5154 hic
897 5101 1193 5158 similitudo
1248 5105 1360 5160 Dei.
1409 5103 1672 5173 Quodque
1714 5104 1834 5159 ait:
1877 5103 1943 5159 In

373 5189 478 5251 die,
507 5205 612 5256 qua
627 5189 782 5242 eduxi
813 5207 898 5244 eos
923 5191 984 5244 de
1002 5201 1141 5246 terra
1157 5192 1402 5264 .Egypti,
1425 5195 1488 5248 de
1505 5195 1721 5265 fornace
1745 5195 1939 5264 ferrea,

371 5278 465 5332 dat
509 5281 666 5336 nobis
712 5281 1139 5350 intelligentiam,
1167 5285 1309 5353 quod
1359 5289 1609 5341 caminus
1657 5298 1712 5342 et
1749 5287 1940 5342 loruax

368 5370 570 5438 terrea,
605 5382 767 5443 atque
804 5389 1063 5430 succensa
1092 5376 1457 5434 tribulationis
1477 5386 1534 5433 et
1556 5391 1732 5449 pinna:
1774 5379 1940 5450 signi-

442 5530 463 5617 :
496 5529 948 5617 {)qonipss.,qtta:
983 5535 1124 5589 dicta
1159 5543 1330 5617 sunt._
1428 5603 1440 5615 .
1636 5605 1646 5616 ,
1808 5605 1820 5617 ,
1849 5606 1860 5617 ,

443 5603 463 5632 ³
495 5602 574 5655 Ad
609 5602 767 5655 [idem
803 5607 960 5656 trium
993 5620 1123 5659 mss.
1155 5613 1208 5659 et
1237 5603 1440 5658 llabani
1473 5605 1776 5660 amovimus
1808 5605 1934 5662 hinc

371 5673 555 5743 verba,
588 5680 636 5724 et
669 5688 767 5743 non
794 5674 1046 5742 fecerunt,
1079 5689 1200 5743 quae
1233 5675 1486 5728 continua
1520 5677 1662 5728 serie
1696 5677 1746 5728 in
1774 5686 1932 5732 antea

370 5741 531 5797 editis
558 5741 931 5799 subdebantur
965 5741 1154 5800 contra
1193 5744 1252 5800 S.
1279 5743 1527 5801 Doctoris
1554 5755 1816 5814 mentem,
1839 5748 1933 5817 qui

2050 4545 2316 4614 sequitur,
2343 4555 2391 4601 et
2418 4562 2521 4602 non
2548 4549 2805 4617 fecerunt,
2835 4552 2902 4608 ab
2925 4553 3006 4608 eis
3030 4557 3262 4622 positum
3294 4568 3396 4627 est,
3423 4571 3618 4617 etcum

2047 4637 2350 4705 superioris
2389 4641 2608 4710 capituli
2643 4643 2748 4699 (ine
2791 4646 3076 4715 sociatum,
3113 4649 3164 4703 in
3210 4665 3316 4721 quo
3359 4653 3617 4722 scriptum

2047 4735 2132 4783 est
2163 4741 2180 4786 :
2213 4731 2404 4785 Audite
2444 4734 2595 4788 verba
2622 4737 2766 4804 pacti
2794 4738 2972 4806 hujus,
3000 4751 3047 4794 et
3085 4741 3242 4811 facite
3276 4743 3409 4808 illa;
3437 4755 3486 4799 et
3512 4761 3617 4802 nou

2046 4820 2302 4888 fecerunt.
2338 4823 2478 4889 Quid
2519 4826 2589 4880 sit
2623 4839 2801 4884 autem
2853 4832 2918 4886 de
2955 4847 3112 4886 mane
3159 4848 3520 4906 consurgere,
3563 4849 3618 4893 et

2045 4911 2140 4966 Dei
2177 4915 2341 4970 verba
2389 4931 2486 4986 per
2534 4921 2824 4989 prOphetas
2870 4923 2951 4979 eis
3000 4924 3312 4992 frequenter
3341 4927 3610 4997 ingerere,

2045 5014 2104 5059 et.
2125 5007 2358 5064 educere
2403 5025 2498 5067 eos
2526 5013 2594 5069 de
2618 5012 2869 5085 Egypto,
2903 5023 2956 5070 et
2991 5017 3186 5086 saepius
3233 5017 3526 5076 admonere
3558 5031 3612 5077 et

2046 5097 2249 5168 dicere,
2298 5101 2495 5158 Audite
2528 5121 2711 5160 vocem
2763 5122 2970 5172 meam;
3005 5115 3058 5162 et
3107 5108 3226 5164 illos
3263 5113 3460 5168 abiisse
3493 5126 3613 5184 post

2044 5195 2364 5262 pravitatem
2401 5199 2580 5252 cordis
2625 5199 2749 5264 sui,
2792 5209 2845 5254 et
2877 5210 3062 5271 postea
3109 5203 3189 5258 eis
3225 5205 3449 5262 reddere
3491 5224 3609 5277 qua:

2041 5295 2322 5340 merentur
2347 5297 2406 5342 et
2429 5289 2675 5358 accipere
2703 5291 2748 5357 ³,
2779 5301 2905 5347 ante
2927 5291 3040 5362 jam
3073 5295 3325 5352 diximus.

2112 5375 2292 5446 (Vera.
2329 5377 2383 5444 9,
2421 5381 2532 5451 10.)
2571 5400 2591 5433 ι
2646 5383 2710 5438 Et
2756 5384 2893 5440 dixit
2935 5384 3198 5444 Dominus
3244 5390 3311 5444 ad
3360 5407 3443 5447 me
3469 5409 3486 5450 :
3517 5393 3609 5448 lu-

2038 5550 2113 5617 βξ
2133 5535 2450 5617 paulopost
2492 5551 2595 5593 suo
2625 5538 2748 5617 loco
2781 5543 2994 5612 recitat,
3028 5553 3088 5602 ut
3115 5564 3233 5617 quae
3266 5549 3374 5604 sint
3405 5566 3435 5605 a
3466 5550 3606 5607 LXX

2039 5606 2428 5691 interpretibus
2457 5612 2841 5691 prmtermissa,
2888 5606 2994 5691 uno
3025 5606 3214 5673 obtutu
3246 5606 3535 5691 intelligas.

2107 5675 2487 5758 {Legendum
2523 5691 2626 5744 est,
2676 5675 2852 5758 inquit
2901 5684 3125 5756 Victor.,
3177 5705 3293 5758 qua:
3343 5675 3610 5748 reicientur

2039 5746 2272 5816 πείρετε
2303 5749 2505 5819 absque
2539 5759 2588 5804 et
2614 5746 2825 5822 copula.
