3950 6180
344 218 450 284 783

1522 218 1582 278 S.
1620 215 1928 278 EUSEBll
1971 218 2021 277 ll
2036 216 2411 280 IERONYMI

3492 226 3599 286 78$

344 351 503 395 venta
531 342 621 394 est
647 338 951 408 coniuratio
987 339 1042 394 in
1075 338 1204 396 viris
1233 338 1398 403 Iuda,
1426 350 1481 394 et
1514 340 1568 393 in
1599 336 1914 393 habitatori-
1946 343 1989 398 Α
2022 342 2100 389 tot
2141 335 2408 390 haberent
2435 348 2561 389 aras
2598 334 2652 389 in
2691 333 3067 391 confusionem
3099 350 3275 400 suam,
3312 336 3364 390 in
3398 338 3610 408 quibus

325 430 446 486 .bus
469 430 774 486 Jerusalem
824 433 1028 485 reversi
1077 440 1202 486 sunt
1233 430 1300 485 ad
1348 428 1666 499 iniquitates
1698 436 1914 498 patrum

344 534 563 576 suorum
597 519 826 590 priores,
881 521 969 589 qui
1022 520 1309 575 noluerunt
1343 520 1533 574 audire
1566 521 1728 573 verba
1773 530 1915 571 mea.

350 612 414 667 Et
442 612 495 666 hi
526 626 656 682 ergo
688 612 937 666 abierunt
980 624 1097 681 post
1128 612 1260 667 deos
1291 612 1518 675 alienos,
1558 618 1618 664 ut
1647 609 1919 665 servirent

349 703 449 758 eis.
483 702 700 757 lrritum
739 703 980 759 fecerunt
1014 707 1202 757 domus
1238 702 1426 771 Israel,
1457 710 1508 757 et
1539 701 1732 756 domus
1776 697 1917 753 Juda

352 803 564 861 pactum
599 809 799 859 meum,
831 795 969 863 quod
1007 793 1183 862 pepigi
1223 808 1343 847 cum
1374 792 1620 863 patribus
1649 805 1861 846 eorum.
1894 807 1914 840 ι

351 884 457 940 Pro
480 885 864 955 coniuratione,
890 900 1054 954 quam
1095 898 1195 938 nos
1230 884 1383 955 juxta
1425 881 1811 953 Symmachum
1838 881 1922 935 in-

353 976 627 1046 terpretati
663 991 875 1040 sumus,
901 975 1092 1045 Aquila
1130 985 1182 1030 et
1220 974 1362 1029 LXX
1392 984 1446 1029 et
1466 972 1768 1028 Theodotio
1801 989 1923 1025 συν-

349 1065 549 1135 δεσμὸν
588 1067 999 1129 transtulerunt,
1044 1080 1204 1132 quam
1240 1079 1340 1118 nos
1375 1063 1765 1132 colligationem
1798 1076 1921 1131 pos—

352 1173 543 1213 sumus
565 1158 764 1212 dicere.
793 1156 947 1212 Unde
971 1168 1025 1211 et
1053 1149 1293 1221 Athalia,
1324 1171 1446 1210 cum
1482 1156 1535 1209 in
1588 1156 1789 1224 templo
1819 1142 1922 1209 sibi

353 1247 529 1313 parari
559 1245 788 1302 insidias
821 1246 1283 1315 deprehendisset,
1317 1244 1505 1298 eodem
1533 1250 1700 1298 verbo
1743 1244 1922 1299 loeuta

351 1347 431 1393 est
464 1353 479 1394 :
511 1338 846 1409 Conjurutio,
886 1338 1184 1403 coniuratio
1223 1336 1328 1408 (IV
1361 1335 1487 1407 Reg.
1533 1353 1605 1402 xi,
1644 1336 1755 1406 I4).
1794 1336 1925 1390 Pro-

356 1431 470 1498 prie
505 1442 684 1485 autem
735 1432 838 1484 hoc
872 1428 1038 1484 verbo
1084 1429 1362 1499 Scriptura
1414 1429 1676 1494 abutitur,
1709 1429 1923 1498 quando

357 1537 461 1574 non
495 1521 677 1575 subito
706 1520 1037 1589 fortuitoque
1073 1527 1313 1590 peccato,
1350 1520 1440 1574 sed
1473 1519 1678 1589 paratis
1710 1520 1922 1575 insidiis

355 1623 408 1665 et
436 1613 832 1682 coujuratione,
861 1613 1099 1665 tenditur
1128 1614 1192 1665 ad
1224 1612 1502 1679 delictum,
1525 1620 1579 1665 et
1602 1613 1715 1680 pari
1743 1623 1922 1666 mente

2021 427 2177 482 idolis
2210 426 2412 481 Duaiim
2443 427 2696 481 victimas
2731 428 3101 482 immolarent.

2092 517 2271 589 (Vers.
2303 519 2414 589 14.)
2452 537 2470 571 ‹
2504 518 2585 573 Tu
2618 534 2748 590 ergo
2778 519 2885 572 nuli
2919 535 3079 574 orare
3112 536 3211 590 pro
3247 520 3446 592 populo
3476 522 3605 587 hoc.

2020 618 2074 664 et
2108 624 2174 664 ne
2204 624 2450 665 assumas
2481 624 2579 679 pro
2614 609 2695 664 eis
2740 608 2952 664 laudem
2984 618 3037 664 et
3085 612 3386 666 orationem
3417 651 3435 675 ,
3474 616 3608 682 quia

2023 716 2129 754 non
2164 701 2449 755 exaudiam
2497 700 2551 755 in
2585 709 2830 769 tempore
2863 700 3121 756 clamoris
3166 718 3357 757 eorum
3391 704 3460 757 ad
3497 720 3606 768 me,

2023 789 2075 843 in
2109 797 2352 859 tempore
2402 788 2716 844 amictionis
2763 782 2974 845 eorum.
3026 810 3045 843 ι
3095 791 3417 861 Ρτωεὶρὶιιη·
3456 791 3612 847 Jere-

2023 880 2165 943 miae,
2202 896 2268 934 ue
2298 879 2429 934 velit
2460 895 2559 950 pro
2593 879 2673 936 eis
2709 878 3000 935 Dominum
3029 880 3336 951 deprecari,
3368 882 3422 936 in
3468 897 3613 953 quos

2020 969 2129 1039 jam
2159 980 2244 1025 est
2273 979 2649 1026 consununata
2681 971 2957 1027 sententia
2983 1010 2998 1034 ,
3034 987 3102 1027 ne
3132 973 3385 1028 videatur
3425 976 3614 1030 oratio

2023 1056 2143 1126 ejus
2187 1058 2426 1125 infirma,
2472 1070 2525 1115 et
2557 1060 2794 1131 propriis
2843 1062 3144 1116 sceleribus
3190 1078 3298 1117 non
3332 1063 3612 1118 exaudiri.

2023 1147 2169 1213 Noli,
2206 1153 2405 1221 inquit,
2436 1167 2599 1206 orare
2642 1166 2739 1221 pro
2767 1153 2867 1217 eis,
2915 1167 3017 1207 nec
3048 1154 3261 1208 laudent
3302 1172 3610 1215 assumere,

2026 1251 2083 1295 ut
2110 1241 2422 1310 replicando
2452 1242 2657 1297 veteris
2699 1243 2939 1297 historia:
2974 1243 3340 1312 clementiam,
3371 1259 3484 1316 qua
3533 1244 3615 1301 eis

2024 1348 2239 1402 semper
2289 1335 2547 1391 misertus
2584 1349 2730 1399 sum,
2765 1345 2820 1389 et
2858 1335 3152 1403 laudando,
3187 1352 3360 1391 meam
3411 1337 3613 1391 nitaris

2028 1436 2235 1480 nmtare
2282 1427 2633 1480 sententiam.
2687 1424 2800 1480 Etsi
2851 1426 2999 1481 enim
3057 1426 3162 1482 hoc
3209 1425 3441 1492 feceris;
3501 1444 3611 1483 non

2027 1516 2315 1570 exaudiam
2349 1531 2464 1581 eos,
2494 1517 2585 1586 qui
2631 1532 2718 1571 me
2745 1518 3094 1574 necessitatis
3127 1528 3370 1590 tempore
3412 1536 3612 1591 rogare

2028 1620 2310 1677 coguntur.
2342 1608 2421 1662 Ex
2456 1608 2653 1679 quibus
2690 1609 2954 1665 discimus
2990 1608 3192 1666 frustra
3233 1612 3472 1677 aliquem
3522 1630 3613 1666 ro-

356 1714 573 1767 unoque
621 1700 893 1782 studiogid
939 1710 1123 1769 agunt,
1174 1709 1232 1753 ut
1265 1699 1356 1754 Dei
1398 1701 1648 1754 mandata
1680 1710 1921 1754 contem-
1954 1688 1996 1742 Β
2025 1714 2152 1767 gare
2184 1714 2280 1768 pro
2308 1699 2433 1766 alio,
2478 1716 2598 1755 cum
2632 1701 2722 1755 ille
2753 1717 2862 1756 non
2895 1713 3171 1758 mereatur
3200 1708 3472 1773 accipere,
3512 1720 3614 1775 pro

356 1799 507 1845 nant.
546 1789 794 1860 Dicitque
825 1800 878 1845 et
915 1800 1096 1859 patres
1123 1797 1177 1845 et
1210 1791 1346 1845 filios
1395 1806 1503 1845 una
1556 1802 1735 1846 mente
1780 1791 1926 1861 pari-

355 1896 462 1951 que
508 1877 798 1947 seiitentia,
832 1883 1079 1955 neglecto
1125 1881 1260 1946 Deo,
1295 1882 1434 1935 idola
1472 1892 1778 1948 veneratos,
1815 1896 1922 1938 tam

356 1974 525 2028 Israel
566 1974 841 2040 videlicet,
874 1989 1035 2044 quam
1078 1976 1294 2028 domum
1330 1973 1489 2039 Juda,
1526 1973 1628 2028 hoc
1663 1984 1768 2041 est,
1816 1983 1925 2029 tam

357 2069 544 2121 decem
596 2067 790 2132 tribus,
841 2079 1002 2135 quam
1036 2066 1193 2132 duas,
1227 2080 1456 2135 quarum
1490 2064 1773 2134 imperium
1808 2074 1928 2120 erat

357 2157 416 2211 in
442 2155 764 2222 Jerusalem,
799 2163 858 2209 ut
904 2170 1139 2225 quorum
1191 2158 1243 2209 in
1283 2165 1597 2226 contemptu
1633 2154 1725 2210 Dei
1759 2155 1926 2210 unum

358 2249 594 2302 studimn
633 2247 755 2314 fuit,
789 2262 889 2317 par
916 2250 988 2300 sit
1015 2248 1067 2301 in
1104 2246 1418 2302 sustinenda
1453 2248 1766 2317 captivitate
1802 2261 1931 2317 sup-

360 2337 604 2406 plicium.

423 2469 589 2541 920
621 2466 801 2538 (Vers.
831 2467 918 2534 II,
944 2468 1055 2538 12.)
1084 2486 1103 2521 ι
1137 2466 1500 2537 Quamobrem
1531 2470 1644 2524 lucc
1669 2471 1799 2526 dicit
1828 2469 1931 2526 Do—

360 2566 538 2617 minus
562 2575 577 2616 :
610 2561 747 2617 Ecce
766 2577 866 2633 ego
891 2563 1086 2617 induco
1113 2566 1129 2595 ²
1155 2579 1314 2632 super
1336 2580 1430 2620 cos
1454 2566 1612 2631 mala,
1637 2566 1703 2620 de
1728 2567 1930 2635 quibus

357 2655 507 2708 exire
548 2670 653 2709 non
703 2662 980 2723 poterunt,
1014 2663 1067 2710 et
1098 2654 1402 2710 clamabunt
1449 2656 1515 2710 ad
1568 2671 1674 2723 me,
1719 2666 1773 2711 et
1821 2673 1929 2713 non

359 2745 646 2800 exaudiam
677 2759 792 2800 eos.
824 2746 887 2799 Et
933 2745 1089 2801 ibunt
1121 2747 1367 2802 civitates
1410 2745 1547 2802 Juda
1577 2757 1631 2803 et
1660 2749 1932 2806 habitato—

356 2854 446 2893 res
467 2838 794 2910 Jerusalem,
819 2850 872 2893 et
895 2840 1210 2896 clamabunt
1232 2841 1297 2895 ad
1323 2841 1697 2911 deos,.quibus
1720 2844 1927 2912 libant;

358 2942 542 2986 etnon
567 2931 855 2986 salvabunt
875 2946 968 2985 eos
988 2932 1042 2985 in
1071 2944 1311 3001 tempore
1334 2932 1640 2989 amictiouis
1658 2950 1871 2991 eorum.
1904 2954 1925 2990 ι

357 3018 475 3075 Non
508 3023 727 3076 exaudit
759 3019 902 3074 Deus
936 3020 990 3075 in
1027 3030 1269 3091 tempore
1299 3025 1642 3080 necessitatis
1676 3036 1732 3081 et
1760 3042 1930 3098 angu—
1958 3025 2002 3085 (ἔ

361 3113 482 3168 stite
505 3154 519 3178 ,
546 3113 669 3181 quia
715 3123 764 3166 et
805 3111 881 3166 illi
917 3112 1104 3168 audire
1139 3126 1322 3168 vocem
1356 3114 1568 3170 Domini
1608 3117 1927 3174 noluerunt.

359 3203 512 3271 Quod
563 3212 618 3258 et
657 3202 785 3258 Saul
838 3218 1032 3273 passus
1065 3205 1350 3265 est._Cum
1405 3208 1549 3262 enim
1596 3206 1928 3266 Philisthiim

359 3295 573 3365 agmina
597 3297 976 3363 reformidans,
1004 3297 1228 3352 verbum
1263 3297 1472 3353 Domini
1500 3314 1607 3354 non
1639 3304 1930 3358 meruisset

359 3389 631 3455 accipere,
655 3402 951 3442 conversus
972 3396 1052 3442 est
1076 3389 1140 3442 ad
1164 3388 1569 3459 Pythonissam,
1596 3401 1651 3445 ut
1674 3392 1744 3446 ab
1768 3393 1930 3450 idolis

357 3477 615 3541 disceret,
649 3479 789 3546 quod
822 3480 1079 3533 instantia
1111 3481 1374 3534 orationis
1405 3496 1468 3535 ac
1512 3481 1732 3536 ﬂetuum
1763 3498 1794 3535 a
1822 3483 1931 3538 Do-

360 3570 508 3623 mino
539 3570 724 3624 debuit
771 3579 1099 3641 extorquere
1152 3569 1200 3640 (I
1240 3571 1372 3641 lteg.
1424 3587 1618 3637 xxviii,
1664 3573 1778 3643 28).
1827 3575 1932 3631 Per

357 3677 476 3728 qua:
504 3661 765 3716 discimus
796 3664 837 3728 ¹,
881 3661 1048 3716 etiam
1096 3662 1140 3715 si
1175 3661 1436 3718 Dominus
1467 3680 1575 3718 non
1607 3669 1927 3735 exaudierit,

359 3767 693 3822 nuptaquam
725 3767 846 3808 esse
890 3753 1237 3819 cessandum,
1274 3769 1374 3809 nec
1413 3755 1832 3827 confugiendum
1862 3762 1930 3815 ad

356 3848 654 3911 daemones,
688 3846 779 3915 qui
810 3846 1049 3901 cultores
1079 3860 1209 3901 suos
1254 3846 1513 3916 adjuvare
1539 3866 1644 3904 non
1676 3863 1928 3920 possunt;

353 3938 448 3993 scd
482 3940 549 3993 ad
580 3939 793 3993 Domini
828 3939 1093 3994 auxilium
1124 3941 1215 4010 qui
1252 3939 1364 3995 cito
1392 3942 1561 3998 iratus
1590 3942 1846 4008 flectitur,
1876 3954 1933 4000 et

355 4040 528 4083 mutat
561 4030 907 4097 sententiam,
958 4030 1005 4085 si
1058 4041 1113 4085 et
1159 4032 1235 4096 hi,
1282 4032 1485 4101 quibus
1531 4034 1706 4089 iratus
1745 4036 1929 4101 fuerit,

352 4130 780 4177 commutantur.
810 4121 1003 4177 Totum
1037 4134 1218 4177 autem
1248 4127 1389 4191 quod
1425 4141 1569 4180 nunc
1601 4126 1819 4191 dicitur,
1862 4128 1929 4183 ad

354 4215 553 4268 tribum
581 4212 717 4268 Juda
751 4218 1009 4284 pertinet,
1046 4222 1103 4270 et
1135 4214 1683 4289 urbemJerusalem,
1731 4219 1930 4290 quibus

353 4305 521 4359 instat
549 4307 857 4374 captivitas.

410 4441 605 4511 .(Vers.
655 4441 768 4508 I3.)
801 4458 819 4491 ι
862 4440 1170 4494 Secundum
1204 4441 1347 4495 enim
1399 4457 1681 4498 numerum
1733 4444 1929 4500 civita-

355 4530 466 4582 tum
488 4538 703 4581 tuarum
729 4537 881 4582 erant
913 4529 986 4582 dii
1018 4530 1121 4595 tui,
1147 4527 1306 4595 Juda,
1336 4540 1389 4584 et
1419 4534 1712 4587 secundum
1743 4551 1933 4591 nume-

353 4635 472 4674 rum
508 4621 714 4675 viarum
731 4618 1046 4674 Jerusalem
1078 4622 1305 4689 posuisti
1336 4622 1450 4693 [AL
1486 4625 1771 4698 posuistis]
1804 4643 1931 4684 aras

341 4708 691 4764 confusionis
719 4708 787 4762 ad
827 4708 1107 4762 libandum
1138 4707 1345 4764 Baalim
1379 4712 1418 4764 ³.
1458 4711 1782 4784 LLegamus
1828 4716 1930 4770 Be-

352 4816 479 4868 gum
501 4809 555 4854 et
576 4798 1022 4868 Paralipomenon
1047 4797 1216 4852 libros
1236 4798 1339 4867 (IV
1362 4799 1484 4870 Reg.
1515 4818 1629 4869 xxi,
1657 4803 1717 4861 ll
1741 4805 1929 4863 Paral.

354 4894 569 4963 xxxnt),
604 4903 659 4947 et
705 4893 1046 4947 inveniemus
1073 4890 1285 4947 .Judum
1323 4903 1378 4947 et
1420 4893 1728 4951 Jerusalem
1758 4901 1930 4953 multo

352 5000 516 5055 quatit
548 4984 719 5039 Israel
749 4983 951 5055 pejora
1004 4983 1223 5051 fecisse,
1270 4995 1326 5039 ut
1359 4997 1494 5055 quot
1535 4989 1812 5044 habebant
1840 5006 1933 5045 ur-

354 5077 471 5139 bes,
524 5084 605 5129 t0t
651 5077 913 5131 haberent
955 5085 1011 5131 et
1048 5075 1334 5132 idolorum
1389 5081 1647 5147 species;
1696 5088 1750 5134 et
1799 5092 1933 5150 quot

352 5178 512 5225 erant
546 5169 603 5223 in
636 5168 766 5223 urbe
792 5164 1104 5223 Jerusalem
1147 5169 1340 5239 platea:
1374 5179 1438 5224 et
1470 5171 1686 5225 viarum
1723 5183 1927 5241 capita,

424 5355 442 5388 ί
481 5355 596 5411 Duo
633 5366 767 5408 mss.
798 5352 1022 5422 ipsaque
1051 5353 1271 5410 Hieron.
1305 5357 1482 5413 versio
1522 5357 1791 5414 inducam.
1820 5358 1930 5417 He-

355 5428 539 5481 braice
562 5437 742 5501 autem
772 5434 857 5478 εει
889 5431 1046 5482 sua.
1075 5436 1127 5478 et
1152 5423 1339 5480 Graece
1363 5428 1591 5501 ιῐιριτκὶιγω.Δ
1613 5430 1779 5484 ιιυυιυ
1805 5445 1928 5501 post

352 5506 486 5558 crat,
520 5494 801 5549 exaudiam
836 5508 955 5566 vos,
985 5509 1082 5562 pro
1115 5510 1222 5560 eos,
1254 5500 1400 5566 quod
1447 5494 1510 5553 es
1562 5499 1753 5557 iisdem
1790 5494 1922 5559 mss.

352 5582 621 5634 sacroque
654 5574 800 5618 textu
831 5565 1191 5618 restituimus.

426 5638 445 5667 ³
470 5636 530 5689 In
566 5635 770 5704 aliquot
795 5650 949 5699 mss.,
978 5634 1283 5704 plerumque
1314 5637 1580 5694 discimus.

2029 1805 2136 1860 quo
2166 1801 2386 1860 rogatur
2419 1792 2578 1847 Deus.

2101 1880 2281 1950 (Vers.
2319 1883 2406 1947 I5,
2440 1883 2550 1954 l6.)
2586 1904 2604 1935 ι
2639 1882 2777 1948 Quid
2807 1894 2912 1949 est,
2938 1884 3086 1956 quod
3113 1885 3341 1940 dilectus
3368 1902 3532 1941 meus
3557 1886 3613 1939 in

2028 1975 2190 2029 domo
2214 1974 2374 2044 921
2404 1991 2523 2031 mea
2554 1975 2678 2033 fecit
2712 1978 2917 2033 scelera
2954 1978 3157 2033 multa?
3186 1976 3464 2048 Numquid
3493 1995 3611 2031 car-

2030 2079 2125 2117 nes
2155 2073 2358 2118 sancte
2388 2066 2637 2121 auferent
2668 2081 2698 2120 a
2744 2076 2796 2121 te
2836 2068 3070 2122 malitias
3115 2077 3260 2134 tuas,
3310 2068 3366 2123 in
3409 2067 3613 2138 quibus

2029 2153 2256 2221 gloriata
2281 2155 2613 2210 es?01ivam
2641 2156 2885 2224 uberem,
2918 2158 3218 2229 pulchram,
3244 2159 3611 2225 fructiferam,

2026 2246 2331 2313 speciosam
2357 2247 2567 2302 vocavit
2591 2248 2852 2305 Dominus
2877 2265 3071 2306 nomen
3098 2260 3251 2305 tuum
3284 2271 3299 2307 :
3324 2252 3391 2306 ad
3423 2267 3610 2308 vocem

2032 2334 2260 2405 loquela:
2308 2339 2526 2408 grandis
2573 2341 2778 2395 exarsit
2830 2342 2971 2412 ignis
3016 2342 3067 2397 in
3120 2358 3206 2411 ea,
3237 2353 3291 2396 et
3322 2346 3611 2399 combusta

2030 2438 2158 2480 sunt
2209 2426 2412 2482 fruteta
2472 2429 2608 2495 ejus.
2667 2449 2684 2481 ι
2742 2430 3001 2486 Dilectum
3062 2444 3117 2488 et
3165 2434 3610 2490 amantissimum

2032 2529 2192 2573 vocat
2229 2520 2481 2589 populum
2517 2520 2677 2588 Juda,
2710 2530 2801 2593 qui
2831 2525 2885 2580 in
2945 2525 3145 2596 templo
3178 2525 3296 2595 ejus
3324 2528 3529 2596 posuit.
3558 2540 3612 2579 et

2032 2624 2322 2668 venenatus
2356 2628 2439 2668 eSt
2465 2615 2626 2680 idola,
2653 2627 2705 2670 et
2738 2617 2789 2670 iu
2826 2630 2891 2672 eo
2919 2631 2978 2672 se
3011 2628 3163 2688 putat
3192 2620 3327 2673 iram
3356 2618 3455 2675 Dei
3499 2620 3611 2690 pla-

2031 2717 2179 2766 care,
2210 2704 2255 2759 si
2289 2706 2488 2761 multas
2525 2705 2738 2764 bOStias
2767 2708 3034 2776 immolet,
3068 2720 3119 2765 et
3144 2710 3412 2781 gloriatur
3441 2713 3494 2766 in
3525 2728 3613 2767 sa-

2032 2795 2361 2854 crificiorum
2413 2797 2776 2863 multitudine,
2819 2815 2941 2869 quae
2990 2800 3224 2855 malitias
3261 2813 3607 2871 peccatorum

2033 2883 2248 2939 auferre
2285 2901 2392 2939 non
2425 2896 2669 2955 possunt.
2716 2887 3009 2958 Comparat
3056 2901 3237 2944 autem
3282 2887 3607 2956 Jerusalem,
3654 2944 3662 2950 .

2035 2977 2151 3030 sive
2179 2992 2396 3031 omnem
2440 2978 2694 3048 populum
2740 2978 3085 3046 Judaaorum,
3130 2981 3287 3036 oliva:
3332 2985 3609 3050 pulchrae,

2034 3078 2195 3136 atque
2242 3067 2555 3135 fructiferae,
2587 3085 2706 3139 qua:
2741 3071 2974 3125 exaltata
3007 3086 3104 3141 per
3143 3073 3479 3141 superbiam,
3521 3092 3613 3131 ne-

2032 3173 2303 3228 quaquam
2335 3161 2445 3228 egit
2478 3161 2775 3226 humiliter,
2831 3178 2933 3218 nec
2979 3163 3245 3219 intellexit
3288 3164 3608 3223 Creatorem

2033 3258 2088 3304 et
2115 3250 2516 3306 dominatorem
2542 3267 2741 3319 suum;
2774 3254 2868 3309 sed
2898 3260 3037 3309 elata
3068 3272 3163 3325 per
3193 3258 3531 3326 superbiam,
3555 3272 3610 3316 et

2030 3341 2211 3395 locuta
2242 3343 2539 3411 granditer,
2573 3344 2787 3399 Domini
2824 3345 2948 3417 igne
2988 3363 3249 3405 succensa
3286 3361 3405 3421 est;
3451 3355 3524 3407 Ita
3553 3366 3611 3409 ut

2033 3434 2491 3488 comburerentur
2531 3446 2586 3490 et
2632 3436 3010 3506 redigerentur
3059 3441 3125 3493 ad
3173 3443 3401 3497 nLhilum
3450 3448 3608 3513 rami,

2032 3529 2148 3582 sive
2198 3529 2394 3583 fruteta
2430 3529 2568 3598 ejus,
2617 3529 2665 3585 id
2712 3542 2814 3598 est,
2848 3535 3030 3588 omnis
3075 3537 3306 3605 pepulus
3351 3541 3609 3594 adversa-

2034 3621 2239 3673 riorum
2269 3620 2449 3690 gladio
2495 3622 2789 3677 deleretur.
2822 3623 2923 3680 llic
2955 3641 3148 3682 sensus
3176 3638 3231 3682 et
3262 3629 3319 3682 in
3352 3631 3459 3687 alio
3492 3632 3610 3688 loco

2032 3720 2112 3763 est
2145 3711 2284 3779 (cap.
2320 3715 2405 3782 tt),
2434 3711 2521 3766 ubi
2551 3712 2751 3767 dicitur
2777 3715 2843 3768 ad
2868 3714 3171 3772 Jerusalem
3200 3737 3215 3772 :
3241 3717 3357 3789 Ego
3384 3730 3434 3776 te
3459 3723 3611 3790 plan-

2033 3802 2139 3854 tavi
2176 3802 2377 3855 vineam
2425 3801 2741 3873 frugiferam
2772 3804 2816 3870 ⁸,
2868 3822 3070 3860 omnem
3101 3824 3274 3864 veram
3308 3826 3325 3864 :
3356 3817 3609 3882 quomodo

2031 3907 2279 3947 conversa
2313 3910 2367 3948 es
2399 3894 2455 3948 in
2500 3898 2913 3951 amaritudinem
2955 3901 3079 3954 vitis
3125 3903 3344 3959 aliena?
3386 3906 3609 3973 Quando

2032 3984 2664 4042 destrdunturmaceriae
2714 3988 2880 4057 illius,
2912 4000 2968 4045 et
3010 4003 3185 4049 vastat
3217 4010 3335 4051 eam
3385 4015 3514 4068 aper
3544 4003 3610 4055 de

2032 4075 2192 4140 silva,
2216 4086 2270 4128 et
2292 4090 2486 4131 omnes
2518 4078 2705 4132 bestia:
2729 4078 2991 4135 devorant
3018 4081 3230 4141 fructus
3260 4087 3408 4143 illius
3439 4089 3606 4159 (Ρωι.

2031 4179 2230 4228 um,
2284 4168 2363 4237 4),
2414 4168 2661 4224 dicamus
2719 4171 2861 4225 istud
2919 4175 3219 4244 capitulum
3272 4180 3608 4251 principibus

2031 4255 2400 4311 Ecclesiarum
2434 4275 2448 4313 ε
2480 4258 2619 4324 Quid
2647 4269 2724 4314 est
2750 4264 2888 4331 quod
2916 4264 3139 4321 dilectus
3184 4283 3329 4323 meus
3365 4272 3421 4323 in
3451 4275 3606 4326 domo

1962 4357 2008 4412 ι)
2038 4363 2150 4402 mea
2195 4350 2319 4419 fecit
2363 4354 2558 4406 scelera
2610 4354 2827 4407 multa?
2872 4355 2965 4411 Vel
3014 4368 3164 4415 certe
3198 4361 3482 4428 divitibus,
3515 4365 3605 4433 qui

2038 4455 2159 4491 cum
2191 4441 2369 4495 aliena
2398 4443 2674 4510 diripiant,
2718 4456 2773 4500 et
2806 4462 2910 4499 non
2942 4449 3193 4504 auferant
3222 4454 3459 4510 malitias
3484 4471 3606 4511 cer-

2035 4535 2120 4589 dis
2168 4536 2275 4598 sui,
2321 4544 2514 4603 putant
2547 4551 2606 4591 se
2641 4536 2733 4592 Dei
2781 4540 3121 4594 clementiam
3155 4546 3347 4599 mereri
3383 4563 3399 4601 :
3438 4547 3605 4602 Num-

2034 4626 2159 4695 quid
2206 4641 2397 4680 carnes
2429 4636 2628 4683 sancite
2674 4630 2911 4701 auferent
2943 4649 2977 4686 a
3025 4646 3074 4687 te
3110 4636 3343 4692 malitias
3377 4650 3519 4705 tuas,
3552 4642 3604 4695 in

2032 4716 2221 4788 quibus
2251 4718 2487 4788 gloriata
2513 4737 2565 4775 es
2583 4722 2610 4774 .9
2640 4721 2711 4774 At
2742 4738 2886 4777 nunc
2909 4724 3122 4795 publice
3150 4733 3452 4784 recitantur
3478 4732 3603 4786 olle-

2034 4812 2265 4864 rentium
2294 4812 2542 4876 nomina,
2579 4824 2630 4868 et
2660 4816 2958 4886 redemptio
2983 4832 3330 4893 peccatorum
3362 4832 3601 4878 mutatur

2033 4903 2084 4957 in
2120 4904 2332 4958 Iaudem
2367 4923 2380 4959 :
2409 4920 2507 4961 nec
2536 4909 2898 4964 meminerunt
2932 4913 3105 4966 viduae
3137 4911 3283 4969 illius
3332 4916 3382 4968 iu
3430 4916 3603 4971 Evan-

2030 4996 2207 5066 gelio,
2243 5013 2364 5068 quae
2397 4997 2451 5053 iu
2499 5000 2943 5071 gazophylacium
2990 5006 3096 5059 duo
3145 5022 3253 5061 azra
3303 5010 3602 5079 mittendo,

2032 5090 2277 5144 omnium
2308 5092 2535 5146 divitum
2596 5093 2726 5147 vicit
2753 5094 2977 5150 donaria
3005 5095 3200 5169 (Marc.
3237 5099 3356 5169 xu).

2102 5179 2284 5251 (Vers.
2326 5182 2440 5256 I7.)
2475 5203 2498 5237 ί
2536 5183 2602 5239 Ει
2639 5183 2899 5243 Dominus
2933 5192 3289 5263 exercituum,
3323 5196 3418 5264 qui
3448 5195 3603 5265 plau-

2106 5364 2126 5396 ³
2161 5362 2305 5417 Idem
2338 5380 2400 5419 ex
2437 5366 2706 5425 Ilebraico
2741 5368 3074 5444 Vulgataquc
3117 5377 3353 5434 editione
3399 5380 3600 5436 addidit

2029 5448 2243 5489 rursum
2276 5452 2420 5492 aras.

2102 5502 2125 5535 ⁸
2164 5502 2332 5560 Vatic.
2366 5509 2570 5561 vineam
2602 5508 2838 5580 electam,
2868 5523 2921 5570 et
2962 5531 3084 5594 cum
3125 5516 3355 5594 Cistcrc.
3384 5538 3420 5594 ς
3465 5544 3600 5593 uth

2030 5590 2363 5699 ἓὶῗὲἶωοηηια
2430 5594 2604 5635 semen
2659 5598 2837 5638 verum
2863 5601 2890 5640 .:
2946 5588 3185 5659 denique
3244 5588 3479 5665 alieni,
3515 5588 3591 5668 ’μυ
