3950 6180
304 346 418 409 7~5

817 345 1305 411 COMMENTAR.
1348 347 1430 408 IN
1465 348 1864 411 JEREMIAM
1911 351 2371 413 PROPHETAM
2412 352 2561 414 LIB.
2606 350 2724 423 lli,
2759 352 2923 413 CAP.
2967 351 3072 414 XI.

3466 352 3580 416 786-

305 458 437 511 tuvit
472 467 541 519 te,
570 457 786 512 locutus
814 470 898 514 est
926 475 1091 530 super
1121 472 1175 517 te
1205 461 1430 526 malum,
1474 480 1575 534 pro
1606 464 1761 517 malis
1791 468 1883 515 do—
1913 466 1961 524 Α
1993 466 2193 531 Deum,
2212 477 2267 520 ιιι
2297 468 2414 536 ip'se
2441 467 2630 521 reddat
2657 466 2852 535 populo
2872 464 3016 535 quod
3040 470 3300 525 meretur,
3323 471 3377 517 et
3400 462 3571 518 dicit:

306 567 432 603 ntus
478 549 641 603 Israel
689 560 739 604 et
791 551 984 606 domus
1028 550 1189 617 Juda,
1224 570 1345 623 quae
1393 554 1640 609 fecerunt
1684 554 1787 608 sibi
1820 555 1888 608 ad

305 640 634 695 irritandum
669 656 780 709 me,
814 643 1049 699 libantes
1093 643 1317 701 Baalim.
1358 665 1377 699 ι
1410 646 1643 707 Olivam.
1691 649 1887 718 inquit,

312 734 559 801 uberem,
587 734 895 803 pulchram,
938 736 1274 793 fructiferam
1306 741 1511 795 voravit
1548 750 1600 794 te
1633 741 1890 795 Dominus

308 835 460 889 tuus,
494 838 655 894 atque
699 827 981 895 plantavit.
1019 829 1124 884 Sed
1154 834 1278 899 quia
1312 833 1380 885 ad
1410 847 1594 886 vorem
1638 833 1884 900 loquelae,

306 915 535 983 graulis
575 915 664 967 Dei
702 916 753 967 in
792 926 843 971 te
874 916 1088 973 ﬂamma
1128 921 1431 984 descendit,
1465 932 1516 976 et
1547 924 1891 992 consumpsit

305 1020 502 1057 munes
539 1022 722 1060 ramos
773 1017 915 1074 tuos,
962 1018 1249 1079 pmptrrea
1281 1012 1372 1080 qui
1427 1021 1482 1067 te
1530 1012 1889 1081 plantaverat,

306 1112 459 1149 mine
502 1098 713 1153 loeutus
757 1110 839 1155 est
884 1117 1047 1170 super
1095 1113 1150 1158 te
1199 1105 1441 1169 malum,
1468 1120 1574 1158 non
1609 1106 1893 1173 iniquitate

308 1187 616 1251 sententiae,
663 1202 760 1241 nec
805 1190 981 1244 subita
1018 1192 1284 1261 pravitate
1329 1194 1637 1259 sermonis;
1664 1196 1757 1247 sed
1790 1209 1887 1261 pro

310 1280 474 1330 malis
494 1294 612 1345 quae
637 1279 876 1333 fect-runt
902 1283 1002 1335 sibi
1030 1284 1224 1339 domus
1246 1284 1417 1340 lsrael-
1435 1296 1489 1340 et
1511 1286 1703 1339 domus
1719 1285 1887 1350 Iuda,

309 1379 366 1420 et
426 1370 663 1424 studiose
709 1383 932 1442 egerunt
995 1374 1224 1429 libantes
1274 1375 1511 1441 Baalint,
1565 1387 1624 1430 ut
1675 1393 1762 1432 me
1822 1378 1891 1432 ad

311 1459 654 1515 iracundiam
704 1475 1082 1529 provocarent.
1119 1466 1365 1538 Cumque
1417 1471 1587 1539 possit
1621 1468 1765 1524 Deus
1811 1470 1892 1525 fa-

311 1568 441 1606 cere
473 1569 594 1621 quae
624 1556 756 1619 vult,
793 1558 966 1611 reddit
997 1574 1191 1614 causas
1230 1578 1299 1615 ne
1329 1561 1507 1617 facere
1534 1563 1784 1618 videatur
1811 1566 1894 1619 in-

311 1644 485 1713 juste,
507 1647 669 1716 922
692 1651 988 1702 secundum
1024 1653 1176 1715 illud,
1203 1654 1349 1722 quod
1379 1654 1641 1724 scriptum
1667 1666 1751 1710 est
1777 1675 1789 1709 ε
1820 1655 1892 1710 Ut

302 1738 619 1807 justi/iceris
662 1742 715 1793 in
761 1742 1087 1797 sermonibus
1124 1745 1262 1812 tuis,
1300 1759 1347 1800 et
1386 1748 1562 1801 vincas
1602 1766 1718 1801 cum
1742 1752 1891 1818 judi-

313 1832 457 1882 caris
483 1830 655 1901 (Psal.
686 1840 745 1893 ιη’
766 1832 844 1903 6).

393 1923 578 1991 (Vers.
618 1926 685 1980 i8
733 1928 909 1999 seqq.)
945 1949 965 1983 ι
1006 1928 1087 1984 Tu
1134 1940 1340 1999 autem,
1376 1932 1617 1997 Domine,
1665 1933 1893 1987 demon—

320 2020 508 2072 strasti
552 2019 707 2082 mihi,
742 2033 797 2075 et
830 2025 1054 2092 cognovi
1091 2043 1105 2078 :
1140 2034 1195 2079 tu
1226 2025 1513 2079 ostendisti
1547 2028 1676 2080 milii
1716 2028 1893 2081 studia

316 2126 531 2175 eorum,
555 2122 611 2167 et
638 2128 734 2184 ego
763 2116 918 2185 quasi
948 2132 1120 2186 agnus
1159 2130 1498 2183 mansuetus,
1525 2119 1618 2188 qui
1652 2127 1898 2188 portatur

316 2203 385 2254 ad
417 2203 717 2266 victimam,
746 2214 800 2258 et
828 2220 938 2259 non
966 2207 1194 2275 cognovi
1223 2209 1348 2276 quia
1382 2194 1546 2277 super
1578 2224 1662 2263 me
1691 2211 1898 2278 cogita-

317 2300 516 2347 verunt
544 2293 810 2351 consilia:
844 2294 1119 2351 Mittamus
1167 2295 1373 2365 lignum
1412 2298 1464 2350 in
1502 2312 1697 2366 panem
1748 2299 1894 2367 ejus.

317 2394 372 2437 et
417 2395 763 2440 conteramus
792 2386 984 2459 [Vulg.
1032 2388 1347 2462 credamus]
1380 2405 1507 2444 eum
1550 2389 1618 2445 de
1648 2400 1789 2444 terra
1818 2392 1899 2444 vi-

324 2478 589 2543 ventium,
618 2488 674 2533 et
705 2493 773 2533 ne
802 2489 1137 2534 metueretur
1166 2496 1358 2535 nomen
1389 2482 1505 2552 ejus
1537 2482 1794 2553 amplius.
1815 2482 1895 2537 Tu

325 2581 531 2635 autem,
570 2571 796 2627 Domine
826 2572 1075 2637 sahaoth,
1121 2574 1213 2643 qui
1245 2574 1461 2643 judicas
1490 2575 1661 2643 juste,
1692 2586 1747 2631 et
1776 2590 1900 2645 pro-

318 2664 419 2718 bas
454 2680 610 2720 renes
655 2674 711 2720 et
755 2682 852 2723 cor
885 2686 902 2726 :
938 2668 1146 2723 videam
1182 2669 1444 2723 ultionem
1481 2680 1627 2723 tuam
1660 2684 1727 2723 ex
1770 2671 1851 2725 eis
1880 2688 1895 2724 :

321 2757 417 2809 tibi
449 2757 591 2813 enim
620 2760 853 2814 revelavi
884 2775 1105 2816 causam
1137 2776 1330 2816 meam.
1369 2780 1388 2813 ι
1426 2760 1684 2816 Omnium
1719 2760 1898 2817 eccle-

321 2851 527 2904 siarum
560 2851 661 2906 iste
684 2860 766 2907 est
803 2868 1124 2919 consensus,
1157 2865 1213 2908 ut
1243 2855 1343 2909 sub
1368 2868 1598 2923 persona
1624 2853 1896 2919 Jeremim,

320 2957 354 2997 a
389 2943 606 2999 Christo
642 2945 755 3001 her
789 2945 897 3001 dici
933 2947 1260 3018 intelligant,
1295 2950 1437 3017 quod
1477 2950 1525 3002 ei
1557 2948 1720 3003 Pater
1747 2967 1900 3004 mon-

324 3040 605 3100 straverit,
632 3039 905 3107 quomodo
932 3054 1056 3094 eum
1090 3049 1342 3109 Oporteat
1367 3040 1535 3109 loqui,
1563 3051 1616 3095 et
1645 3043 1901 3095 osrende-

2010 556 2229 612 Videant
2262 559 2513 614 ultionem
2549 569 2697 613 tuam
2728 575 2794 613 ea:
2822 560 2919 622 eis,
2957 572 3146 611 eorum
3184 554 3455 618 videlicet,
3480 555 3572 623 qui

1997 653 2052 706 in
2082 653 2288 707 scelere
2320 662 2690 721 perseverant,
2723 660 2778 706 et
2828 666 2935 705 non
2968 664 3182 711 eorum,
3212 646 3307 718 qui
3351 655 3576 701 vertun-

2000 754 2089 798 tur
2116 743 2225 816 [ΑΙ.
2259 742 2677 815 convertuntur]
2715 743 2779 798 ad
2814 741 3212 809 pteniteutiam.
3248 738 3323 793 De
3352 738 3461 793 illis
3496 737 3574 790 ait

1998 835 2052 888 itt
2097 851 2260 889 cruce
2296 851 2311 891 :
2354 835 2532 895 Pater,
2570 837 2781 906 ignosce
2824 834 2952 896 illis,
3000 834 3139 904 quod
3184 832 3322 887 enim
3370 830 3574 900 faciunt

1999 928 2243 982 nesciunt
2271 925 2421 997 (Luc.
2453 941 2606 990 sxtu,
2634 927 2748 997 54).
2774 924 3106 992 Revelatque
3137 923 3283 977 Patri
3313 933 3369 978 et
3399 924 3576 991 aperit

1998 1034 2218 1074 causam
2252 1033 2406 1072 suam
2435 1056 2453 1083 ,
2487 1019 2611 1086 quia
2647 1019 2796 1071 nullo
2827 1032 2927 1070 suo
2972 1016 3189 1081 merito,
3239 1016 3335 1069 sed
3366 1013 3574 1068 scelere

2000 1110 2188 1178 populi
2240 1110 2536 1165 cruciﬁxus
2568 1117 2675 1174 est,
2711 1109 2945 1164 dicens:
2981 1107 3116 1162 Ecce
3165 1108 3303 1162 venit
3333 1107 3571 1176 princeps

1999 1202 2183 1255 mundi
2211 1201 2392 1271 hujus,
2424 1208 2474 1254 et
2504 1202 2699 1255 invenit
2739 1202 2794 1254 in
2825 1217 2903 1253 me
2934 1200 3059 1254 nihil
3090 1199 3272 1269 (Joan.
3310 1215 3420 1262 xlv,
3453 1199 3567 1267 50).

1998 1289 2167 1345 Judaei
2205 1300 2260 1345 et
2296 1292 2465 1345 nostri
2495 1291 2839 1359 jndaizantes
2884 1290 2997 1345 haec
3039 1305 3103 1344 ex
3154 1302 3386 1358 persona
3416 1287 3571 1342 lere-

1998 1384 2122 1437 mite
2163 1381 2270 1436 dici
2302 1381 2612 1452 intelligunt
2637 1421 2655 1446 ,
2682 1382 2775 1452 qui
2823 1389 3044 1451 prupter
3072 1378 3390 1434 vaticinium
3424 1377 3570 1432 futu-

1999 1491 2210 1540 rorum,
2241 1484 2299 1531 et
2335 1475 2636 1544 ingruentia
2667 1474 2994 1544 captivitatis
3031 1472 3192 1538 mala,
3229 1470 3344 1526 hac
3381 1484 3505 1526 eum
3538 1486 3572 1525 a

1998 1569 2200 1640 populo
2230 1568 2558 1624 sustinuisse
2580 1570 2924 1622 continuant.
2958 1565 3064 1620 Sed
3094 1563 3280 1619 nescio
3301 1562 3572 1633 quomodo

2000 1664 2214 1733 possint
2243 1661 2577 1732 approbare,
2606 1660 2923 1717 cruciﬁxum
2957 1673 3077 1713 esse
3105 1650 3417 1717 Je‘rentiam.
3447 1672 3573 1711 cum

2005 1756 2107 1808 hoc
2154 1752 2433 1821 Scriptura
2479 1767 2591 1808 non
2638 1761 2941 1816 memoret,
2976 1751 3076 1806 nisi
3112 1748 3253 1805 forte
3292 1748 3574 1819 cOgitarc-

1925 1823 1967 1877 Β
1999 1850 2125 1910 rint,
2156 1857 2207 1902 et
2247 1861 2351 1901 non
2384 1846 2633 1901 fecerint.

2072 1937 2256 2007 (Vers.
2283 1937 2347 1991 2i
2385 1937 2564 2008 seqq.)
2605 1957 2624 1990 ι
2658 1936 2950 2006 Propterea
2997 1936 3112 1992 btet:
3142 1934 3273 1990 dicit
3315 1932 3577 1989 Dominus

1999 2031 2063 2084 ad
2114 2030 2261 2085 viros
2299 2029 2578 2084 Anathotb
2605 2030 2697 2099 qui
2749 2040 2996 2099 quaerunt
3028 2028 3267 2082 animam
3319 2035 3492 2092 tuam,
3523 2036 3579 2081 et

1997 2122 2187 2177 dicunt
2213 2139 2229 2175 :
2261 2120 2377 2176 Non
2407 2121 2760 2190 propltetabis
2789 2120 2842 2174 in
2876 2120 3095 2174 nomine
3128 2118 3364 2184 Domini,
3387 2126 3442 2172 et
3470 2133 3581 2172 non

2000 2213 2254 2269 morieris
2295 2213 2349 2267 in
2404 2214 2658 2267 manibus
2695 2212 2925 2267 nostris.
2962 2209 3259 2278 Propterea
3303 2209 3419 2263 haec
3449 2208 3586 2263 dicit

2003 2306 2266 2361 Dominus
2292 2307 2627 2360 exercituum
2658 2322 2673 2361 :
2702 2304 2840 2358 Ecce
2863 2318 2963 2372 ego
2994 2302 3229 2357 visitabo
3255 2316 3421 2369 super
3446 2314 3577 2362 eos;

1995 2399 2225 2468 juvenes
2258 2397 2563 2451 morientur
2604 2398 2658 2449 in
2707 2395 2871 2465 923
2913 2394 3127 2465 gladio;
3163 2391 3259 2446 lilii
3297 2404 3488 2445 eorum
3526 2396 3584 2446 et

2000 2490 2122 2544 illim
2157 2503 2345 2544 earum
2385 2488 2402 2519 ⁸
2436 2487 2737 2541 morientur
2779 2488 2833 2539 in
2887 2484 3047 2551 fame,
3079 2493 3133 2536 et
3187 2481 3434 2549 reliquia:
3468 2494 3576 2535 non

1998 2588 2159 2634 erunt
2199 2594 2280 2637 ex.
2314 2577 2414 2633 eis.
2454 2576 2713 2632 lnducatu
2761 2575 2906 2630 enim
2960 2575 3159 2628 malum
3210 2587 3374 2640 super
3422 2586 3577 2627 Vtros

2000 2669 2299 2736 Anathoth,
2328 2684 2532 2723 annum
2557 2667 2889 2723 visitationis
2917 2681 3128 2721 eorum.
3162 2684 3182 2717 ι
3217 2663 3451 2719 Videtur
3476 2663 3581 2718 boc

2000 2762 2272 2833 superiori
2321 2761 2606 2816 sententia:
2655 2759 2953 2825 contraire,
2995 2773 3101 2827 qua
3150 2757 3421 2811 voluimus
3466 2754 3581 2828 [ΑΙ.

2001 2851 2277 2924 volumus]
2311 2851 2614 2921 approbare
2645 2866 2713 2904 ex
2749 2863 2984 2917 persona
3023 2848 3234 2903 Christi
3278 2848 3422 2903 dicta
3461 2861 3585 2902 esse

2001 2961 2121 3013 qtae
2168 2945 2310 2998 dicta
2361 2953 2509 3006 sunt,
2549 2952 2604 2995 et
2651 2956 2757 2995 non
2810 2956 2876 2994 ex
2923 2938 3193 3004 Jeremiaé,
3229 2940 3323 3007 qui
3367 2938 3586 3008 proprie

2004 3037 2283 3092 habitabat
2325 3034 2380 3087 in
2424 3034 2603 3088 viculo
2642 3033 2944 3094 Anathotlt,
2978 3033 3068 3099 qui
3114 3031 3184 3086 ab
3227 3030 3584 3100 Jerosolymis

322 3131 396 3185 rit
425 3132 497 3184 illi
527 3131 704 3186 studia
727 3130 1057 3197 .ludzeoruut,
1082 3141 1136 3186 et
1158 3132 1293 3203 ipse,
1318 3133 1475 3202 quasi
1509 3148 1679 3203 agnus
1704 3134 1898 3187 ductus
1924 3152 1969 3214 ρ
2004 3131 2174 3183 tribus
2199 3130 2365 3183 distat
2394 3127 2654 3181 millibus.
2686 3124 2792 3179 Sed
2824 3126 2869 3179 si
2909 3124 3343 3179 intellexerimus
3375 3131 3586 3194 etymo-

322 3224 390 3277 ad
424 3224 723 3285 victimam,
750 3239 854 3277 non
878 3226 1154 3293 aperuerit
1179 3239 1242 3280 os
1268 3240 1450 3292 suum,
1479 3234 1534 3280 et
1560 3240 1666 3279 non
1698 3240 1902 3294 cogno-

319 3317 481 3382 verit,
529 3318 855 3370 subauditur
902 3327 1220 3386 peccatum;
1256 3318 1411 3386 juxta
1461 3319 1594 3373 illud
1641 3320 1786 3390 quod
1834 3320 1901 3373 alt

319 3408 584 3475 Apostolo
623 3407 870 3469 diciturI:
902 3410 1004 3473 Qui
1054 3426 1169 3461 cum
1204 3425 1307 3462 non
1355 3411 1673 3479 cogitat-isset
1719 3425 1904 3476 pecca-

324 3509 460 3563 tum,
492 3515 585 3565 pro
621 3499 765 3552 nobis
813 3511 1083 3569 peccatum
1131 3498 1304 3567 factus
1348 3509 1446 3553 est.
1514 3497 1583 3552 Et
1609 3499 1844 3553 dixerint
1877 3512 1891 3552 :

314 3588 609 3643 Mittamus
637 3590 837 3658 lignum
863 3590 917 3643 in
942 3606 1130 3659 partem
1160 3595 1296 3659 ejus,
1319 3603 1539 3643 crucem
1571 3588 1821 3642 videlicet
1850 3588 1901 3640 in

327 3697 528 3750 corpus
575 3682 887 3736 Salvatoris.
922 3681 1039 3751 Ipse
1067 3690 1151 3736 est
1176 3681 1321 3735 enim
1357 3681 1445 3750 qui
1486 3681 1601 3734 ait:
1644 3680 1755 3750 Ego
1785 3697 1902 3733 sum

328 3775 507 3838 panis,
538 3774 630 3842 qui
659 3775 722 3827 de
755 3774 881 3827 cae/0
928 3773 1174 3827 descendi
1208 3771 1392 3844 (Joan.
1424 3787 1496 3835 vn,
1527 3770 1616 3841 51)
1649 3812 1663 3836 ,
1695 3781 1749 3823 et
1780 3786 1903 3822 era-

323 3867 585 3927 dicemus,
617 3865 731 3918 sive
763 3875 1097 3918 santeramus
1146 3880 1263 3916 eum
1308 3864 1373 3916 de
1423 3872 1566 3916 terra
1597 3863 1900 3915 virentium.

328 3957 442 4011 lloc
477 3958 620 4009 enim
668 3955 847 4010 srclus
900 3956 1083 4009 animo
1133 3956 1548 4026 cogitaverunt,
1595 3965 1655 4007 ut
1707 3969 1901 4007 nomen

327 4048 446 4115 ejus
476 4047 720 4100 delerent
746 4047 803 4099 itt
848 4055 1192 4116 perpetuum.
1228 4046 1333 4100 Sed
1366 4061 1397 4100 e
1434 4046 1713 4100 contrario
1749 4048 1906 4113 juxta

330 4134 599 4202 assumpti
644 4135 890 4202 corporis
930 4143 1327 4188 sacramentum
1365 4135 1604 4203 loquitur
1642 4132 1812 4188 Filius
1842 4136 1909 4187 ad

334 4225 575 4290 Patrem,
607 4238 660 4281 et
702 4229 1031 4296 imprecatur
1076 4226 1340 4294 judicium
1391 4228 1531 4297 ejus,
1570 4228 1697 4281 dum
1730 4226 1914 4281 laudat

330 4318 635 4386 justitiam,
688 4328 742 4373 et
788 4320 1151 4390 inspectorctn
1194 4319 1341 4374 renis
1391 4329 1444 4373 et
1479 4317 1657 4373 cordis
1699 4319 1914 4373 invocat

2005 3222 2201 3290 logiam
2229 3221 2410 3288 oppidi
2437 3235 2722 3274 annuom
2753 3219 3001 3287 (mnam,
3025 3218 3166 3285 quod
3198 3217 3587 3286 interpretatur

2001 3314 2325 3378 obedientia,
2364 3313 2571 3381 liquido
2611 3311 3007 3365 monstrabitur
3042 3309 3204 3381 924
3253 3309 3397 3364 viros
3443 3308 3588 3363 Ana-

2009 3408 2185 3474 tltoth,
2222 3407 2313 3476 qui
2353 3406 2627 3474 quondam
2666 3404 2877 3458 Domini
2914 3404 3200 3473 praeceptis
3236 3404 3588 3471 obtempera-

2007 3510 2155 3560 runt.
2198 3513 2388 3553 omnes
2436 3497 2541 3550 diri
2588 3494 2827 3561 .Iudaeos,
2868 3505 2923 3551 et
2969 3494 3203 3548 maxime
3248 3494 3588 3547 habitatores

2014 3591 2166 3646 urbis
2196 3589 2525 3651 Jerusalem,
2558 3589 2613 3642 in
2648 3604 2784 3658 quos
2822 3600 3068 3643 extrema
3099 3587 3247 3642 venit
3278 3587 3589 3652 sententia;

2012 3694 2069 3738 ut
2101 3682 2408 3739 obsidionis
2447 3683 2630 3745 malis,
2669 3682 2870 3751 gladio,
2905 3680 3069 3745 fante,
3109 3687 3162 3734 et
3206 3686 3358 3746 peste
3399 3676 3588 3731 interi-

2016 3782 2151 3828 rent.
2188 3773 2255 3829 Ut
2287 3783 2469 3828 autem
2511 3787 2609 3827 nos
2643 3773 2791 3827 omni
2824 3770 3297 3839 interpretationis
3336 3767 3591 3824 molestia

2010 3866 2325 3931 liberemur,
2358 3865 2503 3918 illam
2542 3879 2837 3934 sequamur
2881 3863 3121 3933 regulam
3163 3876 3180 3919 :
3213 3859 3367 3927 Quod
3399 3875 3589 3915 omnes

2011 3958 2289 4027 pr0pbctze
2347 3956 2399 4009 in
2458 3964 2643 4025 typum
2703 3954 2915 4007 Domini
2975 3952 3275 4007 Salvatoris
3336 3951 3590 4019 pleraque

2009 4050 2301 4115 gesSerint,
2330 4058 2383 4101 et
2412 4046 2674 4114 quidquid
2713 4046 2866 4114 juxta
2903 4060 3145 4113 prtesens
3184 4053 3397 4112 tempus
3433 4057 3590 4096 com-

2010 4141 2216 4209 pletum
2250 4141 2321 4193 sit
2355 4140 2409 4192 in
2448 4137 2708 4202 Jereutia,
2745 4139 2848 4192 hoc
2893 4140 2945 4190 in
2993 4137 3233 4191 l’uturuut
3263 4135 3331 4191 dc
3363 4132 3594 4189 Domino

2011 4231 2351 4301 prOpItetari.

406 4472 425 4502 ¹
457 4472 659 4529 Victor.
692 4488 758 4528 ex
790 4471 1016 4544 Vulgata
1038 4475 1126 4530 hic
1166 4489 1380 4544 quoque
1411 4472 1662 4530 rescribit
1699 4488 1902 4529 eorum.
1946 4470 2239 4528 Diversitas
2263 4486 2327 4525 cx
2361 4471 2587 4526 llcbrmo
2612 4472 2869 4527 Graecove
2900 4479 3046 4524 testu
3081 4485 3185 4525 nou
3219 4472 3405 4542 liquet.

364 4697 575 4717 ε--ι--ι-

1468 4871 1822 4959 LIBER
1902 4869 2469 4959 TERTIUS.

415 5241 694 5297 Lernaeum
744 5256 972 5311 anguem
1006 5243 1059 5308 ί,
1106 5240 1302 5296 fabulae
1353 5240 1796 5301 fernut,,multis
1850 5252 1914 5291 ex
1945 5237 2211 5309 Djuncto
2252 5236 2305 5290 in
2349 5235 2539 5289 eodem
2584 5233 2765 5288 littore
2806 5232 3123 5286 Sircuarutn
3161 5225 3443 5282 mortifero
3470 5236 3613 5279 car»

344 5334 526 5388 medio
578 5335 754 5402 capite
804 5336 1095 5404 pullulasse
1140 5332 1488 5403 serpentibus
1525 5348 1539 5386 :
1582 5342 1635 5384 et
1678 5330 1913 5400 Scyllam

348 5424 516 5479 Siculi
554 5434 859 5481 monstrum
902 5426 1049 5487 freti,
1086 5424 1222 5479 facie
1263 5423 1481 5491 quidem
1513 5422 1785 5492 virginali,
1821 5421 1915 5474 sed

343 5520 681 5574 succinctam
704 5520 956 5583 canibus,
984 5520 1311 5572 miserorum
1332 5517 1577 5571 lacerare
1600 5513 1916 5583 naufragia:

418 5660 432 5689 ⁸
472 5656 743 5711 Lemurum
785 5670 1026 5722 anguem.
1062 5652 1233 5707 Lerne
1268 5651 1419 5705 lacus
1447 5662 1532 5705 est
1567 5651 1618 5704 in
1658 5665 1787 5717 agro
1805 5649 1917 5722 Ar-

349 5729 470 5794 εἴτε)
507 5726 754 5778 Herculis
792 5718 973 5777 labore
1022 5723 1378 5794 notissimus;
1420 5737 1565 5794 nam
1592 5722 1643 5772 in
1688 5735 1754 5772 eo
1802 5718 1915 5794 ily?

346 5789 500 5851 dram
537 5797 813 5850 Lerntcam
855 5798 1022 5849 l‘ertur
1065 5793 1426 5856 interemisse,
1466 5791 1655 5844 vicinae
1704 5789 1912 5858 regioni

2024 5329 2190 5394 mine,
2221 5342 2344 5397 quae
2374 5337 2433 5380 ut
2458 5330 2657 5382 vitaret
2699 5323 2918 5396 Ulysses
2955 5322 3295 5384 Homericus,
3326 5320 3589 5376 clausisse

2016 5435 2178 5474 aures
2222 5419 2448 5481 dicitur,
2478 5428 2537 5471 et
2586 5417 2787 5470 malum
2837 5413 3296 5484 inexsuperabile,
3339 5410 3589 5480 prudenti

2018 5512 2219 5565 vitasse
2247 5511 2501 5566 consilio.
2536 5508 2647 5563 lloc
2688 5524 2790 5578 ego
2831 5524 2953 5560 cum
3001 5506 3183 5560 facere
3224 5519 3503 5570 cuperem,
3536 5510 3592 5554 et

2017 5651 2153 5705 adeo
2185 5648 2463 5711 infestam,
2502 5658 2561 5702 ut
2608 5646 2785 5701 locum
2842 5644 3031 5699 fecerit
3078 5640 3387 5710 proverbio,
3420 5639 3590 5711 Lenta

2017 5721 2297 5774 malorum.
2350 5710 2502 5772 Hunc
2551 5718 2717 5787 igitur
2769 5715 3052 5787 Lemurum
3104 5725 3332 5780 anguem
3364 5710 3587 5779 ;ittdicat

2020 5792 2105 5846 bis
2137 5790 2316 5845 verbis
2352 5786 2730 5858 llicrouymus.
2772 5786 3037 5839 Maurus.
