3906 6172
315 274 421 337 ἿδῚ

1477 279 1537 338 S.
1599 276 1915 337 EUSEBIl
1979 276 2030 336 II
2044 275 2429 337 lERONYMl

3487 269 3596 334 788’

315 391 694 449 hereticorum
749 394 954 450 rabiem
1012 393 1287 448 declinare
1333 390 1452 464 [ΑΙ.
1503 388 1892 460 declinarem],
1921 395 1968 458 Α
1995 391 2120 458 quia
2167 393 2335 446 zelavi
2375 393 2430 444 in
2473 388 2843 458 peccatoribus
2875 389 2895 418 ⁸
2925 405 3106 456 pacem
3143 397 3478 459 peccatorum
3515 388 3592 442 ei-

311 491 370 536 et
400 482 553 550 juxta
595 483 884 538 Ismeniam
923 484 962 549 ‘,
997 483 1128 537 mihi
1177 497 1382 538 canens
1431 489 1487 537 et
1536 481 1693 546 meis,
1738 481 1900 533 illud-

315 587 420 640 que
461 574 836 643 propheticum
872 573 1262 639 revolveremI:
1291 572 1424 628 Cum
1455 572 1765 625 consisteret
1803 570 1899 622 ad-

316 680 522 716 versum
555 682 633 718 me
659 677 922 734 peccator,
955 665 1193 719 obmutui
1218 677 1266 719 et
1298 664 1430 720 silui
1451 666 1515 719 de
1545 665 1693 718 bouis
1723 662 1898 733 (Psal.

319 774 548 825 xxxvtn,
580 759 637 825 (Ξ,
668 759 746 828 5),
780 775 884 813 non
913 769 996 813 est
1025 772 1218 826 passus
1261 756 1516 812 diabolus
1539 758 1560 788 ⁸
1597 771 1685 810 me
1714 764 1899 824 optata

320 853 500 919 quiete
534 861 873 918 contentum,
908 850 1317 920 Scripturarutn
1354 859 1669 904 sanctarum
1715 849 1902 917 expla-

319 945 524 999 nationi
579 945 854 1009 insistere,
891 951 949 1000 et
995 942 1311 998 hominibus
1361 942 1561 1014 linguae
1611 956 1764 1006 meat,
1798 939 1904 994 He-

319 1039 614 1100 braeorum,
649 1035 1074 1106 Graecorumque
1112 1035 1474 1090 eruditionem
1517 1033 1766 1096 tradere;
1806 1031 1902 1086 sed

319 1130 370 1184 id
404 1129 515 1199 agit
539 1129 733 1184 diebus
759 1138 811 1184 et
844 1129 1120 1196 noctibus,
1147 1139 1201 1183 et
1229 1136 1438 1197 aperte,
1467 1137 1520 1182 et
1550 1141 1647 1197 per
1676 1123 1903 1179 insidias

318 1223 468 1277 veris
502 1222 637 1277 falsa
671 1224 976 1288 miscendo,
1010 1223 1121 1278 imo
1155 1225 1409 1278 universa
1453 1220 1737 1275 mendacia
1769 1218 1902 1273 sub-

319 1313 446 1368 dolo
496 1313 656 1368 melle
707 1314 1124 1380 circumlineus,
1170 1323 1227 1367 ut
1274 1313 1365 1382 qui
1418 1312 1568 1364 audit
1613 1308 1902 1364 verborum

319 1406 690 1470 dulcedinem,
723 1420 930 1460 venena
964 1395 1199 1474 pec'toris
1231 1418 1337 1458 non
1371 1401 1628 1457 formidet
1666 1416 1682 1457 :
1714 1415 1902 1470 pacem

319 1496 631 1565 pollicetur,
679 1507 737 1551 ut
788 1497 1038 1568 graviora
1092 1495 1230 1550 bella
1285 1500 1573 1559 exerceat;
1626 1491 1799 1557 ridet,
1845 1500 1906 1543 ut

321 1590 568 1644 mordeat
597 1608 610 1655 ;
647 1605 863 1644 manum
892 1589 1070 1653 ollert,
1103 1598 1162 1644 ut
1188 1604 1252 1643 ex
1281 1588 1578 1657 improviso
1603 1585 1903 1652 simplicem

321 1679 614 1732 interﬁciat
657 1660 838 1732 Abui-r
870 1677 951 1748 (ll
999 1677 1126 1747 Reg.
1162 1677 1270 1744 ιιι).
1316 1674 1582 1730 Nimirum
1624 1675 1728 1729 hoc
1774 1671 1905 1726 illud

324 1778 407 1823 est
461 1769 604 1837 quod
666 1769 958 1838 Apostolus
1013 1769 1333 1838 loquebatur
1376 1784 1391 1824 :
1429 1765 1552 1820 Non
1602 1767 1743 1820 enim
1794 1763 1910 1833 ejus
1946 1761 1986 1814 Β

321 1861 627 1929 ignoramus
658 1862 883 1915 astutias
905 1862 925 1892 ³
957 1859 1038 1930 (II
1069 1861 1198 1916 Cor.
1224 1877 1286 1926 tt,
1314 1860 1426 1929 11).
1462 1857 1563 1914 Hic
1595 1868 1755 1922 tacet,
1787 1855 1911 1910 alibi

323 1954 697 2009 criminatur:
737 1955 904 2008 mittit
948 1955 1000 2008 in
1049 1955 1364 2008 universum
1415 1953 1602 2006 orbem
1654 1948 1914 2020 epistolas

324 2047 560 2101 biblinas
590 2047 742 2114 prius
773 2046 1068 2111 auriferas,
1099 2061 1240 2100 nunc
1271 2044 1587 2104 maledicas,
1615 2050 1672 2095 et
1703 2042 1915 2110 patien-

327 2139 459 2192 tiam
492 2146 734 2193 nostram
763 2139 828 2193 de
858 2137 966 2210 [Αι.
999 2137 1076 2210 ἱιι]
1107 2138 1312 2194 Christi
1351 2136 1658 2192 humilitate
1687 2134 1915 2189 venien-

329 2245 462 2298 tem,
497 2235 654 2290 malae
685 2236 1040 2292 conscientia:
1073 2235 1287 2304 signum
1320 2233 1727 2298 interpretatur.
1765 2227 1913 2296 Ipse-

327 2343 433 2397 que
467 2339 650 2382 mutus
680 2329 846 2383 latrat
873 2344 974 2398 per
1001 2327 1257 2381 Albinum
1289 2325 1312 2358 ’⁵
1337 2339 1552 2388 canem,
1578 2321 1834 2389 grandem
1862 2327 1914 2371 et

330 2421 738 2492 corpulentum,
769 2434 825 2478 et
866 2424 955 2491 qui
1003 2421 1244 2476 calcibus
1279 2419 1452 2488 magis
1490 2414 1662 2487 possit
1700 2413 1912 2475 saevire,

329 2531 494 2586 quam
552 2515 834 2571 dentibus.
892 2513 1069 2570 Habet
1122 2514 1264 2568 enim
1321 2511 1633 2582 progeniem
1686 2506 1917 2560 Scotica:

329 2609 528 2678 gentis,
561 2609 626 2663 de
655 2607 1034 2662 Britannorum
1088 2606 1326 2660 vicinia:
1367 2605 1458 2674 qui
1500 2603 1652 2673 juxta
1701 2600 1916 2655 fabulas

332 2711 613 2766 poetarum
649 2700 820 2754 instar
849 2699 1074 2753 Cerberi
1107 2698 1378 2768 spirituali
1413 2694 1802 2767 percutiendus
1834 2701 1918 2747 est

332 2792 510 2856 clava,
546 2801 605 2846 ut
634 2803 837 2848 aeterno
871 2806 992 2844 cum
1025 2804 1127 2845 suo
1159 2791 1424 2860 magistro
1453 2787 1680 2842 Plutone
1701 2787 1726 2818 ⁸
1752 2786 1920 2840 silen-

333 2887 406 2936 tio
445 2883 804 2937 conticescet.
856 2882 1054 2936 Verum
1104 2883 1208 2936 hoc
1257 2881 1411 2934 alias.
1463 2879 1618 2934 Nunc
1663 2880 1716 2932 in
1761 2877 1917 2933 Jere-

333 2977 494 3028 miam
553 2977 770 3028 tertium
823 2977 1109 3045 aggrediar
1154 2975 1376 3035 librum,
1413 2973 1466 3026 in
1507 2987 1615 3041 quo
1652 2973 1913 3034 conabor,

2009 484 2158 549 deus,
2195 495 2302 540 etc.
2343 483 2520 555 (Psal.
2558 497 2731 546 Lxxn,
2781 482 2830 548 Ι,
2864 481 2943 552 2).
2985 481 3090 536 Sed
3141 481 3359 551 proprie
3403 489 3594 536 contra

2011 578 2302 633 haereticos
2343 577 2560 639 dicitur,
2599 577 2688 646 qui
2737 591 2860 631 cum
2903 577 3015 630 sint
3060 575 3234 641 impii,
3277 574 3363 628 via
3407 588 3592 629 eorum

2016 680 2404 740 prosperatur;
2439 679 2812 740 generantque
2848 668 2988 722 ﬁlios
3021 682 3115 721 eos
3145 682 3284 736 quos
3315 665 3368 720 itt
3402 667 3591 721 haeresi

2015 766 2388 832 deceperunt;
2420 773 2472 817 et
2505 762 2958 832 przevaricantur,
2989 770 3044 818 et
3076 761 3261 828 inique
3295 770 3486 830 agunt,
3519 759 3594 814 ita

2011 865 2070 909 ut
2101 855 2402 909 Ecelesiam
2442 855 2698 922 spoliant,
2737 863 2793 907 et
2821 855 2950 908 dum
2986 855 3042 908 in
3073 852 3340 922 pravitate
3373 862 3596 907 senten-

2013 948 2102 1002 tia:
2127 955 2505 1015 perseverant,
2531 947 2742 1016 jactant
2775 962 2835 1001 se
2865 963 2892 1000 a
2931 945 3039 1000 Deo
3067 961 3187 1002 esse
3218 946 3512 1016 plantatos,
3542 955 3596 1001 et

2012 1038 2255 1093 radicem
2293 1039 2532 1104 misisse,
2572 1053 2869 1109 generasse
2909 1037 3048 1092 lilios
3083 1045 3136 1092 et
3183 1037 3435 1091 attulisse
3477 1038 3593 1090 fru-

2010 1143 2158 1188 ctum
2202 1132 2334 1202 :qui
2368 1147 2490 1187 cum
2544 1131 2744 1186 Christi
2803 1145 2999 1184 nomen
3055 1128 3255 1198 saepius
3310 1127 3593 1196 repliceut,

2013 1226 2375 1281 habitatorem
2427 1239 2584 1278 suum
2636 1238 2746 1278 non
2799 1222 3002 1276 habent
3043 1220 3233 1284 Deum,
3263 1218 3420 1290 juxta
3467 1219 3595 1272 illud

2012 1317 2164 1372 ISaiaa
2198 1334 2210 1369 :
2249 1314 2481 1385 Papulas
2527 1315 2612 1367 hic
2661 1314 2817 1368 labiis
2863 1329 2946 1368 me
2993 1313 3216 1366 honorat
3248 1327 3267 1366 :
3297 1328 3390 1365 cor
3422 1321 3596 1365 autem

2012 1409 2127 1478 ejus
2178 1408 2286 1481 [AL
2335 1406 2542 1480 eorum]
2587 1408 2736 1479 longe
2775 1418 2852 1462 est
2898 1424 2929 1460 a
2977 1422 3057 1460 me
3093 1403 3226 1476 (Isa.
3271 1419 3463 1471 χχιιι,
3499 1404 3593 1469 ιὸς

2017 1503 2212 1557 Matth.
2248 1517 2335 1567 xv,
2367 1501 2446 1571 8).

2087 1594 2272 1664 (Vers.
2305 1593 2361 1662 ὅ)
2399 1610 2418 1644 ι
2458 1591 2523 1645 Ει
2555 1601 2632 1657 ιιι,
2669 1591 2920 1658 Domine,
2951 1591 3089 1645 nosti
3123 1607 3210 1644 me
3239 1609 3254 1644 :
3280 1589 3456 1642 vidisti
3488 1603 3593 1653 tne,

2016 1695 2070 1739 et
2103 1686 2340 1754 probasti
2372 1699 2469 1739 cor
2500 1699 2678 1738 meum
2714 1692 2917 1739 tecum.
2954 1682 3232 1753 Congrega
3260 1685 3280 1715 "
3315 1697 3412 1736 eos
3443 1681 3593 1748 quasi

2015 1790 2230 1844 gregem
2265 1773 2331 1828 ad
2369 1775 2672 1839 victimam,
2702 1783 2756 1828 et
2789 1774 3070 1828 sanctiﬁca
3104 1789 3198 1828 eos
3235 1774 3288 1826 in
3333 1774 3423 1826 die
3449 1770 3595 1824 oet-i-

2017 1866 2210 1920 sionis.
2245 1885 2264 1918 ι
2297 1863 2540 1931 Nullum,
2570 1866 2769 1935 inquit,
2797 1865 3112 1920 scandalum
3139 1875 3224 1919 est
3251 1866 3395 1934 quod
3427 1864 3597 1931 impii.

2015 1960 2132 2012 sive
2180 1973 2369 2012 omnes
2427 1957 2666 2012 haeretici
2725 1973 2823 2026 pro
2884 1965 3131 2026 tempore
3178 1956 3410 2010 ﬂoreant
3443 1971 3459 2010 :
3498 1954 3596 2024 Tu,

2017 2053 2183 2115 enim,
2223 2051 2461 2116 Domine,
2495 2052 2634 2105 nosti
2681 2068 2761 2106 me
2793 2060 2842 2105 et
2886 2051 3068 2106 vidisti
3115 2066 3217 2114 me,
3264 2061 3312 2103 et
3364 2049 3602 2118 probasti

2017 2159 2109 2197 cor
2141 2159 2311 2196 meum
2351 2152 2541 2197 tecum.
2583 2143 2752 2210 Quem
2790 2144 2861 2197 ita
2908 2143 3056 2198 novit
3104 2142 3265 2197 Pater
3295 2141 3440 2194 Dens
3466 2156 3600 2210 quo-

2021 2237 2190 2289 modo
2229 2234 2425 2288 Filium
2469 2235 2669 2289 suum?
2696 2234 2875 2289 Nemo
2896 2235 3043 2288 enim
3074 2231 3364 2302 cognoscit
3401 2230 3595 2284 Filium

2021 2328 2123 2380 uisi
2147 2327 2308 2381 Pater
2333 2343 2348 2381 :
2371 2337 2422 2382 et
2446 2342 2606 2382 nemo
2623 2327 2905 2397 cognoscit
2929 2323 3173 2392 Patrem,
3209 2326 3313 2380 nisi
3338 2323 3602 2388 Filius,et

2017 2420 2106 2475 cui
2141 2420 2373 2475 voluerit
2404 2421 2571 2477 Filius
2603 2423 2846 2477 revelare
2902 2421 3120 2493 (Matth.
3152 2437 3230 2488 xv,
3269 2421 3386 2488 27).
3419 2419 3598 2486 Licet,

2020 2514 2220 2581 inquit,
2251 2513 2563 2582 proﬁciant,
2597 2513 2726 2568 licet
2757 2514 2893 2570 ﬁlios
2941 2523 3225 2585 generem,
3282 2519 3336 2566 et
3387 2510 3601 2566 faciant

2020 2606 2261 2662 lructum
2283 2606 2549 2671 hmretici,
2572 2617 2629 2663 et
2654 2623 2820 2678 prope
2851 2607 2928 2661 sis
2952 2617 3006 2660 tu
3027 2605 3107 2661 ori
3129 2621 3345 2668 eorum,
3365 2614 3418 2659 et
3441 2605 3599 2668 longe

2019 2713 2048 2751 a
2091 2699 2315 2755 renibus
2358 2715 2570 2765 eorum,
2615 2701 2664 2754 id
2711 2709 2816 2766 est,
2861 2698 3200 2753 conscientia
3232 2717 3246 2750 ι
3283 2706 3460 2750 tamen
3497 2709 3598 2746 non

2019 2808 2185 2864 parva
2217 2801 2301 2849 est
2333 2793 2658 2856 consolatio,
2692 2793 2833 2860 quod
2863 2792 3022 2860 quasi
3061 2805 3256 2860 pecora
3287 2789 3602 2857 saginantur

2020 2886 2086 2939 at!
2103 2885 2402 2940 victimam.
2423 2885 2706 2955 Cougrega
2726 2899 2820 2937 eos
2846 2885 2898 2937 itt
2926 2883 3112 2938 urbem
3146 2881 3472 2944 Jerusalem,
3491 2883 3603 2936 sive

2020 2978 2071 3031 in
2110 2993 2206 3033 sua
2239 2977 2639 3043 conciliabula;
2665 2986 2722 3030 ut
2757 2977 2923 3046 926
2946 2976 3100 3043 quasi
3129 2977 3363 3028 victimae
3390 2976 3602 3029 undan-

329 3067 500 3120 lrater
561 3067 787 3130 Eusebi,
877 3066 1176 3120 latissimos
1229 3063 1634 3136 explanationis
1692 3077 1913 3132 campos

2027 3082 2108 3125 tur
2155 3073 2208 3125 in
2258 3078 2512 3135 mortem,
2553 3082 2607 3124 et
2631 3079 2756 3124 tunc
2788 3069 3218 3131 sanctiﬁcentur,
3252 3084 3372 3121 cum
3422 3069 3600 3123 eccle-

329 3169 558 3232 augusta
595 3159 1128 3214 Couuneutariorum
1169 3160 1364 3214 semita
1401 3165 1708 3214 coarctare.

401 3254 553 3322 (Cap.
604 3251 721 3305 XII.
752 3282 824 3292 —
853 3250 1005 3306 Vers.
1037 3251 1092 3316 l,
1147 3251 1228 3320 2.)
1274 3251 1438 3321 925
1501 3269 1519 3302 ι
1552 3249 1741 3304 Justus
1793 3249 1916 3320 qui-

331 3348 450 3401 dem
499 3361 556 3398 es
597 3355 672 3411 tu,
712 3345 966 3408 Domine,
1005 3345 1049 3398 si
1096 3345 1363 3414 disputem
1413 3354 1591 3399 tecum
1632 3342 1758 3415 (sive
1791 3344 1916 3413 quia

331 3436 666 3490 satisfaciam
701 3436 820 3505 tibi)
849 3455 863 3492 :
895 3445 1271 3491 verumtamen
1295 3436 1504 3506 judicia
1535 3437 1726 3504 loquar
1749 3437 1813 3487 ad
1843 3445 1915 3490 te.

332 3531 469 3597 Quid
507 3541 590 3584 est
625 3530 768 3598 quod
805 3531 888 3582 via
927 3532 1218 3600 impiorum
1256 3540 1632 3600 prosperatur,
1667 3529 1805 3583 bene
1835 3534 1923 3582 est

332 3621 586 3674 omnibus
618 3622 707 3689 qui
747 3621 1184 3688 praevaricantur
1214 3632 1268 3675 et
1301 3621 1486 3690 inique
1523 3620 1729 3689 agunt?
1763 3618 1919 3689 plan-

333 3710 457 3764 tasti
490 3725 583 3764 eos
610 3719 663 3763 et
688 3711 926 3764 radicem
959 3711 1244 3776 miserunt,
1278 3710 1570 3781 proﬁciunt
1599 3710 1732 3780 (sive
1760 3724 1922 3778 gene-

332 3815 597 3859 ravcruut
651 3804 812 3868 ﬁlios,
848 3815 900 3857 et
948 3805 1158 3858 iaciunt
1211 3804 1472 3874 fructum)
1509 3821 1522 3858 :
1563 3819 1733 3875 prope
1773 3819 1832 3858 es
1869 3813 1925 3856 tu

332 3895 414 3949 ori
462 3911 690 3962 eorum,
741 3907 799 3950 et
847 3897 1008 3966 longe
1047 3911 1077 3950 a
1127 3895 1356 3951 renibus
1407 3911 1623 3950 eorum.
1661 3915 1680 3948 ι
1722 3893 1927 3950 Contra

332 4005 524 4044 omnes
562 3990 782 4060 quidem
826 3989 1010 4058 inique
1062 3997 1284 4059 agentes
1332 3991 1430 4044 ista
1478 3989 1779 4059 disputatio
1819 3997 1927 4066 est,

331 4093 388 4140 et
417 4084 805 4155 septuagesimi
861 4083 1090 4138 secundi
1138 4085 1334 4152 psalmi
1377 4085 1618 4138 breviter
1657 4085 1930 4138 sententia

337 4177 846 4245 comprehenditur,
881 4178 933 4231 in
966 4191 1070 4246 qua
1105 4176 1371 4246 PrOpheta
1410 4177 1529 4230 ait:
1560 4175 1732 4241 Quam
1766 4177 1932 4228 bonus

338 4269 479 4322 Deus
525 4266 720 4334 Israel,
754 4269 836 4321 Itis
882 4268 972 4337 qui
1029 4280 1168 4322 recto
1210 4277 1336 4321 sunt
1379 4268 1578 4320 corde!
1613 4266 1716 4321 Mei
1756 4279 1932 4320 autem

337 4378 465 4434 perte
499 4362 634 4416 moti
663 4371 784 4416 sunt
825 4362 1004 4431 pedes,
1038 4377 1163 4428 pene
1191 4362 1347 4431 etfusi
1379 4371 1500 4414 sunt
1531 4377 1741 4432 gressus
1774 4361 1877 4415 mei
1911 4375 1930 4415 :

409 4547 426 4576 ³
462 4544 574 4598 Duo
617 4559 775 4606 mss.,
808 4547 970 4613 juxta
1021 4543 1271 4598 Maenium
1315 4543 1512 4596 Poetaz.
1565 4541 1916 4613 Notissimum

339 4632 472 4669 vero
499 4629 580 4668 est
612 4611 952 4681 Antigenidis
982 4615 1245 4668 'l‘ibicium
1275 4614 1494 4666 clintum
1531 4615 1595 4666 ad
1625 4611 1916 4666 lsnteninm

339 4686 690 4754 discipulum,
737 4684 872 4738 Mihi
923 4701 1052 4738 cane
1092 4694 1141 4754 et
1188 4687 1375 4747 musis,
1410 4683 1702 4754 quodinou
1749 4682 1918 4735 semel

343 4752 728 4810 alibi—Hieron.
763 4755 866 4809 sibi
902 4764 1070 4822 aptat.
1103 4752 1221 4809 Vid.
1259 4756 1436 4806 (liccr.
1471 4755 1519 4806 iu
1552 4753 1744 4810 Bruto.
1774 4754 1919 4804 Plu—

341 4828 516 4881 tarch.
569 4827 618 4878 itt
670 4825 899 4889 Pericle,
947 4824 1061 4878 Val.
1109 4824 1250 4876 Max.
1294 4826 1385 4878 lib.
1434 4840 1513 4887 ιιι,
1555 4841 1675 4891 cap.
1719 4822 1772 4883 7,
1809 4833 1916 4874 etc.

342 4897 488 4949 Sane
528 4908 581 4950 et
615 4894 786 4950 Musis
823 4913 920 4964 pro
959 4895 1084 4947 meis
1129 4892 1314 4946 Victor
1347 4893 1431 4946 hic
1471 4894 1595 4964 legit
1633 4902 1792 4962 prout
1837 4892 1919 4944 div

341 4973 488 5020 etum
520 4975 637 5018 erat
669 4963 935 5027 Ismeniae,
971 4967 1063 5018 sed
1098 4979 1230 5019 mss.
1262 4978 1369 5016 non
1403 4963 1790 5029 sull’ragantur.

413 5039 433 5066 '
473 5034 768 5102 Pelagium,
807 5048 860 5089 et
894 5036 1213 5089 leestittm
1261 5034 1364 5087 hoc
1409 5035 1629 5086 nomine
1670 5030 1918 5086 denotari

344 5107 680 5160 contendunt.
737 5105 1037 5169 Baronius,
1087 5115 1374 5172 nosterque
1417 5103 1692 5172 Norisius.
1747 5104 1920 5158 Sectis

343 5175 544 5243 Pagius
574 5177 638 5227 de
669 5175 861 5228 Ruﬁno
894 5188 946 5228 et
981 5175 1195 5242 Pelagio
1226 5175 1339 5225 vult
1372 5175 1497 5226 dici.

416 5248 435 5276 ³
469 5244 630 5297 Modo
658 5246 860 5298 laudati
894 5259 1025 5299 mss.
1057 5246 1336 5311 ignoratis.
1369 5245 1542 5297 Porro
1567 5244 1749 5299 verbis
1782 5259 1920 5312 pra:-

349 5315 526 5385 eipue,
569 5315 652 5369 hic
705 5324 873 5379 tacet,
919 5313 1490 5385 Ruﬁnumdesignari
1546 5325 1790 5378 autumo,
1828 5318 1920 5381 qui

341 5384 452 5453 jam
499 5385 610 5439 fato
661 5385 876 5439 functus
917 5397 1078 5440 esset.
1122 5384 1354 5439 lulerior
1397 5398 1613 5453 quoque
1659 5388 1921 5443 orationis

349 5465 630 5510 ('0!!l.8.‘.’lll$
664 5455 948 5510 commode
981 5458 1045 5510 de
1073 5455 1252 5508 Ruﬁni
1285 5465 1459 5507 morte
1489 5454 1829 5522 intelligitur.

417 5526 440 5555 ’⁸
473 5526 879 5596 llescrtpsituus
910 5525 1180 5586 Albinum,
1215 5540 1311 5592 pro
1345 5538 1451 5592 quo
1488 5523 1694 5596 Yulgati
1735 5526 1920 5596 hacte-

353 5609 452 5666 nus
487 5593 732 5662 Alpinum
771 5595 1190 5666 legerantalllud
1225 5609 1350 5647 vero
1384 5593 1604 5666 praefert
1645 5609 1748 5666 ms.
1788 5595 1921 5649 Cor-

352 5664 456 5738 bei,
488 5680 644 5732 quem
673 5663 1009 5720 Benedictiui
1036 5665 1092 5719 S.
1116 5666 1402 5738 Augustini
1435 5663 1674 5718 editores
1702 5665 1921 5721 laudant

354 5735 408 5786 in
448 5739 757 5804 Appendtce
803 5737 972 5792 altera
1024 5747 1152 5792 tom.
1194 5735 1260 5802 Χ,
1325 5739 1514 5803 sicque
1561 5743 1716 5788 antea
1758 5738 1918 5792 resti-

2017 3165 2240 3218 siastico
2284 3162 2493 3217 fuerint
2537 3161 3048 3230 tnucrouejugulati
3079 3178 3092 3214 :
3119 3162 3430 3215 interfectio
3453 3163 3595 3214 enim

2018 3255 2433 3318 haereticorum,
2463 3255 2606 3308 salus
2639 3269 2827 3308 eorum
2863 3262 2947 3308 est
2979 3254 3073 3321 qui
3112 3255 3280 3322 decep
3311 3255 3323 3306 i
3363 3253 3596 3309 fuerant.

2092 3349 2270 3420 (Vers.
2307 3348 2386 3414 4.)
2431 3366 2448 3398 ι
2490 3346 2782 3416 Usquequo
2835 3346 3039 3415 lugebit
3092 3355 3234 3399 terra
3267 3384 3281 3408 ,
3331 3356 3388 3399 et
3432 3345 3597 3399 berba

2020 3443 2198 3494 omnis
2247 3438 2487 3508 regionis
2534 3437 2837 3492 siccabitur
2884 3446 3105 3506 propter
3141 3436 3402 3490 malitiam
3448 3436 3601 3490 babi-

2023 3533 2250 3587 tantium
2288 3532 2342 3584 itt
2375 3531 2480 3584 ea?
2509 3529 2907 3598 Consumptum
2941 3540 3024 3582 est
3053 3529 3255 3583 animal
3284 3538 3334 3582 et
3369 3529 3598 3595 volucre,
3637 3585 3644 3595 ,

2024 3625 2282 3694 quoniam
2339 3623 2597 3675 dixerunt
2636 3637 2650 3675 :
2687 3619 2805 3673 Non
2849 3619 3052 3674 videbit
3091 3621 3380 3674 novissima
3422 3630 3600 3673 nostra

2025 3715 2155 3787 (sive
2185 3713 2301 3769 Non
2334 3715 2537 3768 videbit
2571 3713 2713 3768 Deus
2751 3713 2866 3766 vias
2889 3713 3151 3781 nostras).
3194 3729 3213 3763 ι
3247 3711 3519 3781 Quidquid
3551 3711 3600 3765 itt

2028 3810 2232 3864 mundo
2285 3809 2370 3863 vel
2430 3807 2696 3862 bonorum
2748 3808 2968 3870 accidit,
3018 3807 3104 3862 vel
3159 3808 3452 3869 malorum,
3499 3820 3600 3859 non

2030 3903 2236 3971 absque
2301 3901 2640 3971 providentia
2693 3909 2748 3955 et
2799 3900 3024 3955 fortuito
3083 3914 3211 3955 casu
3259 3898 3478 3961 accidit,
3513 3896 3604 3953 sed

2027 3993 2233 4064 judicio
2275 3992 2393 4046 Dei.
2446 3992 2614 4045 Terra
2662 4006 2808 4046 nunc
2848 3991 3054 4045 sterilis
3094 3999 3198 4054 est,
3233 3990 3395 4044 herba
3434 3990 3606 4044 sicca-

2035 4097 2139 4142 tur.
2170 4086 2264 4140 Vis
2302 4099 2461 4140 nosse
2491 4082 2796 4138 rationem?
2828 4081 3044 4136 Malitia:
3077 4081 3442 4136 habitatorum
3483 4082 3600 4150 ejus

2033 4180 2141 4235 hoc
2171 4179 2379 4234 faciunt
2407 4196 2420 4233 :
2450 4179 2522 4232 ita
2550 4187 2608 4231 ut
2633 4176 2888 4231 animalia
2919 4191 3082 4244 super
3114 4185 3338 4242 terram,
3372 4184 3428 4228 et
3462 4174 3605 4227 vola-

2037 4276 2151 4330 tilia
2182 4274 2303 4330 coeli
2332 4280 2749 4334 consumantur,
2781 4271 2905 4339 quia
2938 4269 2989 4322 in
3021 4285 3150 4324 usus
3181 4269 3459 4323 hominum
3493 4269 3607 4322 haec

2035 4375 2216 4422 creata
2269 4374 2395 4421 sunt
2421 4365 2639 4432 omnia;
2692 4366 2783 4434 qui
2837 4365 2889 4420 in
2951 4374 3155 4417 tantam
3215 4375 3609 4416 consurrexere

2028 4545 2286 4598 tuendum
2323 4543 2619 4598 Garnerius
2657 4544 2966 4611 conjecerat
3007 4555 3140 4595 sane
3172 4554 3334 4608 quam
3369 4539 3604 4595 erudite.

2024 4613 2303 4682 Pelagium
2349 4617 2552 4682 quippe
2599 4616 2853 4681 suggillat
2898 4613 3000 4666 ltoc
3051 4613 3290 4682 nomine,
3329 4611 3418 4679 qui
3453 4621 3614 4682 gente

2026 4688 2226 4739 Scelus
2257 4681 2396 4747 erat,
2429 4681 2542 4738 sive
2570 4684 2634 4738 de
2663 4685 2870 4746 Albion,
2903 4693 2993 4735 aut
3026 4681 3203 4745 Albin,
3231 4697 3334 4748 qua
3367 4681 3611 4748 appella-

2026 4757 2173 4807 tione
2217 4755 2446 4821 patriam
2499 4770 2653 4806 suam
2700 4766 2910 4806 veteres
2948 4751 3094 4805 Scoti
3138 4750 3431 4821 donabant,
3466 4751 3613 4821 sicut

2027 4818 2280 4878 inveni—re
2328 4832 2412 4875 est
2453 4825 2595 4888 apud
2649 4837 2924 4875 anetoretn
2989 4823 3112 4874 libri
3157 4823 3219 4873 de
3263 4818 3482 4884 Mando,
3520 4820 3614 4887 qui

2025 4894 2304 4947 Aristoteli
2341 4896 2653 4946 ascribitur.
2690 4893 2820 4958 Qua:
2856 4897 3017 4945 etiam
3052 4893 3458 4958 subsequuntur
3488 4905 3614 4943 ver-

2027 4965 2125 5028 ba,
2173 4964 2464 5033 grandem,
2511 4966 2914 5032 corpulentum,
2967 4971 3104 5025 etc.,
3150 4963 3355 5033 Optime
3395 4960 3618 5033 Pelagio

2026 5030 2296 5102 quadram
2326 5074 2340 5096 ,
2393 5049 2550 5100 quem
2607 5030 2804 5086 Paulus
2860 5032 3089 5085 Orosius
3133 5039 3295 5102 vocat
3333 5030 3616 5102 hominem

2029 5098 2191 5174 largis
2229 5098 2483 5167 humeris,
2517 5119 2696 5157 crasso
2733 5105 2886 5164 collo,
2919 5112 2968 5154 et
2999 5098 3298 5174 pra'grandi
3333 5100 3527 5174 vultu;
3561 5109 3624 5152 et

2026 5169 2392 5244 Hieronymus
2460 5178 2562 5244 in“
2595 5177 2766 5242 primo
2804 5184 2992 5244 contra
3030 5169 3353 5244 Pelagianos
3391 5170 3627 5232 Dialogo

2027 5241 2283 5298 humeros
2319 5245 2373 5296 iu
2415 5258 2480 5297 eo
2516 5241 2727 5297 Milonis
2765 5243 2894 5296 risui
2933 5242 3114 5294 vertit.

2098 5316 2118 5345 ⁵
2158 5317 2268 5368 Duo
2317 5329 2450 5368 mss.
2488 5326 2540 5366 et
2587 5315 2822 5367 tlistcrc.
2868 5312 3088 5379 quidem
3136 5309 3376 5364 secunda
3429 5324 3621 5371 manu.

2025 5383 2248 5437 Platone
2280 5382 2578 5452 praeferunt
2608 5399 2703 5451 pro
2738 5380 2988 5435 Plutone.

2099 5455 2120 5486 ⁸
2160 5450 2430 5508 Victorius
2473 5470 2627 5519 super
2669 5453 2875 5520 iniquos
2921 5467 3016 5520 pro
3052 5451 3105 5503 in
3143 5450 3510 5519 peccatoribus
3549 5465 3624 5502 ex

2025 5522 2214 5578 Grmc’o
2241 5535 2294 5578 et
2319 5523 2575 5577 Medica-0
2607 5539 2710 5578 ms.

2098 5596 2116 5624 ⁷
2149 5594 2239 5648 Sic
2278 5597 2332 5646 in
2371 5609 2505 5646 mss.
2542 5593 2786 5656 Rabano,
2817 5591 3043 5661 ipsaque
3071 5601 3152 5646 est
3185 5590 3621 5661 llicrouyutiana

2029 5665 2296 5719 versione.
2341 5663 2509 5715 Antea
2557 5674 2678 5716 erat
2729 5660 3053 5732 congregatio
3090 5679 3106 5717 :
3141 5671 3196 5718 ct
3236 5664 3291 5716 in
3337 5660 3624 5716 Πρω-δικ»

2026 5751 2239 5807 quoque
2272 5746 2350 5790 cat
2384 5741 2611 5802 tDCI‘tl'l).
