3950 6180
344 274 449 339 ΤΟῙ

1535 266 1595 328 S.
1641 262 1961 325 EUSEBII
2002 261 2445 324 HIERONYMI

3518 263 3639 328 792

340 401 484 448 mus,
509 379 748 452 lusitque
769 394 1042 449 supernae,
1062 378 1219 451 iuxta
1241 375 1569 433 Hebraieum
1605 374 1775 445 priori
1801 387 1922 427 ver-
1946 371 1993 434 Α
2030 375 2179 433 tione
2205 391 2302 433 sua
2336 388 2394 434 et
2425 377 2495 433 ab
2521 375 2818 447 opprobrio
2851 390 3038 433 coram
3073 376 3328 434 Domino.
3360 377 3642 451 Quodun

341 476 515 532 siculo
545 474 850 546 copulatur,
882 483 943 528 ut
974 472 1046 529 sit
1094 487 1291 529 sensus
1324 487 1340 524 :
1379 468 1678 525 Posuerunt
1712 482 1829 521 eam
1866 466 1922 520 in

342 570 763 633 diuinationem,
795 569 895 622 hoc
953 576 1037 623 est
1071 565 1443 621 litereditatem
1470 579 1643 619 meam
1691 580 1706 617 :
1763 559 1929 615 luxit-

343 676 447 728 que
481 675 638 724 super
683 674 786 722 me,
825 671 947 712 meo
1002 655 1205 711 auxilio
1266 654 1543 709 destituta.
1575 650 1738 708 Juxta
1783 647 1927 704 LXX

346 766 474 808 vero
511 751 750 820 loquitur
782 747 949 814 Deus,
1007 747 1153 813 quod
1193 753 1414 816 propter
1468 744 1621 800 illum
1676 754 1818 798 terra
1856 742 1928 795 sit

347 844 601 912 dissipata
626 850 681 895 et
709 843 926 896 redacta
971 841 1026 893 in
1082 838 1455 903 solitudinem,
1482 838 1607 908 quia
1643 836 1824 891 nullus
1857 835 1929 890 sil.

345 932 437 1000 qui
491 933 654 987 corde
705 931 988 1001 recogitet,
1029 945 1130 986 nec
1161 930 1267 983 ulla
1304 944 1409 998 pax
1440 929 1707 982 universa
1754 924 1927 979 carni.

343 1022 530 1094 Neque
552 1025 569 1057 ¹
597 1025 742 1078 enim
773 1039 958 1093 pacem
998 1022 1091 1077 Dei
1141 1032 1321 1091 potest
1347 1022 1609 1088 recipere.
1645 1017 1929 1089 Sapientia

346 1115 490 1171 enim
522 1119 701 1171 carnis
742 1116 911 1188 929
945 1117 1160 1170 inimica
1188 1124 1264 1170 est
1305 1113 1450 1180 Deo;
1481 1126 1528 1167 et
1556 1114 1647 1184 qui
1688 1114 1743 1166 in
1773 1127 1931 1167 carne

346 1221 491 1274 sunt,
550 1209 657 1263 Deo
721 1211 931 1279 placere
984 1225 1086 1263 non
1137 1215 1358 1276 possunt
1394 1205 1571 1277 (Rom.
1598 1220 1719 1271 Vttt,
1763 1204 1816 1272 7,
1853 1204 1929 1274 8).

346 1300 522 1356 Porro
548 1304 698 1370 juxta
732 1301 1080 1368 Hebraicum,
1114 1301 1234 1356 ideo
1264 1300 1471 1367 .lndaea,
1494 1300 1671 1354 omnis
1720 1308 1802 1353 est
1837 1299 1932 1352 de-

350 1393 546 1457 solata,
579 1393 707 1462 quia
757 1393 937 1449 nullus
966 1403 1071 1460 est,
1101 1393 1192 1463 qui
1227 1395 1391 1448 corde
1439 1391 1699 1460 recogitet
1736 1389 1930 1455 Deum,

353 1502 456 1544 nec
497 1487 768 1548 residuus,
805 1486 895 1557 qui
943 1486 1403 1556 possitsevadere.
1433 1482 1537 1538 Per
1566 1497 1756 1536 omnes
1787 1482 1933 1536 enim

351 1583 467 1635 vias
520 1578 835 1634 solitudinis
896 1587 1161 1632 venerunt
1214 1585 1536 1640 vastatores,
1574 1575 1625 1630 id
1668 1583 1774 1639 est,
1836 1572 1931 1628 ho-

351 1673 497 1728 stilis
548 1672 843 1735 exercitus,
879 1681 933 1725 et
959 1670 1170 1741 gladius
1208 1667 1421 1723 Domini
1455 1666 1736 1722 devoravit
1764 1681 1794 1720 a
1829 1676 1934 1719 ter-

353 1767 501 1818 mino
538 1777 712 1830 usqne
754 1764 820 1816 ad
852 1762 1183 1823 terminum;
1226 1776 1326 1815 nec
1363 1760 1578 1829 requies
1606 1758 1710 1813 ulla
1744 1756 1842 1811 fuit
1869 1757 1934 1812 de

351 1860 489 1912 urbe
523 1855 879 1927 fugientibus.
931 1855 1089 1912 Unde
1131 1855 1331 1910 dicitur
1359 1871 1374 1908 :
1410 1852 1535 1909 Non
1569 1863 1645 1909 est
1676 1868 1782 1923 pax
1813 1850 1930 1906 uni-

351 1967 512 2006 uersa:
543 1952 711 2005 carni.

423 2093 602 2162 (Vers.
654 2092 765 2161 15.)
822 2109 841 2144 ι
890 2090 1312 2147 Seminaverunt
1357 2088 1616 2155 triticum,
1648 2094 1703 2142 et
1749 2086 1934 2157 spinas

351 2194 703 2240 messuerunt
740 2202 754 2238 :
789 2183 1167 2238 increditatem
1204 2189 1557 2250 acceperunt,
1587 2188 1642 2235 et
1694 2194 1801 2233 non
1854 2181 1934 2234 eis

350 2276 616 2347 proderit.
658 2293 677 2328 ι
716 2272 860 2328 LXX
892 2287 907 2328 :
954 2291 973 2325 ‹
1011 2271 1334 2328 Seminastis
1389 2271 1647 2338 triticum,
1673 2282 1729 2326 et
1750 2270 1935 2340 spinas

353 2365 659 2421 messuistis
690 2383 705 2420 :
737 2366 869 2421 eleri
904 2380 1089 2421 eorum
1149 2380 1257 2419 non
1312 2363 1613 2433 proderunt
1641 2365 1775 2419 eis.»
1826 2362 1935 2418 Me-

352 2458 514 2525 liora,
545 2458 739 2527 inquit,
767 2456 1244 2529 exspectavernnt,
1270 2467 1328 2513 et
1357 2466 1626 2512 venerunt
1649 2456 1883 2527 pessima
1914 2474 1930 2508 :

359 2549 653 2618 sperabant
683 2564 967 2620 prospera,
986 2561 1040 2605 et
1060 2550 1285 2604 adversa
1304 2550 1546 2620 perpessi
1573 2558 1699 2604 sunt
1732 2566 1747 2603 :
1779 2563 1936 2603 acce—

356 2654 558 2712 perunt
588 2661 613 2698 a
651 2645 878 2700 Domino
899 2659 1085 2699 rerum
1108 2648 1349 2699 omnium
1375 2643 1791 2708 abundantiam,
1815 2656 1934 2713 quae

352 2738 436 2791 eis
459 2752 562 2792 non
587 2738 850 2805 proderit.
876 2737 1038 2792 Juxta
1064 2736 1419 2807 Septuaginta
1440 2752 1586 2802 vero,
1612 2752 1800 2791 omnes
1818 2738 1931 2790 ha}-

351 2830 509 2885 retici
554 2830 711 2899 quasi
755 2831 997 2884 triticmn
1030 2832 1323 2897 seminant,
1351 2838 1407 2886 et
1459 2830 1646 2898 spinas
1698 2837 1927 2894 metunt,

352 2929 708 2989 exspectante
759 2921 1006 2985 Domino,
1045 2930 1104 2977 ut
1159 2920 1402 2976 facerent
1449 2919 1711 2990 fructum,
1744 2930 1799 2977 et
1827 2937 1932 2975 non

353 3008 601 3063 fecerunt
641 3008 932 3077 judicium,
963 3011 1056 3064 sed
1110 3012 1428 3065 clamorem.
1483 3008 1694 3065 Dicitur
1750 3020 1931 3066 autem

353 3101 462 3154 hoc
513 3105 567 3154 et
613 3099 1004 3155 ecclesiasticis
1034 3141 1049 3167 ,
1081 3100 1174 3170 qui
1204 3100 1367 3157 verba
1402 3099 1614 3156 Domini
1646 3110 1702 3157 et
1733 3102 1937 3157 doctri-

354 3206 482 3247 nam
518 3197 638 3261 ejus
663 3191 803 3244 mala
839 3193 1255 3249 conversatione
1280 3193 1618 3264 disperdunt.
1647 3195 1721 3250 De
1741 3195 1940 3265 quibus

355 3285 593 3339 infertur
628 3302 644 3342 :
679 3284 821 3340 Cleri
842 3302 1020 3340 eorum
1041 3304 1145 3342 non
1177 3288 1468 3357 proderunt
1500 3290 1595 3343 eis.
1625 3287 1763 3354 Quid
1792 3290 1936 3343 enim

356 3392 454 3433 eos
511 3378 706 3450 iuvare
763 3381 963 3448 poterit
1013 3379 1250 3449 cpiscOpi
1297 3396 1497 3435 nomen
1526 3389 1580 3436 et
1612 3380 1937 3452 presbyteri,

354 3471 441 3524 vel
492 3470 735 3539 reliquus
769 3471 903 3525 ordo
939 3471 1369 3538 ecclesiasticus,
1419 3487 1541 3526 cum
1595 3473 1769 3542 magis
1818 3487 1940 3542 gra-

356 3570 552 3616 ventur
594 3561 954 3632 dignitatibns
985 3563 1120 3630 suis,
1150 3574 1206 3619 et
1255 3572 1508 3633 potentes
1532 3575 1786 3634 potenter
1822 3572 1937 3619 tor-

359 3662 537 3710 menta
569 3656 884 3723 patiantur;
914 3664 969 3709 et
997 3665 1200 3724 quanto
1234 3657 1316 3711 eis
1336 3657 1486 3724 splus
1517 3657 1781 3712 creditum
1820 3657 1939 3715 fue-

357 3745 449 3813 rit,
483 3754 632 3800 tanto
660 3746 780 3814 plus
811 3747 1117 3816 requiratur
1149 3748 1215 3802 ab
1246 3749 1324 3801 eis
1357 3746 1512 3819 (δαν.
1551 3757 1628 3820 vt)
1660 3750 1684 3802 ?

427 3881 605 3954 (Vers.
629 3883 718 3948 li,
748 3882 863 3955 15.)
900 3900 919 3936 (
947 3882 1365 3940 Confundemiui
1389 3902 1415 3940 a
1446 3887 1713 3943 fructibus
1744 3889 1872 3960 (sive
1908 3906 1936 3945 a

356 3980 678 4052 gloriatione
714 3980 916 4050 vestra)
943 3990 1165 4051 propter
1187 3983 1325 4037 iram
1350 3982 1548 4038 furoris
1576 3982 1784 4040 Domini
1811 3986 1940 4056 (sive

358 4076 427 4128 ab
456 4073 750 4144 opprobrio
784 4074 837 4128 in
875 4088 1173 4143 conspecm
1210 4073 1470 4145 Domini).
1503 4077 1629 4132 llrec
1671 4078 1803 4133 dicit
1828 4079 1939 4136 Do-

356 4165 537 4220 minus
569 4166 856 4220 adversum
889 4181 1082 4222 omnes
1113 4166 1328 4223 vicinos
1357 4182 1510 4223 meos
1536 4169 1937 4243 pessimus,qui

358 4265 589 4325 tangunt
625 4257 1001 4312 hereditatem
1062 4274 1225 4328 quam
1287 4260 1542 4315 distribui
1576 4262 1773 4331 populo
1820 4280 1940 4320 meo

357 4348 526 4404 Israel
559 4362 573 4401 :
605 4349 745 4403 Ecce
781 4365 881 4420 ego
931 4352 1159 4405 evellam
1210 4368 1307 4408 eos
1350 4357 1418 4408 de
1456 4363 1601 4409 terra
1633 4371 1732 4411 sua
1766 4367 1819 4412 et
1847 4360 1942 4413 do-

2028 468 2214 537 infert,
2268 469 2549 524 adversum
2580 485 2758 525 omnes
2779 470 2979 526 vicinos
3008 487 3149 526 meo:
3170 472 3444 540 pessimos,
3466 472 3640 541 iuxta

2028 564 2287 626 litteram.
2313 563 2479 618 vicini
2517 562 2699 618 Terrae
2730 572 2935 618 sancta:
2980 561 3205 620 ldumtei
3237 574 3388 629 sunt,
3448 563 3641 621 Phili-

2028 654 2240 717 sthiim,
2270 653 2450 718 Moab,
2495 660 2553 709 et-
2580 656 2810 708 Ammon
2840 670 2854 707 :
2900 653 3050 723 juxta
3076 654 3434 724 tropologiam
3468 669 3639 725 vero,

2029 761 2219 801 omnes
2251 746 2516 812 haeretici,
2548 746 2640 815 qui
2676 746 2778 802 sub
2802 746 3027 801 nomine
3061 744 3270 802 Christi
3302 756 3637 812 censentur,

2029 847 2086 893 et
2139 836 2304 891 vieini
2376 838 2548 905 aitagis
2615 847 2763 904 sunt,
2819 853 2980 905 quam
3044 839 3378 894 habitatores
3437 837 3640 895 Terra:

2030 937 2256 989 sanctae,
2288 928 2381 997 qui
2415 937 2642 996 tangunt
2682 929 3054 984 haereditatem
3082 928 3199 994 Dei,
3230 940 3287 985 et
3335 929 3640 986 devastant

2031 1035 2149 1075 eam
2189 1038 2205 1077 :
2249 1020 2563 1090 dieiturquc
2593 1021 2664 1076 de
2708 1023 2790 1077 eis
2817 1023 2959 1090 quod
2992 1021 3313 1079 auferantur
3339 1027 3408 1079 de
3441 1023 3637 1079 medio

2034 1124 2231 1181 terrai;
2284 1123 2341 1169 et
2395 1114 2591 1169 domus
2640 1113 2774 1169 .luda
2826 1115 3053 1170 tollatur
3097 1116 3163 1169 de
3195 1116 3375 1171 medio
3405 1131 3639 1173 eorum.

2033 1203 2136 1271 Qui
2205 1203 2370 1275 93o
2400 1220 2521 1260 cum
2557 1205 2727 1260 evulsi
2762 1204 2989 1271 fuerint,
3023 1213 3078 1259 et
3121 1206 3188 1260 de
3234 1206 3637 1262 haereticorum

2033 1295 2286 1353 faucibus
2312 1297 2549 1361 liberati,
2583 1304 2992 1366 consequentur
3032 1295 3477 1351 misericordiam
3506 1296 3638 1363 Dei,

2036 1405 2093 1449 et
2116 1392 2446 1447 reducentur
2470 1392 2525 1445 in
2556 1390 2929 1446 ha‘reditatem
2954 1399 3011 1446 et
3038 1390 3094 1445 in
3128 1400 3332 1445 terram
3372 1406 3559 1445 suam.

2109 1486 2289 1557 (Vers.
2328 1485 2416 1552 16,
2476 1485 2586 1554 l7.)
2629 1502 2647 1535 (
2686 1482 2751 1536 Ε(
2811 1483 2939 1548 erit,
2990 1483 3036 1538 si
3085 1482 3284 1537 eruditi
3330 1480 3641 1537 didicerint

2036 1585 2156 1640 vias
2210 1583 2393 1653 populi
2450 1584 2579 1650 mei,
2613 1593 2671 1638 ut
2715 1582 2902 1652 iurent
2949 1582 3004 1638 in
3053 1582 3278 1638 nomine
3309 1596 3457 1642 meo,
3493 1578 3641 1633 vivit

2044 1676 2307 1731 Dominus
2357 1693 2371 1731 :
2405 1676 2550 1729 sicut
2580 1676 2883 1729 docuerunt
2921 1664 3192 1744 populum
3232 1688 3411 1728 meum
3438 1671 3641 1740 iurare

1970 1732 2012 1844 1.}
2041 1768 2092 1823 in
2125 1768 2274 1832 Baal,
2302 1766 2720 1823 :editieabuntur
2774 1768 2826 1821 in
2881 1732 3062 1823 medio
3087 1766 3266 1836 populi
3304 1732 3638 1829 mei.'Qttotl

2037 1859 2084 1915 si
2127 1875 2233 1914 non
2287 1860 2580 1924 audierint,
2615 1859 2843 1914 evellam
2875 1868 3092 1929 gentem
3138 1857 3284 1911 illam
3340 1854 3640 1911 evolsione

2037 1960 2092 2005 et
2121 1950 2445 2019 perditione,
2482 1949 2616 2005 dicit
2654 1951 2935 2006 Dominus.
2984 1969 3004 2003 ι
3047 1949 3103 2005 Si
3138 1949 3387 2007 translati
3421 1949 3489 2005 de
3515 1949 3641 2005 lue-

2037 2043 2143 2098 resi
2183 2044 2238 2098 in
2275 2043 2597 2108 Ecclesium,
2653 2043 2953 2098 didicerint
3003 2044 3120 2098 vias
3172 2042 3359 2112 populi
3417 2041 3533 2109 Dei,
3571 2050 3634 2099 et

2031 2133 2340 2204 iuraverint
2393 2134 2447 2190 in
2498 2134 2719 2189 nomine
2773 2135 3012 2199 Domini,
3059 2146 3113 2189 et
3168 2151 3274 2190 non
3311 2137 3368 2189 in
3404 2112 3637 2191 nomirie

2037 2226 2333 2295 idolorum,
2364 2242 2486 2298 quae
2513 2228 2581 2283 de
2615 2241 2716 2281 suo
2752 2229 2918 2302 corde
2950 2227 3244 2292 liitxernnt,
3279 2226 3638 2282 aedificaban-

2038 2329 2129 2376 tur
2174 2338 2201 2375 a
2250 2321 2501 2388 Domino,
2527 2330 2582 2376 et
2627 2328 2791 2376 erunt
2833 2334 2962 2391 pars
3004 2321 3188 2390 pepuli
3224 2320 3369 2389 eius.
3399 2319 3560 2386 Quod
3587 2322 3636 2374 si

2038 2415 2286 2471 translati
2316 2415 2369 2470 in
2395 2413 2720 2479 Ecclesium,
2742 2427 3131 2483 perversorum
3154 2412 3469 2478 dogmatum
3499 2411 3634 2466 reli-

2038 2507 2197 2578 quias
2238 2508 2535 2572 tenuerint,
2588 2516 2641 2561 et
2685 2521 2791 2560 non
2841 2505 3122 2560 audierint
3172 2505 3334 2558 verba
3383 2503 3634 2567 Domini,

2037 2599 2302 2655 evelletur
2351 2613 2484 2669 gens
2520 2597 2609 2652 illa
2657 2598 2727 2654 de
2779 2597 2959 2653 medio
2983 2596 3169 2667 populi
3207 2588 3323 2662 Dei,
3350 2596 3641 2651 evulsione

2037 2703 2093 2748 et
2148 2694 2458 2763 perditione
2513 2705 2775 2763 perpetua
2807 2709 2823 2748 :
2855 2703 2913 2746 ut
2971 2705 3319 2760 nequaquam
3367 2690 3450 2745 eis
3491 2688 3642 2744 ullus

2037 2785 2191 2841 locus
2249 2786 2582 2853 poenitentiae
2621 2785 2983 2856 relinquatur.
3015 2783 3141 2839 Haec
3174 2783 3426 2852 quotidie
3452 2782 3641 2839 cerni-

2039 2893 2181 2943 mus,
2230 2887 2286 2932 et
2326 2878 2489 2932 rebus
2520 2877 2834 2947 probamus,
2872 2876 3014 2946 quod
3054 2876 3175 2930 ideo
3222 2874 3467 2930 haeretici
3504 2874 3635 2930 ﬁdei

2039 2972 2301 3028 simulent
2325 2971 2632 3036 veritatem,
2669 2981 2726 3025 ut
2755 2971 3033 3041 simplices
3061 2984 3304 3039 quosque
3334 2970 3634 3039 decipiant,

1964 3078 2008 3137 ο
2043 3077 2097 3121 et
2141 3080 2249 3121 non
2290 3065 2391 3133 ipsi
2430 3074 2823 3119 convertantur
2861 3063 2928 3117 ad
2958 3062 3142 3127 fidem,
3174 3061 3270 3117 sed
3301 3061 3485 3115 ﬁdeles
3519 3072 3636 3114 tra-

2042 3158 2177 3213 hant
2201 3158 2266 3212 ad
2308 3155 2712 3211 infidelitatem.

2114 3250 2268 3323 (Cap.
2299 3249 2444 3307 Xlll.
2486 3278 2558 3290 -
2588 3249 2748 3304 Vers.
2786 3248 2812 3302 l
2854 3246 3030 3318 seqq.)
3066 3267 3084 3300 ‹
3123 3245 3250 3301 Περ
3282 3245 3418 3300 dicit
3446 3244 3640 3299 Domi-

2042 3358 2147 3399 nus
2179 3343 2247 3397 ad
2272 3357 2358 3397 me
2383 3341 2567 3397 :Vade
2600 3351 2650 3395 et
2672 3340 2892 3409 posside
2919 3340 3014 3394 tibi
3076 3339 3326 3394 lumbare
3356 3338 3483 3406 (sive
3512 3337 3636 3392 cin-

2042 3431 2302 3504 ctorium)
2325 3433 2551 3497 lineum,
2587 3442 2643 3486 et
2690 3447 2855 3501 pones
2892 3432 3020 3485 illud
3047 3447 3212 3501 super
3237 3431 3451 3485 lumbos
3483 3443 3633 3495 tuos,

2041 3539 2096 3584 et
2140 3527 2192 3581 in
2227 3540 2424 3595 aquam
2460 3540 2569 3579 non
2603 3522 2827 3605 inferos.
2858 3523 2992 3578 illud
3023 3524 3153 3590 (sive
3184 3540 3278 3593 per
3297 3539 3495 3593 aquam
3521 3541 3632 3578 non

2045 3619 2297 3674 transibit
2332 3616 2441 3689 [AL
2476 3614 2817 3686 transiliam.
2848 3615 2916 3671 Et
2949 3617 3161 3684 possedi
3196 3616 3443 3672 lumbare
3474 3618 3632 3685 juxta

2041 3710 2266 3763 verbum
2318 3708 2552 3775 Domini,
2613 3716 2666 3761 et
2715 3706 2867 3777 posui
2899 3706 3047 3759 circa
3088 3705 3305 3759 lumbos
3354 3720 3526 3761 meos.
3562 3707 3634 3762 Et

2043 3802 2220 3857 factus
2273 3812 2357 3856 est
2400 3816 2580 3857 sermo
2615 3801 2828 3855 Domini
2865 3801 2930 3852 ad
2971 3814 3058 3854 me
3095 3800 3358 3865 secundo,
3393 3800 3580 3854 dicens
3611 3817 3632 3857 :

2041 3892 2194 3948 Tolle
2248 3894 2496 3948 lumbare
2533 3894 2662 3964 (sive
2712 3893 3063 3962 cinctorimn)
3107 3892 3251 3960 quod
3312 3891 3631 3960 possedisti,

2041 3987 2187 4054 quod
2240 3994 2324 4040 est
2378 3986 2524 4040 circa
2582 3985 2799 4041 lumbos
2851 3994 2996 4049 tuos,
3027 3997 3080 4039 et
3127 3999 3357 4055 surgens
3398 3986 3536 4039 vade
3560 3984 3629 4039 ad

2041 4078 2398 4146 Euphratem,
2459 4088 2514 4133 et
2565 4078 2842 4133 absconde
2907 4076 2980 4131 ibi
3038 4075 3167 4131 illud
3243 4078 3297 4130 in
3359 4074 3629 4130 foramine

2040 4182 2231 4242 petrae.
2259 4171 2325 4226 Et
2360 4171 2492 4236 abii,
2530 4181 2581 4225 et
2614 4170 2875 4225 abscondi
2913 4168 3044 4223 illud
3079 4169 3133 4223 in
3166 4167 3463 4237 Euphrate.
3488 4169 3631 4223 sicut

2043 4274 2374 4335 prmccpcrat
2427 4265 2557 4319 mihi
2628 4265 2917 4318 Dnninus.
2991 4264 3058 4318 Et
3122 4264 3324 4317 factum
3378 4274 3461 4317 est
3510 4273 3630 4332 post
3664 4266 3677 4278 '

2042 4359 2158 4414 dies
2211 4359 2496 4429 plurimos,
2551 4357 2680 4412 dicit
2735 4356 2993 4412 Dominus
3045 4358 3111 4410 ad
3159 4372 3244 4410 me
3297 4374 3311 4412 :
3362 4354 3541 4426 Surge
3576 4366 3631 4409 et

358 4454 506 4492 mum
541 4436 683 4493 Juda
724 4440 1111 4511 evellam°(sive
1141 4443 1383 4515 eiiciam)
1416 4446 1482 4500 de
1513 4447 1694 4503 medio
1727 4465 1934 4505 eorum.
1975 4432 2016 4485 θ
2046 4452 2181 4505 vade
2246 4450 2311 4503 ad
2349 4450 2700 4519 Euphratem,
2736 4457 2790 4503 et
2847 4448 2975 4503 tolle
3018 4446 3146 4503 inde
3201 4447 3446 4503 lumbare
3502 4448 3632 4515 (sive

357 4529 578 4585 Etcum
610 4531 860 4587 evulsero
907 4549 1027 4599 eos,
1062 4548 1352 4589 convertar
1397 4538 1524 4607 (sive
1584 4543 1848 4613 revertar)
1888 4552 1944 4599 et

357 4622 662 4679 miserebor
702 4636 929 4688 eorum,
965 4635 1019 4679 et
1070 4624 1327 4694 reducam
1380 4644 1477 4684 eos
1528 4631 1656 4701 (sive
1695 4633 1942 4690 habitare

358 4716 578 4784 faciam)
608 4717 782 4770 virum
822 4715 873 4770 in
908 4717 1225 4773 lmreditate
1259 4736 1377 4785 sua.
1417 4729 1472 4776 et
1500 4723 1674 4778 virum
1710 4725 1763 4780 in
1791 4734 1941 4782 terra

359 4824 479 4864 sua.
528 4829 547 4863 ι
592 4810 800 4865 Dicitur
828 4811 893 4864 ad
925 4826 1045 4877 eos,
1079 4812 1275 4879 quibus
1305 4815 1435 4870 cieri
1461 4817 1544 4871 sui
1576 4828 1630 4871 et
1682 4819 1941 4875 ecclesia-

360 4903 531 4959 sticus
564 4907 699 4959 ordo
719 4920 827 4960 non
869 4906 1136 4976 proderit,
1167 4918 1225 4961 ut
1248 4909 1652 4966 confundantur
1681 4927 1713 4968 a
1743 4912 1942 4984 gloria-

436 5019 455 5093 ξ
498 5016 634 5072 Tota
668 5019 961 5093 quai'hine
1012 5020 1365 5093 subsequitur
1429 5021 1495 5075 ad
1560 5023 1720 5078 linem
1771 5040 1940 5093 usque

360 5086 525 5155 hujus
576 5086 856 5155 sectionis,
895 5086 1210 5145 duodecim'
1245 5092 1355 5145 fere
1415 5106 1705 5157 versuum,
1743 5086 1940 5151 lacinia

362 5158 665 5233 deerat_in
720 5158 984 5233 hactenus
1039 5162 1274 5233 vulgatis
1324 5160 1501 5233 libris.
1553 5163 1683 5228 Quae
1747 5180 1939 5233 nempe

360 5226 626 5302 solemnis
675 5234 759 5302 est
791 5230 1035 5283 codicum
1087 5231 1518 5297 exscriptoribus
1555 5226 1935 5302 hatlucinatio,

361 5311 486 5350 cum
537 5296 618 5371 bis
662 5300 850 5371 eadem
889 5312 1179 5355 recurrunt
1208 5302 1395 5365 verba,
1423 5310 1480 5355 ut
1504 5301 1722 5358 fallente
1755 5296 1936 5371 oculo,

363 5380 508 5443 quae
536 5367 857 5443 itttermedia
887 5382 1053 5443 sunt
1092 5372 1532 5443 jirmtei-ttiittattt,
1563 5374 1665 5427 hoc
1717 5367 1936 5443 quoque

363 5438 591 5512 contigit
636 5438 777 5501 loco.
810 5438 899 5512 (lbi
932 5442 1115 5512 statim
1144 5441 1211 5493 ab
1242 5443 1453 5502 iisdem,
1493 5442 1544 5496 in
1581 5459 1701 5512 quae
1734 5438 1938 5498 desinit

364 5508 566 5570 verbis,
600 5524 707 5577 pax
764 5508 1241 5575 unieersw‘carni,
1293 5508 1611 5568 inchoatur.
1662 5512 1933 5569 Lacunam

364 5578 616 5649 supplent
650 5580 1013 5649 antiquissimi
1069 5580 1212 5640 libri.
1275 5595 1469 5647 preter
1508 5583 1932 5639 Cisterciensem

366 5654 419 5717 et
451 5645 799 5717 Vaticanum,
819 5650 1016 5717 quibus
1047 5645 1392 5704 continenter
1443 5654 1664 5717 utimur,
1708 5654 1813 5707 duo
1845 5657 1932 5708 iti-

369 5714 494 5767 dem
530 5714 771 5773 Vaticani
799 5714 1042 5776 numeris
1071 5719 1176 5776 525
1199 5729 1251 5775 et
1277 5719 1381 5774 3‘24
1404 5714 1715 5792 praenotati,
1733 5725 1934 5798 aliique

2045 4544 2390 4611 cinctorimn)
2442 4544 2585 4611 quod
2649 4542 2879 4611 prmccpi
2939 4541 3068 4607 tibi,
3144 4553 3201 4595 ut
3261 4541 3630 4597 abscondere:

2046 4636 2174 4690 illud
2229 4635 2321 4689 ibi.
2354 4635 2421 4688 Et
2460 4635 2568 4691 abii
2626 4635 2694 4688 ad
2752 4634 3107 4701 Euphratem.
3151 4644 3207 4687 et
3260 4633 3392 4698 fodi,
3421 4644 3480 4689 et
3531 4632 3627 4687 tuli

2044 4725 2292 4781 lumbare
2344 4726 2411 4780 de
2472 4726 2592 4780 loco
2641 4725 2731 4780 ubi
2791 4725 3183 4780 absconderant
3217 4726 3373 4791 illud,
3410 4737 3465 4781 et
3495 4740 3629 4782 ecce

2042 4827 2455 4887 cmnputrueral
2472 4817 2724 4872 lumbare
2754 4816 2881 4887 (sive
2904 4819 3275 4885 cinctorimn),
3297 4820 3367 4871 ita
3390 4828 3452 4871 ul
3472 4819 3622 4873 nullo

2043 4913 2166 4968 usui
2233 4921 2414 4982 aptum
2464 4921 2631 4966 esset.
2666 4910 2732 4966 Et
2761 4912 2961 4966 factum
2996 4920 3080 4967 est
3115 4914 3343 4968 verbum
3404 4911 3623 4968 Domini

2042 5029 2291 5085 nonnulli
2347 5027 2401 5082 in
2460 5028 2584 5082 aliis
2626 5026 2792 5082 Italiae
2820 5028 3185 5099 bibliothecis,
3216 5044 3354 5099 quos
3382 5030 3450 5082 ad
3479 5027 3624 5083 hunc

2044 5101 2206 5155 modo
2254 5100 2433 5152 locum
2475 5099 2871 5153 consuluimns.
2901 5098 3052 5168 Legit
3089 5098 3348 5167 praue-rea
3399 5102 3619 5153 totidem

2043 5170 2202 5239 plane
2239 5170 2421 5223 verbis
2473 5170 2524 5221 in
2577 5184 2676 5222 suo
2725 5170 3018 5235 exemplari
3077 5172 3356 5234 Italianus,
3399 5170 3625 5239 ipsaque

2042 5242 2338 5297 verborum
2386 5240 2561 5292 series
2610 5248 3008 5304 contextuSque
3034 5240 3300 5293 orationis
3334 5240 3623 5293 nianifesto

2041 5312 2281 5378 produnt
2307 5323 2337 5363 e
2367 5308 2686 5379 Hieronymi
2717 5308 2928 5379 calamo
2961 5309 3252 5378 proﬁcisci.
3288 5309 3392 5362 Sed
3427 5322 3623 5379 praeter

2041 5376 2296 5434 laciniam
2364 5379 2463 5432 loci
2510 5376 2673 5446 quam
2733 5376 3051 5433 sntl‘ecinins
3093 5395 3191 5434 nos
3219 5380 3354 5433 satis
3383 5376 3619 5443 longam,

2041 5449 2223 5519 snlnlit
2257 5447 2534 5502 Victorius
2558 5448 2816 5503 continua
2847 5450 2991 5502 serie
3024 5452 3137 5505 haec
3164 5464 3382 5519 quoque
3408 5450 3575 5519 verba
3600 5464 3618 5503 :

2042 5518 2225 5588 Neque
2241 5521 2381 5572 enim
2406 5534 2593 5591 pacem,
2619 5519 2711 5570 Dei
2743 5526 2911 5591 potest
2937 5535 3062 5573 caro
3115 5517 3361 5591 recipere.
3394 5517 3621 5587 Sapien-

2040 5592 2119 5643 tia
2141 5587 2286 5641 enim
2309 5593 2485 5641 carnis
2520 5589 2734 5641 mimica
2760 5596 2838 5641 est
2865 5587 2993 5655 Deo,
3019 5600 3067 5643 et
3085 5595 3172 5656 qui
3203 5587 3256 5645 in
3284 5605 3443 5643 carne
3474 5602 3621 5653 sunt,

2039 5658 2147 5713 Deo
2178 5658 2383 5738 placere
2416 5674 2516 5738 non
2551 5668 2805 5738 possunt;
2851 5674 2974 5729 qum
3031 5661 3251 5733 quidem
3299 5662 3355 5715 in
3410 5662 3556 5715 nullo
3591 5677 3624 5716 ε

2038 5731 2239 5787 nostris
2266 5744 2397 5784 mss.
2429 5731 2753 5786 invenimus.
3048 5731 3061 5733 '
3482 5766 3487 5773 ‹
