3950 6180
220 260 332 322 793

222 482 376 522 scere
409 469 603 526 faciam
635 476 944 545 superbiam
969 479 1096 550 (sive
1124 481 1582 553 injuriam).luda,
1616 497 1669 542 et
1705 503 1798 542 su-

226 561 472 630 perbiam
493 561 794 622 Jerusalem
819 570 1068 638 multam,
1097 580 1152 627 et
1191 575 1448 644 populum
1482 578 1643 632 istum
1672 595 1795 649 pes-

223 653 451 722 simum,
494 657 583 726 qui
619 659 810 714 nolunt
838 663 1031 718 audire
1065 665 1230 720 verba
1263 681 1402 734 mea,
1438 679 1494 722 et
1522 670 1800 726 ambulant

223 745 280 801 in
321 747 586 817 pravitate
611 749 810 814 (sivein
837 752 1158 826 directione)
1179 758 1362 814 cordis
1391 760 1473 813 sui
1495 763 1714 828 pessimi
1740 764 1796 818 ιε

223 837 588 910 abieruntque
634 853 752 909 post
791 845 920 899 deos
964 847 1190 914 alienos,
1219 859 1280 905 ut
1304 852 1576 906 servirent
1603 855 1707 919 eis,
1746 866 1800 910 et

222 933 521 988 adorarent
556 950 648 990 eos
684 952 700 992 :
738 947 979 993 etierunt
1012 941 1152 995 sicut
1190 942 1434 999 lumbare
1472 945 1634 1010 istud,
1658 949 1799 1014 quod

223 1023 380 1075 nullo
418 1026 539 1079 uSui
575 1036 759 1096 aptttm
797 1039 899 1082 est.
933 1031 1250 1087 Sicutenim
1284 1035 1524 1090 adhaeret
1559 1037 1802 1094 lumbare

222 1114 294 1169 ad
344 1118 560 1171 lumbos
596 1119 695 1172 viri
731 1138 745 1174 :
779 1122 857 1176 sic
891 1122 1220 1190 agglutinavi
1257 1125 1388 1180 mihi
1437 1142 1654 1183 omnem
1699 1129 1798 1184 do-

227 1222 378 1258 mum
406 1207 589 1274 Israel,
615 1218 669 1261 et
691 1224 906 1264 omnem
927 1213 1145 1268 domum
1175 1214 1332 1282 Juda,
1358 1218 1488 1272 dicit
1519 1218 1799 1286 Dominus,

225 1307 282 1347 ut
337 1307 481 1352 esset
521 1298 655 1353 mihi
686 1299 738 1353 in
769 1302 1044 1371 populum,
1067 1314 1122 1359 et
1155 1306 1314 1376 931
1346 1307 1397 1360 iu
1432 1323 1628 1363 nomen
1661 1318 1714 1364 et
1750 1311 1799 1363 in

225 1390 468 1455 laudem,
502 1398 555 1445 et
588 1392 642 1444 in
674 1393 923 1461 gloriam,
951 1407 1005 1450 et
1034 1413 1140 1452 non
1174 1399 1481 1455 audierunt.
1517 1419 1534 1452 ›
1584 1401 1802 1456 Cincio-

223 1485 394 1547 rium,
445 1485 560 1539 sive
623 1485 887 1552 lumbare,
919 1491 1062 1557 quod
1120 1491 1214 1545 Dei
1270 1493 1492 1548 renibus
1534 1493 1801 1561 jungitur,

224 1575 459 1644 populus
491 1577 653 1633 lsrael
687 1589 786 1641 est,
817 1581 905 1648 qui
934 1580 987 1634 iu
1020 1581 1114 1636 lini
1143 1582 1553 1637 similitudinem
1591 1598 1803 1638 assmu-

226 1678 354 1736 ptus
389 1669 452 1722 de
485 1679 652 1734 terra,
689 1682 744 1725 et
776 1673 979 1736 illotus,
1013 1689 1111 1728 nec
1146 1675 1540 1730 mollitudinem
1590 1677 1798 1742 habuit,

230 1773 337 1813 nec
366 1761 680 1827 candorem,
719 1772 771 1817 et
806 1773 983 1819 tamen
1035 1781 1131 1835 per
1165 1767 1309 1823 illius
1373 1768 1800 1823 misericordiam

225 1853 459 1905 adhaesit
501 1852 631 1908 Deo.
665 1854 905 1926 Cumque
935 1869 1235 1926 peccasset,
1263 1860 1469 1914 ratione
1489 1860 1688 1930 quippe
1721 1867 1805 1916 est

226 1941 606 2012 hujuscemodi
640 1946 808 2000 linum
845 1958 1006 2016 atque
1031 1949 1298 2015 lumbare,
1330 1952 1526 2008 ductus
1546 1963 1629 2008 est
1652 1963 1804 2007 trans

224 2035 588 2106 Euphratem,
621 2040 673 2094 id
716 2050 818 2104 est,
844 2043 895 2097 in
942 2044 1222 2112 Assyrios,
1247 2053 1296 2100 et
1332 2044 1406 2098 ibi
1431 2045 1802 2110 absconditus,

231 2131 338 2185 hoc
371 2140 477 2196 est,
509 2133 854 2190 multitudine
900 2133 1010 2206 [ΑΙ.
1049 2137 1444 2209 magnitudine]
1471 2140 1803 2208 lmagnarum

227 2237 282 2277 et
303 2225 778 2280 innumerabilium
797 2228 1036 2298 gentium
1060 2229 1464 2298 quodammodo
1495 2231 1804 2300 absorptus,

228 2323 285 2369 et
326 2316 482 2370 nihili
542 2327 845 2386 reputatus.
879 2317 1004 2373 Post
1054 2321 1278 2375 multum
1335 2331 1515 2376 autem
1569 2332 1803 2392 tempus,

229 2410 348 2477 ipse
406 2409 672 2477 Pmpbeta
721 2412 772 2464 iu
840 2421 1024 2482 typum
1080 2413 1170 2466 Dei
1213 2413 1411 2466 liberat
1451 2415 1706 2482 populum
1743 2421 1806 2470 de

226 2503 566 2570 captivitate.
601 2502 703 2568 Qui
751 2505 1103 2558 nihilominus
1142 2517 1195 2560 et
1230 2517 1350 2575 post
1407 2508 1662 2572 reditum,
1714 2509 1802 2561 Dei

234 2606 509 2665 pratcepta
553 2612 655 2650 non
718 2596 889 2663 fecit;
947 2597 1039 2653 sed
1099 2609 1320 2654 secutus
1384 2602 1515 2652 deos
1576 2600 1802 2664 alienos,

233 2691 309 2745 ad
349 2702 653 2745 extremum
697 2692 858 2745 etiam
912 2692 964 2746 in
1019 2692 1114 2746 Dei
1156 2692 1354 2747 Filium
1397 2693 1546 2748 misit
1589 2709 1803 2759 manus,

229 2796 285 2839 ct
342 2795 543 2838 mterna
609 2785 914 2854 perditione
975 2789 1276 2842 contabuit.
1349 2787 1540 2842 Omnis
1594 2803 1808 2858 quoque

231 2878 319 2929 vir
364 2887 588 2930 sam-tus
643 2878 886 2932 lumbare
917 2877 1010 2932 Dei
1063 2887 1169 2946 est,
1224 2879 1314 2948 qui
1376 2891 1685 2948 assumptus
1741 2881 1808 2934 de

232 2979 380 3023 terra
427 2977 480 3022 et
521 2969 587 3022 de
629 2978 786 3025 terra:
838 2971 1026 3038 limo’,
1065 2972 1156 3026 Dei
1194 2973 1469 3026 consortio
1495 2973 1806 3040 copulatur,

693 266 1183 338 COMMENTAR.
1226 275 1308 335 ΙΝ
1351 277 1749 339 JEREMIAM
1791 282 2253 345 PllOPIiETAM
2308 287 2450 348 LIB.
2478 288 2596 352 ΙΙΙ.
2635 288 2998 354 CAP.XIII.

222 379 292 430 ad
333 391 439 442 me,
495 379 680 438 dicens
711 402 726 440 :
757 385 878 442 llaec
913 388 1044 443 dicit
1104 390 1364 448 Dominus
1413 411 1428 448 :
1468 395 1558 449 Sic
1616 401 1876 466 putrc—A

3377 287 3486 354 79L

1974 401 2151 457 (Vera.
2187 403 2255 456 12
2281 402 2458 474 seqq.)
2495 423 2512 455 ι
2544 403 2702 461 Dices
2729 420 2858 475 ergo
2891 407 2957 461 ad
2983 421 3078 462 eos
3107 405 3245 476 (sive
3272 407 3338 461 ad
3385 421 3484 476 po-

1903 493 2110 562 pulum)
2143 509 2444 550 sermonem
2477 496 2638 551 istum
2675 513 2690 555 :
2720 495 2844 553 Haec
2889 499 3021 554 dicit
3048 498 3309 554 Dominus
3334 498 3480 554 Deus

1900 585 2065 640 lsrael
2099 606 2112 641 :
2145 585 2334 642 Omnis
2371 588 2658 658 laguncula
2684 590 2815 660 (sive
2845 591 2986 662 uter)
3021 590 3332 660 implebitur
3363 587 3480 661 [ΑΙ.

1901 672 2212 748 impleatur]
2246 677 2386 732 vino.
2454 677 2616 748 932
2648 679 2714 733 Et
2762 680 2944 736 dicent
2973 682 3038 735 ad
3089 690 3140 735 te
3173 700 3187 736 :
3233 680 3486 749 Nunquid

1904 765 2215 833 ignoramus
2243 769 2385 834 quod
2413 770 2592 824 omnis
2614 770 2902 839 laguncuia
2936 773 3068 837 (sive
3096 771 3237 841 uter)
3265 772 3490 840 implea-

1905 866 1993 911 tur
2029 857 2220 930 [Vulg.
2251 859 2586 932 implebitur]
2617 862 2782 916 vino?
2822 862 2884 915 Et
2919 864 3068 918 dices
3095 865 3159 916 ad
3201 878 3296 917 eos
3323 881 3336 916 :
3364 863 3489 916 Haec

1903 948 2035 1004 dicit
2058 949 2348 1004 Dominus:
2373 952 2510 1005 Ecce
2535 967 2635 1020 ego
2667 953 2902 1022 implebo
2929 970 3126 1008 omnes
3151 955 3488 1007 habitatores

1907 1052 2064 1095 terra;
2125 1041 2306 1110 hujus,
2335 1052 2389 1095 et
2435 1058 2590 1111 reges
2620 1045 2709 1112 qui
2755 1045 2945 1099 sedent
2975 1046 3042 1099 de
3074 1047 3244 1113 stirpe
3272 1046 3396 1109 (sive
3427 1047 3487 1097 fi-

1903 1132 2028 1203 lios)
2073 1134 2239 1189 David
2291 1150 2455 1203 super
2498 1137 2754 1189 thronum
2802 1136 2939 1203 ejus,
2977 1148 3032 1191 et
3086 1139 3399 1191 sacerdotes
3435 1147 3491 1191 et

1903 1227 2196 1294 prephetas
2242 1235 2295 1280 et
2338 1241 2527 1280 omnes
2580 1227 2911 1283 habitatores
2959 1227 3258 1282 Jerusalem
3301 1228 3482 1281 ebrie-

1907 1326 2068 1370 tate:
2113 1326 2166 1369 et
2216 1317 2520 1386 dispergam
2576 1333 2694 1384 eos,
2748 1320 2926 1372 virum
2984 1336 3012 1372 a
3065 1320 3232 1372 fratre
3282 1333 3403 1378 suo,
3439 1327 3492 1371 ct

1905 1414 2084 1475 patres
2114 1415 2166 1460 et
2204 1406 2343 1461 filios
2377 1409 2600 1474 pariter,
2633 1409 2706 1460 ait
2742 1407 3011 1462 Dominus
3052 1425 3066 1461 :
3107 1406 3222 1461 Non
3267 1422 3490 1476 paream

1907 1498 2032 1566 (sive
2093 1513 2199 1550 non
2254 1497 2626 1568 desiderabo),
2663 1510 2720 1553 et
2770 1515 2878 1555 non
2933 1499 3255 1561 concedam,
3315 1511 3494 1566 neque
3539 1565 3542 1568 η

1907 1590 2230 1653 miserebor,
2258 1599 2319 1644 ut
2351 1606 2453 1644 non
2503 1592 2814 1660 disperdam
2869 1606 2975 1646 eos.
3020 1609 3038 1642 ι
3105 1588 3342 1645 Verbum
3381 1588 3492 1642 He-

1908 1683 2145 1737 braicum
2173 1699 2339 1736 meum.
2383 1666 2517 1753 ('73:)
2553 1683 2760 1753 Aquila:
2789 1683 2960 1750 prima
3009 1684 3199 1746 editio,
3234 1682 3490 1751 laguncu-

1907 1773 2036 1836 lam,
2067 1774 2303 1828 secunda
2336 1774 2506 1842 ipsum
2539 1774 2720 1835 nebel;
2755 1773 3160 1843 Symmachus,
3196 1782 3492 1836 craterem;

1904 1864 2070 1927 LXX,
2125 1875 2338 1929 utrem;
2374 1865 2671 1919 Theodotio
2715 1883 2840 1928 vas,
2909 1865 3250 1934 interpretati
3307 1873 3434 1918 sunt
3474 1879 3490 1920 :

1906 1955 2047 2023 quod
2109 1971 2269 2010 omne
2310 1972 2418 2010 non
2467 1956 2611 2018 oleo,
2664 1971 2768 2009 non
2803 1971 2966 2026 aqua,
3034 1973 3140 2010 non
3174 1955 3356 2018 melle,
3387 1971 3490 2008 non

1907 2045 2068 2110 lacte,
2099 2061 2202 2100 non
2238 2046 2340 2100 alia
2373 2047 2616 2114 qualibet
2648 2048 2880 2102 materia
2921 2047 3184 2114 liquentis
3211 2046 3491 2110 elementi,

1906 2141 2000 2192 sed
2029 2137 2178 2200 vino,
2223 2147 2276 2191 et
2305 2138 2567 2191 ebrietate
2621 2138 2944 2206 completur
2981 2139 3340 2201 :ostendens,
3394 2153 3495 2191 nos

1906 2246 2003 2285 vas
2031 2245 2152 2285 esse
2184 2229 2391 2298 fragile,
2425 2229 2577 2295 juxta
2598 2230 2921 2298 Apostolum
2959 2231 3229 2284 dicentem
3261 2246 3276 2284 :
3318 2228 3498 2283 Habe-

1906 2339 2021 2376 mus
2056 2323 2359 2375 thesaurum
2400 2323 2559 2374 istum
2592 2323 2644 2374 in
2675 2323 2814 2375 vasis
2848 2321 3106 2390 ﬁctilibus
3141 2319 3230 2389 (II
3263 2319 3384 2374 Cor.
3420 2337 3492 2384 ιν,

1909 2417 1997 2486 7);
2030 2431 2131 2470 nec
2167 2432 2326 2482 posse
2352 2416 2506 2476 'lieri,
2541 2427 2598 2470 ut
2629 2432 2738 2470 non
2763 2417 2891 2470 illud
2919 2417 3212 2484 impleatur
3245 2417 3297 2469 in
3333 2417 3490 2470 nobis

1908 2509 2052 2578 quod
2076 2509 2339 2577 scriptum
2367 2517 2450 2562 est
2490 2525 2503 2561 :
2542 2506 2664 2561 Non
2691 2508 2828 2560 enim
2859 2507 3069 2560 habitat
3105 2508 3156 2560 in
3193 2523 3347 2560 carne
3376 2523 3492 2559 mea

1909 2603 2097 2656 bonum
2133 2601 2305 2670 (Rom.
2343 2615 2436 2658 vtt.
2475 2600 2584 2668 18).
2620 2600 2684 2654 Et
2731 2601 2937 2654 iterum
2970 2617 2986 2656 :
3014 2598 3140 2652 Non
3186 2601 3322 2652 enim
3353 2599 3492 2668 quod

1907 2695 2023 2750 volo
2049 2696 2258 2755 bonum,
2291 2694 2388 2745 hoc
2414 2692 2554 2761 facio
2581 2709 2600 2747 :
2640 2693 2729 2745 sed
2780 2690 2921 2759 quod
2976 2691 3099 2744 nolo
3134 2690 3356 2753 malum,
3390 2689 3486 2743 hoc

1907 2804 2092 2857 operor
2126 2787 2289 2854 (Ibid.
2313 2787 2422 2853 19').
2458 2786 2529 2839 Ac
2555 2785 2749 2840 deinde
2787 2801 2802 2841 :
2846 2785 3008 2838 Miser
3038 2801 3131 2852 ego
3158 2786 3335 2848 homo,
3377 2786 3492 2852 quis

1903 2899 1990 2937 me
2021 2881 2258 2935 liberabit
2282 2881 2343 2933 de
2377 2896 2592 2949 corpore
2613 2880 2795 2932 mortis
2819 2880 2978 2948 hujus
3027 2879 3188 2948 (Ibid.
3225 2877 3352 2948 9.2)?
3387 2875 3494 2929 liae

1910 2982 2088 3030 autem
2142 2973 2441 3036 ebrietate,
2493 2987 2596 3040 qua
2655 2971 3036 3025 obliviscimur
3104 2980 3491 3038 przeccptorum

231 3070 288 3114 et
351 3061 750 3128 quodammodo
793 3077 913 3132 quae
973 3065 1028 3118 in
1076 3063 1315 3120 Ecclesia
1375 3065 1494 3133 ejus
1551 3065 1802 3119 videntur
1831 3076 1876 3138 ο
1909 3068 2024 3130 Dei,
2059 3076 2114 3121 et
2142 3067 2287 3120 vitiis
2314 3076 2476 3136 atque
2507 3066 2743 3134 peccatis
2767 3064 2956 3117 omnis
2984 3064 3238 3132 impletur
3260 3063 3493 3114 humana

233 3155 504 3218 obscena,
533 3153 728 3221 majori
765 3155 1048 3225 diligentia
1099 3158 1296 3226 operit,
1350 3169 1513 3226 atque
1569 3161 1806 3210 circum-

231 3248 352 3310 dat,
387 3262 454 3301 ne
482 3247 760 3317 gentilium
787 3259 843 3303 et
869 3248 1243 3304 haereticorum
1271 3250 1541 3303 morsibus
1563 3257 1803 3318 pateant.

234 3338 396 3405 Quod
448 3339 694 3394 lumbare
724 3341 771 3394 si
831 3354 1028 3407 aquam
1089 3341 1346 3410 tetigerit,
1413 3351 1468 3394 et
1517 3340 1808 3409 Euphratis

234 3431 444 3486 ﬂuenta
501 3432 804 3499 transierit,
845 3435 918 3486 ita
960 3442 1019 3487 ut
1045 3433 1279 3502 Assyriae
1322 3432 1556 3500 regionis
1612 3433 1805 3485 humo-

235 3525 396 3578 ribus
479 3523 777 3587 imbuatur,
837 3525 1015 3594 perdit
1073 3526 1358 3594 pristinam
1415 3524 1806 3585 fortitudinem,

232 3623 292 3670 et
353 3616 761 3682 computrescit,
811 3625 978 3683 atque
1046 3615 1382 3668 dissolvitur.
1435 3613 1500 3666 Et
1560 3615 1810 3683 quamiis

235 3709 293 3762 in
362 3724 518 3760 usum
576 3709 666 3761 Dei
720 3707 928 3772 redeat,
989 3716 1167 3760 tamen
1235 3707 1519 3775 pristinam
1572 3705 1815 3773 pulchri-

236 3802 484 3856 tudinem
550 3801 749 3856 habere
813 3817 918 3854 non
967 3811 1185 3868 potest,
1241 3816 1350 3854 non
1417 3799 1617 3854 duritia
1669 3799 1806 3865 Dei,

238 3898 335 3951 sed
380 3910 480 3949 suo
523 3895 655 3950 vitio
709 3913 725 3952 :
773 3895 900 3965 quia
938 3894 1128 3948 nolunt
1162 3893 1352 3948 audire
1385 3897 1546 3947 verba
1581 3891 1724 3962 ejus,
1752 3900 1806 3946 et

237 3990 522 4044 ambulant
575 3991 627 4042 iu
685 3989 952 4058 pravitate
1002 3988 1183 4042 cordis
1230 3987 1336 4047 sui.
1369 3986 1482 4040 sive
1524 3988 1667 4056 quod
1709 3985 1810 4040 sibi

237 4093 448 4138 rectum
510 4082 744 4143 videtur,
796 4080 899 4134 hoc
950 4077 1172 4133 faciunt.
1216 4079 1321 4132 Sed
1379 4090 1433 4131 et
1485 4079 1600 4148 ipse
1632 4093 1812 4132 sermo

239 4175 458 4228 divinus
495 4189 593 4226 cur
624 4173 766 4226 hanc
823 4173 1067 4241 posuerit
1118 4170 1558 4234 similitudinem,
1589 4170 1813 4238 exponit

237 4264 428 4318 dicens
478 4279 494 4316 :
553 4261 704 4316 Sicut
763 4263 903 4314 enim
954 4261 1186 4315 adhaeret
1236 4257 1477 4314 lumbare
1511 4261 1579 4313 ad
1610 4258 1814 4313 lumbos

237 4359 470 4408 Imuinis
492 4370 511 4408 :
535 4355 609 4407 sic
637 4354 960 4425 agglutinavi
989 4363 1038 4408 et
1058 4353 1328 4407 adhwrere
1349 4352 1475 4405 mihi
1490 4353 1586 4421 feci
1609 4367 1814 4405 omnem

1908 3157 2168 3216 conditio.
2202 3157 2417 3210 dicente
2474 3155 2746 3224 Propheta
2783 3173 2796 3209 :
2838 3153 2961 3209 Non
3007 3155 3397 3224 justi/imbitur
3442 3155 3495 3206 in

1909 3257 2186 3317 conspectu
2214 3258 2302 3301 tuo
2328 3250 2497 3300 omnis
2534 3249 2714 3301 vivens
2753 3247 2927 3318 (Psal.
2984 3264 3146 3313 CXLII,
3176 3249 3256 3314 2),
3290 3264 3395 3300 non
3431 3247 3494 3299 sd

1908 3339 2370 3408 comparationem
2401 3339 2494 3393 Dei
2523 3340 2602 3408 (ut
2631 3351 2848 3394 veteres
2879 3350 2934 3393 et
2981 3343 3103 3392 novi
3133 3341 3371 3394 haeretici
3405 3357 3497 3394 vo—

1909 3431 2050 3493 lunt,
2089 3439 2140 3484 et
2167 3430 2377 3499 patroni
2439 3431 2863 3498 haereticorum),
2928 3433 3024 3484 sed
3084 3435 3149 3485 ad
3201 3433 3497 3486 scientiam

1908 3523 2026 3592 ejus
2059 3538 2074 3578 ε
2102 3521 2273 3575 Homo
2297 3523 2435 3575 enim
2479 3522 2685 3576 videtin
2734 3522 2892 3590 facie,
2953 3521 3091 3576 Deus
3163 3524 3216 3576 in
3261 3523 3494 3591 corde(l

1909 3613 2039 3684 Reg.
2076 3628 2188 3679 xvr,
2221 3615 2312 3682 7);
2346 3623 2398 3668 et
2424 3613 2568 3682 quod
2598 3615 2755 3669 nobis
2801 3615 3072 3668 interdum
3123 3616 3380 3667 mundum
3416 3615 3497 3666 vi-

1910 3704 2088 3768 detur,
2123 3703 2265 3757 illius
2312 3706 2487 3760 oculis
2539 3705 2816 3778 sordidum
2873 3705 3315 3774 deprehenditur
3345 3720 3360 3760 :
3393 3721 3498 3758 non

1923 3794 2099 3848 solum
2135 3793 2324 3862 vulgus
2358 3795 2594 3864 ignobile
2624 3796 2858 3865 vilisque
2884 3796 3186 3862 plebecula,
3220 3797 3312 3851 sed
3349 3787 3501 3862 rcges

1911 3887 2277 3944 Ecclesiarum
2306 3886 2374 3940 de
2404 3888 2574 3957 stirpe
2621 3888 2736 3942 sive
2796 3887 2888 3941 lilii
2940 3888 3142 3952 David,
3185 3888 3277 3956 qui
3309 3888 3502 3942 sedent

1913 3980 2157 4050 resupini
2184 3989 2478 4046 erectaque
2529 3979 2764 4041 cervice,
2817 3989 2870 4033 et
2907 3988 3159 4048 protento
3193 3979 3501 4043 aqualiculo

1913 4085 2076 4140 super
2097 4071 2352 4124 thronum
2377 4070 2516 4137 ejus.
2549 4067 2875 4124 Sacerdotes
2904 4084 3122 4138 quoque
3152 4069 3281 4137 ipsi,
3307 4083 3504 4122 secun-

1915 4165 2016 4217 dus
2055 4164 2108 4215 in
2153 4161 2524 4217 ecclesiastico
2585 4163 2793 4216 honore
2844 4161 3066 4230 gradus,
3113 4169 3167 4214 et
3197 4160 3498 4229 prophetae,

1915 4252 2008 4323 qui
2057 4255 2310 4309 videntur
2347 4253 2555 4308 habere
2617 4254 2906 4308 scientiam
2953 4252 3388 4320 Scripturarum,
3449 4262 3503 4305 et

1916 4359 2108 4400 omnes
2133 4345 2468 4399 habitatores
2503 4342 2825 4410 Jerusalem,
2869 4361 2965 4414 pro
3014 4347 3279 4398 varietate
3309 4361 3502 4414 pecca-

235 4454 456 4502 domum
483 4447 673 4510 Israel,
705 4456 752 4500 et
783 4464 982 4500 omnem
1018 4449 1228 4499 domum
1261 4443 1429 4506 Iuda,
1451 4444 1634 4498 decem
1660 4445 1812 4498 vide—
1843 4440 1888 4496 D
1919 4445 2096 4490 lorum
2125 4436 2501 4504 εοηιριεηιιηε
2541 4436 2656 4489 SiVe
2687 4436 2845 4499 JUda.
2879 4446 2938 4489 ιιι
2980 4437 3238 4491 addidere
3271 4435 3503 4505 Septua-

238 4546 371 4599 licet
409 4553 462 4597 et
485 4541 620 4595 duas
663 4541 854 4604 tribus,
888 4551 942 4592 ιιι
980 4547 1160 4593 essent
1189 4539 1316 4592 mihi
1353 4537 1406 4590 in
1441 4537 1695 4607 populum
1724 4552 1818 4590 no-

243 4637 510 4690 minatum
571 4642 624 4687 et
677 4633 730 4686 in
786 4632 996 4685 laudem
1037 4639 1091 4684 et
1137 4630 1188 4682 in
1223 4629 1487 4697 gloriam;
1523 4638 1576 4683 et
1602 4642 1702 4698 pro
1734 4628 1819 4682 his

241 4730 500 4783 omnibus
523 4743 626 4781 non
647 4725 936 4780 audierunt
965 4739 1068 4786 me,
1088 4721 1181 4778 sed
1201 4738 1294 4777 sua
1320 4721 1446 4774 vitia
1473 4731 1598 4775 sunt
1620 4720 1815 4774 secuti.

241 4824 447 4876 Caveat
494 4834 624 4886 ergo
667 4817 756 4884 qui
787 4827 962 4885 potest
993 4816 1175 4868 dicere
1204 4831 1216 4866 :
1255 4811 1391 4864 Mihi
1419 4819 1595 4863 autem
1642 4807 1821 4861 adha-

243 4932 360 4968 rere
423 4914 525 4967 Deo
574 4914 764 4966 bonum
793 4922 869 4964 est
900 4909 1068 4978 (Psal.
1099 4922 1267 4969 uitii,
1301 4905 1416 4970 28),
1461 4919 1527 4958 ne
1559 4901 1696 4956 forte
1726 4915 1821 4968 per

244 5005 634 5076 negligentiam
660 5001 726 5054 ab
747 4999 892 5053 illius
918 4998 1138 5052 renibus
1165 5002 1474 5064 separetur,
1497 4999 1552 5045 et
1579 4997 1820 5044 transeat

245 5099 581 5168 Euphratem
623 5103 678 5146 et
720 5091 958 5156 deturjin
990 5096 1311 5156 potestatem
1336 5085 1480 5154 regis
1505 5083 1734 5152 Assyrii,
1767 5092 1821 5136 et

244 5202 597 5260 nequaquam
651 5185 704 5238 in
745 5181 1072 5238 solidissima
1112 5191 1285 5248 pt-tra,
1322 5181 1416 5233 sed
1457 5178 1508 5230 in
1560 5175 1821 5230 foramine

245 5295 418 5353 petrae
449 5286 738 5345 COI'l'upltl‘,
799 5284 959 5342 atque
1018 5274 1242 5335 vitiatae,
1273 5272 1377 5323 hoc
1407 5279 1512 5332 est,
1543 5268 1820 5322 haeretico-

245 5391 366 5430 rum
399 5371 651 5425 sordibus
683 5375 737 5422 et
770 5367 914 5420 vitiis
961 5376 1283 5434 occupetur,
1313 5370 1367 5418 et
1391 5361 1444 5415 in
1477 5371 1681 5415 tantam
1731 5376 1823 5414 ve-

245 5470 362 5521 niat
406 5463 769 5533 putredinem,
794 5469 848 5513 ut
886 5458 942 5511 in
973 5472 1124 5511 usum
1161 5466 1216 5509 et
1261 5456 1312 5508 in
1362 5455 1686 5509 ciuetorium
1722 5453 1822 5506 Do-

248 5559 383 5614 mini
423 5561 559 5610 ultra
592 5554 768 5609 redire
802 5568 904 5604 nou
937 5549 1128 5620 possit.

329 5675 346 5704 *
397 5671 652 5744 Additum
684 5663 932 5744 pessimi,
955 5677 1127 5730 neque
1154 5661 1206 5717 in
1242 5659 1470 5716 Hebraeo
1505 5668 1606 5722 est,
1653 5671 1823 5727 neque

254 5745 308 5801 in
339 5739 758 5810 ilietonjmiana
795 5739 1064 5788 versione.

1919 4531 2088 4599 ginta.
2111 4529 2354 4597 Cumque
2377 4528 2511 4582 ebrii
2532 4527 2757 4593 fuerint,
2784 4529 3162 4599 disperguntur
3187 4546 3215 4583 a
3241 4532 3502 4586 societate

1919 4619 2026 4679 sui,
2059 4628 2348 4686 patresque
2377 4632 2404 4668 a
2441 4616 2563 4670 [iliis
2598 4626 2650 4669 et
2681 4616 2773 4670 ﬁlii
2801 4631 2830 4669 a
2880 4617 3123 4685 patribus
3153 4626 3497 4685 separantur,

1922 4722 1977 4763 ut
2007 4710 2242 4763 diversis
2268 4708 2578 4777 polluantur
2610 4709 2928 4774 baeresibus,
2955 4719 3008 4763 et
3041 4709 3140 4762 sub
3167 4707 3369 4760 Christi
3403 4720 3500 4757 no-

1921 4803 2068 4858 mine
2105 4803 2246 4857 inter
2279 4819 2338 4857 se
2369 4803 2752 4872 digladientur,
2789 4813 2844 4856 et
2889 4802 3146 4854 dimicent
3169 4808 3355 4852 contra
3382 4812 3498 4850 ma-

1922 4908 2059 4952 trem
2092 4913 2266 4961 suam,
2297 4915 2414 4964 qua-
2445 4914 2539 4952 eos
2567 4899 2773 4966 genuit,
2800 4896 3116 4951 Ecclesium.
3150 4893 3304 4947 Unde
3325 4893 3496 4950 dicit:

1924 4988 2043 5041 Non
2068 4988 2376 5041 desiderabo
2411 5004 2497 5042 eos
2516 5007 2537 5052 ;
2591 4990 2683 5043 sed
2712 4990 2834 5043 odio
2877 4987 3082 5040 habebo
3114 4984 3449 5052 sempiterno
3481 4999 3501 5046 :

1922 5096 2022 5133 non
2048 5095 2286 5148 parcam,
2311 5089 2361 5132 et
2388 5097 2488 5134 non
2525 5083 2832 5142 concedam,
2859 5092 3019 5145 neque
3047 5076 3366 5129 miserebor:
3391 5090 3499 5127 non

1923 5178 2248 5233 crudelitate
2280 5174 2586 5237 sentcntiae,
2610 5174 2702 5227 sed
2737 5172 2964 5226 veritate
2987 5167 3200 5238 judicii.
3226 5167 3327 5232 Qui
3354 5167 3500 5221 enim

1925 5285 2071 5324 meos
2102 5269 2326 5337 pepulos
2369 5266 2728 5327 trucidarunt,
2785 5265 2884 5332 ipsi
2950 5263 3004 5316 in
3060 5271 3323 5315 aeternum
3351 5259 3502 5329 peri-

1923 5361 2078 5414 bttnt.
2111 5359 2297 5412 Potest
2325 5358 2425 5410 hoc
2447 5367 2499 5410 et
2527 5355 2680 5424 juxta
2713 5354 2994 5409 historiam
3035 5352 3197 5423 933
3231 5349 3500 5417 simplici-

1925 5462 2009 5507 ter
2059 5451 2255 5519 accipi,
2313 5448 2456 5517 quod
2511 5462 2688 5516 reges,
2754 5446 3087 5509 sacerdotes,
3150 5455 3204 5498 et
3267 5441 3500 5510 prophe-

1926 5552 2015 5608 tae,
2038 5550 2092 5595 et
2145 5541 2322 5594 omnis
2357 5537 2589 5608 populus
2641 5534 2942 5592 Jerusalem
3003 5533 3358 5590 inebriandus
3421 5531 3496 5586 sit

1999 5658 2019 5687 ³
2053 5652 2375 5720 Suspicalttt‘
2430 5648 2633 5703 Victor.
2703 5648 2988 5721 legendum
3049 5650 3174 5714 lino,
3234 5647 3375 5718 qttod
3431 5649 3500 5700 de

1928 5725 2070 5779 lineo
2096 5723 2322 5778 lmnbari
2361 5735 2540 5777 sermo
2571 5721 2658 5774 sit.
