3906 6172
417 311 524 377 795

1587 313 1650 373 8.
1676 310 1991 374 EUSEBII
2035 312 2476 375 HIERONYMI

3576 306 3677 372 796

418 425 591 483 calice
641 419 955 490 Babylonio,
1007 430 1062 476 et
1092 421 1424 491 captivitatis
1473 422 1787 482 obruendos
1821 427 1999 482 malis.
2031 432 2076 490 Α
2107 428 2240 483 dant
2271 429 2437 500 pedes
2477 425 2648 483 nostri
2677 423 2743 479 ad
2778 430 2988 479 montes
3053 423 3394 486 tenebrosus,
3429 422 3682 478 adversa-

493 513 668 577 (Vers.
702 513 814 582 15.)
853 532 870 564 ι
906 511 1100 567 Audite
1126 524 1180 568 et
1210 513 1430 570 auribus
1461 517 1724 586 percipite
1761 534 1776 574 :
1819 518 1997 574 Nolite

421 605 642 670 elevari,
685 607 809 674 quia
843 605 1110 660 Dominus
1145 605 1358 659 locutus
1417 616 1518 662 est.
1559 628 1578 660 ι
1642 611 1781 676 Quia
1830 627 1998 681 supra

421 694 659 759 dixerat,
693 697 876 750 Omnis
907 704 1024 750 uter
1053 696 1360 763 implebilur
1387 701 1540 762 uino;
1577 701 1648 755 ita
1709 711 1766 756 ut
1845 720 2000 773 reges

423 804 658 856 quoque,
681 799 731 841 et
754 789 1091 853 sacerdotes,
1131 798 1183 843 et
1212 791 1510 858 prophetm,
1552 795 2002 855 etomnesltabi-

425 889 628 930 latores
660 876 963 931 Jerusalem
993 879 1352 948 implerentur
1387 882 1673 951 ebrietate,
1714 897 2000 956 propterea

420 969 672 1037 jungitet
705 970 833 1021 dicit
871 986 886 1024 :
921 970 1115 1022 Audite
1154 981 1203 1025 et
1267 974 1492 1028 auribus
1552 979 1826 1045 percipite,
1891 988 2000 1032 tam

423 1060 790 1122 extrinsecus,
839 1077 997 1128 quam
1034 1063 1389 1129 intrinsecus,
1430 1073 1538 1119 tam
1574 1078 1787 1134 mente,
1837 1086 2001 1139 quam

427 1167 694 1218 corpore;
728 1163 778 1205 et
819 1155 982 1207 nolite
1005 1156 1201 1207 elevari
1224 1171 1318 1225 per
1341 1159 1675 1224 superbiam,
1703 1162 2004 1230 cogitantes

425 1239 772 1308 fragilitatem
815 1253 1074 1303 vestram.
1103 1254 1156 1297 et
1205 1247 1346 1314 quod
1388 1247 1568 1300 nullus
1628 1261 1716 1314 sit,
1759 1251 1848 1320 qui
1907 1267 2005 1320 pro

441 1335 706 1401 qualitate
733 1338 940 1406 peccati
971 1338 1069 1390 bac
1090 1337 1358 1392 ebrietate
1390 1350 1593 1393 cat-cat.
1629 1339 1783 1395 Unde
1800 1344 2008 1413 disper-

429 1426 605 1488 ditur,
639 1439 800 1496 atque
831 1432 1224 1498 corrumpitur,
1265 1431 1431 1485 etDei
1459 1435 1834 1489 misericordia
1868 1437 2008 1491 iudi-

429 1534 566 1585 gnus
607 1529 709 1583 est,
764 1519 980 1575 elevans
1041 1537 1101 1576 se
1161 1525 1418 1579 adversus
1486 1542 1608 1580 eum
1666 1543 1765 1596 per
1811 1544 2005 1599 super-

431 1610 598 1664 biant.

505 1701 684 1767 (Vers.
720 1701 947 1772 16,17.)
995 1721 1012 1754 ι
1049 1704 1178 1760 Date
1210 1705 1436 1762 Domino
1488 1710 1597 1763 Deo
1656 1721 1836 1767 vestro
1895 1712 2006 1785 [ΑΙ.

434 1804 623 1848 nostro
655 1793 674 1865 ]
703 1797 954 1859 gloriam,
988 1807 1285 1868 antequam
1320 1806 1792 1871 contenebrcscat,
1823 1817 1876 1860 et
1902 1823 2004 1861 an-

437 1888 937 1955 tequantoﬂ‘endant
964 1892 1126 1959 pedes
1155 1898 1326 1946 vestri
1347 1893 1413 1948 ad
1449 1906 1658 1951 montes
1688 1898 2016 1968 caliginosos

438 1980 567 2051 (sive
600 1983 961 2051 tenebrosm).
987 1982 1388 2056 Exspectabitis
1414 1987 1610 2053 lucem,
1648 1990 1795 2046 etibi
1825 1995 2015 2048 umbra

439 2076 650 2134 intortis.
687 2088 738 2128 et
768 2086 1042 2144 ponentur
1071 2078 1122 2132 in
1159 2080 1402 2136 tenebris
1441 2082 1455 2112 ³
1521 2083 1648 2152 (sive
1679 2085 1845 2153 juxta
1901 2084 2017 2140 He-

438 2166 699 2232 br‘uicum,
738 2179 789 2220 et
821 2179 983 2236 ponet
1015 2184 1132 2224 eam
1177 2172 1228 2224 in
1250 2173 1496 2226 umbram
1531 2177 1747 2238 mortis,
1768 2186 1822 2231 et
1845 2177 1899 2231 in
1922 2193 2017 2232 ca-

440 2254 703 2323 liginetn).
740 2257 891 2324 Quod
945 2257 992 2312 si
1050 2276 1152 2313 non
1217 2262 1528 2326 audieritis,
1592 2264 1644 2319 in
1691 2267 2018 2323 abscondito

439 2347 873 2414 plorabitaninta
903 2359 1082 2406 vestra
1108 2352 1120 2423 Ι
1149 2352 1300 2424 Vulg.
1329 2353 1468 2426 mea]
1502 2372 1529 2409 a
1561 2355 1703 2412 facie
1747 2360 2019 2428 superbiae

443 2441 575 2507 (sive
617 2440 910 2511 injuriae)»
939 2443 1046 2498 Eos
1080 2446 1278 2512 quibus
1316 2449 1530 2504 dixerat
1555 2466 1734 2505 sermo
1756 2452 1972 2508 divinus
2001 2469 2015 2506 :

440 2533 632 2586 Audite
653 2544 702 2587 et
733 2536 952 2591 auribus
975 2540 1248 2608 percipite,
1297 2551 1343 2594 et
1395 2542 1555 2596 nolite
1611 2543 1826 2610 elevari,
1877 2560 2020 2600 nunc

443 2636 699 2689 provocat
737 2627 803 2679 ad
837 2630 1247 2700 pmnitentiam,
1287 2641 1344 2686 ut
1383 2633 1705 2702 priusquam
1751 2637 2022 2691 ducantur

440 2713 794 2786 Babylonem,
825 2727 880 2774 et
923 2720 1203 2776 odendant
1263 2724 1428 2792 pedes
1467 2738 1654 2780 eorum
1693 2728 1758 2781 ad
1810 2739 2021 2785 montes

443 2808 787 2876 caliginosos,
841 2812 958 2867 sive
1009 2815 1352 2880 tenebrosos,
1421 2816 1552 2871 dent
1612 2820 1842 2888 gloriam
1886 2823 2019 2879 Deo.

445 2897 602 2953 Unde
630 2911 684 2953 et
711 2905 1090 2968 peccatoribus
1119 2921 1258 2974 stepe
1317 2908 1516 2962 dicitur
1547 2925 1562 2966 :
1607 2909 1742 2964 Date
1792 2913 2019 2982 gloriam

445 2991 558 3045 Deo
599 2991 778 3062 (Psal.
835 3011 999 3061 vau,
1053 2996 1168 3066 55).
1231 2997 1383 3064 Quod
1439 3009 1619 3056 autem
1680 3004 2023 3074 Babylou,et

2104 521 2216 576 rias
2247 521 2458 576 scilicet
2519 516 2890 577 fortitudines,
2925 530 3047 586 qua:
3077 515 3370 569 tormentis
3396 523 3449 568 et
3479 516 3683 568 crucia-

2102 613 2250 668 tibus
2283 611 2584 680 pra'posita:
2613 619 2764 674 sunt,
2805 623 3032 678 agamus
3053 607 3453 676 paenitentiam,
3494 622 3559 661 ne
3597 624 3684 660 ex-

2101 715 2408 774 spectantes
2441 705 2634 770 lucem,
2662 703 2841 757 noctis
2871 701 3107 756 tenebris
3141 699 3512 764 involvamur;
3547 701 3684 754 scia-

2103 813 2358 867 musque.
2390 797 2494 851 nisi
2525 797 2631 851 ltoc
2655 795 2969 860 fecerimus,
3023 794 3359 864 ploraturam
3427 793 3683 856 animam,

2104 895 2190 948 vel
2222 893 2340 960 Dei,
2375 893 2457 949 vel
2484 893 2789 961 Propltetze,
2819 907 2848 944 a
2880 889 3017 945 facie
3050 899 3249 943 nostrae
3272 889 3567 958 superbiae,
3595 887 3696 942 Dei.

2108 985 2272 1040 verba
2321 985 2512 1040 audire
2556 982 2856 1038 nolentium
2897 998 2910 1035 :
2979 982 3125 1037 unde
3161 981 3216 1036 et
3241 979 3357 1050 ipse
3416 979 3686 1050 PrOpbcta

2105 1075 2268 1132 dicit:

2183 1181 2202 1216 ι
2227 1163 2456 1218 Plorans
2491 1161 2731 1234 plorabit
2763 1161 3065 1216 Jerusalem
3093 1159 3226 1229 (sive
3266 1158 3492 1229 plorans
3520 1159 3692 1227 plora-

2109 1255 2187 1308 bit
2216 1262 2269 1308 et
2292 1254 2522 1308 deducet
2550 1253 2740 1308 oculus
2775 1267 2928 1306 meus
2961 1252 3256 1321 lacrymam
3290 1251 3308 1318 )
3348 1266 3363 1305 :
3441 1251 3569 1319 quia
3607 1265 3693 1301 ca-

2108 1355 2236 1414 ptus
2263 1353 2345 1400 est
2363 1359 2488 1414 grex
2517 1343 2731 1399 Domini
2767 1342 2919 1413 (sive’
2945 1343 3294 1409 doloremque
3311 1355 3488 1393 meum
3515 1339 3691 1392 tacitis

2109 1436 2398 1506 gemitibus
2433 1435 2782 1492 dissimulare
2808 1450 2916 1489 non
2940 1433 3205 1505 possum).
3247 1453 3266 1486 ι
3291 1430 3483 1487 Omnis
3511 1441 3688 1486 autem

2110 1543 2270 1583 causa
2288 1528 2624 1583 cruciatunm
2661 1537 2765 1594 est,
2801 1527 2943 1598 quod
2976 1535 3170 1596 captus
3194 1526 3266 1580 sit
3299 1541 3430 1592 grex
3456 1524 3688 1580 Domini.

2115 1623 2370 1678 Dicamus
2421 1622 2626 1678 Judazis
2647 1630 2702 1678 et
2739 1621 2944 1676 nostris
2967 1619 3406 1690 judaizantibus,
3438 1617 3532 1688 qui
3561 1617 3694 1673 sim-

2116 1717 2308 1786 plicem
2342 1725 2550 1770 tantum
2577 1725 2632 1770 et
2658 1714 2996 1769 occidentem
3039 1719 3342 1782 sequuntur
3372 1710 3692 1765 historiam:

2120 1805 2241 1861 Nisi
2301 1805 2585 1860 audieritis
2636 1804 2975 1865 abscondite,
3015 1804 3118 1857 hoc
3143 1811 3248 1868 est,
3298 1803 3350 1855 in
3413 1799 3693 1870 mysterio,

2118 1899 2236 1953 sive
2270 1898 2323 1952 in
2359 1897 2616 1964 tenebris,
2649 1912 2784 1967 quas
2823 1895 3008 1965 posuit
3055 1893 3194 1948 Deus
3224 1892 3511 1948 latibulum
3536 1907 3692 1946 suum

2121 1991 2300 2061 (Psat.
2361 1989 2522 2058 xvtt),
2556 1991 2792 2059 etjuxta
2847 1987 3221 2054 Salomonem,
3287 1995 3345 2040 ιιι
3396 1984 3696 2054 intelligant

2119 2083 2434 2153 parabolam
2465 2093 2519 2137 et
2553 2082 2894 2138 tenebrosum
2926 2095 3232 2136 sermonem
3265 2077 3453 2150 (Eccli.
3512 2083 3692 2146 xxxi),

2121 2177 2355 2248 plorabit
2406 2177 2585 2231 anima
2645 2175 2940 2244 prepbetas.
2993 2174 3112 2229 sive
3173 2173 3415 2241 ipsorum
3479 2187 3509 2226 a
3562 2171 3698 2226 facie

2120 2268 2407 2340 superbiae,
2435 2269 2560 2323 dum
2586 2281 2684 2338 per
2709 2266 3107 2322 contumaciam
3131 2266 3393 2321 resistunt
3423 2265 3554 2319 Deo.
3586 2261 3697 2319 Un-

2121 2361 2190 2418 de
2221 2361 2460 2418 ettletus
2517 2359 2794 2430 eritjugis
2843 2359 3204 2430 lacrymmque
3255 2366 3576 2427 perpetuae:
3638 2369 3699 2410 eo

2121 2451 2266 2522 quod
2290 2467 2319 2505 a
2339 2466 2467 2506 vero
2490 2449 2994 2504 Nabuchodonosor
3019 2456 3216 2517 captus
3237 2448 3308 2501 sit
3336 2459 3465 2515 grex
3486 2443 3698 2499 Domini

2121 2552 2286 2612 atque
2319 2552 2630 2610 corruptus.

2196 2635 2378 2706 (Vers.
2417 2634 2504 2697 l8,
2541 2633 2655 2700 l9).
2704 2651 2722 2684 t
2764 2631 2861 2686 Dic
2887 2630 3000 2700 regi
3053 2639 3110 2685 et
3162 2628 3506 2684 dominatrici
3545 2628 3702 2698 (sive,

2123 2727 2288 2783 dicite
2341 2727 2453 2796 regi
2515 2733 2570 2781 et
2627 2722 3008 2794 potentibus):
3052 2720 3448 2784 Humiliatnini,
3494 2721 3702 2783 sedete,

2123 2819 2380 2889 quoniam
2444 2817 2726 2872 descendit
2783 2815 2914 2884 (sive
2955 2813 3168 2869 sublata
3225 2811 3330 2878 est)
3385 2812 3452 2864 de
3522 2809 3704 2878 capite

2124 2920 2309 2966 vestro
2335 2924 2536 2965 corona
2553 2908 2736 2978 gloriae
2759 2917 2974 2962 vestrm.
2997 2905 3259 2960 Civitates
3286 2903 3470 2958 Austri
3504 2903 3706 2958 clausae

2126 3011 2278 3067 sunt,
2299 3011 2353 3056 et
2389 3017 2492 3055 non
2523 3009 2607 3055 est
2634 2998 2725 3069 qni
2759 2999 2992 3069 aperiat.
3030 2997 3322 3052 Translata
3375 3005 3464 3049 cst
3525 2995 3706 3049 omnis

446 3086 626 3138 omnis
658 3086 805 3154 regio
835 3087 1232 3156 Chaldaeorum,
1273 3102 1488 3147 montes
1535 3094 1843 3165 caliginosi,
1905 3097 2022 3152 sive
2049 3112 2093 3170 α
2125 3093 2312 3148 Judaea
2345 3093 2472 3162 (sive
2500 3091 2796 3147 translatus
2829 3098 2913 3145 est
2945 3090 3123 3144 omnis
3152 3087 3316 3157 Juda)
3348 3086 3707 3154 transmigra—

447 3180 740 3246 tenebrosi,
766 3183 1124 3250 appellentur,
1165 3184 1219 3238 in
1256 3185 1522 3257 principio
1562 3187 1796 3244 Visionis
1859 3190 2018 3246 Isaia:

449 3279 637 3323 contra
669 3270 1276 3344 Babylonem‘leginnts,
1315 3276 1402 3330 ubi
1441 3277 1704 3345 scriptum
1739 3290 1867 3334 cst:
1912 3279 2017 3335 Su-

447 3378 537 3430 per
564 3373 788 3416 montem
827 3363 1176 3432 caliginosum
1201 3365 1370 3420 levate
1387 3368 1595 3435 signum
1633 3365 1769 3438 (Isa.
1793 3384 1919 3434 xm,
1939 3370 2018 3438 2),

449 3456 588 3522 quod
618 3453 881 3509 llebraice
901 3457 1100 3510 dicitur
1128 3473 1359 3512 nessem
1388 3461 1620 3528 (nam).
1699 3458 1812 3514 lloc
1837 3462 2021 3531 itaque

451 3548 722 3615 prtecepit,
752 3555 809 3600 ut
847 3557 1134 3618 antequam
1168 3552 1434 3604 ducantur
1464 3552 1519 3605 in
1552 3551 1940 3621 captivitatem,
1967 3563 2024 3609 et

449 3641 727 3695 servitutis
760 3641 898 3694 mala
933 3643 1192 3707 sentiant,
1230 3653 1395 3710 agant
1426 3643 1828 3712 pmnitentiam.
1859 3643 2024 3700 Cum-

442 3747 554 3800 que
578 3733 1114 3800 exspectentlucem,
1147 3735 1352 3788 sessuri
1391 3735 1502 3789 sint
1533 3735 1588 3788 in
1624 3737 1887 3790 tenebris.
1925 3734 2021 3792 Sin

453 3833 651 3886 autem,
685 3822 879 3890 inquit,
911 3839 994 3876 me
1050 3823 1240 3878 audire
1272 3824 1560 3880 nolueritis
1594 3826 1651 3878 in
1707 3826 2022 3881 abscondito

449 3912 564 3983 (Al.
589 3912 937 3986 abscondite],
976 3915 1130 3984 juxta
1163 3917 1438 3986 Aquilam,
1469 3918 1524 3971 in
1558 3917 1800 3985 tenebris,
1836 3918 2023 3988 plora-

455 4005 527 4057 bit
557 4006 954 4065 animuvestra.
1001 4007 1114 4060 sive
1169 4006 1322 4076 juxta
1377 4006 1754 4076 Septuaginta,
1813 4025 1846 4062 a
1885 4010 2024 4079 [acie

445 4096 737 4165 superbire,
791 4107 850 4149 ut
888 4112 956 4150 ne
977 4097 1208 4162 gemitus
1239 4098 1457 4167 quidem
1489 4109 1542 4152 et.
1596 4099 1842 4169 ploratus
1882 4100 2023 4156 liber

448 4188 545 4252 sit,
607 4203 674 4244 ne
734 4189 1001 4242 victorum
1063 4189 1415 4245 oll‘endantur
1477 4191 1648 4246 oculi.
1723 4192 2022 4249 Possumus

447 4291 715 4336 autemet
765 4283 845 4338 sic
897 4283 1078 4337 locum
1117 4282 1278 4336 istum
1318 4284 1714 4351 interpretari:
1769 4283 2024 4339 Salvator

449 4373 692 4440 loquitur
717 4389 730 4426 :
765 4373 1070 4441 Operamini
1089 4375 1213 4426 dum
1243 4375 1352 4427 dies
1379 4383 1454 4427 est
1483 4389 1502 4428 :
1530 4375 1693 4428 ueniet
1726 4389 1832 4428 uox
1854 4391 2025 4444 quan-

2128 3189 2278 3241 tione
2312 3186 2442 3252 (sive
2462 3183 2778 3252 captivitate
2831 3183 3093 3252 perfecta.
3130 3199 3150 3233 ι
3186 3181 3470 3250 Pmphetaa
3520 3179 3712 3248 praeci-

2131 3277 2298 3348 pitur,
2340 3285 2400 3331 ut
2429 3277 2692 3344 loquatur
2730 3275 2842 3340 regi
2899 3271 3177 3328 Jechonim
3237 3280 3291 3325 et
3339 3270 3501 3324 matri
3565 3268 3708 3339 eius,

2131 3384 2294 3440 quam
2325 3368 2605 3424 dominam
2641 3377 2697 3421 et
2727 3364 3169 3430 dominatricem,
3198 3363 3313 3417 sive
3343 3362 3594 3430 reginam
3623 3375 3714 3429 ap-

2128 3456 2765 3531 pellat,utbumilientur
2794 3466 2846 3510 et
2877 3455 2928 3510 in
2953 3455 3172 3521 pulvere
3207 3453 3432 3506 sedeant
3475 3466 3491 3508 :
3527 3451 3710 3521 perdi-

2129 3553 2274 3608 disse
2294 3551 2438 3607 enim
2468 3566 2564 3606 eos
2594 3549 2795 3619 regiam
2827 3546 3168 3618 dignitatem,
3195 3554 3252 3599 et
3283 3545 3392 3613 regi
3421 3543 3715 3598 tradendos

2128 3645 2452 3715 Babylonio.
2484 3643 2748 3699 Civitates
2804 3639 2991 3696 Austri
3047 3639 3250 3692 clausae
3300 3647 3454 3701 sunt,
3495 3636 3547 3690 id
3608 3645 3712 3697 est,

2133 3736 2305 3791 tribus
2324 3733 2478 3790 Judaa
2507 3741 2560 3788 et
2590 3731 2912 3795 Jerusalem,
2943 3744 3061 3800 qua:
3084 3728 3236 3799 juxta
3269 3727 3624 3783 solitudinem
3649 3732 3712 3780 ad

2129 3825 2392 3882 Austrum
2433 3840 2589 3893 versa
2617 3834 2724 3887 est,
2749 3835 2805 3877 et
2839 3831 3049 3877 nonest
3075 3823 3165 3891 qui
3191 3821 3402 3890 aperiat
3429 3819 3716 3873 obsidione

2131 3919 2519 3974 circumdatas.
2545 3916 2830 3970 Translata
2850 3924 2923 3968 est
2946 3914 3120 3968 omnis
3147 3911 3368 3973 ludam,
3399 3911 3516 3964 sive
3545 3911 3715 3965 omnis

2130 4012 2274 4068 Juda
2310 4009 2778 4078 transmigratione
2811 4008 3084 4076 perfecta:
3129 4006 3244 4060 sive
3311 4003 3521 4071 recepit
3576 4002 3716 4072 quod

2133 4103 2475 4166 merebatur,
2512 4112 2566 4158 et
2595 4101 2926 4170 completum
2951 4106 3036 4151 est
3059 4099 3112 4151 in
3141 4112 3230 4161 ea,
3263 4105 3321 4150 ut
3354 4094 3715 4166 Septuaginta

2133 4197 2546 4253 transtulerunt.
2583 4194 2786 4249 Delirat
2816 4192 2866 4244 in
2889 4190 3142 4253 bocloco,
3166 4188 3258 4257 qui
3297 4201 3504 4258 regem,
3563 4185 3717 4240 Chri-

2131 4299 2297 4353 stum,
2332 4296 2386 4341 et
2408 4295 2676 4354 potentes,
2707 4283 2949 4353 angelos,
2987 4282 3071 4336 vel
3125 4279 3406 4349 apostolos
3434 4277 3714 4348 intelligit,

2135 4391 2190 4435 ut
2219 4390 2504 4436 assumant
2531 4393 2733 4448 corpus
2755 4377 3102 4440 lmmilitatis,
3127 4385 3181 4430 et
3208 4374 3373 4445 935
3407 4375 3462 4426 in
3492 4373 3718 4442 pulvere

447 4467 522 4518 do
554 4463 727 4518 nullus
754 4474 920 4534 potest
942 4466 1151 4532 operari
1185 4464 1371 4535 (Joan.
1406 4481 1480 4528 tx,
1508 4465 1574 4521 4.
1600 4467 1617 4536 )
1657 4466 1730 4520 De
1766 4465 1869 4520 hoc
1889 4475 2027 4520 tem-
2061 4469 2104 4525 ι)
2133 4472 2380 4538 sedeant,
2411 4480 2462 4526 et
2491 4471 2746 4526 amittant
2773 4470 2855 4525 vel
2897 4485 3013 4535 rex,
3041 4469 3123 4523 vel
3157 4475 3408 4537 potentes
3431 4465 3502 4520 de
3536 4463 3720 4534 capite

457 4571 586 4623 pore
617 4556 839 4611 etlsaite
877 4557 1193 4610 vaticinium
1235 4566 1338 4618 est.
1401 4555 1580 4611 Stella:
1633 4559 1771 4612 enim
1841 4557 1956 4612 caeli
1978 4567 2027 4610 et

451 4652 646 4712 Orion,
686 4660 732 4704 et
761 4651 928 4703 omnis
986 4658 1204 4702 ornatus
1234 4649 1348 4702 caeli
1378 4649 1548 4703 lucem
1579 4667 1682 4704 non
1713 4652 1938 4716 dabunt,
1975 4659 2028 4704 et

454 4741 870 4797 tenebrabuntur
902 4751 1016 4794 orto
1057 4741 1187 4807 sole,
1219 4750 1267 4794 et
1296 4741 1461 4813 93h
1480 4744 1608 4796 luna
1645 4760 1748 4796 non
1763 4742 1913 4797 dabit
1944 4743 2030 4796 lu-

450 4856 564 4892 cem
599 4837 737 4908 (Jsa.
771 4851 888 4900 xm,
924 4834 1033 4904 10).
1100 4833 1408 4902 εονιιοιιὶεη
1472 4849 1688 4903 quoque
1736 4836 1789 4887 itt
1840 4837 2032 4888 eadem

459 4929 620 4982 verba
675 4929 964 4991 consentit,
1023 4926 1208 4980 dicens
1240 4941 1253 4978 :
1287 4925 1410 4978 Dies
1453 4924 1814 4978 tribulationis
1850 4935 1898 4978 et
1938 4943 2030 4980 an-

456 5024 642 5091 gustia:
671 5022 779 5074 dies
837 5023 1091 5086 miserita,
1145 5026 1194 5072 et
1247 5017 1604 5086 perditionis:
1635 5019 1744 5072 dies
1793 5019 2035 5072 tenebra-

457 5131 576 5168 rum
596 5122 644 5168 et
666 5114 885 5167 turbinis
913 5127 930 5166 :
951 5113 1060 5166 dies
1083 5112 1234 5165 nubis
1259 5119 1308 5164 et
1327 5110 1568 5180 caliginis
1593 5108 1851 5179 (Sophon.
1872 5109 2031 5177 ΜΞ).

461 5205 619 5260 Prius
657 5220 786 5275 ergo
818 5220 979 5275 quam
1018 5204 1209 5274 judicii
1243 5213 1453 5272 tempus
1477 5202 1764 5269 adveniat,
1789 5210 1844 5256 et
1866 5201 2038 5256 allen-

537 5414 712 5469 ‘Cum
749 5427 870 5483 qum
913 5412 1063 5482 juxta
1118 5409 1448 5483 llebraicum
1492 5416 1580 5462 est
1633 5405 2034 5483 interpretatio,

467 5477 782 5553 llieronytui
810 5498 872 5537 ea
895 5477 986 5545 sit,
1017 5499 1137 5553 qua:
1172 5490 1351 5533 antetn
1382 5477 1704 5553 Hieronymi
1725 5487 1810 5531 est
1857 5479 2040 5553 conti-

465 5571 576 5609 nto
593 5545 1157 5622 septttagintaviraletn
1184 5551 1476 5622 praecedat,
1498 5545 1790 5622 Victorius,
1814 5546 2040 5622 vocibus

463 5630 572 5677 sive
604 5616 763 5693 juxta
788 5616 1127 5693 'Hebraicuru
1160 5619 1480 5693 expunctis,_
1517 5617 1694 5670 locum
1761 5618 1904 5671 hunc
1966 5616 2039 5669 ita

466 5711 533 5747 ex
565 5687 778 5760 ingenio
798 5694 990 5763 digerit
1013 5707 1026 5746 :
1053 5687 1432 5763 Easpeetubuis
1462 5687 1651 5763 lugent,
1673 5694 1730 5763 e_t_
1749 5697 1897 5763 ponet
1924 5701 2041 5763 eam

475 5767 528 5817 in
552 5755 787 5819 umbram
823 5755 1004 5817 m'ortis
1021 5770 1065 5817 et
1093 5761 1147 5815 in
1170 5755 1473 5827 caliginem.
1507 5757 1650 5812 Sive.
1685 5755 1749 5809 Et
1768 5756 1837 5810 ibi
1857 5756 2040 5808 umbra

2133 4581 2236 4622 suo
2264 4579 2564 4630 coronam;
2603 4573 2655 4617 et
2705 4562 2932 4632 gloriam
2973 4561 3126 4616 Juda‘.
3180 4573 3317 4616 esse
3365 4558 3716 4620 translatam,

2136 4655 2354 4726 quando
2373 4655 2426 4708 in
2452 4655 2706 4723 passione
2734 4655 3062 4722 completum
3081 4661 3166 4707 est
3199 4667 3214 4705 :
3247 4650 3442 4704 Omnes
3473 4648 3717 4703 declina-

2136 4755 2344 4812 verunt,
2373 4744 2534 4800 simul
2557 4746 2772 4798 inutiles
2803 4744 2930 4814 facti
2964 4754 3108 4811 sunt,
3152 4760 3254 4797 non
3283 4752 3359 4797 est
3388 4743 3480 4813 qui
3546 4741 3720 4810 faciat

2136 4839 2349 4903 bonum,
2385 4853 2487 4890 non
2512 4846 2586 4891 est
2620 4853 2782 4906 usque
2807 4836 2874 4889 ad
2907 4853 3090 4889 unum.
3121 4834 3354 4891 Verbum
3389 4833 3720 4888 Hebraicutn

2136 4929 2563 4999 ϐεβιωσῇνέἒ),
2634 4927 2828 4993 Aquila
2877 4939 2933 4983 et
2973 4928 3338 4998 Symmachus
3389 4926 3723 4979 dominatri-

2137 5039 2245 5076 cem
2277 5031 2331 5076 et
2356 5021 2625 5075 dominam
2653 5019 2994 5089 interpretati
3020 5025 3170 5084 sunt,
3205 5018 3352 5087 qund
3382 5017 3717 5088 Septuagin-

2141 5123 2190 5167 ta
2225 5121 2552 5182 putaverunt
2585 5125 2862 5167 GEBUROTH
2887 5111 3167 5182 (rm-rm),
3200 5120 3536 5181 potentesque
3571 5112 3723 5166 dixe-

2145 5218 2290 5261 rttnl.

2141 5410 2350 5476 mortis,
2385 5418 2432 5465 et
2456 5421 2716 5480 ponentur
2740 5412 2795 5465 in
2829 5412 3080 5467 tenebris.

2211 5486 2230 5514 ³
2257 5480 2408 5536 lianc.
2431 5486 2653 5535 alteram
2679 5480 3365 5551 interpretationem,Sive,
3387 5481 3728 5551 doloremque

2144 5562 2502 5615 meum,etc.,
2534 5551 2678 5620 quod
2726 5551 2780 5604 in
2833 5550 2982 5604 nullo
3035 5566 3193 5605 sacro
3251 5554 3438 5606 codice
3489 5550 3724 5606 invene-

2145 5625 2236 5702 rit,
2268 5623 2422 5691 quasi
2461 5632 2668 5678 temere
2701 5620 2971 5676 intrusutu
2994 5621 3264 5690 glossema
3303 5621 3587 5678 Victorius
3611 5625 3722 5688 cjc-

2144 5703 2236 5747 Cll.
