3950 6180
187 339 298 405 797

650 328 1145 415 EOMMENTAR.
1187 351 1272 412 IN
1311 352 1709 419 JEREMIAM
1748 355 1757 414 ι

1867 354 2209 417 )PllETAM
2250 354 2395 418 LIB.
2434 353 2548 428 III,
2576 350 2734 416 CAP.
2778 349 2949 413 XIII.

3335 344 3444 409 798

261 454 684 529 (Vers.20,2l.)
730 478 747 510 t
796 457 1007 516 Levate
1033 461 1222 517 oculos
1251 472 1486 526 vestros,
1511 475 1566 517 et
1587 463 1766 518 videte
1795 472 1838 527 Α
1868 466 2098 520 deantur
2129 476 2340 519 mutare
2365 480 2397 520 n
2418 473 2633 523 aturam
2673 479 2689 531 ;
2718 462 2812 518 sed
2845 460 2934 516 ille
2971 459 3063 530 qtti
3095 459 3147 513 iu
3190 458 3448 528 A'titltiope

185 548 281 615 qui
340 547 541 602 venitis
590 550 658 602 ab
687 549 988 619 Aquilone:
1042 550 1138 607 Ubi
1177 561 1259 608 est
1296 568 1448 622 grex,
1479 554 1568 623 qui
1604 553 1765 608 datus

183 648 274 693 eat
296 636 420 702 tibi,
445 652 609 708 pecus
642 639 898 712 inclytum
929 642 1117 696 tuum?
1145 641 1287 709 Quid
1316 643 1464 699 dices
1488 659 1610 698 cum
1636 642 1766 699 visi-

185 731 384 786 ta-verit
412 731 494 785 te?
510 729 590 786 Tu
612 733 755 787 enim
783 731 1147 805 doces[Vulg.
1168 733 1399 789 docuisti
1430 745 1478 789 et
1511 735 1763 803 erudisti,

182 822 403 895 rectius]
431 838 526 878 eos
543 824 830 880 adversum
862 834 937 891 te,
961 834 1015 879 et
1045 825 1230 880 crudis
1263 826 1315 879 in
1351 835 1514 893 caput
1536 837 1708 880 tuum.
1736 844 1756 879 ι

179 912 510 985 Ριτιιξείιιὶιιιι⁸
540 916 941 972 habitatoribus
968 915 1295 980 Jerusalem,
1315 929 1371 970 ttt
1404 918 1613 972 eleveut
1633 933 1765 972 ocu-

178 1007 265 1063 los
305 1024 457 1072 suos,
518 1018 571 1063 et
603 1008 823 1063 videant
853 1008 1135 1063 Chaldaeos
1186 1008 1257 1062 ab
1304 1009 1585 1077 Aquilonis
1612 988 1765 1079 parte

183 1099 512 1154 venientes:
551 1100 1025 1168 intermgaturqtte
1061 1098 1173 1168 ipsa
1225 1100 1444 1166 civitas,
1481 1109 1534 1155 et
1564 1101 1763 1154 dicitur

176 1193 228 1247 ci
261 1209 280 1244 :
312 1192 415 1245 Ubi
446 1202 522 1246 est
540 1208 686 1263 grex,
716 1193 806 1261 qui
827 1192 986 1246 datus
1025 1202 1099 1246 est
1134 1193 1249 1258 tibi,
1283 1208 1439 1262 pecus
1506 1193 1762 1263 inclytum

177 1282 377 1335 tuum?
413 1280 514 1336 Ubi
542 1293 625 1336 est
645 1282 873 1351 populus
902 1291 1044 1346 tuus,
1075 1297 1235 1350 quem
1259 1298 1287 1336 a
1315 1284 1422 1351 Deo
1444 1297 1753 1354 acceperas,

177 1375 272 1428 ubi
308 1374 396 1428 illa
426 1385 572 1429 tanta
604 1385 658 1430 et
686 1375 888 1444 inclyta
916 1375 1232 1438 multitudo,
1257 1385 1316 1431 ut
1343 1377 1509 1431 tutius
1540 1377 1761 1446 provin-

176 1466 281 1519 ciae
301 1464 515 1519 turbam
548 1465 603 1519 in
631 1480 800 1520 unum
830 1468 1003 1521 locum
1035 1468 1291 1523 crederes
1330 1466 1759 1538 congregatum?

176 1554 323 1623 Quid
350 1555 498 1611 dices
520 1572 644 1611 cum
681 1567 733 1613 te
753 1558 1056 1614 visitaverit
1086 1559 1418 1614 Dominusin
1453 1559 1600 1630 virga
1633 1575 1757 1628 sua,

178 1660 234 1705 et
264 1650 559 1722 Babylonis
591 1650 1158 1716 tradideritltostibus,
1193 1667 1351 1722 quos,
1371 1652 1659 1707 adversum
1684 1662 1758 1720 te,

179 1742 265 1795 vel
292 1742 345 1796 iu
380 1752 543 1810 caput
579 1742 859 1808 tuutn,vel
894 1757 924 1795 a
951 1743 1223 1813 principio
1256 1744 1373 1814 ipsa
1407 1744 1668 1811 docuisti,
1701 1754 1758 1798 ιιι

1868 564 2124 624 operatur
2159 564 2214 609 et
2239 555 2426 625 pardo,
2456 555 2673 609 dicente
2706 551 2966 622 Apostolo
2991 548 3219 608 :Omm'a
3235 565 3448 618 possum

1867 648 1923 702 in
1944 663 2001 701 eo
2020 647 2110 718 qui
2140 662 2221 701 me
2239 646 2524 715 confortat,
2549 645 2760 699 Christo
2778 642 3033 714 (Philipp.
3057 656 3131 706 tv,
3160 642 3267 708 l3).
3292 641 3450 696 Unde

1867 748 1924 794 et
1980 740 2033 794 in
2090 739 2196 795 alio
2256 738 2402 802 loco,
2480 738 2741 803 Amplius,
2801 736 2999 806 ittquit,
3061 735 3171 789 illis
3210 734 3450 789 omnibus

1866 832 2105 887 laboravi
2131 848 2149 887 :
2187 849 2287 886 non
2314 848 2406 900 ego
2435 841 2636 893 autem,
2677 830 2767 884 sed
2801 828 2977 900 gratia
3013 826 3105 880 Dei
3139 843 3257 897 qua:
3292 836 3366 879 est
3391 825 3448 879 in

1866 938 1947 977 me
1970 921 2026 989 (Ι
2058 921 2178 977 Cor.
2215 938 2301 988 xv,
2339 922 2466 988 10);
2494 931 2547 976 et
2581 937 2597 978 :
2635 920 2757 975 Vivo
2777 920 2895 990 jam
2919 936 3021 973 non
3043 936 3160 991 ego,
3190 920 3309 973 vivit
3327 934 3452 972 vero

1867 1014 2033 1067 inme
2069 1012 2312 1069 Christus
2337 1012 2546 1083 (Colat.
2579 1030 2640 1079 tt,
2676 1013 2791 1082 20).
2824 1012 2887 1067 Et
2934 1014 3131 1067 iterum
3183 1013 3449 1082 scriptum

1866 1104 2096 1173 legimus
2126 1125 2141 1161 :
2175 1105 2317 1173 Quid
2345 1107 2505 1161 habes
2527 1107 2668 1178 quod
2702 1123 2806 1162 non
2836 1105 3091 1174 accepisti
3118 1105 3143 1159 ?
3168 1104 3226 1161 Si
3266 1116 3449 1160 autem

1865 1198 2140 1265 accepisti,
2178 1198 2303 1266 quid
2335 1197 2585 1267 gloriaris
2610 1198 2766 1268 quasi
2795 1213 2899 1251 non
2927 1199 3188 1267 acceperis
3214 1195 3268 1266 (1
3317 1197 3446 1251 Cor.

1863 1304 1942 1353 tv,
1975 1289 2028 1357 7)
2062 1290 2086 1343 ἲ
2124 1288 2274 1356 Quas
2312 1290 2383 1344 ob
2414 1288 2612 1344 causas
2658 1304 2769 1343 non
2802 1289 3068 1359 glorietur
3113 1290 3332 1358 sapiens
3390 1288 3447 1343 iit

1864 1383 2131 1449 sapientia
2177 1398 2298 1444 sua,
2324 1397 2508 1451 neque
2542 1381 2701 1436 fortis
2719 1382 2770 1436 itt
2806 1380 3126 1438 fortitudine
3154 1398 3274 1445 sua,
3346 1395 3450 1435 nec

1864 1475 2018 1531 dives
2042 1476 2093 1529 in
2129 1474 2340 1528 divitiis
2364 1475 2497 1539 suis,
2534 1488 2632 1528 nec
2666 1473 2900 1543 pudicus
2935 1471 2989 1526 in
3038 1486 3135 1524 sua
3168 1470 3445 1541 pudicitia,

1863 1572 2064 1632 sciens,
2097 1569 2243 1636 quod
2266 1570 2318 1621 in
2354 1567 2612 1621 omnibus
2647 1566 2735 1623 his
2772 1565 2981 1620 Christi
3018 1565 3195 1620 virtus
3220 1564 3312 1629 sit,
3336 1577 3446 1617 non

1862 1677 2050 1718 eorum
2078 1660 2165 1728 qtti
2200 1659 2252 1713 itt
2286 1658 2401 1713 suis
2426 1657 2725 1712 virtutibus
2759 1656 3084 1725 gloriantur.

1936 1751 2118 1825 (Vers.
2147 1751 2240 1813 ει,
2264 1750 2381 1819 25.)
2419 1768 2436 1801 ι
2471 1750 2540 1804 Ει
2568 1749 2938 1803 disseminabo
2965 1764 3060 1805 eos
3092 1748 3243 1814 qnasi
3273 1748 3449 1816 stipu-

179 1836 249 1889 ad
273 1851 461 1889 eorum
494 1835 694 1890 auxilia
733 1834 1081 1905 confugeres,
1103 1846 1157 1891 et
1195 1837 1435 1905 ipsorum
1470 1837 1609 1890 idola
1651 1852 1763 1893 scc-
1794 1838 1835 1895 Β
1868 1843 1972 1898 lam
2005 1858 2124 1910 qua:
2159 1852 2323 1896 vento
2358 1850 2607 1909 raptatur
2636 1839 2688 1892 itt
2728 1838 2966 1893 deserto.
3025 1837 3152 1892 llaec
3204 1853 3324 1893 sors
3359 1849 3447 1892 tua

181 1927 380 1982 tareris
402 1943 420 1995 ;
441 1928 533 1997 qui
567 1929 670 1983 sub
696 1928 986 1984 occasione
1010 1929 1267 1984 amicitia:
1292 1938 1419 1993 tum,
1452 1931 1762 1986 didicerunt

180 2033 281 2087 per
309 2018 453 2089 quod
489 2019 592 2074 iter
624 2020 690 2074 ad
722 2028 775 2074 te
800 2020 985 2075 venire
1005 2019 1284 2075 deberent.
1312 2021 1511 2074 Audiat
1541 2022 1641 2075 hoc
1660 2022 1761 2076 Ec-

178 2113 348 2167 clesia
379 2113 679 2182 negligens,
703 2113 851 2184 quod
884 2114 999 2182 ipsa
1030 2113 1224 2167 doceat
1244 2113 1585 2166 adversarios
1607 2126 1758 2178 suos,

174 2202 456 2272 quomodo
474 2217 592 2257 eam
627 2203 836 2272 possint
861 2203 1132 2273 spirituali
1165 2204 1487 2271 captivitate
1512 2216 1761 2272 compre-

182 2297 445 2359 lien.lcre,
475 2306 708 2366 etpecus
742 2296 866 2366 ejus
894 2294 1195 2351 bestiarum
1259 2296 1581 2351 crudelitate
1614 2298 1760 2350 lace-

179 2404 328 2443 rare.

276 2475 438 2532 Vers.
463 2476 580 2547 22).
615 2495 636 2530 ι
674 2476 928 2545 Nunquid
950 2491 1059 2532 non
1095 2477 1314 2531 dolores
1339 2475 1759 2546 apprehendent

182 2580 236 2624 te
273 2572 429 2640 quasi
461 2570 746 2626 mulierem
779 2571 1217 2641 parturientem?
1256 2569 1409 2638 Quod
1465 2572 1510 2625 si
1550 2569 1757 2625 dixeris

178 2663 236 2718 in
268 2666 436 2718 corde
458 2672 579 2731 tuo,
615 2662 797 2729 Quare
842 2671 1109 2719 venerunt
1141 2662 1270 2717 mihi
1326 2662 1484 2718 hac?
1540 2668 1762 2730 propter

177 2755 583 2811 multitudidem
620 2756 924 2825 iniquitatis
983 2764 1091 2810 tua:
1121 2755 1362 2811 revelata
1424 2764 1555 2810 sunt
1610 2770 1763 2810 vere-

176 2850 446 2906 cundiora
480 2859 595 2917 tua,
647 2851 862 2919 polluta:
889 2860 1016 2903 sunt
1043 2850 1174 2916 (sive
1207 2849 1584 2907 dehonestatte
1606 2848 1756 2919 sunt)

178 2945 381 3015 plantae
412 2954 535 2999 tuae.
575 2963 594 2996 ι
640 2942 775 2997 Dum
803 2942 1002 3006 nescis,
1031 2942 1188 3011 quasi
1235 2941 1514 2995 mulierem
1571 2947 1760 3008 partus

175 3036 420 3096 subitus.
449 3036 523 3090 ita
560 3046 612 3090 te
632 3035 918 3106 captivitas
973 3034 1251 3102 repentina
1307 3033 1756 3100 comprehendet.

174 3130 330 3197 Quod
367 3131 413 3183 si
444 3128 660 3184 causari
689 3126 926 3183 volueris
947 3137 1002 3183 et
1034 3141 1298 3195 quaerere,
1328 3142 1425 3182 cur
1458 3125 1653 3180 tradita
1681 3124 1757 3178 sis

174 3195 453 3286 hostibus,
484 3220 607 3275 audi
636 3218 944 3285 manifeste,
972 3218 1370 3274 multitudinem
1405 3218 1517 3272 lnec
1552 3217 1647 3272 tibi
1669 3216 1750 3270 fe-
1789 3195 1831 3252 (ἶ

170 3316 318 3371 cisse
355 3314 660 3383 iniquitatis
696 3322 819 3376 tote,
848 3322 908 3367 ut
940 3313 1094 3381 quasi
1132 3312 1377 3365 mulieris
1411 3312 1746 3375 meretricis,

171 3407 410 3464 sublatis
435 3407 699 3472 vestibus,
737 3405 1069 3459 revelaretur
1100 3402 1397 3475 ignominia
1428 3411 1541 3469 tua,
1569 3412 1625 3459 et
1664 3417 1757 3458 os-

172 3504 532 3556 tenderentur
553 3499 765 3568 publice
791 3497 1183 3554 fornicationes
1217 3507 1342 3551 tute.
1378 3496 1482 3550 Per
1510 3509 1631 3563 qua:
1677 3495 1757 3549 di-

172 3595 433 3658 scimus,
488 3592 729 3663 quandiu
783 3591 989 3647 fuerint
1035 3591 1249 3645 minora
1307 3599 1549 3660 peccata,
1582 3588 1758 3658 agere

176 3686 472 3742 Dominum
528 3684 821 3754 patienter,
873 3691 929 3739 et
985 3691 1306 3751 exspectare
1354 3682 1754 3752 paenitudinem

173 3788 447 3833 nostram.
488 3776 584 3833 Sin
616 3786 793 3832 autem
830 3776 1171 3831 voluerimus
1232 3774 1444 3829 delictis
1495 3772 1758 3843 cepulare

174 3868 399 3935 delicta,
425 3878 481 3924 et
501 3868 774 3923 cumulum
803 3867 983 3922 facere
1019 3876 1391 3938 peccatorum,
1436 3864 1759 3919 revelation-

175 3972 268 4015 tur
296 3961 547 4029 pudenda
582 3974 788 4025 nostra,
816 3968 872 4015 et
902 3959 1266 4015 ostendentur
1295 3960 1510 4011 cunctis
1561 3958 1758 4026 plantae

173 4061 402 4118 nostrae,
436 4052 518 4105 vel
542 4052 594 4105 in
625 4051 878 4120 praesenti
911 4051 1132 4115 saeculo,
1161 4048 1244 4102 vel
1273 4050 1327 4102 in
1359 4049 1561 4102 futuro.
1612 4046 1757 4101 Nihil

174 4155 260 4202 est
283 4145 430 4199 enim
461 4143 739 4198 occultum
764 4141 907 4211 quod
940 4157 1049 4196 non
1079 4143 1349 4195 reVeletur
1382 4139 1594 4209 (Matth.
1640 4140 1692 4209 ιι)
1740 4154 1755 4195 :

174 4238 402 4309 quando
442 4235 756 4305 implebitur
780 4235 910 4289 illud
952 4235 1227 4290 Dauielis:
1258 4232 1361 4288 Isti
1396 4246 1665 4303 resurgettt
1701 4233 1755 4284 in

172 4331 342 4385 vitam
370 4336 721 4393 wternam,et
752 4327 907 4382 illiin
936 4327 1278 4398 opprobrium
1309 4337 1358 4382 et
1392 4324 1757 4394 confusionem

169 4423 548 4487 sempiternam
578 4419 743 4490 (Dan.
789 4435 892 4488 xu,
924 4421 1007 4486 2).

1871 1951 2105 2007 parsque
2139 1948 2409 1990 mensurae
2436 1944 2543 1988 tuae
2567 1948 2597 1987 a
2619 1946 2727 1997 me,
2762 1932 2893 1987 dicit
2915 1932 3178 1986 Dominus
3201 1932 3332 2002 (sive
3395 1941 3451 1986 et

1871 2044 1996 2098 pars
2028 2024 2402 2081 inobedientite
2425 2033 2530 2079 tua:
2561 2021 2849 2077 adversum
2875 2021 3006 2089 me).
3039 2040 3059 2073 ι
3089 2019 3225 2087 Quia
3275 2022 3446 2076 nimia

1870 2119 2262 2175 consuetudine
2290 2116 2560 2171 malorum
2587 2130 2694 2169 non
2728 2124 3024 2184 potuerunt
3049 2123 3259 2168 mutare
3281 2123 3412 2167 natu
3431 2139 3449 2153 -

1872 2229 2032 2278 ram,
2107 2228 2213 2266 non
2266 2210 2401 2264 vitio
2462 2208 2804 2275 conditoris,
2879 2207 2973 2264 sed
3031 2207 3213 2261 studio
3271 2205 3484 2260 inolili,

1868 2308 2113 2372 sceleris,
2144 2315 2426 2373 propterea
2455 2305 2611 2371 quasi
2669 2302 2924 2373 stipulam
2976 2309 3140 2355 vento
3178 2305 3446 2369 raptatam

1869 2400 2176 2468 dispergam
2207 2412 2303 2452 eos
2325 2397 2376 2450 in
2402 2395 2772 2456 solitudinem,
2798 2394 2956 2463 juxta
2979 2391 3111 2446 illud
3135 2392 3279 2460 quod
3319 2390 3445 2443 alibi

1868 2490 2127 2560 scriptum
2153 2496 2235 2545 est
2266 2503 2301 2545 ει
2342 2485 2615 2557 Tanquam
2645 2486 2814 2555 pulvis
2844 2502 2997 2555 quem
3020 2484 3235 2553 proficit
3260 2492 3447 2537 ventus

1869 2599 1902 2635 a
1933 2581 2068 2653 [acie
2094 2590 2247 2635 tet-rte
2272 2577 2447 2651 (Psal.
2480 2595 2518 2639 ι,
2544 2577 2624 2648 4).
2650 2576 2911 2647 Facitque
2930 2576 3320 2644 apostropham
3380 2577 3447 2629 ad

1868 2673 2040 2743 ipsam
2071 2669 2375 2727 Jerusalem
2405 2688 2420 2725 :
2459 2669 2611 2738 quod
2640 2672 2753 2724 haec
2778 2669 2847 2723 sit
2871 2684 2991 2722 sors
3042 2668 3182 2737 ejus,
3225 2677 3281 2720 et
3339 2667 3445 2720 ista

1867 2781 2015 2837 pars,
2042 2781 2205 2836 quam
2238 2766 2353 2835 ipsa
2383 2764 2493 2818 sibi
2522 2763 2750 2834 elegerit
2786 2761 2896 2834 [AL
2954 2759 3162 2832 elegit),
3228 2776 3446 2814 mensu—

1868 2875 1983 2915 ram
2012 2859 2343 2914 cumulatam
2383 2866 2545 2927 atque
2570 2857 2888 2925 perfectam,
2921 2862 2975 2909 et
2994 2852 3450 2923 supercfl‘unden-

1865 2959 1974 3007 tem
2011 2949 2119 3023 [ΑΙ.
2153 2945 2653 3019 supereﬂlueutem]
2709 2945 2864 3018 (Luc.
2902 2946 3002 3016 Vt),
3066 2946 3185 2999 sive
3234 2954 3440 3013 partem

1869 3044 2252 3100 inobedientia:
2284 3058 2417 3105 suae,
2451 3057 2557 3111 qua
2590 3040 2769 3095 ttoluit
2823 3038 2934 3094 Deo
2988 3039 3358 3107 acquiescere.
3386 3034 3445 3090 ltt

1868 3153 1974 3207 qua
2009 3138 2155 3193 enim
2209 3152 2462 3191 mensura
2522 3135 2945 3201 meusuraverit,
2999 3131 3316 3187 remetietur
3368 3129 3446 3184 illi

1867 3231 2085 3302 (Matth.
2114 3237 2232 3294 vn).

1934 3325 2112 3396 (Vcrs.
2147 3323 2281 3392 26.)
2323 3340 2343 3374 ι
2379 3322 2515 3388 Quia
2547 3320 2714 3375 oblita
2756 3335 2815 3374 es
2844 3320 2977 3387 mei,
3010 3327 3067 3374 et
3115 3318 3324 3372 conlisa
3382 3330 3444 3370 es

1860 3415 1990 3484 (sive
2026 3413 2260 3485 sperasti
2289 3411 2308 3476 )
2360 3413 2417 3467 in
2460 3413 2745 3467 mendacio
2778 3428 2792 3466 :
2821 3414 2965 3466 unde
2998 3420 3054 3466 et
3109 3426 3211 3480 ego
3239 3408 3443 3464 nudavi

1860 3508 2017 3579 (sive
2072 3507 2287 3561 nntiabo
2330 3516 2385 3560 ct
2432 3505 2683 3560 revelabo
2709 3502 2727 3565 )
2755 3504 2982 3567 femora,
3015 3511 3071 3557 et
3135 3501 3439 3570 posteriora

1862 3614 1948 3657 ttta
1978 3612 2169 3656 contra
2196 3601 2388 3655 facient
2432 3607 2605 3666 tuam,
2629 3608 2682 3651 et
2710 3595 2992 3667 apparebit
3028 3592 3050 3666 [
3078 3591 3240 3663 Vulg.
3272 3608 3444 3663 appa-

1863 3692 2020 3765 ruit]
2072 3692 2367 3763 ignominia
2429 3700 2542 3753 tua,
2597 3688 2870 3744 adulteria
2933 3696 3044 3748 tua,
3081 3695 3135 3739 et
3193 3683 3455 3741 hinnitus-

1861 3797 2004 3849 tuus,
2045 3786 2225 3839 scelus
2279 3782 2402 3855 (rel
2455 3780 2765 3850 alienatio)
2806 3779 3182 3834 fornicationis
3250 3786 3379 3830 tute.
3416 3793 3445 3827 ι

1858 3880 2035 3934 Causa
2094 3876 2463 3944 dispersionis
2523 3873 2861 3940 Jerusalem,
2937 3873 3084 3942 quod
3133 3870 3303 3925 oblita
3366 3869 3443 3923 sit

1860 3973 1978 4035 Dei,
2008 3983 2061 4025 et
2091 3970 2320 4035 conlisa,
2364 3969 2450 4023 vel
2500 3966 2810 4038 speraverit
2862 3965 2916 4018 in
2954 3964 3275 4017 mendaciis.
3335 3962 3447 4025 Qui

1860 4076 2054 4133 pta-ter
2093 4064 2257 4117 Deum
2292 4064 2344 4116 itt
2383 4062 2545 4117 rebus
2573 4060 2799 4114 conlidit
2834 4058 3042 4121 saeculi,
3088 4056 3437 4111 obliviscitur

1863 4157 1977 4212 Dei.
2026 4156 2180 4212 Unde
2213 4155 2526 4209 revelantur
2580 4153 2813 4218 femora,
2845 4151 2929 4205 vel
2965 4149 3270 4220 posteriora
3298 4147 3451 4215 ejus,

1858 4264 1915 4306 ut
1971 4252 2150 4304 videat
2192 4250 2543 4319 ignominiam
2595 4261 2752 4301 suam
2786 4255 2884 4303 εει
2939 4259 3061 4314 qua
3121 4254 3272 4299 retro
3315 4257 3447 4296 esse

1857 4341 2137 4402 deberent,
2176 4342 2304 4395 tiaut
2335 4341 2390 4393 in
2444 4338 2722 4407 prioribus
2754 4353 2770 4397 ξ
2807 4347 3107 4406 cernatque
3149 4338 3262 4409 ipsa
3292 4338 3453 4408 quod

1857 4432 2008 4497 fecit,
2041 4443 2094 4486 et
2118 4441 2375 4501 appareat
2405 4430 2572 4501 937
2605 4430 2903 4501 ignominia
2925 4428 3065 4499 ejus,
3089 4444 3196 4484 non
3226 4436 3447 4483 tantum

244 4512 560 4585 (γενεῇ.)
591 4530 610 4565 ι
647 4512 703 4568 Si
737 4523 951 4568 mutare
1012 4523 1192 4583 potest
1235 4511 1493 4583 Ethiops
1552 4515 1748 4583 pellem
1782 4533 1829 4593 ι)
1860 4523 1986 4591 ipsi.
2041 4526 2134 4577 sed
2166 4532 2220 4575 et
2268 4521 2553 4575 omnibus.
2613 4519 2919 4585 Adulteria,
2978 4516 3179 4587 inquit,
3250 4525 3344 4569 tua
3390 4523 3447 4569 et

171 4623 355 4671 suam,
396 4616 491 4661 aut
512 4606 714 4672 pardus
743 4607 1037 4661 varietates
1066 4621 1217 4674 snas,
1263 4618 1318 4662 et
1348 4623 1446 4663 vos
1502 4610 1753 4678 poteritis

173 4698 523 4763 benefacere,
556 4698 725 4771 936
747 4714 874 4753 cum
929 4699 1238 4755 didiceritis
1283 4701 1508 4755 malum.
1546 4719 1566 4754 ι
1638 4699 1753 4755 Hoc

175 4792 489 4848 testimonio
521 4801 748 4847 utuntur
777 4796 1036 4848 adversus
1078 4790 1403 4857 Ecclesiam,
1433 4794 1526 4864 qui
1576 4796 1757 4848 (litter-

176 4899 265 4939 sas
294 4882 525 4953 cupiunt
567 4898 815 4939 asserere
857 4893 1133 4951 naturas;
1198 4894 1255 4939 et
1301 4893 1509 4940 tantam
1564 4885 1756 4940 dicunt

173 4991 296 5031 esse
330 4974 415 5030 vel
451 4974 793 5046 nigredinem
822 4973 909 5030 vel
934 4975 1255 5030 varietatem
1285 4987 1661 5045 peccatorum,
1694 4986 1754 5030 ut

173 5070 228 5123 in
254 5069 571 5135 candorem,
589 5079 643 5122 et
670 5068 833 5124 unius
858 5068 1057 5124 coloris
1090 5068 1548 5138 pulchritudinem
1574 5082 1755 5127 trans-

172 5160 253 5215 ire
286 5174 390 5213 non
449 5161 663 5231 possint
697 5175 714 5214 :
749 5176 855 5214 non
883 5160 1233 5216 attendentes
1267 5162 1373 5216 hoc
1399 5162 1544 5232 quod
1567 5164 1754 5233 sequi—

170 5261 304 5309 tur:
339 5250 411 5306 Et
441 5268 527 5307 vos
548 5254 787 5319 poteritis
816 5252 924 5327 [AL
970 5252 1210 5327 potestis]
1271 5255 1578 5325 benefacere
1635 5273 1755 5311 cum

170 5345 469 5399 didiceritis
516 5345 743 5401 malum.
793 5347 1068 5417 Quidquid
1125 5348 1273 5401 enim
1341 5348 1598 5413 discitur,
1646 5364 1752 5402 non

172 5446 384 5491 natura:
411 5447 517 5500 est,
554 5436 650 5491 sed
685 5437 849 5492 studii
879 5445 934 5493 et
964 5438 1201 5507 propriae
1222 5436 1517 5493 voluntatis
1557 5453 1572 5493 :
1631 5452 1753 5507 qua:

173 5531 342 5585 nimia
363 5528 758 5586 consuetudine
777 5538 832 5584 et
853 5544 1042 5584 amore
1059 5530 1320 5598 peccandi
1349 5532 1755 5599 quodammodo

171 5622 226 5674 iu
269 5628 527 5675 naturam
575 5620 943 5677 convertitur.
971 5620 1079 5676 Sed
1119 5621 1223 5676 hoc
1253 5622 1421 5693 quod)
1442 5621 1755 5677 hominibus

171 5712 508 5780 impossibile
542 5720 648 5780 est,
674 5713 783 5769 Deo
806 5712 1063 5783 possibile
1091 5720 1176 5768 est
1204 5711 1424 5778 (Matth.
1461 5727 1587 5776 xix;
1622 5707 1753 5768 Luc.

174 5805 337 5875 svnt)
373 5821 388 5862 ;
419 5814 476 5864 ut
507 5820 849 5879 nequaquam
870 5806 1130 5881 Etltiops
1164 5816 1219 5864 et
1251 5808 1453 5879 pardus
1478 5822 1631 5863 suam
1670 5807 1749 5861 vi-

1857 4617 2098 4669 hinnitns
2129 4624 2251 4668 tuus
2312 4628 2419 4667 non
2464 4612 2640 4669 solum
2674 4610 2986 4679 libidinem,
3025 4609 3121 4665 sed
3166 4607 3448 4663 insaniam

1857 4707 2101 4762 ostendit
2146 4704 2416 4771 libidinis,
2449 4717 2714 4771 equarum
2757 4713 2930 4767 more,
2967 4715 3088 4770 quae
3118 4700 3183 4752 ad
3234 4698 3442 4753 coitum

1858 4800 2120 4869 gestiunt,
2145 4807 2201 4851 ιιι
2232 4807 2315 4851 est
2347 4796 2477 4851 illud
2504 4795 2711 4864 Virgilii
2739 4791 2953 4863 (Georg.
2979 4806 3064 4855 ιιι,
3090 4789 3219 4855 280,
3253 4786 3382 4857 281)
3421 4800 3450 4842 ι

2158 4912 2519 4974 Hippomanes,
2541 4923 2661 4974 vero
2680 4908 3039 4974 quoduomine
3070 4904 3240 4974 dicunt

2040 4968 2298 5031 Pastorés,
2335 4968 2525 5023 lentum
2554 4968 2761 5021 distillat
2790 4970 2850 5019 ab
2896 4969 3102 5029 inguine
3135 4968 3287 5013 virus.

1859 5079 2133 5147 llogetuus
2170 5073 2358 5129 Jesum
2397 5082 2453 5126 ut
2487 5089 2587 5127 nec
2620 5073 2673 5126 in
2709 5069 2960 5141 praesenti
2996 5082 3096 5120 nec
3148 5066 3203 5120 itt
3255 5063 3453 5127 futuro

1857 5169 2056 5225 seculo
2118 5168 2317 5222 revelet
2349 5165 2553 5220 femora
2587 5164 2606 5237 [
2638 5164 2721 5217 Αι.
2776 5160 3056 5217 lentinalia
3091 5157 3130 5230 j,
3160 5168 3212 5211 et
3266 5165 3444 5226 poste-

1859 5262 2002 5315 riora
2067 5271 2279 5323 nostra,
2354 5260 2448 5312 sed
2499 5264 2557 5310 ttt
2608 5258 2785 5311 deleat
2855 5268 3045 5308 omnes
3123 5252 3451 5319 iniquitates

1858 5360 2102 5411 nostras.
2158 5360 2213 5402 et
2251 5348 2435 5402 omnia
2469 5347 2677 5403 scelera
2710 5360 2978 5415 apparere
3013 5360 3115 5396 non
3141 5343 3329 5397 faciat.

1928 5442 2112 5510 (Vers.
2148 5440 2236 5493 27.
2272 5440 2291 5509 )
2325 5458 2343 5491 ι
2388 5437 2562 5507 Super
2587 5438 2755 5493 colles
2807 5439 2859 5491 iu
2894 5453 3021 5507 agro
3059 5441 3166 5493 vidi
3223 5437 3438 5494 abomi-

1857 5534 2111 5588 natiunes
2131 5542 2270 5585 tuas.
2301 5528 2397 5584 Vae
2426 5529 2546 5596 tibi,
2574 5528 2904 5593 Jerusolem,
2945 5547 3049 5585 non
3085 5530 3449 5586 tnundaberis

1859 5626 2013 5693 (sive
2066 5626 2192 5696 quia
2248 5622 2369 5679 Non
2399 5638 2459 5679 es
2496 5622 2776 5692 mundata)
2812 5634 2932 5691 post
2982 5639 3090 5687 me,
3153 5638 3449 5693 usquequo

1859 5714 2082 5772 adhuc?
2114 5733 2133 5767 ο
2170 5714 2284 5771 Non
2314 5715 2491 5772 solum
2522 5716 2576 5770 in
2607 5715 2783 5771 media
2818 5717 2951 5769 urbe
2984 5712 3312 5776 Jerusalem.
3343 5717 3440 5771 sed

1861 5808 1915 5863 in
1945 5808 2093 5864 omni
2126 5807 2264 5865 colle
2286 5808 2608 5878 cunctisque
2650 5806 2967 5878 regionibus
3002 5808 3108 5865 vidi
3139 5807 3447 5883 idolatuar
