3950 6180
493 393 602 462 79‘)

1665 387 1725 449 S.
1769 386 2082 451 EUSEBII
2140 387 2578 451 HIERONYMI
3616 391 3706 455 800

498 508 642 562 unde
671 505 867 560 dicitur
892 510 956 558 ad
988 517 1105 558 eam
1134 519 1149 560 :
1185 500 1275 557 Va:
1312 501 1429 568 tibi,
1455 500 1779 565 Jerusalem,
1809 502 1937 572 quia
1966 516 2071 554 non
2097 499 2146 559 Α
2174 516 2280 554 non
2325 503 2500 566 venit,
2539 499 2739 570 inquit,
2777 498 2961 569 pluvia
2998 513 3156 569 super
3179 510 3399 553 terram.
3433 497 3702 559 Mandatum

493 614 551 655 es
586 598 840 652 mundata
868 606 981 664 post
1014 610 1115 657 me,
1166 603 1224 649 ut
1253 609 1375 650 cum
1404 609 1524 649 mea
1562 604 1612 648 te
1631 592 1872 661 iactares
1910 593 2063 662 sequi

497 686 747 757 vestigia,
794 696 849 739 ct
878 685 1274 740 confessionem
1322 685 1426 741 mei
1476 685 1717 740 nominis
1746 685 2064 745 ventilares,

498 791 679 834 tamen
732 793 1008 845 nunquam
1043 787 1269 846 purgata
1308 777 1407 841 sis,
1469 779 1593 846 quia
1627 777 1794 831 oblita
1846 792 1906 831 es
1939 776 2064 839 mei,

500 880 553 923 et
579 868 813 935 sperasti
851 868 901 919 in
958 867 1279 920 mendaciis.
1341 865 1497 921 Unde
1538 867 1788 935 increpat
1828 880 1949 917 eam
2015 874 2070 915 et

500 962 651 1023 dicit,
687 957 961 1028 Usquequo
988 958 1159 1011 adhuc
1185 959 1209 1011 ?
1246 967 1299 1013 et
1329 968 1412 1012 est
1443 972 1634 1012 sensus
1660 997 1674 1020 ,
1721 957 1961 1024 quandin
2020 965 2070 1008 te

500 1049 858 1118 i-xspectabo‘l
882 1050 1124 1121 quandiu
1164 1048 1377 1103 feram?
1415 1064 1696 1118 usquequo
1722 1048 2070 1102 Oblivisceris

500 1148 605 1200 ntei
638 1145 689 1198 in
728 1146 911 1208 linem,
945 1154 998 1197 et
1044 1158 1161 1196 mea
1191 1151 1452 1212 pratcepta
1487 1153 1805 1197 contemttes
1831 1139 2072 1196 ?Forni-

500 1237 721 1290 caturin
747 1236 976 1289 collibus
995 1243 1045 1290 et
1074 1236 1125 1288 in
1152 1236 1320 1302 agris,
1353 1245 1405 1289 et
1428 1251 1706 1304 nunquam
1752 1234 2067 1298 mundatur,

501 1331 594 1395 qui
646 1339 825 1382 erecta
875 1326 1086 1381 cervice
1118 1341 1212 1394 per
1255 1327 1564 1396 superbiam
1611 1343 1719 1381 non
1755 1326 2072 1381 humilialur

503 1423 604 1473 Sub
637 1421 839 1488 potenti
874 1435 1038 1473 manu
1069 1420 1290 1484 Dei,sed
1320 1422 1371 1474 in
1403 1420 1521 1475 suis
1556 1419 1863 1474 sceleribus
1894 1418 2076 1473 vitiis-

503 1528 610 1582 que
645 1511 895 1566 conlidit.

573 1599 731 1670 (Cap.
792 1597 929 1650 XIV.
963 1627 1034 1637 —
1068 1596 1229 1653 Vers.
1292 1598 1451 1669 1.):
1517 1599 1670 1666 Quod
1738 1600 1939 1655 factum
1992 1611 2077 1658 est

503 1692 728 1744 verbum
766 1692 974 1745 Domini
1016 1693 1082 1745 ad
1138 1691 1430 1747 Jeremiam
1484 1694 1548 1747 de
1586 1695 1940 1748 sermooibus
1964 1694 2075 1747 sieo

505 1785 703 1839 citatis.
741 1804 759 1837 ι
799 1786 893 1839 ira:
930 1786 1020 1839 Dei
1054 1786 1307 1841 universa
1366 1787 1736 1841 consentiunt.
1812 1784 1969 1842 Unde
2022 1797 2072 1841 et

505 1878 584 1932 sol
661 1894 827 1946 super
889 1887 1204 1946 peccatores
1269 1880 1473 1932 occidit
1536 1880 1782 1941 meridie,
1846 1890 1903 1933 et
1948 1881 2073 1936 luna
2111 1852 2155 1908 Β

506 1982 762 2039 astraque
796 1982 846 2024 et
876 1985 1067 2025 cetera
1102 1988 1207 2026 non
1278 1972 1412 2025 dant
1456 1973 1638 2025 lumen
1689 1987 1848 2024 suum
1894 1973 2077 2034 (Amos

508 2064 646 2135 vttt).
676 2064 1093 2135 Putandumque
1140 2072 1224 2119 est
1247 2066 1552 2119 obsidionis
1580 2077 1829 2133 tempore
1864 2070 2078 2133 pluvias

508 2171 617 2210 non
677 2155 871 2220 fuisse,
929 2166 988 2207 ut
1058 2155 1403 2209 sterilitatem
1457 2154 1667 2208 obsessi
1737 2158 2081 2210 sustinerent

509 2264 688 2316 aqua}.
715 2246 832 2301 Uno
855 2247 1050 2314 quippe
1084 2245 1234 2300 fonte
1267 2247 1433 2310 Siloe,
1468 2248 1640 2300 ethoc
1677 2264 1780 2300 non
1821 2258 2081 2316 perpetuo

512 2340 990 2404 ntiturcivitas,ct
1018 2352 1184 2406 usque
1210 2340 1262 2391 in
1291 2346 1615 2406 praesentem
1646 2340 1785 2392 diem
1817 2341 2083 2395 Sterilitas

512 2430 842 2494 pluviarum,
886 2446 990 2483 non
1056 2428 1231 2485 Solum
1292 2430 1529 2500 frugum,
1591 2432 1801 2511 δρᾶ..οι
1861 2434 2079 2488 bibendi

512 2524 746 2592 inopiam
778 2524 928 2578 facit.

581 2618 760 2679 (Vers.
803 2619 838 2672 2
876 2634 1029 2691 seqq.
1068 2619 1086 2690 )
1119 2637 1139 2673 ι
1180 2619 1334 2674 Luxit
1382 2619 1565 2675 Iudaea
1627 2621 1780 2690 (sive
1835 2620 1995 2690 Juda)
2030 2630 2084 2675 et

511 2721 684 2782 portae
726 2711 847 2781 ejus
899 2723 1224 2766 corruerunt
1257 2713 1409 2781 (sive
1461 2728 1645 2766 γ.ι(ξιι;ιι
1700 2712 1855 2766 fucuc
1912 2714 2082 2785 sunt),

512 2814 565 2858 et
586 2804 889 2858 obscuratae
910 2802 1036 2871 (sive
1068 2809 1477 2857 contenebratze
1499 2806 1647 2871 sunt)
1668 2820 1836 2872 Super
1857 2816 2080 2873 terram,

512 2909 562 2951 et
592 2898 796 2951 clamor
814 2896 1114 2952 Jerusalem
1139 2896 1400 2950 ascendit.
1424 2894 1660 2963 Maiores
1679 2897 1797 2964 ejus
1824 2901 2086 2953 miserunt

514 2990 795 3057 tuiuores(
824 2991 928 3043 sive
950 2988 1236 3057 iuniores)
1271 3003 1400 3042 suos
1430 2990 1494 3042 ad
1525 3005 1718 3058 aquam
1763 3006 1777 3048 ;
1817 3001 2086 3045 vt-ncrunt

515 3082 582 3135 ad
609 3082 964 3135 hauriendum
990 3083 1118 3148 (sive
1147 3083 1211 3136 ad
1251 3080 1480 3151 puteos)
1520 3092 1572 3133 et
1605 3098 1709 3137 non
1756 3092 2088 3138 tnvcnernnt

2170 602 2256 647 cst
2283 592 2483 661 quippe
2519 593 2757 647 nubibus
2801 607 2870 646 ne
2896 592 3135 659 pluerint
3171 607 3338 660 super
3367 608 3484 647 cam
3507 594 3704 650 imbrem

2171 683 2311 753 (ιω.
2346 685 2420 755 v).
2473 684 2741 756 Agricola:
2772 699 3006 752 quoque,
3050 698 3281 752 quorum
3313 700 3453 739 unus
3475 683 3704 754 loquitur.

2170 776 2272 842 Dei
2310 777 2638 849 agricultura
2660 778 2808 842 estis,
2859 773 2954 828 Dei
2977 775 3267 844 cedi/icatio
3290 777 3415 830 estis
3441 774 3488 847 (l
3505 776 3615 832 Cor.
3639 792 3706 844 ttt,

2172 874 2271 939 9);
2302 886 2356 927 et
2404 872 2457 925 in
2504 871 2612 924 alio
2670 869 2861 932 loco’,
2927 867 3021 922 Dei
3106 880 3470 936 cooperatores
3536 886 3707 939 sutis,

2173 967 2429 1034 operiunt
2449 972 2615 1034 caput
2636 978 2818 1027 suum,
2854 971 2909 1016 et
2923 961 3361 1026 confunduntur,
3382 961 3713 1033 intelligentes

2173 1057 2291 1112 sine
2319 1057 2408 1111 Dei
2442 1056 2614 1125 gratia
2644 1064 2700 1109 et
2723 1053 2997 1123 adiutorio
3029 1054 3234 1109 frustra
3262 1070 3324 1110 se
3350 1055 3578 1111 tendere.

2247 1150 2428 1222 (Vers.
2464 1148 2516 1213 5,
2548 1147 2629 1218 6.)
2660 1167 2679 1200 ι
2718 1147 2851 1202 Nam
2880 1156 2935 1202 et
2958 1161 3122 1202 cerva
3146 1149 3281 1218 (sive
3309 1147 3504 1216 cerva)
3537 1149 3709 1219 inagro

2175 1241 2383 1312 peperit
2439 1242 2564 1313 (sive
2617 1240 2965 1309 pepererunt)
2997 1249 3051 1296 et
3074 1240 3296 1307 reliquit
3327 1239 3347 1310 (
3380 1240 3484 1293 sive
3512 1239 3712 1307 relique-

2174 1335 2358 1399 runt),
2391 1333 2515 1402 quia
2547 1346 2655 1386 non
2686 1340 2807 1386 erat
2829 1330 3021 1385 herba.
3054 1329 3119 1384 Et
3148 1331 3344 1399 onagri
3397 1339 3643 1385 steterunt
3665 1332 3707 1383 in

2175 1423 2425 1492 rupibus,
2487 1431 2776 1476 traxerunt
2801 1429 3024 1477 ventum
3064 1421 3222 1490 quasi
3255 1424 3544 1480 dracones.
3591 1420 3713 1475 dele-

2176 1525 2372 1569 eerunt
2423 1513 2564 1568 oculi
2601 1528 2817 1573 eorum.
2871 1513 3001 1581 quia
3048 1528 3159 1568 non
3207 1523 3332 1568 erat
3395 1513 3555 1568 herba
3609 1514 3711 1581 (sive

2178 1607 2406 1675 fenum).
2438 1625 2457 1658 ι
2497 1605 2731 1661 Grandis
2763 1605 3050 1669 sterilitas,
3079 1604 3301 1673 quando
3354 1615 3409 1661 et
3459 1618 3619 1660 cervas
3664 1606 3707 1659 in

2178 1713 2308 1768 agro
2334 1698 2574 1767 pariunt,
2615 1707 2670 1753 et
2718 1697 3036 1766 relinquunt
3067 1696 3212 1753 fetus
3266 1712 3421 1761 suos,
3460 1697 3577 1766 quia
3600 1699 3710 1750 'non

2185 1792 2257 1846 sit
2300 1792 2468 1846 herba
2519 1790 2599 1846 vel
2658 1791 2881 1857 fenum;
2912 1798 2972 1844 ιιι
3018 1804 3139 1858 quae
3174 1791 3347 1846 odore
3389 1789 3589 1844 narium
3621 1803 3712 1841 ser-

2184 1894 2372 1952 pentes
2415 1883 2707 1938 extrahunt
2736 1884 2802 1939 de
2831 1882 3105 1949 cavernis,
3146 1889 3204 1937 et
3234 1890 3499 1937 venenata
3540 1882 3712 1934 interli-

2182 1980 2336 2032 cittnt
2367 1978 2687 2041 animantia,
2744 1976 2867 2030 cibo
2897 1975 3083 2046 gratiae
3115 1989 3220 2028 non
3262 1983 3503 2026 utantur.
3547 1971 3711 2039 Ottagri

2182 2087 2402 2141 quoque
2441 2071 2507 2124 de
2535 2070 2738 2138 quibus
2773 2068 3032 2135 scriptum
3052 2075 3138 2122 est
3175 2067 3229 2120 in
3258 2063 3364 2120 Job
3397 2082 3411 2122 :
3441 2065 3561 2130 Quis
3583 2065 3708 2117 dimi-

2184 2166 2253 2219 sit
2289 2166 2340 2219 in
2374 2163 2660 2218 solitudine
2704 2177 2962 2231 onagrum
2996 2160 3216 2215 liberum
3244 2157 3373 2230 (Job
3426 2173 3603 2218 XXXIX.
3626 2155 3713 2226 5)?

2186 2259 2343 2326 plana
2378 2266 2435 2310 et
2456 2255 2785 2323 campestria
2820 2253 3207 2323 relinquentes,
3244 2260 3395 2308 stent
3425 2252 3476 2305 in
3502 2248 3710 2318 rupibus,

2184 2359 2239 2403 et
2269 2362 2494 2403 currere
2522 2352 2824 2416 nequeant,
2852 2354 2909 2399 et
2940 2344 3223 2399 attrahunt
3252 2352 3473 2399 ventum
3510 2342 3557 2395 in
3585 2340 3710 2394 simi-

2189 2440 2470 2492 litudinem
2504 2439 2823 2501 draconum,
2873 2434 3240 2502 deﬁciantque
3272 2434 3416 2488 oculi
3459 2448 3644 2493 eorum,
3665 2439 3707 2483 et

2187 2531 2388 2584 claram
2455 2527 2630 2583 lucem
2677 2540 2904 2581 cernere
2961 2535 3258 2594 nequeant,
3338 2520 3708 2578 rationabilibus

2187 2621 2482 2676 subtractis
2507 2620 2666 2675 cibis.
2705 2617 2941 2672 Siccitas
2961 2618 3074 2672 haec
3101 2631 3244 2685 saepe
3270 2615 3467 2672 accidit
3486 2616 3534 2669 in
3554 2613 3710 2667 Eccle-

2188 2717 2306 2778 siis.
2337 2714 2558 2784 quando
2581 2711 2726 2768 cervi
2762 2722 2815 2767 et
2838 2712 3025 2781 onagri
3053 2711 3415 2764 inveniuntur
3445 2710 3494 2762 in
3516 2705 3710 2778 populis,

2189 2818 2243 2862 et
2296 2807 2676 2874 magistrorum
2732 2804 2958 2874 penuria
3014 2804 3413 2859 eoutabescunt
3457 2832 3472 2859 ε
3506 2798 3709 2867 suntqui

2190 2909 2421 2970 possunt
2455 2900 2688 2957 discere.
2717 2905 2771 2951 et
2806 2912 2911 2951 non
2942 2903 3071 2951 sunt
3131 2895 3222 2963 qui
3282 2902 3499 2964 possunt
3530 2897 3710 2944 docere.

2270 3012 2289 3042 ι
2325 2992 2380 3045 Si
2437 2990 2754 3059 iniquitates
2810 2997 3012 3043 nostrae
3072 2987 3450 3056 responderint
3495 2984 3605 3053 (sive
3648 2994 3713 3034 re-

2191 3084 2429 3139 stiterint
2482 3081 2651 3154 939
2691 3082 2873 3145 nobis,
2920 3080 3168 3145 Domine,
3205 3078 3293 3134 lac
3324 3087 3533 3147 propter
3555 3087 3712 3129 nomen

516 3188 738 3241 aquam,
812 3182 1227 3239 reportaverunt
1288 3187 1415 3228 vasa
1481 3189 1577 3227 sua
1630 3189 1820 3237 vacua.
1871 3175 2084 3231 confusi
2116 3208 2159 3265 ο
2194 3184 2372 3240 tuum,
2431 3175 2689 3243 quoniam
2750 3172 2934 3227 multae
2985 3178 3113 3225 sunt
3161 3171 3475 3224 eversiones
3549 3171 3709 3219 nostra

517 3274 644 3317 sunt
682 3262 949 3318 ctamicti
1009 3263 1136 3332 (sive
1189 3263 1569 3332 erubuerunt),
1635 3272 1691 3319 et
1748 3277 2086 3335 operuerunt

518 3358 695 3422 capita
734 3372 828 3411 sua
851 3367 1068 3425 propter
1117 3365 1274 3411 terra:
1317 3357 1668 3428 vastitatem(
1699 3360 1806 3414 sive
1838 3369 1894 3415 et
1922 3374 2088 3430 Opera

520 3459 696 3513 terra),
747 3451 1004 3517 quoniam
1048 3448 1414 3519 defecerunt),
1448 3451 1572 3517 quia
1610 3466 1716 3504 non
1752 3452 1905 3505 venit
1955 3450 2088 3522 (sive

518 3553 625 3592 non
675 3537 815 3610 erat)
894 3538 1074 3607 pluvia
1136 3554 1301 3609 super
1371 3547 1574 3595 terram
1621 3541 1893 3598 :conl‘usi
1955 3553 2089 3598 sunt

518 3631 790 3701 agricolae,
818 3642 1148 3698 operuerunt
1166 3632 1343 3699 capita
1363 3648 1481 3687 sua.
1521 3653 1537 3685 ι
1568 3633 1836 3703 Tempore
1861 3635 2087 3690 siccita-

521 3724 612 3787 tis,
638 3723 850 3791 quando
877 3722 1043 3793 938
1074 3722 1272 3780 famem
1300 3723 1506 3791 patitur
1528 3724 1817 3781 multitudo
1838 3725 2088 3782 audiendi

519 3824 574 3870 et
599 3815 841 3871 discendi
872 3817 885 3846 '
940 3832 1248 3871 sermonem
1281 3817 1404 3884 Dei,
1442 3816 1589 3888 luget
1640 3818 1853 3886 Judaea,
1887 3820 2088 3875 cultum

2195 3268 2295 3326 (vel
2322 3275 2541 3335 peccata
2584 3264 2818 3333 nostra).
2863 3264 2985 3319 Tibi
3023 3263 3395 3332 peccavimus,
3430 3254 3712 3325 exspectatio

2192 3358 2359 3414 Israel
2397 3357 2694 3415 :Salvator
2748 3356 2864 3425 eius
2893 3354 2946 3407 in
2993 3362 3242 3420 tempore
3306 3347 3661 3405 tribulationis.
3692 3362 3707 3394 ι

2193 3451 2250 3506 Si
2274 3451 2585 3505 dubitamus
2621 3463 2791 3518 quare
2825 3462 2931 3501 non
2988 3445 3332 3501 descendant
3362 3443 3542 3512 pluvia:
3578 3450 3711 3507 super

2192 3550 2427 3604 terram,
2463 3554 2633 3609 quare
2662 3547 2864 3593 cuncta
2892 3536 3147 3591 ariditate
3188 3541 3540 3596 marcescant,
3564 3529 3714 3584 audia-

2194 3648 2335 3687 mus.
2359 3631 2677 3701 lniquitates
2705 3640 2910 3685 nostra:
2937 3629 3264 3684 restiterunt
3290 3628 3475 3692 nobis;
3506 3632 3712 3695 propter-

2190 3741 2277 3789 ea.
2319 3725 2568 3789 Domine,
2629 3738 2740 3779 non
2791 3721 3094 3778 secundum
3158 3735 3328 3790 opera
3380 3731 3584 3782 nostra,
3633 3712 3707 3768 sed

2192 3820 2484 3875 secundum
2558 3828 2803 3873 sanetum
2887 3829 3087 3871 nomen
3141 3822 3290 3869 tuum
3348 3815 3497 3868 vince
3551 3808 3713 3864 multas

521 3907 614 3962 Dei
646 3906 795 3976 prius
827 3907 1030 3962 habere
1060 3924 1118 3962 se
1154 3907 1396 3977 iartans,
1429 3918 1485 3964 et
1515 3912 1921 3976 confessionem
1949 3927 2093 3968 verae

523 4001 668 4063 lidei,
701 4012 977 4070 portaeque
1016 3999 1132 4068 eius
1162 4001 1246 4055 vel
1300 4015 1620 4068 vacuantur,
1663 4004 1746 4058 vel
1802 4010 2090 4070 corruunt,

520 4109 656 4162 quas
680 4095 745 4146 ad
792 4106 985 4148 sensus
1022 4093 1226 4148 referre
1262 4095 1545 4159 debemus,
1581 4110 1679 4164 per
1709 4094 1847 4166 quas
1895 4097 2093 4151 animae

521 4190 829 4258 concipitur
892 4188 1204 4257 disciplina.
1257 4187 1412 4242 Tunc
1432 4191 1803 4245 obscurantur
1821 4191 2006 4244 omnia
2039 4198 2096 4246 et

524 4281 875 4334 involvuntur
901 4282 1142 4335 tenebris
1174 4298 1190 4349 ;
1226 4289 1280 4336 et
1336 4297 1677 4352 nequaquam
1709 4285 1762 4336 in
1789 4280 2092 4337 Jerusalem

524 4373 666 4427 ratio
693 4382 887 4439 regnat
916 4384 972 4428 et
1008 4389 1191 4429 sermo
1218 4374 1524 4441 doctrinae;
1557 4375 1652 4429 sed
1683 4374 1892 4430 clamor
1933 4383 2095 4446 atque
2197 4374 2401 4431 audivit
2457 4389 2537 4427 me
2568 4370 2766 4444 (Psal.
2817 4387 2964 4438 cxtx,
2995 4371 3021 4425 1
3056 4370 3099 4441 ).
3136 4369 3395 4425 Dicamus
3445 4379 3496 4423 et
3546 4379 3629 4420 nos
3671 4363 3711 4415 in

525 4465 790 4521 conlusio.
813 4464 1039 4534 Maiores
1074 4482 1293 4538 quoque
1328 4467 1422 4537 qui
1448 4467 1713 4523 deberent
1737 4469 1838 4537 ipsi
1868 4482 2096 4538 pergere
2200 4477 2439 4538 tempore
2491 4466 2782 4529 siccitatis,
2855 4478 3223 4534 aquarumque
3285 4462 3504 4531 penuria
3548 4475 3563 4514 :
3614 4451 3710 4510 Tibi

525 4557 589 4609 ad
620 4556 945 4611 hauriendus
970 4573 1160 4627 aquas,
1214 4559 1438 4613 mittunt
1486 4558 1752 4627 iuniores,
1812 4559 1866 4614 in
1899 4559 2097 4625 quibus
2128 4539 2175 4597 Ῑ)
2201 4561 2562 4631 peccavimus,
2591 4569 2647 4614 et
2670 4558 2870 4613 malum
2899 4572 3083 4614 coram
3114 4556 3436 4625 teilecimus,
3458 4564 3591 4608 tuum
3608 4562 3716 4616 prae-

523 4646 651 4702 cani
690 4661 801 4701 non
841 4657 972 4701 sunt
1034 4646 1344 4716 sapientiae,
1377 4656 1433 4702 et
1481 4647 1689 4703 idcirco
1742 4648 1968 4703 veniunt
2030 4648 2098 4703 ad
2196 4651 2466 4706 stolamur
2515 4649 2833 4713 adventum,
2886 4647 2979 4717 qui
3030 4645 3211 4702 salvas
3260 4645 3448 4711 lsrael,
3503 4656 3595 4699 non
3635 4648 3713 4691 δυο

526 4750 735 4809 puteos,
778 4750 834 4797 et
855 4756 961 4795 non
994 4740 1278 4797 inveniunt
1334 4755 1527 4810 aquas,
1562 4756 1699 4811 quas
1753 4741 2100 4811 patriarchas
2200 4743 2417 4809 merito,
2446 4741 2540 4798 sed
2566 4749 2656 4796 tua
2687 4739 3001 4796 clementia.

526 4833 805 4889 invenisse
835 4842 1024 4888 narrat
1080 4834 1309 4889 historia
1344 4832 1519 4904 (Gen.
1571 4835 1760 4901 xxvn).
1802 4831 2103 4904 Reportaut
2272 4833 2452 4905 (Vers.
2487 4833 2568 4904 9.)
2620 4852 2641 4887 ι
2670 4832 2849 4900 Quare
2880 4831 3092 4887 futurus
3121 4846 3183 4889 es
3231 4832 3385 4901 quasi
3432 4827 3629 4884 colonus
3667 4816 3711 4873 in

524 4941 651 4981 vasa
686 4941 783 4981 sua
806 4942 996 4992 vacua,
1024 4925 1271 4994 iuniores
1294 4927 1546 4982 videlicet
1576 4941 1593 4991 ;
1629 4940 1734 4981 non
1770 4925 1915 4995 quod
1945 4940 2102 4995 aqua:
2203 4935 2369 4992 terra,
2436 4932 2491 4980 et
2533 4925 2691 4995 quasi
2723 4924 2901 4978 viator
2953 4922 3239 4981 declinans
3285 4923 3351 4978 ad
3387 4908 3715 4976 manenduml

533 5035 641 5073 non
684 5020 903 5082 fuerint.
950 5019 1046 5075 sed
1080 5021 1225 5088 quod
1259 5020 1335 5074 illi
1369 5021 1616 5076 invenire
1652 5035 1759 5075 non
1794 5019 2098 5089 potuerint.
2200 5032 2370 5087 quare
2396 5016 2614 5071 futurus
2652 5029 2712 5070 es
2756 5013 2901 5069 velut
2928 5013 3012 5068 vir
3043 5028 3234 5084 vagus,
3276 5010 3413 5084 aul[
3451 5006 3588 5076 Vulg.
3628 4998 3712 5068 ιιι]

525 5108 752 5178 Confusi
800 5119 945 5178 sunt,
991 5121 1040 5166 et
1072 5111 1269 5182 afﬂicti,
1304 5110 1625 5165 erubuerunt
1679 5119 1730 5164 et
1777 5116 2098 5177 operuerunt
2201 5108 2381 5174 fortis,
2414 5094 2504 5176 qui
2551 5121 2659 5162 non
2699 5113 2880 5176 potest
2944 5105 3204 5160 salvare‘.’
3241 5122 3261 5156 ι
3300 5100 3433 5158 LXX
3470 5115 3486 5157 :
3522 5117 3539 5152 ι
3570 5094 3714 5162 ρυπο

525 5203 706 5265 capita
732 5219 865 5267 sua;
895 5204 1020 5272 quia
1041 5219 1147 5259 non
1173 5212 1425 5272 poterant
1445 5205 1626 5259 dicere
1643 5217 1766 5257 cum
1790 5202 2052 5271 Apostolo
2076 5217 2092 5259 :
2201 5200 2377 5255 lactus
2406 5214 2467 5255 es
2495 5198 2637 5252 sicut
2676 5198 2884 5252 advena
2919 5197 2973 5251 in
3007 5207 3177 5260 terra,
3226 5207 3282 5252 et
3311 5194 3461 5266 quasi
3506 5188 3711 5257 indigena

532 5291 647 5348 Nos
679 5302 856 5348 autem
880 5310 1057 5349 omnes
1111 5295 1340 5350 revelata
1394 5295 1532 5362 [acie
1588 5294 1817 5365 gloriam
1884 5292 2101 5347 Domini
2203 5293 2478 5347 divertens
2507 5291 2574 5345 ad
2594 5288 2968 5344 manendum?
3001 5288 3247 5356 nunquid
3296 5288 3403 5343 eris
3422 5281 3561 5355 quasi
3582 5280 3711 5333 homo

526 5389 945 5458 contemplamur
994 5388 1048 5460 (Ι
1071 5390 1194 5445 Cor.
1227 5405 1308 5452 tu,
1350 5389 1464 5458 18).
1502 5388 1724 5455 Propter
1749 5397 1905 5442 terra:
1940 5386 2104 5440 vasti-
2204 5384 2500 5443 dormiens.
2533 5392 2588 5436 et
2615 5380 2770 5450 quasi
2811 5380 2894 5434 vir
2928 5380 3018 5448 qui
3082 5379 3295 5435 salvare
3326 5393 3427 5433 non
3473 5370 3622 5444 possit
3645 5366 3705 5420 ἵν

530 5492 714 5547 tatem,
755 5482 869 5537 sive
899 5492 947 5535 et
1013 5490 1169 5536 terra;
1213 5498 1369 5550 opera
1392 5480 1718 5549 defecerunt,
1754 5495 1852 5549 per
1884 5495 2006 5550 quae
2035 5478 2102 5533 ad
2202 5474 2373 5529 Judaei
2411 5475 2554 5527 hunc
2589 5472 2764 5526 locum
2796 5472 2877 5526 sic
2926 5471 3233 5542 intelligunt
3257 5486 3275 5529 :
3302 5470 3474 5536 Quare
3504 5467 3711 5531 θεατρικαί

535 5574 629 5629 Dei
664 5575 913 5630 notitiam
945 5573 1238 5643 pergimus.
1279 5573 1562 5643 Causaque
1617 5571 1896 5643 perspicua
1930 5586 1944 5627 :
1976 5571 2102 5641 quia
2208 5575 2309 5639 tea
2344 5565 2541 5637 populo
2571 5563 2786 5620 tuo‘let
2813 5563 2969 5634 quasi
3003 5564 3182 5619 viator
3204 5573 3419 5635 propter
3436 5558 3575 5613 tutius
3594 5553 3708 5604 horse

2192 3913 2505 3969 eversiones
2561 3920 2798 3966 nostras.
2832 3909 2956 3965 Tibi
2991 3911 3141 3965 enim
3198 3909 3559 3977 peccavimus,
3582 3913 3709 3971 quem

2192 4006 2376 4062 cordis
2415 4013 2628 4059 secreta
2696 4017 2805 4057 non
2870 4001 3085 4069 fallunt,
3144 4009 3200 4056 et
3255 4008 3309 4056 te
3366 3995 3709 4070 prazstolamttr.

2192 4099 2286 4170 qui
2316 4112 2439 4154 vera
2467 4110 2592 4167 spes
2609 4106 2662 4148 et
2687 4095 3023 4163 exspectatio
3049 4108 3112 4149 es
3130 4093 3302 4150 Israel
3344 4109 3360 4150 :
3394 4101 3445 4148 et
3467 4088 3624 4146 salvas
3638 4098 3711 4139 eos

2194 4191 2249 4246 in
2284 4198 2532 4258 tempore
2558 4186 2944 4252 tribulationis,
2974 4187 3133 4256 iuxta
3160 4185 3292 4240 illud
3331 4185 3468 4254 quod
3493 4181 3708 4248 scriptum

2194 4292 2279 4339 est
2309 4298 2328 4339 ς
2356 4280 2435 4336 Ad
2479 4279 2761 4334 Dominum
2802 4295 2921 4332 cum
2959 4278 3246 4334 tribularer
3287 4278 3527 4342 clamavi,
3575 4283 3617 4328 et
3636 4287 3710 4325 es-

2279 5751 2298 5781 '
2326 5745 2527 5799 Mavult
2558 5747 2611 5797 in
2631 5742 2812 5798 eodem
2847 5744 2961 5799 loco
3022 5741 3228 5800 Victor.
3287 5740 3425 5813 quod
3481 5736 3580 5790 lucc
3624 5722 3705 5782 sibi

606 5748 622 5827 ξ
666 5748 772 5800 Alt.
794 5763 925 5827 mss:
966 5758 1016 5803 et
1043 5748 1246 5802 sciendi
1270 5748 1479 5803 verbum
1506 5747 1616 5802 Dei.
1646 5746 1808 5802 Levia
1849 5748 2101 5818 qumdam
2210 5820 2221 5827 _
2279 5746 2527 5827 "Mavult
2558 5747 2615 5827 in
2631 5746 2727 5826 eod

2210 5818 2438 5875 invicem
2472 5818 2654 5871 iuncta
2685 5818 2816 5872 sint.

534 5816 673 5871 inira
726 5820 1101 5873 emenda/inus.
