3950 6180
199 301 344 387 soi

675 297 1160 360 COMMENTAR.
1200 300 1281 359 IN
1319 300 1716 360 JEREMIAM
1752 301 2212 362 PROPHETAM
2253 299 2397 361 LIB.
2443 297 2560 366 IlI,
2609 295 2767 356 CAP.
2792 296 2947 358 XIV.

3350 290 3463 356 802

213 417 588 487 tel'rig:-rimn,
621 431 725 468 non
753 431 916 470 curas
967 417 1112 485 quali
1179 417 1348 471 utaris
1380 419 1638 487 hospitio,
1691 418 1785 471 sed
1817 422 1862 478 Α
1893 435 1998 472 non
2064 419 2350 471 exaudiam
2406 429 2596 484 preces
2665 429 2877 475 eorum,
2923 421 2977 466 et
3034 411 3078 466 si
3155 408 3451 464 obtulerint

205 512 277 562 ad
315 509 420 561 alia
474 509 804 561 transiturus
857 524 964 562 non
1018 508 1197 563 salvas
1233 511 1484 578 populum
1524 521 1694 573 tuum,
1731 521 1785 564 et

207 600 472 667 templum
507 598 781 668 quondam
847 599 1108 668 inclytum
1149 600 1401 656 deseris?
1431 599 1610 656 Nostri
1657 617 1784 655 vero

205 689 277 743 de
318 689 500 743 futura
528 688 734 742 Christi
800 688 1210 758 dispensatione
1243 690 1347 745 dici
1390 701 1601 758 putant,
1640 693 1783 760 quod

206 782 431 837 futuras
467 782 537 835 sit
584 782 904 850 peregrinus
937 781 990 833 in
1025 792 1192 843 terra,
1222 791 1276 835 et
1336 797 1506 850 parvo
1542 793 1786 852 tempore

209 883 373 928 terra:
403 887 600 926 usurus
637 871 896 941 hospitio,
933 880 988 925 et
1016 873 1172 938 quasi
1203 873 1283 925 vir
1316 875 1694 940 pertransiens
1725 889 1787 929 ac

209 966 493 1025 robustus,
545 962 734 1013 relicto
792 959 976 1022 Israel,
1027 961 1212 1014 tendat
1245 963 1311 1014 ad
1367 965 1604 1031 gentium
1641 964 1784 1017 mul-

208 1053 554 1118 titudinem;
618 1061 676 1104 ut
735 1054 800 1102 de
855 1050 974 1104 loco
1031 1054 1094 1104 ad
1151 1052 1351 1114 locum,
1404 1052 1472 1106 de
1495 1053 1691 1122 populo
1718 1056 1784 1107 ad

208 1143 492 1212 populum,
528 1146 592 1196 de
623 1142 820 1212 templo
858 1145 923 1196 ad
959 1143 1259 1197 Ecclesium
1306 1154 1567 1202 transeat.
1631 1146 1785 1212 Quod

208 1245 394 1286 autem
448 1235 598 1302 juxta
657 1235 1015 1304 Septuaginta
1070 1235 1294 1298 dicitur,
1376 1235 1630 1304 Nunquid
1684 1237 1788 1290 eris

207 1343 366 1396 quast
411 1325 564 1379 homo
591 1327 878 1392 dormiens,
919 1337 968 1380 et
1001 1328 1156 1397 quasi
1183 1328 1261 1381 vir
1303 1331 1392 1398 qui
1430 1330 1636 1383 salvare
1689 1345 1791 1382 non

209 1420 379 1486 possit
414 1419 438 1470 ?
468 1419 881 1474 similitudinem
924 1424 1096 1489 ponit,
1139 1433 1194 1475 et
1223 1438 1327 1475 non
1356 1422 1430 1475 rei
1482 1422 1790 1485 veritatem,

211 1511 517 1563 secundum
587 1509 714 1564 illud
766 1513 910 1580 quod
966 1513 1227 1580 Scriptum
1267 1520 1393 1564 est:
1443 1510 1631 1580 Surge,
1693 1527 1789 1564 cur

208 1602 432 1663 dormis,
461 1601 678 1655 Domine
697 1601 870 1672 (Psal.
892 1619 1041 1667 mu,
1066 1603 1195 1671 23)?
1222 1620 1326 1656 non
1355 1605 1497 1672 quod
1528 1605 1790 1659 Dominus

211 1693 471 1757 dormiat,
499 1695 564 1745 de
583 1709 691 1761 quo
713 1696 935 1759 dicitur,
978 1692 1100 1746 Non
1125 1694 1457 1758 dormitabit,
1488 1712 1649 1764 neque
1669 1701 1795 1749 dor-

1887 509 2351 563 holocanstomata
2413 517 2468 560 et
2523 508 2792 567 victimas,
2830 520 2932 556 non
2971 500 3267 569 suscipiam
3302 515 3398 553 eas
3443 514 3458 554 :

1887 602 2143 668 quoniam
2164 599 2364 666 gladio,
2387 599 2527 653 fame
2547 609 2600 651 et
2633 609 2785 665 peste
2815 610 2915 662 ego
2941 606 3258 648 c0usumam
3287 606 3400 645 eos.
3435 607 3452 640 ι

1888 693 2124 747 Stultum
2155 702 2234 747 est
2262 707 2420 745 orare
2445 707 2539 758 pro
2562 705 2626 743 eo
2653 690 2744 757 qui
2774 688 3078 755 peccaverit
3113 687 3178 736 ad
3206 690 3460 746 mortem,

1889 785 2100 838 dicente
2156 781 2414 837 Joanne:
2461 779 2554 832 Est
2606 792 2880 848 peccatum
2941 779 3008 830 ad
3044 786 3284 839 mortem,
3355 789 3460 826 non

1887 889 1982 941 pro
2016 873 2106 925 illo
2133 873 2250 925 dico
2299 883 2353 925 ut
2407 881 2547 940 roget
2608 871 2724 938 quis
2767 869 2949 936 (Joan.
2983 884 3034 930 v,
3091 865 3202 932 16).
3270 861 3461 917 Omnis

1889 964 2148 1033 iniquitas
2202 974 2478 1032 peccatum
2519 973 2622 1026 es‘l,
2657 972 2707 1014 et
2767 973 2851 1015 est
2885 967 3163 1028 pCCCatunt
3228 971 3335 1010 non
3392 953 3462 1007 ad

1892 1067 2123 1111 mortem
2158 1059 2198 1110 ¹.
2243 1056 2475 1124 Jejunia,
2510 1064 2564 1108 et
2621 1069 2825 1122 preces,
2857 1065 2913 1107 et
2943 1055 3178 1106 victima:
3218 1062 3271 1104 et
3304 1051 3459 1104 holo-

1891 1159 2080 1204 causta
2110 1157 2238 1202 tunc
2271 1148 2584 1214 proﬁciunt,
2627 1161 2751 1198 cum
2788 1146 3094 1198 recedimus
3131 1158 3158 1194 a
3196 1141 3368 1206 vitiis,
3407 1150 3461 1194 et

1894 1240 2091 1294 ﬂetnus
2142 1241 2366 1308 antiqua
2425 1248 2668 1308 peccata.
2713 1237 2808 1291 Sin
2850 1245 3027 1288 autem
3075 1234 3128 1287 in
3165 1232 3463 1287 sceleribus

1899 1341 2304 1399 permanentes,
2345 1331 2720 1398 putaverimus
2775 1327 2917 1381 votis
2969 1336 3130 1392 atque
3178 1323 3463 1377 sacriﬁciis

1895 1422 2163 1476 redimere
2222 1437 2321 1474 nos
2357 1423 2400 1486 ⁸,
2449 1421 2808 1474 vehementer
2861 1429 3134 1476 erramus,
3223 1413 3464 1481 iniquum

1900 1515 2227 1569 arbitrantes
2297 1515 2484 1568 Deum.
2556 1510 2658 1577 Qui
2706 1511 2853 1564 enim
2909 1508 3075 1562 semel
3146 1507 3348 1577 gladio,
3414 1515 3470 1558 ct

1895 1604 2051 1670 fami,
2089 1616 2142 1660 et
2200 1607 2334 1675 pesti
2404 1605 2567 1659 fuerit
2622 1604 2944 1667 destinatus,
3020 1604 3180 1656 nullis
3214 1600 3469 1671 precibus

1903 1701 2019 1750 erui
2052 1709 2253 1767 potest.
2289 1696 2441 1752 Unde
2498 1707 2552 1752 et
2581 1696 2866 1766 Propheta:
2915 1697 3137 1759 dicitur,
3171 1710 3238 1748 ne
3263 1696 3464 1747 frustra

215 1787 340 1838 ntiet
365 1787 454 1852 qui
478 1787 700 1839 custodit
731 1786 900 1839 Israel
926 1784 1099 1855 (Psal.
1124 1801 1248 1851 cxx,
1281 1787 1336 1856 4)
1370 1789 1502 1852 ;sed
1539 1789 1681 1856 quod
1712 1787 1794 1841 his
1827 1783 1868 1840 Β
1899 1800 2048 1857 roget
2083 1791 2224 1856 quod
2245 1790 2535 1858 impetrare
2571 1804 2674 1843 non
2723 1788 2912 1856 possit.

214 1877 464 1928 videatur
497 1877 737 1930 dormire
767 1890 904 1944 quos
937 1876 1158 1930 deserit.
1194 1877 1435 1945 Denique
1475 1877 1525 1930 in
1549 1892 1789 1946 sequen-

213 1966 361 2018 tibus
407 1982 510 2019 non
547 1967 846 2022 scribitur:
883 1967 959 2019 vir
987 1966 1251 2021 dormiens
1295 1970 1384 2037 qui
1442 1969 1653 2021 sa~lvare
1683 1972 1789 2022 non

221 2057 427 2124 possit;
475 2057 568 2112 sed
616 2059 768 2127 quasi
827 2061 942 2125 vir,
1003 2061 1056 2114 iu
1121 2072 1352 2130 utroque
1409 2060 1784 2129 ἁνθρωποπά-

216 2147 325 2210 θὼς
348 2150 628 2204 scribitur.

296 2257 315 2290 ι
348 2240 430 2294 Tu
457 2252 636 2296 autem
677 2243 730 2296 in
761 2244 916 2299 nobis
941 2260 1022 2310 es,
1053 2245 1300 2311 Domine,
1325 2256 1379 2300 et
1417 2262 1610 2300 nomen
1639 2256 1787 2298 tuum

217 2333 527 2388 invocatum
560 2345 642 2387 est
668 2349 833 2401 super
865 2352 986 2404 nos,
1048 2354 1113 2392 ne
1145 2339 1492 2407 derelinquas
1526 2353 1624 2392 nos
1661 2339 1790 2406 (sive

219 2440 287 2480 ne
313 2426 654 2480 obliviscaris
704 2429 875 2482 nostri
903 2433 966 2498 )..
1021 2429 1122 2494 Qui
1180 2429 1320 2500 apud
1368 2429 1533 2500 940
1569 2428 1788 2484 .ludzeos

218 2520 374 2588 quasi
405 2517 610 2572 advena
642 2519 854 2573 iuturus
877 2536 937 2574 es
967 2531 1019 2574 et
1048 2523 1242 2584 viator,
1278 2533 1331 2576 et
1385 2526 1464 2575 vir
1495 2536 1686 2591 vagus,
1733 2530 1791 2575 et

219 2612 500 2679 antiquam
538 2613 792 2665 deserens
835 2611 1201 2679 mansionem,
1238 2615 1289 2665 in
1323 2613 1476 2665 nobis
1525 2615 1738 2666 habitas
1772 2628 1787 2677 ;

219 2712 275 2756 et
338 2716 533 2756 nomen
597 2713 747 2755 tuum
822 2703 1134 2756 invocatum
1196 2717 1281 2756 est
1338 2718 1501 2771 super
1563 2717 1681 2768 nos,
1731 2713 1790 2756 ut

221 2794 557 2864 appellemur
581 2793 889 2859 Christiani,
929 2796 1128 2848 idcirCo
1163 2809 1266 2848 n0u
1297 2795 1644 2864 derelinquas
1668 2810 1788 2860 nos,

219 2899 275 2941 et
305 2901 370 2940 ne
407 2885 739 2938 obliviscaris
768 2885 959 2948 nostri,
1015 2887 1211 2953 quibus
1243 2887 1311 2937 de
1343 2883 1527 2938 futuro
1553 2883 1789 2938 adventu

223 2990 336 3043 tuo,
391 2979 629 3032 omnium
692 2977 1077 3046 prophetarum
1128 2991 1222 3030 ora
1269 2977 1609 3030 cecinerunt.

296 3071 476 3142 (Vers.
513 3071 596 3125 lO.
631 3071 648 3139 )
701 3087 719 3120 ‹
752 3069 874 3122 lla-c
929 3069 1062 3123 dicit
1089 3069 1351 3123 Dominus
1406 3070 1604 3138 populo
1639 3069 1786 3135 huic,

220 3168 348 3236 quia
391 3166 572 3218 dilein
612 3167 631 3233 (
662 3164 768 3216 sive
805 3164 1152 3232 dilexerunt)
1184 3176 1402 3216 movere
1442 3163 1605 3231 pedes
1631 3178 1786 3227 suos,

220 3271 406 3314 etnon
433 3257 637 3326 quievit
669 3255 796 3326 (sive
827 3271 931 3308 non
965 3266 1326 3324 pepercerunt
1357 3253 1473 3325 [AL
1499 3251 1788 3324 pepercit])

221 3365 277 3408 et
337 3353 566 3406 Domino
631 3368 734 3406 non
778 3352 982 3420 placuit
1012 3351 1143 3410 (sive
1174 3361 1230 3405 et
1259 3349 1408 3404 Deus
1444 3367 1550 3404 non
1587 3351 1791 3419 placuit

222 3443 341 3516 [ΑΙ.
386 3443 750 3512 complacuit]
803 3443 906 3496 sibi
945 3442 994 3494 in
1023 3441 1148 3510 eis)
1184 3457 1200 3506 ;
1243 3455 1387 3494 nunc
1412 3441 1793 3494 recordabitur

221 3536 575 3606 iniquitatum
607 3550 820 3599 eorum,
873 3547 927 3588 et
977 3534 1218 3587 visitabit
1259 3543 1477 3602 peccata
1526 3548 1734 3588 eorum.
1766 3549 1786 3583 ι

228 3629 456 3680 Dicente
506 3625 707 3694 populo
739 3639 755 3679 :
789 3624 966 3690 Quare
1025 3623 1201 3678 factus
1237 3638 1296 3677 es
1355 3632 1412 3676 ut
1459 3623 1685 3687 advena,
1740 3631 1794 3676 et

231 3723 412 3773 viator
453 3729 506 3771 et
557 3732 747 3786 vagus,
813 3725 872 3769 ut
932 3727 1078 3770 tuam
1122 3720 1345 3771 deseras
1411 3713 1795 3769 mansionem?

226 3814 519 3881 respondet
540 3809 797 3864 Dominus
824 3813 1024 3878 populo
1056 3810 1329 3878 quondam
1348 3823 1448 3862 suo
1478 3805 1608 3862 :Vis
1635 3819 1796 3860 nosse

231 3915 501 3957 rationem
531 3901 554 3954 *ἓ
585 3903 831 3956 ausculta
904 3902 1048 3971 quod
1116 3901 1314 3954 dicitur
1345 3917 1358 3952 :
1389 3897 1528 3965 Quia
1609 3899 1796 3953 dilexit

231 3997 464 4066 pepulus
495 4010 712 4048 movere
751 3993 915 4064 pedes
940 4007 1092 4056 suos,
1125 4002 1306 4045 etnon
1333 3991 1552 4045 abstulit
1589 4003 1679 4044 eos
1731 3988 1799 4042 de

230 4087 498 4157 compede
547 4095 921 4156 peccatorum,
959 4085 1075 4139 sive
1121 4099 1226 4138 non
1285 4084 1516 4152 quievit,
1548 4090 1603 4135 et
1650 4089 1800 4136 stare

234 4199 340 4236 non
387 4182 560 4250 potuit
613 4195 628 4235 ε
661 4180 862 4233 idcirco
900 4188 952 4231 et
985 4177 1196 4232 deserui
1237 4192 1386 4241 eum,
1439 4185 1493 4230 et
1525 4174 1667 4228 nulla
1717 4181 1801 4228 est

233 4278 285 4330 in
329 4276 423 4329 illo
457 4273 587 4327 mihi
629 4271 1040 4342 complacentia.
1075 4272 1174 4335 Qui
1207 4269 1373 4338 igitur
1427 4267 1516 4320 diu
1565 4265 1798 4332 distulit,

232 4380 286 4423 et
314 4384 410 4438 per
445 4368 770 4436 patientiam
808 4366 982 4418 noluit
1012 4365 1208 4432 punire
1248 4371 1560 4430 peccantes,
1591 4361 1716 4430 quia
1744 4360 1798 4412 in

1967 1881 2146 1953 (Vers.
2187 1882 2481 1951 15,14.)‹
2526 1881 2592 1935 Ει
2639 1881 2774 1944 dixi,
2816 1881 2923 1947 Ah,
2962 1882 3050 1944 ab,
3089 1882 3185 1946 ah,
3241 1881 3468 1936 Domine

1893 1972 2034 2028 Deus
2065 1973 2086 2004 ⁸
2140 1973 2266 2038 (sire
2291 1972 2450 2044 94],
2495 1974 2585 2042 qui
2615 1988 2694 2034 es,
2727 1972 2953 2026 Domine
2992 1974 3154 2042 Dens)
3186 1990 3200 2039 ;
3230 1973 3464 2042 prophe-

1894 2074 1961 2119 ta:
1996 2065 2185 2119 dicunt
2217 2065 2321 2128 eis,
2358 2065 2475 2118 Noti
2517 2065 2770 2122 videbitis
2806 2064 3059 2137 gladium,
3083 2076 3138 2120 et
3169 2067 3335 2118 iantes
3361 2081 3468 2117 non

1900 2156 2008 2210 erit
2033 2157 2085 2210 in
2125 2156 2277 2210 vobis
2306 2172 2322 2220 ;
2347 2157 2442 2211 sed
2467 2172 2654 2226 pacem
2689 2172 2870 2210 veram
2903 2157 3054 2211 dabit
3093 2157 3243 2210 vobis
3269 2157 3321 2210 in
3349 2157 3470 2210 loco

1892 2250 2018 2301 isto.
2081 2246 2146 2299 Et
2197 2249 2334 2301 dixit
2367 2247 2629 2303 Dominus
2689 2251 2757 2303 ad
2819 2247 3139 2303 mezFalso
3195 2252 3470 2317 pr0phetae

1893 2341 2261 2396 vaticinantur
2289 2344 2341 2394 in
2373 2342 2592 2395 nomine
2627 2357 2748 2396 meo
2775 2358 2792 2408 ;
2831 2359 2934 2396 non
2968 2343 3090 2395 tnisi
3117 2358 3234 2407 eos,
3267 2352 3320 2396 et
3351 2359 3459 2396 non

1893 2433 2122 2503 praecepi
2163 2434 2265 2499 eis,
2321 2448 2496 2502 neque
2526 2433 2736 2487 locutus
2763 2447 2885 2486 sum
2923 2436 2986 2485 ad
3045 2449 3160 2486 eos.
3196 2432 3464 2486 VisiOnem

1892 2525 2231 2590 mendacem,
2287 2534 2341 2579 et
2374 2525 2764 2579 divinationem
2821 2525 3219 2578 fraudulentam
3277 2523 3465 2596 [Vulg.

1890 2626 1945 2670 et
1999 2616 2423 2670 fraudulentiam
2458 2614 2478 2686 ]
2515 2651 2530 2676 ,
2597 2626 2654 2671 et
2702 2615 3078 2670 setlnctionein
3130 2619 3317 2668 cordis
3381 2616 3466 2668 sui

1892 2709 2215 2778 prophetant
2277 2709 2458 2763 vobis.
2498 2725 2520 2760 ›
2587 2707 2828 2762 Audiam
2882 2709 2994 2762 haec
3054 2707 3318 2774 magistri,
3372 2707 3468 2776 qui

1892 2798 2241 2868 peccantibus
2268 2807 2322 2852 et
2362 2800 2413 2852 in
2470 2800 2586 2854 suis
2636 2799 2786 2853 vitiis
2827 2801 3297 2869 permanentibus,
3329 2813 3461 2866 pro-

1891 2905 2050 2958 spera
2104 2890 2466 2958 pollicentur;
2499 2891 2589 2959 qui
2649 2890 2839 2944 dicunt
2881 2891 3139 2944 divitibus
3179 2906 3194 2946 :
3228 2889 3344 2943 Non
3387 2889 3466 2941 vi-

1893 2981 2090 3036 debitis
2111 2982 2348 3052 gladium
2382 2993 2774 3036 tormentorum
2810 2984 2924 3042 Dei,
2955 2990 3010 3036 et
3035 2981 3206 3035 fames
3237 2998 3344 3035 non
3369 2985 3474 3036 erit

1896 3076 1951 3128 in
1975 3074 2553 3129 vobis.Satnrabimini
2575 3074 2771 3143 quippe
2795 3075 3137 3128 sermonibus
3161 3075 3253 3128 Dei
3278 3088 3294 3128 :
3315 3085 3369 3126 et
3388 3091 3475 3142 pa-
3551 3107 3556 3111 ε

1897 3181 2012 3220 cem
2031 3165 2181 3220 dabit
2196 3167 2348 3221 vobis
2362 3168 2622 3220 Dominus
2641 3164 2975 3220 verissimam
2996 3166 3048 3218 in
3069 3165 3184 3220 loco
3198 3164 3471 3234 Ecclesiae,

1899 3258 2014 3312 sive
2029 3257 2350 3312 Jerusalem.
2376 3256 2527 3322 Quod
2551 3270 2732 3311 autem
2763 3257 2920 3322 dixit,
2941 3256 3102 3326 juxta
3125 3256 3472 3322 Hebraicum,

1903 3350 2064 3404 tertio
2096 3348 2189 3415 alt,
2217 3349 2305 3415 alt,
2335 3352 2423 3412 ah,
2456 3349 2520 3401 ad
2552 3351 2734 3417 priora
2762 3348 2872 3418 [ΑΙ.
2897 3347 3141 3417 propria]
3171 3348 3471 3416 respondit,

1902 3441 1992 3495 ubi
2017 3440 2278 3496 Dominus
2304 3437 2484 3494 fuerat
2513 3441 2894 3502 comminatus,
2925 3439 3111 3493 dicens
3145 3454 3161 3494 :
3190 3437 3402 3501 Gladio,
3424 3447 3473 3491 et

1901 3535 2064 3602 fame,
2102 3543 2151 3587 et
2185 3541 2326 3601 peste
2357 3549 2450 3603 ego
2480 3548 2788 3585 consumam
2825 3549 2936 3585 eos.
2995 3531 3129 3596 Quia
3164 3530 3324 3600 igitur
3347 3546 3476 3599 pro-

1902 3627 2102 3699 phetae,
2136 3628 2246 3680 imo
2293 3627 2776 3695 pseudOprOphetaa
2827 3624 2961 3677 falsa
3023 3624 3248 3692 polliciti
3301 3634 3473 3678 sunt:

1903 3719 2026 3773 ideo
2076 3717 2336 3773 Dominus
2380 3717 2594 3770 locutus
2652 3725 2734 3770 est
2767 3731 2862 3784 per
2900 3714 3194 3769 Jeremiam
3235 3729 3254 3772 ξ
3299 3715 3477 3770 Nolite

1903 3811 2090 3867 audire
2149 3811 2306 3862 verba
2358 3809 2961 3878 pseudoprOphetarum
3019 3810 3110 3876 qui
3159 3822 3261 3861 non
3299 3823 3328 3861 a
3391 3823 3476 3862 me

1907 3904 2056 3958 missi
2087 3911 2246 3967 sunt,
2280 3903 2378 3956 sed
2413 3916 2513 3954 sua
2547 3901 2826 3955 voluntate
2865 3909 3149 3954 venerunt.
3196 3899 3349 3954 Unde
3379 3915 3474 3954 ue-

1907 4008 2178 4062 quaquam
2215 3993 2512 4061 prophetae,
2542 3991 2639 4045 sed
2671 3990 2839 4045 divini
2879 3998 3006 4043 sunt
3035 3991 3358 4059 appellandi,
3381 3993 3474 4058 qui

1908 4085 2282 4142 seductionem
2320 4082 2520 4152 populo
2567 4082 2878 4148 loquuntur.
2921 4081 3086 4134 Multo
3115 4083 3257 4134 enim
3286 4082 3476 4136 melius

1909 4191 1994 4235 est
2027 4178 2222 4231 timore
2258 4190 2544 4246 poenarum
2574 4175 2865 4227 emendare
2894 4182 3138 4242 peccata,
3175 4188 3334 4242 quam
3381 4187 3477 4243 spe

1909 4285 2290 4342 pr08perorum
2323 4270 2516 4322 divina:
2544 4269 2828 4321 sententia:
2859 4266 3158 4334 suhjacere.

1982 4363 2160 4430 (Vers.
2195 4361 2284 4424 15,
2315 4360 2422 4427 t6.)
2456 4377 2473 4408 ι
2505 4359 2626 4412 Ideo
2651 4360 2766 4411 haec
2801 4357 2930 4410 dicit
2955 4358 3216 4413 Dominus
3244 4357 3312 4414 de
3349 4374 3448 4430 pro
3525 4409 3531 4414 .

232 4463 440 4515 scelere
499 4468 964 4527 permanserunt;
1015 4455 1392 4509 recordabitur
1451 4453 1796 4520 iniquitatum
1836 4467 1882 4526 υ
1910 4455 2107 4525 ριιειὶε,
2140 4454 2233 4522 qui
2271 4453 2597 4520 prophetam
2644 4451 2694 4503 in
2741 4448 2962 4503 nomine
3021 4464 3162 4514 meo,
3200 4464 3336 4518 quos
3377 4465 3478 4518 ego

233 4568 421 4606 eorum
481 4559 595 4617 get
658 4550 811 4618 quasi
887 4547 1298 4616 aegrotantium,
1362 4552 1416 4596 et
1465 4543 1630 4594 Deum
1694 4556 1801 4593 non

233 4645 608 4706 sentientium,
661 4652 881 4711 peccata
943 4641 1204 4702 visitabit,
1270 4647 1327 4689 ut
1375 4641 1516 4689 ultra
1576 4647 1804 4702 peccare

231 4740 524 4793 deSIstant.
563 4734 872 4787 Notandqu
934 4740 1116 4784 autem
1156 4731 1208 4782 in
1249 4728 1546 4796 Scripturis
1598 4730 1804 4780 sanctis

237 4835 385 4901 quod
459 4843 673 4897 semper
731 4835 1076 4896 peccatorum
1125 4831 1444 4876 moveantur
1502 4823 1688 4889 pedes,
1749 4827 1805 4874 et

235 4922 460 4977 Sanctis
483 4921 694 4975 dicatur
718 4936 840 4974 cum
878 4921 985 4987 lito,
1001 4933 1057 4970 se
1093 4931 1110 4972 ;
1141 4915 1217 4968 Tu
1239 4931 1357 4969 vero
1378 4914 1460 4966 ltt'c
1491 4923 1574 4968 sta
1601 4927 1802 4964 mecum

233 4992 422 5085 (Deut.
444 5028 497 5075 ν,
521 5012 634 5079 5|).
671 5010 736 5064 Et
763 5011 886 5063 alibi
913 5008 1174 5078 scriptum
1206 5009 1276 5062 sit
1312 5021 1327 5063 :
1355 5003 1617 5071 Laudate,
1644 5004 1802 5068 servi,

236 5106 542 5170 Dominum,
599 5104 687 5171 qui
720 5103 873 5155 statis
906 5103 962 5154 in
1027 5100 1180 5152 domo
1223 5099 1462 5166 Domini,
1524 5099 1579 5150 in
1653 5097 1803 5148 atriis

233 5202 422 5250 domus
456 5195 556 5248 Dei
599 5194 764 5249 nostri
795 5193 966 5261 (Psal.
1001 5206 1220 5258 cxxxtv,
1258 5194 1309 5244 ι.
1343 5191 1422 5261 2).

306 5290 488 5362 (Vers.
519 5287 606 5353 ll,
636 5288 719 5340 12.
752 5289 769 5358 )
805 5305 822 5338 t
856 5286 921 5339 Et
945 5287 1082 5340 dixit
1116 5285 1376 5338 Dominus
1407 5283 1473 5336 ad
1510 5297 1596 5334 me
1633 5296 1646 5336 :
1681 5277 1802 5333 Noli

233 5399 394 5439 orare
430 5398 528 5452 pro
560 5382 754 5449 populo
780 5381 881 5433 isto
910 5379 963 5431 in
997 5378 1219 5431 bonum.
1247 5374 1381 5430 Cum
1408 5375 1802 5442 jejuuaverint,

305 5544 320 5572 ¹
348 5539 590 5609 Nt-gaudi
626 5537 946 5604 particulam
979 5536 1079 5588 hoc
1108 5533 1224 5609 loco
1246 5528 1533 5609 hVictorius
1569 5526 1800 5609 respuit,

234 5621 379 5682 quod
409 5604 461 5664 in
505 5627 619 5682 ipso
645 5609 889 5669 Joannis,
905 5620 1078 5682 quem
1114 5604 1323 5665 alludit,
1370 5609 1670 5682 textuhuon
1700 5604 1799 5682 sit.

309 5689 327 5716 ⁸
357 5667 538 5733 Petth
566 5667 1164 5742 Habanunt,’Redintere
1195 5687 1284 5724 nos
1312 5684 1465 5742 aures
1507 5667 1621 5732 Dei,
1648 5667 1800 5718 velte-

238 5767 460 5818 mcnter,
513 5762 617 5804 etc.
690 5750 748 5803 ln
783 5738 981 5821 -Vatic.
1024 5756 1229 5810 autem,
1292 5756 1356 5796 ac
1383 5738 1609 5794 Cisterc.
1641 5750 1800 5805 niss,

1907 4561 2012 4600 non
2045 4544 2190 4608 misi,
2217 4544 2461 4597 dicentes
2493 4557 2509 4594 :
2539 4540 2767 4596 Gladius
2815 4549 2869 4594 et
2907 4540 3081 4594 fames
3113 4554 3217 4594 non
3268 4543 3374 4595 erit
3421 4542 3472 4595 in

1909 4649 2050 4691 terra
2090 4637 2192 4688 hac
2227 4652 2242 4700 ;
2300 4634 2481 4705 gladio
2510 4643 2563 4687 et
2597 4635 2739 4687 fame
2769 4641 3159 4688 coosumentur
3203 4635 3476 4702 propheta:

1907 4727 2006 4781 illi.
2041 4725 2107 4780 Et
2131 4725 2336 4795 populi,
2376 4723 2573 4793 quibus
2596 4725 2988 4793 prophetarum
3018 4706 3202 4794 [Ῠιιιθ.
3242 4723 3474 4791 prophe-

1907 4817 2072 4890 tant],
2114 4817 2342 4887 projecti
2371 4826 2530 4871 erunt
2560 4817 2612 4870 in
2648 4816 2752 4870 viis
2773 4815 3075 4870 Jerusalem
3109 4827 3220 4882 prae
3248 4811 3390 4866 tame
3419 4823 3474 4866 et

1903 4912 2104 4982 gladio,
2129 4919 2184 4964 et
2207 4924 2314 4964 non
2355 4909 2462 4964 erit
2490 4909 2584 4976 qui
2618 4908 2852 4977 sepeliat
2880 4922 2973 4962 eos
3007 4922 3024 4962 :
3056 4905 3158 4974 ipsi
3189 4913 3244 4958 et
3277 4918 3473 4958 uxores

1905 5017 2116 5068 eorum,
2152 5001 2247 5056 lilii
2281 5010 2336 5056 et
2361 5001 2486 5055 lilia:
2523 5015 2740 5066 eorum,
2771 5007 2826 5052 et
2872 4995 3148 5051 eﬂ‘undam
3177 5009 3343 5064 super
3376 5010 3472 5050 eos

1906 5094 2106 5148 malum
2132 5107 2289 5148 suum
2323 5092 2452 5162 (sive
2482 5090 2625 5144 mala
2653 5089 2800 5158 sua).
2827 5105 2848 5139 ι
2887 5086 3126 5141 Caveant
3145 5085 3477 5156 pseudopro-

1905 5190 2104 5258 pliette,
2139 5187 2231 5256 qui
2267 5198 2528 5255 prospera
2577 5177 2966 5251 promittendo,
2996 5178 3346 5246 supplantant
3374 5191 3473 5246 po-

1905 5281 2090 5350 pulum
2119 5279 2232 5342 Dei,
2265 5293 2332 5332 ne
2359 5287 2412 5331 et
2449 5275 2550 5344 ipsi
2578 5282 2825 5342 pereant,
2855 5280 2909 5326 et
2949 5272 3208 5340 deceptus
3247 5269 3476 5338 populus

1907 5372 2072 5427 simili
2099 5369 2348 5426 deleatur
2381 5367 2628 5429 interitu,
2657 5364 2989 5433 jaceantque
3025 5361 3080 5416 in
3111 5361 3208 5416 viis
3259 5359 3476 5415 Jernsa~

1905 5531 2093 5587 redimi
2128 5545 2218 5583 nos
2250 5529 2515 5581 auditores
2547 5525 2660 5579 Dei.

1979 5604 1999 5634 ³
2038 5603 2258 5654 Addunt
2289 5600 2490 5667 vulgati
2511 5599 2634 5652 libt'i
2661 5613 2824 5659 meus,
2855 5597 2996 5666 quod
3023 5605 3317 5664 pronomen
3337 5604 3474 5645 mss.

1907 5673 1997 5729 hic
2022 5691 2127 5728 nou
2159 5677 2484 5742 agnoscunt.
