3950 6180
549 305 658 370 803

553 421 642 472 leu
674 469 683 480 ,
715 425 771 473 et
799 414 1010 470 Domini
1046 423 1315 486 praecepta
1341 413 1639 480 calcantes,
1678 411 1816 467 fame
1847 421 1902 467 et
1943 411 2124 481 gladio
2159 430 2203 484 Α

558 518 806 576 pereant,
836 519 1021 563 etnon
1063 508 1134 562 sit
1175 508 1265 573 qni
1303 506 1532 577 sepeliat
1582 519 1716 563 eos:
1757 518 1856 557 nec
1901 501 2133 574 ignomi-

560 604 704 655 niam
764 617 949 656 eorum
1005 602 1223 670 pulvere
1261 602 1474 670 operiat
1535 599 1897 669 poenitentiae.
1933 597 2000 650 Et
2029 596 2130 665 ipsi

556 696 704 750 enim
739 696 1013 762 prolrlteta:
1048 705 1102 748 et
1133 695 1384 763 populus,
1415 707 1719 762 uxoresque
1748 706 1937 746 eorum
1968 700 2023 742 et
2074 691 2134 742 ll-

561 791 614 841 lii
647 799 702 842 et
749 788 890 852 lilia‘,
943 790 1229 855 omnisque
1290 787 1572 857 generatio
1614 788 1819 853 absque
1877 785 1984 838 ullo
2023 782 2137 853 pol-

561 883 791 934 linctore
847 877 956 950 [ΑΙ.
1014 877 1400 949 pollicitatore]
1447 878 1496 931 in
1550 877 1951 943 Sterquilinium
2006 875 2131 927 erit.

553 971 753 1037 Quanti
817 972 1000 1038 jacent
1049 971 1100 1023 in
1149 971 1251 1023 viis
1285 969 1588 1024 Jerusalem
1622 969 1636 1020 l
1671 978 1800 1037 quot
1857 968 2135 1021 cernimus

560 1065 861 1132 insepultos
912 1063 1156 1129 recipere
1197 1062 1338 1115 main
1369 1075 1487 1124 sua,
1516 1077 1655 1130 qum,
1693 1059 1918 1114 Domino
1963 1057 2136 1110 etfun-

552 1158 735 1216 dente,
769 1152 1049 1222 patiuntur
1079 1155 1091 1205 l

629 1245 806 1312 (Vers.
853 1244 964 1312 t7.)
1002 1261 1020 1293 ι
1055 1241 1118 1295 Ει
1151 1242 1302 1296 dices
1332 1243 1398 1294 ad
1423 1254 1518 1295 eos
1550 1241 1772 1295 verbum
1809 1243 1949 1295 istud
1985 1258 1999 1294 :
2041 1240 2139 1294 De-

553 1338 920 1389 ducantocoli
986 1336 1088 1387 mei
1147 1336 1450 1408 laerymam
1495 1333 1624 1402 (sive
1682 1334 1947 1387 deducant
1997 1334 2136 1386 oculi

553 1424 721 1478 vestri
753 1424 1048 1493 lacrymas)
1085 1438 1177 1491 per
1223 1425 1362 1475 diem
1419 1432 1473 1476 et
1542 1431 1777 1486 noctem,
1811 1433 1864 1477 et
1920 1438 2026 1475 non
2060 1431 2141 1476 ta-

549 1527 714 1573 ceant
745 1518 869 1585 (sive
899 1533 1008 1571 non
1040 1523 1302 1584 cessent),
1341 1517 1594 1584 quoniam
1619 1514 1782 1586 942
1815 1515 2140 1570 contritione

562 1626 759 1678 magna
809 1611 1040 1662 contrita
1072 1617 1155 1662 est
1210 1609 1360 1678 virgo
1423 1608 1527 1661 lilia
1591 1609 1777 1677 populi
1834 1608 2183 1676 tnci,plaga'

566 1703 804 1768 pessima
839 1703 1211 1755 vehementer.
1247 1721 1264 1751 ›
1309 1701 1603 1772 Dupliciter
1635 1702 1723 1754 hic
1768 1702 1914 1756 locus
1946 1700 2141 1754 intelli-

2236 687 2424 739 cadent

1723 300 1784 359 S.
1829 297 2141 360 EUSEBII
2215 296 2653 359 HIERONYMI
3665 300 3746 362 ιιι

2305 407 2485 478 (Vers.
2529 407 2647 475 20.)
2713 423 2732 457 ι
2763 404 3150 476 Cognovitnns,
3207 403 3452 471 Domine,
3499 403 3749 473 impietatcs

2239 509 2476 562 nostras,
2521 510 2575 552 et
2626 499 2968 566 iniquitatem
3029 507 3242 566 patrum
3302 505 3747 570 nostrorumque

2237 591 2585 660 peccavimus
2641 591 2761 642 tibi.
2789 608 2809 640 ι
2843 589 2908 641 Ει
2937 604 3056 654 nos,
3088 590 3282 659 inquit,
3321 597 3374 643 et
3423 599 3588 658 patres
3617 594 3747 643 nostri

2487 684 2787 744 dementia,
2860 682 2953 735 Dei
3008 691 3274 750 pra-cepta
3327 682 3672 752 neglexlrnus:
3712 695 3752 737 et

2239 775 2456 844 impleta
2500 784 2580 829 est
2612 777 2662 828 in
2699 775 2856 829 nobis
2914 789 3164 828 mensura
3191 773 3356 844 943
3411 774 3751 841 majorum;ut

2241 868 2506 938 quidquid
2533 868 2641 922 illis
2671 868 2946 928 defuerat,
2967 877 3152 918 nostro
3179 867 3395 918 cumulo
3425 866 3752 933 contpleretur.

2245 960 2397 1015 Unde
2425 973 2478 1016 et
2509 963 2574 1015 de
2596 959 2736 1024 Juda
2765 960 2968 1014 dicitur
2996 974 3010 1012 :
3051 958 3117 1011 In
3159 959 3462 1010 memoriam
3491 960 3646 1010 redeat
3673 959 3752 1007 ini-

2240 1056 2416 1124 quitas
2446 1025 2658 1121 patrum
2715 1053 2828 1120 ejus
2855 1055 2905 1105 in
2939 1060 3220 1118 conspectu
3261 1049 3471 1103 Domini
3501 1063 3517 1100 :
3549 1059 3588 1100 et
3613 1064 3752 1115 percn-

2241 1157 2352 1201 tum
2395 1148 2584 1199 matris
2619 1146 2732 1214 ejus
2761 1161 2866 1198 non
2923 1143 3183 1196 delentur.
3212 1140 3378 1194 Fiant
3423 1150 3588 1193 contra
3617 1139 3755 1191 [Ionii-

2239 1254 2364 1292 num
2393 1249 2637 1306 semper:
2679 1247 2727 1290 et
2756 1236 3022 1304 dispereut
3066 1235 3129 1288 de
3160 1243 3302 1288 terra
3349 1233 3585 1285 memoria
3616 1247 3754 1284 curant

2245 1330 2420 1402 (Psal.
2456 1345 2608 1392 cvrtt,
2639 1329 2726 1392 Η,
2754 1328 2867 1396 15).

2315 1420 2497 1493 (Vers.
2533 1420 2648 1492 Ἡ.)
2688 1420 2815 1474 «.Ne
2848 1434 2947 1474 nos
2986 1418 3083 1473 des
3112 1419 3163 1472 in
3199 1419 3542 1488 opprobrium
3583 1429 3755 1486 propter

2244 1529 2439 1568 nomen
2477 1522 2653 1576 tuum,
2679 1527 2856 1581 neque
2882 1512 3051 1565 facias
3093 1511 3251 1564 nobis
3283 1511 3657 1564 contumeliam.
3681 1511 3755 1562 So-

2243 1607 2300 1660 lii
2332 1605 2517 1672 glorim
2564 1614 2669 1657 tum
2716 1606 3006 1657 recordare
3039 1619 3053 1657 :
3089 1617 3155 1656 ne
3197 1601 3413 1655 irritum
3449 1600 3600 1656 facias
3625 1600 3756 1655 [tedas

2245 1706 2398 1752 tuum
2452 1695 2768 1750 nobiscum.
2805 1714 2824 1746 ι
2864 1694 3072 1748 Solium
3136 1695 3326 1762 gloria:
3368 1692 3458 1746 Dei
3490 1707 3586 1745 non
3624 1693 3756 1744 solum

553 1795 719 1862 gitur,
760 1793 846 1848 vel
874 1796 1016 1863 quod
1047 1795 1163 1863 ipse
1198 1794 1340 1849 Deus
1393 1796 1610 1862 plangat
1643 1795 1896 1864 populuut
1951 1807 2132 1856 suum,
2166 1788 2211 1846 Β
2242 1789 2572 1842 arbitremur
2603 1786 2886 1856 Templum
2934 1783 3161 1850 Judaete,
3231 1785 3380 1854 quod
3429 1797 3560 1852 sape
3589 1783 3757 1837 destru-

553 1898 607 1939 et
647 1887 788 1941 oculi
831 1887 950 1955 ejus
985 1887 1116 1940 ﬂere
1162 1903 1269 1940 non
1301 1897 1538 1949 cessent,
1581 1887 1665 1940 vel
1716 1896 1872 1940 certe
1903 1886 2136 1954 imperet

557 1984 614 2027 ut
643 1975 966 2044 populorum
1012 1977 1156 2030 oculi
1190 1978 1442 2046 lacrymis
1472 1975 1664 2043 ﬂuant,
1703 1993 1801 2031 nec
1849 1977 1962 2031 leve
2009 1991 2137 2030 eSse

555 2069 700 2134 quod
744 2066 1104 2135 plangendum
1135 2067 1208 2120 sit
1251 2081 1415 2128 :cum
1479 2070 1630 2138 virgo
1679 2068 1784 2121 lilia
1818 2067 1994 2136 pepuli
2050 2067 2135 2120 sui

557 2159 891 2213 contritione
929 2159 1164 2212 maxima
1191 2168 1244 2211 et
1275 2162 1426 2228 plaga
1482 2158 1808 2213 intolerabili
1876 2173 2134 2226 percussa

557 2249 648 2302 sit.
675 2249 780 2302 Alii
808 2264 870 2301 ex
900 2263 1128 2317 persona
1178 2251 1454 2318 prophetae
1487 2252 1599 2304 haec
1629 2250 1733 2303 dici
1777 2249 2136 2303 arbitrantur.

628 2340 808 2412 (Vers.
847 2341 958 2410 18.)
998 2361 1016 2392 ι
1045 2339 1102 2396 Si
1153 2358 1402 2413 egressus
1454 2341 1610 2396 fuero
1678 2343 1744 2396 ad
1801 2356 1983 2409 agros,
2011 2356 2139 2397 ecce

558 2433 724 2487 occisi
755 2432 935 2502 gladio
977 2448 992 2491 ;
1033 2441 1090 2488 et
1141 2434 1185 2487 si
1253 2433 1517 2488 introiere
1573 2434 1624 2486 in
1685 2434 1983 2497 civitatem,
2013 2447 2140 2488 ecce

561 2524 822 2578 attenuati
856 2522 998 2577 laute
1033 2525 1158 2592 (sive
1201 2524 1391 2579 dolore
1426 2526 1638 2592 lautis).
1672 2517 1942 2594 Propheta
1999 2539 2136 2594 quo-

559 2631 666 2684 que
696 2624 751 2670 et
785 2615 1044 2671 sacerdos
1075 2616 1332 2672 abierunt
1361 2616 1416 2670 iu
1445 2627 1647 2671 terram
1698 2631 1859 2685 quam
1922 2616 2139 2685 ignora-

566 2710 716 2763 haut.
755 2726 774 2759 ι
809 2707 959 2762 Justa
997 2708 1107 2779 (At.
1138 2707 1269 2779 Ista]
1303 2723 1468 2763 causa
1502 2708 1812 2779 plangendi,
1836 2709 1962 2777 quia
1989 2709 2140 2776 virgo

564 2801 799 2852 contrita
839 2801 934 2864 sit,
967 2801 1074 2854 lilia
1117 2816 1399 2870 percussa,
1427 2801 1766 2870 populusque
1812 2799 2046 2854 deletus.
2083 2797 2138 2852 Si

564 2893 731 2953 enim,
766 2893 961 2961 inquit,
996 2893 1144 2947 foras
1175 2894 1324 2948 exire
1369 2894 1615 2957 voluero,
1643 2892 1958 2947 interfectos
1991 2892 2142 2946 vide-

568 2986 634 3037 bo
675 2997 692 3040 ς
744 2985 786 3036 si
818 2984 1024 3049 ingredi
1054 2986 1354 3045 civitatem,
1376 2993 1688 3037 attenuatos
1711 2995 1764 3037 et
1803 2983 2017 3038 ossibus
2049 2983 2138 3036 vix

564 3076 858 3139 haerentes,
896 3075 1058 3129 famis
1094 3075 1422 3129 necessitate
1481 3075 1837 3141 conspiciam.
1896 3075 1962 3128 Et
2008 3075 2137 3144 quid

570 3169 766 3224 tnirum
806 3168 910 3222 hoc
934 3167 1002 3221 de
1033 3168 1187 3238 plebe
1219 3179 1274 3222 et
1326 3167 1546 3236 ignobili
1581 3168 1740 3237 vulgo
1759 3166 1986 3222 dicere?
2014 3181 2136 3221 cum

567 3259 844 3326 propheta:
891 3273 1108 3328 quoque
1131 3272 1184 3312 et
1212 3259 1545 3324 sacerdotes,
1582 3259 1822 3327 quialiis
1880 3270 2136 3328 prospera

570 3349 988 3416 prepltetabaut,
1016 3360 1073 3404 et
1103 3351 1193 3417 qui
1229 3349 1498 3404 debebant
1527 3351 1659 3420 legis
1681 3351 1892 3419 aperire
1916 3351 2140 3404 manda-

569 3450 644 3505 ta,
675 3440 775 3510 ipsi
811 3441 977 3494 ierint
1031 3442 1083 3495 in
1122 3449 1327 3495 terram
1353 3457 1515 3511 quam
1552 3442 1896 3512 ignorabant,
1942 3451 1998 3494 et
2038 3455 2140 3494 ca-

567 3533 840 3601 ptivitatis
878 3533 1490 3587 suatinuerintmalutn.
1519 3532 1756 3587 Audiant
1812 3533 1914 3586 hoc
1972 3532 2141 3586 nostri

566 3625 845 3694 prophetae
901 3632 956 3679 et
985 3624 1325 3691 sacerdotes,
1361 3625 1507 3693 quod
1554 3639 1652 3679 nec
1680 3625 1824 3678 intus
1867 3640 1964 3679 nec
2010 3624 2144 3679 loris

565 3723 793 3786 prOpter
818 3717 1198 3786 negligentiam
1223 3732 1407 3771 eorum
1431 3717 1502 3771 sit
1530 3716 1637 3771 ulla
1666 3717 1969 3784 securitas;
1996 3715 2140 3781 quod

567 3817 738 3862 eteos
762 3808 1140 3863 scandalizent
1169 3808 1262 3877 qui
1286 3807 1419 3862 foris
1445 3819 1594 3875 sunt,
1627 3818 1682 3863 et
1713 3823 1806 3864 eos
1845 3809 1939 3878 qui
1972 3811 2138 3874 intus,

568 3899 714 3954 [ante
772 3901 1001 3954 interire
1060 3901 1382 3969 patiantur:
1426 3910 1488 3955 ut
1536 3901 1630 3970 qui
1681 3911 1896 3956 actores
1940 3901 2142 3955 fuerint

567 3990 855 4059 peccandi,
899 3990 1010 4044 sint
1034 3989 1379 4044 cruciatuum
1407 3991 1564 4044 socii.

634 4083 820 4152 (Vers.
845 4082 957 4153 19.)
993 4099 1013 4135 ι
1043 4082 1310 4153 Numquid
1331 4083 1624 4154 projiciens
1645 4084 1891 4154 abiecisti
1921 4082 2140 4148 Judam,

562 4187 664 4230 aut
715 4177 844 4230 Sion
883 4176 1198 4230 abominata
1237 4186 1322 4231 est
1376 4177 1557 4231 anima
1618 4179 1752 4231 tua?
1795 4192 1963 4246 quare
2014 4191 2145 4246 ergo

561 4271 899 4338 percussisti
937 4285 1060 4336 nos,
1088 4272 1161 4325 ita
1193 4281 1252 4325 ut
1286 4270 1432 4325 nulla
1461 4271 1531 4325 sit
1558 4272 1801 4325 saturitas?
1823 4269 2147 4340 Expectavi-

519 4417 526 4424 ,
564 4377 696 4416 tuus
730 4376 939 4431 pacem,
969 4372 1028 4417 et
1087 4378 1191 4418 non
1225 4374 1310 4418 est
1367 4364 1567 4418 bonum
1609 4380 1623 4428 ;
1663 4372 1716 4417 et
1747 4373 1956 4432 tempus
1987 4377 2145 4416 cura-

573 4454 764 4519 tionis,
791 4463 844 4510 et
875 4470 1022 4512 ecce.
1064 4457 1321 4510 turbatio.
1357 4473 1376 4508 ι
1419 4455 1646 4510 Miratur
1703 4456 1966 4525 Propheta
1997 4453 2142 4525 quod
2176 4472 2222 4529 ι)

556 4542 768 4599 Judaut
823 4553 878 4600 et
934 4543 1261 4612 Jerusalem,
1317 4548 1549 4599 duarutn
1595 4547 1831 4602 tribuum
1899 4547 2147 4600 videlicet

575 4651 826 4706 regnum,
868 4637 919 4690 in
949 4652 1058 4706 quo
1087 4648 1206 4692 erat
1236 4638 1424 4708 religio
1458 4639 1572 4704 Dei,
1604 4645 1658 4692 et
1682 4637 1866 4707 templi
1890 4651 2146 4692 carente-

565 4731 700 4795 nia,
740 4727 1000 4783 Dominus
1061 4740 1167 4782 tam
1222 4740 1444 4800 repente
1503 4731 1834 4801 projecerit;
1885 4741 1936 4784 et
1995 4739 2144 4783 tanta

561 4825 906 4894 percusserit
944 4824 1122 4894 plaga,
1159 4822 1386 4876 utnulla
1418 4823 1589 4892 possit
1636 4821 1882 4876 adhiberi
1918 4822 2144 4877 medici-

571 4935 666 4974 na.
695 4918 1148 4990 Exspectavimtts,
1191 4915 1390 4985 inquit,
1422 4929 1605 4984 pacem
1626 4923 1696 4986 ,σε
1743 4925 1942 4982 tempus
1982 4930 2144 4968 cura-

572 5011 754 5076 tionis,
785 5022 840 5066 et
864 5011 1068 5067 nullum
1092 5020 1177 5068 est
1207 5014 1444 5078 bonum;
1479 5013 1574 5066 sed
1602 5020 1825 5067 econtra
1872 5013 2103 5067 turbatio
2125 5029 2146 5068 :

564 5114 636 5153 .nt
663 5103 752 5155 ubi
779 5104 1138 5171 prius-fuerat
1189 5103 1366 5158 cultus
1428 5101 1522 5156 Dei
1556 5111 1721 5173 atque
1751 5103 2141 5174 tranquil-liras,

558 5191 647 5246 .ibi
696 5193 1057 5249 seditionibus
1088 5205 1143 5248 et
1187 5195 1369 5250 hostili
1406 5195 1625 5250 fremitu
1678 5197 1858 5250 omnia
1909 5197 2147 5266 comple-

563 5291 782 5336 rentur.
839 5281 895 5335 Si
947 5284 1166 5352 quando
1195 5286 1212 5316 ⁸
1263 5299 1396 5356 ergo
1441 5297 1625 5341 nostra
1667 5284 1820 5352 Sion,
1855 5296 2149 5358 noeterque

558 5373 708 5431 Jnda
742 5374 1022 5443 abjicitur,
1052 5387 1106 5431 et
1128 5377 1479 5433 abominatur
1512 5378 1665 5434 illum
1692 5378 2022 5445 anima-Dei,
2045 5394 2145 5434 ne-

560 5484 840 5540 quaquam
873 5470 1154 5539 miremur,
1181 5469 1273 5526 sed
1300 5471 1472 5541 magis
1507 5471 1752 5529 dicamus
1780 5471 1940 5545 quod’
1959 5473 2146 5543 sequi-

561 5574 664 5618 Aur
695 5581 709 5619 ε

638 5743 666 5774 ·¹
706 5745 938 5817 Vulgati,
969 5745 1030 5803 Si
1054 5762 1175 5818 ergo
1207 5746 1541 5817 quandoque,
1574 5757 1683 5806 etc.

2243 1890 2390 1932 crum
2436 1884 2545 1941 est,
2579 1877 2674 1930 sed
2699 1890 2914 1930 omnem
2948 1885 3221 1938 sanctum,
3251 1875 3306 1927 in
3331 1889 3436 1942 quo
3460 1877 3478 1904 ²
3499 1876 3630 1941 juxta
3656 1872 3755 1925 illud

2243 1959 2386 2036 quod
2415 1968 2678 2036 scriptum
2705 1973 2790 2018 est
2823 1979 2838 2019 :
2872 1964 3140 2017 Tltronum
3169 1965 3287 2032 ejus
3315 1964 3367 2016 in
3422 1969 3598 2014 terram
3627 1960 3754 2013 aliisi-

2242 2063 2333 2124 sti,
2366 2071 2495 2114 tunc
2535 2057 2800 2123 allitlitur,
2827 2065 2988 2124 atque
3016 2055 3340 2122 destruitur,
3376 2057 3577 2124 quando
3620 2053 3754 2106 multi-

2242 2152 2427 2206 tudine
2481 2160 2831 2220 peccatorum
2896 2150 3185 2203 oll'enderit
3241 2147 3564 2212 Deum;sed
3619 2159 3754 2199 tamen

2243 2245 2336 2314 qui
2362 2261 2457 2298 sua
2497 2245 2659 2312 culpa
2689 2243 2872 2313 periit,
2905 2243 3121 2297 Domini
3147 2241 3438 2297 clementia
3461 2250 3752 2299 sustentatur.

2243 2355 2363 2408 quae
2404 2346 2647 2392 mutatur
2695 2337 2987 2392 severitate
3031 2334 3347 2400 sententiae,
3379 2335 3420 2388 si
3457 2333 3646 2387 irritum
3699 2330 3756 2381 la-

2244 2433 2354 2484 ciat
2385 2429 2644 2484 Dominus
2667 2438 2882 2498 pactum
2908 2445 3092 2491 suum,
3123 2442 3232 2496 quo
3271 2440 3370 2482 nos
3397 2425 3563 2480 saltos
3594 2423 3755 2478 futuros

2243 2537 2365 2576 esse
2406 2522 2679 2588 pollicitus
2717 2530 2822 2574 est.

2315 2613 2644 2686 (νει-832.)
2684 2631 2702 2664 ι
2735 2612 3010 2680 Numquid
3060 2620 3187 2665 sunt
3225 2611 3281 2664 itt
3331 2610 3640 2679 sculptilihns
3663 2619 3757 2673 gen-

2247 2706 2405 2769 tiunt,
2443 2706 2534 2772 qui
2582 2705 2791 2774 pluant,
2847 2712 2944 2756 aut
2985 2702 3107 2756 coeli
3142 2712 3370 2769 possunt
3405 2704 3524 2754 dare
3569 2694 3757 2751 imbres!

2243 2797 2436 2851 Nonne
2467 2805 2521 2848 tu
2556 2811 2639 2858 es,
2675 2793 2903 2847 Domine
2943 2794 3105 2854 Deus,
3143 2806 3307 2859 quem
3347 2784 3757 2858 exspectavimus?

2247 2901 2300 2943 tu
2331 2891 2473 2944 enim
2534 2889 2710 2944 fecisti
2757 2889 2940 2941 omnia
2977 2888 3114 2941 haec.
3149 2902 3167 2936 δ
3198 2884 3330 2940 Post
3368 2885 3569 2945 mullos,
3595 2883 3757 2934 varios-

2245 2997 2348 3051 que
2371 2994 2656 3037 sermones
2690 2982 2831 3036 redit
2883 2981 2948 3034 ad
2979 2979 3196 3034 titulum
3251 2979 3562 3049 prophetiae,
3593 2977 3636 3029 in
3674 2987 3755 3042 quo

2245 3079 2504 3144 scriptum
2538 3083 2619 3128 est
2662 3059 2866 3138 {Quod
2899 3074 3098 3142 factum
3133 3082 3208 3126 est
3248 3075 3456 3126 verbum
3493 3069 3669 3122 Domini
3705 3064 3758 3118 ad

2241 3169 2527 3223 Jeremiam
2563 3171 2625 3221 de
2655 3167 2984 3220 sermonibus
3016 3167 3300 3220 siccitatis.
3335 3165 3472 3234 Ergo
3493 3166 3617 3233 quod
3639 3161 3754 3219 uicit.

2248 3263 2349 3316 huc
2398 3271 2480 3316 est
2520 3263 2694 3330 :quia
2743 3261 3047 3313 d:emonum
3097 3259 3395 3313 simulacra
3435 3269 3534 3311 non
3586 3259 3759 3323 possunt

2247 3357 2455 3422 pluere,
2491 3367 2592 3406 nec
2614 3353 2737 3406 cmli
2773 3367 2870 3417 per
2915 3367 2974 3406 se
3004 3351 3134 3405 dare
3185 3349 3420 3404 imbrem
3461 3363 3597 3402 suum
3627 3360 3639 3397 :
3667 3343 3756 3397 iJco

2245 3454 2322 3509 tu,
2361 3443 2584 3496 Domine
2608 3442 2750 3497 Deus
2781 3452 2990 3508 noster,
3024 3454 3188 3510 quem
3237 3453 3458 3508 semper
3481 3433 3756 3502 exspectavi-

2247 3553 2387 3602 tnus,
2418 3536 2473 3589 in
2497 3549 2657 3606 quem
2684 3549 2807 3603 spes
2831 3543 3052 3588 nostras
3085 3534 3463 3589 convertimus
3483 3538 3536 3585 et
3575 3538 3694 3589 vota,
3717 3535 3756 3577 tu

2245 3629 2312 3682 da
2349 3629 2584 3696 pluviam
2611 3640 2778 3682 tuam.
2809 3627 2924 3680 Tua
2972 3626 3116 3679 enim
3150 3636 3284 3681 sunt
3319 3625 3494 3679 omnia
3521 3638 3535 3684 ;
3559 3630 3605 3676 et
3628 3617 3752 3686 quid.

2245 3719 2374 3789 quid
2413 3721 2537 3774 boni
2562 3728 2667 3784 est,
2707 3721 2828 3775 sine
2862 3729 2934 3785 te,
2967 3719 3120 3786 cujus
3173 3730 3281 3786 est,
3315 3719 3432 3773 dari
3481 3731 3577 3770 non
3599 3720 3756 3784 potest.

2247 3809 2504 3866 Dicamus
2533 3814 2633 3866 hoc
2669 3821 2722 3866 et
2746 3819 2935 3866 contra
2968 3812 3275 3874 hmreticos,
3341 3812 3429 3879 qui
3459 3808 3663 3878 pluviam
3687 3804 3757 3856 do.

2247 3904 2547 3958 ctrinarum
2593 3903 2832 3958 tribuere
2866 3919 2971 3958 non
3004 3918 3257 3974 pOSSttnt.
3317 3913 3371 3957 et
3409 3915 3522 3956 cum
3557 3916 3608 3956 se
3630 3897 3760 3954 celos

2245 4011 2367 4050 esse
2439 3997 2783 4065 promittant,
2817 4007 2871 4050 et
2926 4000 2991 4051 de
3041 4014 3100 4053 se
3160 4003 3425 4073 scriptum
3468 3998 3756 4070 glorientur:

2248 4088 2379 4141 (Itali
2416 4097 2670 4142 enarrant
2703 4087 2931 4157 gloriam
2971 4089 3066 4143 Dei
3099 4090 3272 4152 (Psat.
3325 4107 3477 4153 xvnt,
3507 4091 3589 4158 l);
3619 4096 3755 4138 tamen

2247 4181 2451 4235 imbres
2503 4195 2611 4235 non
2662 4191 2890 4251 possunt
2943 4183 3151 4238 donare
3198 4187 3479 4239 doctrintr.
3517 4180 3652 4235 Solus
3697 4179 3761 4226 est

2247 4275 2394 4326 enim
2429 4271 2568 4326 Deus
2591 4273 2682 4342 qui
2716 4288 2873 4327 suum
2917 4273 3154 4330 instruat
3187 4279 3468 4346 populum,
3503 4285 3550 4326 ct
3579 4267 3759 4325 diversi-

2251 4375 2388 4419 tates
2413 4364 2600 4434 gratiae
2635 4366 2838 4420 tribuat
2873 4370 3316 4436 exspectantibus
3347 4386 3427 4424 se.

2323 4455 2478 4527 (Cap.
2517 4457 2628 4512 ιγ.
2657 4489 2728 4497 -
2767 4458 2916 4514 Vers.
2977 4461 3055 4533 1.)
3092 4479 3110 4512 ι
3143 4459 3209 4515 Et
3250 4463 3387 4517 dixit
3439 4461 3668 4516 Dominus
3710 4455 3758 4506 ad

2253 4565 2336 4604 me
2371 4565 2386 4604 :
2426 4551 2482 4604 Si
2517 4551 2728 4605 steterit
2765 4551 2975 4624 Moyses
2999 4563 3050 4608 et
3077 4555 3297 4609 Samuel
3323 4569 3503 4610 coram
3554 4565 3628 4606 me
3665 4547 3760 4618 (sire

2246 4653 2434 4697 contra
2467 4644 2596 4711 me),
2631 4657 2738 4698 non
2763 4654 2847 4699 est
2873 4644 3052 4700 anima
3073 4661 3188 4701 mea
3214 4649 3278 4701 ad
3300 4649 3546 4717 populum
3571 4646 3755 4700 istuctu

2247 4733 2358 4790 llos
2377 4737 2522 4790 enim
2550 4736 2785 4808 legimus
2808 4737 2902 4793 iraa
2937 4737 3150 4793 Domini
3177 4755 3275 4810 pro
3305 4740 3497 4810 populo
3520 4735 3758 4792 restitisse.

2246 4834 2298 4881 et
2357 4825 2470 4896 jam
2528 4829 2928 4898 impendentem
2979 4831 3248 4886 avertisse
3294 4829 3623 4886 sententiam.
3653 4822 3754 4886 Etsi,

2245 4917 2440 4987 inquit,
2486 4919 2560 4974 illi
2607 4913 2877 4989 steterint,
2937 4922 3021 4975 vel
3080 4923 3134 4975 in
3190 4929 3482 4992 conspectu
3537 4911 3752 4983 meone!

2246 5025 2436 5070 contra
2477 5031 2582 5080 me,
2614 5031 2843 5088 quorum
2875 5018 2967 5072 uni
3001 5018 3138 5073 dixit
3161 5017 3304 5074 Deus
3335 5036 3348 5074 :
3382 5018 3587 5071 Dimitte
3608 5027 3691 5076 me,
3717 5016 3755 5062 ιι

2243 5111 2535 5176 percutiam
2557 5110 2806 5179 populum
2837 5111 2995 5165 istum
3023 5112 3222 5184 (Exod.
3253 5129 3423 5178 χχιιι,
3452 5111 3533 5180 10)
3567 5123 3580 5161 :
3611 5117 3755 5160 tamen

2248 5216 2352 5254 non
2379 5202 2691 5270 exaudiam,
2745 5206 3005 5273 quoniam
3053 5214 3423 5262 causummata
3448 5198 3756 5260 suutsoelcrt

2247 5295 2429 5364 populi
2459 5294 2851 5366 delinquentis.

2323 5405 2341 5438 ι
2379 5384 2526 5454 Ejice
2557 5387 2657 5458 (vel
2683 5388 2898 5458 emitte)
2951 5389 3074 5445 illos
3103 5403 3133 5444 a
3189 5391 3324 5448 facie
3374 5407 3508 5454 mea,
3542 5398 3590 5444 et
3632 5397 3760 5454 egl‘e‘

2247 5480 2486 5535 diantur.
2514 5498 2532 5532 ι
2569 5480 2687 5535 Non
2721 5481 2844 5538 loco
2878 5486 3136 5540 recedunt
3164 5501 3193 5539 a
3228 5485 3333 5541 Deo
3361 5484 3521 5556 θα
3546 5485 3754 5552 peccato-

2249 5587 2358 5641 res,
2408 5572 2502 5627 sed
2544 5574 2820 5629 voluntate
2855 5589 2871 5628 :
2904 5591 3236 5648 quamquam
3281 5579 3514 5650 legamus
3547 5582 3596 5629 et
3615 5572 3754 5626 Adam

2321 5758 2341 5787 ³
2374 5753 2622 5825 Voculas,
2657 5755 2709 5808 in
2740 5771 2860 5826 quo,
2888 5773 2954 5811 ex
2991 5774 3122 5817 mss.
3155 5771 3208 5818 et
3229 5759 3444 5816 Rabano
3473 5752 3754 5817 suliccituus.
