3950 6180
289 347 401 410 $05

758 346 1254 407 COMMENTAR.
1302 347 1381 405 IN
1433 344 1832 408 JEREMIAM
1877 340 2336 403 PROPIIETAM
2381 339 2521 403 LIB.
2569 335 2685 414 Ill,
2716 338 2878 401 CAP.
2911 336 3034 403 Χν.

3453 335 3560 402 ιρι-6

285 455 746 523 cttlaiuejcctos
781 471 901 510 esse
964 472 991 510 a
1053 457 1190 511 facie
1260 458 1351 511 Dei
1409 457 1563 528 (Gen.
1627 475 1710 520 Ill,
1773 456 1869 516 tv).

1984 453 2048 506 iis
2111 464 2272 507 terra:
2317 455 2445 523 (sive
2476 454 2658 523 populi
2717 453 2868 523 mei).
2922 450 3094 506 lntcrf
3127 452 3170 504 ri
3237 461 3290 506 et
3341 457 3550 518 perdidi

369 549 546 617 (Vers.
571 550 622 603 2.
653 549 742 616 5.)
769 567 785 599 ι
819 549 966 615 Quod
999 551 1045 601 si
1083 551 1319 604 dixerim
1355 553 1420 603 ad
1449 562 1500 605 te
1533 567 1546 603 :
1573 551 1689 617 Quo
1718 565 1872 619 egre-

291 638 548 690 diantur?
586 639 738 692 dices
765 640 828 690 ad
860 653 954 692 eos
993 637 1176 694 :oﬂazc
1208 640 1340 694 dicit
1369 641 1648 694 Dominus.
1679 640 1777 706 Qui
1808 641 1873 693 ad

290 738 548 794 mortem,
572 729 637 784 ad
668 739 895 784 mortem
919 747 934 796 ;
959 742 1012 784 et
1036 732 1126 799 qui
1148 732 1214 784 ad
1238 731 1497 801 gladium,
1522 733 1588 787 ad
1613 733 1872 802 gladium;

288 831 346 876 et
377 820 467 890 qui
492 823 556 875 ad
590 824 889 884 famem,ad
923 821 1158 888 famem;
1183 831 1236 876 et
1266 823 1357 892 qui
1390 826 1454 876 ad
1477 823 1871 890 captivitatem,

289 915 361 966 ad
389 914 778 982 captivitatem.
809 913 873 966 Et
906 913 1138 967 visitabo
1173 929 1337 983 super
1355 928 1448 970 eos
1472 913 1580 986 [ΑΙ.
1603 912 1872 984 vosiqua-

291 1015 420 1058 tuor
452 1005 684 1073 species,
739 1005 874 1059 dicit
906 1004 1190 1068 Dominus,
1217 1005 1455 1074 gladium
1514 1007 1577 1057 ad
1643 1008 1872 1060 occisio-

291 1114 442 1158 nem,
473 1107 526 1151 et
554 1111 718 1150 canes
758 1097 825 1151 ad
885 1096 1231 1152 lacerandum
1277 1097 1390 1169 [Αἰ.
1419 1097 1776 1168 Intrandum],
1817 1106 1871 1151 et

290 1190 543 1242 volatilia
577 1190 702 1242 εαξιὶ
739 1197 792 1242 et
834 1189 1040 1244 bestias
1067 1199 1223 1244 terrae
1275 1191 1340 1242 ad
1402 1191 1794 1251 devorandum,
1819 1200 1874 1242 ιιι

287 1281 693 1350 dissipaudum.
723 1299 742 1332 ›
780 1280 1024 1347 Quatuor
1055 1282 1261 1352 plagas,
1293 1284 1490 1350 quibus
1523 1284 1757 1334 traditus
1790 1291 1874 1334 est

289 1375 523 1440 populus
546 1371 878 1440 Judze'orum,
918 1375 1083 1428 etiam
1121 1373 1426 1428 Ezechielis
1461 1374 1740 1442 prophetia
1776 1373 1873 1426 de-

291 1474 591 1530 monstrat,
646 1466 902 1534 gladium,
948 1467 1335 1534 pestilentiam.
1381 1465 1598 1528 famem,
1665 1465 1873 1518 bestias

289 1568 348 1609 et
388 1555 763 1625 captivitatem
795 1555 1013 1625 (Ezeclt.
1049 1555 1182 1627 MV).
1243 1557 1387 1611 lnter
1436 1557 1639 1610 bestias
1689 1565 1870 1609 autem

290 1667 457 1705 canes
481 1667 700 1720 quoque
723 1660 777 1704 et
799 1650 1041 1704 volatilia
1069 1649 1330 1718 intellige,
1359 1648 1556 1718 quibus
1585 1646 1870 1701 laceranda

290 1757 350 1796 et
392 1745 723 1804 devuranda,
761 1753 813 1797 et
847 1742 1160 1811 dissipanda
1199 1757 1430 1810 corpora
1484 1740 1682 1794 tradita
1718 1750 1869 1794 sunt.

1985 543 1998 613 Ι
2030 544 2184 612 Vulg.
2225 545 2550 616 disperdtdi]
2579 546 2832 614 populum
2855 561 3073 608 meum;
3103 553 3158 598 ct
3191 554 3370 598 tamen
3397 558 3425 596 a
3457 544 3560 599 viis

1983 640 2099 692 suis
2128 655 2230 691 non
2255 650 2380 692 sunt
2419 639 2680 691 reversi.s
2713 637 2852 702 Quid
2884 637 3101 707 prodest
3127 636 3324 704 sepius
3359 653 3442 689 me
3466 652 3560 690 ro-

1982 730 2121 799 gari,
2167 745 2292 783 cum
2319 745 2348 783 a
2381 731 2483 784 viis
2511 732 2623 785 suis
2645 731 2892 798 pessimis
2925 745 3031 782 non
3057 736 3424 787 revertantur.
3463 747 3472 778 ι
3499 743 3560 784 ec

1983 835 2144 893 agant
2183 826 2559 892 paenitentiam
2587 829 2608 879 ζ’
2634 825 2874 895 Dispersi
2908 827 3050 879 enim
3083 840 3177 879 eos
3207 825 3361 893 quasi
3391 827 3567 878 venti-

1985 917 2157 981 labro,
2188 929 2237 970 ιιι
2302 933 2591 988 purgarem
2651 935 2833 973 aream
2887 935 3082 972 meam.
3124 918 3186 971 Et
3237 920 3466 988 dispersi
3501 922 3556 974 iu

1986 1009 2158 1075 portis
2193 1020 2372 1068 terrae,
2411 1020 2468 1062 ut
2500 1009 2696 1063 inferni
2729 1011 3127 1078 quodammodo
3159 1010 3435 1063 calcarcut
3478 1011 3547 1063 li-

1987 1098 2152 1150 tuiua.
2186 1099 2252 1152 Et
2294 1101 2535 1153 interfeci
2591 1110 2645 1154 et
2692 1102 2899 1168 perdidi
2958 1105 3216 1169 populum
3271 1116 3472 1164 meum,
3501 1113 3561 1156 ut

1982 1191 2156 1242 coacti
2205 1192 2470 1246 malorum
2509 1194 2858 1256 necessitate,
2905 1193 3270 1262 impendentia
3325 1194 3562 1248 vitarent

1985 1283 2148 1334 tttala.

2055 1373 2237 1445 (Vers.
2285 1375 2366 1443 8.)
2414 1393 2431 1425 ι
2461 1373 2827 1442 Multiplicata:
2888 1385 3015 1428 sunt
3047 1376 3178 1430 mihi
3225 1378 3401 1432 vidute
3443 1378 3560 1447 ejus

1979 1480 2141 1537 super
2168 1482 2388 1521 arenam
2419 1470 2589 1523 utaris
2623 1488 2637 1525 :
2667 1471 2854 1524 induxi
2886 1471 2966 1524 eis
2998 1487 3161 1540 super
3191 1484 3417 1528 matrem
3437 1477 3562 1529 ado~

1981 1559 2238 1613 lescentis
2270 1571 2596 1616 vastatorem
2629 1564 2858 1617 meridie
2899 1582 2911 1616 :
2946 1564 3066 1618 misi
3109 1580 3271 1634 super
3295 1570 3550 1622 civitates

1984 1660 2212 1719 repente
2251 1661 2542 1707 terrorem.
2571 1672 2590 1706 ι
2626 1653 2868 1710 Diversis
2910 1658 3361 1716 medicaminibus
3413 1665 3561 1732 cupit

1982 1742 2128 1797 Deus
2174 1743 2390 1799 salvare
2440 1756 2734 1813 peccantes
2776 1765 2789 1800 :
2850 1758 2906 1804 ιιι
2973 1751 3064 1820 qui
3117 1764 3562 1823 contempserant

291 1833 480 1902 Neque
532 1840 675 1889 enim
720 1837 836 1889 ﬁeri
893 1844 1130 1904 poterat,
1155 1845 1214 1888 ut
1269 1835 1537 1889 Creatore
1600 1835 1870 1902 neglecto,
1905 1852 1947 1905 Β
1981 1832 2376 1898 blandientem,
2408 1836 2636 1891 timeant
2669 1841 3114 1894 comminantem.
3165 1839 3347 1896 Vidua:
3371 1846 3556 1899 multi-

293 1943 402 1979 uon
436 1928 688 1978 universa
721 1936 972 1980 creatura
1016 1935 1375 1990 consurgeret
1404 1927 1455 1977 in
1493 1935 1832 1993 peceatores.

368 2015 549 2084 (γωδ.
603 2019 684 2083 4.)
721 2035 740 2069 t
773 2017 838 2072 Et
885 2017 1026 2072 dabo
1047 2034 1142 2072 eos
1178 2019 1231 2070 in
1264 2019 1527 2070 fervorem
1561 2017 1687 2085 (sire
1725 2030 1874 2068 cout-

295 2111 596 2164 inOtionem
673 2119 728 2163 et
785 2111 1086 2179 angustias)
1141 2110 1414 2164 universis
1473 2109 1654 2176 regnis
1689 2114 1871 2168 terrae,

253 2207 256 2209 λ
296 2214 521 2272 propter
551 2202 835 2256 Manassen
869 2200 1038 2255 illium
1080 2201 1328 2256 Ezechiae
1349 2198 1676 2271 regianda,
1709 2212 1874 2268 super

293 2295 549 2348 omnibus
581 2309 699 2362 quae
739 2293 866 2348 fecit
890 2294 942 2348 in
967 2293 1290 2349 Jerusalem.
1323 2312 1341 2344 ι
1377 2293 1632 2362 Legimus
1663 2293 1716 2345 in
1751 2289 1874 2344 Die-

296 2402 416 2440 rum
443 2387 738 2451 volumine,
769 2386 1056 2440 Manassen
1101 2395 1225 2454 post
1259 2386 1630 2453 captivitatem
1680 2393 1731 2437 et
1759 2397 1874 2451 pte-

295 2479 580 2532 nitentiam
637 2495 914 2534 reversum
967 2480 1018 2532 in
1051 2478 1352 2533 Jerusalem
1402 2488 1568 2546 atque
1615 2489 1872 2545 regnasse

296 2570 382 2641 (Il
411 2571 595 2628 Paral.
627 2575 842 2640 xxxiii).
877 2571 980 2625 Sed
1012 2571 1281 2639 quomodo
1323 2580 1637 2624 sanctorum
1680 2571 1870 2623 merita

296 2667 723 2720 descenduntad
759 2676 1029 2735 posteros,
1062 2665 1203 2718 sicut
1233 2662 1398 2716 David
1430 2675 1483 2716 et
1517 2671 1870 2717 creteroruni:

294 2760 377 2813 sic
407 2769 755 2828 peccatorum
787 2758 1011 2826 ﬂagitia,
1039 2759 1084 2812 si
1121 2756 1274 2810 liberi
1307 2765 1642 2824 nepotesque
1669 2753 1871 2810 similia

296 2852 588 2920 gesserint,
623 2852 690 2904 ad
721 2861 968 2919 posteros
1011 2849 1353 2919 perveniunt.
1397 2848 1549 2913 Quod
1584 2855 1765 2902 autem
1795 2848 1875 2901 di-

295 2944 370 2996 cit
397 2959 410 2994 :
445 2940 588 2994 Dabo
615 2957 702 2994 eos
729 2943 781 2994 in
807 2941 1087 3010 fervorem.
1111 2941 1227 2995 sive
1257 2939 1662 2992 commotionem
1692 2947 1738 2991 et
1775 2954 1874 2990 au-

293 3033 502 3102 gustius
535 3033 790 3086 universa:
815 3043 991 3100 tet-rw,
1020 3043 1074 3087 et
1105 3035 1206 3088 sub
1251 3031 1568 3102 Babyloniis
1609 3047 1676 3085 ex
1717 3041 1875 3101 parte

294 3127 623 3194 completum
655 3135 842 3190 est,et
888 3141 1035 3181 nunc
1087 3125 1336 3195 expletur
1387 3125 1442 3179 in
1499 3133 1633 3187 toto,
1658 3124 1873 3194 quando

1980 1925 2192 1992 plicata:
2215 1936 2340 1980 sunt
2369 1945 2526 1996 super
2571 1945 2790 1982 arenam
2826 1932 3014 1996 maris,
3045 1933 3350 1990 interfectis
3385 1938 3556 2006 viris;

1982 2027 2210 2084 matres,
2250 2020 2478 2088 perditis
2518 2019 2725 2086 liberis,
2761 2037 2983 2078 sensere
3013 2033 3340 2094 vastantem,
3367 2045 3470 2082 non
3506 2034 3556 2086 in

1979 2120 2140 2164 nocte
2171 2120 2224 2164 et
2257 2125 2354 2180 per
2381 2112 2635 2177 insidias,
2663 2115 2758 2168 sed
2805 2116 2947 2170 clara
2995 2117 3117 2172 luce
3154 2136 3168 2173 :
3221 2131 3278 2176 ιιι
3309 2125 3562 2178 ostendat

1981 2212 2227 2269 apertam
2259 2203 2364 2257 vim
2397 2205 2698 2261 adversarii
2753 2206 3012 2264 fortioris.
3049 2210 3194 2280 Misi,
3231 2214 3427 2284 inquit.
3467 2233 3558 2270 su-

1977 2309 2074 2358 per
2115 2295 2376 2362 civitates,
2421 2297 2565 2352 baud
2619 2299 2842 2354 dubium
2897 2306 3028 2371 quin
3081 2303 3246 2371 Juda,
3279 2319 3332 2360 et
3378 2313 3559 2378 populi

1980 2390 2309 2456 peccatoris,
2343 2402 2550 2457 repente
2584 2404 2837 2446 terrorem
2883 2409 2903 2446 :
2945 2404 3002 2448 ut
3031 2409 3236 2465 quanto
3279 2398 3378 2454 fuit
3413 2405 3561 2457 subi-

1982 2486 2092 2532 tum
2127 2480 2352 2546 malum,
2395 2489 2548 2536 tanto
2579 2483 2848 2537 dillicilius
2881 2498 3026 2541 esset
3056 2489 3340 2560 elfugimn.

2052 2566 2232 2637 (Vers.
2266 2571 2343 2641 9.)
2379 2571 2685 2627 tlnlirntata
2723 2585 2808 2630 est
2838 2579 2964 2646 (sive
3000 2579 3219 2649 abjecit,
3248 2597 3340 2638 aut
3391 2603 3559 2644 vacua

1980 2658 2126 2715 facta
2153 2661 2258 2733 est)
2293 2679 2412 2732 qua:
2438 2669 2648 2736 peperit
2681 2679 2888 2737 septem
2907 2673 3033 2737 (sive
3063 2674 3374 2744 plurimus);
3414 2682 3561 2735 ili-fe.

1981 2752 2060 2806 cit
2089 2753 2271 2808 anima
2297 2757 2416 2826 ejus
2453 2774 2468 2812 :
2499 2758 2698 2813 occidit
2721 2761 2770 2814 ei
2794 2761 2897 2825 sol,
2917 2780 3039 2816 cum
3067 2766 3243 2820 adhuc
3273 2779 3418 2823 esset
3443 2771 3561 2829 da-s

1982 2848 2094 2914 (aut
2120 2847 2334 2902 medius
2360 2849 2522 2919 dies).
2559 2851 2792 2906 Confusa
2824 2865 2929 2916 est,
2954 2864 3008 2908 et
3042 2859 3260 2914 erubuit
3287 2877 3302 2914 :
3333 2872 3386 2915 et
3425 2867 3562 2926 resi-

1982 2939 2118 2993 duos
2144 2940 2258 3006 ejus
2278 2942 2332 2994 in
2363 2943 2602 3010 gladiqu
2623 2945 2764 3000 dabo
2792 2946 2846 3000 iit
2880 2962 3178 3019 conspcctu
3211 2955 3557 3010 inimicorum

1981 3046 2192 3095 eorum,
2224 3036 2301 3088 ait
2351 3035 2637 3092 Dominus.
2665 3057 2684 3090 ι
2725 3038 2880 3110 Saepe
2915 3043 3151 3099 diximus
3178 3049 3401 3102 verbum
3455 3049 3562 3104 lle-

1984 3123 2226 3180 braicum
2280 3142 2405 3182 sunt
2466 3133 2658 3201 (Vaut),
2690 3135 2770 3187 vel
2821 3144 3036 3203 septem,
3069 3138 3150 3192 vel
3194 3140 3560 3208 juramentum

295 3222 599 3290 pessimum
667 3235 872 3289 regem,
902 3228 958 3274 et
995 3220 1091 3289 qui
1149 3219 1442 3287 repleverit
1496 3217 1797 3273 Jerusalem
1847 3235 1876 3271 a
1905 3211 1949 3270 ϐ
1983 3232 2203 3285 sonare,
2239 3222 2322 3275 vel
2361 3223 2643 3291 plurimos.
2677 3225 2828 3283 Unde
2853 3237 2908 3282 et
2935 3231 3150 3286 diversa
3181 3245 3262 3287 est
3295 3235 3562 3306 interpre-

296 3321 455 3381 porta
487 3327 657 3382 usque
691 3312 757 3366 ad
791 3321 1002 3380 portam
1059 3325 1254 3366 cruore
1309 3311 1610 3381 justorum,
1644 3309 1875 3378 populus

294 3407 540 3461 imitatus
564 3415 648 3460 est
698 3405 914 3474 impius.
947 3404 1024 3458 Ex
1081 3419 1190 3473 quo
1236 3403 1526 3468 discimus,
1563 3419 1750 3472 regum
1811 3418 1875 3458 ac

297 3498 630 3567 principum,
667 3505 723 3551 et
784 3498 1194 3567 praepositorum
1249 3496 1479 3564 scelere,
1502 3496 1732 3565 populos
1759 3496 1873 3566 ple-

296 3605 530 3660 rumque
569 3590 762 3644 deleri.

370 3681 553 3751 (Vers.
584 3680 662 3752 5.)
699 3700 716 3733 ι
743 3681 876 3747 Quis
922 3680 1066 3735 enim
1109 3678 1463 3735 miserebitur
1521 3679 1622 3746 tui,
1651 3680 1875 3738 Jerusa-

295 3773 402 3828 lem
429 3774 452 3827 ‘l
475 3781 570 3827 aut
600 3773 722 3842 quis
767 3772 1191 3828 contristabitur
1244 3787 1342 3841 pro
1373 3771 1472 3828 te?
1507 3782 1600 3829 aut
1629 3774 1755 3843 quis
1779 3773 1882 3827 ibit

297 3866 368 3922 ad
396 3867 698 3937 rogandum
729 3881 827 3936 pro
859 3880 991 3934 pace
1021 3874 1109 3920 tua
1134 3865 1158 3918 ?
1185 3883 1204 3917 ι
1233 3861 1457 3920 Nullum
1489 3872 1633 3920 enim
1671 3875 1873 3936 potest,

296 3958 511 4014 offenso
543 3957 676 4026 Deo,
707 3975 805 4030 pro
834 3957 1058 4030 ﬂagitiis
1096 3972 1288 4028 rogare
1325 3958 1672 4027 peccantium
1703 3976 1718 4026 ;
1750 3960 1875 4028 quia

297 4067 402 4108 nec
445 4063 554 4106 tam
583 4052 827 4107 clemens
887 4059 1068 4120 potest
1102 4061 1354 4106 creatura
1406 4066 1567 4121 quam
1628 4054 1879 4108 conditor

295 4161 443 4210 esse,
476 4160 578 4202 nec
621 4146 695 4200 ita
734 4145 944 4200 alienus
991 4147 1263 4211 externis,
1291 4146 1565 4216 quomodo
1616 4145 1878 4200 Dominus

296 4241 412 4295 suis
439 4255 687 4310 parcere.
773 4225 776 4228 ’

372 4332 555 4405 (Vers.
586 4333 663 4404 6.)
699 4351 718 4384 ι
749 4333 832 4388 Τιι
863 4333 1200 4405 dercliqnisti
1257 4347 1367 4398 mc,
1401 4332 1536 4386 dicit
1569 4330 1826 4385 Dominus
1859 4347 1873 4397 ;

300 4437 606 4484 retrorsum
657 4427 866 4482 abiisti.
903 4445 922 4478 ι
961 4427 1135 4481 Cansa
1191 4425 1460 4488 redditur,
1499 4438 1671 4494 quare
1700 4424 1878 4478 nullus

1984 3314 2402 3381 tatioquuila,
2432 3315 2788 3388 Septuaginta
2831 3332 2884 3375 et
2926 3321 3321 3392 Theodouonc,
3365 3341 3560 3398 septem

1981 3406 2441 3464 transferentibus
2473 3426 2488 3476 ;
2535 3411 2890 3481 Symmacho,
2918 3417 3197 3485 plurimos.
3229 3422 3359 3487 Quae
3398 3424 3562 3493 igitur

1979 3510 2094 3552 erat
2138 3500 2294 3558 dives
2340 3501 2550 3568 liberis,
2580 3507 2711 3560 orba
2776 3509 2960 3563 subito
2989 3509 3127 3565 facta
3185 3523 3290 3578 εει,
3317 3528 3370 3567 et
3413 3516 3558 3572 clara

1982 3589 2098 3644 luce
2129 3592 2395 3660 disperiit,
2422 3607 2478 3650 et
2511 3598 2738 3654 confusa
2769 3610 2848 3654 est
2891 3601 2944 3655 in
2978 3604 3272 3659 solitudine
3304 3609 3414 3662 sui.
3448 3609 3559 3665 lte-

1979 3680 2186 3751 liquum
2239 3699 2448 3750 autem,
2482 3689 2582 3754 ait,
2647 3693 2902 3760 populuttt
2966 3699 3172 3750 tradant
3231 3699 3456 3768 gladio:
3503 3713 3562 3756 ut

1980 3783 2210 3828 mortem
2241 3786 2297 3831 et
2321 3777 2454 3832 iram
2493 3781 2588 3834 Dei
2643 3784 2826 3838 nullus
2872 3784 3120 3855 effugiat.
3146 3788 3249 3842 Alii
3286 3791 3350 3843 ad
3387 3790 3564 3862 Syna-

1979 3881 2171 3937 gogatu
2226 3869 2490 3935 referunt,
2547 3889 2667 3941 quae
2725 3875 3004 3930 intlrmata
3050 3887 3158 3945 est,
3185 3889 3245 3934 ut
3303 3879 3563 3938 Ecclesiae

1981 3973 2250 4016 cresceret
2279 3965 2605 4033 multitudo;
2633 3966 2788 4036 juxta
2817 3968 2946 4023 illud
2981 3973 3123 4040 quod
3147 3975 3406 4043 scriptum
3436 3987 3518 4032 est
3539 3993 3557 4030 :

1979 4049 2188 4107 Sterilis
2215 4057 2411 4124 peperit
2434 4057 2600 4130 946
2627 4069 2820 4128 septem
2859 4063 2972 4115 sive
3012 4063 3270 4132 plurimos
3297 4083 3317 4122 :
3346 4079 3392 4121 et
3438 4086 3558 4139 qua:

1981 4149 2174 4202 multos
2203 4149 2424 4204 habebat
2465 4153 2681 4216 liberos,
2708 4156 2983 4224 inﬁrmata
3020 4169 3094 4212 est
3144 4158 3197 4228 (Ι
3228 4159 3354 4232 Reg.
3391 4179 3448 4227 ιι,
3476 4165 3555 4233 5).

1985 4237 2136 4294 Unde
2165 4252 2218 4295 et
2246 4243 2449 4298 occidit
2481 4245 2530 4299 ei
2575 4247 2654 4301 sol
2683 4247 2925 4316 justitite,
2960 4252 3009 4302 in
3048 4251 3202 4319 cujus
3246 4256 3440 4322 pennis
3473 4268 3563 4312 est

1980 4334 2184 4388 sanitas
2218 4334 2477 4405 (Malm-It.
2519 4338 2592 4408 tv)
2634 4357 2647 4392 :
2675 4350 2733 4392 et
2773 4341 2977 4396 idcirco
3007 4353 3209 4399 aeterna
3239 4347 3566 4404 confusione

1979 4435 2232 4494 cooperta
2267 4437 2368 4492 est,
2397 4431 2631 4499 perdeus
2676 4433 2934 4502 p0pu|um
2984 4451 3140 4490 suum
3173 4439 3352 4508 gladio
3389 4441 3561 4512 spiri-

297 4522 631 4574 misereatur
654 4517 988 4582 Jeru5a|em,
1023 4533 1122 4572 nec
1153 4519 1512 4572 contristetur
1534 4529 1632 4585 pro
1661 4529 1746 4580 ea,
1776 4528 1874 4568 nec
1909 4549 1950 4604 ο
1983 4519 2133 4572 tnali.

296 4627 400 4681 pro
425 4626 558 4676 pace
593 4611 742 4664 illius
781 4610 1035 4665 obsecret
1068 4625 1084 4664 ;
1114 4610 1258 4679 quod
1287 4625 1432 4674 cum,
1463 4611 1614 4678 juxta
1646 4609 1874 4677 Aposto-

295 4703 408 4757 lum
430 4701 653 4770 (Philip.
689 4705 792 4772 ιιι),
817 4705 1178 4771 posteriorum
1212 4701 1567 4765 obliviscens,
1593 4700 1658 4754 ad
1693 4703 1874 4768 priora

298 4812 362 4851 se
395 4800 694 4850 extendere
741 4797 1016 4859 debuerit,
1047 4809 1078 4849 e
1122 4795 1402 4849 contrario
1431 4803 1738 4846 retroversa
1779 4791 1871 4856 sit,

302 4897 360 4944 et
383 4885 670 4958 lEgyptias
700 4903 894 4942 carnes
919 4887 1266 4942 desiderarit.

367 4978 532 5050 955
572 4998 590 5030 α
624 4979 690 5034 Et
713 4978 1004 5034 extendam
1042 4994 1260 5032 manum
1306 4991 1480 5031 meam
1510 4990 1676 5046 super
1713 4984 1785 5040 te,
1818 4980 1872 5028 et

295 5074 625 5128 inter-nciam
664 5080 717 5127 te
756 5087 771 5128 :
803 5071 1044 5126 laboravi
1109 5080 1335 5141 rogatus
1394 5070 1528 5139 (sive
1567 5068 1814 5140 rogans);
1851 5086 1870 5119 ι

294 5182 397 5237 pro
453 5181 561 5236 quo
594 5163 734 5219 LXX
784 5166 1234 5220 transtulerunt:
1279 5181 1298 5214 ι
1327 5159 1684 5230 Nequaquam
1736 5159 1875 5212 ultra

294 5260 571 5315 dimittam
621 5273 740 5314 eos.
774 5277 793 5310 ι
832 5257 1020 5312 Manus
1067 5267 1310 5321 extenta,
1344 5254 1698 5324 percutientis
1734 5253 1876 5307 indi-

292 5350 444 5405 cium
476 5359 564 5405 est
601 5366 616 5417 ;
654 5349 970 5405 interfectio
1009 5359 1380 5419 peccatorum,
1417 5347 1552 5400 iratn
1599 5347 1873 5416 signiﬁcat

293 5455 755 5498 consummatam.
799 5444 951 5509 Quod
1001 5453 1185 5497 autem
1232 5443 1433 5507 intulit,
1496 5440 1736 5494 laboravi
1778 5456 1869 5494 ro-

291 5546 473 5604 gatus,
505 5537 621 5592 sive
679 5552 895 5605 rogans,
930 5535 1207 5604 duplicem
1250 5535 1414 5588 habet
1445 5547 1690 5598 sensum,
1728 5533 1872 5600 quod

288 5629 405 5699 jam
441 5629 704 5686 defecerit
733 5631 890 5694 Deus,
927 5630 1121 5683 crebro
1164 5627 1248 5683 eis
1283 5629 1636 5697 ignoscendo,
1669 5635 1726 5680 et
1764 5626 1874 5680 las-

293 5737 390 5776 sus
422 5721 493 5776 sit
515 5735 730 5790 semper
755 5737 852 5776 eos
885 5736 1196 5789 provocans
1227 5720 1293 5774 ad
1324 5721 1583 5774 salutem.
1725 5711 1748 5720 ’

371 5813 547 5884 (Vera.
579 5815 658 5885 7.)
703 5833 720 5866 ι
749 5813 816 5871 Ει,
846 5815 1152 5884 dispergam
1187 5827 1284 5869 eos
1320 5813 1622 5868 ventilabro
1662 5814 1714 5868 in
1752 5828 1875 5882 por-

2055 4608 2234 4679 (νοτε.
2297 4611 2407 4676 ιιι.)
2442 4631 2459 4662 t
2488 4612 2604 4674 Vae,
2641 4614 2798 4682 inihi,
2857 4627 3030 4672 mater
3074 4633 3214 4684 mea,
3249 4634 3416 4689 quare
3464 4633 3558 4688 ge-

1978 4704 2140 4757 nuisti
2168 4717 2254 4755 me
2292 4705 2465 4755 virum
2496 4707 2626 4757 rixa:
2651 4705 2777 4773 (sive
2803 4705 3042 4777 judicii),
3071 4708 3246 4761 virum
3272 4709 3561 4762 discordia}

1976 4793 2102 4861 (sive
2147 4791 2499 4864 quijudiccr)
2537 4797 2589 4847 in
2645 4795 2893 4850 universa
2931 4796 3120 4850 terra?
3148 4815 3166 4848 ι
3237 4795 3420 4850 Potest
3453 4797 3554 4850 ltoc

1979 4883 2382 4954 συνεκδοχικῶς
2408 4887 2474 4940 de
2497 4883 2734 4940 Jeremia
2768 4885 3178 4955 iutelligi,qnod
3217 4901 3323 4940 non
3351 4885 3403 4938 in
3434 4895 3554 4940 toto

1975 4977 2106 5028 orbe
2144 4979 2552 5038 terrarum,sed
2583 4977 2638 5030 in
2686 4990 2827 5030 terra
2865 4977 3052 5030 Judaea
3127 4978 3201 5032 sit
3249 4976 3555 5044 judicatus.

1977 5067 2114 5122 Vere
2149 5077 2329 5123 autem
2363 5070 2597 5124 Domino
2629 5071 2892 5138 competit
2931 5070 3225 5136 Salvatori,
3256 5072 3347 5140 qui
3376 5072 3552 5142 loqui.

1979 5173 2064 5215 tur
2089 5164 2142 5217 in
2167 5162 2459 5234 Evangelio
2483 5181 2497 5219 :
2523 5163 2590 5218 In
2609 5165 2876 5236 judicium
2907 5180 2999 5234 ego
3027 5167 3078 5217 in
3105 5165 3262 5218 istum
3295 5170 3554 5220 mundum

1975 5255 2112 5320 veni,
2149 5265 2205 5308 ut
2236 5261 2325 5318 qui
2370 5273 2476 5311 non
2523 5259 2719 5322 vident,
2742 5258 2970 5323 videant,
2991 5267 3040 5312 et
3075 5260 3162 5328 qui
3211 5259 3401 5324 vident,
3431 5263 3557 5316 circi

1973 5348 2107 5414 ﬁant
2140 5346 2323 5417 (Joan.
2355 5365 2430 5412 ix,
2464 5349 2579 5420 39);
2606 5352 2669 5405 de
2699 5366 2806 5419 quo
2838 5351 3102 5420 scriptum
3133 5364 3217 5408 est
3247 5370 3261 5410 :
3299 5351 3434 5406 Ecce
3466 5354 3556 5406 lii:

1977 5451 2052 5496 est
2101 5445 2303 5513 positus
2345 5443 2402 5496 in
2446 5445 2683 5505 ruinam,
2717 5453 2764 5498 et
2809 5445 2865 5498 in
2899 5446 3332 5499 resurrectionem
3361 5448 3555 5498 multo-

1976 5549 2092 5585 rum
2115 5538 2168 5586 in
2200 5530 2368 5586 Israel
2398 5547 2416 5586 :
2459 5541 2506 5585 et
2538 5535 2590 5588 in
2621 5536 2826 5603 signum
2859 5538 2946 5590 cui
2978 5537 3369 5590 contradicetur
3394 5533 3547 5600 (Luc.

1977 5641 2038 5690 ιι,
2066 5627 2178 5694 54).
2210 5628 2342 5693 Quis
2370 5627 2516 5682 enim
2569 5628 3037 5698 philosophorum,
3073 5631 3196 5696 quis
3238 5628 3551 5696 gentilium,

1977 5723 2102 5793 quis
2122 5721 2503 5780 haereticorum
2532 5737 2640 5776 non
2667 5721 2882 5792 judicat
2903 5722 3206 5786 Christum,
3231 5721 3553 5790 ponentium

1978 5813 2027 5870 ei
2073 5813 2218 5885 leges
2249 5812 2575 5881 nativitatis,
2607 5821 2662 5870 et
2697 5813 2991 5890 passionis,
3023 5813 3554 5884 resurrectionisque
