3950 6180
291 321 407 391 809

790 327 1290 389 COMMENTAII.
1334 330 1409 390 IN
1444 332 1849 393 JEREMIAM
1895 327 2360 393 PROPHETAM
2402 325 2548 389 LIB.
2591 324 2705 394 III,
2749 321 2907 383 CAP.
2945 320 3099 381 XVI.

3459 315 3565 380 MO

301 444 399 498 rit.
451 440 531 497 'l‘u
588 440 731 496 enim
790 444 1064 511 prtebuisti
1099 446 1384 498 materiam
1430 448 1781 509 ardoris'tui,
1824 456 1882 500 ut
1910 454 1958 510 Α
1985 446 2338 508 devorabam,
2365 457 2419 496 ut
2441 442 2492 495 in
2524 441 2707 495 futuro
2731 436 2864 492 mihi
2895 435 3145 505 gaudium
3178 445 3563 501 pricpararem.

300 548 462 589 meus
514 534 653 604 ignis
704 542 813 595 tua,
848 550 969 602 qua:
1020 536 1071 588 in
1122 544 1172 589 te
1229 546 1377 599 sunt,
1403 538 1544 605 ligna
1575 545 1888 591 consumat:

296 635 358 678 et
409 623 617 690 fenum,
647 634 705 678 et
768 624 1018 694 stipulam
1047 642 1062 690 ;
1088 641 1148 679 ac
1190 642 1285 695 per
1319 625 1419 680 huc
1449 644 1555 679 non
1597 637 1681 681 est
1726 642 1892 681 causa

298 716 517 771 ardoris
557 717 611 770 in
662 717 915 784 Domino,
935 718 1029 772 sed
1060 716 1115 772 in
1170 719 1254 773 his
1289 720 1379 786 qui
1427 719 1665 774 fomenta
1700 721 1893 776 incen-

301 809 396 864 dio
424 810 823 865 ministrarunt.

380 901 562 972 (Vers.
600 900 686 966 ιδ,
733 899 848 975 16.)
907 922 927 957 ι
973 901 1055 958 Τιι
1109 904 1240 968 scis,
1294 903 1546 967 Domine,
1598 905 1892 959 recordare

306 994 439 1059 mei,
476 1002 536 1049 et
577 994 743 1051 visita
780 1010 885 1059 me,
914 1005 968 1049 et
1001 1004 1152 1050 tuere
1203 1012 1289 1049 tne
1316 996 1383 1050 ab
1434 996 1519 1050 bis
1582 995 1669 1062 qni
1705 1010 1890 1064 perse-

302 1096 555 1153 qnuntur
594 1101 699 1139 me.
734 1085 853 1140 Noli
917 1086 968 1138 in
1021 1086 1283 1156 patientia
1318 1099 1403 1138 tua
1455 1086 1730 1155 suscipere
1783 1102 1889 1152 me,

305 1178 450 1232 scito
480 1177 737 1245 quoniam
770 1177 1002 1231 sustinui
1045 1193 1141 1245 pro
1189 1190 1239 1231 te
1275 1177 1646 1245 Opprobriunt.
1685 1177 1891 1231 ancnti

308 1277 442 1321 sunt
472 1283 761 1322 sermones
796 1269 897 1330 tui,
928 1276 982 1322 et
1013 1269 1221 1322 comedi
1258 1284 1351 1322 eos
1384 1269 1514 1339 (sive
1554 1269 1621 1321 ab
1667 1267 1752 1322 his
1798 1268 1892 1337 qui

312 1360 611 1428 reprobant
649 1375 932 1415 sermones
966 1370 1109 1424 tuos,
1133 1344 1391 1414 consume
1419 1365 1558 1431 eos).
1588 1361 1654 1415 Et
1686 1360 1889 1414 factum

314 1461 401 1505 est
435 1452 566 1504 mihi
593 1450 722 1521 (sive
759 1451 863 1505 erit
897 1451 1051 1521 mibi)
1086 1455 1308 1505 verbum
1360 1462 1507 1504 tuum
1542 1453 1592 1504 itt
1634 1452 1890 1522 gaudium

310 1549 367 1593 et
431 1538 676 1592 laetitiam
719 1539 903 1594 cordis
956 1538 1083 1605 mei,
1122 1540 1380 1610 quoniam
1440 1541 1745 1593 invocatum
1807 1546 1891 1593 est

313 1646 509 1684 nomen
529 1642 673 1684 tuum
694 1636 859 1700 super
884 1646 989 1693 me,
1015 1629 1278 1685 Dominus
1300 1629 1438 1684 Deus
1468 1632 1832 1685 exercituum.
1863 1649 1883 1682 ι

314 1720 431 1775 llnc
460 1720 605 1790 quod
650 1721 911 1785 diximus,
945 1720 1024 1775 Tu
1056 1722 1178 1786 scis,
1203 1723 1257 1775 in
1312 1720 1450 1776 LXX
1485 1737 1591 1775 non
1629 1721 1888 1777 habetur.

312 1811 463 1866 Felix
483 1825 566 1868 est
600 1824 779 1867 autem
820 1813 906 1866 illa
950 1812 1302 1877 conscientia,
1337 1829 1458 1880 quin
1501 1828 1599 1883 pro
1634 1812 1740 1865 Deo
1771 1828 1893 1868 sus.

317 1906 455 1957 tinet
506 1906 883 1974 approbrium.
916 1902 1065 1959 Unde
1096 1905 1228 1959 dicit
1260 1922 1275 1959 :
1304 1902 1515 1958 Inventi
1545 1912 1667 1957 sunt
1695 1920 1897 1957 sermo-

316 2013 407 2049 ttcs
435 1998 532 2058 tui,
564 2012 699 2065 quos
741 2013 861 2051 meo
898 2013 992 2051 ore
1034 1996 1362 2066 loquebaris.
1411 1996 1477 2049 Et
1529 1997 1731 2050 comedi
1782 2012 1891 2063 eos,

318 2087 423 2139 hoc
456 2094 559 2150 est,
598 2087 651 2139 in
680 2087 858 2140 cibum
880 2086 1006 2140 mibi
1039 2087 1176 2141 versi
1201 2097 1365 2152 sunt;
1396 2087 1705 2156 sire,juxta
1739 2084 1896 2156 Sym-

318 2178 610 2233 machum:
678 2177 1039 2247 Suscipiebam
1101 2196 1210 2244 eos,
1258 2189 1313 2232 ιιι
1368 2180 1499 2234 mihi
1547 2180 1597 2233 in
1653 2179 1893 2252 lanitium

315 2281 684 2333 Vertcrentur,
721 2273 808 2340 qui
867 2272 1071 2325 dudum
1142 2271 1357 2325 fuerant
1409 2271 1464 2324 in
1516 2272 1891 2341 opprobrium.

318 2362 471 2417 L'nde
502 2374 555 2417 et
612 2363 895 2435 Babylonii
947 2366 1277 2418 conﬁtentur
1313 2364 1552 2432 impleta,
1590 2378 1707 2432 qua:
1742 2361 1894 2417 Jere-

318 2454 459 2506 mias
519 2453 703 2507 futura
768 2455 1114 2523 praedixerat.
1174 2455 1301 2509 Sive
1356 2455 1444 2509 hic
1508 2468 1704 2509 sensus
1763 2464 1891 2510 est:

313 2543 485 2599 Sensi
518 2546 796 2615 angustias
822 2560 838 2599 :
870 2545 1116 2603 miserias
1142 2546 1333 2617 pertuli
1363 2546 1541 2617 populi
1566 2561 1895 2617 persequen-

316 2637 428 2703 tis;
450 2639 541 2691 sed
563 2646 734 2691 tamen
764 2638 979 2709 gavisus
1032 2653 1170 2704 sum,
1198 2637 1365 2710 949
1391 2653 1477 2693 tne
1506 2639 1612 2694 tuis
1647 2638 1893 2708 paruisse

319 2730 651 2798 praeceptis:
689 2738 744 2786 et
775 2739 993 2799 propter
1022 2746 1217 2787 nomen
1250 2741 1397 2786 tuum
1429 2733 1562 2786 dura
1598 2746 1893 2802 perpessus

315 2836 463 2877 sunt.

401 2936 584 3005 (Yers.
608 2938 694 3005 I7,
720 2935 832 3009 I8.)
871 2956 891 2990 ι
924 2936 1041 2994 Non
1070 2939 1191 2996 sedi
1230 2913 1284 2994 in
1312 2941 1541 2997 concilio
1566 2942 1894 3011 ludentium,

316 3039 375 3082 et
404 3032 666 3100 gloriatus
718 3047 838 3087 sum
896 3032 1022 3103 (sive
1079 3035 1409 3104 metuebam)
1455 3050 1485 3089 a
1528 3034 1665 3090 facie
1699 3052 1893 3092 manus

323 3130 432 3175 tua:
459 3138 474 3174 :
504 3122 651 3180 solus
688 3123 965 3191 sedebam,
1008 3127 1264 3195 quoniam
1308 3127 1670 3183 amaritudine
1694 3127 1890 3200 (Vulg.
1922 3166 1968 3224 ο

318 3213 774 3287 comminatione]
805 3217 1026 3287 replesti
1061 3233 1164 3273 me.
1188 3217 1369 3285 Quare
1413 3219 1590 3275 factus
1620 3230 1706 3275 est
1736 3222 1895 3278 dolor

320 3319 482 3360 meus
534 3319 827 3377 perpetuus
881 3309 1014 3376 (sive
1061 3326 1229 3381 quare
1278 3313 1367 3381 qui
1420 3314 1752 3368 contristant
1787 3329 1892 3379 me,

317 3397 728 3469 confortatttur)
782 3411 838 3456 et
890 3402 1044 3472 plaga
1116 3418 1237 3457 mea
1295 3406 1654 3472 desperabilis
1713 3407 1896 3460 renuit

317 3491 501 3544 curari
529 3490 653 3560 (sive
678 3493 830 3562 plaga
862 3510 982 3548 mea
1022 3494 1203 3560 fortis,
1236 3496 1377 3550 unde
1411 3498 1703 3567 curabor)?
1728 3496 1894 3553 Facta

317 3591 405 3635 est
436 3582 566 3635 mihi
605 3584 757 3651 quasi
787 3586 1125 3640 mendacium
1154 3601 1417 3655 aquarum
1443 3588 1739 3643 inﬁdelium
1766 3592 1894 3659 (sive

317 3671 476 3740 quasi
508 3689 649 3742 aqua
678 3674 908 3729 mendax
945 3693 1049 3731 non
1079 3678 1285 3734 habens
1316 3680 1525 3748 (idem).
1576 3698 1595 3731 ι
1632 3679 1759 3735 Haec
1787 3680 1895 3735 ﬂeo

314 3763 450 3818 bra-i
475 3780 541 3819 ex
580 3780 809 3834 persona
840 3765 1143 3825 Jerusalem
1180 3770 1289 3825 dici
1345 3773 1720 3829 arbitrantur:
1749 3775 1892 3844 quod
1938 3798 1940 3801 ·

316 3853 432 3909 sola
479 3856 702 3923 sederit,
731 3867 785 3913 et
828 3860 1198 3918 amaritudine
1244 3863 1451 3934 repleta
1502 3864 1593 3931 sit,
1620 3876 1676 3919 et
1714 3867 1892 3922 factus

315 3955 393 4001 stt
424 3948 579 4002 dolor
610 3950 729 4019 ejus
782 3961 1120 4020 perpetuus;
1152 3962 1207 4008 et
1231 3956 1509 4024 quomodo
1542 3971 1715 4026 aqua:
1767 3973 1891 4026 pcr-

318 4048 627 4104 transeunt,
659 4041 739 4095 sic
775 4043 935 4097 verba
962 4044 1377 4114 prophetarum,
1407 4046 1603 4114 quibus
1632 4047 1734 4103 sibi
1764 4063 1891 4117 pre-

314 4146 475 4197 spera
535 4132 954 4200 pollicebantur,
985 4136 1246 4191 transisse
1299 4137 1652 4194 mendaciter.
1698 4139 1892 4195 Melius

313 4231 524 4286 autem,
549 4234 603 4276 ut
635 4239 698 4278 ex
742 4240 974 4294 persona
1032 4225 1319 4297 Propheta:
1350 4229 1466 4283 hinc
1513 4228 1621 4284 dici
1656 4232 1893 4300 accipia-

317 4327 465 4375 mus,
512 4314 854 4369 serntonibus
896 4317 1069 4371 S'JllCli
1128 4317 1251 4383 viri,
1277 4319 1370 4388 qui
1409 4334 1514 4374 non
1546 4321 1561 4350 ¹
1604 4322 1805 4376 sederit
1837 4321 1892 4376 in

313 4403 573 4471 concilio,
605 4404 719 4459 sive
747 4419 955 4460 secreto
994 4408 1321 4475 ludentium,
1345 4411 1487 4479 quod
1528 4411 1769 4466 timuerit
1795 4414 1893 4467 itu-

1995 533 2105 589 Nee
2137 535 2298 588 habui
2335 531 2621 587 intervalla
2671 529 2875 584 doloris
2909 526 3036 589 mei,
3072 523 3166 579 sed
3195 522 3310 592 jugi
3349 522 3570 581 misezin

1998 622 2363 691 deprimebar,
2392 633 2449 674 ut
2484 620 2633 673 nulla
2672 625 3043 686 exspectarem
3072 611 3331 667 remedia.
3363 610 3577 664 Parva-

1999 713 2222 768 luerunt
2269 714 2411 768 enim
2463 712 2554 781 qui
2608 707 3012 766 eontristabant
3064 720 3174 771 me,
3201 713 3254 761 et
3303 705 3446 759 facta
3493 713 3576 757 est

1998 807 2153 877 plaga
2184 820 2300 859 mea
2331 804 2507 859 fortis.
2543 800 2651 857 Sed
2679 802 2734 856 in
2780 800 2886 856 hoc
2912 797 3076 852 habui
3107 794 3567 858 consolationem,

1997 898 2139 965 quod
2173 896 2339 952 fuerit
2380 894 2533 963 quasi
2564 906 2710 959 aqua
2747 890 2999 958 mendax,
3030 895 3195 958 atque
3227 885 3567 956 praeteriens.

1997 990 2149 1045 Sicut
2183 990 2327 1042 enim
2356 1001 2511 1056 aquae
2534 992 2927 1056 praetereuntes
2950 981 3075 1035 dum
3100 975 3574 1041 ﬂuunt,videntur

1995 1091 2049 1136 et
2113 1071 2426 1136 dilabuntur
2453 1095 2471 1137 :
2502 1078 2581 1132 sic
2612 1088 2665 1132 et
2710 1077 2890 1132 omnis
2925 1074 3158 1142 impetus
3202 1056 3573 1131 inimicorum,

1993 1183 2049 1229 te
2106 1173 2419 1244 adjuvante,
2452 1170 2735 1241 praeteriit.
2789 1167 3004 1222 Utinam
3048 1166 3309 1222 Dominus
3348 1172 3569 1235 praestet

1994 1276 2050 1321 et
2080 1265 2236 1319 nobis
2264 1279 2369 1318 non
2403 1262 2593 1317 sedere
2617 1262 2671 1315 in
2695 1261 2926 1315 concilio
2951 1259 3273 1323 ludentium,
3297 1266 3349 1311 et
3377 1273 3569 1311 eorum

1994 1355 2087 1425 qui
2120 1354 2301 1407 futura
2338 1369 2441 1407 non
2497 1353 2782 1421 cogitant:
2815 1365 2914 1405 nec
2961 1351 3204 1402 adversis
3233 1348 3425 1403 cedere
3454 1347 3568 1419 [ιιι.

1997 1440 2297 1514 recedere],
2330 1443 2422 1497 sed
2475 1456 2689 1511 semper
2740 1441 2833 1494 Dei
2887 1440 3213 1494 sententiam
3251 1438 3570 1499 formidare,

1994 1542 2048 1586 et
2077 1530 2258 1586 dicere
2288 1547 2409 1587 cum
2447 1529 2713 1599 PrOpheta
2744 1548 2759 1585 :
2787 1529 2943 1584 Solus
2972 1529 3233 1595 sedebant,
3268 1530 3394 1599 quia
3419 1544 3571 1580 ama-

1996 1624 2230 1677 rituditte
2279 1624 2505 1694 repletus
2542 1640 2675 1678 sum.
2713 1622 2955 1678 Gaudeat
3009 1623 3176 1694 igitur
3226 1623 3279 1676 itt
3314 1618 3571 1691 praesenti

1997 1726 2279 1786 tempore;
2336 1732 2675 1786 nequaquam
2728 1716 3015 1769 consilium
3076 1712 3424 1785 sapientiora,
3472 1716 3568 1767 sed

1928 1811 1970 1869 Β
2000 1823 2258 1861 arcanum
2313 1819 2694 1879 secretumque
2728 1808 3029 1863 ludentium
3060 1827 3073 1873 ;
3104 1809 3231 1862 mihi
3290 1807 3572 1861 adhaerere

2001 1897 2109 1952 Deo
2148 1900 2349 1954 bonum
2386 1901 2477 1965 sit,
2510 1916 2709 1970 ponere
2747 1902 2798 1954 in
2847 1900 2955 1954 Deo
2988 1915 3136 1969 spem
3184 1915 3384 1963 meam,
3420 1912 3573 1956 satu-

1999 1991 2108 2044 rari
2138 1990 2467 2060 opprobriis,
2500 2002 2555 2045 et
2584 1992 2786 2061 judieis
2822 1992 2924 2046 mei
2959 1996 3290 2059 fexspectare
3346 2001 3571 2046 senten-

2000 2083 2174 2153 tiamt
2225 2099 2344 2152 quae
2399 2100 2518 2139 cum
2584 2086 2707 2138 linis
2772 2084 3074 2150 advenerit,
3131 2084 3297 2155 950
3357 2088 3572 2154 opere“

1998 2176 2317 2229 monstrabit
2341 2191 2555 2231 omnem
2581 2177 2853 2232 tristitiam
2877 2188 2931 2232 et
2960 2178 3376 2233 amaritudinem
3402 2178 3574 2234 instar

1997 2280 2259 2337 aquarum
2299 2268 2579 2323 ﬂuentium
2630 2270 3033 2338 pertransiisse.

2071 2380 2252 2452 (Vers.
2285 2384 2349 2437 1’)
2384 2383 2560 2453 seqq.)
2599 2401 2617 2435 ι
2665 2382 2890 2452 PrOpter
2937 2383 3038 2436 hoc
3070 2383 3182 2437 haec
3208 2383 3340 2438 dicit
3390 2384 3570 2440 Domi-

1997 2491 2143 2531 nus:
2180 2474 2235 2532 Si
2272 2479 2626 2541 eouverteris,
2665 2488 2976 2533 convertam
3010 2487 3102 2534 te:
3140 2488 3194 2533 et
3225 2488 3350 2535 ante
3372 2479 3566 2537 faciem

1997 2584 2172 2624 meam
2218 2570 2415 2627 stabis.
2462 2570 2531 2625 Et
2586 2572 2634 2627 si
2686 2572 3030 2643 separaveris
3063 2572 3360 2643 pretiosum
3392 2591 3422 2629 a
3450 2575 3567 2638 vili,

1995 2662 2149 2730 quasi
2186 2677 2246 2716 os
2284 2678 2460 2717 meum
2494 2665 2622 2720 eris.
2657 2664 3059 2723 Convertentur
3095 2666 3199 2737 ipsi
3228 2666 3295 2722 ad
3331 2677 3406 2737 te,
3432 2681 3485 2724 et
3513 2681 3570 2727 tu

1997 2770 2105 2808 non
2134 2756 2472 2812 converteris
2502 2758 2569 2812 ad
2602 2772 2716 2814 eos.
2752 2759 2817 2814 Et
2849 2760 2991 2816 dabo
3034 2769 3084 2816 te
3114 2762 3312 2832 popqu
3348 2763 3475 2818 huic
3510 2763 3563 2817 in

1998 2862 2211 2901 murum
2259 2862 2467 2903 aeneum
2510 2848 2743 2918 fortem;
2776 2859 2829 2905 et
2857 2851 3136 2907 bellabunt
3168 2853 3453 2909 adversum
3494 2865 3563 2913 te.

1997 2938 2050 2990 et
2080 2951 2186 2990 non
2219 2939 2750 3008 prteralebunt,quia
2781 2956 2881 3013 ego
2907 2951 3082 2997 tecum
3108 2957 3248 3005 sum,
3279 2953 3336 2997 ut
3362 2943 3567 2999 salvum

1999 3035 2051 3081 te
2088 3027 2280 3083 faciant
2313 3048 2327 3085 :
2361 3041 2414 3085 et
2458 3047 2667 3100 eruam,
2699 3033 2832 3089 dicit
2872 3034 3154 3090 Dominus.
3205 3035 3272 3090 Et
3325 3037 3569 3092 liberabo

1999 3116 2109 3191 [ΑΙ.
2142 3120 2388 3193 liberem]
2433 3132 2482 3177 te
2514 3126 2579 3178 de
2613 3138 2775 3178 manu
2813 3126 3195 3193 pessimorum,
3223 3137 3278 3183 et
3311 3130 3569 3184 redimam

2002 3221 2054 3265 te
2082 3210 2150 3265 de
2195 3227 2355 3267 ntanu
2388 3212 2608 3269 fortium
2663 3216 2790 3287 (sive
2832 3217 3247 3289 pestilentium).
3287 3240 3307 3273 ι
3343 3221 3574 3279 blattife-

1998 3313 2142 3356 stnm
2196 3314 2276 3357 cst
2316 3306 2459 3373 quod
2513 3308 2790 3375 superiora
2850 3324 3188 3379 nequaquam
3243 3311 3565 3383 JernSaIenv,

1999 3394 2092 3447 sed
2151 3392 2419 3462 Pt-Opheta
2474 3396 2691 3451 dixerit.
2722 3396 2822 3454 Cui
2881 3403 3163 3468 respondit
3209 3404 3489 3475 Dominus,
3522 3418 3566 3463 st

1997 3485 2332 3540 converteris
2362 3501 2389 3539 a
2422 3488 2658 3555 peccatis
2709 3488 2989 3557 populum,
3027 3502 3079 3546 et
3113 3508 3212 3562 ego
3244 3497 3309 3550 de
3342 3500 3572 3555 tribui..-

2000 3579 2144 3633 tione
2174 3588 2485 3634 convertam
2516 3590 2564 3634 te
2592 3578 2645 3632 itt
2670 3579 2933 3645 laetitiam,
2956 3591 3009 3636 et
3032 3586 3203 3641 stabis
3226 3598 3351 3643 ante
3372 3590 3567 3647 faciem

1997 3686 2195 3735 meam,
2227 3671 2372 3726 sicut
2400 3670 2574 3740 angeli
2601 3681 2748 3726 stant
2777 3672 2829 3726 in
2856 3685 3149 3744 conspectu
3188 3676 3304 3745 Dei,
3324 3684 3569 3749 quotidie

1998 3765 2245 3819 videntes
2279 3763 2473 3819 faciem
2526 3763 2711 3821 illius:
2744 3763 2881 3821 Etsi
2906 3771 3234 3835 separaveris
3281 3775 3568 3842 pretiosum

1996 3874 2029 3910 α
2068 3857 2180 3922 vili,
2212 3858 2360 3923 quasi
2387 3873 2443 3911 os
2502 3874 2674 3912 meum
2713 3859 2839 3914 eris.
2886 3859 2963 3914 Ne
3003 3871 3179 3931 putes,
3214 3865 3406 3936 inquit,
3440 3871 3565 3925 boni

1995 3948 2177 4015 operis
2234 3962 2340 4000 non
2394 3961 2515 4002 esse
2570 3949 2874 4002 mercedem
2906 3964 2922 4005 :
2957 3951 3001 4004 si
3053 3962 3272 4007 sanctos
3320 3971 3569 4027 quosque

1999 4051 2147 4090 meos
2182 4036 2245 4090 de
2284 4051 2513 4091 numero
2564 4039 2902 4106 peccantium
2960 4041 3064 4096 tuis
3109 4047 3452 4104 sermonibus
3475 4066 3565 4107 se-

1996 4126 2262 4196 gregaris,
2308 4127 2420 4183 eris
2472 4128 2627 4196 quasi
2667 4144 2729 4183 os
2762 4145 2964 4195 meum,
3007 4141 3059 4187 et
3111 4135 3243 4190 meis
3287 4144 3567 4211 praeceptis

1999 4218 2357 4287 copulaberis.
2409 4216 2616 4273 Debent
2660 4220 2804 4273 enint
2844 4220 2918 4274 illi
2952 4225 3024 4276 tui
3078 4225 3379 4284 imitatores
3425 4247 3565 4296 esse,

1996 4320 2051 4363 et
2084 4326 2191 4363 non
2227 4320 2280 4363 tu
2317 4325 2527 4364 eorum.
2552 4308 2666 4365 Nec
2716 4312 3055 4383 reformides,
3083 4328 3135 4373 ct
3170 4322 3317 4377 dicas
3346 4341 3359 4377 :
3388 4324 3568 4390 Quare

1990 4401 2169 4471 factus
2202 4409 2275 4455 est
2308 4404 2461 4455 dolor
2489 4419 2631 4456 utens
2652 4415 2950 4474 perpetuus,
2981 4418 3028 4461 et
3047 4410 3204 4481 plaga
3248 4431 3360 4471 mea
3390 4418 3566 4489 fortis,

316 4495 641 4562 pendentem
676 4497 779 4551 sibi
817 4512 1033 4552 manum
1070 4499 1163 4554 Dei
1195 4516 1210 4554 :
1241 4499 1355 4555 sive
1405 4503 1577 4572 magis
1628 4503 1892 4572 gloriatus
1924 4504 1970 4564 D
1998 4494 2113 4548 εῖνθ
2169 4494 2533 4563 “speramus:
2565 4503 2621 4549 ιιι
2676 4513 2762 4552 me
2815 4499 3097 4569 ἀεψετειη
3150 4520 3307 4573 90550
3362 4514 3565 4565 curari-

315 4586 411 4651 sit,
458 4601 519 4640 se
569 4587 834 4641 malorum
880 4603 985 4644 non
1030 4590 1232 4646 habere
1285 4595 1642 4648 consortium.
1712 4594 1889 4661 Solus,

317 4675 523 4744 inquit,
570 4678 836 4746 sedebam,
885 4683 1185 4736 secundum
1241 4684 1375 4740 illud
1432 4688 1572 4754 quod
1627 4688 1889 4757 scriptum

318 4776 444 4822 est:
487 4765 610 4821 Non
644 4771 754 4823 sedi
810 4787 929 4823 cum
970 4774 1197 4827 concilio
1239 4777 1510 4841 vanitatis,
1550 4787 1598 4831 et
1633 4795 1749 4831 cum
1788 4780 1892 4831 iui-

318 4873 427 4925 qua
458 4860 755 4926 gerentibus
798 4876 897 4913 non
930 4861 1176 4915 introibo.
1219 4860 1383 4916 0divi.
1413 4863 1706 4918 Ecclesium
1742 4863 1895 4917 muli-

320 4948 624 5016 gttmttitim,
650 4964 698 5004 et
722 4968 837 5006 cum
870 4954 1044 5021 impiis
1092 4972 1198 5008 non
1236 4956 1419 5009 sedebo
1460 4956 1635 5027 (Psal.
1674 4973 1799 5020 xxv,
1836 4956 1891 5022 4,

322 5042 402 5111 5).
436 5042 500 5094 Et
528 5044 581 5096 in
614 5044 721 5098 alio
750 5044 869 5100 loco
896 5060 913 5103 ζ
938 5044 1226 5102 Solitarius
1262 5064 1378 5101 sum
1407 5065 1522 5118 ego,
1555 5049 1717 5101 donec
1771 5064 1891 5116 per-

319 5148 588 5189 transeam
626 5133 795 5206 (Psal.
849 5153 972 5205 αλιι,
1006 5138 1115 5208 ID).
1153 5139 1195 5192 A
1241 5140 1399 5207 facie,
1450 5140 1649 5210 inquit,
1698 5156 1891 5193 manus

318 5237 446 5291 tum,
472 5228 616 5281 solus
652 5229 919 5295 sedebam,
957 5230 1081 5285 dum
1114 5242 1165 5285 te
1205 5234 1388 5293 timeo.
1417 5234 1542 5287 dum
1580 5233 1894 5302 impenden-

318 5332 426 5375 letn
456 5322 586 5375 mihi
619 5340 838 5377 manum
861 5334 1006 5378 tuam
1033 5340 1248 5392 semper
1272 5338 1552 5394 exspecto.
1578 5326 1631 5379 In
1659 5327 1891 5380 cont-ilio

315 5410 614 5466 ludentium
667 5415 858 5470 sedere
911 5416 1078 5482 nolui,
1104 5415 1209 5472 sed
1251 5433 1424 5472 meam
1463 5419 1889 5473 amaritudinem

384 5619 403 5651 ⁸
430 5618 660 5675 Cisterc.
695 5628 748 5674 et
787 5619 958 5675 Vatic.
993 5663 1006 5685 ,
1038 5621 1128 5675 sed
1184 5623 1517 5676 sermonibus
1555 5623 1726 5677 sancti
1762 5622 1889 5686 viri,

311 5693 451 5760 quod
490 5706 617 5760 non,
667 5700 776 5746 etc.
814 5689 991 5745 Penes
1055 5691 1262 5748 Βιιιίιιι,
1303 5695 1375 5748 vel
1429 5710 1490 5757 rx
1533 5710 1584 5746 se
1618 5697 1884 5759 moribus,

315 5775 419 5817 etc.
1296 5770 1305 5779 '

551 5920 560 5926 _
636 5860 902 5920 Parnon.
957 5859 1178 5920 XXIV.

1996 4586 2143 4640 Dabo
2172 4587 2312 4639 enim
2347 4597 2397 4639 te
2425 4588 2578 4656 quasi
2631 4604 2846 4643 murum
2889 4606 3098 4648 trueum
3139 4609 3298 4666 atque
3329 4599 3566 4656 {Ul‘liéSi-

1997 4692 2164 4739 mum,
2193 4688 2247 4730 ut
2282 4689 2468 4732 contra
2497 4680 2869 4735 adversarium
2912 4687 3056 4739 omni
3092 4688 3310 4742 resistas
3349 4694 3563 4759 robore,

1995 4779 2048 4823 et
2079 4784 2163 4822 me
2192 4769 2390 4823 habeas
2418 4770 2720 4841 adjutorcm
2751 4784 2804 4827 et
2836 4774 3055 4829 liberem
3086 4786 3134 4831 te
3162 4778 3227 4831 de
3252 4795 3411 4834 manu
3438 4798 3564 4850 pes-

1997 4862 2279 4926 simorum,
2330 4864 2445 4918 sive
2503 4865 2895 4933 pestilentium,
2947 4877 2999 4921 et
3062 4869 3319 4924 redimam
3379 4883 3452 4938 te,
3479 4877 3567 4932 vel

1998 4968 2118 5007 meo
2169 4956 2449 5022 sanguine,
2483 4958 2565 5010 vel
2621 4959 2672 5011 in
2710 4961 3122 5028 prtescntiarum
3165 4977 3283 5016 meo
3338 4968 3561 5024 auxilio.

1995 5044 2413 5104 Consideremus
2466 5059 2720 5119 quantam
2777 5052 3325 5109 mercedem-habeat
3384 5074 3564 5116 sermo

1997 5140 2257 5206 doctoris,
2328 5143 2374 5197 si
2427 5145 2658 5197 valuerit
2715 5145 2781 5199 ab
2848 5159 3037 5197 errore
3066 5151 3371 5219 quempiam
3429 5154 3566 5211 libe.

1996 5245 2137 5293 rare,
2182 5244 2237 5286 et
2282 5234 2348 5287 de
2381 5235 2719 5301 peccantium
2759 5251 2983 5292 numero
3019 5240 3272 5294 educere.

2068 5323 2221 5393 (Cap.
2275 5325 2417 5381 XVI.
2472 5356 2540 5365 —-
2582 5328 2739 5383 Vers.
2778 5331 2801 5383 l
2846 5334 3024 5401 seqq.)
3064 5352 3080 5384 ι
3125 5333 3192 5386 Ει
3239 5339 3436 5390 factmn
3477 5349 3567 5395 est

1998 5416 2219 5471 verbum
2245 5416 2454 5474 Domini
2481 5420 2547 5474 ad
2575 5423 2881 5485 nte,dicens
2911 5441 2925 5478 :
2949 5425 3063 5479 I‘Ioli
3085 5429 3330 5497 accipere
3404 5424 3563 5504 Vulg.

2069 5630 2089 5659 ³
2128 5625 2313 5707 Iidem,
2354 5642 2614 5698 operum;
2652 5641 2884 5698 moxque
2940 5629 3233 5696 recessisse,
3287 5644 3385 5700 pro
3442 5645 3565 5701 pcr-

1996 5710 2285 5751 trattsttsse.

3232 5839 3311 5898 ‘26
