3906 6172
362 392 461 460 811

1520 375 1581 437 S.
1620 373 1939 437 EUSEBII
2008 372 2202 434 IllEB
2214 372 2314 433 ON
2326 370 2460 434 YMI

3528 351 3637 419 812

363 510 485 568 Non
533 503 794 578 accipies]
828 518 1079 568 uxorem,
1125 509 1179 558 et
1221 514 1333 557 non
1383 496 1492 554 sint
1524 495 1713 569 [Vulg.
1763 492 1949 567 erunt]
1984 501 2026 556 Α
2055 494 2123 549 Ει
2150 495 2370 549 domum
2406 487 2640 547 convivii
2706 501 2812 543 non
2847 482 3177 556 ingredieris
3218 476 3639 578 (Vulg.ningrt3—

369 602 468 656 tibi
496 599 589 654 ﬁlii
630 608 684 652 et
726 592 849 650 tilia!
873 595 925 650 in
959 593 1079 648 loco
1103 591 1228 647 isto.
1277 587 1412 656 Quia
1451 590 1566 643 haec
1601 587 1735 643 dicit
1768 587 1949 641 Domi-

369 707 495 758 nus,
526 703 689 758 super
739 686 880 741 ﬁlios
909 693 963 740 et
991 683 1129 738 ﬁlias
1159 696 1279 752 quas
1328 690 1664 751 generantur
1721 679 1776 734 in
1827 678 1948 734 loco

368 784 498 847 isto,
536 790 589 836 et
617 793 783 847 super
821 785 1026 831 matres
1081 788 1292 838 eorum,
1323 788 1444 844 qua:
1489 780 1795 842 genuerunt
1831 784 1947 834 eos,

371 884 427 929 et
460 888 627 942 super
658 880 841 942 patres
870 883 1081 931 eorum,
1106 867 1172 921 de
1203 880 1436 936 quorum
1483 865 1653 932 stirpe
1682 863 1796 916 nati
1820 871 1948 917 sunt

372 969 426 1021 in
464 976 609 1021 terra
641 965 763 1026 hac,
798 960 1065 1017 mortibus
1086 957 1499 1029 aegrotationum
1540 954 1652 1028 [ΑΙ.
1681 964 1952 1025 trgrotan-

374 1056 533 1127 tium]
575 1056 876 1111 morientur
908 1070 927 1109 :
965 1068 1072 1108 non
1095 1052 1443 1121 plaugentur,
1475 1057 1657 1104 etnon
1679 1046 1950 1116 sepelien-

376 1161 484 1215 tur,
512 1150 565 1203 in
590 1144 996 1216 sterquilinium
1042 1158 1207 1212 super
1240 1140 1435 1196 faciem
1482 1147 1640 1194 terrae
1680 1147 1861 1202 erunt,
1897 1147 1954 1192 et

377 1238 559 1308 gladio
588 1246 643 1291 et
692 1235 837 1291 fame
884 1241 1304 1298 consumentur,
1359 1242 1414 1286 et
1459 1240 1622 1285 erunt
1681 1229 1951 1284 cadavera

377 1344 567 1385 eorum
592 1330 645 1383 in
674 1341 856 1382 escam
878 1324 1191 1380 volatilibus
1232 1322 1354 1378 cmli
1404 1333 1458 1377 et
1484 1321 1673 1376 bestiis
1707 1328 1886 1374 terrae.
1927 1337 1946 1370 ι

379 1422 438 1476 Si
472 1430 715 1492 tempore
739 1418 1075 1475 imminentis
1095 1414 1424 1487 captivitatis
1450 1421 1668 1469 vetatur
1687 1412 1954 1483 PrOplieta

381 1528 609 1569 uxorem
630 1513 852 1580 ducere,
888 1526 960 1566 ne
992 1510 1394 1566 tribulationem
1426 1506 1611 1564 carnis
1635 1505 1871 1571 habeat;
1902 1513 1957 1560 et

381 1624 545 1677 super
578 1607 819 1666 dolorem
870 1604 1148 1675 proprium
1178 1601 1338 1674 951
1377 1600 1564 1657 uxoris
1620 1613 1842 1670 quoque
1893 1610 1957 1652 ac

382 1704 682 1759 liberorum
720 1698 956 1756 miseriis
987 1705 1335 1767 torqueatur,
1370 1703 1577 1765 quanto
1606 1690 1779 1763 magis
1813 1692 1958 1759 Apo-

383 1794 557 1849 stolus
583 1792 740 1864 jubet
759 1789 807 1864 (1
840 1791 965 1847 Cor.
994 1791 1114 1859 vii),
1156 1787 1283 1857 quia
1326 1786 1699 1844 abhreviatum
1744 1794 1957 1853 tempus

2050 583 2263 654 diaria),
2293 589 2352 637 ut
2379 582 2571 637 sedeas
2603 593 2728 633 cum
2755 578 2860 641 eis,
2918 583 2974 631 et
3005 571 3263 629 comedas
3297 580 3352 625 et
3385 568 3565 626 bibas.
3608 587 3627 619 ι

2048 676 2344 747 Apostolus
2369 673 2637 746 praecipit,
2664 686 2785 726 cum
2821 669 2911 726 his
2973 667 3063 736 qui
3088 672 3412 719 aversentur
3437 656 3638 721 Deum.

2053 784 2152 824 nec
2197 769 2379 823 cibum
2432 767 2651 836 quidem
2703 778 2825 819 esse
2873 757 3203 825 sumendum
3266 753 3316 822 (1
3374 752 3499 810 Cor.
3559 755 3637 820 v).

2053 859 2120 914 Et
2154 859 2408 930 amplius,
2436 856 2551 913 Nec
2582 873 2673 911 ave
2701 856 2908 922 quidem
2938 849 3239 921 hujusmodi
3287 847 3530 901 dixeritis
3559 842 3645 915 (11

2052 951 2215 1007 Joan.
2247 968 2302 1019 ι,
2346 950 2460 1022 l0).
2495 949 2563 1004 Et
2591 948 2830 1004 salvator
2880 942 3164 1015 Apostolis
3222 938 3524 1002 interdicit,
3574 951 3647 990 ne

2054 1060 2379 1116 quemquam
2445 1043 2498 1097 in
2544 1041 2739 1097 itinere
2795 1037 3039 1093 salutent
3087 1031 3251 1105 (Luc.
3292 1032 3368 1101 ι).
3396 1028 3563 1085 Unde
3587 1040 3646 1081 et

2056 1129 2282 1191 Enisams
2306 1134 2554 1205 pergenti
2592 1133 2658 1187 ad
2689 1131 2993 1187 sanandum
3020 1141 3248 1197 puerum
3276 1123 3454 1186 Giezi,
3495 1120 3650 1175 salu-

2049 1226 2315 1281 tationem
2355 1223 2630 1278 interdicit
2658 1220 2767 1293 (IV
2815 1218 2945 1288 Reg.
2974 1217 3074 1288 tv).
3121 1214 3289 1270 Moris
3339 1206 3523 1267 autem
3559 1219 3650 1264 est

2059 1316 2370 1386 lugentibus
2393 1304 2535 1369 ferre
2592 1314 2746 1369 cibos
2774 1309 2960 1382 A952
2994 1317 3050 1363 et
3100 1318 3411 1379 praeparare
3456 1300 3652 1358 convi-

2058 1408 2225 1472 vium,
2269 1421 2389 1477 qua:
2422 1404 2595 1460 Graeci
2629 1403 2956 1474 περίδειπνα
2990 1405 3208 1461 vocant,
3260 1406 3316 1452 et
3368 1409 3400 1449 a
3430 1391 3651 1448 ‘nostris
3676 1437 3695 1456 ι

2060 1497 2217 1569 vulgo
2247 1497 2592 1567 appellantur
2619 1493 2923 1563 parentalia
2957 1492 3017 1559 ’ς
3050 1506 3112 1547 eo
3142 1490 3286 1561 quod
3326 1487 3656 1558 parentibus

2056 1589 2202 1660 iusta
2243 1589 2607 1644 celebrentur.
2638 1586 2779 1643 Dicit
2812 1596 2868 1642 et
2898 1586 3030 1641 alibi
3074 1583 3359 1653 Scriptura
3406 1580 3591 1634 divina
3626 1589 3653 1634 :

2061 1681 2197 1736 Date
2225 1679 2511 1736 vinum'his
2595 1681 2688 1749 qui
2718 1680 2770 1735 in
2818 1678 2963 1733 luctu
3010 1685 3130 1732 sunt
3165 1674 3347 1742 (Prov.
3382 1687 3535 1736 nn,
3558 1670 3655 1741 6);

2058 1784 2119 1827 ut
2149 1773 2402 1828 videlicet
2446 1770 2845 1829 obliviscantur
2894 1769 3121 1825 doloris.
3172 1766 3494 1836 Prmeipitur
3521 1778 3657 1834 ergo

384 1898 493 1953 ost,
521 1895 578 1943 et
605 1885 857 1941 imminet
883 1881 1303 1947 consummatio,
1335 1889 1392 1933 ut
1424 1878 1588 1934 etiam
1624 1875 1712 1947 qui
1759 1877 1962 1931 habent
1994 1856 2037 1915 Β
2064 1864 2371 1935 Propheta.
2429 1878 2497 1919 ne
2527 1863 2697 1917 ullum
2729 1863 2795 1918 de
2849 1862 3051 1931 populo
3108 1860 3449 1924 consoletur,
3495 1871 3564 1911 ne
3591 1871 3657 1911 se

387 1993 609 2045 uxores,
637 1978 716 2032 sic
740 1976 846 2032 sint
873 1973 1032 2044 quasi
1058 1986 1163 2027 non
1200 1969 1434 2025 habeant
1462 1969 1475 2023 Ξ
1503 1966 1659 2023 Unde
1688 1963 1962 2034 superﬂua

387 2072 517 2129 novi
545 2067 785 2126 baaretici
804 2062 1125 2139 (Ioviniani)
1153 2061 1530 2133 reprehensio,
1553 2074 1656 2130 qua
1678 2058 1967 2114 docuimus

390 2162 683 2234 digamiam
708 2168 763 2215 et
791 2157 1094 2230 trigamiam
1121 2170 1225 2210 non
1263 2170 1329 2209 ex
1348 2154 1464 2223 lege
1483 2148 1963 2234 descenderc,‘sed

390 2272 455 2311 ea
493 2252 847 2323 indulgentia.
882 2249 1044 2305 Aliud
1077 2258 1161 2303 est
1191 2246 1338 2301 enim
1378 2244 1578 2308 facere,
1605 2242 1746 2311 quod
1785 2227 1882 2311 per
1906 2255 1967 2296 se

392 2352 594 2405 bonum
634 2345 731 2408 sit,
767 2342 912 2399 aliud
943 2342 1067 2397 ideo
1096 2338 1339 2403 concedi,
1382 2351 1454 2391 ne
1484 2335 1668 2405 pejora
1702 2333 1966 2388 faciamus

396 2441 508 2513 (At.
542 2433 933 2509 facias].Dicit
978 2432 1123 2487 enim
1170 2439 1227 2486 et
1270 2430 1385 2500 ipse
1426 2441 1645 2492 causas,
1692 2440 1792 2480 cur
1834 2423 1970 2480 velit

395 2529 836 2589 adulescentulas
864 2523 1056 2581 viduas
1096 2522 1323 2587 nubere,
1361 2518 1603 2575 inferens
1632 2533 1647 2575 :
1678 2517 1800 2572 lam
1831 2517 1970 2571 enim

397 2622 638 2693 quadam
669 2633 855 2673 earum
882 2616 1125 2669 abierunt
1154 2624 1293 2667 retro
1325 2622 1434 2680 post
1465 2607 1726 2664 Satanam
1763 2602 1812 2678 (1
1835 2607 1968 2662 Tim.

395 2729 451 2778 ν,
475 2712 587 2783 l5).
623 2710 907 2779 Simulque
936 2717 1237 2778 pratcepter
1279 2702 1654 2765 continentiae,
1699 2710 1752 2755 et
1783 2713 1973 2769 perpe—

395 2817 506 2862 tuae
544 2804 838 2865 castitatis,
889 2806 945 2853 et
989 2796 1254 2865 aequalem
1310 2808 1369 2849 se
1420 2792 1803 2860 blaspliemans
1840 2790 1969 2856 Deo,

396 2899 585 2954 laudat
633 2904 783 2950 terna
839 2900 1214 2962 quaternaque
1267 2885 1539 2955 coniugia,
1584 2899 1703 2955 quzc
1730 2870 1827 2952 ego
1864 2897 1970 2938 non

400 3000 512 3044 tam
542 2984 793 3055 conjugis
836 2983 1010 3035 dicam
1042 2979 1081 3043 ³,
1120 2992 1280 3046 quam
1319 2974 1662 3029 miseriarum
1695 2973 1884 3027 solatia
1919 2981 1974 3026 et

400 3091 700 3137 extremam
764 3072 999 3129 tabulam
1052 3064 1617 3138 naufragorumJAl.
1664 3064 1974 3133 naufragio.

404 3170 549 3242 rum)
592 3168 739 3229 :nisi
767 3164 907 3219 forte
957 3160 1557 3231 trihuitindulgentiam
1607 3156 1976 3212 Amazonibus

409 3264 545 3331 suis,
584 3272 645 3316 ut
678 3271 849 3327 usque
885 3255 953 3310 ad
983 3253 1318 3322 decrepitam
1367 3259 1704 3306 senectutem
1745 3248 1885 3303 bella
1913 3247 1980 3301 li-

406 3354 652 3410 bidinum
685 3346 1054 3420 experiantur.
1108 3344 1219 3401 Cur
1259 3352 1435 3397 autem
1486 3341 1754 3411 Pr0pheta
1796 3355 1985 3395 arcea-

410 3459 500 3501 tur
529 3457 751 3499 uxorem
783 3443 1005 3504 ducere,
1039 3453 1204 3495 causa
1250 3436 1534 3508 perspicua
1574 3446 1679 3501 est,
1707 3435 1848 3505 quod
1886 3434 1984 3489 ob-

411 3536 622 3592 sidione
648 3534 849 3597 vicina,
877 3529 1214 3603 pestilentia,
1261 3540 1316 3585 et
1349 3529 1552 3599 gladio,
1587 3538 1641 3583 et
1663 3526 1825 3593 fame,
1865 3526 1983 3579 uui-

411 3631 556 3687 versi
592 3628 886 3691 intereant,
920 3634 975 3681 et
1007 3634 1186 3679 tantus
1218 3623 1286 3677 sit
1313 3636 1577 3675 numerus
1608 3619 1982 3685 morientium,

412 3729 472 3773 ut
501 3717 792 3787 sepulturae
826 3715 1078 3769 vincatur
1120 3711 1378 3773 cilicium,
1413 3710 1505 3764 sed
1541 3708 1715 3763 instar
1745 3708 1985 3778 sterqui-

412 3811 532 3867 linii
565 3809 785 3881 jaceant
814 3805 1101 3869 cadavera,
1142 3802 1456 3859 volatilibus
1509 3802 1806 3871 bestiisque
1845 3801 1988 3855 lace-

414 3903 608 3958 randa.
640 3900 707 3955 Et
743 3899 849 3961 hoc
900 3896 1223 3962 notandum,
1276 3894 1420 3965 quod
1461 3893 1905 3963 aegrotationibus
1936 3900 1990 3947 ct

332 3984 345 3993 κ
414 3997 574 4067 longa
614 3990 936 4050 inﬁrmitate
987 3990 1285 4054 tabescere,
1343 3988 1435 4043 Dei
1495 3986 1576 4041 ira
1612 3987 1704 4042 sit.
1746 3984 1903 4041 Unde
1935 3992 1991 4040 et

416 4089 597 4145 Joram
628 4081 1051 4153 ﬁliusJosaphat
1077 4079 1389 4136 inﬁrmitate
1413 4078 1753 4136 consumitur
1771 4077 1855 4148 (II
1875 4075 1990 4130 Pa-

418 4180 524 4235 ral.
561 4178 698 4249 xxx).
734 4174 802 4229 Et
849 4172 1144 4242 Apostolus
1182 4170 1336 4226 docet
1389 4179 1655 4238 aegrotare
1688 4183 1786 4223 eos
1825 4177 1877 4223 et
1911 4175 1990 4221 ta-

418 4274 663 4332 bescere,
694 4277 748 4323 et
781 4265 943 4331 mori,
978 4262 1070 4335 qui
1110 4270 1297 4317 sancta
1338 4260 1594 4315 violarint
1643 4256 1696 4330 (ι
1731 4258 1858 4314 Cor.
1893 4263 1991 4327 xi).

497 4360 651 4417 Vers.
683 4359 717 4413 5
743 4357 921 4433 seqq.)
960 4376 979 4409 ι
1025 4352 1152 4409 llaec
1202 4354 1349 4409 enim
1405 4353 1536 4408 dicit
1583 4351 1884 4409 Dominus:
1914 4349 1994 4407 Ne

424 4451 748 4526 ingrediaris
781 4434 999 4503 domum
1036 4444 1296 4510 convivii,
1346 4458 1521 4513 neque
1550 4444 1714 4497 vadas
1743 4443 1811 4498 ad
1846 4444 1994 4512 plan-

2066 1957 2296 2014 misceat
2332 1954 2679 2011 inimicorum
2732 1955 2825 2009 Dei
2877 1952 3164 2019 conviviis,
3217 1966 3283 2006 ne
3329 1951 3480 2021 justa
3507 1947 3658 2003 cele-

2069 2051 2190 2104 hret
2219 2063 2384 2118 super
2410 2047 2696 2104 funeribus
2723 2045 3130 2102 defunctorum.
3182 2043 3342 2099 Aliud
3390 2050 3474 2098 est
3505 2040 3657 2096 enim

2070 2143 2208 2197 mori
2227 2142 2506 2197 communi
2535 2140 2652 2211 lege
2683 2149 2912 2202 naturae,
2938 2138 3083 2193 aliud
3113 2137 3203 2192 Dei
3227 2133 3495 2191 occidisse
3525 2149 3659 2189 sen-
3684 2134 3687 2137 ’

2070 2234 2259 2291 tentia.
2293 2231 2525 2298 Abrtuli,
2563 2230 2762 2300 inquit,
2790 2247 2970 2301 pacem
2998 2246 3168 2285 meam
3209 2230 3272 2283 de
3302 2227 3497 2297 popuio
3528 2227 3658 2294 ista,

2067 2337 2125 2385 et
2151 2325 2530 2399 misericordia
2584 2323 2791 2395 indigni
2827 2333 2957 2379 sunt
3001 2322 3288 2390 :nullique
3338 2321 3490 2377 aetati
3531 2335 3656 2390 par-

2069 2435 2212 2489 cam,
2241 2419 2333 2475 sed
2364 2428 2421 2475 et
2470 2416 2705 2489 grandes
2747 2424 2803 2472 et
2853 2416 3008 2487 parvi
3071 2415 3279 2486 pariter
3332 2412 3659 2477 interibunt,

2071 2513 2146 2569 ita
2179 2522 2238 2568 ut
2263 2512 2539 2585 sepultura
2587 2523 2809 2580 quoque
2864 2519 3116 2564 careant.
3148 2506 3256 2562 Nec
3305 2523 3361 2560 se
3401 2507 3660 2569 incident,

2074 2604 2268 2675 inquit,
2303 2620 2467 2675 neque
2513 2601 2784 2657 calvitium
2839 2600 2929 2669 ﬁet
2982 2598 3092 2672 [ΑΙ.
3148 2597 3374 2671 faciant]
3435 2614 3533 2668 pro
3561 2598 3659 2653 eis.

2073 2695 2189 2752 Mos
2213 2698 2301 2752 hic
2330 2695 2434 2751 fuit
2481 2694 2624 2764 apud
2665 2701 2905 2756 veteres,
2948 2702 3003 2747 et
3034 2706 3206 2761 usque
3243 2692 3399 2747 hodie
3448 2691 3503 2745 in
3537 2690 3663 2760 qui-

2076 2788 2304 2843 busdam
2338 2794 2626 2858 permanet
2668 2784 3007 2851 Iudaeorum,
3049 2793 3108 2840 ut
3161 2784 3216 2837 in
3255 2781 3499 2838 luctibus
3528 2784 3665 2836 inci-

2075 2885 2208 2937 dant
2246 2883 2501 2948 lacertos,
2537 2887 2594 2935 et
2616 2879 2895 2934 calvitium
2936 2877 3173 2943 faciant;
3199 2879 3341 2947 quod
3368 2880 3534 2933 etiam
3563 2874 3663 2931 loli

2078 2973 2275 3030 fecisse
2303 2973 2533 3044 legimus
2565 2971 2715 3043 (Job,
2760 2979 2849 3026 iet
2881 2974 3040 3040 xxii).
3074 2967 3229 3024 Unde
3273 2978 3325 3024 et
3372 2968 3663 3039 Propheta:

2080 3066 2302 3132 dicitur,
2332 3081 2397 3121 ne
2427 3064 2646 3135 frangat
2690 3062 2836 3118 inter
2880 3077 2976 3118 eos
3005 3075 3222 3132 panem,
3259 3075 3360 3116 nec
3391 3062 3667 3133 ingredia-

2081 3172 2167 3216 tur
2214 3161 2281 3216 ad
2333 3158 2727 3214 consolandum
2780 3170 2879 3225 pro
2936 3164 3175 3218 mortuo,
3234 3171 3414 3226 neque
3475 3167 3665 3227 potum

2087 3252 2312 3315 tribuat,
2347 3265 2523 3320 neque
2571 3248 2910 3320 ingrediatur
2964 3250 3185 3303 domum
3220 3248 3481 3314 convivii,
3515 3259 3570 3304 et
3599 3264 3668 3304 ne

2084 3345 2381 3399 misceatur
2414 3343 2496 3397 eis
2572 3344 2667 3412 qui
2718 3340 2811 3395 Dei
2848 3336 3134 3394 sententiae
3192 3341 3482 3410 pra-parati
3517 3350 3664 3396 sunt.

2082 3438 2140 3493 Si
2169 3450 2349 3492 autem
2396 3436 2498 3493 hoc
2524 3437 2589 3492 de
2626 3435 2935 3505 lugentibus
2993 3435 3212 3500 dicitur,
3272 3436 3403 3506 quid
3464 3438 3555 3490 ﬁet
3602 3437 3672 3493 de

2087 3529 2378 3594 latereticis,
2415 3541 2645 3597 quorum
2671 3513 2862 3582 sermo
2893 3526 3063 3595 serpit
3108 3537 3408 3601 utcaucer,
3440 3538 3495 3583 et
3535 3542 3671 3597 quo.

2087 3621 2218 3675 tidie
2243 3629 2585 3689 prosternunt
2626 3618 2681 3673 in
2713 3618 2956 3673 Ecclesia
2993 3618 3181 3673 funera
3207 3620 3601 3687 deceptorum?

2159 3712 2337 3786 (Vers.
2365 3712 2397 3768 9
2423 3711 2602 3783 seqq.)
2632 3729 2651 3763 ι
2684 3710 2823 3778 Quia
2861 3710 2975 3764 haec
3019 3710 3150 3766 dicit
3179 3711 3441 3767 Dominus
3462 3712 3669 3767 exerci-

2090 3814 2241 3860 tuum
2280 3805 2419 3859 Deus
2450 3805 2619 3861 lsrael
2658 3822 2674 3863 :
2713 3803 2849 3858 Ecce
2887 3818 2987 3874 ego
3049 3802 3293 3858 auferam
3335 3804 3672 3859 delocoisto

2092 3901 2144 3953 in
2173 3898 2345 3953 oculis
2374 3898 2572 3953 veStris
2602 3906 2658 3953 et
2689 3897 2741 3950 in
2778 3882 2971 3951 diebus
3004 3895 3201 3951 vestris
3245 3910 3434 3951 vocem
3466 3896 3671 3967 gaudii,

2093 4000 2147 4043 et
2172 4004 2354 4044 vocem
2392 3989 2634 4047 laetitiae:
2674 4003 2862 4043 vocem
2894 3987 3105 4058 sponsi,
3139 3995 3194 4043 et
3229 4003 3417 4044 vocem
3443 4004 3675 4060 sponsae.

2095 4079 2775 4142 Etcumannnntiaveris
2831 4081 3038 4152 populo
3102 4080 3230 4137 huic
3285 4082 3468 4138 omnia
3514 4086 3677 4138 verba

2094 4174 2230 4239 haec,
2276 4182 2328 4228 et
2358 4173 2594 4228 dixerint
2623 4173 2720 4228 tibi
2758 4190 2772 4226 :
2808 4172 2988 4239 Quare
3033 4173 3249 4230 locutus
3298 4184 3384 4229 est
3418 4174 3679 4231 Dominus

2098 4278 2264 4335 super
2296 4278 2396 4319 nos
2424 4278 2585 4320 omne
2621 4263 2820 4318 malum
2854 4264 3059 4332 grande
3103 4263 3291 4320 istud?
3325 4279 3448 4334 quae
3477 4266 3675 4335 iniqui-

2101 4364 2185 4410 tas
2220 4364 2424 4418 nostra,
2451 4366 2507 4409 et
2530 4355 2672 4426 quod
2700 4365 2985 4424 peccatum
3012 4365 3281 4424 nostrum,
3314 4362 3458 4427 quod
3488 4373 3680 4428 pecca-

2098 4450 2277 4503 vimus
2315 4449 2545 4503 Domiuo
2597 4449 2707 4504 Deo
2759 4447 2991 4503 nostro?
3052 4447 3211 4504 Dices
3260 4449 3325 4504 ad
3364 4465 3459 4506 eos
3495 4451 3677 4519 :Quia

426 4546 680 4618 gendum,
731 4556 906 4609 neque
942 4537 1243 4593 consoleris
1284 4551 1400 4603 eos.
1427 4536 1552 4608 quia
1588 4535 1780 4592 abstuli
1803 4550 1992 4604 pacem
2029 4541 2073 4598 ι)
2103 4541 2511 4611 dereliquerunt
2568 4556 2653 4617 ine
2684 4549 2867 4609 patres
2915 4541 3111 4606 vestri,
3168 4541 3246 4597 ait
3276 4539 3532 4597 Dominus
3563 4559 3582 4597 :
3615 4551 3677 4597 ei

429 4654 605 4694 meam
641 4652 669 4689 a
703 4633 897 4704 populo
930 4631 1060 4694 isto,
1095 4629 1222 4684 dicit
1254 4626 1539 4694 Dominus,
1565 4627 1998 4683 misericordiam

426 4745 480 4789 et
511 4731 909 4787 miserationes.
938 4724 1005 4780 Et
1035 4724 1339 4780 morientur
1387 4724 1620 4794 grandes
1674 4731 1727 4776 et
1751 4720 1904 4792 parvi
1945 4721 2000 4775 in

432 4841 579 4883 terra
613 4825 737 4889 ista,
771 4837 876 4877 non
934 4816 1288 4890 sepelientur,
1341 4830 1519 4885 neque
1552 4815 1897 4884 plangentur,
1946 4821 2004 4867 et

429 4933 538 4975 non
578 4931 637 4971 se
673 4913 932 4977 incident,
980 4922 1158 4980 neque
1202 4907 1481 4963 calvitium
1542 4905 1633 4960 ﬁet
1684 4919 1781 4975 pro
1811 4904 1911 4958 cis.
1937 4902 2005 4957 Et

431 5023 542 5065 non
579 5008 831 5074 irangent
875 5004 1019 5057 inter
1086 5015 1181 5055 eos
1234 4998 1443 5067 lugenti
1475 5010 1672 5065 panem
1710 4996 1779 5051 ad
1809 5008 2007 5050 conso-

433 5099 654 5156 landum
702 5110 867 5166 super
899 5103 1201 5158 mortuum,
1226 5099 1281 5147 et
1310 5104 1419 5145 non
1465 5088 1669 5144 dabunt
1709 5088 1790 5143 eis
1818 5095 2003 5155 potum

435 5191 621 5251 calicis
657 5190 723 5245 ad
775 5185 1163 5244 consolandum
1209 5198 1375 5254 super
1417 5190 1571 5253 patre
1593 5196 1691 5236 suo
1723 5190 1778 5235 et
1808 5190 2001 5236 matre.

480 5418 519 5465 ,ί
559 5413 932 5470 Conferendus
981 5410 1038 5464 S.
1089 5409 1319 5465 Basilius
1378 5422 1505 5465 can.
1559 5408 1614 5474 4,
1670 5404 1760 5461 ubi
1813 5404 2005 5462 tertias

432 5487 653 5557 nuptias
689 5483 943 5553 πορνείαν
962 5480 1387 5557 ’κεκολασμένην
1422 5476 2002 5557 vocat,.indig‘nasqne

433 5548 640 5619 censet,
664 5548 783 5623 qua}
816 5553 1145 5606 matrimonii
1181 5554 1449 5623 donenth
1486 5548 1725 5623 nomine.
1763 5549 1996 5623 licenti.

432 5627 502 5681 50
534 5617 813 5694 tanquam
847 5623 1185 5692 ῥυπάσματα
1236 5618 1695 5694 τῆςλΕκκλησίας
1743 5618 1893 5673 dicit.
1934 5617 1996 5671 S.

432 5690 1081 5765 quoque—Nazianzenus,
1125 5700 1265 5743 orat.
1326 5690 1418 5750 5i,
1473 5691 1777 5765 trigatniatn
1816 5702 2001 5765 nupsi-

431 5759 637 5834 vtipiav
659 5765 910 5834 appellat,
949 5780 1015 5815 tte
1049 5764 1548 5834 aliosinemuiem,
1581 5761 1777 5834 quibus
1808 5759 2005 5834 praeci-

432 5828 1045 5891 sisverbisaduitei'iuiit
1096 5831 1316 5884 dicitur.
1370 5829 1445 5883 Et
1500 5831 1582 5884 his
1638 5830 1849 5897 utique,
1898 5828 1995 5895 qui

2105 4633 2357 4687 abierunt
2406 4642 2529 4702 post
2572 4635 2704 4688 deos
2756 4634 2982 4699 alienos,
3046 4643 3103 4688 et
3148 4634 3460 4689 servierunt
3499 4635 3599 4700 eis,
3622 4645 3682 4689 et

2102 4725 2480 4779 adoraverunt
2531 4740 2646 4789 eos,
2678 4731 2734 4778 et
2784 4739 2868 4779 me
2922 4724 3352 4794 dereliquerunt,
3413 4734 3466 4780 et
3505 4726 3678 4792 legem

2109 4833 2284 4871 meam
2328 4831 2437 4871 non
2470 4816 2866 4871 custodierunt.
2906 4815 3010 4871 Sed
3066 4827 3120 4871 et
3151 4830 3246 4871 vos
3286 4817 3441 4887 pejus
3470 4816 3680 4886 aperati

2106 4914 2241 4965 estis
2275 4925 2435 4979 quam
2471 4898 2652 4979 patres
2683 4909 2874 4965 vestri.
2919 4927 2939 4961 ι
2977 4906 3204 4974 Quando
3249 4909 3545 4976 peccaverit
3573 4907 3687 4962 Ec-

2107 5003 2296 5070 clesia,
2332 5002 2579 5057 aufertur
2611 5003 2677 5056 de
2716 5016 2778 5057 ea
2827 5015 2987 5057 omne
3016 5002 3273 5072 gaudium
3304 4998 3385 5056 iet
3428 5002 3687 5056 universa

2107 5094 2317 5160 laetitia,
2355 5094 2418 5148 de
2467 5107 2576 5163 qua
2632 5092 2926 5163 Apostolus
2982 5091 3152 5146 dicit:
3178 5086 3412 5145 Gaudete
3440 5108 3458 5145 :
3489 5090 3686 5142 iterum

2104 5186 2245 5253 dico,
2281 5186 2506 5257 gaudete
2549 5182 2811 5255 (Philipp.
2847 5200 2922 5251 iv,
2966 5183 3021 5256 6)
3053 5200 3067 5241 ;
3101 5182 3213 5238 Vox
3272 5182 3457 5252 sponsi
3499 5190 3549 5236 et
3577 5195 3690 5235 vox

2106 5408 2424 5478 nuptiarum
2461 5407 2674 5464 hostem
2713 5406 3108 5478 Hieronymum
3162 5403 3331 5478 fuisse
3358 5402 3690 5478 calumnian-

2109 5473 2221 5562 ῑιιμξξ
2249 5490 2454 5548 quanto
2490 5478 2614 5534 aliis
2665 5480 2849 5531 mitior
2881 5473 2997 5545 ejus
3045 5474 3209 5528 fuerit
3246 5473 3531 5537 sententia,
3601 5476 3695 5527 in-

2111 5550 2600 5673 ιωέιῗῗέῒηοηιίηθ
2627 5624 2787 5672 vocat
2818 5615 2874 5672 S.
2906 5614 3248 5670 Gaudentius
3290 5613 3409 5670 dies
3445 5630 3505 5670 ac
3532 5614 3694 5668 femi—

2108 5690 2305 5744 vitates
2340 5688 2689 5754 inferiarum,
2724 5688 2974 5757 interque
3008 5685 3326 5741 idololatriae
3356 5695 3529 5757 partes
3546 5698 3692 5738 ccu-

2116 5759 2389 5832 sethide
2421 5759 2723 5815 Ausonium
2755 5759 2849 5812 lib.
2885 5756 3274 5811 l’areutalium.
