3950 6180
355 380 460 446 813

814 384 1310 447 COMMENTAB.
1355 386 1434 446 ΙΝ
1474 385 1876 446 JEREMIAM
1914 385 1925 445 1

2034 383 2378 447 )PHETAM
2418 387 2566 449 LlB.
2611 387 2729 461 III,
2768 387 2922 454 CAP.
2956 390 3112 454 XVI.

3506 391 3617 456 811.

351 509 592 564 Sponsae,
639 496 704 549 de
735 511 845 565 quo
881 497 1143 566 scriptum
1200 508 1282 552 est
1316 513 1330 549 :
1359 498 1465 562 Qui
1507 498 1660 550 habet
1689 514 1935 567 sponsam
1965 501 2012 558 Α
2043 498 2113 551 sit
2172 499 2238 552 de
2278 498 2514 570 Aigypto
2550 516 2646 569 per
2687 499 2906 572 Moysen
2942 513 2997 556 et
3030 501 3232 564 Aaron,
3283 504 3377 556 sed
3455 509 3619 556 redu-

349 603 573 655 spousus
598 597 672 641 est
703 587 887 657 (Joan.
922 606 999 653 nt,
1037 589 1156 660 Q0).
1186 589 1243 644 Si
1273 599 1507 657 _autem,
1538 591 1732 661 inquit,
1765 592 1932 645 inter-

353 680 622 750 rogaverit
672 687 723 734 te
771 681 1002 748 populus
1052 697 1152 734 cur
1203 682 1306 735 ista
1341 683 1598 750 patiatur,
1637 691 1688 736 et
1739 698 1932 738 causas

351 771 701 824 miseriarum
763 786 986 824 suarum
1042 773 1338 841 quaesierit,
1402 774 1757 842 respOndebis
1814 775 1864 830 ei
1913 791 1930 830 :

349 860 492 925 Quia
520 861 915 929 dereliquerunt
951 878 1030 915 me
1079 873 1257 929 patres
1315 865 1493 928 vestri,
1543 865 1618 917 ait
1652 864 1930 928 Dominus,

343 953 443 1022 qui
471 951 626 1005 vobis
668 961 912 1022 prtesunt
939 951 1101 1022 953
1137 954 1188 1006 in
1256 955 1536 1021 Ecclesiis,
1570 965 1626 1011 et
1682 958 1934 1012 abierunt

351 1053 476 1112 post
510 1045 642 1100 deos
668 1046 898 1111 alienos,
934 1063 1168 1114 quorum
1200 1046 1340 1101 Deus
1384 1058 1571 1103 venter
1598 1059 1702 1115 est,
1728 1059 1780 1104 et
1802 1065 1931 1104 ava-

352 1137 477 1189 ritia
502 1145 554 1188 et
578 1135 813 1198 luxuria,
845 1148 899 1189 et
953 1137 1124 1206 gloria
1163 1139 1214 1192 in
1275 1140 1594 1195 confusione
1628 1156 1842 1205 eorum,
1877 1151 1933 1196 et

350 1228 669 1283 servierunt
718 1228 820 1281 eis.
844 1229 888 1280 A
937 1245 1046 1296 quo
1085 1232 1230 1284 enim
1277 1232 1398 1300 quis
1424 1233 1681 1298 vincitur,
1721 1235 1840 1303 ejus
1878 1243 1933 1290 et

349 1331 540 1370 servus
561 1324 664 1370 est.
692 1314 762 1368 Et
802 1319 1150 1371 adoraverunt
1187 1337 1272 1374 eos
1301 1323 1538 1376 :Adorat
1577 1326 1720 1378 enim
1755 1339 1929 1378 unus-

348 1410 580 1478 quistne
635 1408 782 1477 quod
828 1408 1019 1478 diligit.
1061 1409 1124 1462 Et
1160 1428 1240 1465 me
1292 1414 1702 1483 dereliquerunt,
1767 1425 1816 1470 et
1852 1419 1933 1471 le-

341 1515 464 1567 gem
492 1514 658 1551 meum
684 1514 785 1551 non
806 1499 1190 1556 custodierunt.
1213 1501 1567 1559 Sacerdotutn
1585 1516 1668 1562 est
1689 1511 1928 1578 proprie,

349 1608 456 1646 non
496 1595 671 1647 solum
704 1596 921 1658 docere.
957 1597 1052 1651 sed
1079 1606 1136 1652 et
1183 1595 1362 1652 facere
1391 1597 1561 1668 legem
1595 1617 1608 1655 :
1641 1610 1698 1655 ut
1731 1619 1930 1672 nequa-

346 1699 513 1752 quam
545 1687 725 1739 verbis
747 1688 1020 1754 subjectos
1047 1690 1151 1743 sibi
1185 1690 1410 1766 populos
1431 1703 1484 1745 et
1514 1693 1781 1748 creditum
1807 1711 1930 1764 gre-

347 1790 491 1844 gem,
524 1778 616 1830 sed
643 1779 903 1847 exemplis
953 1779 1205 1834 doceant.
1260 1781 1340 1835 Ac
1371 1796 1440 1835 ne
1475 1781 1614 1837 forte
1653 1783 1923 1852 dicerent,

2058 600 2178 644 ctus
2201 590 2266 644 de
2291 591 2746 660 terraAquilonis,
2783 593 2923 663 Cyro
2947 609 3072 665 rege
3099 593 3384 649 Persarum
3408 595 3621 649 laxante

2049 683 2314 750 captivos.
2351 681 2416 736 Et
2446 684 2509 736 de
2538 685 2817 748 universis,
2858 685 3055 754 inquit,
3091 687 3247 738 terris
3279 699 3297 737 :
3330 686 3474 753 quod
3519 701 3618 739 ne-

2037 787 2311 840 quaquam
2341 774 2464 842 Cyri
2502 783 2763 839 tempore,
2805 773 2899 826 sed
2953 774 3145 828 ultimo
3186 774 3290 827 ﬁne
3326 773 3622 840 οοιιιιιιυιιίν

2039 872 2148 929 tur,
2180 864 2396 918 dicente
2428 865 2689 934 Apostolo
2729 884 2742 919 :
2780 864 3069 933 Postquam
3103 866 3477 921 subiutraverit
3504 869 3615 934 pte-

2039 957 2228 1010 m'tudo
2253 958 2507 1026 gentium,
2555 969 2677 1012 tunc
2703 961 2872 1014 omnis
2903 958 3074 1014 Israel
3114 956 3291 1012 salvus
3320 959 3409 1027 ﬁet
3437 958 3619 1027 (Rom.

2037 1063 2114 1112 rt,
2144 1048 2236 1112 25,
2278 1048 2393 1116 26).
2437 1048 2732 1106 Possumus
2774 1053 2874 1106 hoc
2913 1061 2968 1105 et
3018 1051 3086 1105 de
3115 1052 3618 1120 persecutionibns,

2039 1155 2158 1208 quae
2212 1150 2401 1194 nostro
2433 1141 2686 1196 accidere
2743 1142 2941 1210 populo
2971 1158 3000 1195 a
3043 1143 3235 1197 dit-bus
3272 1141 3524 1205 Neronis,
3552 1130 3633 1197 de'

2035 1246 2145 1300 quo
2179 1231 2375 1287 scribit
2404 1232 2706 1302 Apostolus
2734 1249 2748 1286 :
2773 1233 2839 1288 Et
2867 1234 3123 1288 liberatus
3145 1251 3265 1288 sum
3299 1235 3363 1288 de
3398 1251 3486 1287 ore
3511 1235 3618 1289 leo.

2035 1326 2115 1377 nis
2142 1323 2226 1393 (II
2260 1326 2392 1378 Tim.
2424 1340 2496 1388 tv,
2526 1325 2638 1392 l7),
2680 1341 2850 1396 usque
2875 1327 2940 1381 al
2979 1327 3260 1380 Maximini
3299 1337 3539 1394 tempora
3569 1331 3613 1391 ⁸,

2036 1418 2215 1470 dicere
2239 1434 2252 1470 :
2280 1418 2552 1485 quomodo
2587 1418 2847 1472 Dominus
2882 1418 3138 1474 misertus
3162 1419 3232 1473 sit
3261 1420 3462 1495 populo
3493 1435 3614 1482 $th,

2035 1519 2082 1562 et
2122 1509 2402 1562 reduxerit
2455 1523 2548 1562 eos
2581 1508 2632 1561 in
2697 1519 2896 1564 terram
2967 1525 3143 1566 suam.
3202 1510 3356 1565 Haud
3396 1512 3615 1564 dubiant

2034 1599 2167 1668 quin
2211 1602 2265 1653 in
2312 1599 2634 1664 Ecrlesiam,
2690 1615 2852 1670 quam
2909 1601 3057 1656 dedit
3103 1601 3350 1671 patribus
3401 1617 3615 1667 eorum,

2035 1692 2294 1760 apustolis
2324 1701 2378 1746 et
2401 1693 2713 1760 apostolicis
2748 1692 2902 1748 vlris.

2106 1783 2291 1854 (Vers.
2341 1785 2405 1838 t6
2446 1783 2625 1854 seqq.)
2667 1801 2686 1836 ι
2717 1785 2858 1839 Ecce
2921 1797 3020 1854 ego
3069 1785 3277 1838 mittam
3318 1785 3618 1855 piscatores

349 1865 546 1932 injusta
579 1878 660 1920 est
691 1870 958 1924 sententia
992 1886 1007 1924 :
1038 1877 1219 1938 patres
1252 1874 1540 1928 comedere
1571 1890 1728 1929 uvam
1776 1893 1932 1932 acer-
1962 1881 2005 1936 Β
2037 1880 2254 1941 multos,
2293 1878 2425 1931 dicit
2455 1878 2735 1941 Dominus,
2772 1887 2824 1931 et
2855 1877 3208 1945 piseabnntur
3240 1891 3356 1933 eos.
3397 1878 3461 1931 Et
3494 1884 3615 1944 post

348 1959 494 2019 bam,
524 1969 573 2008 et
599 1960 787 2012 dentes
820 1960 1049 2015 ﬁliorum
1076 1963 1469 2032 obstupescere
1511 1964 1728 2035 (Jerem.
1757 1983 1923 2035 xui;

347 2047 542 2101 Ezcclt.
574 2053 746 2122 svnt),
778 2051 942 2106 infert
971 2070 986 2106 :
1019 2051 1126 2108 Sed
1165 2064 1214 2108 et
1263 2072 1353 2109 vos
1385 2056 1534 2125 pejus
1570 2062 1774 2126 operati
1805 2063 1928 2115 estis

344 2157 509 2208 quam
536 2151 712 2209 patres
737 2143 926 2209 vestri,-
961 2154 1019 2198 ut
1039 2161 1205 2215 super
1243 2147 1326 2202 bis
1349 2149 1440 2217 qui
1471 2151 1717 2218 patribus
1741 2153 1928 2224 pejora

347 2232 719 2298 peccaverint,
752 2232 899 2300 jnsta
929 2235 1194 2303 supplicia
1227 2234 1572 2292 deierantur.

420 2319 602 2390 (Vers.
654 2323 768 2391 15.)
817 2341 836 2374 ι
887 2325 1026 2378 Ecce
1072 2328 1218 2381 enim
1261 2328 1504 2382 ambulat
1553 2330 1932 2402 unusquisque

349 2425 470 2479 post
503 2415 820 2480 pravitatem
857 2417 1039 2471 cordis
1069 2419 1154 2472 sui
1205 2419 1352 2484 mali,
1381 2430 1438 2474 nt
1461 2435 1546 2476 me
1580 2436 1686 2476 non
1718 2425 1926 2480 audiat.

350 2501 415 2556 Et
446 2505 658 2572 cjieiam
694 2523 791 2563 vos
822 2506 889 2562 de
917 2519 1057 2562 terra
1097 2509 1199 2565 hac
1237 2512 1290 2565 in
1348 2523 1548 2566 terram
1575 2529 1735 2583 quam
1774 2517 1930 2586 igno-

350 2598 485 2652 ratis
514 2614 625 2663 vos,
657 2610 710 2653 et
744 2609 928 2666 patres
965 2602 1152 2668 vestri,
1191 2613 1245 2656 et
1269 2606 1522 2660 servietis
1551 2606 1623 2662 ibi
1659 2609 1764 2665 diis
1787 2611 1927 2666 alie-

350 2689 436 2742 nis
472 2691 557 2743 die
583 2706 646 2745 ac
671 2703 848 2756 nocte.
887 2697 977 2762 qui
1009 2712 1114 2752 non
1149 2697 1356 2754 dabunt
1410 2701 1562 2756 vobis
1595 2705 1860 2773 requiem.
1905 2725 1922 2757 ι

347 2777 524 2834 Semel
556 2798 583 2834 a
616 2783 839 2839 Domino
863 2785 1134 2850 tlerelicti,
1174 2787 1382 2843 iaciunt
1403 2805 1465 2844 ea
1493 2808 1614 2862 quae
1646 2811 1748 2848 non
1785 2813 1936 2850 com-

346 2882 558 2940 petunt,
597 2886 652 2927 ut
690 2878 886 2930 vadant
917 2889 1038 2947 post
1068 2881 1336 2936 desideria
1364 2885 1548 2941 cordis
1572 2889 1652 2941 sui
1682 2891 1828 2956 mall,
1862 2891 1929 2947 de

343 2975 458 3032 quo
515 2975 718 3020 exeunt
767 2970 1127 3039 COgitationes
1173 2977 1422 3043 pessimae
1465 2977 1690 3048 (Matth.
1724 2987 1839 3055 xv),
1873 2995 1930 3041 et

347 3056 556 3112 idcirco
594 3060 658 3113 de
689 3061 928 3117 Ecclesia
948 3080 1295 3136 separantur,
1334 3081 1391 3125 ut
1424 3074 1695 3129 vadantin
1726 3085 1926 3132 terram

2039 1969 2153 2024 lnrc
2188 1970 2396 2023 mittam
2429 1971 2510 2024 eis
2559 1968 2759 2022 multos
2795 1976 3106 2033 venatores,
3159 1979 3215 2023 et
3265 1969 3614 2023 venabantur

2033 2078 2126 2117 eos
2156 2064 2223 2118 de
2255 2065 2399 2118 enini
2435 2072 2636 2127 monte,
2671 2072 2725 2116 et
2763 2061 2830 2116 de
2859 2064 3007 2116 omni
3041 2063 3200 2128 colle,
3235 2072 3290 2118 et
3331 2064 3396 2118 de
3425 2077 3613 2118 caver-

2035 2155 2120 2209 nis
2148 2164 2445 2225 petrarum,
2475 2153 2596 2222 quia
2623 2154 2763 2208 oculi
2800 2155 2901 2209 mei
2950 2169 3114 2224 super
3149 2169 3339 2209 omnes
3372 2154 3484 2206 vias
3513 2169 3613 2208 eo-

2034 2258 2176 2298 rum.
2209 2241 2327 2298 Non
2374 2251 2500 2298 sunt
2528 2243 2844 2298 abscondita
2899 2259 2960 2296 ea
2994 2259 3024 2297 a
3064 2243 3200 2298 facie
3261 2243 3450 2314 (Vulg.
3491 2245 3615 2296 alis-

2035 2335 2253 2390 condite
2290 2349 2319 2388 a
2353 2334 2518 2406 facie]
2552 2349 2692 2398 mea,
2735 2344 2789 2388 et
2819 2351 2924 2389 non
2961 2336 3060 2388 fuit
3106 2335 3317 2389 occulta
3351 2336 3611 2403 iniquitas

2032 2443 2223 2482 eorum
2251 2427 2318 2481 ab
2350 2427 2524 2482 oculis
2556 2428 2716 2481 meis.
2751 2426 2816 2480 Et
2853 2427 3072 2482 reddam
3103 2429 3337 2497 primum
3367 2429 3613 2497 duplices

2036 2519 2352 2588 iniquitates
2377 2528 2434 2574 et
2481 2527 2703 2590 peccata
2758 2535 2971 2586 eorum,
3010 2520 3209 2589 quibus
3250 2519 3424 2592 [ναις.
3457 2519 3609 2590 quia]

2032 2613 2536 2669 contaminaverunt
2573 2624 2770 2670 terram
2821 2629 2994 2668 meam
3033 2615 3086 2668 in
3117 2614 3454 2668 {morticinis
3487 2614 3606 2668 ido-

2034 2705 2210 2760 lorum
2235 2722 2482 2771 suorum,
2512 2716 2565 2762 et
2584 2709 3080 2764 abominationibus
3102 2709 3214 2762 suis
3248 2708 3610 2776 impleverunt

2036 2799 2406 2854 lizcrcditatetu
2438 2813 2634 2854 meam.
2673 2818 2692 2850 ι
2721 2799 2946 2855 Diversa
2979 2800 3138 2868 hujus
3184 2802 3404 2870 capituli
3442 2802 3611 2856 inter-

2037 2893 2267 2958 pretatio
2295 2899 2394 2944 est.
2429 2891 2596 2946 Judaei
2626 2893 2769 2946 enim
2799 2903 3084 2948 autumant
3112 2894 3408 2963 signiﬁcari
3445 2896 3609 2950 Chal-

2037 2984 2200 3047 daeos,
2230 2983 2317 3052 qui
2358 2983 2458 3038 sub
2488 2983 2819 3053 piscatorum
2855 2985 3072 3038 nomine
3117 2987 3518 3051 describuntur,
3555 2998 3610 3042 et

2037 3087 2221 3147 postea
2253 3077 2550 3145 Romanos,
2581 3078 2674 3148 qui
2727 3080 3082 3134 venatoribus
3118 3092 3525 3150 comparantur,
3554 3093 3609 3135 et

343 3148 719 3220 longinquam,
750 3170 911 3224 quam
945 3174 1044 3213 nec
1070 3160 1193 3230 ipsi,
1234 3177 1334 3216 nec
1374 3174 1556 3234 patres
1610 3183 1799 3226 eorum
1838 3188 1933 3227 no-
1967 3211 2005 3266 ε
2039 3170 2105 3226 de
2134 3171 2408 3227 montibus
2436 3171 2773 3242 collibuSque
2798 3182 2850 3226 et
2868 3173 3120 3227 cavernis
3142 3187 3437 3242 petrarum,
3471 3175 3610 3229 inie-

349 3251 540 3295 verant
597 3245 910 3315 priusquam
969 3263 1278 3317 peecarent,
1309 3264 1367 3307 ut
1422 3255 1497 3311 ibi
1543 3260 1789 3316 serviant
1819 3264 1925 3319 diis

347 3331 565 3398 alienis,
592 3336 681 3403 qui
717 3353 821 3390 non
848 3347 976 3392 sunt
998 3341 1094 3398 dii.
1122 3343 1215 3396 sed
1247 3357 1431 3398 eorum
1457 3358 1718 3417 putantur
1737 3367 1935 3412 errore.

343 3423 440 3492 qui
461 3439 554 3478 eos
581 3427 783 3482 colunt.
816 3430 970 3496 Quod
1021 3440 1201 3488 autem
1257 3435 1439 3493 intulit
1467 3455 1481 3495 :
1516 3440 1612 3496 Die
1660 3461 1725 3498 ac
1753 3456 1924 3514 nocte,

345 3521 666 3584 .perpeluattt
696 3522 1037 3588 peccantium
1069 3528 1308 3581 ostendit
1331 3529 1385 3583 in
1423 3532 1628 3590 scelere
1665 3551 1924 3603 perseve-

351 3605 608 3672 rantiam,
649 3607 776 3661 dum
836 3611 965 3665 etin
991 3614 1182 3670 diebus
1235 3617 1474 3686 ﬂagitiis,
1501 3632 1558 3677 et
1587 3625 1644 3678 in
1674 3629 1924 3686 noctibus

348 3693 565 3749 libidini
627 3702 892 3754 serviunt.
953 3703 1057 3768 Qui
1111 3722 1215 3760 non
1272 3709 1498 3775 dabunt,
1550 3715 1742 3784 inquit,
1779 3719 1922 3775 vobis

350 3787 602 3854 requiem.
634 3788 788 3845 Haud
815 3793 1032 3847 dubium
1087 3799 1214 3866 quin
1246 3798 1416 3856 falsos
1473 3809 1601 3860 deos
1629 3808 1922 3879 signiﬁcet,

341 3878 418 3933 de
457 3880 653 3946 quibus
693 3883 827 3938 dixit
861 3902 878 3942 :
909 3886 975 3940 Et
1001 3889 1235 3945 servietis
1263 3892 1336 3946 ibi
1379 3895 1483 3948 diis
1515 3897 1723 3954 alienis.
1761 3878 1924 3970 Quid;

347 3971 480 4039 quid
511 3987 641 4042 ergo
669 3989 978 4044 peccamus,
1008 3982 1267 4053 quidquid
1299 3987 1384 4042 die
1405 3999 1459 4043 et
1480 4001 1643 4045 nocte
1671 3991 1919 4062 facimus,

341 4075 403 4115 et
454 4065 715 4118 malorum
770 4083 995 4137 operum
1048 4086 1444 4146 perpetramus,
1494 4081 1781 4151 imperium
1840 4099 1925 4144 est

349 4155 681 4223 daemonum,
717 4160 810 4227 qui
873 4176 1149 4233 nunquam
1178 4169 1333 4224 nobis
1375 4173 1505 4226 dant
1536 4177 1796 4246 requiem,
1829 4181 1923 4236 sed

349 4262 564 4316 semper
595 4249 878 4318 impellunt
908 4254 1123 4312 delictis
1155 4272 1357 4330 augere
1403 4263 1620 4334 delicta,
1647 4277 1701 4323 et
1731 4257 1922 4328 cumu-

347 4336 457 4390 lum
486 4338 667 4394 facere
699 4353 1066 4410 peccatorum.

419 4430 601 4498 (Vers.
637 4434 727 4499 14,
783 4437 894 4506 15.)
929 4455 948 4489 ι
979 4437 1274 4510 Propterea
1327 4461 1454 4502 ecce
1505 4451 1622 4506 dies
1673 4454 1919 4520 veniunt,

349 4522 483 4576 ditit
515 4523 793 4590 Dominus,
824 4539 879 4583 et
913 4545 1016 4584 non
1060 4533 1271 4588 dicetur
1304 4537 1440 4591 ultra
1477 4538 1495 4571 ¹
1525 4556 1540 4596 :
1579 4541 1716 4596 Vivit
1743 4544 1915 4598 υοιιιί-

346 4631 466 4676 nus,
495 4618 586 4686 qni
619 4619 804 4682 eduxit
834 4621 976 4678 ﬁlios
1024 4624 1194 4680 Israel
1236 4629 1300 4682 de
1334 4642 1476 4686 terra
1510 4631 1729 4705 IEgypti
1757 4654 1771 4702 ;
1805 4639 1920 4703 sed,

354 4705 495 4761 Vivit
544 4709 826 4777 Dominus,
874 4717 967 4784 qui
1022 4719 1209 4773 eduxit
1269 4722 1408 4778 ﬁlios
1457 4725 1621 4781 lsrael
1667 4729 1734 4784 de
1779 4740 1924 4786 terra

342 4801 651 4870 Aquilonis,
683 4814 736 4860 et
765 4807 830 4861 de
861 4807 1130 4865 universis
1164 4813 1326 4866 terris
1374 4817 1441 4867 ad
1478 4833 1614 4884 quas
1649 4819 1782 4888 ejeci
1806 4836 1917 4885 eos.

341 4903 398 4948 et
439 4897 691 4950 reducam
728 4912 822 4952 eos
847 4901 899 4952 in
927 4911 1126 4955 terram
1150 4919 1304 4957 suam
1339 4919 1497 4974 quam
1525 4909 1649 4962 dedi
1677 4913 1921 4980 patribus

343 4999 557 5038 eorum.
594 5003 612 5036 ι
647 4985 934 5044 Mauiieste
984 4990 1168 5045 futura
1207 4995 1388 5062 populi
1444 4999 1610 5051 Israel
1646 5003 1918 5057 restitutio

343 5077 672 5146 prtedicitnr,
719 5092 771 5134 et
798 5091 919 5150 post
949 5083 1319 5152 captivitatem
1356 5089 1766 5158 misericordia;
1799 5111 1920 5165 qua:

340 5170 495 5238 juxta
529 5172 760 5226 litteram
819 5175 920 5230 sub
954 5174 1257 5233 Zorobabel
1299 5190 1351 5234 et
1384 5180 1511 5236 Jesu
1566 5188 1834 5256 pontiﬁce,
1865 5200 1922 5246 et

343 5263 479 5314 Ezra
520 5279 586 5317 ex
640 5277 792 5332 parte
820 5271 1090 5334 cuiupleta
1146 5280 1229 5325 est
1260 5273 1448 5340 :juxta
1503 5276 1916 5347 intelligentiam

341 5354 673 5422 spiritualem
709 5362 888 5414 verius
929 5373 1089 5430 atque
1116 5365 1407 5432 perfectius
1434 5368 1486 5420 in
1516 5368 1735 5426 Christo
1765 5387 1917 5427 com-

341 5444 534 5512 pienda
565 5447 732 5520 954
778 5452 1128 5508 describitur.
1189 5454 1400 5522 Veniet,
1453 5460 1651 5530 inquit,
1707 5473 1915 5534 tempus

335 5541 559 5604 quando
587 5557 928 5612 nequaquam
954 5545 1189 5614 dicetur,
1219 5549 1363 5617 quod
1397 5551 1626 5620 p0pulus
1658 5555 1914 5611 reductus

416 5742 432 5821 ξ
464 5742 574 5821 ριιο
597 5761 749 5812 tuss.,
786 5747 979 5821 Et__nou
1008 5751 1202 5810 dicent.
1234 5753 1354 5806 uiuit
1386 5752 1662 5821 Dominus,
1701 5767 1804 5813 etc.

413 5816 433 5844 '
463 5813 627 5869 lidetn
654 5834 808 5886 tttss.,
839 5817 1008 5889 Usque
1044 5821 1110 5875 ad
1146 5817 1466 5878 Maximiani
1493 5813 1747 5894 tempera.

2035 3263 2193 3317 licem
2245 3263 2494 3332 populum
2538 3274 2663 3318 sunt
2699 3265 2902 3322 venali.
2958 3263 3068 3319 Hoc
3125 3275 3306 3319 autem
3345 3267 3609 3320 Dominus

2033 3353 2228 3417 fecisse
2259 3368 2318 3408 se
2350 3353 2484 3409 dicit
2517 3371 2532 3408 :
2576 3356 2696 3422 quia
2732 3358 3032 3426 respexerit
3053 3357 3164 3411 vias
3189 3372 3397 3423 eorum,
3419 3361 3611 3414 etred-

2033 3445 2230 3501 diderit
2262 3444 2596 3517 iniquitates,
2627 3447 2825 3516 quibus
2856 3450 3360 3506 contaminaverant
3386 3463 3606 3519 terram,

2031 3535 2323 3592 simulacra
2349 3545 2691 3600 venerantes,
2733 3548 2788 3593 et
2809 3540 3310 3596 abominationibus
3339 3543 3603 3599 idolorum

2033 3628 2341 3696 polluerant
2380 3628 2750 3684 litereditatem
2783 3623 2932 3698 ejus.
2959 3629 3140 3685 Nostri
3181 3642 3358 3688 autem
3406 3637 3607 3690 rectius

2033 3729 2086 3775 et
2128 3720 2341 3780 melius.
2375 3719 2488 3775 hinc
2533 3721 2601 3777 de
2649 3721 2826 3777 futuro
2876 3723 3224 3779 vaticinatum
3281 3728 3602 3796 prophetarit

2032 3823 2244 3881 putant.
2278 3813 2414 3879 Quia
2437 3818 2580 3868 enim
2613 3830 2775 3886 supra
2830 3817 3043 3872 dixerat
3086 3835 3100 3873 :
3130 3818 3392 3874 Reducem
3425 3837 3517 3875 eos
3550 3825 3606 3876 in

2032 3913 2229 3959 terram
2292 3921 2466 3970 suam,
2533 3924 2693 3976 quant
2722 3910 2841 3963 dedi
2902 3913 3142 3976 patribus
3203 3929 3410 3979 eorum,
3464 3933 3605 3971 nunc

2031 3998 2274 4052 Ostendit
2327 4002 2600 4068 quomodo
2664 4003 2958 4057 reducendi
2999 4005 3130 4069 sint,
3191 4009 3334 4073 quod
3371 4011 3603 4078 prinnnn

2034 4091 2210 4144 mittat
2237 4091 2533 4160 apostolos,
2564 4093 2761 4162 quibus
2796 4094 3043 4150 Salvator
3075 4098 3209 4152 dixit
3245 4116 3258 4154 :
3300 4100 3470 4156 Venite
3487 4115 3605 4171 post

2031 4197 2130 4243 nte.
2165 4195 2211 4237 et
2245 4183 2442 4250 faciam
2479 4202 2563 4240 vos
2590 4186 2706 4254 ﬁeri
2730 4190 3017 4255 piscatores
3070 4191 3339 4246 hominum
3384 4193 3601 4250 (Matth.

2031 4292 2104 4338 tv,
2143 4277 2255 4347 19).
2286 4277 2353 4333 Ει
2381 4291 2567 4349 postea
2599 4292 2899 4349 venatores,
2925 4298 3064 4351 quos
3092 4287 3172 4340 vel
3198 4288 3603 4346 ecclesiasticos

2032 4368 2198 4436 viros,
2242 4369 2327 4424 vel
2362 4370 2581 4441 angelos
2641 4388 2929 4441 possumus
2992 4377 3264 4446 accipere,
3321 4383 3413 4450 qtti
3457 4393 3606 4452 post-

2029 4477 2193 4530 quam
2230 4464 2718 4520 consummationis
2756 4474 2962 4535 tempus
2983 4469 3289 4536 advenerit,
3339 4486 3605 4527 venentur

2028 4562 2244 4608 sanctos
2285 4569 2532 4625 quosque
2568 4557 2633 4611 de
2685 4559 2956 4615 montibus
2993 4561 3303 4631 dogmatum
3357 4566 3605 4620 excelso-

2031 4661 2172 4712 rum,
2208 4655 2261 4700 et
2300 4651 2365 4702 de
2397 4647 2626 4704 collibus
2655 4642 2921 4707 bonorum
2953 4669 3199 4723 operum,
3236 4671 3288 4711 et
3319 4658 3385 4712 de
3412 4674 3601 4712 caver-

2026 4739 2112 4794 nis
2155 4750 2453 4809 petrarum,
2506 4743 2772 4811 apostolis
2811 4755 2866 4799 et
2913 4748 3229 4814 apostolicis
3287 4749 3445 4804 viris.
3483 4749 3601 4804 Non

2024 4833 2199 4886 soium
2229 4833 2370 4886 enim
2405 4831 2658 4888 Christus
2708 4844 2882 4904 petra,
2936 4836 3030 4890 sed
3081 4847 3133 4891 et
3164 4840 3406 4905 apostolo
3434 4840 3597 4911 955

2024 4921 2184 4976 Petro
2202 4923 2444 4990 donavit,
2471 4934 2528 4977 ut
2548 4935 2834 4980 vocaretur
2864 4926 3022 4980 Petra
3053 4925 3102 4996 (ι
3130 4925 3252 4982 Cor.
3291 4945 3317 4980 ιι
3339 4945 3365 4997 δ;
3406 4930 3593 4985 Humi.

2027 5009 2162 5081 xvr)‘.
2201 5011 2255 5064 ln
2293 5013 2448 5083 cujus
2480 5016 2732 5070 sensibus
2785 5015 3206 5084 requiesccutes,
3241 5028 3384 5074 recte
3406 5021 3600 5077 dicun-

2025 5113 2111 5158 tnr
2148 5108 2390 5162 translati
2421 5122 2542 5163 esse
2571 5109 2638 5163 de
2670 5121 2842 5178 petra.
2876 5109 3234 5180 Ostenditque
3267 5114 3350 5168 vel
3382 5126 3598 5184 aposto-

2022 5197 2127 5259 los,
2154 5199 2235 5253 vel
2271 5214 2364 5253 eos
2403 5201 2497 5268 qui
2525 5211 2708 5265 postea
2745 5202 2924 5255 renati
2959 5211 3084 5256 sunt
3113 5204 3154 5270 ³,
3184 5205 3438 5262 habuisse
3473 5225 3597 5275 pec-

2023 5303 2165 5358 cata,
2197 5304 2250 5346 et
2283 5296 2554 5361 recepisse
2587 5296 3181 5366 duplicesdniquitates
3216 5319 3364 5356 suas.
3395 5305 3597 5359 Servus

2021 5388 2162 5438 enim
2197 5388 2288 5456 qtti
2324 5388 2426 5441 scit
2460 5390 2794 5443 voluntatem
2857 5389 3063 5446 domini
3103 5395 3207 5458 sui,
3240 5406 3292 5448 et
3326 5412 3429 5450 non
3463 5397 3596 5451 facit

2022 5491 2164 5541 eam,
2206 5477 2488 5546 vapulabit
2545 5480 2770 5534 multum
2827 5480 2982 5550 (Luc.
3015 5484 3134 5553 xtl).
3192 5481 3598 5558 Scicndumque

2020 5570 2162 5636 quod
2191 5569 2246 5622 in
2289 5567 2554 5625 Hebraico
2586 5571 2822 5641 positutu
2856 5575 2951 5642 sit,
3000 5577 3251 5643 primum,
3288 5587 3344 5632 et
3381 5578 3433 5632 in
3463 5579 3598 5651 Sep-

2093 5768 2112 5798 ³
2136 5767 2287 5826 liaud
2316 5780 2458 5828 recte
2489 5771 2764 5829 obtinebat
2785 5782 2962 5840 antea,
2995 5776 3214 5830 t’t’itltndt
3238 5786 3378 5832 sunt.
