3950 6180
382 343 484 408 815

1570 343 1628 407 S.
1667 340 1976 402 EUSEBII
2016 338 2457 401 HIERONYMI

3530 335 3627 398 8I6

380 460 628 528 tuaginta
682 459 922 515 editione
981 457 1432 530 praetermissum.
1484 457 1712 524 Quando
1772 469 1954 514 autem
1984 460 2029 519 Α
2062 466 2167 511 tem
2196 471 2390 522 meam,
2422 465 2476 509 et
2526 452 2701 508 scient
2734 449 2990 520 quoniam
3034 462 3231 505 nomen
3269 448 3625 530 mibi_Dou.i-

379 551 516 607 dicit
578 569 593 606 :

376 653 593 710 peccata
633 661 837 708 eorum,
884 642 1250 710 subostendit,
1288 645 1434 713 quod
1463 656 1765 715 postquam
1806 658 1956 699 τερον

375 735 556 804 perint
593 734 753 800 mala,
786 736 1058 804 recepturi
1087 736 1198 789 sint
1245 745 1301 792 et
1341 736 1504 790 bona.
1556 733 1624 790 lii
1651 745 1833 791 autem
1862 735 1954 805 qui

376 835 563 893 postea
594 825 960 881 transferendi
1002 834 1155 894 sunt,
1210 825 1725 882 contaminaverunt
1756 835 1953 882 terram

376 917 587 972 Domini
634 917 689 970 in
723 917 1029 973 morticinis
1060 917 1330 974 idolorum
1384 932 1631 985 suorum,
1657 929 1712 974 et
1745 919 1955 973 abomi-

352 1002 688 1065 ‘nationibus
725 1011 840 1065 suis
875 1010 1241 1079 impleverunt
1304 1010 1675 1066 haereditatem
1725 1011 1866 1080 ejus,
1896 1020 1955 1066 ut

373 1101 550 1154 omnis
603 1100 840 1156 mundus
880 1100 1132 1155 subditus
1172 1101 1264 1156 fiat
1310 1101 1423 1156 Deo
1468 1118 1483 1155 :
1517 1112 1570 1155 et
1610 1116 1952 1171 nequaquam

372 1208 471 1247 suo
492 1193 707 1258 merito,
730 1192 823 1246 sed
849 1194 994 1248 illius
1014 1192 1393 1248 misericordia
1410 1193 1951 1259 conservetur.Quod

373 1283 463 1337 hic
497 1282 563 1337 de
610 1279 879 1338 Hebraico
915 1281 1198 1351 posuimus
1233 1297 1247 1338 :
1286 1279 1409 1335 Non
1462 1294 1582 1336 sunt
1642 1282 1951 1337 abscondita

370 1390 432 1428 ea
454 1390 485 1427 a
511 1373 648 1443 facie
680 1390 822 1439 utea,
849 1374 902 1427 in
932 1372 1287 1443 Septuaginta
1320 1388 1426 1427 non
1455 1374 1743 1447 habetur.‘

444 1466 627 1536 (Vers.
654 1464 770 1533 19.)
818 1482 838 1515 ι
870 1462 1117 1530 Domine,
1164 1464 1425 1520 fortitudo
1460 1479 1577 1519 mea
1621 1466 1661 1528 ³,
1702 1475 1757 1520 et
1786 1468 1952 1523 robur

370 1573 577 1622 meum,
612 1567 667 1612 et
701 1556 972 1622 refugium
1009 1572 1187 1612 meum
1219 1557 1275 1611 in
1302 1557 1387 1612 die
1420 1558 1788 1614 tribulationis
1820 1561 1950 1631 (sive

367 1648 683 1719 malorum).
727 1667 746 1700 ι
783 1649 974 1704 Onmis
1010 1648 1286 1704 hominum
1352 1648 1636 1715 fortitudo,
1698 1650 1817 1704 sine
1856 1651 1945 1706 Dei

363 1741 586 1806 virtute,
635 1756 753 1809 quae
809 1740 1058 1796 Christus
1089 1751 1192 1806 est,
1258 1740 1526 1796 imbecilla
1565 1750 1848 1811 reputatur
1894 1754 1949 1799 et

367 1834 545 1888 nihili.
582 1833 737 1889 Unde
766 1818 1191 1903 confugiendum
1231 1842 1312 1888 est
1347 1833 1414 1889 ad
1445 1834 1755 1903 Dominum,
1785 1846 1946 1905 atque

365 1920 650 1974 dicendum
675 1929 800 1977 est:
831 1920 1073 1984 Domine,
1100 1922 1365 1991 refugium
1404 1923 1577 1992 [actus
1618 1939 1668 1978 es
1699 1925 1867 1991 nobis,
1893 1929 1947 1980 in

364 2013 699 2080 generatione
732 2021 781 2066 et
810 2015 1145 2083 generatione
1187 2013 1359 2084 (Psal.
1414 2032 1633 2080 LXXXIX,
1676 2018 1751 2087 I).
1781 2018 1847 2072 Et
1894 2020 1945 2072 in

365 2104 473 2157 alio
504 2103 664 2159 loco:
722 2105 828 2167 Qui
879 2104 1079 2158 habitat
1113 2107 1167 2160 in
1223 2107 1495 2175 adjutorio
1546 2090 1851 2176 Altissimi;
1892 2111 1946 2166 in

361 2197 684 2262 protectione
725 2196 817 2250 Dei
866 2195 982 2251 εαξΞί
1036 2199 1447 2253 commorabitur
1508 2199 1682 2269 (Psal.
1737 2219 1824 2268 xc,
1860 2191 1941 2272 1).

364 2290 492 2343 Dies
523 2299 701 2343 autem
741 2288 1133 2355 tribulationis,
1158 2289 1272 2344 sive
1302 2291 1592 2355 malorum,
1620 2292 1707 2347 illa
1741 2293 1945 2349 intelli-

361 2381 533 2449 genda
565 2390 667 2444 est,
707 2382 776 2435 de
826 2395 930 2450 qua
960 2381 1088 2436 dicit
1118 2392 1171 2437 et
1215 2382 1553 2452 Apostolus:
1607 2382 1674 2437 Ut
1722 2386 1943 2456 eriperet

363 2486 456 2525 nos
478 2472 541 2525 de
566 2471 810 2541 praesenti
832 2471 1027 2526 sarculo
1045 2489 1266 2542 nequam
1296 2472 1496 2544 (Galat.
1538 2489 1577 2538 ι,
1602 2473 1680 2543 4).
1722 2474 1785 2530 Et
1811 2474 1944 2532 :Re-

360 2562 616 2617 dimentes
647 2558 874 2634 tempus,
905 2564 1158 2635 quoniam
1193 2564 1304 2620 dies
1366 2564 1493 2618 mali
1547 2575 1668 2621 sunt
1725 2564 1936 2637 (Ep/tes.

358 2668 413 2722 v,
430 2652 537 2722 l6).

432 2743 612 2814 (Vers.
640 2742 759 2816 20.)
808 2762 827 2794 ‹
864 2743 947 2798 Ad
979 2754 1032 2796 te
1063 2751 1253 2813 gentes
1308 2744 1526 2800 venient
1562 2746 1630 2802 ab
1682 2747 1942 2803 extremis

364 2848 525 2890 terra:
590 2847 646 2890 et
707 2837 928 2890 dicent:
994 2833 1127 2890 Vere
1192 2836 1536 2891 mendacium
1583 2839 1943 2906 possederunt

371 2939 555 2997 patres
594 2926 790 2989 nostri,
843 2925 1135 2980 vanitatem
1194 2941 1317 2995 quae
1365 2927 1447 2982 eis
1497 2944 1605 2983 non
1663 2929 1881 2998 profuit.
1913 2949 1933 2982 ι

360 3020 503 3075 LXX
529 3036 544 3076 :
588 3040 606 3073 ‹
638 3020 716 3073 Ad
748 3031 799 3073 te
827 3031 1013 3089 gentes
1042 3018 1255 3074 venient
1282 3020 1348 3074 ab
1383 3021 1643 3077 extremis
1680 3031 1857 3088 terrm,
1883 3032 1938 3078 et

1975 1795 2022 1856 B

652 551 891 607 Reddam
953 525 1183 622 primum
1227 549 1463 620 duplices
1518 552 1851 622 iniquitates,
1910 560 1957 605 et
2001 599 2004 603 ,
2062 563 2164 602 nus
2199 551 2238 602 ¹.
2275 565 2294 599 t
2337 545 2530 601 Manus
2560 544 2654 599 Dei
2690 557 2791 612 per
2822 556 2986 609 quam
3021 546 3216 596 cuncta
3242 525 3499 609 oper-aius
3526 552 3626 605 est,

2059 648 2114 692 et
2144 638 2340 702 virtus,
2366 637 2432 691 de
2454 649 2560 706 qua
2597 632 2733 688 dixit
2761 631 3057 702 Apostolus
3087 646 3102 686 :
3138 630 3379 685 Christus
3408 630 3504 685 Dei
3526 632 3629 685 vir-

2057 739 2140 783 tus
2164 740 2211 784 et
2249 727 2346 783 Dei
2377 726 2637 798 sapientia
2663 723 2862 796 (ICor.
2896 740 2936 788 t,
2974 722 3092 794 21).
3127 723 3434 779 ostenditur
3463 724 3628 794 genti-

2056 823 2180 888 bus,
2227 820 2347 876 Filii
2403 822 2659 891 passione
2711 818 3005 887 completa.
3060 816 3402 887 Pulehreque
3457 816 3625 871 dixit:

2059 912 2349 968 Ostendam
2378 914 2453 967 eis
2476 928 2569 980 per
2599 912 2757 965 vicem
2787 910 2957 964 hanc:
2989 907 3271 964 ostendam
3303 918 3482 963 autem
3519 922 3631 963 ma-

2056 1004 2277 1069 nifeste,
2302 1015 2351 1059 et
2382 1020 2487 1059 non
2517 1014 2576 1058 ut
2602 1005 2776 1074 prius,
2811 1003 2863 1056 in
2904 1003 3093 1057 umbra
3133 1010 3186 1055 et
3212 1001 3267 1057 in
3288 1000 3554 1070 imagine,
3576 1009 3630 1055 et

2056 1099 2312 1153 vaticinio
2366 1098 2699 1161 futurorum,
2757 1104 2818 1151 ut
2889 1105 3179 1165 postquam
3252 1096 3624 1163 cognoverint,

2054 1191 2230 1245 sciant
2259 1205 2455 1244 nomen
2494 1204 2701 1252 meum,
2761 1188 3099 1256 audiantque
3150 1201 3180 1239 a
3211 1184 3387 1240 Filio:
3442 1183 3624 1248 Pater,

2054 1283 2393 1350 manifestavi
2425 1299 2609 1338 nomen
2643 1292 2792 1335 tuum
2821 1279 3119 1346 hominibus
3151 1278 3332 1350 (Joan.
3366 1275 3526 1347 xvn).

2125 1376 2278 1446 (Cap.
2313 1374 2478 1431 XVII.
2511 1404 2579 1416 -
2608 1375 2765 1431 Vers.
2792 1374 2868 1444 1.)
2928 1393 2946 1425 ι
2982 1372 3271 1427 Peccatum
3301 1369 3439 1425 Iuda
3497 1369 3629 1424 scri-

2053 1475 2201 1533 ptum
2232 1474 2316 1520 est
2346 1466 2485 1536 ston
2518 1463 2699 1520 ferreo
2727 1465 2781 1519 in
2809 1478 2988 1532 ungue
3029 1460 3400 1525 adamantino,
3438 1473 3627 1514 exara-

2053 1565 2164 1608 tmu
2233 1570 2402 1625 super
2452 1555 2789 1609 latitudinem
2855 1552 2967 1625 [ΑΙ.
3025 1547 3396 1620 altitudinem]
3449 1549 3627 1604 cordis

2049 1661 2239 1701 eorum
2275 1648 2400 1715 (sive
2425 1648 2476 1701 in
2508 1654 2731 1716 pectore
2751 1645 2934 1701 cordis
2983 1645 3237 1713 eorum),
3275 1651 3330 1699 et
3367 1642 3422 1696 in
3452 1641 3628 1697 comi-

2049 1736 2151 1791 bus
2183 1736 2435 1791 altarium
2490 1737 2616 1807 (sive
2648 1737 2887 1806 ararum)
2923 1750 3136 1791 eorum.
3182 1754 3202 1787 ›
3253 1733 3326 1789 De
3380 1733 3627 1804 gentibus

2053 1844 2171 1898 qua
2202 1833 2269 1884 ad
2324 1827 2615 1883 Dominum
2650 1842 2926 1884 conversae
2958 1826 3177 1883 fuerant
3202 1839 3363 1894 supra
3420 1825 3623 1878 dictum

2050 1932 2176 1976 est:
2214 1919 2345 1973 Ecce
2379 1937 2466 1989 ego
2507 1919 2779 1973 ostendam
2834 1919 2908 1974 eis
2943 1933 3038 1985 per
3068 1918 3229 1971 vicem
3266 1914 3427 1980 lianc,
3451 1927 3626 1968 osten-

2049 2014 2172 2068 dam
2203 2014 2274 2067 eis
2325 2028 2539 2066 manum
2580 2028 2745 2066 meam
2780 2020 2829 2065 et
2858 2011 3101 2065 virtutem
3134 2025 3300 2063 meam
3325 2025 3343 2062 :
3380 2021 3530 2062 nunc
3561 2007 3624 2060 de

2051 2106 2335 2176 lsraclqui
2371 2105 2619 2175 abjecrus
2650 2115 2754 2172 est,
2804 2104 3089 2174 loquitur:
3138 2102 3422 2156 Peccatum
3478 2098 3621 2152 Iuda

2047 2198 2300 2266 scriptum
2327 2205 2402 2249 est
2432 2195 2567 2266 stylo
2593 2195 2762 2264 ferreo
2822 2196 2875 2248 in
2906 2210 3077 2264 ungue
3138 2191 3514 2254 adamantina,
3571 2196 3626 2242 et

2046 2300 2268 2346 caetera.
2299 2289 2451 2355 Quod
2479 2304 2576 2343 cur
2601 2307 2629 2342 a
2660 2287 3017 2360 Septuaginta
3048 2284 3479 2356 prastermissum
3530 2281 3621 2347 sit,
3680 2272 3697 2281 ’

2045 2376 2270 2450 nescio;
2323 2385 2429 2440 nisi
2489 2381 2720 2439 forsitan
2774 2379 3189 2452 pepercerunt“
3247 2377 3448 2448 populo
3483 2389 3620 2443 suo:

2045 2475 2188 2529 sicut
2213 2485 2270 2530 et
2305 2476 2359 2531 in
2393 2476 2533 2530 Isaia
2566 2490 2657 2530 eos
2689 2473 2887 2529 fecisse
2922 2472 3268 2526 manifestum
3299 2477 3382 2524 est
3410 2484 3425 2523 :
3458 2467 3620 2533 Quie-

2043 2569 2171 2622 scite
2197 2584 2320 2638 ergo
2348 2568 2414 2621 ab
2446 2568 2652 2620 homine
2676 2566 2827 2634 cujus
2869 2565 3086 2630 spiritus
3124 2564 3187 2616 in
3215 2561 3433 2615 naribus
3485 2560 3619 2630 ejus,
3704 2623 3717 2631 ο

2041 2660 2166 2729 quia
2206 2659 2437 2714 excelsus
2468 2669 2736 2728 reputatus
2769 2669 2843 2712 est
2870 2659 2979 2725 ipse
3023 2654 3158 2727 (Isa.
3187 2670 3247 2720 tt,
3285 2653 3415 2722 9.2);
3481 2653 3621 2706 mul—

2047 2762 2208 2821 taque
2246 2752 2781 2820 hujuscemodi,‘qure
2803 2749 2848 2804 si
2880 2749 3097 2805 voluero
3120 2756 3316 2801 cuncta
3341 2746 3614 2815 digerere,

2044 2861 2151 2900 non
2178 2846 2352 2899 dicam
2389 2843 2549 2908 libro,
2582 2841 2676 2898 sed
2708 2842 2860 2897 libris
2893 2856 3029 2910 opus
3057 2840 3175 2894 erit.
3203 2838 3459 2894 Gentium
3494 2853 3616 2906 pec.

2041 2946 2161 2989 cata
2198 2934 2374 2990 deleta
2409 2943 2557 2998 sunt,
2612 2933 2736 3004 quia
2768 2946 3044 2988 conversa:
3077 2929 3184 3004 [AL
3239 2927 3521 3000 conversi]
3550 2928 3613 2980 ad

2045 3028 2329 3083 Dominum
2386 3025 2453 3078 ab
2521 3025 2778 3080 extremis
2852 3032 3009 3079 terra:
3079 3022 3371 3079 audierunt
3440 3021 3612 3077 illud:

358 3115 583 3167 dicent:
632 3109 921 3177 Quomodo
952 3109 1087 3165 falsa
1148 3109 1507 3177 possederunt
1547 3123 1730 3183 patres
1756 3115 1932 3169 nostri

2039 3121 2275 3177 Laudate
2330 3118 2639 3182 Dominum,
2706 3133 2881 3171 omnes
2931 3124 3150 3187 gentes;
3205 3114 3420 3169 laudate
3470 3131 3611 3181 eum,

357 3205 522 3270 idola,
547 3218 599 3261 et
632 3221 738 3260 nou
762 3215 844 3258 est
876 3203 929 3257 in
965 3202 1043 3258 eis
1074 3203 1325 3259 utilitas?
1355 3223 1374 3257 ι
1407 3202 1698 3274 Postquam
1727 3207 1932 3277 ejeclus

356 3308 440 3355 est
471 3296 658 3363 Israel,
686 3305 740 3351 et
762 3311 793 3350 a
825 3295 1189 3366 piscatoribus
1220 3296 1674 3367 venatoribusque
1701 3288 1931 3355 transla-

357 3401 466 3455 tus,
496 3397 898 3459 consequenter
939 3396 1163 3442 vocatur
1193 3386 1261 3441 ad
1292 3386 1449 3441 Iidem
1477 3391 1718 3456 gentium
1750 3391 1931 3445 multi-

355 3482 509 3545 tudo,
540 3488 595 3534 et
647 3482 939 3535 conﬁtetur
988 3466 1068 3544 se,
1124 3479 1241 3537 sive
1274 3488 1460 3549 patres
1492 3495 1622 3535 suos
1655 3483 1707 3535 in
1758 3483 1929 3552 priori

351 3588 541 3628 errore
573 3581 842 3627 versatos.
878 3570 1193 3653 Qni’autetn
1231 3569 1753 3637 dicunt:Quomodo
1788 3573 1930 3643 falsa

350 3667 691 3733 possederunt
718 3674 893 3734 patres
922 3662 1089 3734 956
1114 3662 1280 3716 nostri
1307 3662 1473 3731 idola,
1498 3667 1551 3719 in
1571 3665 1759 3736 quibus
1783 3668 1931 3722 nulla

350 3771 427 3813 est
454 3757 657 3811 utilitas
678 3757 703 3809 ?
734 3758 1062 3837 conﬁtentur
1084 3768 1214 3809 vera
1242 3767 1363 3810 esse
1384 3755 1449 3811 ad
1471 3746 1590 3826 quo:
1619 3767 1924 3828 transeunt,

352 3863 406 3906 et
436 3851 580 3906 omni
611 3849 840 3904 subnixa
874 3834 1146 3918 praesidio.
1398 3834 1406 3842 ’

429 3965 447 3995 ς
488 3942 762 4012 Numquid
793 3941 953 3996 faciet
980 3941 1081 3997 sibi
1105 3942 1265 3998 homo
1288 3942 1439 4007 deos,
1464 3950 1519 3997 et
1547 3940 1645 4012 ipsi
1672 3956 1777 3996 non
1799 3952 1929 3998 sunt

353 4037 475 4092 dii?
505 4055 524 4088 ι
563 4035 631 4091 Ει
664 4036 767 4089 hoc
787 4042 978 4105 gentes
1009 4034 1430 4107 loquuntur[Al.
1464 4033 1772 4106 vocantur],
1806 4050 1927 4104 quae

352 4139 622 4185 venerunt
670 4128 736 4181 ad
780 4127 1117 4181 Salvatorem
1156 4127 1223 4181 ab
1272 4126 1533 4183 extremis
1584 4136 1761 4195 terrae,
1795 4142 1926 4198 sug-

352 4224 602 4293 gillantes
654 4220 1014 4297 ignorantiam
1068 4227 1174 4273 tam
1235 4234 1390 4274 suam
1441 4232 1603 4289 quam
1638 4218 1925 4288 majorum

351 4327 599 4377 suorum,
631 4311 753 4379 quia
780 4316 1104 4380 putaverunt
1135 4309 1203 4364 ab
1237 4309 1454 4366 homine
1476 4308 1591 4365 tieri
1616 4307 1770 4376 deos,
1800 4325 1923 4365 cum

350 4406 444 4460 Dei
473 4404 541 4459 sit
574 4401 823 4457 homines
851 4400 1048 4454 facere.

2037 3229 2210 3269 omnes
2242 3211 2444 3281 populi.
2480 3210 2618 3274 Quia
2648 3210 2961 3278 conﬁrmata
2995 3217 3069 3261 est
3102 3221 3259 3275 super
3284 3222 3377 3260 nos
3410 3206 3615 3259 miseri-

2035 3305 2215 3359 cordia
2266 3305 2403 3370 ejus,
2434 3314 2479 3355 et
2519 3301 2711 3355 veritas
2734 3299 2950 3353 Domini
3007 3309 3181 3353 manet
3242 3299 3297 3352 in
3352 3306 3612 3353 mternum

2032 3393 2207 3463 (I’sal.
2234 3409 2377 3458 nm,
2407 3393 2456 3457 1,
2482 3389 2557 3462 2).
2593 3390 2657 3444 Ει
2678 3392 2742 3444 de
2772 3390 2967 3460 quibus
2987 3389 3201 3444 dixerat
3226 3389 3291 3443 ad
3325 3388 3611 3460 Moysem:

2033 3483 2255 3538 Dimitte
2289 3500 2388 3548 me,
2415 3483 2577 3553 957
2611 3491 2666 3534 ut
2700 3480 3011 3549 interﬁciant
3066 3480 3313 3549 populum
3346 3481 3531 3543 istum,
3559 3488 3611 3533 et

2032 3576 2227 3646 faciant
2281 3586 2326 3628 te
2376 3575 2428 3628 in
2462 3586 2660 3644 gentem
2703 3589 2947 3643 magnam
3010 3571 3203 3644 (Exod.
3261 3587 3433 3632 χχιιι.
3494 3573 3603 3635 10).

2029 3666 2317 3722 Peccatum
2351 3677 2530 3721 autem
2570 3664 2722 3720 Judae
2756 3664 3063 3728 indelebile,
3094 3678 3170 3732 et,
3206 3674 3263 3719 ut
3294 3666 3366 3719 ita
3404 3667 3608 3731 dicam,

2024 3758 2181 3813 'nulla
2220 3758 2429 3812 ratione
2458 3758 2806 3824 abolendum,
2838 3762 3103 3828 scriptum
3139 3769 3223 3815 est
3254 3756 3395 3830 Stylo
3426 3757 3610 3815 ferreo

2030 3849 2083 3903 in
2119 3866 2292 3919 ungue
2318 3852 2687 3916 adamantino,
2738 3851 2827 3920 qni
2878 3851 3143 3906 liebraice
3195 3851 3394 3906 dicitur
3443 3865 3608 3907 sum

2030 3944 2239 4012 (ἾὌΨ)
2270 3959 2285 4008 ;
2324 3959 2428 3997 non
2456 3959 2563 4012 quo
2600 3943 2740 3998 nllus
2797 3945 2991 4014 unguis
3018 3943 3107 4011 sit,
3143 3944 3234 4013 qui
3296 3945 3608 4014 appelletur

2027 4034 2243 4103 Samir;
2275 4038 2370 4093 sed
2401 4051 2507 4106 quo
2539 4036 2675 4104 lapis
2708 4036 3089 4091 adamantinus
3122 4036 3233 4108 (qui
3262 4052 3325 4091 ex
3358 4051 3425 4092 eo
3459 4037 3605 4108 quod

2029 4128 2329 4183 indomitus
2367 4128 2439 4184 sit
2484 4136 2539 4182 et
2570 4127 2950 4198 iufrangibilis,
3004 4129 3105 4184 hoc
3134 4144 3332 4185 nomen
3367 4133 3604 4201 accepit)

2030 4230 2237 4274 tantum
2282 4220 2511 4275 nitorem
2560 4220 2758 4274 habeat
2799 4232 2853 4275 et
2904 4221 3248 4287 levitatem‘,
3286 4229 3344 4276 tit
3391 4223 3605 4292 absque

2030 4308 2138 4362 nllo
2163 4308 2550 4390 impedimento
2594 4310 2645 4363 in
2676 4323 2742 4363 eo
2772 4308 2937 4363 serihi
2969 4310 3140 4379 possit
3172 4310 3314 4382 stylo
3375 4311 3561 4367 ferreo
3584 4328 3603 4366 :

2031 4410 2088 4454 ut
2121 4400 2256 4455 dura
2317 4399 2450 4455 ferri
2511 4403 2770 4456 materies
2804 4400 3010 4456 scribat
3062 4392 3355 4457 in'duriori
3417 4403 3602 4459 tabula

424 4497 602 4567 (Vers.
638 4494 754 4571 ξι.)
790 4512 804 4544 ι
837 4489 1045 4546 Idcirco
1098 4507 1227 4546 ecce
1256 4506 1356 4562 ego
1406 4493 1687 4547 ostendam
1720 4493 1799 4546 eis
1828 4506 1921 4559 per
1949 4477 2000 4537 Ῑ)
2029 4491 2400 4557 adamantina,
2431 4499 2484 4545 et
2507 4490 2666 4545 duret
2693 4480 2835 4559 quod
2862 4491 3125 4560 scriptum
3158 4500 3262 4559 est,
3316 4492 3368 4546 in
3403 4507 3602 4564 perpe-

346 4594 522 4648 vicem
556 4591 695 4643 hanc
723 4602 738 4643 :
770 4586 1052 4641 ostendam
1085 4585 1165 4639 eis
1201 4600 1416 4639 manum
1459 4599 1634 4639 meam
1666 4594 1719 4638 et
1754 4584 1920 4637 virtu-

421 4772 437 4802 ¹
468 4770 523 4824 In
556 4767 768 4824 duobus
791 4780 948 4831 tnss.,
982 4762 1200 4816 Domine
1227 4761 1366 4815 Deus
1394 4762 1646 4829 fortitudo
1677 4777 1812 4816 mea.

420 4845 440 4873 ’
461 4841 626 4895 lidetn
659 4852 817 4906 mss.,
849 4835 1098 4906 quoniam
1118 4848 1212 4902 ego
1244 4831 1517 4885 Dominus.

419 4911 440 4939 ⁸
469 4911 581 4963 Hoc
610 4923 740 4962 vero
766 4901 1077 4960 Judaeorutn
1128 4901 1489 4971 posteriorum
1532 4901 1824 4956 temeritati
1856 4916 1921 4955 ae

348 4980 588 5049 perfidiae
620 4978 808 5049 tribuit
868 4975 1153 5049 Qt-igeues,
1214 4992 1241 5026 ει
1278 4973 1475 5041 quibus
1526 4973 1757 5049 plurima
1812 4971 1919 5049 τῷν

350 5040 492 5103 LXX
522 5047 851 5115 exemplaria
893 5040 1061 5099 fuiSse
1102 5040 1353 5115 corrupta
1382 5046 1653 5115 queritur,
1713 5040 1915 5115 Ilomil.

349 5122 417 5174 16
446 5120 499 5173 in
520 5110 719 5170 Jereni.
777 5132 793 5168 :
834 5115 988 5167 Ἐπεὶ
1027 5110 1919 5184 δυσχερὲσῖερονὲαυτὸν,ἐπιδοῦ-

347 5207 459 5254 ναι,
482 5188 577 5240 καὶ
607 5186 780 5237 εἰπεῖν
809 5185 889 5237 ὅτι
951 5183 1083 5254 περὶ
1111 5180 1219 5236 ’ἑῶῦ
1288 5180 1558 5234 Ἰουδαίων
1619 5180 1795 5254 causa
1825 5181 1919 5254 γέ-

348 5252 617 5329 γρὰπται,
672 5258 701 5323 ἡ
730 5252 1240 5329 amyclaei)???
1270 5254 1639 5329 nyéyparrrat.
1678 5252 1811 5315 Quae
1838 5252 1917 5305 sic

348 5321 569 5385 Hieron.
608 5321 804 5378 vertit:
842 5322 1100 5388 Quoniam
1125 5322 1331 5391 difﬁcile
1357 5332 1431 5374 est
1464 5321 1695 5391 aliquem
1724 5336 1778 5373 se
1807 5338 1917 5371 ma-

348 5403 454 5452 lum
480 5396 735 5465 conﬁteri,
762 5393 1110 5465 ideo_Jud¢_ei,
1168 5394 1255 5461 qui
1288 5392 1608 5465 exemplaria
1661 5392 1914 5443 nonuutta

348 5458 632 5537 falsarunt,
668 5465 828 5519 etiam
881 5461 978 5516 hoc
1023 5462 1134 5537 loco
1163 5458 1257 5530 pro
1290 5458 1693 5537 peccatoglftda,
1729 5476 1915 5537 pecca-

348 5530 459 5592 tum
486 5530 663 5590 eorum
684 5531 1177 5602 posuergnt._j‘um
1209 5533 1422 5602 penit_us
1475 5530 1714 5602 abfuisse
1751 5532 1914 5584 tradit

351 5611 496 5661 hunc
512 5598 833 5658 versiculum
864 5598 892 5655 a
928 5598 1088 5663 LXX,
1120 5598 1277 5668 quem
1338 5599 1507 5652 Judaei
1541 5601 1594 5652 in
1658 5601 1909 5668 propriis,

354 5691 460 5729 non
490 5673 688 5727 Graecis
719 5672 1126 5739 exemplaribus
1145 5670 1525 5724 deformat-int.
1586 5670 1762 5739 ("Anq
1794 5673 1913 5723 ἐστὶ

351 5744 664 5818 προφητεία
695 5744 761 5812 ἢν
787 5737 1012 5793 οὐκοῖδ’
1037 5741 1181 5800 ὅπως
1211 5742 1357 5808 παρὰ
1377 5737 1908 5808 τοῖςἚϐδομήὲυονται

2028 4594 2198 4640 tuum.
2238 4584 2341 4656 Ipsi
2372 4586 2514 4639 enim
2549 4584 2839 4640 dixerunt:
2884 4585 3117 4657 Sanguis
3152 4587 3266 4657 ejus
3316 4604 3476 4658 super
3506 4604 3601 4642 nos

2012 4760 2394 4838 ὀὐχῄεὖρομενο
2415 4762 2722 4838 εὕρομενδὲ
2742 4767 2927 4830 ἐνταῖς
2946 4766 3155 4825 λοιπαῖς
3170 4768 3434 4838 ἑκδόπεσι,
3450 4780 3557 4826 etc.
3580 4785 3598 4825 :

2025 4831 2127 4886 Sed
2146 4844 2193 4914 et
2212 4831 2324 4914 alia
2342 4845 2417 4887 est
2430 4831 2725 4914 prophetia,
2751 4854 2907 4906 quam
2924 4840 3098 4914 nescio
3133 4855 3227 4914 cur
3268 4831 3595 4914 penes'LXX

2023 4918 2126 4956 non
2150 4906 2436 4957 invenimus
2461 4906 2784 4960 :invenimus
2802 4924 2919 4961 vero
2939 4912 2993 4961 in
3015 4911 3223 4962 ueteris
3249 4911 3597 4967 editionibus.

2021 4975 2543 5047 Acceditliusebius
2571 4977 2938 5047 Demonstrat.
2970 4978 3179 5047 Evung.
3208 4983 3297 5033 lih.
3324 4996 3354 5032 χ
3375 4998 3391 5033 :
3412 4983 3473 5033 Εἰ
3500 4986 3598 5034 καὶ

2025 5043 2099 5119 μῌὴ
2130 5045 2280 5119 scapi
2313 5045 2422 5119 τοῖς
2456 5047 2534 5119 D',
2584 5044 2702 5119 diti.’
2730 5046 2841 5119 Aobv
2876 5053 2931 5098 ὲν
2951 5049 3034 5119 ftis
3094 5043 3374 5119 Ἐϐραῖκῴ
3412 5051 3596 5107 ταῦτα

2023 5114 2297 5188 εὑρόντξς,
2329 5114 2425 5166 καὶ
2455 5116 2513 5188 ὲν
2539 5116 2663 5175 ταῖς
2683 5116 2792 5188 τῶν
2811 5114 3015 5169 immitti
3053 5114 3416 5188 ὲρμτίνευτῶν
3443 5122 3596 5174 ἐκδό-

2023 5185 2302 5256 ᾳεσιηὲτι
2364 5186 2508 5256 μετὰ
2563 5186 2927 5253 παραθέσεως
2977 5185 3320 5256 auspiciwa
3378 5193 3440 5244 ἐν
3479 5194 3595 5253 τοῖς

2020 5252 2274 5320 ἀκρὸἐσι
2326 5254 2434 5305 τῶν
2490 5257 2799 5325 πᾳρ-ᾲμτοίς
2858 5256 2915 5308 0'
2968 5252 3347 5325 ἀντιγράφοις.
3412 5261 3599 5324 Quart-

2017 5337 2173 5388 quam
2214 5339 2316 5377 non
2368 5329 2506 5393 apud
2538 5322 2711 5387 LXX,
2753 5327 2843 5377 sed
2872 5328 3047 5395 utique
3095 5322 3147 5380 in
3180 5322 3448 5382 [lein-uico
3478 5332 3592 5382 lucc

2018 5395 2330 5459 invenimus,
2363 5408 2409 5445 et
2442 5398 2495 5445 in
2527 5398 2845 5462 reliquorum
2873 5398 3210 5463 interpretum
3238 5401 3592 5452 editiouibus.’

2015 5463 2325 5536 quinnetinnt
2376 5465 2761 5536 subdastericis
2808 5469 2861 5536 tu
2896 5471 3318 5536 ditigenttonbus
3351 5483 3591 5533 ipsorum

2016 5530 2167 5607 LXX
2200 5534 2609 5607 exemplaribus.
2642 5530 2758 5589 th.
2802 5530 3075 5591 ειυειίηιῖιιι
3110 5553 3328 5607 quoque
3364 5530 3417 5592 in
3461 5540 3592 5591 Dia-

2017 5603 2121 5669 lng.
2144 5619 2265 5656 cunt
2295 5603 2605 5674 'l't‘yphotte.
3127 5603 3139 5605 “
3241 5603 3252 5607 ⁷
3394 5639 3403 5646 -

2053 5674 2315 5795 ιδιΜδιιιι)
2346 5692 2443 5744 ego
2478 5676 2767 5729 (renitatem
2796 5678 2959 5734 scribi
3004 5679 3108 5733 alio
3142 5694 3312 5735 sensu
3349 5696 3471 5738 cum
3497 5678 3587 5733 di-

2070 5756 2109 5795 tl
2134 5757 2310 5795 tuttuu.

2014 5756 2310 5812 pntnougo.
