3950 6180
359 259 464 328 δη

788 267 1284 331 COMMENTAR.
1325 269 1404 328 1N
1448 264 1851 329 JEREMIAM
1892 262 2354 329 moenera.“
2396 254 2541 334 Lm.
2583 271 2700 342 HI,
2738 248 2896 332 CAP.
2934 273 3122 334 xvu.

3502 267 3607 332 81'8

355 392 410 435 et
439 396 599 451 super
627 378 770 449 ﬁlias
798 392 1006 434 nostros
1032 380 1249 437 (Matth.
1278 396 1445 444 xxvn,
1475 378 1593 453 25).
1628 377 1783 433 Unde
1811 390 1941 430 exa-
1968 378 2017 438 Δ
2045 381 2328 434 secundum
2360 398 2570 435 carnem
2607 383 2893 453 aliquando
2927 382 3281 452 cognovimus,
3347 384 3440 437 sed
3470 397 3613 435 uuae

357 482 539 529 ratum
575 474 690 528 sive
740 473 1072 544 insculptum
1124 483 1207 526 est
1258 472 1311 526 in
1351 450 1609 527 cornibus
1652 469 1934 532 altarium,

359 566 478 621 sive
504 580 724 620 ararum
759 580 973 629 eorum,
1005 575 1064 619 ut
1091 580 1256 635 Opera
1290 564 1554 633 sacrilega
1585 563 1639 618 in
1673 571 1935 616 aeternam

360 657 681 712 memoriam
732 667 1106 726 perseverem.
1162 656 1219 710 Si
1256 665 1435 709 autem
1467 655 1572 709 hoc
1604 656 1674 708 ita
1705 664 1810 717 est,
1842 651 1938 708 ubi

359 748 496 803 illud
527 749 673 817 quod
729 762 866 802 anus
898 747 1067 803 delira
1126 746 1411 818 conﬁngit,
1446 761 1605 815 posse
1656 747 1932 802 hominem

362 841 485 896 sine
510 849 738 911 peccato
779 854 923 906 esse,
958 842 1004 895 si
1029 840 1183 907 velit,
1217 851 1270 896 et
1301 840 1480 895 facilia
1511 839 1606 896 Dei
1638 856 1760 896 esse
1789 856 1938 896 man-

362 932 489 985 data
514 931 539 985 τ

437 1023 618 1091 (Vera.
651 1025 707 1088 ε.
741 1024 822 1093 3.)
862 1043 881 1076 ι
912 1023 1045 1080 Cum
1080 1025 1349 1079 recordati
1384 1024 1585 1079 fuerint
1614 1005 1709 1078 ﬁlii
1742 1037 1936 1080 eorum

360 1128 583 1167 ararum
617 1128 872 1179 suarum,
908 1125 962 1170 et
992 1114 1236 1171 lucorum
1273 1115 1651 1184 lignorumque
1687 1113 1940 1169 fronden—

361 1208 502 1259 tium
551 1207 604 1259 in
646 1208 923 1262 montibus
968 1206 1226 1271 excelsis,
1290 1205 1664 1261 sacriﬁcantes
1692 1206 1746 1260 in
1781 1220 1934 1275 agro,

364 1295 741 1352 fortitudinem
770 1306 917 1351 tuam
956 1306 1011 1352 et
1039 1312 1232 1353 omnes
1287 1297 1574 1354 thesauros
1601 1307 1725 1354 tuos
1774 1296 1831 1351 in
1859 1297 1942 1352 di-

364 1386 668 1454 reptionem
713 1387 875 1451 dabo,
925 1387 1138 1442 excelsa
1170 1395 1260 1441 tua
1325 1396 1548 1456 propter
1610 1395 1837 1457 peccata
1883 1386 1939 1442 iu

365 1477 637 1531 universis
667 1475 864 1531 ﬁnibus
898 1478 1024 1532 tuis.
1056 1476 1122 1556 Et
1157 1477 1483 1546 relinqueris
1513 1462 1627 1532 sola
1661 1476 1731 1532 ab
1764 1479 1940 1533 barre-

363 1568 534 1621 ditate
563 1578 675 1633 tua,
703 1582 865 1638 quam
897 1569 1017 1623 dedi
1072 1569 1192 1634 tibi,
1221 1578 1277 1623 et
1298 1568 1505 1623 servire
1531 1580 1581 1624 te
1607 1568 1799 1625 faciam
1832 1569 1942 1624 ini-

365 1659 528 1714 micis
554 1661 661 1715 tuis
693 1660 748 1713 in
794 1670 942 1716 terra
974 1677 1141 1731 quam
1178 1663 1418 1731 ignoras,
1458 1663 1713 1732 quoniam
1760 1663 1941 1730 ignem

363 1752 699 1808 succendisti
731 1752 843 1826 [ΑΙ.
874 1756 1256 1827 succendistis]
1299 1758 1352 1811 in
1378 1757 1564 1812 furore
1592 1772 1735 1820 meo,
1765 1771 1944 1825 usque

364 1844 426 1897 in
458 1853 720 1900 internum
752 1847 983 1905 ardebit.
1016 1866 1036 1899 ι
1082 1846 1149 1902 Ει
1180 1848 1296 1903 haec
1341 1851 1393 1903 in
1451 1849 1799 1919 Septuaginta
1837 1865 1941 1903 non

366 1936 659 2004 habentur,
690 1939 877 1994 eadem
912 1940 994 2009 (ut
1041 1944 1189 2011 reor)
1219 1956 1383 1997 causa
1428 1958 1592 2010 quam
1621 1956 1781 2011 supra
1805 1942 1946 1996 dixi-

366 2045 516 2094 mus,
551 2045 619 2085 ne
654 2030 865 2086 scilicet
893 2042 1095 2088 aeterna
1126 2034 1181 2087 in
1212 2048 1307 2088 eos
1336 2034 1610 2089 sententia
1655 2030 1943 2103 permane-

367 2130 474 2176 ret.
506 2121 852 2192 Relinqueris,
896 2124 994 2190 ait,
1020 2124 1135 2178 sola
1158 2125 1224 2179 ab
1270 2127 1578 2180 hereditate
1621 2136 1735 2189 tua,
1785 2142 1946 2195 quant

364 2215 490 2270 dedi
513 2217 631 2281 tibi,
655 2228 702 2270 et
723 2218 920 2272 servire
976 2226 1025 2273 te
1071 2219 1269 2287 [ariam
1295 2221 1525 2274 inimicis
1553 2222 1677 2283 tuis,
1714 2220 1768 2274 in
1803 2230 1945 2273 terra

365 2322 524 2374 quam
546 2308 787 2377 ignoras,
819 2308 905 2363 vel
930 2309 1032 2365 sub
1058 2307 1396 2380 Babyloniis,
1424 2312 1528 2375 vel,
1558 2320 1615 2365 ut
1634 2319 1719 2366 est
1741 2312 1943 2373 verius,

365 2396 472 2452 sub
504 2396 788 2454 Romanis.
851 2400 958 2471 Ipsi
994 2402 1140 2455 enim
1198 2407 1601 2461 succenderunt
1658 2406 1835 2474 ignem
1891 2414 1947 2460 et

367 2488 855 2545 clementissimum
885 2492 1175 2548 Dominum
1203 2495 1258 2549 in
1279 2495 1518 2550 furorem
1545 2506 1944 2565 provocat-unt:

369 2581 466 2649 qui
496 2580 608 2652 [ΑΙ.
639 2583 789 2654 quia]
825 2584 967 2654 ignis
1015 2584 1221 2641 luroris
1259 2585 1380 2657 ejus
1440 2588 1650 2643 ardebit
1679 2591 1733 2643 in
1789 2599 1948 2643 arter-

370 2688 524 2728 num.
552 2674 724 2730 Pudet
747 2692 834 2732 me
854 2679 1221 2734 contentionis
1243 2690 1579 2747 nostrorum,
1602 2684 1693 2752 qui
1723 2683 1950 2739 Hebrai-

370 2782 492 2821 cam
521 2779 751 2836 arguunt
786 2770 1090 2825 veritatem.
1143 2770 1317 2825 Judaei
1345 2783 1534 2827 contra
1571 2788 1633 2827 se
1656 2774 1861 2843 legunt,
1892 2785 1945 2831 et

370 2860 502 2929 quid
538 2876 637 2930 pro
666 2877 725 2918 se
776 2864 868 2927 sit,
898 2866 1075 2919 nescit
1108 2864 1372 2920 Ecclesia.
1416 2866 1569 2922 Unde
1602 2883 1705 2923 nos
1735 2871 1829 2939 qui
1858 2886 1952 2925 su-

372 2969 497 3009 mus
524 2954 614 3009 ﬁlii
638 2957 1020 3025 Apostolorum
1049 2961 1398 3013 recordamur
1432 2959 1779 3029 iniquitatem
1807 2964 1950 3031 prio-

373 3046 453 3102 ris
483 3046 689 3116 populi,
743 3058 799 3102 et
842 3047 986 3116 iuste
1010 3064 1104 3104 eos
1166 3064 1454 3118 perpessos
1507 3067 1628 3107 esse
1662 3063 1943 3110 testamur.
1977 3074 2022 3134 α

374 3134 614 3191 Possunt
660 3146 839 3192 autem
900 3140 1137 3204 excelsa,
1186 3156 1308 3208 quae
1368 3140 1633 3197 Hebraice
1689 3145 1948 3200 dicuntur

375 3243 596 3284 nsuoru
620 3232 835 3299 (mna),
870 3241 924 3286 et
954 3243 1144 3287 contra
1177 3232 1463 3289 haereticos
1512 3236 1706 3304 accipi,
1739 3238 1829 3305 qui
1853 3253 1949 3307 po-

377 3331 606 3376 suerunt
633 3323 688 3377 in
722 3323 996 3378 excelsum
1053 3339 1116 3378 os
1166 3340 1349 3389 suum,
1408 3335 1461 3379 et
1525 3326 1708 3396 lingua
1757 3344 1949 3384 eorum

382 3416 636 3470 transivit
681 3430 844 3484 super
893 3425 1119 3471 terram.
1178 3415 1280 3479 Oui
1312 3417 1366 3471 in
1420 3424 1625 3472 tantam
1672 3420 1950 3475 vesaniam

377 3518 768 3578 proruperunt,
805 3519 864 3564 ut
896 3510 998 3566 soli
1023 3510 1231 3579 absque
1286 3509 1520 3580 Spiritus
1549 3513 1724 3568 sancti
1778 3515 1953 3582 gratia

378 3604 767 3667 remanserint,
798 3614 854 3659 et
902 3604 1233 3673 perdiderint
1289 3606 1658 3661 haereditatem
1714 3607 1953 3674 Domini,

379 3695 620 3763 priorem
654 3694 905 3750 videlicet
933 3694 1053 3749 ﬁdei
1087 3696 1392 3750 veritatem.
1427 3694 1579 3751 Unde
1607 3705 1663 3752 et
1688 3707 1954 3753 aeternum

376 3785 547 3856 958
579 3786 661 3841 eis
687 3798 907 3855 paratur
930 3785 1262 3852 incendium,
1290 3795 1343 3841 et
1366 3768 1602 3843 servitus
1623 3788 1953 3857 daemonum,

380 3880 475 3949 qui
506 3889 630 3933 sunt
659 3877 867 3933 inimici
900 3887 956 3935 et
988 3882 1210 3938 ultores.

453 3970 637 4041 (Vers.
672 3972 728 4037 5,
770 3973 852 4042 6.)
909 3972 1083 4030 «Haec
1130 3975 1261 4031 dicit
1286 3977 1583 4034 Dominus:
1637 3976 1957 4033 Maledictus

380 4067 546 4121 homo
575 4068 665 4135 qui
690 4067 914 4121 conﬁdit
941 4068 1079 4138 (sive
1109 4083 1258 4139 spem
1310 4068 1497 4137 habet)
1554 4072 1607 4124 in
1637 4071 1883 4135 homine,
1906 4080 1959 4124 et

382 4158 535 4227 ponit
570 4169 794 4214 carnem
820 4160 1105 4214 brachium
1139 4173 1395 4228 suum,et
1426 4178 1454 4215 a
1491 4161 1721 4216 Domino
1753 4162 1961 4217 recedit

379 4266 481 4305 cor
503 4251 641 4317 ejus.
672 4251 789 4306 Erit
840 4252 987 4308 enim
1013 4255 1169 4323 quasi
1202 4256 1409 4325 myrice
1434 4257 1490 4310 in
1507 4256 1743 4319 deserto,
1766 4265 1820 4311 et
1853 4270 1958 4310 non

381 4343 589 4397 videbit
617 4358 739 4397 cum
769 4346 981 4399 venerit
1010 4346 1248 4411 bonum;
1284 4346 1381 4403 sed
1411 4347 1679 4402 habitabit
1704 4347 1760 4401 in
1796 4348 1960 4402 sicci-

381 4444 498 4488 tate
530 4435 584 4487 in
612 4436 846 4501 deserto,
876 4436 931 4489 in
963 4446 1107 4491 terra
1130 4436 1422 4508 salsuginis
1451 4446 1506 4493 et
1539 4437 1903 4492 iuhabitabili.
1933 4456 1952 4489 s

384 4527 443 4582 Si
472 4530 792 4584 maledictus
819 4539 905 4585 est
936 4533 1112 4586 omnis
1151 4530 1334 4599 homo,
1370 4534 1460 4602 qui
1497 4533 1726 4588 conlidit
1774 4534 1826 4587 in
1864 4534 1959 4588 ho-

383 4623 553 4686 mine,
609 4620 1041 4681 Pauluskautem
1114 4623 1510 4680 Samosalenns
1559 4635 1612 4678 et
1668 4626 1957 4691 Ph0tinus,

383 4715 635 4780 quamvis
682 4725 930 4767 sanetum
962 4724 1015 4769 et
1066 4716 1291 4783 .cunctis
1354 4717 1628 4771 excelsum
1666 4716 1961 4771 virtutibus

385 4801 682 4869 praedicent
708 4800 1071 4867 Salvatorem,
1097 4810 1278 4856 tamen
1303 4804 1578 4857 hominem
1592 4803 1958 4867 conﬁtentur;

386 4910 516 4963 ergo
570 4894 842 4948 maledicti
891 4904 1055 4948 erunt
1107 4909 1257 4964 spem
1316 4896 1574 4950 habentes
1614 4895 1669 4949 in
1719 4895 1957 4951 homine.

385 4986 540 5052 Quod
564 4986 609 5040 si
638 4985 793 5041 nobis
822 4985 1349 5053 appositum‘luerit.
1377 4987 1522 5056 quod
1553 4997 1607 5039 et
1642 5002 1741 5040 nos
1771 4986 1964 5040 creda-

387 5094 510 5133 mus
540 5078 593 5131 in
619 5092 708 5141 eo,
746 5077 837 5146 qui
867 5077 1041 5133 dicit:
1079 5075 1239 5131 Nunc
1266 5090 1441 5133 autem
1491 5079 1732 5149 quwritis
1767 5094 1848 5131 me
1876 5078 1958 5130 iu-

387 5169 623 5236 terﬁcere
641 5170 923 5232 hominem,
952 5171 1039 5238 qui
1068 5171 1342 5224 veritatem
1397 5170 1539 5224 vobis
1573 5170 1779 5223 loeutus
1824 5186 1994 5249 sum,‘

385 5273 549 5325 quam
565 5259 745 5311 audiri
758 5275 794 5312 tt
815 5257 942 5326 Deo,
964 5261 1059 5313 hoc
1078 5259 1351 5315 Abraham
1365 5277 1465 5314 non
1494 5260 1614 5328 fecit
1641 5275 1658 5313 :
1685 5277 1771 5314 vos
1789 5260 1966 5328 facitis

391 5348 490 5421 [aL
516 5349 737 5423 fecistis]
764 5366 922 5419 opera
960 5352 1126 5420 patris
1159 5354 1312 5406 vestri
1343 5351 1524 5421 (Joan.
1553 5368 1668 5412 vtu,
1706 5354 1795 5413 40,
1829 5352 1921 5421 ιιι)
1950 5370 1964 5407 :

390 5443 845 5513 I'eSPOlldCbillllIS
870 5443 999 5498 illud
1029 5447 1451 5514 apostolicorum
1479 5464 1493 5500 :
1520 5444 1587 5498 Et
1619 5448 1666 5500 si
1700 5446 1965 5500 Christum

468 5622 485 5695 ξ
516 5620 668 5695 ᾏεεη
703 5623 1084 5695 erit__Dominus
1117 5624 1335 5693 ﬁducia,
1376 5628 1479 5681 sire
1517 5646 1653 5695 spes.

2031 470 2150 539 jam
2177 488 2279 525 non
2312 473 2547 527 novimus
2583 474 2669 544 (II
2725 473 2849 529 Cor.
2913 490 2965 536 v,
3008 473 3120 544 ιϐ).
3181 472 3423 543 Denique
3471 472 3612 527 idem

2038 562 2333 632 Apostolus
2366 564 2420 617 in
2454 564 2721 634 principio
2751 562 3006 632 Epistolas
3040 578 3153 619 sum
3178 562 3367 617 scribit
3408 562 3471 615 ad
3504 562 3613 616 Ga—

2040 656 2179 710 latas
2210 672 2224 711 :
2259 654 2461 713 Paulus
2498 655 2765 725 apostolus
2803 672 2905 709 non
2930 654 2995 708 ab
3019 654 3319 708 hominibus
3375 652 3485 724 [ΑΙ.
3521 653 3616 703 ho-

2040 746 2227 817 mine],
2264 763 2428 817 neque
2455 764 2547 815 per
2573 748 2853 811 hominem,
2884 748 2974 800 sed
2999 762 3090 814 per
3109 744 3293 799 Iesum
3325 744 3614 807 Christum,

2038 850 2084 890 et
2115 837 2279 892 Deum
2313 835 2554 901 Patrem,
2605 838 2694 907 qui
2755 838 3025 891 suscitavit
3052 852 3169 890 eum
3203 852 3236 888 a
3289 835 3532 894 mortuis,
3571 840 3619 884 et

2038 929 2128 999 qui
2153 944 2353 982 mecum
2388 938 2512 982 sunt
2568 944 2745 983 omnes
2774 928 2968 996 fratres
3022 926 3230 993 (Galat.
3264 942 3305 989 ι,
3339 926 3390 989 l,
3423 924 3499 993 ἓ).
3560 921 3616 976 Si

2039 1021 2182 1077 enim
2228 1035 2377 1076 mors
2415 1022 2667 1091 absorpta
2714 1030 2801 1075 est
2851 1021 2907 1075 in
2957 1020 3183 1074 victoria
3242 1017 3396 1088 (Osee
3443 1024 3562 1084 xm)
3599 1029 3627 1091 :_

2040 1128 2212 1182 quare
2234 1128 2342 1168 non
2378 1115 2556 1169 carnis
2590 1113 2890 1178 humilitas,
2922 1127 3043 1182 qua:
3074 1122 3295 1181 propter
3327 1113 3616 1164 hutnanam

2040 1205 2269 1261 salutem
2306 1214 2584 1273 assumpta
2622 1214 2728 1271 est,
2753 1206 2808 1259 in
2848 1205 3152 1259 divinitatis
3189 1202 3474 1256 transierit
3503 1216 3621 1254 ma-

2036 1298 2316 1368 jcstatem,
2347 1291 2405 1352 ut
2436 1296 2626 1352 iecerit
2661 1306 2955 1365 utrumque
3002 1310 3166 1349 unum
3192 1312 3206 1360 ;
3236 1303 3290 1349 et
3338 1310 3446 1347 non
3486 1293 3619 1346 ndu-

2043 1404 2226 1445 remus
2259 1397 2593 1453 creaturam,
2621 1387 2717 1442 scd
2747 1385 3084 1452 Creatorem,
3130 1386 3223 1455 qui
3271 1392 3353 1439 est
3404 1385 3625 1437 ltcncdi-

2043 1490 2164 1536 ctus
2195 1481 2248 1535 in
2274 1479 2475 1535 saecula
2500 1479 2523 1533 2
2553 1478 2874 1533 Maledictus
2926 1487 3011 1533 est
3062 1478 3244 1547 igitur,
3297 1490 3399 1527 non
3448 1474 3621 1527 solum

2042 1571 2134 1642 qui
2169 1585 2323 1642 spem
2355 1569 2517 1625 habet
2558 1572 2611 1625 in
2639 1571 2883 1635 homine,
2942 1568 3037 1624 sed
3073 1570 3166 1639 qui
3207 1569 3361 1637 ponit
3397 1580 3620 1619 carnem

2045 1664 2329 1718 brachium
2381 1678 2565 1730 suum,
2624 1662 2676 1717 id
2734 1674 2839 1728 est,
2902 1661 3273 1716 fortitudinem
3336 1673 3515 1721 suam,
3571 1664 3625 1708 ct

1977 1733 2015 1786 Β
2045 1757 2309 1827 quidquid
2354 1758 2547 1825 egerit,
2579 1772 2686 1810 non
2758 1754 2969 1809 Domini
3006 1753 3331 1817 clementize,
3365 1753 3458 1805 sed
3512 1762 3624 1802 sua:

2046 1851 2316 1920 putaverit
2354 1865 2477 1905 esse
2504 1850 2743 1903 virtutis.
2779 1847 2881 1914 Qui
2944 1847 3088 1901 enim
3123 1846 3227 1898 hoc
3252 1844 3383 1914 agit,
3419 1858 3449 1894 a
3517 1840 3621 1894 Do-

2046 1943 2197 1997 mino
2218 1944 2423 1997 recedit
2459 1958 2554 1996 cur
2578 1941 2719 2010 ejus,
2739 1926 3017 1994 'asscrens
3054 1954 3113 1992 se
3147 1951 3309 2007 posse
3340 1935 3485 2004 quod
3517 1949 3623 1987 nou

2046 2042 2247 2102 potest.
2284 2033 2349 2086 Et
2375 2034 2474 2087 erit
2524 2033 2678 2102 quasi
2710 2033 2926 2102 myrice,
2959 2046 3083 2100 quze
3133 2028 3394 2113 llebraice
3427 2027 3627 2080 dicitur

2047 2139 2224 2180 Αιιοειι
2254 2125 2475 2195 (πῖν’-ιιι).
2509 2125 2697 2179 siveut
2717 2125 3115 2191 interpretatus
3141 2130 3225 2176 est
3246 2120 3623 2190 Symmachus,

2049 2220 2245 2289 lignum
2301 2220 2691 2287 infructuosum
2738 2217 2790 2269 iu
2819 2214 3123 2269 solitudine.
3176 2212 3242 2266 Et
3273 2229 3372 2266 non
3439 2211 3627 2265 ridebit

2048 2330 2166 2367 cum
2197 2313 2433 2367 venerint
2473 2311 2630 2372 bona,
2666 2324 2787 2379 qua
2817 2310 2999 2363 visura
3032 2317 3118 2362 est
3150 2308 3391 2377 gentium
3443 2307 3631 2359 multi.

2050 2409 2215 2475 tudo;
2270 2410 2359 2462 sed
2393 2408 2647 2462 habitabit
2694 2409 2747 2461 in
2775 2406 3015 2461 siccitate
3057 2407 3112 2459 in
3138 2384 3364 2460 deserto.
3408 2404 3520 2460 Hoc
3549 2404 3633 2459 di-

2049 2501 2192 2557 citur
2219 2504 2284 2557 de
2317 2499 2522 2571 populo
2550 2498 2858 2553 Judteorum
2900 2497 2992 2567 qui
3024 2496 3276 2551 habitant
3303 2496 3356 2549 in
3388 2497 3627 2558 deserto.

2050 2596 2370 2663 fructusque
2401 2607 2508 2646 non
2538 2590 2767 2651 faciunt,
2798 2600 2851 2645 et
2879 2598 3005 2643 sunt
3039 2588 3091 2641 in
3126 2594 3276 2641 terra
3312 2586 3628 2657 salsuginis,

2050 2701 2173 2758 qua:
2208 2685 2385 2740 nullos
2420 2683 2629 2737 fructus
2656 2680 2842 2749 faciat,
2878 2691 2933 2735 et
2965 2677 3333 2745 inhabitabili,
3382 2692 3501 2747 quae
3532 2679 3631 2731 ho-

2051 2780 2249 2851 spitem
2281 2792 2386 2832 non
2416 2776 2583 2833 habet
2612 2775 2803 2841 Deum,
2836 2789 2938 2829 nec
2971 2772 3302 2842 Angelorum
3345 2772 3626 2841 prazsidia,

2051 2886 2155 2927 nec
2191 2869 2429 2940 Spiritus
2472 2867 2646 2923 sancti
2676 2867 2930 2936 gratiam,
2999 2879 3101 2921 nec
3154 2864 3437 2919 scientiam
3465 2864 3635 2932 magi-

2053 2973 2315 3017 strorum.
3474 2948 3477 2951 ’

2125 3050 2308 3123 (Vers.
2339 3052 2398 3116 'l,
2438 3050 2519 3120 8.)
2553 3067 2573 3103 ι
2611 3048 2941 3105 Benedictus
2974 3048 3083 3113 vir,
3146 3048 3237 3116 qui
3300 3046 3524 3102 conlidit
3579 3045 3632 3098 in

2054 3145 2307 3209 Domino,
2339 3154 2394 3200 et
2416 3145 2521 3200 erit
2555 3144 2823 3200 Dominus
2848 3143 3023 3212 spes"
3062 3140 3195 3211 (sive
3229 3140 3448 3210 ﬁducia)
3474 3138 3591 3209 ejus
3619 3155 3634 3192 :

2050 3236 2218 3307 959
2246 3246 2300 3289 et
2329 3238 2429 3289 erit
2457 3235 2613 3306 quasi
2668 3235 2905 3305 lignum,
2954 3238 3098 3302 quod
3177 3232 3636 3302 transplantatum

2053 3338 2136 3382 est
2167 3330 2294 3394 (sive
2326 3326 2692 3395 l'rnctil'erum)
2726 3342 2892 3396 super
2924 3342 3115 3396 aquas,
3149 3325 3291 3394 quod
3323 3324 3390 3377 ad
3445 3323 3641 3377 Immo-

2055 3436 2171 3475 rem
2201 3420 2371 3474 mittit
2395 3420 2610 3473 radices
2635 3434 2783 3484 suas,
2815 3428 2869 3473 et
2900 3434 3004 3472 non
3036 3418 3271 3482 timebit,
3308 3432 3429 3471 cum
3468 3431 3639 3471 vene-

2055 3513 2129 3567 rit
2165 3523 2366 3567 zestus:
2399 3521 2449 3565 et
2480 3512 2584 3566 erit
2610 3510 2804 3564 folium
2836 3509 2955 3580 ejus
2987 3508 3163 3563 viride
3189 3509 3312 3578 (sive
3343 3506 3637 3561 ramuscnli

2056 3606 2172 3675 ejus
2203 3603 2542 3673 frondentes)
2572 3619 2585 3657 :
2631 3613 2686 3656 et
2718 3603 2769 3656 in
2804 3611 3046 3671 tempore
3068 3600 3200 3673 (sive
3228 3599 3388 3667 anno)
3419 3598 3642 3653 siccita-

2055 3701 2129 3755 tis
2155 3714 2258 3753 non
2290 3698 2393 3751 erit
2422 3696 2710 3751 sollicitum
2766 3695 2896 3765 (sive
2952 3709 3057 3748 non
3108 3690 3371 3763 timebit),
3395 3706 3492 3746 nec
3533 3690 3639 3744 ali-

2058 3790 2275 3863 quando
2306 3791 2518 3845 desinet
2552 3788 2734 3842 lacere
2786 3787 3045 3842 fructum.
3087 3805 3108 3839 s
3165 3784 3302 3839 Illud
3330 3785 3397 3838 de
3437 3782 3641 3839 ludatis
3688 3804 3693 3809 ·

2059 3884 2259 3938 dictum
2289 3883 2361 3937 sit
2383 3893 2434 3935 et
2465 3879 2759 3943 haereticis,
2789 3881 2879 3948 qui
2904 3893 3051 3947 spem
3083 3877 3283 3931 habent
3309 3875 3363 3929 in
3391 3874 3637 3936 homine,

2060 3975 2114 4029 in
2147 3973 2368 4029 Christo
2398 3973 2650 4027 videlicet
2678 3986 2799 4037 suo,
2835 3984 2996 4040 quem
3030 3984 3137 4023 non
3165 3967 3356 4021 Filium
3388 3966 3507 4029 Dei,
3542 3965 3639 4018 sed

2060 4082 2258 4138 purum
2292 4066 2568 4121 hominem
2603 4073 2795 4135 putant
2827 4079 2947 4118 esse
2979 4072 3290 4117 venturum.
3327 4058 3369 4112 E
3420 4067 3642 4112 contra-

2060 4160 2145 4214 rio
2180 4159 2262 4213 vir
2293 4158 2734 4219 Ecclesiasticus,
2771 4159 2860 4225 qui
2895 4155 3120 4208 conﬁdit
3145 4154 3203 4207 in
3242 4151 3494 4212 Dmnino,
3547 4165 3642 4203 au—

2062 4251 2141 4305 dit
2174 4250 2349 4305 illud:
2407 4247 2477 4301 Et
2537 4248 2720 4302 scitote
2780 4249 3030 4316 quoniam
3110 4243 3368 4298 Dominus
3403 4244 3513 4310 ipse
3562 4249 3642 4295 est

2066 4344 2203 4397 Deus
2235 4341 2410 4412 (Psal.
2440 4357 2584 4405 ποις,
2618 4341 2698 4410 3).
2735 4339 2975 4394 Conlidit
3004 4340 3056 4392 in
3087 4338 3333 4403 Domino,
3364 4347 3414 4391 et
3446 4337 3532 4412 illi
3579 4335 3643 4388 li-

2066 4451 2172 4506 gno
2212 4434 2638 4501 comparabitur,
2666 4434 2731 4485 de
2761 4448 2869 4499 quo
2899 4443 2951 4485 ct
2980 4432 3034 4485 in
3067 4431 3243 4500 primo
3274 4430 3484 4499 psalmo
3511 4410 3643 4483 cau-

2069 4538 2257 4582 tatur:
2300 4526 2367 4580 Et
2416 4526 2516 4578 erit
2566 4534 2819 4593 tauquam
2888 4524 3109 4593 lignum,
3160 4525 3298 4592 quod
3337 4523 3643 4589 plumatum

2066 4630 2142 4674 est
2174 4636 2320 4673 secus
2346 4619 2597 4671 decursus
2652 4633 2934 4685 aquarum,
2992 4618 3129 4686 quod
3196 4616 3431 4685 fructum
3488 4629 3645 4665 suum

2065 4714 2214 4767 dabit
2244 4714 2300 4765 in
2337 4722 2565 4777 tempore
2619 4728 2735 4771 sua,
2779 4723 2825 4763 et
2896 4711 3079 4778 folium
3137 4709 3249 4774 ejus
3276 4723 3376 4758 non
3432 4705 3645 4773 tle/luet.

2066 4802 2422 4874 (Psal.t,5).
2480 4801 2647 4872 Super
2700 4820 2867 4866 aquas
2925 4810 3129 4859 autem,
3181 4798 3415 4866 Spiritus
3467 4796 3669 4847 saneti-

2066 4896 2322 4966 gratiam,
2359 4896 2602 4950 diversas
2633 4895 2960 4951 donationes
2986 4893 3028 4944 ¹.
3072 4889 3227 4953 Quod
3272 4887 3346 4941 ad
3373 4887 3646 4938 [tumorem

2070 4988 2229 5040 mittit
2254 4988 2459 5040 radices
2487 5002 2612 5041 suas
2635 5003 2654 5040 :
2695 4997 2751 5039 ut
2780 4999 2811 5038 a
2873 4983 3103 5036 Domino
3129 4980 3361 5047 accipiat
3421 4976 3647 5030 uberta-

2069 5089 2198 5134 tem.
2235 5077 2340 5132 Sed
2366 5088 2423 5132 et
2450 5077 2610 5133 aliter
2637 5091 2927 5147 possumus
2960 5076 3163 5136 dicere,
3188 5074 3332 5143 quod
3373 5071 3441 5125 de
3484 5057 3648 5125 sicci;
3710 5088 3725 5121 ,ο

2073 5181 2181 5227 tate
2208 5167 2437 5224 Judaica
2468 5168 2718 5224 translati
2743 5170 2913 5222 simus
2959 5165 3013 5220 in
3040 5165 3386 5233 baptismatis
3415 5162 3641 5233 gratiam

2071 5265 2481 5334 sempiternam.
2514 5260 2584 5314 Et
2612 5275 2736 5334 nea,
2769 5259 2967 5329 inquit,
3002 5260 3229 5323 timebit,
3289 5275 3410 5313 cum
3453 5257 3647 5312 acuerit

2074 5366 2259 5419 (estus,
2287 5355 2372 5409 vel
2400 5365 2610 5422 tempus
2655 5329 3074 5420 persecutionis,
3123 5352 3205 5407 vel
3261 5351 3376 5405 dies
3402 5347 3591 5419 iudicii
3628 5362 3646 5402 :

2076 5447 2142 5503 Et
2165 5448 2263 5502 erit
2294 5446 2479 5516 folium
2527 5444 2638 5513 ejus
2715 5448 2900 5510 viride,
2930 5446 3043 5501 sive
3087 5456 3235 5500 erunt
3279 5445 3335 5499 in
3378 5457 3436 5499 eo
3470 5457 3648 5497 ramu-

468 5693 489 5722 '
523 5692 748 5762 Supplet
794 5693 985 5759 Vatia,
1022 5692 1249 5767 intellige
1274 5714 1291 5750 :
1314 5700 1402 5767 qui
1436 5709 1486 5752 ct
1517 5692 1676 5768 paulo
1734 5695 1851 5769 pust
1874 5695 2162 5752 curationis
2190 5693 2374 5759 habet,
2407 5709 2505 5763 pro
2555 5692 2947 5763 persecutionis.
