3966 6176
364 252 470 319 819

1539 257 1596 322 S.
1645 258 1962 324 EUSEBH
2002 263 2451 330 HIERONYMI'

3508 262 3621 327 820

364 365 500 419 sculi
530 364 874 441 frondentes:
895 369 954 418 ut
981 379 1259 436 nunquam
1287 364 1478 425 timeat
1497 352 1824 438 siccitatem,
1850 376 1941 427 sed
1968 374 2021 443 Α
2047 386 2212 442 terra,
2237 387 2286 432 et
2311 388 2500 433 cuncta
2531 374 2782 447 cogitatio
2812 372 2985 430 cordis
3014 372 3218 429 inlenla
3246 379 3379 428 esset
3411 373 3480 426 ad
3507 389 3624 428 mae

360 464 684 513 cunctarum
745 459 1013 516 virtutum
1067 460 1336 528 germinet
1386 463 1643 530 gratiam.
1693 463 1937 536 Cumque

362 561 595 621 tempus,
631 550 745 606 sive
775 566 973 616 annus,
1002 554 1217 607 venerit
1240 554 1528 621 siccitatis,
1564 572 1671 613 non
1708 565 1938 625 metuet,

360 643 581 710 quando
631 642 893 699 Dominus
938 644 1112 701 iratus
1159 646 1501 702 mandaverit
1551 649 1789 706 nubibus
1869 665 1941 707 ne

361 734 734 808 pluautsuper
760 736 927 792 lsrael
952 739 1183 793 imbrem
1241 739 1381 810 (lsa.
1435 742 1516 810 v).
1551 741 1818 811 Quodque
1848 757 1937 815 se~

362 827 588 894 quitur:
620 845 710 883 nec
730 830 932 884 desinet
963 831 1141 900 facere
1173 832 1425 901 fructum,
1450 834 1579 889 illud
1613 836 1766 891 locus
1792 837 1884 906 qui
1921 836 1939 867 ί

364 920 420 973 ἱιι
454 919 637 974 Marco
669 922 909 990 scriptus
947 930 1054 986 est,
1109 925 1254 993 quod
1288 927 1499 981 venerit
1558 926 1818 985 Dominus
1871 926 1938 985 ad

366 1008 550 1072 llcum,
578 1017 628 1063 et
662 1025 768 1064 non
806 1013 1083 1067 invenerit
1113 1014 1164 1066 iu
1198 1030 1258 1069 ea
1302 1013 1562 1079 fructum,
1622 1018 1751 1086 quia
1807 1031 1943 1070 nou~

365 1099 492 1155 dum
522 1111 643 1156 erat
676 1110 989 1171 tempus,et
1020 1106 1364 1161 maledixerit
1408 1109 1482 1172 ei,
1511 1117 1570 1162 nt
1593 1108 1800 1165 fructus
1831 1123 1942 1167 non

365 1189 529 1245 iaciat
557 1191 610 1245 in
664 1201 957 1259 aaternum,
1014 1209 1297 1263 exponere
1351 1199 1551 1265 poterit
1613 1196 1806 1271 (Marc.
1840 1198 1940 1266 tu).

365 1282 466 1346 Qui
507 1282 650 1336 enim
687 1284 911 1341 conlidit
947 1286 1000 1340 in
1031 1286 1284 1353 Domino,
1324 1299 1379 1343 et
1410 1288 1671 1344 Dominus
1696 1300 1779 1345 est
1810 1292 1945 1343 liduo

364 1376 447 1426 cia
476 1375 615 1444 ejus,
643 1377 803 1430 etiam
823 1376 878 1432 in
902 1388 1145 1446 tempore
1159 1378 1400 1435 iudaice
1430 1381 1693 1437 siccitatis
1709 1398 1813 1442 non
1834 1398 1945 1436 tne-

368 1466 628 1521 tuetzsed
652 1481 867 1535 semper
891 1468 1381 1539 ali'eretlructmu,
1431 1475 1660 1526 credens
1701 1473 1755 1526 in
1820 1478 1961 1531 eum

366 1556 460 1625 qui
485 1557 651 1612 semel
682 1573 781 1629 pro
814 1560 974 1615 nobis
1000 1572 1249 1616 mortuus
1274 1571 1358 1617 est
1384 1575 1457 1617 -et
1486 1563 1628 1616 ultra
1651 1577 1755 1618 non
1787 1565 1946 1618 mori~

369 1657 457 1702 tur
478 1647 658 1719 (Rom.
684 1650 782 1722 v1),
818 1659 873 1708 et
905 1653 1037 1707 dicit
1071 1671 1087 1709 :
1122 1652 1234 1724 Ego
1267 1653 1714 1727 sumv'itanan.
1735 1670 1846 1722 stv,
1866 1658 1945 1723 6).

2040 468 2149 529 lunt
2190 470 2333 526 oinni
2361 480 2592 539 tempore
2628 467 2780 539 (Gen.
2809 480 2889 532 vt,
2944 465 3025 533 5).
3056 463 3122 519 Et
3149 463 3344 519 iterum
3375 480 3397 520 :-
3421 461 3619 518 Sensus

2038 564 2178 620 enim
2208 574 2258 618 et
2287 564 2536 632 cogitatio
2562 562 2783 616 humani
2819 559 2992 615 cordis
3041 561 3109 612 ab
3141 557 3495 612 adolescentia
3521 571 3619 609 sua

2038 673 2207 726 prona
2232 667 2356 712 sunt
2388 658 2445 712 in
2482 657 2682 710 malum
2714 653 2868 723 (Gen.
2911 667 3028 718 vm,
3078 651 3193 722 21).
3231 650 3335 711 Per
3360 665 3483 720 qua
3534 651 3619 702 di-

2040 749 2246 807 scimus
2288 750 2463 804 solum
2491 749 2659 804 Deum
2710 762 2870 802 nosse
2914 745 3274 814 cogitationes
3320 742 3621 799 eorumuSi

2038 849 2223 897 autem
2253 841 2320 896 de
2356 840 2640 896 Salvatore
2683 839 2883 895 dicitur
2921 854 2937 897 :
2976 835 3174 892 Videns'
3198 845 3373 890 autem
3417 838 3623 905 cogitao

2044 933 2211 985 tiones
2237 948 2416 987 eorum
2466 928 2622 986 Iesus
2654 930 2808 1002 (Luc.
2852 945 2930 995 Ix,
2960 926 3088 992 4'7)i
3122 927 3413 995 nullusque
3444 935 3626 995 potest

2041 1024 2235 1082 videre
2273 1025 2634 1095 cogitationes
2682 1036 2896 1088 eorum,
2945 1020 3054 1075 nisi
3102 1019 3250 1075 solus
3291 1019 3626 1087 Deus;crgo

2041 1113 2295 1171 Christus
2339 1114 2482 1172 Deus
2509 1125 2614 1179 est,
2645 1114 2736 1183 qui
2781 1120 3063 1169 scrutatur
3110 1110 3300 1173 corda,
3350 1119 3404 1166 ct
3428 1111 3626 1180 probat

2044 1222 2205 1269 renes
2239 1206 2417 1272 (l’sal.
2444 1204 2541 1276 vn)
2567 1222 2585 1268 :
2615 1214 2672 1261 et
2713 1203 2895 1260 reddit
2945 1202 3240 1271 unicuique
3263 1200 3422 1271 juxta
3454 1214 3628 1270 opera

2043 1313 2141 1353 sua
2181 1296 2356 1370 (Ρωι.
2380 1313 2490 1364 ut,
2525 1298 2635 1367 l5).

2120 1388 2317 1460 (Vera.
2352 1389 2437 1450 Η.
2473 1390 2537 1459 )‹
2560 1388 2758 1444 Perdix
2803 1387 2939 1444 fovit
2964 1388 3091 1460 (sise
3115 1385 3485 1460 congregavit)
3506 1399 3629 1455 qua:

2048 1494 2156 1536 non
2173 1482 2407 1552 peperit.
2432 1464 2527 1551 (Et
2543 1490 2600 1534 ut
2614 1478 2766 1536 ιΧΧ
2782 1480 3165 1536 transtulerunt
3180 1497 3200 1536 :
3217 1480 3631 1548 Clamavitper—

2050 1572 2165 1635 dix,
2196 1571 2547 1641 congregavit
2570 1587 2690 1641 qua:
2737 1587 2844 1627 non
2908 1572 3136 1641 peperit.
3157 1568 3340 1642 )Fecit
3406 1568 3634 1624 divitias

2052 1678 2180 1719 suas
2235 1663 2303 1735 (Α
2352 1662 2502 1736 Vulg.
2532 1665 2680 1719 obest
2726 1664 2891 1734 suas)
2938 1679 3046 1721 non
3103 1678 3230 1720 cum
3282 1661 3508 1732 judicio.
3566 1661 3629 1717 In

441 1742 621 1813 (νει-ς.
657 1742 712 1810 9,
745 1744 857 1815 10.)
918 1765 936 1796 ι
966 1744 1198 1800 Pravum
1259 1754 1344 1802 est
1398 1761 1494 1801 cor
1540 1725 1795 1801 omnium
1828 1745 1942 1818 [ΑΙ.

2060 1725 2277 1812 dimidio
2314 1725 2524 1813 dierum
2555 1771 2779 1811 suorum
2811 1725 3086 1826 relinquet
3148 1770 3243 1811 eas
3283 1725 3427 1827 '(ss'ee
3455 1753 3511 1809 in
3541 1753 3633 1808 di-

368 1834 681 1909 hominum]
736 1845 791 1892 et
835 1837 1210 1903 inscrulahile,
1245 1840 1370 1908 quis
1430 1850 1718 1909 cognoscet
1752 1839 1879 1905 illud
1922 1839 1946 1892 ‘l

370 1923 482 1995 Ego
509 1925 773 1983 Dominus
802 1939 1051 1985 serntaus
1081 1945 1196 1996 cor,
1239 1941 1293 1984 et
1322 1931 1560 2001 probans
1614 1946 1793 1991 renes.
1850 1931 1944 2000 qui

369 2021 442 2073 do
482 2018 776 2090 unicuique
824 2020 977 2091 juxta
1009 2021 1129 2076 vias
1180 2036 1330 2088 suas,
1382 2034 1439 2080 et
1486 2024 1643 2094 juxta
1709 2024 1945 2079 fructum

372 2099 1094 2171 adinventionunt'suarnm.
1129 2131 1149 2169 ι
1212 2113 1401 2173 LXX‘:
1443 2134 1462 2170 ι
1502 2115 1834 2173 Pmi‘undum
1863 2124 1947 2169 est

373 2214 471 2253 cor
490 2215 656 2267 super
673 2203 881 2269 omnia,
903 2213 959 2259 et
984 2205 1145 2260 homo
1170 2217 1275 2273 est,
1301 2207 1422 2277 quis
1444 2219 1735 2277 cognoscet
1757 2205 1940 2264 euntis

372 2290 613 2362 M960
631 2303 824 2349 cetera
854 2294 1126 2352 sim'liter.
1158 2295 1394 2353 Verbum
1417 2298 1737 2353 Hebraicum
1761 2302 1946 2372 (umis)

376 2402 510 2441 unus
545 2398 777 2457 quatuor
804 2388 1003 2447 litteris
1035 2391 1319 2457 scribitur,
1349 2407 1522 2448 amen
1548 2403 1601 2447 et
1627 2408 1731 2448 nun
1763 2404 1816 2449 et
1847 2412 1951 2453 vau

375 2486 429 2531 et
460 2494 565 2533 sus.
596 2479 651 2533 Si
681 2479 846 2550 igitur
874 2482 1084 2552 legatur
1120 2498 1274 2550 suos,
1304 2488 1458 2539 homo
1511 2486 1733 2554 dicitur,
1784 2486 1830 2543 si
1859 2502 1951 2541 an-

375 2578 489 2626 tem
535 2587 688 2636 auus,
726 2575 1069 2631 inscrutabile
1121 2575 1237 2631 sive
1285 2578 1611 2646 desperabile
1649 2595 1764 2646 ,'eo
1810 2585 1954 2652 quod

378 2662 558 2718 nullus
590 2678 686 2719 eor
716 2665 998 2721 hominum
1033 2668 1213 2723 valeat
1268 2670 1538 2727 invenire.
1589 2671 1954 2746 Symmachus

375 2770 506 2809 vero
540 2756 680 2811 hunc
718 2756 897 2812 locum
934 2758 1005 2813 ita
1056 2760 1447 2831 interpretatus
1498 2774 1584 2823 est
1621 2782 1639 2823 :
1669 2766 1954 2823 luacruta-

376 2846 478 2901 bile
505 2865 596 2901 cor
643 2851 878 2904 omnium
910 2867 933 2906 :
960 2853 1038 2905 vir
1092 2863 1268 2908 autem
1323 2857 1440 2924 quis
1483 2866 1562 2911 est
1603 2860 1691 2930 qui
1726 2859 1957 2914 inveniat

378 2940 554 2995 illud?
584 2941 769 2996 Solent
803 2944 825 2974 ³
850 2943 1069 3012 quidam
1125 2945 1320 3013 nostri,
1369 2948 1511 3002 bono
1561 2949 1779 3018 quidem
1809 2959 1956 3015 voto.

2047 1848 2215 1903 midio
2229 1846 2439 1903 dierum
2470 1847 2588 1914 eius
2616 1847 2930 1918 relinquent
2958 1862 3085 1902 eum
3117 1846 3137 1918 )
3171 1856 3231 1902 et
3258 1847 3312 1901 in
3331 1846 3633 1901 novissimo

2047 1953 2147 1993 suo
2185 1940 2294 1995 erit
2348 1939 2636 2010 insipiens.
2678 1957 2700 1993 ι
2767 1942 2936 1996 Aiunt
2996 1940 3299 2010 scriptores
3349 1938 3629 1994 naturalis

2049 2031 2314 2099 historiae,
2341 2039 2450 2086 tam
2483 2032 2779 2087 bestiarum
2802 2040 2860 2087 et
2914 2031 3218 2094 volucrum,
3249 2045 3410 2100 quam
3468 2031 3634 2083 arbo-

2050 2137 2170 2177 rum
2203 2122 2610 2192 herbarumque
2638 2124 2906 2193 (quorum
2967 2124 3247 2195 principes
3312 2130 3442 2179 sunt
3495 2120 3643 2191 apud

2051 2214 2295 2286 Grmcos,
2326 2215 2657 2271 Aristoteles
2689 2225 2744 2270 et
2772 2215 3204 2284 Theophrastus,
3227 2214 3368 2285 apud
3397 2229 3496 2269 nos
3526 2212 3636 2267 Plio

2051 2312 2180 2368 nius
2204 2310 2487 2372 Secundus
2499 2307 2546 2379 ),
2568 2308 2708 2367 hante
2732 2307 2967 2377 perdicis
2985 2322 3106 2362 esse
3136 2306 3330 2377 '96]
3352 2316 3631 2364 naturam,

2053 2414 2114 2462 ιιι
2144 2418 2247 2460 ova
2279 2403 2506 2460 alterius
2522 2400 2778 2473 perdicis,
2805 2400 2859 2459 id
2915 2409 3022 2471 est.
3082 2399 3259 2454 aliena
3322 2398 3551 2459 iuvetur.
3578 2405 3633 2450 ει

2054 2500 2141 2555 eis
2190 2499 2425 2559 incubet.
2472 2498 2762 2569 foveatque
2797 2514 2811 2552 :
2845 2511 3080 2566 cumque
3104 2494 3242 2551 fetus
3299 2491 3628 2552 adoleverit.

2053 2592 2273 2649 avolare
2303 2592 2373 2649 ab
2392 2607 2478 2660 eo,
2498 2600 2556 2648 et
2585 2590 2822 2646 alienum
2846 2598 3128 2661 parentem
3158 2589 3489 2657 relinquere.
3523 2581 3635 2638 iiu—

2055 2686 2356 2757 juscemodi
2391 2685 2586 2741 divites
2614 2693 2761 2749 sunt,
2792 2682 2886 2753 qui
2915 2682 3092 2737 aliena
3113 2681 3472 2747 diripiunt,et
3504 2678 3633 2733 absv
3699 2715 3704 2719 -

2056 2794 2162 2849 que
2224 2779 2554 2850 cogitatione
2599 2777 2712 2851 [AL
2784 2773 3207 2847 recogitatione]
3244 2772 3437 2843 judicil
3515 2769 3636 2830 Dei,

2057 2872 2268 2929 faciunt
2303 2872 2519 2928 divitias
2567 2887 2674 2926 non
2708 2887 2831 2927 cum
2879 2869 3109 2942 judicio,
3156 2881 3296 2937 quas
3338 2866 3392 2919 in
3447 2864 3632 2918 medio

2061 2965 2310 3036 tempore
2367 2966 2707 3036 relinquunt,
2765 2964 2942 3019 subita
3003 2969 3177 3015 morte
3210 2955 3473 3013 subtracti
3505 2953 3623 3027 [ΑΙ.

377 3035 472 3090 sed
503 3050 609 3090 non
653 3037 953 3097 secundum
989 3038 1297 3107 scientiam,
1353 3040 1428 3094 uti
1466 3039 1569 3095 hoc
1624 3044 1744 3097 loco
1766 3054 1954 3098 contra

2065 3056 2325 3115 substrati
2355 3056 2400 3127 ],
2431 3035 2654 3125 quando
2688 3054 2893 3109 dicitur
2951 3056 3031 3107 eis
3058 3067 3075 3105 :
3103 3048 3294 3113 Stulte,
3331 3048 3430 3100 hac
3487 3057 3641 3099 nocte

377 3126 617 3196 Iudaeos,
653 3130 797 3200 quod
849 3128 1016 3184 homo
1069 3131 1138 3185 sit
1175 3128 1435 3186 Dominus
1482 3142 1645 3202 atque
1687 3133 1958 3204 Salvator,

379 3223 674 3278 secundum
697 3222 1158 3293 dispensationem
1190 3224 1374 3279 carnis
1405 3237 1717 3295 assumptis,
1744 3228 1957 3283 nullus-

383 3336 490 3388 que
523 3319 693 3388 possit
719 3320 1021 3375 nativitatis
1050 3319 1168 3389 ejus
1207 3319 1350 3376 scire
1385 3323 1725 3392 mysterium,
1763 3339 1960 3379 secun-

383 3415 508 3465 dum
548 3411 678 3466 illud
711 3412 853 3479 quod
910 3412 1174 3482 scriptum
1233 3422 1315 3468 est
1346 3431 1359 3467 :
1395 3412 1797 3470 Generationem
1843 3417 1961 3483 ejus

382 3504 499 3571 quis
558 3502 995 3575 enarrabitUsa.
1053 3518 1165 3567 LIII,
1199 3503 1417 3572 8)?nisi
1480 3506 1630 3560 solus
1688 3506 1829 3561 Deus
1867 3507 1960 3576 qui

386 3610 588 3649 arcana
645 3595 896 3659 rimatur,
953 3604 1009 3649 et
1079 3594 1257 3648 reddit
1308 3595 1605 3665 unicuique
1661 3600 1958 3655 secundum

385 3700 549 3761 opera
582 3703 697 3742 sua.
731 3686 922 3745 Melius
948 3696 1130 3740 autem
1152 3696 1256 3751 est,
1289 3695 1347 3740 ut
1372 3687 1693 3757 simpliciter
1721 3689 1963 3761 accipia-

389 3793 530 3843 mus,
556 3778 700 3845 quod
742 3776 923 3830 nullus
981 3776 1376 3844 cogitationum
1436 3786 1645 3832 secreta
1669 3788 1962 3848 cognoscat

386 3871 491 3926 nisi
529 3872 679 3927 solus
728 3869 908 3933 Deus;
935 3870 1148 3923 dixerat
1206 3868 1351 3924 enim
1406 3884 1568 3937 supra
1599 3884 1615 3927 :
1646 3869 1961 3926 Maledictus

385 3967 541 4020 homo
573 3964 663 4034 qui
691 3978 834 4032 spent
883 3961 1038 4019 habet
1091 3963 1147 4015 in
1175 3961 1406 4016 homine.
1448 3960 1515 4015 Et
1543 3976 1574 4017 e
1621 3963 1903 4018 contrario
1943 3979 1961 4020 :

387 4056 702 4114 Benedictus
763 4056 844 4109 uir
894 4054 985 4124 qui
1039 4053 1260 4123 conﬁdit
1307 4053 1363 4109 in
1421 4053 1671 4109 Domino.
1709 4053 1865 4112 Unde
1894 4070 1964 4115 ne

388 4149 672 4206 hominum
708 4159 1022 4218 putaremus
1046 4156 1252 4202 certum
1284 4161 1406 4202 esse
1432 4147 1725 4216 judicium,
1758 4147 1963 4217 intulit,

386 4243 628 4297 omnium
662 4243 1050 4311 propemodum
1087 4239 1248 4294 corda
1297 4254 1421 4295 esse
1445 4254 1721 4307 perversa,
1755 4241 1967 4297 dicente

387 4335 676 4390 Psahnista
711 4351 726 4388 :
756 4333 832 4387 Ab
857 4333 1074 4386 occultis
1106 4334 1234 4387 necis
1290 4332 1488 4385 munda
1516 4348 1618 4397 me,
1647 4344 1695 4387 et
1735 4333 1800 4387 ab
1828 4333 1957 4388 alie-

2062 3157 2291 3220 repetent
2323 3150 2556 3203 animam
2584 3158 2730 3203 tuam
2757 3163 2788 3200 α
2816 3156 2885 3209 te,
2939 3162 3057 3216 (μεθ’
3092 3151 3269 3198 autem
3295 3141 3640 3212 prteporasti,

2062 3245 2216 3314 cujus
2262 3254 2415 3300 erunt
2450 3241 2617 3314 (an.
2656 3256 2755 3307 xu,
2806 3239 2878 3295 20
2902 3239 2922 3309 )
2949 3239 2974 3293 ἲ
3001 3237 3248 3305 nihilque
3271 3231 3636 3301 insipientius,

2063 3354 2225 3410 quam
2254 3352 2363 3391 non
2395 3334 2686 3407 providere
2745 3331 3062 3393 novissima,
3093 3335 3147 3381 et
3201 3328 3385 3381 brevia
3442 3331 3642 3392 putare

2062 3439 2345 3500 perpetua.
2372 3428 2477 3482 Alii
2494 3441 2624 3482 vero
2643 3435 2697 3480 et
2724 3427 2946 3494 propter
2966 3419 3305 3489 superiorem
3331 3415 3641 3476 historiam,

2059 3533 2117 3579 et
2146 3530 2366 3592 propter
2380 3522 2606 3576 alteram
2631 3532 2733 3588 qua
2757 3517 2969 3580 dicunt,
2990 3513 3260 3583 perdicem
3287 3518 3407 3564 esse
3432 3520 3643 3578 pugna-

2060 3614 2342 3669 cissimum
2376 3622 2432 3667 et
2468 3609 2834 3672 immundum,
2860 3608 2931 3661 ita
2958 3616 3015 3662 ut
3038 3606 3237 3661 victum
3265 3600 3489 3668 polluat,
3522 3598 3640 3651 dia-

2063 3706 2245 3762 bolum
2268 3704 2370 3759 sub
2388 3703 2510 3773 ejus
2537 3701 2760 3757 nomine
2786 3700 3238 3768 interpretantur,
3268 3692 3410 3764 quod
3430 3691 3643 3746 alienas

2062 3798 2166 3859 sibi
2187 3797 2403 3851 divitias
2423 3793 2789 3866 cougregarit,
2826 3791 3018 3848 dicens
3047 3790 3113 3846 ad
3165 3788 3448 3843 Dominum
3479 3781 3642 3836 :lltee

2064 3890 2238 3945 omnia
2267 3887 2363 3940 tibi
2395 3885 2553 3947 dabo,
2582 3885 2629 3938 si
2678 3885 2869 3937 cadens
2923 3882 3228 3936 adoraueris
3277 3893 3360 3933 nte
3402 3872 3639 3945 (Humi.

2064 3994 2140 4045 tv,
2165 3978 2266 4049 9).
2297 3977 2467 4042 Quem
2510 3976 2816 4045 relinquent
2838 3972 3059 4028 divitia:
3094 3986 3226 4038 sua,
3262 3985 3385 4040 quae
3413 3968 3555 4025 male
3572 3969 3645 4023 ab

2064 4086 2129 4128 eo
2157 4050 2864 4139 iuerantcougregatsews
2919 4079 3016 4134 per
3072 4061 3349 4131 apostolos
3401 4076 3637 4116 conver-

2067 4172 2250 4218 tentur
2283 4159 2412 4233 [ΑΙ.
2447 4153 2827 4227 revertentur]
2848 4157 2916 4209 ad
2939 4153 3228 4208 Dominum
3256 4168 3273 4206 :
3311 4161 3367 4207 et
3388 4151 3482 4221 qui
3531 4150 3639 4205 sibi

2067 4251 2352 4308 videbatur
2379 4262 2500 4305 esse
2529 4246 3008 4319 prudentissimus,
3037 4242 3142 4299 erit
3170 4242 3410 4298 omnium
3435 4242 3645 4312 judicio

2069 4344 2350 4413 insipiens.
2372 4341 2635 4408 Quodque
2657 4353 2688 4393 a
2706 4335 2848 4393 LXX
2867 4335 3068 4391 dicitur
3092 4350 3108 4387 :
3138 4333 3401 4390 Clamavit
3434 4332 3644 4402 perdia,

390 4432 473 4484 nis
501 4445 657 4500 parce
681 4446 826 4483 seruo
856 4437 945 4483 tuo
968 4427 1138 4500 (Paul.
1186 4444 1340 4493 mn,
1381 4428 1469 4492 13,
1520 4429 1644 4497 id):
1691 4429 1831 4483 haud
1861 4429 1956 4481 du-
1994 4418 2045 4477 θ’
2067 4438 2134 4492 ad
2152 4434 2533 4492 luereticorum
2553 4445 2841 4500 personam
2862 4426 3209 4484 referendum
3225 4434 3327 4495 est,
3364 4426 3505 4494 quod
3523 4422 3647 4495 per-

389 4525 538 4579 binzn
571 4522 699 4592 quin
761 4522 1197 4592 cogitationibus.
1261 4522 1323 4574 Et
1376 4523 1427 4574 in
1487 4520 1733 4574 Genesi:
1775 4519 1963 4577 Videas

391 4628 566 4673 autem
598 4617 741 4670 Deus
793 4614 934 4684 quod
971 4613 1138 4669 multa
1189 4612 1398 4666 malitia
1425 4612 1719 4682 “hominum
1742 4625 1873 4669 esset
1912 4615 1968 4670 in

467 4803 485 4834 ι
520 4800 611 4853 Sic
642 4815 795 4861 mss.,
838 4796 977 4850 illud
1018 4797 1163 4851 locus
1212 4796 1320 4865 qui,
1359 4808 1465 4853 etc.
1522 4797 1726 4852 Victor.
1786 4810 1966 4855 autem

393 4873 545 4926 illum
587 4872 753 4923 locum
783 4885 848 4922 ex
881 4883 1013 4923 mss.
1046 4869 1192 4922 aliis.

466 4945 489 4975 ³
513 4940 592 4995 Ex
633 4942 716 4993 his
734 4937 1104 5009 Tertullianus
1137 4953 1243 4992 non
1284 4953 1390 4991 uno
1445 4937 1652 5009 inloco
1687 4955 1701 4993 :
1735 4938 1964 5009 Cypria-

393 5026 498 5066 nus
523 5012 616 5064 lih.
654 5025 688 5062 ιι
709 5010 911 5063 advers.
942 5008 1180 5070 Judcos,
1211 5025 1332 5074 cap.
1360 5009 1426 5063 10
1454 5023 1469 5074 ;
1497 5008 1810 5062 Lactantius
1834 5023 1967 5076 quo-

394 5096 502 5150 que
534 5081 627 5133 lib.
689 5094 764 5140 tv.
829 5093 952 5146 cap.
997 5080 1084 5144 15,
1116 5093 1331 5133 necnon
1367 5079 1457 5132 alii
1521 5079 1587 5133 de
1642 5079 1963 5135 Latinorum

395 5153 585 5219 choro,
616 5163 754 5218 quos
779 5158 928 5202 notat
955 5163 1249 5219 suppresso
1279 5150 1519 5203 nomine.

468 5220 490 5251 ³
518 5217 667 5273 Hanc
690 5219 994 5273 alienorum
1026 5217 1275 5272 vivorum
1304 5233 1516 5277 curam,
1561 5224 1617 5271 et
1656 5217 1965 5272 incubitum

397 5290 604 5360 perdici
624 5290 881 5343 tribuisse
898 5288 1267 5360 Aristotelem,
1281 5289 1734 5359 'l‘heophrastum.
1754 5287 1973 5343 autPli-

397 5359 567 5427 nium,
590 5367 851 5429 pernegat
892 5359 1134 5429 Drnsms,
1164 5359 1549 5429 Hieronymum
1572 5359 1775 5414 erroris
1814 5360 1963 5412 incn-

395 5447 522 5486 sans
543 5448 557 5487 :
577 5428 633 5486 at
653 5445 758 5486 non
783 5430 920 5482 dixit
947 5431 1004 5483 S.
1030 5428 1209 5494 Pater,
1241 5428 1294 5482 id
1315 5428 1382 5482 ab
1408 5429 1472 5482 iis
1503 5430 1719 5498 proprie
1774 5430 1967 5493 scribi,

396 5504 490 5555 sed
514 5519 544 5555 a
594 5499 859 5555 naturalis
893 5499 1130 5554 historia:
1159 5499 1539 5567 scriptoribus,
1585 5514 1726 5568 quos
1752 5501 1894 5553 inter
1926 5502 1960 5554 ii

396 5572 695 5640 principem
734 5571 908 5625 locum
943 5579 1184 5640 teneant.
1222 5568 1466 5640 EtAvero,
1502 5580 1757 5623 asserunt
1800 5569 1968 5624 eccle-

398 5638 602 5693 siastici
636 5650 888 5709 auctores
921 5638 1211 5709 permulti:
1275 5638 1600 5708 ilippulytus
1632 5651 1880 5709 Amartyr,
1911 5641 1965 5693 in

396 5710 602 5763 Catena
680 5711 733 5763 in
779 5706 1026 5775 lenne;
1086 5706 1445 5780 Epiphanius,
1478 5706 1486 5708 ἡ
1520 5711 1573 5765 in
1621 5706 1962 5782 Physiologo,

2071 4529 2162 4584 dis
2187 4529 2291 4585 iste
2315 4525 2564 4582 diabolus
2591 4522 2909 4579 clamaverit
2933 4535 3026 4592 per
3055 4519 3327 4589 principes
3366 4518 3647 4572 lueretico-

2073 4636 2216 4686 rum,
2231 4630 2285 4676 et
2298 4615 2706 4690 cengregaverit
2723 4630 2841 4685 qua:
2861 4627 2975 4668 non
2982 4610 3216 4684 peperit,
3233 4609 3647 4680 etdeceptomm

2074 4817 2194 4871 cap.
2225 4800 2260 4858 9
2291 4817 2308 4867 ;
2345 4798 2815 4871 Ambrosius,ilib.
2838 4813 2907 4871 vi
2948 4796 3282 4871 manentem,
3321 4791 3535 4871 eam},
3590 4800 3649 4871 et

2074 4864 2239 4935 epist.
2275 4864 2405 4926 olim
2469 4870 2596 4936 48°,
2653 4864 3000 4931 Philastrius,
3058 4866 3272 4920 Prmfut.
3320 4866 3374 4920 in
3435 4864 3650 4936 lih,_de

2078 4932 2375 5007 llwresib.;
2411 4932 2695 5009 Augustin.
2722 4949 2903 4993 contra
2929 4937 3215 5009 Faustum,
3250 4936 3344 4991 lib.
3372 4950 3491 5009 aut,
3521 4932 3645 5009 cap.

2078 5014 2143 5067 l2
2178 5029 2193 5077 ;
2221 5002 2611 5073 Isidorus,'lib.
2633 5008 2781 5079 Orig.
2816 5022 2916 5073 xu,
2945 5022 3066 5075 cap.
3104 5008 3160 5072 7,
3191 5019 3352 5079 atque
3388 5005 3512 5079 alii.
3540 5002 3648 5056 Lo-

2074 5075 2200 5138 cum
2237 5091 2421 5136 tamen
2447 5075 2956 5151 muivmo:lwisse
2993 5079 3181 5131 volunt
3227 5075 3402 5129 critici
3460 5087 3651 5151 recent

2075 5156 2247 5208 tiores
2280 5142 2529 5221 positum'
2580 5151 2676 5205 abs
2724 5146 2961 5204 Jcremia
3016 5162 3212 5202 nomen
3274 5154 3460 5230 ts't'tp,
3505 5142 3651 5213 quod

2075 5246 2435 5300 reddiderunt
2470 5240 2638 5307 LXX,
2673 5256 2739 5297 ex
2764 5241 2940 5308 iisque
2973 5238 3176 5302 Latini,
3209 5234 3645 5308 perdicein,_quia

2076 5331 2200 5369 cum
2230 5314 2553 5369 vocabulum
2586 5305 2695 5368 non
2765 5305 3051 5377 haberent,
3108 5305 3223 5377 quo
3303 5322 3463 5362 avem
3494 5305 3645 5360 illam

2071 5383 2360 5453 Europaeis
2384 5385 2624 5454 ignotam
2659 5381 3024 5454 appellarent,
3047 5394 3211 5449 quam
3246 5377 3648 5454 ξίιιιίιιὶιτιειεηᾳι

2072 5442 2255 5522 specie
2285 5442 2550 5524 proaviam
2582 5442 2709 5524 avis:
2732 5442 3137 5524 nuncupatione
3195 5448 3276 5504 usi
3312 5455 3476 5524 sunt:
3513 5442 3649 5523 Vide

2072 5515 2426 5584 liocharium.
2468 5525 2532 5576 de
2587 5519 2784 5589 Script.
2820 5515 3245 5589 aniinaL-busmt
3312 5515 3563 5589 [inetiam
3592 5515 3645 5565 iu

2072 5594 2224 5649 Notis
2288 5597 2352 5648 ad
2414 5595 2639 5659 Origen.
2694 5587 2784 5644 ubi
2840 5591 2961 5660 pico
3022 5588 3315 5660 convenire
3363 5587 3645 5660 observat.

2072 5680 2411 5736 quaecunque
2442 5654 2540 5718 de"
2556 5672 2697 5726 R‘STD
2726 5654 2934 5717 Hebraei
2964 5668 3121 5731 atque
3153 5657 3363 5715 Arabes
3401 5654 3643 5712 tradunt.
