3950 6180
249 287 359 356 821

683 283 1180 347 COMMENTAR.
1235 282 1315 343 IN
1359 281 1762 345 JEREMIAM
1804 280 2277 341 PROPl-lETAM
2320 281 2463 345 LIB.
2503 281 2618 353 ill,
2655 281 2809 342 CAP.
2851 281 3035 344 XVII.

3417 279 3524 342 8‘22

249 400 356 455 sibi
400 397 803 453 multitudinem
835 398 1207 468 eongregarit,
1237 410 1358 465 qua:
1384 404 1571 464 postea
1606 391 1846 446 dimittat
1877 397 1924 452 Α
1952 401 2110 462 quem
2132 401 2185 446 et
2205 391 2444 461 judicem
2474 408 2488 448 :
2525 388 2601 442 Tu
2625 390 2783 443 nosti.
2837 387 3097 458 Sequitur
3128 404 3142 442 :
3179 387 3330 454 Quod
3356 403 3526 458 egres-

245 505 374 546 eum
407 508 420 545 :
449 501 502 543 et
533 488 990 556 omniumjndicio
1027 486 1389 542 stultissimus
1424 483 1833 551 comprobetur.

323 583 526 653 (Vers.
583 581 671 646 19.,
712 581 848 644 15.)
883 599 901 632 ‹
966 579 1172 634 Solium
1228 576 1416 648 gloriae
1469 574 1842 629 altitudinisa

249 673 542 742 principio,
572 672 722 726 locus
754 671 1203 726 sanctificationis
1251 681 1468 725 nostrte.
1498 667 1874 736 Exspectatio‘

251 764 448 828 Israel,
477 762 720 825 Domine,
757 770 948 817 omines
967 764 1058 833 qui
1090 773 1141 817 te
1171 762 1574 830 derelinquunt.
1619 757 1848 814 confun-

252 853 474 918 dentur,
503 855 842 920 recedentes,
878 855 930 908 in
1000 866 1142 908 terra
1195 851 1505 908 scribentur
1536 852 1550 881 ¹
1585 849 1696 922 [ΑΙ.
1750 850 1846 904 de.

252 944 657 1017 scribantur];
705 945 966 1016 quoniam
993 945 1402 1014 dercliquerunt
1443 957 1646 997 venam
1703 942 1851 1012 (sive

255 1030 505 1102 fontem)
540 1049 802 1103 aquarum
847 1035 1140 1088 viventium
1197 1033 1509 1087 Dominum.
1553 1051 1570 1084 ι
1627 1031 1851 1086 Perdice

254 1135 480 1195 propter
496 1141 649 1182 suam
670 1126 951 1181 stultitiam
977 1125 1255 1190 derelicta,
1281 1126 1619 1194 exspectatio
1648 1122 1841 1186 Israel,

257 1218 313 1278 id
336 1227 446 1283 est,
477 1216 654 1288 populi
693 1216 786 1270 Dei
815 1229 870 1271 et
908 1218 1184 1272 credentis
1210 1217 1262 1271 in
1317 1216 1568 1277 Domino,
1602 1217 1718 1284 ipse
1767 1220 1853 1266 est

257 1307 352 1373 qui
415 1306 542 1361 fecit
587 1310 768 1362 omnia
807 1324 824 1364 :
864 1309 1019 1376 cujus
1063 1309 1260 1362 solium
1310 1307 1606 1377 gloriosum
1663 1316 1748 1360 est
1797 1314 1854 1359 et

257 1397 536 1453 excelsum
567 1413 596 1451 a
621 1400 913 1469 principio,
945 1401 1206 1468 locusque
1237 1397 1691 1453 sanctificationis
1737 1411 1856 1452 om-

263 1490 414 1544 nium
446 1492 808 1556 credentium,
844 1501 900 1545 ut
940 1508 1044 1546 non
1082 1493 1134 1547 in
1165 1496 1284 1547 locu
1318 1493 1389 1547 sit
1419 1492 1706 1558 Dominus,
1759 1490 1852 1544 sed

262 1593 322 1637 ut
361 1583 456 1637 ubi
493 1583 582 1638 ille
616 1583 803 1652 fuerit,
832 1584 986 1640 locus
1021 1586 1397 1642 sanetiticatus
1421 1585 1513 1640 sit.
1543 1585 1584 1638 Ε
1630 1595 1853 1638 contra-

263 1675 348 1729 rio
376 1676 467 1745 qui
499 1675 887 1746 derelinquunt
916 1675 1228 1741 Dominum,
1267 1675 1678 1732 confundentur
1718 1689 1854 1729 con-

266 1744 484 1822 fusione
513 1744 794 1836 perpetua,
830 1776 886 1824 et
949 1769 1297 1832 recedentes,
1343 1768 1461 1823 sive
1516 1765 1856 1823 declinantes
1886 1744 1931 1802 Β

268 1861 340 1914 ab
373 1875 458 1925 eo,
492 1862 802 1916 scribentur
840 1861 893 1916 in
919 1869 1088 1931 terra,
1131 1861 1297 1921 deleti
1331 1862 1400 1917 de
1476 1860 1617 1916 libro
1667 1860 1858 1915 viven-

268 1953 430 2006 tium.
453 1951 601 2007 Sicut
633 1954 800 2016 euim,
843 1952 933 2022 qui
968 1964 1147 2022 potest
1177 1969 1301 2008 cum
1333 1953 1594 2023 Apostolo
1625 1951 1812 2008 dicere
1839 1968 1853 2004 :

271 2044 474 2100 Noster
499 2056 673 2099 autem
710 2048 1066 2115 municipatus
1106 2049 1162 2100 in
1187 2046 1313 2101 caelo
1339 2055 1414 2099 est
1450 2043 1723 2115 (Philipp.
1763 2059 1850 2108 tu,

269 2136 389 2205 20),
415 2137 466 2192 in
491 2137 805 2193 etelestibus
837 2138 1094 2192 scribitur
1125 2153 1140 2193 :
1169 2139 1248 2192 sic
1271 2137 1361 2206 qui
1392 2136 1721 2204 derelinquit
1750 2134 1858 2192 Do-

274 2231 509 2296 mimnn,
539 2230 623 2283 vel
655 2229 891 2285 declinat
926 2231 993 2285 ab
1022 2244 1110 2294 eo,
1140 2230 1409 2284 scribetur
1439 2230 1491 2284 in
1514 2229 1680 2300 962
1715 2237 1858 2284 terra

273 2337 396 2375 eum
441 2324 525 2376 his
573 2322 667 2392 qui
702 2333 916 2377 terrena
949 2321 1190 2392 sapiunt.
1259 2323 1545 2391 Causaque
1573 2321 1858 2377 manifesta

274 2429 376 2466 cur
409 2413 794 2469 scribanturin
849 2423 1014 2477 terra,
1080 2415 1208 2483 quia
1266 2413 1683 2482 dereliquerunt
1738 2411 1860 2467 fon-

278 2517 386 2560 tem
421 2507 544 2560 vitae
581 2507 888 2572 Dominum,
923 2507 1038 2560 sive
1100 2506 1304 2561 fontem
1353 2521 1622 2573 aquarum
1668 2505 1861 2560 viven-

276 2600 412 2653 tium
448 2598 755 2666 Dominum,
785 2599 876 2669 qui
915 2598 1158 2669 loquitur
1184 2600 1236 2652 in
1265 2597 1563 2668 Evangelio
1594 2637 1607 2651 .
1643 2597 1702 2652 Si
1735 2599 1854 2665 quis

276 2693 413 2755 sitit,
433 2692 604 2745 veniat
622 2693 690 2745 ad
713 2708 791 2746 nte
819 2703 866 2746 et
897 2692 1035 2744 bibat
1059 2707 1078 2746 :
1104 2692 1192 2761 qui
1252 2693 1418 2746 credit
1474 2693 1528 2745 in
1571 2708 1674 2758 nte,
1724 2692 1860 2746 sicut

276 2785 408 2837 dicit
438 2783 740 2853 Scriptura,
776 2785 1000 2855 ﬂumina
1031 2785 1092 2838 de
1119 2796 1295 2839 ventre
1326 2785 1442 2854 ejus
1487 2787 1651 2855 ﬂuent
1710 2799 1862 2854 aqua:

277 2876 432 2930 υἱιναξ.
469 2872 582 2928 11οε
607 2887 781 2930 autem
817 2875 955 2929 dixit
998 2877 1060 2930 de
1107 2875 1332 2946 Spiritu,
1381 2893 1533 2946 quem
1591 2877 1860 2944 accepturi

277 2976 433 3020 erant
475 2966 743 3022 credentes
790 2967 996 3039 (Joan.
1029 2983 1126 3032 vn,
1149 2969 1240 3034 3'7,
1273 2971 1342 3024 58
1368 2969 1409 3036 ).

357 3056 556 3127 (Vers.
594 3058 680 3116 14,
715 3059 735 3128 )
773 3077 792 3111 ι
834 3057 975 3114 Sana
1011 3073 1119 3121 me,
1164 3058 1415 3125 Domine,
1478 3069 1533 3114 et
1578 3059 1812 3114 sanabor
1843 3075 1860 3116 :
1889 3086 1933 3146 ρ

280 3149 496 3203 salvum
539 3164 622 3205 me
648 3149 753 3216 fac,
782 3159 837 3204 et
858 3150 1042 3205 salvus
1072 3165 1166 3206 ero
1200 3166 1216 3206 :
1251 3152 1508 3221 quoniam
1553 3153 1673 3207 laus
1743 3167 1862 3206 mea

283 3251 342 3295 tu
373 3256 452 3295 es.
495 3259 514 3291 ι
543 3240 694 3294 Multi
725 3240 926 3295 medici
963 3239 1018 3294 in
1049 3240 1346 3313 Evangelio
1372 3241 1526 3309 (Luc.
1550 3239 1605 3312 ν)
1634 3243 1864 3297 haemor-

283 3335 554 3390 rhousam
572 3343 921 3399 curaverant,
947 3350 1070 3404 qua:
1093 3349 1306 3390 omnem
1321 3335 1679 3390 substantiam
1708 3349 1865 3390 suam

281 3429 600 3497 perdiderat
623 3429 677 3482 in
691 3430 791 3494 eis,
809 3441 863 3484 et
892 3439 1068 3483 tamen
1092 3442 1121 3481 a
1149 3429 1296 3483 nullo
1315 3427 1496 3483 curari
1535 3428 1737 3498 potuit,
1760 3428 1864 3482 nisi

283 3521 359 3573 ab
385 3535 451 3573 eo
506 3519 596 3586 qui
631 3533 794 3574 verus
831 3529 914 3572 est
965 3519 1228 3584 medicus,
1257 3528 1311 3573 et
1353 3519 1513 3589 cujus
1566 3517 1776 3573 sanitas
1811 3517 1864 3572 in

287 3610 493 3682 pennis
521 3609 659 3678 ejus.
691 3608 842 3665 Unde
876 3617 932 3664 et
969 3624 1118 3664 nunc
1149 3607 1418 3680 Propheta
1453 3625 1483 3664 a
1509 3610 1708 3680 popqu
1741 3623 1869 3679 pas-

287 3719 392 3761 sus
424 3702 746 3774 opprobria,
779 3713 835 3757 et
869 3702 1064 3758 crebro
1097 3702 1312 3758 insidiis
1334 3703 1766 3768 circumventus,
1799 3703 1868 3759 ab

290 3811 360 3852 eo
389 3796 570 3851 curari
605 3805 664 3851 et
709 3795 893 3851 salvus
931 3797 1047 3852 fieri
1119 3796 1290 3867 cupit,
1325 3796 1516 3869 l_cujus
1565 3811 1694 3852 vera
1746 3795 1867 3852 laus

289 3903 532 3958 veraque
568 3888 842 3943 medicina
880 3897 985 3943 est.

365 3981 560 4052 (Vcrs.
603 3981 671 4036 15
702 3980 883 4052 seqq.)
925 3999 946 4034 ί
988 3982 1127 4038 Ecce
1166 3982 1480 4054 ipsijdieunt
1503 3985 1568 4038 ad
1603 3998 1730 4038 me:
1771 3981 1870 4039 Ubi

290 4083 380 4129 est
418 4075 640 4128 verbum
674 4074 881 4128 Domini
910 4071 1170 4131 ‘lVeniat.
1226 4075 1338 4146 Ego
1377 4083 1560 4130 autem
1619 4091 1724 4129 non
1750 4089 1870 4130 sum

295 4169 549 4222 turbatus
577 4175 629 4220 te
667 4176 943 4236 pastorem
970 4181 1209 4237 sequens
1245 4169 1389 4238 (sive
1456 4183 1562 4223 non
1625 4167 1872 4223 laboravi

295 4273 536 4329 sequens
576 4267 627 4312 te
649 4257 694 4330 ),
725 4267 779 4313 et
807 4259 948 4313 diem
979 4260 1216 4316 hominis
1248 4277 1352 4315 non
1415 4261 1721 4316 desideravi
1758 4277 1774 4314 :
1819 4270 1872 4313 tu

295 4349 429 4402 scis.
457 4347 610 4414 Quod
642 4361 918 4419 egressum
987 4349 1174 4404 estde
1239 4349 1398 4404 labiis
1453 4351 1610 4414 meis,
1667 4359 1872 4404 rectum

298 4441 407 4496 lu't
463 4443 515 4496 in
545 4452 844 4510 conSpectu
874 4450 964 4494 tuo
994 4440 1138 4510 (sive
1172 4453 1300 4497 ante
1327 4443 1517 4498 faciem
1562 4455 1708 4498 tuam
1739 4445 1873 4512 est).

296 4534 418 4588 Non
453 4533 530 4588 sis
563 4533 694 4587 mihi
727 4533 1026 4596 formidini,
1057 4550 1180 4602 spes
1218 4550 1335 4590 mea
1383 4545 1436 4589 tu
1465 4535 1518 4589 in
1590 4537 1676 4592 die
1738 4535 1877 4590 allii-

299 4625 503 4676 ctionis
532 4624 550 4694 (
584 4625 691 4676 sive
721 4638 826 4678 non
871 4623 967 4677 ﬁas
1021 4625 1149 4677 mihi
1192 4625 1421 4690 alienus,
1456 4641 1684 4695 parcens
1742 4628 1876 4682 mihi

300 4716 358 4770 in
394 4715 483 4767 die
519 4715 825 4784 pessimo).
851 4732 871 4765 ι
907 4713 1009 4780 Qui
1047 4731 1152 4768 non
1203 4725 1392 4784 putant
1429 4728 1681 4781 ventura,
1757 4733 1879 4786 qua:

301 4811 445 4862 dicta
477 4815 626 4868 sunt,
655 4806 946 4874 loquuntur
969 4807 1035 4860 ad
1091 4804 1414 4875 Prophetam
1450 4825 1464 4862 :
1503 4807 1602 4862 Ubi
1659 4818 1735 4864 est
1772 4826 1878 4864 rer-

302 4899 427 4950 bum
468 4896 730 4950 Domini?
770 4893 956 4949 Veniat
988 4911 1007 4948 :
1041 4896 1531 4953 dissimulationem
1572 4902 1877 4968 sententia,

299 4990 625 5044 dilationem
660 4989 1011 5045 arbitrantes.
1076 4989 1193 5044 lllis
1252 5000 1458 5056 autem,
1517 4992 1716 5061 inquit,
1772 4993 1878 5048 ista

301 5079 638 5144 dicentibus,
675 5094 774 5150 ego
810 5095 916 5134 non
949 5094 1070 5133 sum
1103 5080 1374 5146 turbatus,
1405 5095 1504 5136 nec
1531 5081 1772 5138 laboravi
1828 5094 1880 5140 te

302 5179 594 5242 pastorem.
622 5187 880 5242 sequens,
916 5173 1054 5236 sive,
1124 5183 1248 5242 post
1282 5182 1372 5226 tua
1417 5173 1726 5243 ingrediens
1786 5190 1880 5229 ve-

303 5264 486 5334 stigia.
527 5263 636 5319 Nec
667 5265 768 5320 hoc
795 5264 871 5319 fui
905 5264 1009 5318 fine
1037 5276 1350 5330 contentus,
1383 5265 1476 5319 sed
1511 5265 1657 5321 diem
1697 5266 1880 5322 homi-

306 5357 394 5408 nis
429 5371 532 5408 non
561 5356 884 5422 desideravi,
918 5354 1004 5410 vel
1025 5355 1192 5410 vitam
1229 5355 1556 5426 lengioretn.
1611 5357 1693 5413 vel
1753 5374 1880 5428 pro-

304 5461 465 5518 spera
494 5462 721 5517 quaeque
753 5448 913 5518 hujus
930 5447 1138 5504 saeculi.
1159 5447 1449 5518 Ipsumque
1468 5462 1621 5505 vocat
1650 5460 1874 5520 testem,

388 5583 404 5612 ί
425 5582 647 5657 Addunt
671 5600 800 5640 mss.
831 5602 863 5638 α
915 5593 984 5648 te,
1013 5585 1469 5657 quemadmodum
1527 5587 1578 5639 in
1651 5586 1876 5657 Vulgata

309 5652 537 5721 ipsaque
565 5653 988 5725 llierOnymiana
1025 5652 1276 5710 versione
1347 5658 1600 5724 habetur,
1652 5652 1880 5714 lleb'razo

312 5731 492 5778 tamen
525 5735 670 5780 textu
695 5736 974 5782 renuente.

1948 501 2060 539 sum
2081 495 2158 539 est
2183 485 2251 538 de
2285 484 2439 537 labiis
2477 485 2622 546 meis,
2658 492 2857 534 rectum
2883 481 2984 549 fuit
3010 482 3063 534 in
3099 489 3377 548 conspectu
3399 491 3525 540 tuo;

1928 566 2011 632 ἰιι
2062 591 2340 646 nunquam
2396 577 2657 629 mentitus
2719 574 2814 638 sit,
2877 565 2942 626 et.
2985 572 3200 626 Domini
3263 572 3524 624 voluntati

1949 669 2172 724 adversa
2208 683 2311 722 non
2337 667 2552 722 dixerit.
2582 665 2696 720 Non
2728 665 2800 719 sis
2825 665 2974 728 mihi,
3007 663 3203 733 inquit,
3232 673 3289 714 tu
3337 661 3527 730 formi-

1951 757 2087 819 dini,
2110 774 2223 825 spes
2245 773 2360 811 mea
2379 758 2433 810 in
2457 757 2542 809 die
2564 755 2884 824 aﬂlictionis.
2905 754 3056 820 Quod
3082 755 3426 824 perspicuum
3445 762 3529 805 est

1945 849 2103 916 juxta
2137 848 2481 904 llebraicum.
2512 846 2669 901 Juxta
2702 848 2754 900 id
2802 862 2931 900 vero
2982 846 3122 914 quod
3166 844 3526 910 Septuaginta

1951 939 2346 994 transtulerunt
2373 939 2649 992 dicentes:
2681 937 2760 990 Ne
2777 936 2878 1000 [ias
2906 935 3034 988 mihi
3056 935 3281 995 alienus,
3303 946 3526 1000 parcens

1955 1030 2085 1085 mihi
2119 1030 2172 1082 in
2209 1029 2292 1082 die
2313 1028 2453 1082 malo
2487 1030 2527 1094 ',
2555 1037 2638 1081 est
2685 1042 2878 1082 sensus
2907 1043 2921 1081 :
2960 1025 3035 1080 Ne
3082 1039 3278 1093 parcas
3311 1023 3445 1076 mihi
3472 1023 3525 1081 in

1955 1122 2204 1193 praesenti
2232 1121 2451 1184 stneulo,
2504 1119 2646 1189 quod
2677 1119 2878 1173 malum
2907 1126 2992 1174 est
3021 1135 3038 1184 ;
3075 1119 3168 1172 sed
3204 1118 3368 1172 redde
3398 1115 3528 1169 mihi

1949 1217 2102 1286 juxta
2138 1223 2360 1285 peccata
2397 1226 2536 1277 mea,
2576 1212 2900 1281 utrequiem
2957 1211 3185 1266 habeam
3243 1210 3536 1276 sempiter-

1957 1323 2105 1362 nam.
2139 1304 2266 1360 Seio
2290 1305 2438 1358 enim
2479 1303 2644 1374 963
2672 1301 2936 1371 scriptum
2968 1319 2983 1356 :
3021 1301 3192 1366 Quem
3223 1300 3397 1368 diligit
3429 1299 3535 1351 Do-

1956 1399 2152 1460 minus,
2182 1397 2401 1464 corripit
2427 1411 2446 1450 :
2467 1394 2704 1465 ﬂagellat
2726 1402 2906 1446 autem
2929 1407 3135 1445 omnem
3159 1391 3329 1453 ﬁlium
3383 1405 3536 1458 quem

1960 1491 2139 1557 recipit
2171 1487 2376 1561 (Hebr.
2403 1505 2498 1555 ιιι,
2531 1487 2626 1557 6).
2656 1487 2782 1542 Dies
2811 1495 2994 1541 autem
3024 1485 3223 1550 malus,
3259 1485 3342 1540 vel
3373 1499 3538 1540 omne

1957 1583 2216 1638 saeculum
2259 1593 2364 1649 est,
2389 1582 2473 1638 vel
2503 1583 2620 1637 dies
2650 1580 2862 1653 judicii,
2893 1579 2979 1635 his
3005 1579 3101 1648 qui
3131 1587 3354 1650 propter
3405 1592 3536 1646 pec-

1959 1687 2082 1731 cata
2115 1675 2462 1731 cruciantur.

2033 1766 2233 1838 (Vers.
2266 1766 2393 1838 18.)
2425 1784 2444 1819 ε
2502 1766 2947 1836 (Ioniundantur,
2983 1771 3074 1840 qui
3133 1774 3539 1838 persequuntur

1959 1875 2070 1926 me,
2093 1869 2150 1916 et
2183 1875 2289 1916 non
2321 1859 2625 1917 eonfundar
2679 1877 2802 1932 ego.
2845 1862 3087 1919 Paveant
3153 1862 3252 1927 illi,
3312 1870 3368 1915 et
3430 1873 3536 1913 non

1958 1968 2188 2026 paveam
2215 1968 2336 2024 ego.
2366 1953 2532 2009 luduc
2561 1969 2728 2024 super
2789 1969 2885 2012 eos
2916 1956 3058 2010 diem
3123 1952 3457 2014 alllictionis,
3483 1958 3540 2004 et

1960 2045 2167 2116 duplici
2191 2045 2521 2101 contritione
2551 2057 2778 2102 contere
2833 2060 2950 2102 eos.
2986 2065 3005 2098 ι
3050 2044 3390 2115 lmprecatur
3437 2042 3541 2097 ad-

1961 2153 2178 2194 versum
2205 2152 2302 2194 eos
2326 2136 2624 2209 Propheta.
2656 2139 2749 2208 qui
2817 2139 3151 2207 exprobrant
3203 2139 3253 2193 ei
3311 2135 3540 2191 verbum

1961 2231 2202 2298 Domini,
2227 2242 2283 2286 et
2313 2231 2499 2287 dicunt
2524 2246 2538 2283 :
2567 2230 2666 2286 Ubi
2692 2239 2770 2285 est
2796 2230 3011 2285 uerbum
3035 2229 3246 2284 Domini
3276 2217 3542 2289 (veniat;

1963 2333 2022 2381 ut
2049 2323 2455 2378 confundantur
2480 2323 2572 2392 qui
2598 2333 3000 2391 persequuntur
3064 2337 3212 2385 eum,
3241 2331 3297 2377 et
3347 2321 3547 2376 erube-

1962 2425 2125 2472 scant
2148 2423 2203 2470 et
2229 2415 2456 2470 redeant
2477 2415 2544 2469 ad
2570 2415 2845 2469 salutem:
2881 2422 2938 2467 ut
2962 2413 3037 2467 illi
3096 2421 3328 2482 paveant
3390 2427 3545 2474 meu-

1961 2508 2182 2575 tientes,
2215 2515 2270 2562 et
2295 2522 2400 2563 non
2425 2508 2529 2564 iste
2578 2507 2670 2577 qui
2705 2521 2829 2560 vera
2859 2505 3124 2576 praedicit.
3157 2505 3405 2574 Cumque
3428 2505 3545 2559 dies

1962 2601 2183 2657 ultionis
2243 2600 2549 2664 advenerit,
2611 2599 2816 2668 duplici
2877 2597 3219 2653 contritione
3281 2604 3537 2652 conterat

1965 2694 2087 2767 [Αι.
2120 2692 2383 2765 contere]
2423 2707 2542 2759 eos,
2571 2691 2712 2748 fatue
2736 2701 2795 2747 et
2835 2692 3039 2762 gladio.

2035 2787 2232 2856 (Vers.
2265 2786 2521 2856 19,20.)
2565 2805 2584 2839 ι
2619 2787 2744 2842 llaec
2799 2786 2931 2840 dicit
2979 2786 3240 2840 Dominus
3294 2784 3361 2838 ad
3411 2799 3540 2840 me:

1962 2877 2110 2933 Vade
2141 2886 2194 2932 et
2217 2885 2296 2930 sta
2323 2878 2376 2932 in
2405 2887 2560 2946 porta
2587 2877 2785 2948 (siuein
2808 2876 2980 2947 portis
3005 2876 3022 2946 )
3054 2876 3284 2930 filiorum
3311 2875 3492 2945 populi
3518 2889 3534 2904 ο

1964 2985 2062 3040 Per
2093 2985 2254 3040 quam
2274 2970 2412 3033 (δῖοι
2443 2985 2539 3039 per
2576 2971 2754 3040 quas)
2787 2970 3169 3038 ingrediuntur
3185 2982 3344 3037 reges
3374 2965 3536 3031 Juda,

1963 3067 2020 3114 et
2039 3058 2411 3128 egrediuntur,
2447 3060 2500 3113 in
2525 3061 2736 3114 cunctis
2759 3061 2934 3128 portis
2954 3057 3284 3122 Jerusalem,
3321 3068 3378 3113 et
3395 3059 3545 3113 dices

1966 3151 2031 3206 ad
2064 3165 2159 3205 eos
2191 3167 2206 3205 :
2241 3153 2434 3205 Audite
2461 3156 2682 3207 verbum
2711 3153 2944 3216 Domini,
2974 3152 3304 3222 regesJuda,
3341 3163 3396 3206 et
3429 3166 3550 3203 0m-

1966 3244 2052 3298 nis
2074 3243 2210 3298 Juda
2239 3244 2378 3317 (sive
2403 3245 2592 3300 Judara
2617 3247 2635 3314 )
2667 3246 2964 3316 cunctique
2999 3246 3336 3300 habitatores
3387 3241 3550 3296 Jeru-

1967 3342 2160 3402 salem,
2193 3343 2281 3408 qui
2318 3341 2664 3410 ingredimini
2697 3357 2790 3410 per
2822 3341 3147 3410 pertashas.
3189 3358 3208 3392 ι
3249 3337 3546 3405 Quoniam,

1969 3433 2164 3502 inquit,
2205 3433 2367 3486 verba
2401 3439 2494 3486 tua
2539 3431 2728 3486 audire
2774 3440 3154 3498 contemnunt,
3202 3445 3305 3487 nec
3370 3433 3438 3484 ad
3497 3439 3552 3484 te

1966 3527 2212 3590 veniunt,
2247 3535 2304 3579 ut
2341 3523 2765 3593 requirantqua:
2783 3523 2855 3576 sit
2883 3524 3152 3578 sententia
3173 3520 3193 3593 [
3218 3523 3304 3578 ΑΙ.
3337 3523 3553 3591 sapien-

1972 3615 2072 3688 tia]
2125 3615 2246 3682 Dei,
2280 3627 2333 3669 tu
2395 3630 2562 3686 perge
2622 3615 2691 3670 sd
2737 3615 2916 3670 locum
2975 3613 3412 3680 celeberrimum,
3465 3613 3552 3667 vel

1970 3717 2178 3776 portam
2222 3709 2429 3778 templi,
2467 3709 2550 3764 vel
2582 3709 2753 3772 urbis,
2787 3721 2885 3774 per
2903 3721 3046 3776 quas
3093 3719 3250 3777 reges
3277 3715 3332 3760 et
3379 3718 3545 3759 omne

1970 3800 2164 3868 vulgus
2199 3801 2503 3872 ingreditur
2534 3809 2589 3854 et
2616 3798 2911 3870 egreditur,
2945 3808 3004 3852 ut
3051 3798 3380 3853 necessitate
3447 3811 3546 3850 eo-

1971 3893 2393 3963 ganturaudire,
2424 3901 2477 3946 et
2511 3894 2841 3959 importune,
2866 3901 2921 3945 et
2955 3901 3261 3960 Opportune
3289 3888 3551 3959 praedices

1973 3983 2196 4038 verbum
2223 3983 2436 4038 Domini
2472 3983 2580 4055 (ΙΙ
2613 3983 2749 4038 Tim.
2783 3998 2833 4036 tv
2861 3981 2921 4052 ):
2989 3996 3089 4037 nec
3132 3982 3242 4036 ulla
3295 3981 3433 4051 apud
3461 3994 3555 4034 eos

1974 4085 2255 4131 remaneat
2289 4078 2587 4142 excusatio,
2627 4078 2772 4147 quod
2798 4077 2923 4130 ideo
2961 4089 3074 4129 non
3132 4073 3384 4138 fecerint,
3427 4070 3555 4139 Quia

1976 4186 2086 4226 non
2116 4170 2408 4226 audierint.

2045 4262 2243 4334 (Vers.
2265 4261 2336 4315 20
2353 4260 2530 4331 seqq.)
2562 4279 2580 4313 ι
2621 4258 2744 4315 Haec
2769 4258 2904 4314 dicit
2935 4258 3230 4313 Dominus:
3267 4256 3554 4311 Custodite

1979 4355 2192 4410 animas
2220 4361 2530 4420 vestras,et
2580 4353 2747 4408 nolite
2807 4361 3026 4421 portare
3087 4349 3321 4418 pondera
3349 4349 3402 4402 in
3469 4348 3558 4402 die

1909 4447 1950 4502 D
1984 4446 2230 4510 Sabbati,
2255 4461 2358 4499 nec
2386 4444 2635 4500 infcratis
2658 4459 2753 4513 per
2773 4453 2960 4513 portas
2981 4440 3304 4497 Ierusalem.
3340 4439 3408 4493 Et
3463 4453 3560 4491 no-

1981 4541 2074 4596 lite
2103 4539 2304 4610 ejicere
2329 4553 2497 4593 onera
2531 4538 2598 4591 de
2623 4536 2872 4592 domibus
2899 4533 3164 4591 vestrisin
3195 4533 3284 4588 die
3311 4530 3553 4594 Sabbati,

1987 4641 2042 4687 et
2071 4647 2232 4686 omne
2251 4645 2387 4699 opus
2411 4645 2514 4684 non
2536 4629 2767 4696 facietis,
2794 4638 2847 4685 et
2871 4627 3214 4684 sanctificate
3246 4626 3388 4678 diem
3420 4622 3559 4676 Sab~

1980 4724 2113 4788 hati,
2142 4724 2278 4778 sicut
2315 4722 2544 4793 praecepi
2581 4722 2826 4790 patribus
2856 4721 3094 4776 vestris:
3137 4717 3204 4772 Et
3238 4731 3344 4770 non
3377 4713 3560 4767 audie-

1984 4825 2128 4878 runt,
2165 4829 2265 4870 nec
2295 4816 2698 4869 inclinaverunt
2724 4827 2912 4867 aurem
2943 4827 3118 4873 suam,
3157 4818 3210 4862 et
3263 4807 3559 4860 indurave-

1983 4917 2110 4963 runt
2131 4909 2399 4963 cervicem
2431 4922 2586 4961 suam
2631 4909 2720 4974 (et
2752 4908 2889 4975 quod
2932 4906 2982 4957 in
3022 4898 3285 4954 Ilebraico
3311 4911 3413 4948 non
3465 4894 3558 4946 lia—

1985 5001 2154 5066 betur,
2193 5013 2358 5068 super
2384 5009 2573 5069 patres
2601 4998 2796 5065 suos),
2832 5013 2899 5053 ne
2929 4993 3180 5047 audirent
3241 5003 3347 5052 tne,
3380 4995 3435 5040 et
3491 5003 3559 5042 ne

1983 5093 2293 5160 acciperent
2315 5091 2686 5159 disciplinam.
2723 5087 2788 5140 Et
2809 5087 2932 5147 erit,
2961 5083 3155 5151 inquit,
3182 5081 3225 5136 si
3256 5079 3546 5134 audieritis

1986 5199 2095 5252 me,
2121 5185 2254 5239 dicit
2318 5184 2602 5246 Dominus,
2657 5191 2712 5232 ut
2769 5196 2873 5233 non
2941 5177 3188 5232 infcratis
3241 5189 3407 5230 onera
3466 5187 3562 5242 per

1983 5286 2167 5345 portas
2203 5273 2441 5330 civitatis
2480 5272 2639 5341 hujus
2671 5274 2724 5325 in
2753 5270 2839 5324 die
2901 5269 3122 5324 Sabbati
3157 5285 3173 5323 :
3228 5278 3283 5324 et
3335 5270 3378 5321 si
3440 5281 3565 5320 san-

1983 5365 2354 5420 etiticaveritis
2381 5363 2523 5416 diem
2559 5361 2805 5425 Sabbati,
2831 5375 2897 5414 ne
2919 5361 3128 5413 faciatis
3187 5360 3238 5413 in
3290 5373 3354 5412 ea
3403 5368 3564 5410 omne

1988 5473 2152 5528 opus,
2188 5455 2582 5524 ingredientur
2599 5469 2692 5524 per
2715 5462 2901 5524 portas
2924 5453 3166 5508 civitatis
3204 5450 3368 5520 hujus
3403 5462 3559 5518 reges

2058 5593 2076 5621 ²
2111 5588 2303 5641 Deerat
2342 5586 2489 5647 milii,
2511 5583 2652 5653 quod
2679 5585 2937 5656 supplent
2974 5598 3133 5644 mss.,
3178 5595 3408 5656 quorum
3456 5592 3560 5656 ope

1988 5657 2294 5727 hujusmudi
2354 5659 2456 5710 alia
2510 5650 2726 5711 levioris
2756 5650 3036 5710 't'nonteuti
3087 5653 3336 5722 superius
3393 5650 3561 5704 casti-

1987 5734 2190 5800 gthtlur.
