3950 6180
267 316 380 384 ξὲὃ

1661 477 1684 486 υ

701 318 1204 379 COMMENTAR.
1249 319 1326 377 IN
1373 314 1767 403 J‘EIlEMlAM
1811 313 2271 376 PROPIIE’I‘AM
2309 316 2434 376 LIB
2496 317 2594 389 IV,
2629 316 2782 378 CAP.
2817 315 3032 379 XVIII.

3417 311 3523 378 £26

1395 633 1751 722 LIBER
1833 635 2425 739 QUARTUS.

343 959 506 1038 967
568 967 796 1037 Senper
865 941 1114 1024 diabolus
1170 965 1316 1020 bono
1372 963 1523 1032 operi
1603 962 1850 1017 imminet
1882 966 1926 1022 Α
1960 959 2209 1030 apostolo
2239 958 2289 1031 (ι
2329 959 2474 1013 Petr.
2505 958 2610 1028 tu),
2642 969 2700 1013 ut
2753 957 2930 1030 parati
2957 960 3130 1015 simus
3184 961 3249 1015 ad
3304 962 3534 1018 satiatae

273 1061 457 1133 {Forte
487 1060 733 1133 invidet],
774 1070 829 1117 et
888 1065 1090 1132 ubique
1134 1059 1508 1132 gradientibus
1558 1057 1707 1127 ponit
1765 1057 1844 1109 la-

270 1172 466 1225 queos,
554 1163 815 1211 narrante
894 1154 1166 1222 Propheta
1233 1155 1300 1208 de
1358 1152 1653 1206 satellitum
1729 1149 1847 1217 ejus

269 1249 491 1304 insidiis
543 1266 556 1302 :
623 1247 792 1302 Juxta
849 1250 1088 1302 semitam
1150 1246 1466 1301 scandalum
1551 1251 1841 1310 posuerunt

270 1343 407 1395 mihi
453 1341 624 1412 (Psal.
658 1357 877 1405 cxxstx,
908 1340 986 1406 6).
1021 1351 1067 1393 et
1107 1339 1395 1409 Evangelia
1442 1327 1660 1410 (liquit.
1708 1350 1845 1401 xm,

275 1431 452 1502 ﬂare.
483 1449 536 1486 iv
564 1441 611 1486 et
640 1431 768 1486 Luc.
797 1431 918 1500 vm)
943 1431 1046 1484 hoc
1078 1430 1250 1498 ipsum
1284 1427 1497 1495 plenius
1521 1427 1846 1490 instruente,

273 1527 420 1595 quod
466 1523 704 1577 volatilia
742 1522 867 1577 caeli
916 1523 1068 1601 juxta
1110 1521 1251 1574 viam
1285 1519 1427 1588 jacta
1461 1517 1568 1590 [ΑΙ.
1618 1516 1848 1588 jactata]

274 1617 488 1668 semina
521 1613 784 1681 diripiant.
810 1623 973 1679 atque
1023 1610 1368 1678 disperdant.
1404 1605 1518 1660 Cur
1563 1606 1667 1660 hoc
1698 1609 1849 1672 prin-

276 1707 445 1775 cipio,
503 1705 668 1758 frater
721 1701 940 1766 Eusebi,
993 1716 1125 1754 usus
1191 1700 1314 1765 sim,
1377 1712 1612 1766 sequens
1674 1709 1852 1750 sermo

277 1797 627 1852 monstrabit.
653 1795 835 1851 Multis
869 1802 923 1848 et
949 1793 1016 1847 de
1041 1802 1151 1845 toto
1180 1792 1284 1846 huc
1308 1790 1440 1845 orbe
1467 1788 1850 1842 conﬂuentium

280 1891 480 1952 turbis,
515 1898 568 1944 et
635 1896 950 1943 sanctorum
993 1887 1222 1939 fratrum
1257 1881 1683 1950 monasteriique
1709 1878 1855 1932 curis

277 1992 598 2048 occupatus,
649 1978 1085 2034 Commentarios
1117 1978 1170 2029 in
1210 1974 1502 2030 Ieremiam
1558 1985 1654 2039 per
1684 1970 1851 2023 inter-

278 2076 424 2130 valla
459 2071 729 2130 dictabam
777 2088 793 2129 :
847 2083 904 2127 ut
933 2071 1079 2141 quod
1120 2069 1308 2124 deerat
1361 2067 1496 2128 otio.
1547 2069 1858 2132 superesset

282 2171 612 2235 industriae;
661 2182 781 2222 cum
821 2167 1000 2221 subito
1035 2163 1259 2217 lizeresis
1288 2159 1608 2231 Pythagora:
1662 2164 1720 2209 et
1757 2153 1856 2207 Ze-

283 2269 468 2330 ttOnis,
527 2263 794 2322 ἀπαθείας
843 2268 897 2313 et
939 2252 1380 2324 ἀναμαρτησίας,
1417 2250 1468 2304 id
1500 2257 1604 2311 est,
1659 2247 1856 2312 impas-

284 2356 556 2413 sibilitatis
594 2365 648 2407 et
677 2349 1063 2419 impeccantiae,
1106 2359 1224 2415 qua:
1263 2343 1391 2398 olim
1433 2339 1485 2393 in
1517 2337 1769 2406 Origene,
1803 2343 1857 2388 et

287 2449 491 2502 dudum
561 2446 612 2498 in
671 2440 950 2508 discipulis
1011 2438 1128 2506 ejus
1192 2433 1460 2495 Grunnio,
1521 2428 1860 2497 Evagrioque

288 2537 587 2600 Pontico‘,
633 2546 685 2590 et
739 2533 1024 2588 Joviniano
1073 2527 1311 2600 iugulata
1361 2524 1665 2589 est,'coepit
1722 2520 1862 2574 revi-

291 2632 528 2693 viscere,
576 2637 629 2683 et
685 2643 792 2680 non
854 2627 1026 2678 solum
1088 2622 1140 2675 in
1192 2617 1527 2676 Occidentis,
1586 2613 1682 2668 sed
1722 2621 1774 2666 et
1806 2611 1859 2663 in

293 2725 542 2782 Orientis
575 2722 816 2792 partibus
851 2717 1092 2778 sibilare,
1123 2723 1178 2768 et
1201 2715 1253 2766 in
1289 2709 1614 2780 quibusdam
1643 2702 1862 2768 insulis,

297 2819 678 2890 prmeipueque
731 2810 932 2867 Sicilia:
992 2819 1043 2861 et
1099 2805 1292 2865 Rhodi,
1325 2799 1597 2856 maculare
1663 2790 1902 2866 pleroso'

293 2887 501 2981 que,et
551 2919 797 2960 crescere
859 2914 954 2969 per
1014 2895 1128 2949 dies
1186 2887 1444 2960 singulos,
1487 2887 1615 2941 dum
1655 2892 1864 2938 secreto

295 2974 512 3065 docent,
589 3007 642 3052 et
696 2994 911 3065 publice
973 2994 1191 3057 negant.
1226 2984 1325 3038 Cui
1387 2978 1712 3048 respondete
1774 2974 1865 3028 diu

295 3104 485 3150 tacens
509 3097 563 3145 et
617 3089 858 3142 dolorem
902 3080 1122 3136 silentio
1155 3077 1446 3136 devorans,
1500 3070 1692 3125 crebra
1751 3065 1868 3117 fra-

298 3202 447 3242 trum
498 3178 932 3249 expostulatione
963 3168 1278 3238 compulsus
1328 3178 1494 3218 sum:
1543 3174 1641 3214 nec
1687 3169 1868 3210 tamen

294 3280 584 3342 liucuSque
616 3269 861 3340 prorupi,
899 3274 958 3318 ttt
1003 3271 1286 3316 auctorum
1333 3256 1554 3310 nomina
1589 3263 1868 3320 ponerem,

299 3369 509 3423 malens
541 3379 635 3418 eos
686 3357 886 3426 corrigi
945 3370 1107 3424 quam
1163 3347 1418 3405 infamari
1467 3344 1578 3417 [Αι.
1614 3336 1867 3410 imitari].

297 3461 488 3529 Neque
527 3456 673 3511 enim
714 3451 1016 3512 hominum,
1049 3447 1142 3499 sed
1176 3441 1382 3497 erroris
1413 3436 1818 3493 inimicus'sum
1855 3447 1870 3488 :

300 3527 553 3622 qnimihi
594 3558 653 3601 ut
681 3547 848 3599 vicem
889 3539 1103 3595 talionis
1133 3548 1188 3590 et
1224 3535 1516 3603 genuinum
1547 3531 1631 3585 sui
1671 3527 1872 3583 doloris

1948 1051 2204 1106 ciendum
2239 1052 2384 1105 omni
2418 1051 2666 1121 poscenti
2699 1066 2797 1106 nos
2830 1053 3094 1106 rationem
3122 1055 3187 1106 de
3221 1069 3281 1107 ea
3312 1069 3430 1123 qua:
3471 1054 3524 1107 in

1950 1143 2108 1197 nobis
2141 1151 2225 1196 est
2251 1158 2368 1211 spe,
2392 1152 2445 1197 et
2475 1143 2749 1211 Propheta
2793 1144 3060 1198 clamante
3093 1162 3106 1198 :
3137 1143 3412 1214 Loquebar
3462 1145 3528 1199 de

1953 1232 2058 1306 [ΑΙ.
2087 1233 2164 1306 in]
2183 1236 2495 1289 testimoniis
2518 1237 2620 1290 tui:
2637 1237 2690 1288 in
2709 1246 2979 1304 conspectu
3001 1253 3202 1306 regum,
3222 1249 3268 1290 et
3283 1255 3383 1291 non
3403 1254 3529 1290 cott-

1956 1328 2217 1430 fundebar
2244 1327 2414 1398 968
2453 1326 2627 1396 (Paul.
2669 1342 2856 1392 cxvtn,
2889 1327 3002 1398 46),
3026 1327 3112 1384 isti
3143 1329 3411 1398 publicum
3440 1328 3527 1381 fu-

1953 1419 2195 1488 giunt,et
2217 1429 2508 1473 susurrant
2535 1420 2588 1472 in
2613 1418 2826 1488 angulis
2851 1417 3208 1486 perditorum.
3238 1421 3530 1487 delentque

1954 1510 2106 1578 quasi
2139 1525 2236 1578 pro
2267 1511 2404 1574 suis,
2432 1525 2551 1578 qua:
2587 1526 2681 1565 sua
2710 1520 2960 1564 metuunt
2985 1509 3257 1564 conﬁteri.
3284 1509 3531 1577 Cumque

1933 1604 2286 1672 generaliter
2317 1604 2605 1658 adversum
2638 1603 2767 1657 vitia
2804 1603 2931 1672 quid
2970 1615 3024 1656 et
3063 1603 3348 1658 haereticos
3377 1605 3529 1656 dixe.

1956 1697 2149 1759 rimus,
2179 1711 2238 1750 se
2271 1694 2378 1763 peti
2431 1706 2768 1762 queruntur;
2821 1694 3140 1762 malumque
3184 1695 3534 1749 conscii-mite

1956 1787 2298 1842 dissimulata
2339 1787 2431 1841 diu
2467 1787 2838 1856 indignatione.
2874 1785 3252 1853 pronuntiant.
3287 1783 3444 1848 Quod
3483 1787 3528 1839 si

1957 1880 2256 1935 cavendum
2288 1879 2446 1952 nobis
2471 1889 2578 1942 est,
2611 1893 2677 1932 ne
2717 1886 2954 1931 veterem
3002 1877 3203 1930 laedere
3250 1876 3536 1933 videamur

1957 1969 2410 2026 necessitudinem
2451 1968 2493 2035 ',
2531 1970 2576 2023 si
2633 1970 3084 2038 superhissimam
3131 1972 3378 2026 lizrresim
3419 1975 3531 2041 spi-

1960 2063 2138 2117 rituali
2176 2076 2438 2116 mucrone
2476 2072 2814 2127 truncemus,
2848 2073 2978 2130 ergo
3011 2061 3346 2117 sustinenda:
3374 2075 3538 2119 erunt

1960 2158 2121 2212 nobis
2151 2170 2346 2211 cruces
2375 2155 2604 2224 proditae
2641 2155 2789 2218 lidei,
2838 2162 2890 2208 et
2925 2153 3219 2207 dicendum
3254 2170 3376 2207 cum
3409 2155 3538 2208 Pro-

1961 2251 2165 2318 pheta:
2218 2247 2466 2301 Versatus
2524 2263 2640 2300 sum
2689 2249 2742 2299 in
2799 2248 3034 2309 miseria,
3078 2247 3202 2298 dum
3253 2247 3382 2299 mihi
3415 2248 3544 2315 inﬁd

1964 2347 2105 2415 gitur
2145 2345 2297 2412 spina
2338 2342 2513 2412 (Psal.
2564 2355 2715 2406 uxr,
2754 2344 2831 2407 4).
2882 2342 3020 2408 Quin
3078 2344 3261 2411 potius
3316 2345 3542 2397 audiant

1966 2438 2095 2492 illud
2157 2435 2510 2503 apostolicum
2577 2450 2593 2490 :
2655 2434 2877 2488 O'bedire
2946 2435 3052 2489 Deo
3112 2438 3278 2507 magis
3337 2444 3538 2504 oportet

1965 2545 2120 2601 quam
2147 2528 2441 2580 hominibus
2471 2527 2612 2594 (Art.
2648 2541 2700 2587 ν,
2737 2526 2846 2596 29).
2889 2526 2953 2580 Et
2989 2529 3177 2581 iterum
3213 2549 3226 2582 ι
3274 2528 3335 2581 Si
3368 2528 3540 2580 Itami-

1968 2627 2120 2679 nibus
2151 2625 2432 2693 placerem,
2473 2621 2671 2676 Christi
2704 2638 2879 2676 servus
2925 2637 3025 2675 non
3057 2639 3217 2676 essent
3261 2620 3461 2690 (Galat.
3499 2637 3540 2684 t,

1971 2721 2082 2788 10).
2139 2719 2334 2774 Verum
2369 2719 2483 2772 haec
2519 2718 2585 2771 in.
2613 2716 2857 2784 proprio,
2893 2716 3000 2769 nisi
3046 2716 3336 2778 tacuerint,
3377 2729 3552 2784 opere‘

1971 2810 2179 2880 plenius
2211 2821 2572 2877 exsequemur
2605 2805 2645 2859 ³.
2695 2804 2846 2858 Nunc
2884 2813 3118 2874 coeptum
3154 2805 3203 2856 iu
3244 2802 3539 2858 Jereniiatu

1970 2916 2258 2972 carpamus
2301 2899 2426 2960 iter,
2462 2906 2516 2951 et
2545 2906 2797 2967 quartum
2853 2896 2904 2948 in
2938 2911 3059 2949 eum
3111 2895 3359 2948 volumen
3417 2894 3557 2947 hre-r

1971 2997 2110 3048 viter
2156 2980 2612 3054 transcurrentes,
2666 2989 2719 3042 in
2759 2989 2842 3042 his
2866 2997 3076 3041 tantuin
3128 3002 3250 3056 quae
3305 2987 3538 3042 obscura

1973 3084 2178 3140 fuerint
2205 3086 2579 3138 immorentur.
2774 3141 2778 3152 λ

2047 3171 2198 3242 (Cap.
2239 3170 2424 3227 XVIII.
2458 3200 2528 3210 —
2562 3167 2719 3223 Vers.
2754 3169 2777 3222 I
2823 3167 3004 3238 seqq.)
3063 3187 3081 3219 ι
3129 3161 3362 3220 Verbum
3402 3164 3543 3232 quod

1978 3272 2176 3327 factum
2220 3281 2301 3325 est
2339 3271 2404 3322 ad
2435 3268 2724 3323 Jeremiatn
2762 3282 2791 3320 a
2822 3265 3074 3328 Domino,
3106 3263 3296 3318 dicens
3339 3260 3550 3325 :Sur‘ge

1978 3378 2031 3420 et
2061 3366 2326 3419 descende
2358 3363 2411 3413 lu
2464 3360 2682 3412 domum
2719 3357 2888 3426 ﬁguli,
2939 3365 2991 3409 et
3029 3355 3098 3408 ibi
3145 3354 3335 3408 audies
3387 3351 3549 3405 verba

1983 3475 2121 3514 mea.
2154 3457 2220 3512 Et
2271 3452 2523 3509 descendi
2559 3453 2608 3504 in
2646 3451 2878 3503 domum
2935 3445 3105 3515 ﬁguli,
3155 3454 3210 3498 ct
3259 3459 3384 3498 ecce
3441 3442 3554 3510 ipse

1983 3551 2375 3615 faciebatopus
2403 3560 2565 3613 super
2609 3557 2783 3595 rotam
2825 3540 2948 3607 (sive
2986 3535 3236 3604 lapides).
3286 3535 3349 3586 Et
3389 3534 3554 3586 dissi-

306 3647 422 3720 εΑι.
466 3639 702 3711 sudoris]
733 3638 1028 3694 illiderent.
1073 3643 1286 3687 veteres
1321 3627 1706 3696 magistrorum
1743 3638 1872 3678 suo-

1985 3653 2164 3714 patum
2191 3649 2273 3694 est
2330 3652 2446 3700 vas,
2500 3636 2640 3703 quod
2673 3633 2789 3701 ipse
2822 3629 3052 3684 faciebat
3083 3641 3113 3682 e
3155 3626 3267 3678 luto
3305 3624 3553 3676 manibus

308 3756 432 3795 rum
487 3733 790 3791 calumnias
845 3727 1262 3786 concinnantes,
1313 3723 1584 3773 intantnm
1633 3717 1879 3783 elingues

307 3831 426 3902 [AL
460 3824 749 3894 bilingues]
791 3832 843 3876 et
881 3819 1062 3873 miseri
1115 3812 1468 3871 demenstrati
1529 3818 1677 3874 sunt,
1731 3817 1883 3860 utne

311 3900 637 3976 maledicere
686 3914 902 3984 quidem
935 3911 1051 3967 suis
1080 3908 1263 3963 verbis
1300 3904 1596 3976 potuerint.
1640 3900 1880 3966 Quorum

311 4030 446 4068 tunc
482 4011 762 4075 temporis,
807 4005 970 4060 editis
1029 4004 1297 4057 adversus
1337 4013 1432 4053 eos
1476 3993 1652 4060 libris,
1695 3991 1886 4045 taenia)

313 4105 608 4162 confutatze
648 4110 792 4164 sunt,
847 4113 986 4166 quos
1021 4096 1110 4165 qui
1143 4093 1322 4159 legere
1353 4086 1650 4152 voluerint,
1682 4082 1885 4152 liquido

315 4199 697 4267 pervidebunt,
756 4206 920 4246 canes
953 4205 1047 4244 eos
1080 4188 1230 4255 juxta
1273 4182 1470 4236 Isaiam
1522 4193 1644 4233 esse
1687 4186 1888 4236 mutos,

313 4291 411 4360 qui
463 4290 660 4342 latrare
707 4284 957 4338 nesciant
994 4279 1134 4351 (lsa.
1184 4279 1294 4342 LVI)
1329 4290 1345 4333 :
1378 4273 1638 4327 habentes
1671 4267 1888 4338 quidem

319 4358 658 4435 voluntatem
708 4383 764 4429 et
817 4372 1018 4425 rabiem
1077 4364 1395 4428 mentiendi,
1440 4362 1534 4417 sed
1582 4369 1754 4412 artem
1792 4358 1890 4408 liti-

321 4468 482 4540 gendi
543 4473 599 4520 et
639 4461 872 4517 latrandi
934 4472 1041 4512 non
1097 4455 1381 4509 habentes.
1435 4450 1642 4516 Quibus
1696 4447 1890 4514 loquar

317 4538 643 4628 compendio
670 4573 686 4614 :
710 4554 816 4608 Aut
846 4553 982 4606 bona
1010 4557 1136 4602 sunt
1171 4561 1290 4615 qua:
1321 4543 1552 4608 docetis,
1582 4549 1676 4595 aut
1725 4538 1888 4592 mala.

322 4654 383 4706 Si
432 4652 592 4713 bona,
643 4643 918 4700 defendite
953 4641 1122 4696 libere
1161 4655 1174 4691 :
1215 4637 1258 4693 si
1297 4635 1462 4696 mala,
1497 4633 1625 4701 quid
1682 4630 1893 4685 occulte

323 4738 836 4810 miserosjngulatis
866 4748 1078 4797 errore,
1133 4742 1408 4799 rectaeque
1450 4729 1574 4783 ﬁdei
1625 4728 1691 4781 ad
1743 4725 1894 4779 deci-

323 4836 556 4907 piendos
589 4831 864 4900 simplices
900 4837 1150 4896 quosque
1198 4822 1423 4890 jactatis
1457 4817 1896 4888 expositionem?

322 4941 444 4998 quae
490 4925 537 4978 si
592 4937 717 4976 vera
775 4929 880 4986 est,
934 4933 1036 4974 cur
1085 4912 1478 4970 absconditur?
1524 4911 1569 4966 si
1606 4912 1760 4974 lalsa,
1799 4925 1898 4964 cur

1985 3735 2120 3790 suis.
2164 3733 2586 3795 Conversusque
2618 3726 2742 3792 (sire
2773 3733 2826 3777 et
2854 3720 3089 3788 rursum)
3127 3717 3254 3771 fecit
3289 3715 3420 3768 illud
3459 3728 3555 3765 vas

1986 3827 2234 3889 alterum,
2264 3825 2405 3876 sicut
2434 3820 2710 3887 placuerat
2736 3817 2786 3867 in
2811 3813 2983 3867 oculis
3009 3811 3124 3880 ejus
3159 3818 3212 3860 ut
3237 3807 3461 3860 faceret.
3491 3804 3560 3856 Et

1985 3914 2186 3968 factum
2235 3923 2317 3965 cst
2364 3909 2585 3962 verbum
2623 3903 2834 3957 Domini
2880 3904 2945 3953 ad
2989 3914 3094 3963 me,
3120 3897 3311 3951 dicens
3345 3911 3358 3948 :
3388 3891 3560 3946 Num-

1987 4007 2113 4076 quid
2142 3987 2289 4057 sicuI
2315 3999 2509 4068 ﬁgulus
2556 3998 2656 4048 iste
2705 4010 2808 4046 non
2856 4007 3072 4062 possum
3113 3987 3300 4059 (Vulg.
3349 3993 3558 4052 potero,

1991 4098 2056 4150 ad
2093 4097 2258 4149 llebr.
2318 4077 2470 4160 521s]
2517 4088 2664 4141 vobis
2711 4085 2909 4148 facere,
2967 4083 3161 4136 domus
3224 4076 3427 4132 Israel?
3486 4075 3560 4126 ait

1994 4188 2269 4243 Dominus.
2304 4184 2442 4238 Ecce
2474 4183 2614 4235 sicut
2651 4179 2819 4232 lutum
2855 4178 2904 4228 in
2955 4189 3114 4226 manu
3152 4171 3320 4240 ﬁguli,
3355 4169 3434 4222 sic
3467 4181 3571 4219 vos-

1993 4281 2048 4332 in
2078 4292 2234 4330 manu
2261 4290 2402 4337 mea,
2429 4273 2624 4326 domus
2646 4267 2834 4322 Israel.
2871 4264 3114 4331 Repente
3139 4261 3267 4329 (sive
3307 4259 3371 4312 ad
3411 4273 3563 4311 sunt-

1993 4366 2162 4437 mam)
2198 4368 2388 4433 loquar
2434 4364 2728 4416 adversum
2778 4367 2991 4424 gentem
3049 4365 3102 4406 et
3138 4352 3429 4406 adversum
3483 4363 3568 4401 rc-

1996 4475 2180 4532 gnuin,
2212 4465 2270 4510 ut
2297 4453 2568 4509 eradicem
2603 4450 2728 4521 (sive
2760 4446 3038 4516 'aul'cram)
3076 4458 3126 4500 et
3181 4445 3481 4504 destruam,
3514 4448 3569 4493 ct

1995 4552 2305 4622 disperdam
2337 4546 2490 4603 illud.
2523 4545 2578 4599 Si
2612 4543 2993 4614 pcenitentiam
3030 4543 3204 4610 egerit
3244 4552 3374 4606 gens
3407 4536 3493 4586 illa
3538 4549 3568 4586 a

1997 4647 2139 4698 malo
2166 4655 2266 4697 suo
2286 4638 2425 4710 quod
2453 4638 2663 4692 loeutus
2688 4649 2807 4689 sum
2836 4634 3122 4686 adversum
3153 4644 3293 4693 eam,
3329 4640 3482 4692 agam
3516 4631 3570 4676 et

1999 4752 2097 4805 ego
2159 4731 2531 4805 pmnitentiam
2592 4741 2756 4796 super
2812 4723 2955 4777 malo
3014 4721 3156 4791 quod
3218 4715 3452 4785 cOgitavi
3513 4723 3570 4763 ut

2002 4802 2238 4883 facerem
2278 4827 2348 4881 ei.
2384 4823 2452 4876 Et
2493 4821 2674 4876 subito
2706 4818 2830 4888 (sive
2857 4817 2922 4870 ad
2959 4809 3246 4877 summam)
3281 4809 3466 4872 loquar
3505 4802 3574 4854 de

2004 4928 2160 4991 gente
2183 4929 2234 4973 et
2265 4932 2459 4987 regno,
2484 4926 2539 4970 ut
2579 4911 2863 4973 aediﬁcem,
2895 4919 2952 4962 et
2975 4917 3032 4958 ut
3060 4905 3294 4973 plantem
3322 4898 3478 4951 illud.
3513 4895 3572 4948 Si

324 5015 618 5074 scribitur?
646 5014 796 5082 ltogo
834 5027 952 5080 qua:
976 5016 1061 5063 est
1098 5011 1207 5060 ista
1236 5002 1484 5060 insania?
1535 5001 1872 5071 Praecipieutt

2004 5012 2196 5067 iecerit
2230 5010 2430 5064 malum
2459 5009 2516 5064 in
2541 5007 2713 5062 oculis
2745 5001 2904 5064 meis,
2941 5006 3000 5052 ut
3032 5009 3141 5049 non
3170 4989 3355 5046 audiat
3384 5000 3574 5042 vocem

403 5180 420 5211 ⁸
456 5175 711 5230 Additum
764 5172 1006 5236 Pontico,
1052 5167 1198 5238 quod
1225 5173 1288 5238 in
1320 5177 1596 5238 mss._n_on
1642 5162 1896 5238 habetur,

329 5261 387 5304 et.
409 5249 686 5302 studiosus
707 5258 974 5298 nonnemo
992 5233 1284 5310 adiecerit,
1323 5234 1472 5305 rejici
1508 5235 1685 5287 denuo
1711 5233 1893 5286 malim

334 5320 399 5374 ad
428 5319 637 5388 pagina:
663 5315 864 5388 album.

408 5373 639 5440 "PI'ituit
694 5382 966 5449 Pelagium
1021 5380 1159 5432 inter
1211 5383 1264 5431 et
1300 5373 1712 5449 Hieronymum,
1767 5389 1888 5426 cum

334 5469 564 5525 uterque
617 5448 1044 5525 liotnaehageret‘,
1077 5456 1170 5525 aut
1223 5461 1345 5525 cum
1405 5448 1612 5498 amicus
1667 5454 1894 5513 uterque

334 5515 493 5580 eSset'
538 5526 737 5582 Paulae,
793 5515 1173 5582 Denietriadis,
1234 5515 1529 5570 aliorumve
1583 5523 1892 5582 sanctarum

338 5597 622 5651 mulierum
658 5581 834 5659 aliqua
891 5581 1269 5659 intercessisse
1314 5585 1691 5659 _neecssitu_t_lu.
1731 5581 1894 5637 Vero-

338 5665 568 5720 sintilius
613 5653 789 5716 tamen
824 5660 1070 5713 videatur
1106 5658 1255 5711 inuiti
1303 5655 1537 5709 Joannes
1586 5653 1895 5722 Hierosoly-

341 5738 595 5800 mitauus,
636 5749 741 5801 quo
773 5747 880 5785 non
932 5732 1005 5783 ita
1073 5730 1278 5798 pridem
1323 5728 1496 5778 atillCO
1531 5723 1892 5792 Hieronymus

2006 5172 2284 5234 utebatur,
2318 5169 2428 5238 jam
2464 5176 2522 5220 ut
2576 5163 2984 5232 Pelagianorum
3035 5162 3321 5225 patronum
3351 5160 3579 5203 accusa-

2003 5247 2116 5299 bat.
3157 5292 3170 5299 _
3244 5257 3248 5261 -

2077 5292 2260 5364 {Tres
2297 5307 2645 5375 Dialogorum
2670 5301 2862 5375 libros,
2887 5313 3026 5375 quos
3051 5292 3210 5375 paulo
3240 5295 3578 5375 post‘contra

2009 5357 2626 5448 Pelagianos-isci’ipsit,
2691 5357 2922 5448 videtur:
2960 5357 3066 5421 hoc
3130 5357 3256 5416 loco
3312 5357 3577 5412 minitari.

2009 5439 2169 5517 Quod
2212 5450 2354 5502 enim
2405 5439 2616 5497 dixerat
2649 5440 2836 5517 modo,
2885 5439 3122 5517 Quorum
3156 5443 3278 5517 turno
3332 5440 3584 5494 temporis

2009 5502 2165 5576 alitis
2227 5518 2472 5570 adversus
2527 5529 2613 5566 eos
2669 5502 2830 5564 libris
2873 5502 3059 5563 ita'uiw
3095 5502 3379 5576 confatalia
3433 5507 3581 5558 sunt,

2014 5609 2120 5644 non
2155 5591 2221 5642 de
2262 5585 2564 5652 Pelagianis
2600 5596 2682 5634 est
2715 5571 3248 5652 accipientluin,_sed
3291 5571 3356 5622 de
3389 5580 3584 5618 eorum

2011 5661 2305 5731 magistris,
2349 5643 2544 5724 tit-ipse
2577 5663 2749 5718 κυρίη,
2778 5643 2989 5711 Rutilio,
3025 5643 3330 5703 Joviniano,
3360 5648 3468 5690 etc.
