  <div class='ocr_page' id='page_1' title='image "/cluster/home/n/w/nwhite01/storage/ocr_20150623/24/hvd.32044096580485/419.png"; bbox 0 0 3966 6176; ppageno 0'>
   <div class='ocr_carea' id='block_1_1' title="bbox 359 222 507 290">
    <p class='ocr_par' dir='ltr' id='par_1_1' title="bbox 359 222 507 290">
     <span class='ocr_line' id='line_1_1' title="bbox 359 222 507 290; baseline -0.027 1"><span class='ocrx_word' id='word_1_1' title='bbox 359 269 362 272; x_wconf 80' lang='lat'><strong><em>~</em></strong></span> <span class='ocrx_word' id='word_1_2' title='bbox 402 222 507 290; x_wconf 71' lang='lat'><strong>827</strong></span> 
     </span>
    </p>
   </div>
   <div class='ocr_carea' id='block_1_2' title="bbox 1597 224 2493 300">
    <p class='ocr_par' dir='ltr' id='par_1_2' title="bbox 1597 224 2493 300">
     <span class='ocr_line' id='line_1_2' title="bbox 1597 224 2493 300; baseline 0 -10"><span class='ocrx_word' id='word_1_3' title='bbox 1597 231 1660 294; x_wconf 86' lang='lat' dir='ltr'><strong>S.</strong></span> <span class='ocrx_word' id='word_1_4' title='bbox 1704 224 2015 300; x_wconf 75' lang='lat' dir='ltr'><strong>EUSEBII</strong></span> <span class='ocrx_word' id='word_1_5' title='bbox 2056 225 2493 292; x_wconf 71' lang='lat' dir='ltr'><strong>lllERONYMl</strong></span> 
     </span>
    </p>
   </div>
   <div class='ocr_carea' id='block_1_3' title="bbox 3553 224 3666 290">
    <p class='ocr_par' dir='ltr' id='par_1_3' title="bbox 3553 224 3666 290">
     <span class='ocr_line' id='line_1_3' title="bbox 3553 224 3666 290; baseline -0.027 -1"><span class='ocrx_word' id='word_1_6' title='bbox 3553 224 3666 290; x_wconf 69' lang='lat'><strong>8‘28</strong></span> 
     </span>
    </p>
   </div>
   <div class='ocr_carea' id='block_1_4' title="bbox 400 335 3666 412">
    <p class='ocr_par' dir='ltr' id='par_1_4' title="bbox 400 335 3666 412">
     <span class='ocr_line' id='line_1_4' title="bbox 400 335 3666 412; baseline -0.002 -17"><span class='ocrx_word' id='word_1_7' title='bbox 400 354 606 406; x_wconf 87' lang='lat' dir='ltr'><strong>meam,</strong></span> <span class='ocrx_word' id='word_1_8' title='bbox 631 337 1010 406; x_wconf 73' lang='lat' dir='ltr'><strong>paenitentiam</strong></span> <span class='ocrx_word' id='word_1_9' title='bbox 1044 353 1199 410; x_wconf 82' lang='lat' dir='ltr'><strong>agam</strong></span> <span class='ocrx_word' id='word_1_10' title='bbox 1223 353 1384 410; x_wconf 84' lang='lat' dir='ltr'><strong>super</strong></span> <span class='ocrx_word' id='word_1_11' title='bbox 1414 341 1555 394; x_wconf 91' lang='lat' dir='ltr'><strong>bono</strong></span> <span class='ocrx_word' id='word_1_12' title='bbox 1587 342 1733 410; x_wconf 89' lang='lat' dir='ltr'><strong>quod</strong></span> <span class='ocrx_word' id='word_1_13' title='bbox 1776 342 1987 396; x_wconf 87' lang='lat' dir='ltr'><strong>locutus</strong></span> <span class='ocrx_word' id='word_1_14' title='bbox 2020 346 2059 402; x_wconf 78' lang='grc' dir='ltr'>Α</span> <span class='ocrx_word' id='word_1_15' title='bbox 2090 345 2231 411; x_wconf 88' lang='lat' dir='ltr'><strong>quod</strong></span> <span class='ocrx_word' id='word_1_16' title='bbox 2288 339 2623 412; x_wconf 66' lang='lat' dir='ltr'><strong>patientibus</strong></span> <span class='ocrx_word' id='word_1_17' title='bbox 2678 339 2878 394; x_wconf 88' lang='lat' dir='ltr'><strong>malum</strong></span> <span class='ocrx_word' id='word_1_18' title='bbox 2930 353 3052 394; x_wconf 88' lang='lat' dir='ltr'><strong>esse</strong></span> <span class='ocrx_word' id='word_1_19' title='bbox 3086 339 3355 393; x_wconf 86' lang='lat' dir='ltr'><strong>videatur.</strong></span> <span class='ocrx_word' id='word_1_20' title='bbox 3395 335 3463 389; x_wconf 87' lang='lat' dir='ltr'><strong>Et</strong></span> <span class='ocrx_word' id='word_1_21' title='bbox 3490 343 3666 407; x_wconf 81' lang='lat' dir='ltr'><strong>cogito</strong></span> 
     </span>
    </p>
   </div>
   <div class='ocr_carea' id='block_1_5' title="bbox 398 427 1976 502">
    <p class='ocr_par' dir='ltr' id='par_1_5' title="bbox 398 427 1976 502">
     <span class='ocr_line' id='line_1_5' title="bbox 398 427 1976 502; baseline 0.001 -16"><span class='ocrx_word' id='word_1_22' title='bbox 398 445 517 486; x_wconf 78' lang='lat' dir='ltr'><strong>sum</strong></span> <span class='ocrx_word' id='word_1_23' title='bbox 554 443 607 484; x_wconf 93' lang='lat' dir='ltr'><strong>nt</strong></span> <span class='ocrx_word' id='word_1_24' title='bbox 635 432 870 486; x_wconf 78' lang='lat' dir='ltr'><strong>facerem</strong></span> <span class='ocrx_word' id='word_1_25' title='bbox 910 434 982 486; x_wconf 84' lang='lat' dir='ltr'><strong>ei.</strong></span> <span class='ocrx_word' id='word_1_26' title='bbox 1026 450 1042 483; x_wconf 85' lang='lat' dir='ltr'><strong>I</strong></span> <span class='ocrx_word' id='word_1_27' title='bbox 1089 427 1190 486; x_wconf 82' lang='lat' dir='ltr'><strong>Per</strong></span> <span class='ocrx_word' id='word_1_28' title='bbox 1212 448 1400 487; x_wconf 88' lang='lat' dir='ltr'><strong>omnes</strong></span> <span class='ocrx_word' id='word_1_29' title='bbox 1435 434 1651 502; x_wconf 89' lang='lat' dir='ltr'><strong>quidem</strong></span> <span class='ocrx_word' id='word_1_30' title='bbox 1685 449 1878 489; x_wconf 83' lang='lat' dir='ltr'><strong>sensus</strong></span> <span class='ocrx_word' id='word_1_31' title='bbox 1911 433 1976 488; x_wconf 79' lang='lat' dir='ltr'><strong>ad</strong></span> 
     </span>
    </p>
   </div>
   <div class='ocr_carea' id='block_1_6' title="bbox 395 521 1976 594">
    <p class='ocr_par' dir='ltr' id='par_1_6' title="bbox 395 521 1976 594">
     <span class='ocr_line' id='line_1_6' title="bbox 395 521 1976 594; baseline 0.002 -18"><span class='ocrx_word' id='word_1_32' title='bbox 395 521 660 591; x_wconf 80' lang='lat' dir='ltr'><strong>judicium</strong></span> <span class='ocrx_word' id='word_1_33' title='bbox 695 533 747 578; x_wconf 92' lang='lat' dir='ltr'><strong>et</strong></span> <span class='ocrx_word' id='word_1_34' title='bbox 770 524 1180 593; x_wconf 67' lang='lat' dir='ltr'><strong>intelligentiae:</strong></span> <span class='ocrx_word' id='word_1_35' title='bbox 1215 525 1381 577; x_wconf 89' lang='lat' dir='ltr'><strong>animi</strong></span> <span class='ocrx_word' id='word_1_36' title='bbox 1409 527 1742 594; x_wconf 79' lang='lat' dir='ltr'><strong>pervenitur,</strong></span> <span class='ocrx_word' id='word_1_37' title='bbox 1765 527 1976 591; x_wconf 82' lang='lat' dir='ltr'><strong>auditu,</strong></span> 
     </span>
    </p>
   </div>
   <div class='ocr_carea' id='block_1_7' title="bbox 399 615 1978 686">
    <p class='ocr_par' dir='ltr' id='par_1_7' title="bbox 399 615 1978 686">
     <span class='ocr_line' id='line_1_7' title="bbox 399 615 1978 686; baseline 0.003 -20"><span class='ocrx_word' id='word_1_38' title='bbox 399 615 654 677; x_wconf 85' lang='lat' dir='ltr'><strong>odoratu,</strong></span> <span class='ocrx_word' id='word_1_39' title='bbox 686 625 869 684; x_wconf 80' lang='lat' dir='ltr'><strong>gustu,</strong></span> <span class='ocrx_word' id='word_1_40' title='bbox 910 625 1080 676; x_wconf 86' lang='lat' dir='ltr'><strong>tactu,</strong></span> <span class='ocrx_word' id='word_1_41' title='bbox 1115 615 1208 670; x_wconf 89' lang='lat' dir='ltr'><strong>sed</strong></span> <span class='ocrx_word' id='word_1_42' title='bbox 1239 615 1405 686; x_wconf 76' lang='lat'><strong>969</strong></span> <span class='ocrx_word' id='word_1_43' title='bbox 1437 619 1604 684; x_wconf 80' lang='lat' dir='ltr'><strong>magis</strong></span> <span class='ocrx_word' id='word_1_44' title='bbox 1635 627 1814 672; x_wconf 91' lang='lat' dir='ltr'><strong>mente</strong></span> <span class='ocrx_word' id='word_1_45' title='bbox 1845 619 1978 671; x_wconf 66' lang='lat' dir='ltr'><strong>reti-</strong></span> 
     </span>
    </p>
   </div>
   <div class='ocr_carea' id='block_1_8' title="bbox 403 704 1979 776">
    <p class='ocr_par' dir='ltr' id='par_1_8' title="bbox 403 704 1979 776">
     <span class='ocr_line' id='line_1_8' title="bbox 403 704 1979 776; baseline 0.003 -21"><span class='ocrx_word' id='word_1_46' title='bbox 403 712 580 767; x_wconf 88' lang='lat' dir='ltr'><strong>netur,</strong></span> <span class='ocrx_word' id='word_1_47' title='bbox 604 705 743 772; x_wconf 88' lang='lat' dir='ltr'><strong>quod</strong></span> <span class='ocrx_word' id='word_1_48' title='bbox 776 704 951 758; x_wconf 88' lang='lat' dir='ltr'><strong>oculis</strong></span> <span class='ocrx_word' id='word_1_49' title='bbox 980 704 1245 757; x_wconf 88' lang='lat' dir='ltr'><strong>cernitur.</strong></span> <span class='ocrx_word' id='word_1_50' title='bbox 1282 705 1434 760; x_wconf 87' lang='lat' dir='ltr'><strong>Untle</strong></span> <span class='ocrx_word' id='word_1_51' title='bbox 1457 707 1680 774; x_wconf 83' lang='lat' dir='ltr'><strong>jubetur</strong></span> <span class='ocrx_word' id='word_1_52' title='bbox 1709 707 1979 776; x_wconf 84' lang='lat' dir='ltr'><strong>PrOpbeta</strong></span> 
     </span>
    </p>
   </div>
   <div class='ocr_carea' id='block_1_9' title="bbox 403 795 1982 867">
    <p class='ocr_par' dir='ltr' id='par_1_9' title="bbox 403 795 1982 867">
     <span class='ocr_line' id='line_1_9' title="bbox 403 795 1982 867; baseline 0.002 -18"><span class='ocrx_word' id='word_1_53' title='bbox 403 797 469 849; x_wconf 87' lang='lat' dir='ltr'><strong>ad</strong></span> <span class='ocrx_word' id='word_1_54' title='bbox 511 796 727 848; x_wconf 90' lang='lat' dir='ltr'><strong>domum</strong></span> <span class='ocrx_word' id='word_1_55' title='bbox 782 795 932 865; x_wconf 82' lang='lat' dir='ltr'><strong>ﬁguli</strong></span> <span class='ocrx_word' id='word_1_56' title='bbox 988 798 1088 860; x_wconf 85' lang='lat' dir='ltr'><strong>ire,</strong></span> <span class='ocrx_word' id='word_1_57' title='bbox 1125 807 1181 850; x_wconf 90' lang='lat' dir='ltr'><strong>et</strong></span> <span class='ocrx_word' id='word_1_58' title='bbox 1237 797 1308 850; x_wconf 86' lang='lat' dir='ltr'><strong>ibi</strong></span> <span class='ocrx_word' id='word_1_59' title='bbox 1349 797 1558 850; x_wconf 91' lang='lat' dir='ltr'><strong>Domini</strong></span> <span class='ocrx_word' id='word_1_60' title='bbox 1604 798 1794 852; x_wconf 87' lang='lat' dir='ltr'><strong>audire</strong></span> <span class='ocrx_word' id='word_1_61' title='bbox 1847 813 1982 867; x_wconf 73' lang='lat' dir='ltr'><strong>pra:-</strong></span> 
     </span>
    </p>
   </div>
   <div class='ocr_carea' id='block_1_10' title="bbox 401 888 1978 959">
    <p class='ocr_par' dir='ltr' id='par_1_10' title="bbox 401 888 1978 959">
     <span class='ocr_line' id='line_1_10' title="bbox 401 888 1978 959; baseline 0.001 -16"><span class='ocrx_word' id='word_1_62' title='bbox 401 899 578 954; x_wconf 89' lang='lat' dir='ltr'><strong>cepta.</strong></span> <span class='ocrx_word' id='word_1_63' title='bbox 610 888 874 956; x_wconf 87' lang='lat' dir='ltr'><strong>Cumque,</strong></span> <span class='ocrx_word' id='word_1_64' title='bbox 929 889 1030 952; x_wconf 85' lang='lat' dir='ltr'><strong>ait,</strong></span> <span class='ocrx_word' id='word_1_65' title='bbox 1087 891 1444 959; x_wconf 76' lang='lat' dir='ltr'><strong>pcrrexissem</strong></span> <span class='ocrx_word' id='word_1_66' title='bbox 1484 899 1537 944; x_wconf 91' lang='lat' dir='ltr'><strong>et</strong></span> <span class='ocrx_word' id='word_1_67' title='bbox 1577 892 1978 946; x_wconf 87' lang='lat' dir='ltr'><strong>descendissem</strong></span> 
     </span>
    </p>
   </div>
   <div class='ocr_carea' id='block_1_11' title="bbox 403 979 1976 1052">
    <p class='ocr_par' dir='ltr' id='par_1_11' title="bbox 403 979 1976 1052">
     <span class='ocr_line' id='line_1_11' title="bbox 403 979 1976 1052; baseline 0.002 -19"><span class='ocrx_word' id='word_1_68' title='bbox 403 979 456 1033; x_wconf 92' lang='lat' dir='ltr'><strong>in</strong></span> <span class='ocrx_word' id='word_1_69' title='bbox 497 979 714 1033; x_wconf 89' lang='lat' dir='ltr'><strong>domum</strong></span> <span class='ocrx_word' id='word_1_70' title='bbox 743 979 914 1048; x_wconf 83' lang='lat' dir='ltr'><strong>ﬁguli,</strong></span> <span class='ocrx_word' id='word_1_71' title='bbox 966 980 1202 1036; x_wconf 79' lang='lat' dir='ltr'><strong>faciebat</strong></span> <span class='ocrx_word' id='word_1_72' title='bbox 1251 983 1364 1050; x_wconf 88' lang='lat' dir='ltr'><strong>ipse</strong></span> <span class='ocrx_word' id='word_1_73' title='bbox 1409 997 1546 1051; x_wconf 89' lang='lat' dir='ltr'><strong>opus</strong></span> <span class='ocrx_word' id='word_1_74' title='bbox 1587 997 1751 1052; x_wconf 84' lang='lat' dir='ltr'><strong>super</strong></span> <span class='ocrx_word' id='word_1_75' title='bbox 1781 991 1976 1051; x_wconf 88' lang='lat' dir='ltr'><strong>rotam,</strong></span> 
     </span>
    </p>
   </div>
   <div class='ocr_carea' id='block_1_12' title="bbox 404 1069 1980 1140">
    <p class='ocr_par' dir='ltr' id='par_1_12' title="bbox 404 1069 1980 1140">
     <span class='ocr_line' id='line_1_12' title="bbox 404 1069 1980 1140; baseline 0.004 -19"><span class='ocrx_word' id='word_1_76' title='bbox 404 1085 568 1138; x_wconf 80' lang='lat' dir='ltr'><strong>quam</strong></span> <span class='ocrx_word' id='word_1_77' title='bbox 637 1069 778 1123; x_wconf 78' lang='lat' dir='ltr'><strong>LXX</strong></span> <span class='ocrx_word' id='word_1_78' title='bbox 832 1071 981 1125; x_wconf 92' lang='lat' dir='ltr'><strong>verbi</strong></span> <span class='ocrx_word' id='word_1_79' title='bbox 1040 1073 1397 1138; x_wconf 75' lang='lat' dir='ltr'><strong>ambiguitate</strong></span> <span class='ocrx_word' id='word_1_80' title='bbox 1468 1073 1701 1138; x_wconf 86' lang='lat' dir='ltr'><strong>seducti,</strong></span> <span class='ocrx_word' id='word_1_81' title='bbox 1778 1073 1980 1140; x_wconf 83' lang='lat' dir='ltr'><strong>lapides</strong></span> 
     </span>
    </p>
   </div>
   <div class='ocr_carea' id='block_1_13' title="bbox 406 1165 1982 1236">
    <p class='ocr_par' dir='ltr' id='par_1_13' title="bbox 406 1165 1982 1236">
     <span class='ocr_line' id='line_1_13' title="bbox 406 1165 1982 1236; baseline 0.004 -23"><span class='ocrx_word' id='word_1_82' title='bbox 406 1165 819 1230; x_wconf 86' lang='lat' dir='ltr'><strong>transtulerunt,</strong></span> <span class='ocrx_word' id='word_1_83' title='bbox 854 1182 1049 1220; x_wconf 67' lang='lat' dir='ltr'><strong>susum</strong></span> <span class='ocrx_word' id='word_1_84' title='bbox 1088 1168 1303 1235; x_wconf 71' lang='lat' dir='ltr'><strong>(D‘JZLN)</strong></span> <span class='ocrx_word' id='word_1_85' title='bbox 1346 1166 1492 1219; x_wconf 89' lang='lat' dir='ltr'><strong>enim</strong></span> <span class='ocrx_word' id='word_1_86' title='bbox 1543 1181 1648 1235; x_wconf 87' lang='lat' dir='ltr'><strong>pro</strong></span> <span class='ocrx_word' id='word_1_87' title='bbox 1718 1166 1982 1236; x_wconf 84' lang='lat' dir='ltr'><strong>qualitate</strong></span> 
     </span>
    </p>
   </div>
   <div class='ocr_carea' id='block_1_14' title="bbox 404 1252 1981 1326">
    <p class='ocr_par' dir='ltr' id='par_1_14' title="bbox 404 1252 1981 1326">
     <span class='ocr_line' id='line_1_14' title="bbox 404 1252 1981 1326; baseline 0.003 -20"><span class='ocrx_word' id='word_1_88' title='bbox 404 1252 507 1308; x_wconf 87' lang='lat' dir='ltr'><strong>loci</strong></span> <span class='ocrx_word' id='word_1_89' title='bbox 541 1265 593 1308; x_wconf 90' lang='lat' dir='ltr'><strong>et</strong></span> <span class='ocrx_word' id='word_1_90' title='bbox 633 1256 951 1310; x_wconf 77' lang='lat' dir='ltr'><strong>diversitate</strong></span> <span class='ocrx_word' id='word_1_91' title='bbox 993 1257 1474 1326; x_wconf 83' lang='lat' dir='ltr'><strong>pronuntiationis,</strong></span> <span class='ocrx_word' id='word_1_92' title='bbox 1521 1267 1577 1310; x_wconf 89' lang='lat' dir='ltr'><strong>et</strong></span> <span class='ocrx_word' id='word_1_93' title='bbox 1613 1273 1896 1326; x_wconf 80' lang='lat' dir='ltr'><strong>organum,</strong></span> <span class='ocrx_word' id='word_1_94' title='bbox 1932 1257 1981 1310; x_wconf 84' lang='lat' dir='ltr'><strong>id</strong></span> 
     </span>
    </p>
   </div>
   <div class='ocr_carea' id='block_1_15' title="bbox 403 1346 1982 1419">
    <p class='ocr_par' dir='ltr' id='par_1_15' title="bbox 403 1346 1982 1419">
     <span class='ocr_line' id='line_1_15' title="bbox 403 1346 1982 1419; baseline 0.003 -22"><span class='ocrx_word' id='word_1_95' title='bbox 403 1355 504 1410; x_wconf 90' lang='lat' dir='ltr'><strong>est,</strong></span> <span class='ocrx_word' id='word_1_96' title='bbox 531 1355 650 1399; x_wconf 85' lang='lat' dir='ltr'><strong>rota</strong></span> <span class='ocrx_word' id='word_1_97' title='bbox 699 1346 840 1416; x_wconf 82' lang='lat' dir='ltr'><strong>ﬁguli</strong></span> <span class='ocrx_word' id='word_1_98' title='bbox 872 1359 1113 1412; x_wconf 79' lang='lat' dir='ltr'><strong>vocatur,</strong></span> <span class='ocrx_word' id='word_1_99' title='bbox 1143 1358 1197 1402; x_wconf 91' lang='lat' dir='ltr'><strong>et</strong></span> <span class='ocrx_word' id='word_1_100' title='bbox 1222 1349 1451 1417; x_wconf 88' lang='lat' dir='ltr'><strong>lapides.</strong></span> <span class='ocrx_word' id='word_1_101' title='bbox 1493 1349 1757 1417; x_wconf 88' lang='lat' dir='ltr'><strong>Cumque,</strong></span> <span class='ocrx_word' id='word_1_102' title='bbox 1782 1349 1982 1419; x_wconf 91' lang='lat' dir='ltr'><strong>inquit,</strong></span> 
     </span>
    </p>
   </div>
   <div class='ocr_carea' id='block_1_16' title="bbox 404 1439 1982 1510">
    <p class='ocr_par' dir='ltr' id='par_1_16' title="bbox 404 1439 1982 1510">
     <span class='ocr_line' id='line_1_16' title="bbox 404 1439 1982 1510; baseline 0.006 -24"><span class='ocrx_word' id='word_1_103' title='bbox 404 1450 686 1490; x_wconf 84' lang='lat' dir='ltr'><strong>cernerem</strong></span> <span class='ocrx_word' id='word_1_104' title='bbox 741 1453 893 1492; x_wconf 88' lang='lat' dir='ltr'><strong>vase</strong></span> <span class='ocrx_word' id='word_1_105' title='bbox 926 1439 1038 1492; x_wconf 91' lang='lat' dir='ltr'><strong>luto</strong></span> <span class='ocrx_word' id='word_1_106' title='bbox 1092 1441 1228 1502; x_wconf 85' lang='lat' dir='ltr'><strong>ﬁeri,</strong></span> <span class='ocrx_word' id='word_1_107' title='bbox 1286 1442 1466 1498; x_wconf 88' lang='lat' dir='ltr'><strong>subito</strong></span> <span class='ocrx_word' id='word_1_108' title='bbox 1503 1443 1820 1510; x_wconf 90' lang='lat' dir='ltr'><strong>dissipatum</strong></span> <span class='ocrx_word' id='word_1_109' title='bbox 1878 1451 1982 1506; x_wconf 79' lang='lat' dir='ltr'><strong>est,</strong></span> 
     </span>
    </p>
   </div>
   <div class='ocr_carea' id='block_1_17' title="bbox 411 1527 1984 1601">
    <p class='ocr_par' dir='ltr' id='par_1_17' title="bbox 411 1527 1984 1601">
     <span class='ocr_line' id='line_1_17' title="bbox 411 1527 1984 1601; baseline 0.006 -23"><span class='ocrx_word' id='word_1_110' title='bbox 411 1527 513 1580; x_wconf 89' lang='lat' dir='ltr'><strong>hoc</strong></span> <span class='ocrx_word' id='word_1_111' title='bbox 543 1529 634 1582; x_wconf 87' lang='lat' dir='ltr'><strong>Dei</strong></span> <span class='ocrx_word' id='word_1_112' title='bbox 670 1537 866 1598; x_wconf 78' lang='lat' dir='ltr'><strong>agente</strong></span> <span class='ocrx_word' id='word_1_113' title='bbox 903 1532 1268 1601; x_wconf 81' lang='lat' dir='ltr'><strong>providentia,</strong></span> <span class='ocrx_word' id='word_1_114' title='bbox 1298 1544 1354 1587; x_wconf 92' lang='lat' dir='ltr'><strong>ut</strong></span> <span class='ocrx_word' id='word_1_115' title='bbox 1390 1549 1580 1588; x_wconf 88' lang='lat' dir='ltr'><strong>manus</strong></span> <span class='ocrx_word' id='word_1_116' title='bbox 1603 1535 1829 1588; x_wconf 87' lang='lat' dir='ltr'><strong>artiﬁcis</strong></span> <span class='ocrx_word' id='word_1_117' title='bbox 1855 1533 1984 1588; x_wconf 87' lang='lat' dir='ltr'><strong>dum</strong></span> 
     </span>
    </p>
   </div>
   <div class='ocr_carea' id='block_1_18' title="bbox 411 1618 1988 1696">
    <p class='ocr_par' dir='ltr' id='par_1_18' title="bbox 411 1618 1988 1696">
     <span class='ocr_line' id='line_1_18' title="bbox 411 1618 1988 1696; baseline 0.006 -27"><span class='ocrx_word' id='word_1_118' title='bbox 411 1618 672 1682; x_wconf 72' lang='lat' dir='ltr'><strong>nesciret,</strong></span> <span class='ocrx_word' id='word_1_119' title='bbox 698 1635 884 1677; x_wconf 89' lang='lat' dir='ltr'><strong>errore</strong></span> <span class='ocrx_word' id='word_1_120' title='bbox 917 1637 1017 1677; x_wconf 83' lang='lat' dir='ltr'><strong>suo</strong></span> <span class='ocrx_word' id='word_1_121' title='bbox 1044 1625 1356 1693; x_wconf 87' lang='lat' dir='ltr'><strong>parabolam</strong></span> <span class='ocrx_word' id='word_1_122' title='bbox 1404 1625 1682 1696; x_wconf 73' lang='lat' dir='ltr'><strong>ﬁguraret.</strong></span> <span class='ocrx_word' id='word_1_123' title='bbox 1721 1626 1988 1680; x_wconf 80' lang='lat' dir='ltr'><strong>Rursum-</strong></span> 
     </span>
    </p>
   </div>
   <div class='ocr_carea' id='block_1_19' title="bbox 406 1706 1985 1788">
    <p class='ocr_par' dir='ltr' id='par_1_19' title="bbox 406 1706 1985 1788">
     <span class='ocr_line' id='line_1_19' title="bbox 406 1706 1985 1788; baseline 0.009 -30"><span class='ocrx_word' id='word_1_124' title='bbox 406 1724 514 1775; x_wconf 88' lang='lat' dir='ltr'><strong>que</strong></span> <span class='ocrx_word' id='word_1_125' title='bbox 538 1711 628 1764; x_wconf 93' lang='lat' dir='ltr'><strong>ille</strong></span> <span class='ocrx_word' id='word_1_126' title='bbox 653 1711 869 1781; x_wconf 81' lang='lat' dir='ltr'><strong>ﬁgulus,</strong></span> <span class='ocrx_word' id='word_1_127' title='bbox 905 1716 996 1784; x_wconf 85' lang='lat' dir='ltr'><strong>qui</strong></span> <span class='ocrx_word' id='word_1_128' title='bbox 1025 1732 1120 1773; x_wconf 88' lang='lat' dir='ltr'><strong>vas</strong></span> <span class='ocrx_word' id='word_1_129' title='bbox 1140 1733 1169 1773; x_wconf 89' lang='lat' dir='ltr'><strong>e</strong></span> <span class='ocrx_word' id='word_1_130' title='bbox 1202 1717 1338 1783; x_wconf 88' lang='lat' dir='ltr'><strong>luto,</strong></span> <span class='ocrx_word' id='word_1_131' title='bbox 1364 1731 1480 1774; x_wconf 89' lang='lat' dir='ltr'><strong>rota</strong></span> <span class='ocrx_word' id='word_1_132' title='bbox 1501 1706 1780 1786; x_wconf 86' lang='lat' dir='ltr'><strong>currente,</strong></span> <span class='ocrx_word' id='word_1_133' title='bbox 1801 1719 1985 1788; x_wconf 87' lang='lat' dir='ltr'><strong>perdi-</strong></span> 
     </span>
    </p>
   </div>
   <div class='ocr_carea' id='block_1_20' title="bbox 405 1799 1986 1881">
    <p class='ocr_par' dir='ltr' id='par_1_20' title="bbox 405 1799 1986 1881">
     <span class='ocr_line' id='line_1_20' title="bbox 405 1799 1986 1881; baseline 0.011 -30"><span class='ocrx_word' id='word_1_134' title='bbox 405 1799 581 1868; x_wconf 84' lang='lat' dir='ltr'><strong>derat,</strong></span> <span class='ocrx_word' id='word_1_135' title='bbox 616 1804 743 1860; x_wconf 79' lang='lat' dir='ltr'><strong>fecit</strong></span> <span class='ocrx_word' id='word_1_136' title='bbox 796 1807 940 1861; x_wconf 88' lang='lat' dir='ltr'><strong>aliud</strong></span> <span class='ocrx_word' id='word_1_137' title='bbox 983 1809 1084 1862; x_wconf 88' lang='lat' dir='ltr'><strong>sibi</strong></span> <span class='ocrx_word' id='word_1_138' title='bbox 1139 1820 1199 1864; x_wconf 89' lang='lat' dir='ltr'><strong>ut</strong></span> <span class='ocrx_word' id='word_1_139' title='bbox 1233 1811 1282 1864; x_wconf 91' lang='lat' dir='ltr'><strong>ei</strong></span> <span class='ocrx_word' id='word_1_140' title='bbox 1314 1812 1490 1866; x_wconf 88' lang='lat' dir='ltr'><strong>visum</strong></span> <span class='ocrx_word' id='word_1_141' title='bbox 1530 1821 1636 1866; x_wconf 87' lang='lat' dir='ltr'><strong>cst.</strong></span> <span class='ocrx_word' id='word_1_142' title='bbox 1675 1812 1986 1881; x_wconf 83' lang='lat' dir='ltr'><strong>Statimque</strong></span> 
     </span>
    </p>
   </div>
   <div class='ocr_carea' id='block_1_21' title="bbox 413 1894 1989 1970">
    <p class='ocr_par' dir='ltr' id='par_1_21' title="bbox 413 1894 1989 1970">
     <span class='ocr_line' id='line_1_21' title="bbox 413 1894 1989 1970; baseline 0.007 -27"><span class='ocrx_word' id='word_1_143' title='bbox 413 1894 670 1949; x_wconf 91' lang='lat' dir='ltr'><strong>Dominus</strong></span> <span class='ocrx_word' id='word_1_144' title='bbox 701 1897 767 1950; x_wconf 89' lang='lat' dir='ltr'><strong>ad</strong></span> <span class='ocrx_word' id='word_1_145' title='bbox 794 1897 1117 1968; x_wconf 83' lang='lat' dir='ltr'><strong>Prophetam</strong></span> <span class='ocrx_word' id='word_1_146' title='bbox 1148 1916 1162 1954; x_wconf 84' lang='lat'>:</span> <span class='ocrx_word' id='word_1_147' title='bbox 1195 1900 1250 1954; x_wconf 92' lang='lat' dir='ltr'><strong>Si</strong></span> <span class='ocrx_word' id='word_1_148' title='bbox 1285 1901 1500 1970; x_wconf 80' lang='lat' dir='ltr'><strong>ﬁgulus,</strong></span> <span class='ocrx_word' id='word_1_149' title='bbox 1532 1905 1627 1966; x_wconf 85' lang='lat' dir='ltr'><strong>ait,</strong></span> <span class='ocrx_word' id='word_1_150' title='bbox 1655 1906 1794 1957; x_wconf 87' lang='lat' dir='ltr'><strong>bane</strong></span> <span class='ocrx_word' id='word_1_151' title='bbox 1827 1902 1989 1956; x_wconf 83' lang='lat' dir='ltr'><strong>habet</strong></span> 
     </span>
    </p>
   </div>
   <div class='ocr_carea' id='block_1_22' title="bbox 411 1993 1987 2063">
    <p class='ocr_par' dir='ltr' id='par_1_22' title="bbox 411 1993 1987 2063">
     <span class='ocr_line' id='line_1_22' title="bbox 411 1993 1987 2063; baseline 0.011 -31"><span class='ocrx_word' id='word_1_152' title='bbox 411 1993 756 2051; x_wconf 85' lang='lat' dir='ltr'><strong>potestatem,</strong></span> <span class='ocrx_word' id='word_1_153' title='bbox 793 1999 849 2041; x_wconf 91' lang='lat' dir='ltr'><strong>ut</strong></span> <span class='ocrx_word' id='word_1_154' title='bbox 885 2007 952 2043; x_wconf 81' lang='lat' dir='ltr'><strong>ex</strong></span> <span class='ocrx_word' id='word_1_155' title='bbox 983 1993 1175 2045; x_wconf 87' lang='lat' dir='ltr'><strong>eodem</strong></span> <span class='ocrx_word' id='word_1_156' title='bbox 1216 1993 1325 2047; x_wconf 89' lang='lat' dir='ltr'><strong>luto</strong></span> <span class='ocrx_word' id='word_1_157' title='bbox 1357 2010 1574 2047; x_wconf 85' lang='lat' dir='ltr'><strong>rursum</strong></span> <span class='ocrx_word' id='word_1_158' title='bbox 1627 1994 1789 2048; x_wconf 82' lang='lat' dir='ltr'><strong>faciat</strong></span> <span class='ocrx_word' id='word_1_159' title='bbox 1843 1995 1987 2063; x_wconf 88' lang='lat' dir='ltr'><strong>quod</strong></span> 
     </span>
    </p>
   </div>
   <div class='ocr_carea' id='block_1_23' title="bbox 413 2074 1988 2156">
    <p class='ocr_par' dir='ltr' id='par_1_23' title="bbox 413 2074 1988 2156">
     <span class='ocr_line' id='line_1_23' title="bbox 413 2074 1988 2156; baseline 0.011 -34"><span class='ocrx_word' id='word_1_160' title='bbox 413 2074 577 2126; x_wconf 88' lang='lat' dir='ltr'><strong>t&#39;nerit</strong></span> <span class='ocrx_word' id='word_1_161' title='bbox 617 2075 942 2146; x_wconf 86' lang='lat' dir='ltr'><strong>dissipatum</strong></span> <span class='ocrx_word' id='word_1_162' title='bbox 981 2119 998 2144; x_wconf 92' lang='lat'><strong>,</strong></span> <span class='ocrx_word' id='word_1_163' title='bbox 1029 2096 1128 2151; x_wconf 77' lang='lat' dir='ltr'><strong>ego</strong></span> <span class='ocrx_word' id='word_1_164' title='bbox 1179 2085 1229 2135; x_wconf 91' lang='lat' dir='ltr'><strong>in</strong></span> <span class='ocrx_word' id='word_1_165' title='bbox 1284 2085 1458 2145; x_wconf 88' lang='lat' dir='ltr'><strong>vobis.</strong></span> <span class='ocrx_word' id='word_1_166' title='bbox 1492 2085 1584 2153; x_wconf 90' lang='lat' dir='ltr'><strong>qui</strong></span> <span class='ocrx_word' id='word_1_167' title='bbox 1633 2096 1895 2156; x_wconf 86' lang='lat' dir='ltr'><strong>quantum</strong></span> <span class='ocrx_word' id='word_1_168' title='bbox 1935 2086 1988 2139; x_wconf 90' lang='lat' dir='ltr'><strong>in</strong></span> 
     </span>
    </p>
   </div>
   <div class='ocr_carea' id='block_1_24' title="bbox 417 2165 1991 2247">
    <p class='ocr_par' dir='ltr' id='par_1_24' title="bbox 417 2165 1991 2247">
     <span class='ocr_line' id='line_1_24' title="bbox 417 2165 1991 2247; baseline 0.01 -33"><span class='ocrx_word' id='word_1_169' title='bbox 417 2165 569 2218; x_wconf 88' lang='lat' dir='ltr'><strong>vobis</strong></span> <span class='ocrx_word' id='word_1_170' title='bbox 595 2175 696 2228; x_wconf 89' lang='lat' dir='ltr'><strong>est,</strong></span> <span class='ocrx_word' id='word_1_171' title='bbox 723 2168 952 2235; x_wconf 84' lang='lat' dir='ltr'><strong>periisse</strong></span> <span class='ocrx_word' id='word_1_172' title='bbox 975 2173 1252 2241; x_wconf 86' lang='lat' dir='ltr'><strong>videmini,</strong></span> <span class='ocrx_word' id='word_1_173' title='bbox 1283 2176 1382 2229; x_wconf 91' lang='lat' dir='ltr'><strong>hoc</strong></span> <span class='ocrx_word' id='word_1_174' title='bbox 1405 2175 1584 2231; x_wconf 80' lang='lat' dir='ltr'><strong>facere</strong></span> <span class='ocrx_word' id='word_1_175' title='bbox 1620 2192 1722 2229; x_wconf 92' lang='lat' dir='ltr'><strong>non</strong></span> <span class='ocrx_word' id='word_1_176' title='bbox 1761 2177 1991 2247; x_wconf 86' lang='lat' dir='ltr'><strong>potero?</strong></span> 
     </span>
    </p>
   </div>
   <div class='ocr_carea' id='block_1_25' title="bbox 415 2253 1992 2330">
    <p class='ocr_par' dir='ltr' id='par_1_25' title="bbox 415 2253 1992 2330">
     <span class='ocr_line' id='line_1_25' title="bbox 415 2253 1992 2330; baseline 0.01 -25"><span class='ocrx_word' id='word_1_177' title='bbox 415 2253 479 2306; x_wconf 80' lang='lat' dir='ltr'><strong>Et</strong></span> <span class='ocrx_word' id='word_1_178' title='bbox 517 2265 575 2309; x_wconf 92' lang='lat' dir='ltr'><strong>ut</strong></span> <span class='ocrx_word' id='word_1_179' title='bbox 613 2257 844 2312; x_wconf 87' lang='lat' dir='ltr'><strong>liberum</strong></span> <span class='ocrx_word' id='word_1_180' title='bbox 897 2261 1235 2328; x_wconf 65' lang='lat' dir='ltr'><strong>signiﬁcaret</strong></span> <span class='ocrx_word' id='word_1_181' title='bbox 1284 2266 1599 2330; x_wconf 85' lang='lat' dir='ltr'><strong>arbitrium,</strong></span> <span class='ocrx_word' id='word_1_182' title='bbox 1653 2267 1784 2320; x_wconf 81' lang='lat' dir='ltr'><strong>dicit</strong></span> <span class='ocrx_word' id='word_1_183' title='bbox 1829 2281 1886 2319; x_wconf 91' lang='lat' dir='ltr'><strong>se</strong></span> <span class='ocrx_word' id='word_1_184' title='bbox 1937 2274 1992 2320; x_wconf 88' lang='lat' dir='ltr'><strong>et</strong></span> 
     </span>
    </p>
   </div>
   <div class='ocr_carea' id='block_1_26' title="bbox 416 2349 1993 2426">
    <p class='ocr_par' dir='ltr' id='par_1_26' title="bbox 416 2349 1993 2426">
     <span class='ocr_line' id='line_1_26' title="bbox 416 2349 1993 2426; baseline 0.008 -28"><span class='ocrx_word' id='word_1_185' title='bbox 416 2349 556 2401; x_wconf 84' lang='lat' dir='ltr'><strong>mala</strong></span> <span class='ocrx_word' id='word_1_186' title='bbox 614 2353 946 2405; x_wconf 85' lang='lat' dir='ltr'><strong>annuntiare</strong></span> <span class='ocrx_word' id='word_1_187' title='bbox 998 2357 1141 2421; x_wconf 79' lang='lat' dir='ltr'><strong>genti</strong></span> <span class='ocrx_word' id='word_1_188' title='bbox 1197 2364 1250 2409; x_wconf 91' lang='lat' dir='ltr'><strong>et</strong></span> <span class='ocrx_word' id='word_1_189' title='bbox 1305 2371 1472 2426; x_wconf 83' lang='lat' dir='ltr'><strong>regno</strong></span> <span class='ocrx_word' id='word_1_190' title='bbox 1506 2357 1606 2423; x_wconf 90' lang='lat' dir='ltr'><strong>illi,</strong></span> <span class='ocrx_word' id='word_1_191' title='bbox 1657 2359 1736 2411; x_wconf 90' lang='lat' dir='ltr'><strong>vel</strong></span> <span class='ocrx_word' id='word_1_192' title='bbox 1777 2359 1886 2426; x_wconf 86' lang='lat' dir='ltr'><strong>illi;</strong></span> <span class='ocrx_word' id='word_1_193' title='bbox 1939 2369 1993 2411; x_wconf 78' lang='lat' dir='ltr'><strong>et</strong></span> 
     </span>
    </p>
   </div>
   <div class='ocr_carea' id='block_1_27' title="bbox 416 2441 1992 2519">
    <p class='ocr_par' dir='ltr' id='par_1_27' title="bbox 416 2441 1992 2519">
     <span class='ocr_line' id='line_1_27' title="bbox 416 2441 1992 2519; baseline 0.008 -29"><span class='ocrx_word' id='word_1_194' title='bbox 416 2454 629 2494; x_wconf 88' lang='lat' dir='ltr'><strong>rursum</strong></span> <span class='ocrx_word' id='word_1_195' title='bbox 690 2441 828 2496; x_wconf 87' lang='lat' dir='ltr'><strong>bona</strong></span> <span class='ocrx_word' id='word_1_196' title='bbox 877 2459 891 2498; x_wconf 89' lang='lat'>:</span> <span class='ocrx_word' id='word_1_197' title='bbox 926 2461 1025 2498; x_wconf 90' lang='lat' dir='ltr'><strong>nec</strong></span> <span class='ocrx_word' id='word_1_198' title='bbox 1059 2457 1238 2501; x_wconf 77' lang='lat' dir='ltr'><strong>tamen</strong></span> <span class='ocrx_word' id='word_1_199' title='bbox 1291 2447 1393 2503; x_wconf 90' lang='lat' dir='ltr'><strong>hoc</strong></span> <span class='ocrx_word' id='word_1_200' title='bbox 1445 2451 1663 2504; x_wconf 87' lang='lat' dir='ltr'><strong>evenire</strong></span> <span class='ocrx_word' id='word_1_201' title='bbox 1699 2454 1843 2519; x_wconf 88' lang='lat' dir='ltr'><strong>quod</strong></span> <span class='ocrx_word' id='word_1_202' title='bbox 1880 2452 1992 2518; x_wconf 89' lang='lat' dir='ltr'><strong>ipse</strong></span> 
     </span>
    </p>
   </div>
   <div class='ocr_carea' id='block_1_28' title="bbox 417 2531 1991 2598">
    <p class='ocr_par' dir='ltr' id='par_1_28' title="bbox 417 2531 1991 2598">
     <span class='ocr_line' id='line_1_28' title="bbox 417 2531 1991 2598; baseline 0.011 -20"><span class='ocrx_word' id='word_1_203' title='bbox 417 2531 764 2598; x_wconf 76' lang='lat' dir='ltr'><strong>pra:dixerit;</strong></span> <span class='ocrx_word' id='word_1_204' title='bbox 805 2538 898 2589; x_wconf 86' lang='lat' dir='ltr'><strong>sed</strong></span> <span class='ocrx_word' id='word_1_205' title='bbox 924 2551 953 2590; x_wconf 90' lang='lat' dir='ltr'><strong>e</strong></span> <span class='ocrx_word' id='word_1_206' title='bbox 983 2540 1259 2594; x_wconf 91' lang='lat' dir='ltr'><strong>contrario</strong></span> <span class='ocrx_word' id='word_1_207' title='bbox 1299 2540 1412 2594; x_wconf 87' lang='lat' dir='ltr'><strong>ﬁeri</strong></span> <span class='ocrx_word' id='word_1_208' title='bbox 1478 2550 1537 2594; x_wconf 89' lang='lat' dir='ltr'><strong>ut</strong></span> <span class='ocrx_word' id='word_1_209' title='bbox 1570 2552 1625 2596; x_wconf 90' lang='lat' dir='ltr'><strong>et</strong></span> <span class='ocrx_word' id='word_1_210' title='bbox 1669 2542 1806 2596; x_wconf 88' lang='lat' dir='ltr'><strong>bona</strong></span> <span class='ocrx_word' id='word_1_211' title='bbox 1835 2541 1991 2595; x_wconf 73' lang='lat' dir='ltr'><strong>tttnlls</strong></span> 
     </span>
    </p>
   </div>
   <div class='ocr_carea' id='block_1_29' title="bbox 417 2625 1990 2701">
    <p class='ocr_par' dir='ltr' id='par_1_29' title="bbox 417 2625 1990 2701">
     <span class='ocr_line' id='line_1_29' title="bbox 417 2625 1990 2701; baseline 0.007 -25"><span class='ocrx_word' id='word_1_212' title='bbox 417 2625 691 2690; x_wconf 88' lang='lat' dir='ltr'><strong>eveniant,</strong></span> <span class='ocrx_word' id='word_1_213' title='bbox 725 2627 771 2680; x_wconf 90' lang='lat' dir='ltr'><strong>si</strong></span> <span class='ocrx_word' id='word_1_214' title='bbox 795 2629 1008 2698; x_wconf 82' lang='lat' dir='ltr'><strong>egerint</strong></span> <span class='ocrx_word' id='word_1_215' title='bbox 1039 2632 1444 2698; x_wconf 72' lang='lat' dir='ltr'><strong>paenitentiam,</strong></span> <span class='ocrx_word' id='word_1_216' title='bbox 1480 2643 1535 2687; x_wconf 90' lang='lat' dir='ltr'><strong>et</strong></span> <span class='ocrx_word' id='word_1_217' title='bbox 1567 2633 1722 2688; x_wconf 89' lang='lat' dir='ltr'><strong>bonis</strong></span> <span class='ocrx_word' id='word_1_218' title='bbox 1750 2633 1912 2701; x_wconf 87' lang='lat' dir='ltr'><strong>mala,</strong></span> <span class='ocrx_word' id='word_1_219' title='bbox 1945 2636 1990 2689; x_wconf 91' lang='lat' dir='ltr'><strong>si</strong></span> 
     </span>
    </p>
   </div>
   <div class='ocr_carea' id='block_1_30' title="bbox 418 2721 1993 2792">
    <p class='ocr_par' dir='ltr' id='par_1_30' title="bbox 418 2721 1993 2792">
     <span class='ocr_line' id='line_1_30' title="bbox 418 2721 1993 2792; baseline 0.008 -24"><span class='ocrx_word' id='word_1_220' title='bbox 418 2729 536 2784; x_wconf 88' lang='lat' dir='ltr'><strong>post</strong></span> <span class='ocrx_word' id='word_1_221' title='bbox 575 2721 1024 2787; x_wconf 86' lang='lat' dir='ltr'><strong>repromissiones</strong></span> <span class='ocrx_word' id='word_1_222' title='bbox 1051 2723 1257 2778; x_wconf 83' lang='lat' dir='ltr'><strong>l‘uerint</strong></span> <span class='ocrx_word' id='word_1_223' title='bbox 1289 2727 1355 2778; x_wconf 87' lang='lat' dir='ltr'><strong>ad</strong></span> <span class='ocrx_word' id='word_1_224' title='bbox 1390 2736 1608 2792; x_wconf 90' lang='lat' dir='ltr'><strong>peccata</strong></span> <span class='ocrx_word' id='word_1_225' title='bbox 1627 2727 1895 2781; x_wconf 85' lang='lat' dir='ltr'><strong>conversi.</strong></span> <span class='ocrx_word' id='word_1_226' title='bbox 1928 2727 1993 2780; x_wconf 77' lang='lat' dir='ltr'><strong>Et</strong></span> 
     </span>
    </p>
   </div>
   <div class='ocr_carea' id='block_1_31' title="bbox 421 2809 1990 2885">
    <p class='ocr_par' dir='ltr' id='par_1_31' title="bbox 421 2809 1990 2885">
     <span class='ocr_line' id='line_1_31' title="bbox 421 2809 1990 2885; baseline 0.008 -26"><span class='ocrx_word' id='word_1_227' title='bbox 421 2809 523 2862; x_wconf 90' lang='lat' dir='ltr'><strong>hoc</strong></span> <span class='ocrx_word' id='word_1_228' title='bbox 556 2809 808 2876; x_wconf 87' lang='lat' dir='ltr'><strong>dicimus,</strong></span> <span class='ocrx_word' id='word_1_229' title='bbox 840 2827 946 2865; x_wconf 92' lang='lat' dir='ltr'><strong>non</strong></span> <span class='ocrx_word' id='word_1_230' title='bbox 977 2815 1119 2882; x_wconf 89' lang='lat' dir='ltr'><strong>quod</strong></span> <span class='ocrx_word' id='word_1_231' title='bbox 1152 2814 1363 2885; x_wconf 82' lang='lat' dir='ltr'><strong>ignoret</strong></span> <span class='ocrx_word' id='word_1_232' title='bbox 1404 2815 1549 2873; x_wconf 85' lang='lat' dir='ltr'><strong>Deus</strong></span> <span class='ocrx_word' id='word_1_233' title='bbox 1591 2819 1692 2872; x_wconf 91' lang='lat' dir='ltr'><strong>hoc</strong></span> <span class='ocrx_word' id='word_1_234' title='bbox 1726 2819 1811 2873; x_wconf 87' lang='lat' dir='ltr'><strong>vel</strong></span> <span class='ocrx_word' id='word_1_235' title='bbox 1839 2819 1990 2884; x_wconf 90' lang='lat' dir='ltr'><strong>illud,</strong></span> 
     </span>
    </p>
   </div>
   <div class='ocr_carea' id='block_1_32' title="bbox 420 2905 1993 2981">
    <p class='ocr_par' dir='ltr' id='par_1_32' title="bbox 420 2905 1993 2981">
     <span class='ocr_line' id='line_1_32' title="bbox 420 2905 1993 2981; baseline 0.01 -31"><span class='ocrx_word' id='word_1_236' title='bbox 420 2909 635 2962; x_wconf 67' lang='lat' dir='ltr'><strong>gentem</strong></span> <span class='ocrx_word' id='word_1_237' title='bbox 700 2913 793 2956; x_wconf 87' lang='lat' dir='ltr'><strong>aut</strong></span> <span class='ocrx_word' id='word_1_238' title='bbox 851 2919 1078 2981; x_wconf 73' lang='lat' dir='ltr'><strong>regnum</strong></span> <span class='ocrx_word' id='word_1_239' title='bbox 1111 2921 1232 2960; x_wconf 81' lang='lat' dir='ltr'><strong>esse</strong></span> <span class='ocrx_word' id='word_1_240' title='bbox 1285 2905 1581 2974; x_wconf 82' lang='lat' dir='ltr'><strong>facturum,</strong></span> <span class='ocrx_word' id='word_1_241' title='bbox 1615 2911 1709 2964; x_wconf 83' lang='lat' dir='ltr'><strong>sed</strong></span> <span class='ocrx_word' id='word_1_242' title='bbox 1736 2912 1878 2979; x_wconf 89' lang='lat' dir='ltr'><strong>quod</strong></span> <span class='ocrx_word' id='word_1_243' title='bbox 1908 2911 1993 2965; x_wconf 89' lang='lat' dir='ltr'><strong>di-</strong></span> 
     </span>
    </p>
   </div>
   <div class='ocr_carea' id='block_1_33' title="bbox 421 2990 2064 3075">
    <p class='ocr_par' dir='ltr' id='par_1_33' title="bbox 421 2990 2064 3075">
     <span class='ocr_line' id='line_1_33' title="bbox 421 2990 2064 3075; baseline 0.006 -31"><span class='ocrx_word' id='word_1_244' title='bbox 421 2992 601 3044; x_wconf 79' lang='lat' dir='ltr'><strong>mittat</strong></span> <span class='ocrx_word' id='word_1_245' title='bbox 634 2993 909 3047; x_wconf 87' lang='lat' dir='ltr'><strong>hominem</strong></span> <span class='ocrx_word' id='word_1_246' title='bbox 945 2990 1208 3049; x_wconf 81' lang='lat' dir='ltr'><strong>voluntati</strong></span> <span class='ocrx_word' id='word_1_247' title='bbox 1243 3013 1380 3064; x_wconf 71' lang='lat' dir='ltr'><strong>suae,</strong></span> <span class='ocrx_word' id='word_1_248' title='bbox 1417 3009 1472 3052; x_wconf 91' lang='lat' dir='ltr'><strong>ut</strong></span> <span class='ocrx_word' id='word_1_249' title='bbox 1509 3001 1594 3054; x_wconf 91' lang='lat' dir='ltr'><strong>vel</strong></span> <span class='ocrx_word' id='word_1_250' title='bbox 1629 3003 1873 3070; x_wconf 66' lang='lat' dir='ltr'><strong>praemia,</strong></span> <span class='ocrx_word' id='word_1_251' title='bbox 1913 3001 1992 3058; x_wconf 90' lang='lat' dir='ltr'><strong>vel</strong></span> <span class='ocrx_word' id='word_1_252' title='bbox 2023 3017 2064 3075; x_wconf 71' lang='grc' dir='ltr'><strong>ρ</strong></span> 
     </span>
    </p>
   </div>
   <div class='ocr_carea' id='block_1_34' title="bbox 421 3085 1999 3161">
    <p class='ocr_par' dir='ltr' id='par_1_34' title="bbox 421 3085 1999 3161">
     <span class='ocr_line' id='line_1_34' title="bbox 421 3085 1999 3161; baseline 0.009 -25"><span class='ocrx_word' id='word_1_253' title='bbox 421 3098 611 3152; x_wconf 78' lang='lat' dir='ltr'><strong>ptenas</strong></span> <span class='ocrx_word' id='word_1_254' title='bbox 642 3099 734 3138; x_wconf 86' lang='lat' dir='ltr'><strong>sua</strong></span> <span class='ocrx_word' id='word_1_255' title='bbox 773 3085 1052 3140; x_wconf 82' lang='lat' dir='ltr'><strong>voluntate</strong></span> <span class='ocrx_word' id='word_1_256' title='bbox 1091 3097 1147 3142; x_wconf 92' lang='lat' dir='ltr'><strong>et</strong></span> <span class='ocrx_word' id='word_1_257' title='bbox 1190 3104 1290 3143; x_wconf 91' lang='lat' dir='ltr'><strong>suo</strong></span> <span class='ocrx_word' id='word_1_258' title='bbox 1335 3091 1533 3146; x_wconf 86' lang='lat' dir='ltr'><strong>merito</strong></span> <span class='ocrx_word' id='word_1_259' title='bbox 1587 3094 1834 3161; x_wconf 82' lang='lat' dir='ltr'><strong>recipiat.</strong></span> <span class='ocrx_word' id='word_1_260' title='bbox 1885 3092 1999 3150; x_wconf 82' lang='lat' dir='ltr'><strong>Nec</strong></span> 
     </span>
    </p>
   </div>
   <div class='ocr_carea' id='block_1_35' title="bbox 423 3179 2002 3254">
    <p class='ocr_par' dir='ltr' id='par_1_35' title="bbox 423 3179 2002 3254">
     <span class='ocr_line' id='line_1_35' title="bbox 423 3179 2002 3254; baseline 0.007 -27"><span class='ocrx_word' id='word_1_261' title='bbox 423 3179 608 3228; x_wconf 84' lang='lat' dir='ltr'><strong>statim</strong></span> <span class='ocrx_word' id='word_1_262' title='bbox 651 3187 825 3231; x_wconf 83' lang='lat' dir='ltr'><strong>telum</strong></span> <span class='ocrx_word' id='word_1_263' title='bbox 874 3179 981 3232; x_wconf 87' lang='lat' dir='ltr'><strong>erit</strong></span> <span class='ocrx_word' id='word_1_264' title='bbox 1009 3181 1248 3236; x_wconf 86' lang='lat' dir='ltr'><strong>hominis</strong></span> <span class='ocrx_word' id='word_1_265' title='bbox 1273 3184 1416 3252; x_wconf 90' lang='lat' dir='ltr'><strong>quod</strong></span> <span class='ocrx_word' id='word_1_266' title='bbox 1457 3185 1708 3251; x_wconf 84' lang='lat' dir='ltr'><strong>eveniet;</strong></span> <span class='ocrx_word' id='word_1_267' title='bbox 1759 3186 1851 3240; x_wconf 91' lang='lat' dir='ltr'><strong>sed</strong></span> <span class='ocrx_word' id='word_1_268' title='bbox 1883 3187 2002 3254; x_wconf 90' lang='lat' dir='ltr'><strong>ejus</strong></span> 
     </span>
    </p>
   </div>
   <div class='ocr_carea' id='block_1_36' title="bbox 425 3271 2001 3346">
    <p class='ocr_par' dir='ltr' id='par_1_36' title="bbox 425 3271 2001 3346">
     <span class='ocr_line' id='line_1_36' title="bbox 425 3271 2001 3346; baseline 0.009 -25"><span class='ocrx_word' id='word_1_269' title='bbox 425 3271 615 3334; x_wconf 70' lang='lat' dir='ltr'><strong>gratia:</strong></span> <span class='ocrx_word' id='word_1_270' title='bbox 649 3272 741 3342; x_wconf 88' lang='lat' dir='ltr'><strong>qui</strong></span> <span class='ocrx_word' id='word_1_271' title='bbox 788 3284 981 3329; x_wconf 84' lang='lat' dir='ltr'><strong>cuncta</strong></span> <span class='ocrx_word' id='word_1_272' title='bbox 1035 3277 1263 3346; x_wconf 77' lang='lat' dir='ltr'><strong>largitus</strong></span> <span class='ocrx_word' id='word_1_273' title='bbox 1307 3290 1390 3333; x_wconf 88' lang='lat' dir='ltr'><strong>est</strong></span> <span class='ocrx_word' id='word_1_274' title='bbox 1425 3283 1440 3308; x_wconf 85' lang='lat'><strong><em>‘</em></strong></span> <span class='ocrx_word' id='word_1_275' title='bbox 1477 3279 1550 3334; x_wconf 87' lang='lat' dir='ltr'><strong>ita</strong></span> <span class='ocrx_word' id='word_1_276' title='bbox 1603 3280 1747 3334; x_wconf 88' lang='lat' dir='ltr'><strong>enim</strong></span> <span class='ocrx_word' id='word_1_277' title='bbox 1782 3281 2001 3335; x_wconf 88' lang='lat' dir='ltr'><strong>libertas</strong></span> 
     </span>
    </p>
   </div>
   <div class='ocr_carea' id='block_1_37' title="bbox 423 3361 2002 3443">
    <p class='ocr_par' dir='ltr' id='par_1_37' title="bbox 423 3361 2002 3443">
     <span class='ocr_line' id='line_1_37' title="bbox 423 3361 2002 3443; baseline 0.006 -32"><span class='ocrx_word' id='word_1_278' title='bbox 423 3361 636 3443; x_wconf 80' lang='lat' dir='ltr'><strong>arbitrii</strong></span> <span class='ocrx_word' id='word_1_279' title='bbox 699 3367 1026 3419; x_wconf 85' lang='lat' dir='ltr'><strong>reservanda</strong></span> <span class='ocrx_word' id='word_1_280' title='bbox 1086 3376 1188 3434; x_wconf 89' lang='lat' dir='ltr'><strong>est,</strong></span> <span class='ocrx_word' id='word_1_281' title='bbox 1252 3369 1396 3423; x_wconf 86' lang='lat' dir='ltr'><strong>utin</strong></span> <span class='ocrx_word' id='word_1_282' title='bbox 1457 3370 1713 3423; x_wconf 90' lang='lat' dir='ltr'><strong>omnibus</strong></span> <span class='ocrx_word' id='word_1_283' title='bbox 1770 3368 2002 3424; x_wconf 81' lang='lat' dir='ltr'><strong>excellat</strong></span> 
     </span>
    </p>
   </div>
   <div class='ocr_carea' id='block_1_38' title="bbox 425 3452 2002 3531">
    <p class='ocr_par' dir='ltr' id='par_1_38' title="bbox 425 3452 2002 3531">
     <span class='ocr_line' id='line_1_38' title="bbox 425 3452 2002 3531; baseline 0.008 -29"><span class='ocrx_word' id='word_1_284' title='bbox 425 3452 600 3515; x_wconf 67' lang='lat' dir='ltr'><strong>gratia</strong></span> <span class='ocrx_word' id='word_1_285' title='bbox 639 3454 943 3523; x_wconf 77' lang='lat' dir='ltr'><strong>largitoris;</strong></span> <span class='ocrx_word' id='word_1_286' title='bbox 992 3458 1148 3528; x_wconf 77' lang='lat' dir='ltr'><strong>juxta</strong></span> <span class='ocrx_word' id='word_1_287' title='bbox 1195 3460 1324 3515; x_wconf 92' lang='lat' dir='ltr'><strong>illud</strong></span> <span class='ocrx_word' id='word_1_288' title='bbox 1381 3462 1760 3531; x_wconf 74' lang='lat' dir='ltr'><strong>propheticum</strong></span> <span class='ocrx_word' id='word_1_289' title='bbox 1823 3476 1837 3491; x_wconf 78' lang='grc' dir='ltr'><strong><em>ο</em></strong></span> <span class='ocrx_word' id='word_1_290' title='bbox 1884 3461 2002 3514; x_wconf 75' lang='lat' dir='ltr'><strong>Nisi</strong></span> 
     </span>
    </p>
   </div>
   <div class='ocr_carea' id='block_1_39' title="bbox 425 3542 2000 3618">
    <p class='ocr_par' dir='ltr' id='par_1_39' title="bbox 425 3542 2000 3618">
     <span class='ocr_line' id='line_1_39' title="bbox 425 3542 2000 3618; baseline 0.008 -24"><span class='ocrx_word' id='word_1_291' title='bbox 425 3542 680 3598; x_wconf 71' lang='lat' dir='ltr'><strong>ﬂaminus</strong></span> <span class='ocrx_word' id='word_1_292' title='bbox 709 3547 1040 3615; x_wconf 78' lang='lat' dir='ltr'><strong>a&#39;diﬁcaverit</strong></span> <span class='ocrx_word' id='word_1_293' title='bbox 1063 3551 1298 3618; x_wconf 82' lang='lat' dir='ltr'><strong>domum,</strong></span> <span class='ocrx_word' id='word_1_294' title='bbox 1322 3556 1372 3606; x_wconf 87' lang='lat' dir='ltr'><strong>in</strong></span> <span class='ocrx_word' id='word_1_295' title='bbox 1406 3571 1593 3607; x_wconf 80' lang='lat' dir='ltr'><strong>vanum</strong></span> <span class='ocrx_word' id='word_1_296' title='bbox 1627 3553 2000 3607; x_wconf 83' lang='lat' dir='ltr'><strong>laboraverunt</strong></span> 
     </span>
    </p>
   </div>
   <div class='ocr_carea' id='block_1_40' title="bbox 425 3638 2006 3707">
    <p class='ocr_par' dir='ltr' id='par_1_40' title="bbox 425 3638 2006 3707">
     <span class='ocr_line' id='line_1_40' title="bbox 425 3638 2006 3707; baseline 0.006 -18"><span class='ocrx_word' id='word_1_297' title='bbox 425 3638 517 3706; x_wconf 81' lang='lat' dir='ltr'><strong>qui</strong></span> <span class='ocrx_word' id='word_1_298' title='bbox 549 3639 814 3707; x_wconf 76' lang='lat' dir='ltr'><strong>wdiftcant</strong></span> <span class='ocrx_word' id='word_1_299' title='bbox 849 3657 987 3696; x_wconf 89' lang='lat' dir='ltr'><strong>eam.</strong></span> <span class='ocrx_word' id='word_1_300' title='bbox 1040 3641 1163 3696; x_wconf 75' lang='lat' dir='ltr'><strong>Nisi</strong></span> <span class='ocrx_word' id='word_1_301' title='bbox 1219 3644 1469 3700; x_wconf 85' lang='lat' dir='ltr'><strong>Dominus</strong></span> <span class='ocrx_word' id='word_1_302' title='bbox 1527 3649 1832 3701; x_wconf 72' lang='lat' dir='ltr'><strong>custodierit</strong></span> <span class='ocrx_word' id='word_1_303' title='bbox 1882 3647 2006 3702; x_wconf 81' lang='lat' dir='ltr'><strong>civi-</strong></span> 
     </span>
    </p>
   </div>
   <div class='ocr_carea' id='block_1_41' title="bbox 429 3735 2002 3813">
    <p class='ocr_par' dir='ltr' id='par_1_41' title="bbox 429 3735 2002 3813">
     <span class='ocr_line' id='line_1_41' title="bbox 429 3735 2002 3813; baseline 0.007 -28"><span class='ocrx_word' id='word_1_304' title='bbox 429 3738 615 3797; x_wconf 80' lang='lat' dir='ltr'><strong>tatem,</strong></span> <span class='ocrx_word' id='word_1_305' title='bbox 664 3735 716 3787; x_wconf 89' lang='lat' dir='ltr'><strong>in</strong></span> <span class='ocrx_word' id='word_1_306' title='bbox 749 3751 942 3790; x_wconf 73' lang='lat' dir='ltr'><strong>vatium</strong></span> <span class='ocrx_word' id='word_1_307' title='bbox 970 3738 1205 3808; x_wconf 82' lang='lat' dir='ltr'><strong>vigilabit</strong></span> <span class='ocrx_word' id='word_1_308' title='bbox 1244 3737 1354 3811; x_wconf 79' lang='grc' dir='ltr'><strong>[ΑΙ.</strong></span> <span class='ocrx_word' id='word_1_309' title='bbox 1396 3740 1601 3813; x_wconf 47' lang='lat' dir='ltr'><strong>vigilat)l</strong></span> <span class='ocrx_word' id='word_1_310' title='bbox 1642 3743 1732 3812; x_wconf 89' lang='lat' dir='ltr'><strong>qui</strong></span> <span class='ocrx_word' id='word_1_311' title='bbox 1775 3745 2002 3796; x_wconf 76' lang='lat' dir='ltr'><strong>custodit</strong></span> 
     </span>
    </p>
   </div>
   <div class='ocr_carea' id='block_1_42' title="bbox 428 3825 2004 3906">
    <p class='ocr_par' dir='ltr' id='par_1_42' title="bbox 428 3825 2004 3906">
     <span class='ocr_line' id='line_1_42' title="bbox 428 3825 2004 3906; baseline 0.009 -29"><span class='ocrx_word' id='word_1_312' title='bbox 428 3840 545 3878; x_wconf 84' lang='lat' dir='ltr'><strong>eam</strong></span> <span class='ocrx_word' id='word_1_313' title='bbox 601 3825 769 3893; x_wconf 87' lang='lat' dir='ltr'><strong>(Psal.</strong></span> <span class='ocrx_word' id='word_1_314' title='bbox 809 3844 992 3894; x_wconf 76' lang='lat' dir='ltr'><strong>cxxvr,</strong></span> <span class='ocrx_word' id='word_1_315' title='bbox 1039 3832 1090 3896; x_wconf 85' lang='grc'>1,</span> <span class='ocrx_word' id='word_1_316' title='bbox 1117 3830 1198 3901; x_wconf 74' lang='grc'><strong>2).</strong></span> <span class='ocrx_word' id='word_1_317' title='bbox 1235 3831 1351 3885; x_wconf 77' lang='lat' dir='ltr'><strong>Non</strong></span> <span class='ocrx_word' id='word_1_318' title='bbox 1382 3835 1528 3888; x_wconf 90' lang='lat' dir='ltr'><strong>enim</strong></span> <span class='ocrx_word' id='word_1_319' title='bbox 1572 3836 1801 3891; x_wconf 90' lang='lat' dir='ltr'><strong>volentis</strong></span> <span class='ocrx_word' id='word_1_320' title='bbox 1829 3853 2004 3906; x_wconf 86' lang='lat' dir='ltr'><strong>neque</strong></span> 
     </span>
    </p>
   </div>
   <div class='ocr_carea' id='block_1_43' title="bbox 430 3919 1763 3999">
    <p class='ocr_par' dir='ltr' id='par_1_43' title="bbox 430 3919 1763 3999">
     <span class='ocr_line' id='line_1_43' title="bbox 430 3919 1763 3999; baseline 0.008 -28"><span class='ocrx_word' id='word_1_321' title='bbox 430 3919 727 3986; x_wconf 85' lang='lat' dir='ltr'><strong>currentis,</strong></span> <span class='ocrx_word' id='word_1_322' title='bbox 757 3923 851 3976; x_wconf 88' lang='lat' dir='ltr'><strong>sed</strong></span> <span class='ocrx_word' id='word_1_323' title='bbox 883 3923 1190 3978; x_wconf 89' lang='lat' dir='ltr'><strong>miserentis</strong></span> <span class='ocrx_word' id='word_1_324' title='bbox 1214 3937 1298 3979; x_wconf 88' lang='lat' dir='ltr'><strong>est</strong></span> <span class='ocrx_word' id='word_1_325' title='bbox 1328 3926 1419 3980; x_wconf 89' lang='lat' dir='ltr'><strong>Dei</strong></span> <span class='ocrx_word' id='word_1_326' title='bbox 1455 3926 1637 3996; x_wconf 79' lang='lat' dir='ltr'><strong>(Rom.</strong></span> <span class='ocrx_word' id='word_1_327' title='bbox 1664 3928 1763 3999; x_wconf 79' lang='lat' dir='ltr'><strong>Ix).</strong></span> 
     </span>
    </p>
   </div>
   <div class='ocr_carea' id='block_1_44' title="bbox 502 4010 2008 4084">
    <p class='ocr_par' dir='ltr' id='par_1_44' title="bbox 502 4010 2008 4084">
     <span class='ocr_line' id='line_1_44' title="bbox 502 4010 2008 4084; baseline 0.008 -22"><span class='ocrx_word' id='word_1_328' title='bbox 502 4010 685 4071; x_wconf 84' lang='lat' dir='ltr'><strong>(Vers.</strong></span> <span class='ocrx_word' id='word_1_329' title='bbox 740 4011 947 4083; x_wconf 78' lang='grc'>11-15.)</span> <span class='ocrx_word' id='word_1_330' title='bbox 1006 4031 1024 4064; x_wconf 77' lang='grc' dir='ltr'><strong>ι</strong></span> <span class='ocrx_word' id='word_1_331' title='bbox 1066 4010 1219 4067; x_wconf 81' lang='lat' dir='ltr'><strong>Nunc</strong></span> <span class='ocrx_word' id='word_1_332' title='bbox 1267 4031 1397 4084; x_wconf 77' lang='lat' dir='ltr'><strong>ergo</strong></span> <span class='ocrx_word' id='word_1_333' title='bbox 1437 4017 1526 4072; x_wconf 90' lang='lat' dir='ltr'><strong>dic</strong></span> <span class='ocrx_word' id='word_1_334' title='bbox 1578 4019 1694 4072; x_wconf 88' lang='lat' dir='ltr'><strong>viro</strong></span> <span class='ocrx_word' id='word_1_335' title='bbox 1735 4019 1906 4083; x_wconf 63' lang='lat' dir='ltr'><strong>ludas,</strong></span> <span class='ocrx_word' id='word_1_336' title='bbox 1949 4029 2008 4074; x_wconf 76' lang='lat' dir='ltr'><strong>et</strong></span> 
     </span>
    </p>
   </div>
   <div class='ocr_carea' id='block_1_45' title="bbox 430 4101 2004 4181">
    <p class='ocr_par' dir='ltr' id='par_1_45' title="bbox 430 4101 2004 4181">
     <span class='ocr_line' id='line_1_45' title="bbox 430 4101 2004 4181; baseline 0.005 -27"><span class='ocrx_word' id='word_1_337' title='bbox 430 4101 726 4155; x_wconf 81' lang='lat' dir='ltr'><strong>liabitatori</strong></span> <span class='ocrx_word' id='word_1_338' title='bbox 758 4101 906 4173; x_wconf 70' lang='grc' dir='ltr'><strong>[ωδε.</strong></span> <span class='ocrx_word' id='word_1_339' title='bbox 947 4105 1373 4174; x_wconf 77' lang='lat' dir='ltr'><strong>habitatoribus;</strong></span> <span class='ocrx_word' id='word_1_340' title='bbox 1411 4108 1626 4181; x_wconf 82' lang='lat' dir='ltr'><strong>rectius]</strong></span> <span class='ocrx_word' id='word_1_341' title='bbox 1673 4108 2004 4176; x_wconf 82' lang='lat' dir='ltr'><strong>Jerusalem,</strong></span> 
     </span>
    </p>
   </div>
   <div class='ocr_carea' id='block_1_46' title="bbox 431 4194 2006 4272">
    <p class='ocr_par' dir='ltr' id='par_1_46' title="bbox 431 4194 2006 4272">
     <span class='ocr_line' id='line_1_46' title="bbox 431 4194 2006 4272; baseline 0.006 -26"><span class='ocrx_word' id='word_1_342' title='bbox 431 4195 616 4248; x_wconf 87' lang='lat' dir='ltr'><strong>dicens</strong></span> <span class='ocrx_word' id='word_1_343' title='bbox 636 4211 654 4248; x_wconf 84' lang='lat'><strong>:</strong></span> <span class='ocrx_word' id='word_1_344' title='bbox 679 4194 802 4248; x_wconf 71' lang='lat' dir='ltr'><strong>llaec</strong></span> <span class='ocrx_word' id='word_1_345' title='bbox 823 4201 948 4267; x_wconf 79' lang='lat' dir='ltr'><strong>(sive</strong></span> <span class='ocrx_word' id='word_1_346' title='bbox 974 4198 1074 4268; x_wconf 91' lang='lat' dir='ltr'><strong>sic)</strong></span> <span class='ocrx_word' id='word_1_347' title='bbox 1101 4199 1232 4253; x_wconf 81' lang='lat' dir='ltr'><strong>dicit</strong></span> <span class='ocrx_word' id='word_1_348' title='bbox 1255 4199 1514 4257; x_wconf 89' lang='lat' dir='ltr'><strong>Dominus</strong></span> <span class='ocrx_word' id='word_1_349' title='bbox 1532 4217 1547 4232; x_wconf 81' lang='lat'><strong><em>°</em></strong></span> <span class='ocrx_word' id='word_1_350' title='bbox 1579 4202 1718 4256; x_wconf 84' lang='lat' dir='ltr'><strong>Ecce</strong></span> <span class='ocrx_word' id='word_1_351' title='bbox 1743 4215 1844 4272; x_wconf 85' lang='lat' dir='ltr'><strong>ego</strong></span> <span class='ocrx_word' id='word_1_352' title='bbox 1865 4204 2006 4271; x_wconf 81' lang='lat' dir='ltr'><strong>ﬁngo</strong></span> 
     </span>
    </p>
   </div>
   <div class='ocr_carea' id='block_1_47' title="bbox 432 4292 2004 4366">
    <p class='ocr_par' dir='ltr' id='par_1_47' title="bbox 432 4292 2004 4366">
     <span class='ocr_line' id='line_1_47' title="bbox 432 4292 2004 4366; baseline 0.007 -27"><span class='ocrx_word' id='word_1_353' title='bbox 432 4299 619 4342; x_wconf 85' lang='lat' dir='ltr'><strong>contra</strong></span> <span class='ocrx_word' id='word_1_354' title='bbox 651 4305 746 4343; x_wconf 86' lang='lat' dir='ltr'><strong>vos</strong></span> <span class='ocrx_word' id='word_1_355' title='bbox 789 4292 986 4345; x_wconf 88' lang='lat' dir='ltr'><strong>malum</strong></span> <span class='ocrx_word' id='word_1_356' title='bbox 1037 4304 1091 4345; x_wconf 88' lang='lat' dir='ltr'><strong>et</strong></span> <span class='ocrx_word' id='word_1_357' title='bbox 1126 4296 1307 4361; x_wconf 81' lang='lat' dir='ltr'><strong>cogito</strong></span> <span class='ocrx_word' id='word_1_358' title='bbox 1345 4305 1536 4350; x_wconf 89' lang='lat' dir='ltr'><strong>contra</strong></span> <span class='ocrx_word' id='word_1_359' title='bbox 1594 4311 1692 4350; x_wconf 88' lang='lat' dir='ltr'><strong>vos</strong></span> <span class='ocrx_word' id='word_1_360' title='bbox 1718 4297 2004 4366; x_wconf 75' lang='lat' dir='ltr'><strong>Cogitatio-</strong></span> 
     </span>
    </p>
   </div>
   <div class='ocr_carea' id='block_1_48' title="bbox 432 4388 2002 4456">
    <p class='ocr_par' dir='ltr' id='par_1_48' title="bbox 432 4388 2002 4456">
     <span class='ocr_line' id='line_1_48' title="bbox 432 4388 2002 4456; baseline 0.008 -23"><span class='ocrx_word' id='word_1_361' title='bbox 432 4396 556 4434; x_wconf 87' lang='lat' dir='ltr'><strong>nem</strong></span> <span class='ocrx_word' id='word_1_362' title='bbox 593 4396 607 4434; x_wconf 90' lang='lat'><strong>:</strong></span> <span class='ocrx_word' id='word_1_363' title='bbox 653 4394 956 4436; x_wconf 84' lang='lat' dir='ltr'><strong>revertatur</strong></span> <span class='ocrx_word' id='word_1_364' title='bbox 1003 4390 1378 4456; x_wconf 87' lang='lat' dir='ltr'><strong>unusquisque</strong></span> <span class='ocrx_word' id='word_1_365' title='bbox 1416 4404 1443 4440; x_wconf 92' lang='lat' dir='ltr'><strong>a</strong></span> <span class='ocrx_word' id='word_1_366' title='bbox 1485 4389 1571 4442; x_wconf 87' lang='lat' dir='ltr'><strong>via</strong></span> <span class='ocrx_word' id='word_1_367' title='bbox 1613 4404 1710 4444; x_wconf 75' lang='lat' dir='ltr'><strong>sua</strong></span> <span class='ocrx_word' id='word_1_368' title='bbox 1759 4388 1920 4453; x_wconf 69' lang='lat' dir='ltr'><strong>Ittalat,</strong></span> <span class='ocrx_word' id='word_1_369' title='bbox 1953 4395 2002 4439; x_wconf 76' lang='grc' dir='ltr'><strong>ιί</strong></span> 
     </span>
    </p>
   </div>
   <div class='ocr_carea' id='block_1_49' title="bbox 433 4474 2002 4547">
    <p class='ocr_par' dir='ltr' id='par_1_49' title="bbox 433 4474 2002 4547">
     <span class='ocr_line' id='line_1_49' title="bbox 433 4474 2002 4547; baseline 0.005 -23"><span class='ocrx_word' id='word_1_370' title='bbox 433 4474 649 4543; x_wconf 78' lang='lat' dir='ltr'><strong>dirigite</strong></span> <span class='ocrx_word' id='word_1_371' title='bbox 675 4475 790 4530; x_wconf 87' lang='lat' dir='ltr'><strong>vias</strong></span> <span class='ocrx_word' id='word_1_372' title='bbox 827 4487 1037 4532; x_wconf 84' lang='lat' dir='ltr'><strong>vestras</strong></span> <span class='ocrx_word' id='word_1_373' title='bbox 1067 4489 1120 4532; x_wconf 86' lang='lat' dir='ltr'><strong>et</strong></span> <span class='ocrx_word' id='word_1_374' title='bbox 1149 4483 1327 4535; x_wconf 88' lang='lat' dir='ltr'><strong>studia</strong></span> <span class='ocrx_word' id='word_1_375' title='bbox 1356 4495 1560 4536; x_wconf 85' lang='lat' dir='ltr'><strong>vestra.</strong></span> <span class='ocrx_word' id='word_1_376' title='bbox 1597 4481 1696 4547; x_wconf 83' lang='lat' dir='ltr'><strong>Qui</strong></span> <span class='ocrx_word' id='word_1_377' title='bbox 1729 4482 2002 4545; x_wconf 65' lang='lat' dir='ltr'><strong>dixerunt,</strong></span> 
     </span>
    </p>
   </div>
   <div class='ocr_carea' id='block_1_50' title="bbox 433 4569 2007 4644">
    <p class='ocr_par' dir='ltr' id='par_1_50' title="bbox 433 4569 2007 4644">
     <span class='ocr_line' id='line_1_50' title="bbox 433 4569 2007 4644; baseline 0.004 -22"><span class='ocrx_word' id='word_1_378' title='bbox 433 4569 840 4634; x_wconf 81' lang='lat' dir='ltr'><strong>desperavimus</strong></span> <span class='ocrx_word' id='word_1_379' title='bbox 861 4570 989 4640; x_wconf 83' lang='lat' dir='ltr'><strong>(sive</strong></span> <span class='ocrx_word' id='word_1_380' title='bbox 1014 4570 1490 4643; x_wconf 80' lang='lat' dir='ltr'><strong>confortabimur),</strong></span> <span class='ocrx_word' id='word_1_381' title='bbox 1512 4585 1634 4644; x_wconf 89' lang='lat' dir='ltr'><strong>post</strong></span> <span class='ocrx_word' id='word_1_382' title='bbox 1651 4575 2007 4643; x_wconf 70' lang='lat' dir='ltr'><strong>cogitationes</strong></span> 
     </span>
    </p>
   </div>
   <div class='ocr_carea' id='block_1_51' title="bbox 435 4663 2003 4737">
    <p class='ocr_par' dir='ltr' id='par_1_51' title="bbox 435 4663 2003 4737">
     <span class='ocr_line' id='line_1_51' title="bbox 435 4663 2003 4737; baseline 0.002 -21"><span class='ocrx_word' id='word_1_383' title='bbox 435 4663 582 4716; x_wconf 88' lang='lat' dir='ltr'><strong>enim</strong></span> <span class='ocrx_word' id='word_1_384' title='bbox 634 4671 852 4718; x_wconf 87' lang='lat' dir='ltr'><strong>nostras</strong></span> <span class='ocrx_word' id='word_1_385' title='bbox 898 4663 1123 4731; x_wconf 86' lang='lat' dir='ltr'><strong>ibimus,</strong></span> <span class='ocrx_word' id='word_1_386' title='bbox 1167 4674 1221 4718; x_wconf 90' lang='lat' dir='ltr'><strong>et</strong></span> <span class='ocrx_word' id='word_1_387' title='bbox 1270 4669 1643 4736; x_wconf 84' lang='lat' dir='ltr'><strong>unusquisque</strong></span> <span class='ocrx_word' id='word_1_388' title='bbox 1681 4667 2003 4737; x_wconf 84' lang='lat' dir='ltr'><strong>pravitatem</strong></span> 
     </span>
    </p>
   </div>
   <div class='ocr_carea' id='block_1_52' title="bbox 435 4754 2007 4831">
    <p class='ocr_par' dir='ltr' id='par_1_52' title="bbox 435 4754 2007 4831">
     <span class='ocr_line' id='line_1_52' title="bbox 435 4754 2007 4831; baseline 0.004 -25"><span class='ocrx_word' id='word_1_389' title='bbox 435 4756 562 4822; x_wconf 75' lang='lat' dir='ltr'><strong>(sive</strong></span> <span class='ocrx_word' id='word_1_390' title='bbox 594 4756 739 4825; x_wconf 90' lang='lat' dir='ltr'><strong>quod</strong></span> <span class='ocrx_word' id='word_1_391' title='bbox 788 4754 1014 4827; x_wconf 83' lang='lat' dir='ltr'><strong>placuit)</strong></span> <span class='ocrx_word' id='word_1_392' title='bbox 1056 4757 1237 4812; x_wconf 87' lang='lat' dir='ltr'><strong>cordis</strong></span> <span class='ocrx_word' id='word_1_393' title='bbox 1295 4759 1378 4813; x_wconf 90' lang='lat' dir='ltr'><strong>sui</strong></span> <span class='ocrx_word' id='word_1_394' title='bbox 1430 4761 1554 4813; x_wconf 89' lang='lat' dir='ltr'><strong>mali</strong></span> <span class='ocrx_word' id='word_1_395' title='bbox 1594 4757 1701 4831; x_wconf 78' lang='lat' dir='ltr'><strong>[AL</strong></span> <span class='ocrx_word' id='word_1_396' title='bbox 1742 4759 2007 4828; x_wconf 87' lang='lat' dir='ltr'><strong>placuerit</strong></span> 
     </span>
    </p>
   </div>
   <div class='ocr_carea' id='block_1_53' title="bbox 433 4848 2004 4922">
    <p class='ocr_par' dir='ltr' id='par_1_53' title="bbox 433 4848 2004 4922">
     <span class='ocr_line' id='line_1_53' title="bbox 433 4848 2004 4922; baseline 0.004 -20"><span class='ocrx_word' id='word_1_397' title='bbox 433 4849 584 4903; x_wconf 87' lang='lat' dir='ltr'><strong>cordi</strong></span> <span class='ocrx_word' id='word_1_398' title='bbox 611 4864 710 4904; x_wconf 89' lang='lat' dir='ltr'><strong>suo</strong></span> <span class='ocrx_word' id='word_1_399' title='bbox 736 4849 897 4922; x_wconf 89' lang='lat' dir='ltr'><strong>malo]</strong></span> <span class='ocrx_word' id='word_1_400' title='bbox 933 4849 1214 4906; x_wconf 78' lang='lat' dir='ltr'><strong>faciemus.</strong></span> <span class='ocrx_word' id='word_1_401' title='bbox 1235 4848 1360 4904; x_wconf 84' lang='lat' dir='ltr'><strong>Ideo</strong></span> <span class='ocrx_word' id='word_1_402' title='bbox 1394 4853 1509 4905; x_wconf 77' lang='lat' dir='ltr'><strong>hrec</strong></span> <span class='ocrx_word' id='word_1_403' title='bbox 1533 4851 1663 4906; x_wconf 86' lang='lat' dir='ltr'><strong>dicit</strong></span> <span class='ocrx_word' id='word_1_404' title='bbox 1693 4851 1958 4906; x_wconf 87' lang='lat' dir='ltr'><strong>Dominus</strong></span> <span class='ocrx_word' id='word_1_405' title='bbox 1990 4867 2004 4908; x_wconf 85' lang='lat'><strong>:</strong></span> 
     </span>
    </p>
   </div>
   <div class='ocr_carea' id='block_1_54' title="bbox 433 4941 2005 5012">
    <p class='ocr_par' dir='ltr' id='par_1_54' title="bbox 433 4941 2005 5012">
     <span class='ocr_line' id='line_1_54' title="bbox 433 4941 2005 5012; baseline -0.001 -18"><span class='ocrx_word' id='word_1_406' title='bbox 433 4941 772 5012; x_wconf 80' lang='lat' dir='ltr'><strong>lnterrogate</strong></span> <span class='ocrx_word' id='word_1_407' title='bbox 821 4951 1032 5012; x_wconf 79' lang='lat' dir='ltr'><strong>gentes,</strong></span> <span class='ocrx_word' id='word_1_408' title='bbox 1080 4942 1203 5011; x_wconf 85' lang='lat' dir='ltr'><strong>quis</strong></span> <span class='ocrx_word' id='word_1_409' title='bbox 1254 4943 1464 4996; x_wconf 90' lang='lat' dir='ltr'><strong>audivit</strong></span> <span class='ocrx_word' id='word_1_410' title='bbox 1515 4943 1645 4996; x_wconf 90' lang='lat' dir='ltr'><strong>talia</strong></span> <span class='ocrx_word' id='word_1_411' title='bbox 1696 4943 2005 5010; x_wconf 84' lang='lat' dir='ltr'><strong>horribilia,</strong></span> 
     </span>
    </p>
   </div>
   <div class='ocr_carea' id='block_1_55' title="bbox 433 5033 2009 5106">
    <p class='ocr_par' dir='ltr' id='par_1_55' title="bbox 433 5033 2009 5106">
     <span class='ocr_line' id='line_1_55' title="bbox 433 5033 2009 5106; baseline 0.002 -19"><span class='ocrx_word' id='word_1_412' title='bbox 433 5050 558 5104; x_wconf 66' lang='lat' dir='ltr'><strong>qua:</strong></span> <span class='ocrx_word' id='word_1_413' title='bbox 611 5034 736 5089; x_wconf 77' lang='lat' dir='ltr'><strong>fecit</strong></span> <span class='ocrx_word' id='word_1_414' title='bbox 785 5036 946 5090; x_wconf 86' lang='lat' dir='ltr'><strong>nimis</strong></span> <span class='ocrx_word' id='word_1_415' title='bbox 993 5035 1145 5106; x_wconf 76' lang='lat' dir='ltr'><strong>virgo</strong></span> <span class='ocrx_word' id='word_1_416' title='bbox 1183 5034 1393 5090; x_wconf 82' lang='lat' dir='ltr'><strong>Israel?</strong></span> <span class='ocrx_word' id='word_1_417' title='bbox 1431 5054 1450 5088; x_wconf 72' lang='grc' dir='ltr'><strong>ι</strong></span> <span class='ocrx_word' id='word_1_418' title='bbox 1500 5035 1694 5105; x_wconf 85' lang='lat' dir='ltr'><strong>Implet</strong></span> <span class='ocrx_word' id='word_1_419' title='bbox 1739 5033 2009 5090; x_wconf 86' lang='lat' dir='ltr'><strong>Dominus</strong></span> 
     </span>
    </p>
   </div>
   <div class='ocr_carea' id='block_1_56' title="bbox 439 5128 2012 5198">
    <p class='ocr_par' dir='ltr' id='par_1_56' title="bbox 439 5128 2012 5198">
     <span class='ocr_line' id='line_1_56' title="bbox 439 5128 2012 5198; baseline 0 -16"><span class='ocrx_word' id='word_1_420' title='bbox 439 5128 758 5197; x_wconf 78' lang='lat' dir='ltr'><strong>parabolam</strong></span> <span class='ocrx_word' id='word_1_421' title='bbox 786 5143 950 5197; x_wconf 80' lang='lat' dir='ltr'><strong>quam</strong></span> <span class='ocrx_word' id='word_1_422' title='bbox 999 5138 1059 5183; x_wconf 88' lang='lat' dir='ltr'><strong>et</strong></span> <span class='ocrx_word' id='word_1_423' title='bbox 1124 5129 1477 5183; x_wconf 79' lang='lat' dir='ltr'><strong>sermonibus</strong></span> <span class='ocrx_word' id='word_1_424' title='bbox 1528 5140 1584 5181; x_wconf 85' lang='lat' dir='ltr'><strong>et</strong></span> <span class='ocrx_word' id='word_1_425' title='bbox 1639 5137 1866 5198; x_wconf 84' lang='lat' dir='ltr'><strong>aspectu</strong></span> <span class='ocrx_word' id='word_1_426' title='bbox 1913 5128 2012 5182; x_wconf 87' lang='lat' dir='ltr'><strong>do-</strong></span> 
     </span>
    </p>
   </div>
   <div class='ocr_carea' id='block_1_57' title="bbox 443 5219 2010 5292">
    <p class='ocr_par' dir='ltr' id='par_1_57' title="bbox 443 5219 2010 5292">
     <span class='ocr_line' id='line_1_57' title="bbox 443 5219 2010 5292; baseline -0.002 -17"><span class='ocrx_word' id='word_1_427' title='bbox 443 5229 652 5286; x_wconf 88' lang='lat' dir='ltr'><strong>cuerat,</strong></span> <span class='ocrx_word' id='word_1_428' title='bbox 685 5229 739 5275; x_wconf 90' lang='lat' dir='ltr'><strong>et</strong></span> <span class='ocrx_word' id='word_1_429' title='bbox 785 5221 952 5292; x_wconf 82' lang='lat'><strong>970</strong></span> <span class='ocrx_word' id='word_1_430' title='bbox 987 5223 1116 5277; x_wconf 89' lang='lat' dir='ltr'><strong>dicit</strong></span> <span class='ocrx_word' id='word_1_431' title='bbox 1154 5240 1167 5278; x_wconf 88' lang='lat'><strong>:</strong></span> <span class='ocrx_word' id='word_1_432' title='bbox 1203 5219 1343 5276; x_wconf 77' lang='lat' dir='ltr'><strong>Ecce</strong></span> <span class='ocrx_word' id='word_1_433' title='bbox 1376 5237 1469 5292; x_wconf 81' lang='lat' dir='ltr'><strong>ego</strong></span> <span class='ocrx_word' id='word_1_434' title='bbox 1504 5221 1645 5291; x_wconf 81' lang='lat' dir='ltr'><strong>fingo</strong></span> <span class='ocrx_word' id='word_1_435' title='bbox 1681 5229 1866 5275; x_wconf 84' lang='lat' dir='ltr'><strong>contra</strong></span> <span class='ocrx_word' id='word_1_436' title='bbox 1922 5237 2010 5275; x_wconf 83' lang='lat' dir='ltr'><strong>vos</strong></span> 
     </span>
    </p>
   </div>
   <div class='ocr_carea' id='block_1_58' title="bbox 443 5313 2011 5385">
    <p class='ocr_par' dir='ltr' id='par_1_58' title="bbox 443 5313 2011 5385">
     <span class='ocr_line' id='line_1_58' title="bbox 443 5313 2011 5385; baseline 0 -17"><span class='ocrx_word' id='word_1_437' title='bbox 443 5315 666 5382; x_wconf 81' lang='lat' dir='ltr'><strong>malum,</strong></span> <span class='ocrx_word' id='word_1_438' title='bbox 697 5316 853 5385; x_wconf 85' lang='lat' dir='ltr'><strong>quasi</strong></span> <span class='ocrx_word' id='word_1_439' title='bbox 888 5316 1082 5384; x_wconf 70' lang='lat' dir='ltr'><strong>ﬁgulus</strong></span> <span class='ocrx_word' id='word_1_440' title='bbox 1119 5316 1292 5370; x_wconf 90' lang='lat' dir='ltr'><strong>lututn</strong></span> <span class='ocrx_word' id='word_1_441' title='bbox 1334 5331 1349 5369; x_wconf 88' lang='lat'><strong>:</strong></span> <span class='ocrx_word' id='word_1_442' title='bbox 1395 5315 1600 5370; x_wconf 88' lang='lat' dir='ltr'><strong>malum</strong></span> <span class='ocrx_word' id='word_1_443' title='bbox 1628 5323 1810 5368; x_wconf 88' lang='lat' dir='ltr'><strong>autem</strong></span> <span class='ocrx_word' id='word_1_444' title='bbox 1855 5313 2011 5384; x_wconf 81' lang='lat' dir='ltr'><strong>justa</strong></span> 
     </span>
    </p>
   </div>
   <div class='ocr_carea' id='block_1_59' title="bbox 442 5407 2014 5478">
    <p class='ocr_par' dir='ltr' id='par_1_59' title="bbox 442 5407 2014 5478">
     <span class='ocr_line' id='line_1_59' title="bbox 442 5407 2014 5478; baseline -0.003 -16"><span class='ocrx_word' id='word_1_445' title='bbox 442 5409 638 5462; x_wconf 70' lang='lat' dir='ltr'><strong>lsaiam</strong></span> <span class='ocrx_word' id='word_1_446' title='bbox 671 5408 760 5478; x_wconf 86' lang='lat' dir='ltr'><strong>qui</strong></span> <span class='ocrx_word' id='word_1_447' title='bbox 793 5409 925 5463; x_wconf 88' lang='lat' dir='ltr'><strong>dicit</strong></span> <span class='ocrx_word' id='word_1_448' title='bbox 955 5423 970 5461; x_wconf 89' lang='lat'><strong>:</strong></span> <span class='ocrx_word' id='word_1_449' title='bbox 1001 5408 1226 5465; x_wconf 78' lang='lat' dir='ltr'><strong>Facicns</strong></span> <span class='ocrx_word' id='word_1_450' title='bbox 1260 5424 1464 5478; x_wconf 81' lang='lat' dir='ltr'><strong>pacem,</strong></span> <span class='ocrx_word' id='word_1_451' title='bbox 1497 5419 1543 5463; x_wconf 88' lang='lat' dir='ltr'><strong>ct</strong></span> <span class='ocrx_word' id='word_1_452' title='bbox 1594 5424 1781 5462; x_wconf 84' lang='lat' dir='ltr'><strong>crcans</strong></span> <span class='ocrx_word' id='word_1_453' title='bbox 1812 5407 2014 5461; x_wconf 85' lang='lat' dir='ltr'><strong>malum</strong></span> 
     </span>
    </p>
   </div>
   <div class='ocr_carea' id='block_1_60' title="bbox 438 5499 2012 5573">
    <p class='ocr_par' dir='ltr' id='par_1_60' title="bbox 438 5499 2012 5573">
     <span class='ocr_line' id='line_1_60' title="bbox 438 5499 2012 5573; baseline 0 -20"><span class='ocrx_word' id='word_1_454' title='bbox 438 5500 574 5567; x_wconf 79' lang='lat' dir='ltr'><strong>(Im.</strong></span> <span class='ocrx_word' id='word_1_455' title='bbox 626 5515 752 5568; x_wconf 69' lang='lat' dir='ltr'><strong>xcv,</strong></span> <span class='ocrx_word' id='word_1_456' title='bbox 793 5501 872 5573; x_wconf 89' lang='lat'><strong>7).</strong></span> <span class='ocrx_word' id='word_1_457' title='bbox 925 5501 1040 5557; x_wconf 79' lang='lat' dir='ltr'><strong>Non</strong></span> <span class='ocrx_word' id='word_1_458' title='bbox 1078 5503 1220 5573; x_wconf 91' lang='lat' dir='ltr'><strong>quod</strong></span> <span class='ocrx_word' id='word_1_459' title='bbox 1278 5515 1375 5570; x_wconf 86' lang='lat' dir='ltr'><strong>per</strong></span> <span class='ocrx_word' id='word_1_460' title='bbox 1427 5515 1486 5556; x_wconf 91' lang='lat' dir='ltr'><strong>se</strong></span> <span class='ocrx_word' id='word_1_461' title='bbox 1540 5500 1740 5555; x_wconf 89' lang='lat' dir='ltr'><strong>malum</strong></span> <span class='ocrx_word' id='word_1_462' title='bbox 1793 5499 1884 5565; x_wconf 89' lang='lat' dir='ltr'><strong>sit,</strong></span> <span class='ocrx_word' id='word_1_463' title='bbox 1919 5501 2012 5553; x_wconf 89' lang='lat' dir='ltr'><strong>sed</strong></span> 
     </span>
    </p>
   </div>
   <div class='ocr_carea' id='block_1_61' title="bbox 2014 1674 2064 1736">
    <p class='ocr_par' dir='ltr' id='par_1_61' title="bbox 2014 1674 2064 1736">
     <span class='ocr_line' id='line_1_61' title="bbox 2014 1674 2064 1736; baseline 0 0"><span class='ocrx_word' id='word_1_464' title='bbox 2014 1674 2064 1736; x_wconf 88' lang='lat' dir='ltr'><strong>B</strong></span> 
     </span>
    </p>
   </div>
   <div class='ocr_carea' id='block_1_62' title="bbox 2079 428 3668 501">
    <p class='ocr_par' dir='ltr' id='par_1_62' title="bbox 2079 428 3668 501">
     <span class='ocr_line' id='line_1_62' title="bbox 2079 428 3668 501; baseline -0.002 -16"><span class='ocrx_word' id='word_1_465' title='bbox 2079 444 2264 486; x_wconf 88' lang='lat' dir='ltr'><strong>contra</strong></span> <span class='ocrx_word' id='word_1_466' title='bbox 2297 451 2384 486; x_wconf 77' lang='lat' dir='ltr'><strong>vos</strong></span> <span class='ocrx_word' id='word_1_467' title='bbox 2423 433 2817 501; x_wconf 82' lang='lat' dir='ltr'><strong>cogitationem,</strong></span> <span class='ocrx_word' id='word_1_468' title='bbox 2857 431 2907 486; x_wconf 88' lang='lat' dir='ltr'><strong>id</strong></span> <span class='ocrx_word' id='word_1_469' title='bbox 2947 441 3051 497; x_wconf 91' lang='lat' dir='ltr'><strong>est,</strong></span> <span class='ocrx_word' id='word_1_470' title='bbox 3097 446 3196 498; x_wconf 86' lang='lat' dir='ltr'><strong>pro</strong></span> <span class='ocrx_word' id='word_1_471' title='bbox 3229 431 3424 484; x_wconf 85' lang='lat' dir='ltr'><strong>merito</strong></span> <span class='ocrx_word' id='word_1_472' title='bbox 3461 428 3668 484; x_wconf 76' lang='lat' dir='ltr'><strong>inferre</strong></span> 
     </span>
    </p>
   </div>
   <div class='ocr_carea' id='block_1_63' title="bbox 2079 523 3662 593">
    <p class='ocr_par' dir='ltr' id='par_1_63' title="bbox 2079 523 3662 593">
     <span class='ocr_line' id='line_1_63' title="bbox 2079 523 3662 593; baseline -0.004 -15"><span class='ocrx_word' id='word_1_473' title='bbox 2079 529 2430 578; x_wconf 88' lang='lat' dir='ltr'><strong>sententiam.</strong></span> <span class='ocrx_word' id='word_1_474' title='bbox 2479 523 2678 578; x_wconf 71' lang='lat' dir='ltr'><strong>Mutato</strong></span> <span class='ocrx_word' id='word_1_475' title='bbox 2708 538 2894 591; x_wconf 89' lang='lat' dir='ltr'><strong>opera,</strong></span> <span class='ocrx_word' id='word_1_476' title='bbox 2926 535 2973 576; x_wconf 85' lang='lat' dir='ltr'><strong>et</strong></span> <span class='ocrx_word' id='word_1_477' title='bbox 3007 523 3222 593; x_wconf 78' lang='lat' dir='ltr'><strong>dirigite</strong></span> <span class='ocrx_word' id='word_1_478' title='bbox 3267 523 3379 576; x_wconf 82' lang='lat' dir='ltr'><strong>vias</strong></span> <span class='ocrx_word' id='word_1_479' title='bbox 3432 529 3662 587; x_wconf 70' lang='lat' dir='ltr'><strong>vestras,</strong></span> 
     </span>
    </p>
   </div>
   <div class='ocr_carea' id='block_1_64' title="bbox 2081 615 3666 686">
    <p class='ocr_par' dir='ltr' id='par_1_64' title="bbox 2081 615 3666 686">
     <span class='ocr_line' id='line_1_64' title="bbox 2081 615 3666 686; baseline -0.002 -17"><span class='ocrx_word' id='word_1_480' title='bbox 2081 627 2138 669; x_wconf 90' lang='lat' dir='ltr'><strong>ut</strong></span> <span class='ocrx_word' id='word_1_481' title='bbox 2158 627 2214 670; x_wconf 88' lang='lat' dir='ltr'><strong>et</strong></span> <span class='ocrx_word' id='word_1_482' title='bbox 2241 618 2515 686; x_wconf 80' lang='lat' dir='ltr'><strong>prosperis</strong></span> <span class='ocrx_word' id='word_1_483' title='bbox 2546 631 2704 684; x_wconf 75' lang='lat' dir='ltr'><strong>pcena</strong></span> <span class='ocrx_word' id='word_1_484' title='bbox 2739 625 2996 671; x_wconf 85' lang='lat' dir='ltr'><strong>mutetur.</strong></span> <span class='ocrx_word' id='word_1_485' title='bbox 3024 615 3149 682; x_wconf 88' lang='lat' dir='ltr'><strong>Qui,</strong></span> <span class='ocrx_word' id='word_1_486' title='bbox 3181 616 3379 684; x_wconf 86' lang='lat' dir='ltr'><strong>inquit,</strong></span> <span class='ocrx_word' id='word_1_487' title='bbox 3405 615 3666 670; x_wconf 77' lang='lat' dir='ltr'><strong>dixerunt</strong></span> 
     </span>
    </p>
   </div>
   <div class='ocr_carea' id='block_1_65' title="bbox 2080 706 3665 776">
    <p class='ocr_par' dir='ltr' id='par_1_65' title="bbox 2080 706 3665 776">
     <span class='ocr_line' id='line_1_65' title="bbox 2080 706 3665 776; baseline -0.003 -14"><span class='ocrx_word' id='word_1_488' title='bbox 2080 709 2412 774; x_wconf 85' lang='lat' dir='ltr'><strong>econtrario,</strong></span> <span class='ocrx_word' id='word_1_489' title='bbox 2473 708 2924 776; x_wconf 80' lang='lat' dir='ltr'><strong>Confortabimur,</strong></span> <span class='ocrx_word' id='word_1_490' title='bbox 2960 709 3012 762; x_wconf 93' lang='lat' dir='ltr'><strong>in</strong></span> <span class='ocrx_word' id='word_1_491' title='bbox 3043 707 3202 762; x_wconf 86' lang='lat' dir='ltr'><strong>malis</strong></span> <span class='ocrx_word' id='word_1_492' title='bbox 3249 706 3499 760; x_wconf 87' lang='lat' dir='ltr'><strong>videlicet</strong></span> <span class='ocrx_word' id='word_1_493' title='bbox 3532 721 3665 776; x_wconf 83' lang='lat' dir='ltr'><strong>ope-</strong></span> 
     </span>
    </p>
   </div>
   <div class='ocr_carea' id='block_1_66' title="bbox 2083 796 3661 868">
    <p class='ocr_par' dir='ltr' id='par_1_66' title="bbox 2083 796 3661 868">
     <span class='ocr_line' id='line_1_66' title="bbox 2083 796 3661 868; baseline -0.003 -15"><span class='ocrx_word' id='word_1_494' title='bbox 2083 800 2258 864; x_wconf 85' lang='lat' dir='ltr'><strong>ribus,</strong></span> <span class='ocrx_word' id='word_1_495' title='bbox 2283 801 2418 864; x_wconf 85' lang='lat' dir='ltr'><strong>sive,</strong></span> <span class='ocrx_word' id='word_1_496' title='bbox 2443 800 2596 868; x_wconf 78' lang='lat' dir='ltr'><strong>juxta</strong></span> <span class='ocrx_word' id='word_1_497' title='bbox 2639 798 2910 867; x_wconf 83' lang='lat' dir='ltr'><strong>Aquilam,</strong></span> <span class='ocrx_word' id='word_1_498' title='bbox 2948 800 3356 866; x_wconf 82' lang='lat' dir='ltr'><strong>desperavimus,</strong></span> <span class='ocrx_word' id='word_1_499' title='bbox 3409 806 3464 851; x_wconf 88' lang='lat' dir='ltr'><strong>et</strong></span> <span class='ocrx_word' id='word_1_500' title='bbox 3503 796 3661 861; x_wconf 73' lang='lat' dir='ltr'><strong>juxta</strong></span> 
     </span>
    </p>
   </div>
   <div class='ocr_carea' id='block_1_67' title="bbox 2086 887 3669 961">
    <p class='ocr_par' dir='ltr' id='par_1_67' title="bbox 2086 887 3669 961">
     <span class='ocr_line' id='line_1_67' title="bbox 2086 887 3669 961; baseline -0.004 -16"><span class='ocrx_word' id='word_1_501' title='bbox 2086 889 2495 961; x_wconf 82' lang='lat' dir='ltr'><strong>Synnnachum,</strong></span> <span class='ocrx_word' id='word_1_502' title='bbox 2555 890 2859 960; x_wconf 73' lang='lat' dir='ltr'><strong>defecimus,</strong></span> <span class='ocrx_word' id='word_1_503' title='bbox 2896 890 3040 960; x_wconf 89' lang='lat' dir='ltr'><strong>quod</strong></span> <span class='ocrx_word' id='word_1_504' title='bbox 3093 898 3389 958; x_wconf 88' lang='lat' dir='ltr'><strong>utrumque</strong></span> <span class='ocrx_word' id='word_1_505' title='bbox 3434 887 3669 942; x_wconf 83' lang='lat' dir='ltr'><strong>oﬂ‘endit</strong></span> 
     </span>
    </p>
   </div>
   <div class='ocr_carea' id='block_1_68' title="bbox 2083 980 3662 1052">
    <p class='ocr_par' dir='ltr' id='par_1_68' title="bbox 2083 980 3662 1052">
     <span class='ocr_line' id='line_1_68' title="bbox 2083 980 3662 1052; baseline -0.003 -16"><span class='ocrx_word' id='word_1_506' title='bbox 2083 983 2291 1049; x_wconf 86' lang='lat' dir='ltr'><strong>Deum;</strong></span> <span class='ocrx_word' id='word_1_507' title='bbox 2337 993 2394 1036; x_wconf 94' lang='lat' dir='ltr'><strong>ut</strong></span> <span class='ocrx_word' id='word_1_508' title='bbox 2429 993 2522 1037; x_wconf 90' lang='lat' dir='ltr'><strong>aut</strong></span> <span class='ocrx_word' id='word_1_509' title='bbox 2549 997 2887 1052; x_wconf 85' lang='lat' dir='ltr'><strong>nequaquam</strong></span> <span class='ocrx_word' id='word_1_510' title='bbox 2919 997 2979 1038; x_wconf 88' lang='lat' dir='ltr'><strong>se</strong></span> <span class='ocrx_word' id='word_1_511' title='bbox 3028 990 3177 1052; x_wconf 88' lang='lat' dir='ltr'><strong>putet</strong></span> <span class='ocrx_word' id='word_1_512' title='bbox 3239 996 3402 1050; x_wconf 87' lang='lat' dir='ltr'><strong>posse</strong></span> <span class='ocrx_word' id='word_1_513' title='bbox 3433 980 3662 1043; x_wconf 87' lang='lat' dir='ltr'><strong>salvari,</strong></span> 
     </span>
    </p>
   </div>
   <div class='ocr_carea' id='block_1_69' title="bbox 2083 1071 3667 1142">
    <p class='ocr_par' dir='ltr' id='par_1_69' title="bbox 2083 1071 3667 1142">
     <span class='ocr_line' id='line_1_69' title="bbox 2083 1071 3667 1142; baseline -0.003 -15"><span class='ocrx_word' id='word_1_514' title='bbox 2083 1085 2176 1127; x_wconf 87' lang='lat' dir='ltr'><strong>aut</strong></span> <span class='ocrx_word' id='word_1_515' title='bbox 2207 1075 2272 1128; x_wconf 90' lang='lat' dir='ltr'><strong>ad</strong></span> <span class='ocrx_word' id='word_1_516' title='bbox 2312 1075 2636 1142; x_wconf 87' lang='lat' dir='ltr'><strong>placandum</strong></span> <span class='ocrx_word' id='word_1_517' title='bbox 2687 1075 2856 1128; x_wconf 90' lang='lat' dir='ltr'><strong>Deum</strong></span> <span class='ocrx_word' id='word_1_518' title='bbox 2903 1074 3084 1128; x_wconf 89' lang='lat' dir='ltr'><strong>animo</strong></span> <span class='ocrx_word' id='word_1_519' title='bbox 3115 1073 3401 1128; x_wconf 80' lang='lat' dir='ltr'><strong>deiecisse.</strong></span> <span class='ocrx_word' id='word_1_520' title='bbox 3435 1071 3503 1124; x_wconf 86' lang='lat' dir='ltr'><strong>Et</strong></span> <span class='ocrx_word' id='word_1_521' title='bbox 3547 1082 3667 1139; x_wconf 82' lang='lat' dir='ltr'><strong>post</strong></span> 
     </span>
    </p>
   </div>
   <div class='ocr_carea' id='block_1_70' title="bbox 2085 1164 3669 1236">
    <p class='ocr_par' dir='ltr' id='par_1_70' title="bbox 2085 1164 3669 1236">
     <span class='ocr_line' id='line_1_70' title="bbox 2085 1164 3669 1236; baseline -0.004 -16"><span class='ocrx_word' id='word_1_522' title='bbox 2085 1169 2444 1236; x_wconf 82' lang='lat' dir='ltr'><strong>cogitationes,</strong></span> <span class='ocrx_word' id='word_1_523' title='bbox 2482 1168 2678 1236; x_wconf 87' lang='lat' dir='ltr'><strong>inquit,</strong></span> <span class='ocrx_word' id='word_1_524' title='bbox 2728 1177 2938 1220; x_wconf 84' lang='lat' dir='ltr'><strong>nostras</strong></span> <span class='ocrx_word' id='word_1_525' title='bbox 2996 1167 3207 1219; x_wconf 69' lang='lat' dir='ltr'><strong>ibimus.</strong></span> <span class='ocrx_word' id='word_1_526' title='bbox 3259 1164 3357 1218; x_wconf 86' lang='lat' dir='ltr'><strong>Ubi</strong></span> <span class='ocrx_word' id='word_1_527' title='bbox 3393 1173 3481 1219; x_wconf 85' lang='lat' dir='ltr'><strong>est</strong></span> <span class='ocrx_word' id='word_1_528' title='bbox 3532 1179 3669 1233; x_wconf 81' lang='lat' dir='ltr'><strong>ergo</strong></span> 
     </span>
    </p>
   </div>
   <div class='ocr_carea' id='block_1_71' title="bbox 2088 1255 3672 1326">
    <p class='ocr_par' dir='ltr' id='par_1_71' title="bbox 2088 1255 3672 1326">
     <span class='ocr_line' id='line_1_71' title="bbox 2088 1255 3672 1326; baseline -0.004 -16"><span class='ocrx_word' id='word_1_529' title='bbox 2088 1258 2292 1326; x_wconf 76' lang='lat' dir='ltr'><strong>absque</strong></span> <span class='ocrx_word' id='word_1_530' title='bbox 2327 1256 2418 1312; x_wconf 91' lang='lat' dir='ltr'><strong>Dei</strong></span> <span class='ocrx_word' id='word_1_531' title='bbox 2451 1259 2624 1326; x_wconf 82' lang='lat' dir='ltr'><strong>gratia</strong></span> <span class='ocrx_word' id='word_1_532' title='bbox 2655 1259 2670 1288; x_wconf 76' lang='grc' dir='ltr'>ί</span> <span class='ocrx_word' id='word_1_533' title='bbox 2709 1257 2882 1311; x_wconf 90' lang='lat' dir='ltr'><strong>liberii</strong></span> <span class='ocrx_word' id='word_1_534' title='bbox 2914 1255 3124 1311; x_wconf 89' lang='lat' dir='ltr'><strong>arbitrii</strong></span> <span class='ocrx_word' id='word_1_535' title='bbox 3157 1265 3419 1322; x_wconf 86' lang='lat' dir='ltr'><strong>potestas,</strong></span> <span class='ocrx_word' id='word_1_536' title='bbox 3444 1264 3503 1309; x_wconf 89' lang='lat' dir='ltr'><strong>et</strong></span> <span class='ocrx_word' id='word_1_537' title='bbox 3533 1271 3672 1324; x_wconf 82' lang='lat' dir='ltr'><strong>pro-</strong></span> 
     </span>
    </p>
   </div>
   <div class='ocr_carea' id='block_1_72' title="bbox 2086 1345 3671 1419">
    <p class='ocr_par' dir='ltr' id='par_1_72' title="bbox 2086 1345 3671 1419">
     <span class='ocr_line' id='line_1_72' title="bbox 2086 1345 3671 1419; baseline -0.003 -18"><span class='ocrx_word' id='word_1_538' title='bbox 2086 1349 2219 1416; x_wconf 77' lang='lat' dir='ltr'><strong>prize</strong></span> <span class='ocrx_word' id='word_1_539' title='bbox 2263 1347 2530 1416; x_wconf 88' lang='lat' dir='ltr'><strong>judicium</strong></span> <span class='ocrx_word' id='word_1_540' title='bbox 2586 1349 2910 1411; x_wconf 87' lang='lat' dir='ltr'><strong>voluntatis,</strong></span> <span class='ocrx_word' id='word_1_541' title='bbox 2941 1364 3066 1403; x_wconf 88' lang='lat' dir='ltr'><strong>cum</strong></span> <span class='ocrx_word' id='word_1_542' title='bbox 3103 1347 3328 1419; x_wconf 74' lang='lat' dir='ltr'><strong>grandis</strong></span> <span class='ocrx_word' id='word_1_543' title='bbox 3355 1346 3559 1400; x_wconf 76' lang='lat' dir='ltr'><strong>oﬂ‘ensa</strong></span> <span class='ocrx_word' id='word_1_544' title='bbox 3594 1345 3671 1398; x_wconf 86' lang='lat' dir='ltr'><strong>sit</strong></span> 
     </span>
    </p>
   </div>
   <div class='ocr_carea' id='block_1_73' title="bbox 2087 1437 3673 1510">
    <p class='ocr_par' dir='ltr' id='par_1_73' title="bbox 2087 1437 3673 1510">
     <span class='ocr_line' id='line_1_73' title="bbox 2087 1437 3673 1510; baseline -0.004 -14"><span class='ocrx_word' id='word_1_545' title='bbox 2087 1441 2180 1496; x_wconf 87' lang='lat' dir='ltr'><strong>Dei</strong></span> <span class='ocrx_word' id='word_1_546' title='bbox 2205 1441 2358 1510; x_wconf 89' lang='lat' dir='ltr'><strong>sequi</strong></span> <span class='ocrx_word' id='word_1_547' title='bbox 2412 1441 2766 1510; x_wconf 83' lang='lat' dir='ltr'><strong>cogitationes</strong></span> <span class='ocrx_word' id='word_1_548' title='bbox 2817 1454 2944 1496; x_wconf 89' lang='lat' dir='ltr'><strong>suas</strong></span> <span class='ocrx_word' id='word_1_549' title='bbox 2986 1448 3040 1494; x_wconf 90' lang='lat' dir='ltr'><strong>et</strong></span> <span class='ocrx_word' id='word_1_550' title='bbox 3065 1439 3218 1509; x_wconf 90' lang='lat' dir='ltr'><strong>pravi</strong></span> <span class='ocrx_word' id='word_1_551' title='bbox 3270 1437 3450 1494; x_wconf 85' lang='lat' dir='ltr'><strong>cordis</strong></span> <span class='ocrx_word' id='word_1_552' title='bbox 3485 1437 3673 1491; x_wconf 78' lang='lat' dir='ltr'><strong>facere</strong></span> 
     </span>
    </p>
   </div>
   <div class='ocr_carea' id='block_1_74' title="bbox 2086 1533 3672 1604">
    <p class='ocr_par' dir='ltr' id='par_1_74' title="bbox 2086 1533 3672 1604">
     <span class='ocr_line' id='line_1_74' title="bbox 2086 1533 3672 1604; baseline -0.003 -18"><span class='ocrx_word' id='word_1_553' title='bbox 2086 1534 2463 1588; x_wconf 86' lang='lat' dir='ltr'><strong>voluntatem?</strong></span> <span class='ocrx_word' id='word_1_554' title='bbox 2495 1533 2788 1604; x_wconf 82' lang='lat' dir='ltr'><strong>Propterea</strong></span> <span class='ocrx_word' id='word_1_555' title='bbox 2835 1533 3019 1600; x_wconf 74' lang='lat' dir='ltr'><strong>infert,</strong></span> <span class='ocrx_word' id='word_1_556' title='bbox 3053 1533 3240 1588; x_wconf 89' lang='lat' dir='ltr'><strong>dicens</strong></span> <span class='ocrx_word' id='word_1_557' title='bbox 3269 1548 3285 1587; x_wconf 87' lang='lat'><strong>:</strong></span> <span class='ocrx_word' id='word_1_558' title='bbox 3335 1534 3672 1600; x_wconf 78' lang='lat' dir='ltr'><strong>Interrogatc</strong></span> 
     </span>
    </p>
   </div>
   <div class='ocr_carea' id='block_1_75' title="bbox 2091 1620 3670 1695">
    <p class='ocr_par' dir='ltr' id='par_1_75' title="bbox 2091 1620 3670 1695">
     <span class='ocr_line' id='line_1_75' title="bbox 2091 1620 3670 1695; baseline -0.004 -17"><span class='ocrx_word' id='word_1_559' title='bbox 2091 1635 2291 1695; x_wconf 82' lang='lat' dir='ltr'><strong>gentes,</strong></span> <span class='ocrx_word' id='word_1_560' title='bbox 2337 1633 2388 1678; x_wconf 86' lang='lat' dir='ltr'><strong>ct</strong></span> <span class='ocrx_word' id='word_1_561' title='bbox 2423 1641 2602 1679; x_wconf 85' lang='lat' dir='ltr'><strong>omnes</strong></span> <span class='ocrx_word' id='word_1_562' title='bbox 2626 1626 2680 1678; x_wconf 90' lang='lat' dir='ltr'><strong>in</strong></span> <span class='ocrx_word' id='word_1_563' title='bbox 2725 1626 2949 1679; x_wconf 83' lang='lat' dir='ltr'><strong>circuitu</strong></span> <span class='ocrx_word' id='word_1_564' title='bbox 2991 1624 3256 1685; x_wconf 81' lang='lat' dir='ltr'><strong>nationes.</strong></span> <span class='ocrx_word' id='word_1_565' title='bbox 3288 1622 3415 1693; x_wconf 91' lang='lat' dir='ltr'><strong>quis</strong></span> <span class='ocrx_word' id='word_1_566' title='bbox 3449 1620 3670 1683; x_wconf 79' lang='lat' dir='ltr'><strong>fecerit,</strong></span> 
     </span>
    </p>
   </div>
   <div class='ocr_carea' id='block_1_76' title="bbox 2092 1712 3675 1788">
    <p class='ocr_par' dir='ltr' id='par_1_76' title="bbox 2092 1712 3675 1788">
     <span class='ocr_line' id='line_1_76' title="bbox 2092 1712 3675 1788; baseline -0.003 -20"><span class='ocrx_word' id='word_1_567' title='bbox 2092 1717 2216 1784; x_wconf 87' lang='lat' dir='ltr'><strong>quis</strong></span> <span class='ocrx_word' id='word_1_568' title='bbox 2246 1717 2478 1770; x_wconf 87' lang='lat' dir='ltr'><strong>audierit</strong></span> <span class='ocrx_word' id='word_1_569' title='bbox 2513 1717 2670 1770; x_wconf 88' lang='lat' dir='ltr'><strong>idolis</strong></span> <span class='ocrx_word' id='word_1_570' title='bbox 2698 1717 2963 1780; x_wconf 79' lang='lat' dir='ltr'><strong>serviens,</strong></span> <span class='ocrx_word' id='word_1_571' title='bbox 2997 1730 3116 1788; x_wconf 66' lang='lat' dir='ltr'><strong>quae</strong></span> <span class='ocrx_word' id='word_1_572' title='bbox 3168 1714 3292 1784; x_wconf 73' lang='lat' dir='ltr'><strong>fecit</strong></span> <span class='ocrx_word' id='word_1_573' title='bbox 3331 1713 3490 1768; x_wconf 87' lang='lat' dir='ltr'><strong>nimis</strong></span> <span class='ocrx_word' id='word_1_574' title='bbox 3521 1712 3675 1780; x_wconf 79' lang='lat' dir='ltr'><strong>virgo</strong></span> 
     </span>
    </p>
   </div>
   <div class='ocr_carea' id='block_1_77' title="bbox 2091 1801 3679 1875">
    <p class='ocr_par' dir='ltr' id='par_1_77' title="bbox 2091 1801 3679 1875">
     <span class='ocr_line' id='line_1_77' title="bbox 2091 1801 3679 1875; baseline -0.005 -15"><span class='ocrx_word' id='word_1_575' title='bbox 2091 1805 2306 1860; x_wconf 75' lang='lat' dir='ltr'><strong>Israel?</strong></span> <span class='ocrx_word' id='word_1_576' title='bbox 2348 1806 2621 1875; x_wconf 75' lang='lat' dir='ltr'><strong>Virginem</strong></span> <span class='ocrx_word' id='word_1_577' title='bbox 2684 1815 2870 1860; x_wconf 87' lang='lat' dir='ltr'><strong>autem</strong></span> <span class='ocrx_word' id='word_1_578' title='bbox 2919 1813 3098 1870; x_wconf 87' lang='lat' dir='ltr'><strong>vocat,</strong></span> <span class='ocrx_word' id='word_1_579' title='bbox 3140 1819 3205 1860; x_wconf 92' lang='lat' dir='ltr'><strong>eo</strong></span> <span class='ocrx_word' id='word_1_580' title='bbox 3235 1803 3378 1873; x_wconf 88' lang='lat' dir='ltr'><strong>quod</strong></span> <span class='ocrx_word' id='word_1_581' title='bbox 3429 1801 3522 1856; x_wconf 88' lang='lat' dir='ltr'><strong>uni</strong></span> <span class='ocrx_word' id='word_1_582' title='bbox 3559 1801 3679 1854; x_wconf 88' lang='lat' dir='ltr'><strong>Deo</strong></span> 
     </span>
    </p>
   </div>
   <div class='ocr_carea' id='block_1_78' title="bbox 2092 1892 3678 1967">
    <p class='ocr_par' dir='ltr' id='par_1_78' title="bbox 2092 1892 3678 1967">
     <span class='ocr_line' id='line_1_78' title="bbox 2092 1892 3678 1967; baseline -0.005 -13"><span class='ocrx_word' id='word_1_583' title='bbox 2092 1899 2360 1965; x_wconf 79' lang='lat' dir='ltr'><strong>Servierit,</strong></span> <span class='ocrx_word' id='word_1_584' title='bbox 2393 1899 2605 1954; x_wconf 87' lang='lat' dir='ltr'><strong>dicente</strong></span> <span class='ocrx_word' id='word_1_585' title='bbox 2637 1899 2902 1967; x_wconf 83' lang='lat' dir='ltr'><strong>PrOpheta</strong></span> <span class='ocrx_word' id='word_1_586' title='bbox 2938 1915 2952 1952; x_wconf 88' lang='lat'><strong>:</strong></span> <span class='ocrx_word' id='word_1_587' title='bbox 2984 1897 3156 1950; x_wconf 85' lang='lat' dir='ltr'><strong>Notus</strong></span> <span class='ocrx_word' id='word_1_588' title='bbox 3187 1898 3241 1950; x_wconf 82' lang='lat' dir='ltr'><strong>in</strong></span> <span class='ocrx_word' id='word_1_589' title='bbox 3267 1895 3455 1950; x_wconf 76' lang='lat' dir='ltr'><strong>Iudam</strong></span> <span class='ocrx_word' id='word_1_590' title='bbox 3505 1892 3678 1956; x_wconf 78' lang='lat' dir='ltr'><strong>Deus,</strong></span> 
     </span>
    </p>
   </div>
   <div class='ocr_carea' id='block_1_79' title="bbox 2091 1987 3466 2060">
    <p class='ocr_par' dir='ltr' id='par_1_79' title="bbox 2091 1987 3466 2060">
     <span class='ocr_line' id='line_1_79' title="bbox 2091 1987 3466 2060; baseline -0.001 -18"><span class='ocrx_word' id='word_1_591' title='bbox 2091 1990 2143 2044; x_wconf 84' lang='lat' dir='ltr'><strong>in</strong></span> <span class='ocrx_word' id='word_1_592' title='bbox 2171 1989 2340 2044; x_wconf 82' lang='lat' dir='ltr'><strong>Israel</strong></span> <span class='ocrx_word' id='word_1_593' title='bbox 2366 2007 2614 2060; x_wconf 81' lang='lat' dir='ltr'><strong>magnum</strong></span> <span class='ocrx_word' id='word_1_594' title='bbox 2639 2006 2825 2044; x_wconf 83' lang='lat' dir='ltr'><strong>nomen</strong></span> <span class='ocrx_word' id='word_1_595' title='bbox 2849 1989 2961 2055; x_wconf 78' lang='lat' dir='ltr'><strong>eius</strong></span> <span class='ocrx_word' id='word_1_596' title='bbox 2991 1988 3172 2057; x_wconf 82' lang='lat' dir='ltr'><strong>(Psal.</strong></span> <span class='ocrx_word' id='word_1_597' title='bbox 3203 2003 3360 2050; x_wconf 81' lang='lat' dir='ltr'><strong>Lxxv,</strong></span> <span class='ocrx_word' id='word_1_598' title='bbox 3388 1987 3466 2057; x_wconf 76' lang='lat'><strong>2).</strong></span> 
     </span>
    </p>
   </div>
   <div class='ocr_carea' id='block_1_80' title="bbox 2167 2077 3679 2154">
    <p class='ocr_par' dir='ltr' id='par_1_80' title="bbox 2167 2077 3679 2154">
     <span class='ocr_line' id='line_1_80' title="bbox 2167 2077 3679 2154; baseline -0.005 -17"><span class='ocrx_word' id='word_1_599' title='bbox 2167 2082 2348 2154; x_wconf 82' lang='lat' dir='ltr'><strong>(Vers.</strong></span> <span class='ocrx_word' id='word_1_600' title='bbox 2379 2081 2491 2151; x_wconf 77' lang='lat' dir='ltr'><strong>H.)</strong></span> <span class='ocrx_word' id='word_1_601' title='bbox 2525 2101 2544 2134; x_wconf 73' lang='grc' dir='ltr'><strong>ι</strong></span> <span class='ocrx_word' id='word_1_602' title='bbox 2583 2081 2850 2152; x_wconf 83' lang='lat' dir='ltr'><strong>Numquid</strong></span> <span class='ocrx_word' id='word_1_603' title='bbox 2881 2081 3094 2136; x_wconf 87' lang='lat' dir='ltr'><strong>deﬁciet</strong></span> <span class='ocrx_word' id='word_1_604' title='bbox 3123 2081 3191 2138; x_wconf 85' lang='lat' dir='ltr'><strong>de</strong></span> <span class='ocrx_word' id='word_1_605' title='bbox 3224 2091 3374 2150; x_wconf 88' lang='lat' dir='ltr'><strong>petra</strong></span> <span class='ocrx_word' id='word_1_606' title='bbox 3433 2079 3549 2148; x_wconf 74' lang='lat' dir='ltr'><strong>agri</strong></span> <span class='ocrx_word' id='word_1_607' title='bbox 3582 2077 3679 2130; x_wconf 77' lang='lat' dir='ltr'><strong>nix</strong></span> 
     </span>
    </p>
   </div>
   <div class='ocr_carea' id='block_1_81' title="bbox 2092 2169 3682 2242">
    <p class='ocr_par' dir='ltr' id='par_1_81' title="bbox 2092 2169 3682 2242">
     <span class='ocr_line' id='line_1_81' title="bbox 2092 2169 3682 2242; baseline -0.006 -13"><span class='ocrx_word' id='word_1_608' title='bbox 2092 2173 2281 2230; x_wconf 87' lang='lat' dir='ltr'><strong>Libani</strong></span> <span class='ocrx_word' id='word_1_609' title='bbox 2317 2184 2449 2229; x_wconf 83' lang='lat' dir='ltr'><strong>:aut</strong></span> <span class='ocrx_word' id='word_1_610' title='bbox 2476 2174 2632 2228; x_wconf 87' lang='lat' dir='ltr'><strong>avelli</strong></span> <span class='ocrx_word' id='word_1_611' title='bbox 2661 2184 2884 2242; x_wconf 88' lang='lat' dir='ltr'><strong>possunt</strong></span> <span class='ocrx_word' id='word_1_612' title='bbox 2912 2187 3065 2242; x_wconf 71' lang='lat' dir='ltr'><strong>aquae</strong></span> <span class='ocrx_word' id='word_1_613' title='bbox 3088 2178 3438 2242; x_wconf 88' lang='lat' dir='ltr'><strong>erumpentes</strong></span> <span class='ocrx_word' id='word_1_614' title='bbox 3464 2169 3682 2238; x_wconf 73' lang='lat' dir='ltr'><strong>frigida:</strong></span> 
     </span>
    </p>
   </div>
   <div class='ocr_carea' id='block_1_82' title="bbox 2091 2251 3683 2334">
    <p class='ocr_par' dir='ltr' id='par_1_82' title="bbox 2091 2251 3683 2334">
     <span class='ocr_line' id='line_1_82' title="bbox 2091 2251 3683 2334; baseline -0.003 -14"><span class='ocrx_word' id='word_1_615' title='bbox 2091 2275 2146 2320; x_wconf 91' lang='lat' dir='ltr'><strong>et</strong></span> <span class='ocrx_word' id='word_1_616' title='bbox 2169 2265 2513 2321; x_wconf 78' lang='lat' dir='ltr'><strong>deﬂuentes?</strong></span> <span class='ocrx_word' id='word_1_617' title='bbox 2542 2284 2560 2317; x_wconf 74' lang='grc' dir='ltr'><strong>ι</strong></span> <span class='ocrx_word' id='word_1_618' title='bbox 2592 2265 2732 2320; x_wconf 79' lang='lat' dir='ltr'><strong>LXX</strong></span> <span class='ocrx_word' id='word_1_619' title='bbox 2758 2282 2772 2320; x_wconf 89' lang='lat'><strong>:</strong></span> <span class='ocrx_word' id='word_1_620' title='bbox 2802 2285 2821 2318; x_wconf 78' lang='grc' dir='ltr'><strong>ι</strong></span> <span class='ocrx_word' id='word_1_621' title='bbox 2854 2264 3124 2334; x_wconf 84' lang='lat' dir='ltr'><strong>Numquid</strong></span> <span class='ocrx_word' id='word_1_622' title='bbox 3153 2251 3404 2319; x_wconf 83' lang='lat' dir='ltr'><strong>deﬁcient</strong></span> <span class='ocrx_word' id='word_1_623' title='bbox 3429 2263 3498 2317; x_wconf 91' lang='lat' dir='ltr'><strong>de</strong></span> <span class='ocrx_word' id='word_1_624' title='bbox 3524 2273 3683 2332; x_wconf 77' lang='lat' dir='ltr'><strong>petra</strong></span> 
     </span>
    </p>
   </div>
   <div class='ocr_carea' id='block_1_83' title="bbox 2095 2355 3687 2423">
    <p class='ocr_par' dir='ltr' id='par_1_83' title="bbox 2095 2355 3687 2423">
     <span class='ocr_line' id='line_1_83' title="bbox 2095 2355 3687 2423; baseline -0.004 -11"><span class='ocrx_word' id='word_1_625' title='bbox 2095 2359 2282 2421; x_wconf 86' lang='lat' dir='ltr'><strong>ubera,</strong></span> <span class='ocrx_word' id='word_1_626' title='bbox 2313 2358 2408 2412; x_wconf 79' lang='lat' dir='ltr'><strong>au’t</strong></span> <span class='ocrx_word' id='word_1_627' title='bbox 2435 2359 2526 2412; x_wconf 78' lang='lat' dir='ltr'><strong>nix</strong></span> <span class='ocrx_word' id='word_1_628' title='bbox 2553 2359 2619 2413; x_wconf 90' lang='lat' dir='ltr'><strong>de</strong></span> <span class='ocrx_word' id='word_1_629' title='bbox 2669 2357 2896 2421; x_wconf 86' lang='lat' dir='ltr'><strong>Libano,</strong></span> <span class='ocrx_word' id='word_1_630' title='bbox 2923 2367 3015 2412; x_wconf 88' lang='lat' dir='ltr'><strong>aut</strong></span> <span class='ocrx_word' id='word_1_631' title='bbox 3041 2355 3336 2412; x_wconf 88' lang='lat' dir='ltr'><strong>declinabit</strong></span> <span class='ocrx_word' id='word_1_632' title='bbox 3377 2370 3536 2423; x_wconf 89' lang='lat' dir='ltr'><strong>aqua.</strong></span> <span class='ocrx_word' id='word_1_633' title='bbox 3565 2355 3687 2407; x_wconf 80' lang='lat' dir='ltr'><strong>vio-</strong></span> 
     </span>
    </p>
   </div>
   <div class='ocr_carea' id='block_1_84' title="bbox 2093 2443 3688 2519">
    <p class='ocr_par' dir='ltr' id='par_1_84' title="bbox 2093 2443 3688 2519">
     <span class='ocr_line' id='line_1_84' title="bbox 2093 2443 3688 2519; baseline -0.005 -15"><span class='ocrx_word' id='word_1_634' title='bbox 2093 2450 2269 2504; x_wconf 90' lang='lat' dir='ltr'><strong>lenter</strong></span> <span class='ocrx_word' id='word_1_635' title='bbox 2301 2449 2510 2505; x_wconf 87' lang='lat' dir='ltr'><strong>sublata</strong></span> <span class='ocrx_word' id='word_1_636' title='bbox 2549 2461 2708 2505; x_wconf 87' lang='lat' dir='ltr'><strong>vento</strong></span> <span class='ocrx_word' id='word_1_637' title='bbox 2736 2449 2759 2503; x_wconf 67' lang='grc' dir='ltr'>ἲ</span> <span class='ocrx_word' id='word_1_638' title='bbox 2793 2468 2812 2502; x_wconf 73' lang='grc' dir='ltr'><strong>ι</strong></span> <span class='ocrx_word' id='word_1_639' title='bbox 2849 2449 2981 2504; x_wconf 85' lang='lat' dir='ltr'><strong>Tale</strong></span> <span class='ocrx_word' id='word_1_640' title='bbox 3008 2448 3137 2519; x_wconf 87' lang='lat' dir='ltr'><strong>quid</strong></span> <span class='ocrx_word' id='word_1_641' title='bbox 3161 2458 3217 2504; x_wconf 91' lang='lat' dir='ltr'><strong>et</strong></span> <span class='ocrx_word' id='word_1_642' title='bbox 3257 2447 3391 2502; x_wconf 88' lang='lat' dir='ltr'><strong>illud</strong></span> <span class='ocrx_word' id='word_1_643' title='bbox 3422 2443 3688 2515; x_wconf 73' lang='lat' dir='ltr'><strong>Virgilia-</strong></span> 
     </span>
    </p>
   </div>
   <div class='ocr_carea' id='block_1_85' title="bbox 2093 2540 3044 2613">
    <p class='ocr_par' dir='ltr' id='par_1_85' title="bbox 2093 2540 3044 2613">
     <span class='ocr_line' id='line_1_85' title="bbox 2093 2540 3044 2613; baseline -0.001 -18"><span class='ocrx_word' id='word_1_644' title='bbox 2093 2555 2222 2595; x_wconf 86' lang='lat' dir='ltr'><strong>nutn</strong></span> <span class='ocrx_word' id='word_1_645' title='bbox 2249 2553 2403 2595; x_wconf 89' lang='lat' dir='ltr'><strong>sonat</strong></span> <span class='ocrx_word' id='word_1_646' title='bbox 2433 2540 2638 2613; x_wconf 81' lang='lat' dir='ltr'><strong>(Eclog.</strong></span> <span class='ocrx_word' id='word_1_647' title='bbox 2670 2556 2707 2607; x_wconf 84' lang='grc' dir='ltr'>ι,</span> <span class='ocrx_word' id='word_1_648' title='bbox 2735 2541 2802 2596; x_wconf 86' lang='grc'><strong>60</strong></span> <span class='ocrx_word' id='word_1_649' title='bbox 2832 2541 2994 2612; x_wconf 79' lang='lat' dir='ltr'><strong>seqq.)</strong></span> <span class='ocrx_word' id='word_1_650' title='bbox 3028 2557 3044 2594; x_wconf 86' lang='lat'><strong>:</strong></span> 
     </span>
    </p>
   </div>
   <div class='ocr_carea' id='block_1_86' title="bbox 2187 2666 3420 2729">
    <p class='ocr_par' dir='ltr' id='par_1_86' title="bbox 2187 2666 3420 2729">
     <span class='ocr_line' id='line_1_86' title="bbox 2187 2666 3420 2729; baseline -0.002 -12"><span class='ocrx_word' id='word_1_651' title='bbox 2187 2669 2316 2717; x_wconf 82' lang='lat' dir='ltr'><strong>Ante</strong></span> <span class='ocrx_word' id='word_1_652' title='bbox 2353 2669 2488 2718; x_wconf 84' lang='lat' dir='ltr'><strong>leves</strong></span> <span class='ocrx_word' id='word_1_653' title='bbox 2523 2682 2641 2727; x_wconf 73' lang='lat' dir='ltr'><strong>ergo</strong></span> <span class='ocrx_word' id='word_1_654' title='bbox 2662 2674 2927 2729; x_wconf 87' lang='lat' dir='ltr'><strong>pascentur</strong></span> <span class='ocrx_word' id='word_1_655' title='bbox 2960 2667 3007 2718; x_wconf 91' lang='lat' dir='ltr'><strong>in</strong></span> <span class='ocrx_word' id='word_1_656' title='bbox 3040 2669 3230 2717; x_wconf 69' lang='lat' dir='ltr'><strong>aethere</strong></span> <span class='ocrx_word' id='word_1_657' title='bbox 3262 2666 3420 2727; x_wconf 81' lang='lat' dir='ltr'><strong>cervi,</strong></span> 
     </span>
    </p>
   </div>
   <div class='ocr_carea' id='block_1_87' title="bbox 2187 2729 3396 2791">
    <p class='ocr_par' dir='ltr' id='par_1_87' title="bbox 2187 2729 3396 2791">
     <span class='ocr_line' id='line_1_87' title="bbox 2187 2729 3396 2791; baseline -0.003 -11"><span class='ocrx_word' id='word_1_658' title='bbox 2187 2731 2249 2780; x_wconf 81' lang='lat' dir='ltr'><strong>Et</strong></span> <span class='ocrx_word' id='word_1_659' title='bbox 2281 2731 2404 2779; x_wconf 82' lang='lat' dir='ltr'><strong>freta</strong></span> <span class='ocrx_word' id='word_1_660' title='bbox 2439 2735 2720 2780; x_wconf 83' lang='lat' dir='ltr'><strong>destituent</strong></span> <span class='ocrx_word' id='word_1_661' title='bbox 2753 2733 2910 2780; x_wconf 89' lang='lat' dir='ltr'><strong>nudos</strong></span> <span class='ocrx_word' id='word_1_662' title='bbox 2940 2733 2990 2780; x_wconf 89' lang='lat' dir='ltr'><strong>in</strong></span> <span class='ocrx_word' id='word_1_663' title='bbox 3024 2731 3192 2779; x_wconf 84' lang='lat' dir='ltr'><strong>littore</strong></span> <span class='ocrx_word' id='word_1_664' title='bbox 3215 2729 3396 2791; x_wconf 88' lang='lat' dir='ltr'><strong>pisces,</strong></span> 
     </span>
    </p>
   </div>
   <div class='ocr_carea' id='block_1_88' title="bbox 2190 2791 3378 2855">
    <p class='ocr_par' dir='ltr' id='par_1_88' title="bbox 2190 2791 3378 2855">
     <span class='ocr_line' id='line_1_88' title="bbox 2190 2791 3378 2855; baseline -0.002 -15"><span class='ocrx_word' id='word_1_665' title='bbox 2190 2795 2343 2852; x_wconf 88' lang='lat' dir='ltr'><strong>Quam</strong></span> <span class='ocrx_word' id='word_1_666' title='bbox 2377 2799 2546 2841; x_wconf 87' lang='lat' dir='ltr'><strong>nostro</strong></span> <span class='ocrx_word' id='word_1_667' title='bbox 2581 2791 2717 2842; x_wconf 89' lang='lat' dir='ltr'><strong>illius</strong></span> <span class='ocrx_word' id='word_1_668' title='bbox 2754 2792 2942 2842; x_wconf 87' lang='lat' dir='ltr'><strong>labatur</strong></span> <span class='ocrx_word' id='word_1_669' title='bbox 2968 2798 3174 2855; x_wconf 87' lang='lat' dir='ltr'><strong>pectore</strong></span> <span class='ocrx_word' id='word_1_670' title='bbox 3198 2794 3378 2840; x_wconf 90' lang='lat' dir='ltr'><strong>vultus.</strong></span> 
     </span>
    </p>
   </div>
   <div class='ocr_carea' id='block_1_89' title="bbox 2101 2913 3246 2986">
    <p class='ocr_par' dir='ltr' id='par_1_89' title="bbox 2101 2913 3246 2986">
     <span class='ocr_line' id='line_1_89' title="bbox 2101 2913 3246 2986; baseline 0.002 -18"><span class='ocrx_word' id='word_1_671' title='bbox 2101 2913 2168 2969; x_wconf 84' lang='lat' dir='ltr'><strong>Et</strong></span> <span class='ocrx_word' id='word_1_672' title='bbox 2191 2915 2245 2968; x_wconf 90' lang='lat' dir='ltr'><strong>in</strong></span> <span class='ocrx_word' id='word_1_673' title='bbox 2274 2915 2382 2968; x_wconf 85' lang='lat' dir='ltr'><strong>alio</strong></span> <span class='ocrx_word' id='word_1_674' title='bbox 2413 2919 2533 2970; x_wconf 89' lang='lat' dir='ltr'><strong>loco</strong></span> <span class='ocrx_word' id='word_1_675' title='bbox 2559 2913 2801 2986; x_wconf 78' lang='lat' dir='ltr'><strong>(.Eneid.</strong></span> <span class='ocrx_word' id='word_1_676' title='bbox 2830 2931 2870 2981; x_wconf 87' lang='grc' dir='ltr'>ι,</span> <span class='ocrx_word' id='word_1_677' title='bbox 2904 2915 3000 2969; x_wconf 83' lang='grc'><strong>611</strong></span> <span class='ocrx_word' id='word_1_678' title='bbox 3029 2915 3192 2986; x_wconf 77' lang='lat' dir='ltr'><strong>seqq.)</strong></span> <span class='ocrx_word' id='word_1_679' title='bbox 3233 2931 3246 2970; x_wconf 87' lang='lat'><strong>:</strong></span> 
     </span>
    </p>
   </div>
   <div class='ocr_carea' id='block_1_90' title="bbox 2190 3025 3586 3084">
    <p class='ocr_par' dir='ltr' id='par_1_90' title="bbox 2190 3025 3586 3084">
     <span class='ocr_line' id='line_1_90' title="bbox 2190 3025 3586 3084; baseline 0 -8"><span class='ocrx_word' id='word_1_680' title='bbox 2190 3026 2242 3077; x_wconf 87' lang='lat' dir='ltr'><strong>lu</strong></span> <span class='ocrx_word' id='word_1_681' title='bbox 2264 3026 2386 3075; x_wconf 82' lang='lat' dir='ltr'><strong>freta</strong></span> <span class='ocrx_word' id='word_1_682' title='bbox 2410 3027 2522 3074; x_wconf 84' lang='lat' dir='ltr'><strong>dum</strong></span> <span class='ocrx_word' id='word_1_683' title='bbox 2559 3025 2694 3075; x_wconf 81' lang='lat' dir='ltr'><strong>ﬂuvii</strong></span> <span class='ocrx_word' id='word_1_684' title='bbox 2727 3032 2948 3084; x_wconf 81' lang='lat' dir='ltr'><strong>current,</strong></span> <span class='ocrx_word' id='word_1_685' title='bbox 2975 3027 3090 3075; x_wconf 89' lang='lat' dir='ltr'><strong>dum</strong></span> <span class='ocrx_word' id='word_1_686' title='bbox 3116 3026 3368 3076; x_wconf 88' lang='lat' dir='ltr'><strong>montibus</strong></span> <span class='ocrx_word' id='word_1_687' title='bbox 3395 3025 3586 3076; x_wconf 78' lang='lat' dir='ltr'><strong>timbrte</strong></span> 
     </span>
    </p>
   </div>
   <div class='ocr_carea' id='block_1_91' title="bbox 2197 3089 3474 3151">
    <p class='ocr_par' dir='ltr' id='par_1_91' title="bbox 2197 3089 3474 3151">
     <span class='ocr_line' id='line_1_91' title="bbox 2197 3089 3474 3151; baseline -0.002 -13"><span class='ocrx_word' id='word_1_688' title='bbox 2197 3089 2520 3149; x_wconf 78' lang='lat' dir='ltr'><strong>Lustrabuut,</strong></span> <span class='ocrx_word' id='word_1_689' title='bbox 2555 3101 2776 3136; x_wconf 80' lang='lat' dir='ltr'><strong>convexa</strong></span> <span class='ocrx_word' id='word_1_690' title='bbox 2791 3089 2934 3151; x_wconf 89' lang='lat' dir='ltr'><strong>polus</strong></span> <span class='ocrx_word' id='word_1_691' title='bbox 2957 3090 3262 3151; x_wconf 15' lang='lat' dir='ltr'><strong>dumrsidera</strong></span> <span class='ocrx_word' id='word_1_692' title='bbox 3288 3098 3474 3148; x_wconf 85' lang='lat' dir='ltr'><strong>pascet,</strong></span> 
     </span>
    </p>
   </div>
   <div class='ocr_carea' id='block_1_92' title="bbox 2197 3150 3690 3212">
    <p class='ocr_par' dir='ltr' id='par_1_92' title="bbox 2197 3150 3690 3212">
     <span class='ocr_line' id='line_1_92' title="bbox 2197 3150 3690 3212; baseline 0.001 -14"><span class='ocrx_word' id='word_1_693' title='bbox 2197 3151 2406 3211; x_wconf 83' lang='lat' dir='ltr'><strong>Semper</strong></span> <span class='ocrx_word' id='word_1_694' title='bbox 2439 3151 2596 3198; x_wconf 85' lang='lat' dir='ltr'><strong>honos</strong></span> <span class='ocrx_word' id='word_1_695' title='bbox 2623 3150 3063 3212; x_wconf 89' lang='lat' dir='ltr'><strong>nomenquetuurn</strong></span> <span class='ocrx_word' id='word_1_696' title='bbox 3088 3150 3358 3211; x_wconf 85' lang='lat' dir='ltr'><strong>laudesque</strong></span> <span class='ocrx_word' id='word_1_697' title='bbox 3388 3151 3690 3200; x_wconf 85' lang='lat' dir='ltr'><strong>manebunt.</strong></span> 
     </span>
    </p>
   </div>
   <div class='ocr_carea' id='block_1_93' title="bbox 2103 3273 3691 3345">
    <p class='ocr_par' dir='ltr' id='par_1_93' title="bbox 2103 3273 3691 3345">
     <span class='ocr_line' id='line_1_93' title="bbox 2103 3273 3691 3345; baseline -0.001 -14"><span class='ocrx_word' id='word_1_698' title='bbox 2103 3277 2406 3343; x_wconf 82' lang='lat' dir='ltr'><strong>Quomodo,</strong></span> <span class='ocrx_word' id='word_1_699' title='bbox 2440 3275 2636 3345; x_wconf 90' lang='lat' dir='ltr'><strong>inquit,</strong></span> <span class='ocrx_word' id='word_1_700' title='bbox 2675 3275 2769 3328; x_wconf 78' lang='lat' dir='ltr'><strong>nix</strong></span> <span class='ocrx_word' id='word_1_701' title='bbox 2810 3274 2876 3328; x_wconf 89' lang='lat' dir='ltr'><strong>de</strong></span> <span class='ocrx_word' id='word_1_702' title='bbox 2905 3273 3102 3328; x_wconf 83' lang='lat' dir='ltr'><strong>Libani</strong></span> <span class='ocrx_word' id='word_1_703' title='bbox 3149 3274 3558 3330; x_wconf 84' lang='lat' dir='ltr'><strong>summitatibus</strong></span> <span class='ocrx_word' id='word_1_704' title='bbox 3586 3279 3691 3330; x_wconf 53' lang='lat' dir='ltr'><strong>de-</strong></span> 
     </span>
    </p>
   </div>
   <div class='ocr_carea' id='block_1_94' title="bbox 2106 3366 3693 3439">
    <p class='ocr_par' dir='ltr' id='par_1_94' title="bbox 2106 3366 3693 3439">
     <span class='ocr_line' id='line_1_94' title="bbox 2106 3366 3693 3439; baseline -0.003 -15"><span class='ocrx_word' id='word_1_705' title='bbox 2106 3373 2266 3426; x_wconf 84' lang='lat' dir='ltr'><strong>ﬁcere</strong></span> <span class='ocrx_word' id='word_1_706' title='bbox 2294 3386 2399 3424; x_wconf 90' lang='lat' dir='ltr'><strong>non</strong></span> <span class='ocrx_word' id='word_1_707' title='bbox 2432 3378 2609 3439; x_wconf 86' lang='lat' dir='ltr'><strong>potest</strong></span> <span class='ocrx_word' id='word_1_708' title='bbox 2635 3385 2652 3436; x_wconf 84' lang='lat'><strong>;</strong></span> <span class='ocrx_word' id='word_1_709' title='bbox 2679 3384 2778 3422; x_wconf 90' lang='lat' dir='ltr'><strong>nec</strong></span> <span class='ocrx_word' id='word_1_710' title='bbox 2802 3367 2933 3430; x_wconf 88' lang='lat' dir='ltr'><strong>ullo,</strong></span> <span class='ocrx_word' id='word_1_711' title='bbox 2959 3376 3016 3421; x_wconf 92' lang='lat' dir='ltr'><strong>ut</strong></span> <span class='ocrx_word' id='word_1_712' title='bbox 3038 3366 3217 3421; x_wconf 78' lang='lat' dir='ltr'><strong>ornnis</strong></span> <span class='ocrx_word' id='word_1_713' title='bbox 3236 3367 3532 3435; x_wconf 76' lang='lat' dir='ltr'><strong>liquescat.</strong></span> <span class='ocrx_word' id='word_1_714' title='bbox 3554 3367 3693 3422; x_wconf 75' lang='lat' dir='ltr'><strong>aulis</strong></span> 
     </span>
    </p>
   </div>
   <div class='ocr_carea' id='block_1_95' title="bbox 2105 3455 3690 3526">
    <p class='ocr_par' dir='ltr' id='par_1_95' title="bbox 2105 3455 3690 3526">
     <span class='ocr_line' id='line_1_95' title="bbox 2105 3455 3690 3526; baseline 0 -14"><span class='ocrx_word' id='word_1_715' title='bbox 2105 3460 2302 3512; x_wconf 86' lang='lat' dir='ltr'><strong>ardore</strong></span> <span class='ocrx_word' id='word_1_716' title='bbox 2336 3467 2646 3524; x_wconf 70' lang='lat' dir='ltr'><strong>superatur,</strong></span> <span class='ocrx_word' id='word_1_717' title='bbox 2673 3455 3010 3526; x_wconf 83' lang='lat' dir='ltr'><strong>(luentesque</strong></span> <span class='ocrx_word' id='word_1_718' title='bbox 3035 3457 3100 3509; x_wconf 91' lang='lat' dir='ltr'><strong>de</strong></span> <span class='ocrx_word' id='word_1_719' title='bbox 3128 3458 3403 3511; x_wconf 89' lang='lat' dir='ltr'><strong>montibus</strong></span> <span class='ocrx_word' id='word_1_720' title='bbox 3438 3458 3563 3523; x_wconf 88' lang='lat' dir='ltr'><strong>rivi,</strong></span> <span class='ocrx_word' id='word_1_721' title='bbox 3589 3474 3690 3512; x_wconf 85' lang='lat' dir='ltr'><strong>ne-</strong></span> 
     </span>
    </p>
   </div>
   <div class='ocr_carea' id='block_1_96' title="bbox 2105 3551 3692 3624">
    <p class='ocr_par' dir='ltr' id='par_1_96' title="bbox 2105 3551 3692 3624">
     <span class='ocr_line' id='line_1_96' title="bbox 2105 3551 3692 3624; baseline 0 -19"><span class='ocrx_word' id='word_1_722' title='bbox 2105 3569 2379 3624; x_wconf 83' lang='lat' dir='ltr'><strong>quaquam</strong></span> <span class='ocrx_word' id='word_1_723' title='bbox 2421 3553 2705 3607; x_wconf 88' lang='lat' dir='ltr'><strong>siccantur</strong></span> <span class='ocrx_word' id='word_1_724' title='bbox 2735 3551 2789 3604; x_wconf 90' lang='lat' dir='ltr'><strong>in</strong></span> <span class='ocrx_word' id='word_1_725' title='bbox 2823 3551 3100 3607; x_wconf 80' lang='lat' dir='ltr'><strong>fontibus:</strong></span> <span class='ocrx_word' id='word_1_726' title='bbox 3130 3552 3209 3605; x_wconf 89' lang='lat' dir='ltr'><strong>sic</strong></span> <span class='ocrx_word' id='word_1_727' title='bbox 3249 3567 3426 3605; x_wconf 88' lang='lat' dir='ltr'><strong>meum</strong></span> <span class='ocrx_word' id='word_1_728' title='bbox 3462 3568 3692 3617; x_wconf 89' lang='lat' dir='ltr'><strong>nomen,</strong></span> 
     </span>
    </p>
   </div>
   <div class='ocr_carea' id='block_1_97' title="bbox 2106 3643 3690 3713">
    <p class='ocr_par' dir='ltr' id='par_1_97' title="bbox 2106 3643 3690 3713">
     <span class='ocr_line' id='line_1_97' title="bbox 2106 3643 3690 3713; baseline 0 -16"><span class='ocrx_word' id='word_1_729' title='bbox 2106 3645 2248 3713; x_wconf 90' lang='lat' dir='ltr'><strong>quod</strong></span> <span class='ocrx_word' id='word_1_730' title='bbox 2280 3658 2375 3713; x_wconf 91' lang='lat' dir='ltr'><strong>per</strong></span> <span class='ocrx_word' id='word_1_731' title='bbox 2403 3659 2460 3698; x_wconf 80' lang='lat' dir='ltr'><strong>se.</strong></span> <span class='ocrx_word' id='word_1_732' title='bbox 2483 3643 2676 3697; x_wconf 86' lang='lat' dir='ltr'><strong>stabile</strong></span> <span class='ocrx_word' id='word_1_733' title='bbox 2723 3651 2806 3698; x_wconf 90' lang='lat' dir='ltr'><strong>est</strong></span> <span class='ocrx_word' id='word_1_734' title='bbox 2837 3650 3000 3710; x_wconf 88' lang='lat' dir='ltr'><strong>atque</strong></span> <span class='ocrx_word' id='word_1_735' title='bbox 3030 3652 3365 3711; x_wconf 88' lang='lat' dir='ltr'><strong>perpetuum,</strong></span> <span class='ocrx_word' id='word_1_736' title='bbox 3391 3657 3499 3696; x_wconf 89' lang='lat' dir='ltr'><strong>non</strong></span> <span class='ocrx_word' id='word_1_737' title='bbox 3532 3655 3690 3712; x_wconf 83' lang='lat' dir='ltr'><strong>pote-</strong></span> 
     </span>
    </p>
   </div>
   <div class='ocr_carea' id='block_1_98' title="bbox 2076 3734 3694 3799">
    <p class='ocr_par' dir='ltr' id='par_1_98' title="bbox 2076 3734 3694 3799">
     <span class='ocr_line' id='line_1_98' title="bbox 2076 3734 3694 3799; baseline 0 -11"><span class='ocrx_word' id='word_1_738' title='bbox 2076 3736 2178 3788; x_wconf 47' lang='lat' dir='ltr'><strong>.rit</strong></span> <span class='ocrx_word' id='word_1_739' title='bbox 2214 3734 2507 3799; x_wconf 88' lang='lat' dir='ltr'><strong>innnutari,</strong></span> <span class='ocrx_word' id='word_1_740' title='bbox 2534 3743 2586 3787; x_wconf 87' lang='lat' dir='ltr'><strong>et</strong></span> <span class='ocrx_word' id='word_1_741' title='bbox 2618 3744 2793 3788; x_wconf 88' lang='lat' dir='ltr'><strong>tamen</strong></span> <span class='ocrx_word' id='word_1_742' title='bbox 2827 3748 2949 3787; x_wconf 91' lang='lat' dir='ltr'><strong>cum</strong></span> <span class='ocrx_word' id='word_1_743' title='bbox 2979 3741 3172 3787; x_wconf 66' lang='lat' dir='ltr'><strong>caetera</strong></span> <span class='ocrx_word' id='word_1_744' title='bbox 3196 3743 3404 3786; x_wconf 80' lang='lat' dir='ltr'><strong>natura:</strong></span> <span class='ocrx_word' id='word_1_745' title='bbox 3437 3736 3694 3788; x_wconf 83' lang='lat' dir='ltr'><strong>ordinem</strong></span> 
     </span>
    </p>
   </div>
   <div class='ocr_carea' id='block_1_99' title="bbox 2107 3823 3696 3895">
    <p class='ocr_par' dir='ltr' id='par_1_99' title="bbox 2107 3823 3696 3895">
     <span class='ocr_line' id='line_1_99' title="bbox 2107 3823 3696 3895; baseline -0.001 -14"><span class='ocrx_word' id='word_1_746' title='bbox 2107 3836 2348 3892; x_wconf 86' lang='lat' dir='ltr'><strong>servent,</strong></span> <span class='ocrx_word' id='word_1_747' title='bbox 2392 3823 2622 3895; x_wconf 78' lang='lat' dir='ltr'><strong>pupulas</strong></span> <span class='ocrx_word' id='word_1_748' title='bbox 2679 3838 2830 3880; x_wconf 88' lang='lat' dir='ltr'><strong>meus</strong></span> <span class='ocrx_word' id='word_1_749' title='bbox 2879 3823 3082 3880; x_wconf 84' lang='lat' dir='ltr'><strong>oblitus</strong></span> <span class='ocrx_word' id='word_1_750' title='bbox 3143 3833 3224 3878; x_wconf 87' lang='lat' dir='ltr'><strong>est</strong></span> <span class='ocrx_word' id='word_1_751' title='bbox 3270 3827 3398 3883; x_wconf 88' lang='lat' dir='ltr'><strong>mei.</strong></span> <span class='ocrx_word' id='word_1_752' title='bbox 3429 3824 3696 3895; x_wconf 85' lang='lat' dir='ltr'><strong>Sequitur</strong></span> 
     </span>
    </p>
   </div>
   <div class='ocr_carea' id='block_1_100' title="bbox 2104 3921 2294 3973">
    <p class='ocr_par' dir='ltr' id='par_1_100' title="bbox 2104 3921 2294 3973">
     <span class='ocr_line' id='line_1_100' title="bbox 2104 3921 2294 3973; baseline 0 -1"><span class='ocrx_word' id='word_1_753' title='bbox 2104 3921 2248 3973; x_wconf 90' lang='lat' dir='ltr'><strong>enim</strong></span> <span class='ocrx_word' id='word_1_754' title='bbox 2281 3935 2294 3973; x_wconf 87' lang='lat'><strong>:</strong></span> 
     </span>
    </p>
   </div>
   <div class='ocr_carea' id='block_1_101' title="bbox 2181 4009 3692 4084">
    <p class='ocr_par' dir='ltr' id='par_1_101' title="bbox 2181 4009 3692 4084">
     <span class='ocr_line' id='line_1_101' title="bbox 2181 4009 3692 4084; baseline 0 -17"><span class='ocrx_word' id='word_1_755' title='bbox 2181 4012 2359 4084; x_wconf 82' lang='lat' dir='ltr'><strong>(Vers.</strong></span> <span class='ocrx_word' id='word_1_756' title='bbox 2395 4013 2506 4081; x_wconf 78' lang='grc'><strong>15.)</strong></span> <span class='ocrx_word' id='word_1_757' title='bbox 2544 4031 2562 4064; x_wconf 76' lang='grc' dir='ltr'><strong>ι</strong></span> <span class='ocrx_word' id='word_1_758' title='bbox 2601 4011 2736 4080; x_wconf 78' lang='lat' dir='ltr'><strong>Quia</strong></span> <span class='ocrx_word' id='word_1_759' title='bbox 2772 4010 2969 4066; x_wconf 87' lang='lat' dir='ltr'><strong>oblitus</strong></span> <span class='ocrx_word' id='word_1_760' title='bbox 2995 4019 3079 4066; x_wconf 86' lang='lat' dir='ltr'><strong>est</strong></span> <span class='ocrx_word' id='word_1_761' title='bbox 3123 4013 3226 4064; x_wconf 81' lang='lat' dir='ltr'><strong>mei</strong></span> <span class='ocrx_word' id='word_1_762' title='bbox 3254 4009 3485 4080; x_wconf 85' lang='lat' dir='ltr'><strong>populus</strong></span> <span class='ocrx_word' id='word_1_763' title='bbox 3514 4027 3692 4077; x_wconf 89' lang='lat' dir='ltr'><strong>meus,</strong></span> 
     </span>
    </p>
   </div>
   <div class='ocr_carea' id='block_1_102' title="bbox 2110 4099 3696 4172">
    <p class='ocr_par' dir='ltr' id='par_1_102' title="bbox 2110 4099 3696 4172">
     <span class='ocr_line' id='line_1_102' title="bbox 2110 4099 3696 4172; baseline -0.003 -14"><span class='ocrx_word' id='word_1_764' title='bbox 2110 4103 2309 4158; x_wconf 80' lang='lat' dir='ltr'><strong>frustra</strong></span> <span class='ocrx_word' id='word_1_765' title='bbox 2331 4104 2564 4157; x_wconf 90' lang='lat' dir='ltr'><strong>libantes</strong></span> <span class='ocrx_word' id='word_1_766' title='bbox 2585 4111 2638 4157; x_wconf 90' lang='lat' dir='ltr'><strong>et</strong></span> <span class='ocrx_word' id='word_1_767' title='bbox 2664 4101 3027 4172; x_wconf 71' lang='lat' dir='ltr'><strong>impingentes</strong></span> <span class='ocrx_word' id='word_1_768' title='bbox 3049 4104 3102 4156; x_wconf 91' lang='lat' dir='ltr'><strong>in</strong></span> <span class='ocrx_word' id='word_1_769' title='bbox 3127 4101 3226 4156; x_wconf 90' lang='lat' dir='ltr'><strong>viis</strong></span> <span class='ocrx_word' id='word_1_770' title='bbox 3244 4100 3380 4163; x_wconf 86' lang='lat' dir='ltr'><strong>suis,</strong></span> <span class='ocrx_word' id='word_1_771' title='bbox 3401 4099 3457 4154; x_wconf 88' lang='lat' dir='ltr'><strong>in</strong></span> <span class='ocrx_word' id='word_1_772' title='bbox 3481 4102 3696 4154; x_wconf 87' lang='lat' dir='ltr'><strong>semitis</strong></span> 
     </span>
    </p>
   </div>
   <div class='ocr_carea' id='block_1_103' title="bbox 2107 4193 3692 4267">
    <p class='ocr_par' dir='ltr' id='par_1_103' title="bbox 2107 4193 3692 4267">
     <span class='ocr_line' id='line_1_103' title="bbox 2107 4193 3692 4267; baseline -0.003 -16"><span class='ocrx_word' id='word_1_773' title='bbox 2107 4196 2290 4251; x_wconf 71' lang='lat' dir='ltr'><strong>sa~culi</strong></span> <span class='ocrx_word' id='word_1_774' title='bbox 2326 4198 2450 4267; x_wconf 81' lang='lat' dir='ltr'><strong>(sive</strong></span> <span class='ocrx_word' id='word_1_775' title='bbox 2484 4194 2852 4264; x_wconf 86' lang='lat' dir='ltr'><strong>sempiternis)</strong></span> <span class='ocrx_word' id='word_1_776' title='bbox 2882 4203 2940 4248; x_wconf 88' lang='lat' dir='ltr'><strong>ut</strong></span> <span class='ocrx_word' id='word_1_777' title='bbox 2983 4193 3327 4249; x_wconf 87' lang='lat' dir='ltr'><strong>ambularent</strong></span> <span class='ocrx_word' id='word_1_778' title='bbox 3359 4208 3458 4260; x_wconf 90' lang='lat' dir='ltr'><strong>per</strong></span> <span class='ocrx_word' id='word_1_779' title='bbox 3484 4209 3586 4249; x_wconf 91' lang='lat' dir='ltr'><strong>eas</strong></span> <span class='ocrx_word' id='word_1_780' title='bbox 3638 4194 3692 4247; x_wconf 89' lang='lat' dir='ltr'><strong>in</strong></span> 
     </span>
    </p>
   </div>
   <div class='ocr_carea' id='block_1_104' title="bbox 2110 4285 3695 4358">
    <p class='ocr_par' dir='ltr' id='par_1_104' title="bbox 2110 4285 3695 4358">
     <span class='ocr_line' id='line_1_104' title="bbox 2110 4285 3695 4358; baseline -0.003 -14"><span class='ocrx_word' id='word_1_781' title='bbox 2110 4291 2300 4344; x_wconf 84' lang='lat' dir='ltr'><strong>itinere</strong></span> <span class='ocrx_word' id='word_1_782' title='bbox 2324 4303 2426 4342; x_wconf 91' lang='lat' dir='ltr'><strong>non</strong></span> <span class='ocrx_word' id='word_1_783' title='bbox 2456 4289 2605 4342; x_wconf 91' lang='lat' dir='ltr'><strong>trito.</strong></span> <span class='ocrx_word' id='word_1_784' title='bbox 2641 4306 2659 4339; x_wconf 81' lang='grc'>›</span> <span class='ocrx_word' id='word_1_785' title='bbox 2696 4286 2795 4352; x_wconf 86' lang='lat' dir='ltr'><strong>Qui</strong></span> <span class='ocrx_word' id='word_1_786' title='bbox 2825 4287 3164 4347; x_wconf 87' lang='lat' dir='ltr'><strong>obliviscitur</strong></span> <span class='ocrx_word' id='word_1_787' title='bbox 3207 4285 3322 4351; x_wconf 83' lang='lat' dir='ltr'><strong>Dei,</strong></span> <span class='ocrx_word' id='word_1_788' title='bbox 3353 4299 3408 4340; x_wconf 92' lang='lat' dir='ltr'><strong>et</strong></span> <span class='ocrx_word' id='word_1_789' title='bbox 3436 4287 3695 4358; x_wconf 88' lang='lat' dir='ltr'><strong>relinquit</strong></span> 
     </span>
    </p>
   </div>
   <div class='ocr_carea' id='block_1_105' title="bbox 2110 4375 3692 4449">
    <p class='ocr_par' dir='ltr' id='par_1_105' title="bbox 2110 4375 3692 4449">
     <span class='ocr_line' id='line_1_105' title="bbox 2110 4375 3692 4449; baseline 0 -14"><span class='ocrx_word' id='word_1_790' title='bbox 2110 4383 2286 4445; x_wconf 90' lang='lat' dir='ltr'><strong>illum,</strong></span> <span class='ocrx_word' id='word_1_791' title='bbox 2311 4380 2402 4449; x_wconf 85' lang='lat' dir='ltr'><strong>qui</strong></span> <span class='ocrx_word' id='word_1_792' title='bbox 2436 4379 2564 4434; x_wconf 90' lang='lat' dir='ltr'><strong>dicit</strong></span> <span class='ocrx_word' id='word_1_793' title='bbox 2597 4378 2802 4448; x_wconf 76' lang='lat'><strong>:971</strong></span> <span class='ocrx_word' id='word_1_794' title='bbox 2835 4377 2945 4448; x_wconf 82' lang='lat' dir='ltr'><strong>Ego</strong></span> <span class='ocrx_word' id='word_1_795' title='bbox 2973 4394 3090 4432; x_wconf 88' lang='lat' dir='ltr'><strong>sum</strong></span> <span class='ocrx_word' id='word_1_796' title='bbox 3134 4375 3421 4448; x_wconf 82' lang='lat' dir='ltr'><strong>uia(Joan.</strong></span> <span class='ocrx_word' id='word_1_797' title='bbox 3453 4393 3571 4443; x_wconf 74' lang='lat' dir='ltr'><strong>stv,</strong></span> <span class='ocrx_word' id='word_1_798' title='bbox 3604 4379 3692 4448; x_wconf 85' lang='lat'><strong>6);</strong></span> 
     </span>
    </p>
   </div>
   <div class='ocr_carea' id='block_1_106' title="bbox 2110 4469 3693 4541">
    <p class='ocr_par' dir='ltr' id='par_1_106' title="bbox 2110 4469 3693 4541">
     <span class='ocr_line' id='line_1_106' title="bbox 2110 4469 3693 4541; baseline -0.003 -14"><span class='ocrx_word' id='word_1_799' title='bbox 2110 4473 2350 4540; x_wconf 87' lang='lat' dir='ltr'><strong>libatque</strong></span> <span class='ocrx_word' id='word_1_800' title='bbox 2379 4471 2483 4525; x_wconf 88' lang='lat' dir='ltr'><strong>diis</strong></span> <span class='ocrx_word' id='word_1_801' title='bbox 2515 4470 2733 4532; x_wconf 82' lang='lat' dir='ltr'><strong>alienis,</strong></span> <span class='ocrx_word' id='word_1_802' title='bbox 2764 4469 3010 4540; x_wconf 76' lang='lat' dir='ltr'><strong>impingit</strong></span> <span class='ocrx_word' id='word_1_803' title='bbox 3035 4469 3088 4522; x_wconf 92' lang='lat' dir='ltr'><strong>iu</strong></span> <span class='ocrx_word' id='word_1_804' title='bbox 3142 4470 3248 4523; x_wconf 87' lang='lat' dir='ltr'><strong>viis</strong></span> <span class='ocrx_word' id='word_1_805' title='bbox 3299 4470 3435 4532; x_wconf 89' lang='lat' dir='ltr'><strong>suis,</strong></span> <span class='ocrx_word' id='word_1_806' title='bbox 3474 4486 3693 4541; x_wconf 82' lang='lat' dir='ltr'><strong>nequa-</strong></span> 
     </span>
    </p>
   </div>
   <div class='ocr_carea' id='block_1_107' title="bbox 2109 4561 3696 4635">
    <p class='ocr_par' dir='ltr' id='par_1_107' title="bbox 2109 4561 3696 4635">
     <span class='ocr_line' id='line_1_107' title="bbox 2109 4561 3696 4635; baseline 0.001 -17"><span class='ocrx_word' id='word_1_807' title='bbox 2109 4581 2272 4635; x_wconf 88' lang='lat' dir='ltr'><strong>quam</strong></span> <span class='ocrx_word' id='word_1_808' title='bbox 2304 4564 2423 4630; x_wconf 87' lang='lat' dir='ltr'><strong>Dei,</strong></span> <span class='ocrx_word' id='word_1_809' title='bbox 2450 4564 2544 4618; x_wconf 90' lang='lat' dir='ltr'><strong>sed</strong></span> <span class='ocrx_word' id='word_1_810' title='bbox 2569 4562 2706 4626; x_wconf 88' lang='lat' dir='ltr'><strong>suis,</strong></span> <span class='ocrx_word' id='word_1_811' title='bbox 2734 4571 2789 4616; x_wconf 89' lang='lat' dir='ltr'><strong>et</strong></span> <span class='ocrx_word' id='word_1_812' title='bbox 2817 4561 3069 4631; x_wconf 85' lang='lat' dir='ltr'><strong>antiquas</strong></span> <span class='ocrx_word' id='word_1_813' title='bbox 3103 4563 3581 4632; x_wconf 85' lang='lat' dir='ltr'><strong>sempiternasquc</strong></span> <span class='ocrx_word' id='word_1_814' title='bbox 3607 4578 3696 4618; x_wconf 84' lang='lat' dir='ltr'><strong>se-</strong></span> 
     </span>
    </p>
   </div>
   <div class='ocr_carea' id='block_1_108' title="bbox 2111 4656 3697 4725">
    <p class='ocr_par' dir='ltr' id='par_1_108' title="bbox 2111 4656 3697 4725">
     <span class='ocr_line' id='line_1_108' title="bbox 2111 4656 3697 4725; baseline -0.002 -12"><span class='ocrx_word' id='word_1_815' title='bbox 2111 4663 2273 4713; x_wconf 82' lang='lat' dir='ltr'><strong>tuitus</strong></span> <span class='ocrx_word' id='word_1_816' title='bbox 2330 4656 2681 4725; x_wconf 84' lang='lat' dir='ltr'><strong>derelinquit,</strong></span> <span class='ocrx_word' id='word_1_817' title='bbox 2723 4670 2841 4725; x_wconf 66' lang='lat' dir='ltr'><strong>qua}</strong></span> <span class='ocrx_word' id='word_1_818' title='bbox 2891 4657 3132 4710; x_wconf 88' lang='lat' dir='ltr'><strong>omnium</strong></span> <span class='ocrx_word' id='word_1_819' title='bbox 3191 4665 3503 4709; x_wconf 84' lang='lat' dir='ltr'><strong>sanctorum</strong></span> <span class='ocrx_word' id='word_1_820' title='bbox 3560 4664 3697 4711; x_wconf 85' lang='lat' dir='ltr'><strong>sunt</strong></span> 
     </span>
    </p>
   </div>
   <div class='ocr_carea' id='block_1_109' title="bbox 2113 4746 3693 4820">
    <p class='ocr_par' dir='ltr' id='par_1_109' title="bbox 2113 4746 3693 4820">
     <span class='ocr_line' id='line_1_109' title="bbox 2113 4746 3693 4820; baseline -0.001 -16"><span class='ocrx_word' id='word_1_821' title='bbox 2113 4752 2251 4806; x_wconf 78' lang='lat' dir='ltr'><strong>tritae</strong></span> <span class='ocrx_word' id='word_1_822' title='bbox 2279 4749 2520 4820; x_wconf 77' lang='lat' dir='ltr'><strong>vestigiis</strong></span> <span class='ocrx_word' id='word_1_823' title='bbox 2551 4747 2845 4802; x_wconf 89' lang='lat' dir='ltr'><strong>colentimn</strong></span> <span class='ocrx_word' id='word_1_824' title='bbox 2870 4747 3058 4801; x_wconf 88' lang='lat' dir='ltr'><strong>Deum.</strong></span> <span class='ocrx_word' id='word_1_825' title='bbox 3088 4748 3178 4802; x_wconf 91' lang='lat' dir='ltr'><strong>Isti</strong></span> <span class='ocrx_word' id='word_1_826' title='bbox 3204 4761 3330 4802; x_wconf 89' lang='lat' dir='ltr'><strong>vero</strong></span> <span class='ocrx_word' id='word_1_827' title='bbox 3369 4746 3693 4803; x_wconf 83' lang='lat' dir='ltr'><strong>ambulave-</strong></span> 
     </span>
    </p>
   </div>
   <div class='ocr_carea' id='block_1_110' title="bbox 2113 4837 3693 4904">
    <p class='ocr_par' dir='ltr' id='par_1_110' title="bbox 2113 4837 3693 4904">
     <span class='ocr_line' id='line_1_110' title="bbox 2113 4837 3693 4904; baseline -0.005 -4"><span class='ocrx_word' id='word_1_828' title='bbox 2113 4853 2238 4900; x_wconf 90' lang='lat' dir='ltr'><strong>runt</strong></span> <span class='ocrx_word' id='word_1_829' title='bbox 2272 4847 2327 4897; x_wconf 90' lang='lat' dir='ltr'><strong>in</strong></span> <span class='ocrx_word' id='word_1_830' title='bbox 2357 4843 2552 4896; x_wconf 88' lang='lat' dir='ltr'><strong>itinere</strong></span> <span class='ocrx_word' id='word_1_831' title='bbox 2577 4853 2686 4894; x_wconf 92' lang='lat' dir='ltr'><strong>non</strong></span> <span class='ocrx_word' id='word_1_832' title='bbox 2721 4839 2868 4904; x_wconf 90' lang='lat' dir='ltr'><strong>trito,</strong></span> <span class='ocrx_word' id='word_1_833' title='bbox 2895 4847 2951 4894; x_wconf 90' lang='lat' dir='ltr'><strong>et</strong></span> <span class='ocrx_word' id='word_1_834' title='bbox 2980 4839 3166 4894; x_wconf 87' lang='lat' dir='ltr'><strong>relicto</strong></span> <span class='ocrx_word' id='word_1_835' title='bbox 3212 4840 3356 4893; x_wconf 88' lang='lat' dir='ltr'><strong>cultu</strong></span> <span class='ocrx_word' id='word_1_836' title='bbox 3389 4837 3510 4903; x_wconf 89' lang='lat' dir='ltr'><strong>Dei,</strong></span> <span class='ocrx_word' id='word_1_837' title='bbox 3548 4839 3693 4893; x_wconf 83' lang='lat' dir='ltr'><strong>idola</strong></span> 
     </span>
    </p>
   </div>
   <div class='ocr_carea' id='block_1_111' title="bbox 2111 4929 3693 5003">
    <p class='ocr_par' dir='ltr' id='par_1_111' title="bbox 2111 4929 3693 5003">
     <span class='ocr_line' id='line_1_111' title="bbox 2111 4929 3693 5003; baseline -0.004 -11"><span class='ocrx_word' id='word_1_838' title='bbox 2111 4935 2356 4992; x_wconf 89' lang='lat' dir='ltr'><strong>venerati</strong></span> <span class='ocrx_word' id='word_1_839' title='bbox 2394 4943 2541 4999; x_wconf 81' lang='lat' dir='ltr'><strong>sunt,</strong></span> <span class='ocrx_word' id='word_1_840' title='bbox 2572 4943 2790 5003; x_wconf 88' lang='lat' dir='ltr'><strong>propter</strong></span> <span class='ocrx_word' id='word_1_841' title='bbox 2833 4947 2952 5002; x_wconf 72' lang='lat' dir='ltr'><strong>qua:</strong></span> <span class='ocrx_word' id='word_1_842' title='bbox 3002 4929 3232 4986; x_wconf 74' lang='lat' dir='ltr'><strong>infertur</strong></span> <span class='ocrx_word' id='word_1_843' title='bbox 3261 4944 3415 4999; x_wconf 65' lang='lat' dir='ltr'><strong>paena</strong></span> <span class='ocrx_word' id='word_1_844' title='bbox 3448 4943 3572 4998; x_wconf 83' lang='lat' dir='ltr'><strong>quae</strong></span> <span class='ocrx_word' id='word_1_845' title='bbox 3599 4944 3693 4985; x_wconf 55' lang='lat' dir='ltr'><strong>se-</strong></span> 
     </span>
    </p>
   </div>
   <div class='ocr_carea' id='block_1_112' title="bbox 2111 5030 2347 5100">
    <p class='ocr_par' dir='ltr' id='par_1_112' title="bbox 2111 5030 2347 5100">
     <span class='ocr_line' id='line_1_112' title="bbox 2111 5030 2347 5100; baseline 0.013 -19"><span class='ocrx_word' id='word_1_846' title='bbox 2111 5030 2296 5100; x_wconf 89' lang='lat' dir='ltr'><strong>quitur</strong></span> <span class='ocrx_word' id='word_1_847' title='bbox 2334 5047 2347 5084; x_wconf 93' lang='lat'>:</span> 
     </span>
    </p>
   </div>
   <div class='ocr_carea' id='block_1_113' title="bbox 2185 5112 3692 5193">
    <p class='ocr_par' dir='ltr' id='par_1_113' title="bbox 2185 5112 3692 5193">
     <span class='ocr_line' id='line_1_113' title="bbox 2185 5112 3692 5193; baseline -0.007 -16"><span class='ocrx_word' id='word_1_848' title='bbox 2185 5123 2363 5193; x_wconf 78' lang='lat' dir='ltr'><strong>(Vers.</strong></span> <span class='ocrx_word' id='word_1_849' title='bbox 2401 5120 2512 5189; x_wconf 88' lang='grc'>16.)</span> <span class='ocrx_word' id='word_1_850' title='bbox 2554 5138 2572 5172; x_wconf 72' lang='grc' dir='ltr'><strong>ι</strong></span> <span class='ocrx_word' id='word_1_851' title='bbox 2621 5117 2692 5173; x_wconf 88' lang='lat' dir='ltr'><strong>Ut</strong></span> <span class='ocrx_word' id='word_1_852' title='bbox 2728 5117 2883 5171; x_wconf 84' lang='lat' dir='ltr'><strong>ﬁeret</strong></span> <span class='ocrx_word' id='word_1_853' title='bbox 2916 5124 3058 5170; x_wconf 89' lang='lat' dir='ltr'><strong>terra</strong></span> <span class='ocrx_word' id='word_1_854' title='bbox 3090 5128 3278 5169; x_wconf 90' lang='lat' dir='ltr'><strong>eorum</strong></span> <span class='ocrx_word' id='word_1_855' title='bbox 3310 5113 3362 5167; x_wconf 91' lang='lat' dir='ltr'><strong>in</strong></span> <span class='ocrx_word' id='word_1_856' title='bbox 3395 5112 3692 5167; x_wconf 80' lang='lat' dir='ltr'><strong>desolatio-</strong></span> 
     </span>
    </p>
   </div>
   <div class='ocr_carea' id='block_1_114' title="bbox 2115 5202 3696 5279">
    <p class='ocr_par' dir='ltr' id='par_1_114' title="bbox 2115 5202 3696 5279">
     <span class='ocr_line' id='line_1_114' title="bbox 2115 5202 3696 5279; baseline -0.008 -9"><span class='ocrx_word' id='word_1_857' title='bbox 2115 5229 2259 5279; x_wconf 89' lang='lat' dir='ltr'><strong>nem,</strong></span> <span class='ocrx_word' id='word_1_858' title='bbox 2290 5225 2345 5268; x_wconf 90' lang='lat' dir='ltr'><strong>et</strong></span> <span class='ocrx_word' id='word_1_859' title='bbox 2372 5213 2424 5266; x_wconf 89' lang='lat' dir='ltr'><strong>in</strong></span> <span class='ocrx_word' id='word_1_860' title='bbox 2448 5210 2662 5265; x_wconf 86' lang='lat' dir='ltr'><strong>sibilum</strong></span> <span class='ocrx_word' id='word_1_861' title='bbox 2686 5207 3100 5277; x_wconf 88' lang='lat' dir='ltr'><strong>sempiternum,</strong></span> <span class='ocrx_word' id='word_1_862' title='bbox 3123 5203 3304 5258; x_wconf 87' lang='lat' dir='ltr'><strong>omnis</strong></span> <span class='ocrx_word' id='word_1_863' title='bbox 3326 5202 3419 5272; x_wconf 89' lang='lat' dir='ltr'><strong>qui</strong></span> <span class='ocrx_word' id='word_1_864' title='bbox 3447 5204 3696 5273; x_wconf 68' lang='lat' dir='ltr'><strong>praeterit</strong></span> 
     </span>
    </p>
   </div>
   <div class='ocr_carea' id='block_1_115' title="bbox 2116 5295 3696 5379">
    <p class='ocr_par' dir='ltr' id='par_1_115' title="bbox 2116 5295 3696 5379">
     <span class='ocr_line' id='line_1_115' title="bbox 2116 5295 3696 5379; baseline -0.006 -19"><span class='ocrx_word' id='word_1_865' title='bbox 2116 5306 2225 5379; x_wconf 84' lang='grc' dir='ltr'><strong>[ΑΙ.</strong></span> <span class='ocrx_word' id='word_1_866' title='bbox 2253 5300 2594 5375; x_wconf 74' lang='lat' dir='ltr'><strong>przeterierit]</strong></span> <span class='ocrx_word' id='word_1_867' title='bbox 2634 5316 2729 5370; x_wconf 90' lang='lat' dir='ltr'><strong>per</strong></span> <span class='ocrx_word' id='word_1_868' title='bbox 2785 5314 2928 5364; x_wconf 88' lang='lat' dir='ltr'><strong>eam,</strong></span> <span class='ocrx_word' id='word_1_869' title='bbox 2957 5299 3308 5365; x_wconf 83' lang='lat' dir='ltr'><strong>obstupescet</strong></span> <span class='ocrx_word' id='word_1_870' title='bbox 3340 5305 3396 5350; x_wconf 89' lang='lat' dir='ltr'><strong>et</strong></span> <span class='ocrx_word' id='word_1_871' title='bbox 3453 5295 3696 5350; x_wconf 85' lang='lat' dir='ltr'><strong>movebit</strong></span> 
     </span>
    </p>
   </div>
   <div class='ocr_carea' id='block_1_116' title="bbox 2115 5387 3685 5470">
    <p class='ocr_par' dir='ltr' id='par_1_116' title="bbox 2115 5387 3685 5470">
     <span class='ocr_line' id='line_1_116' title="bbox 2115 5387 3685 5470; baseline -0.008 -16"><span class='ocrx_word' id='word_1_872' title='bbox 2115 5409 2276 5470; x_wconf 86' lang='lat' dir='ltr'><strong>caput</strong></span> <span class='ocrx_word' id='word_1_873' title='bbox 2296 5413 2475 5453; x_wconf 87' lang='lat' dir='ltr'><strong>suum.</strong></span> <span class='ocrx_word' id='word_1_874' title='bbox 2515 5414 2531 5446; x_wconf 78' lang='grc' dir='ltr'><strong>ι</strong></span> <span class='ocrx_word' id='word_1_875' title='bbox 2574 5395 2642 5448; x_wconf 87' lang='grc' dir='ltr'>Ει</span> <span class='ocrx_word' id='word_1_876' title='bbox 2680 5393 2804 5463; x_wconf 88' lang='lat' dir='ltr'><strong>quia</strong></span> <span class='ocrx_word' id='word_1_877' title='bbox 2857 5390 3286 5458; x_wconf 88' lang='lat' dir='ltr'><strong>dereliquerunt,</strong></span> <span class='ocrx_word' id='word_1_878' title='bbox 3345 5387 3443 5453; x_wconf 78' lang='lat' dir='ltr'><strong>sit,</strong></span> <span class='ocrx_word' id='word_1_879' title='bbox 3475 5389 3685 5442; x_wconf 78' lang='lat' dir='ltr'><strong>cultum</strong></span> 
     </span>
    </p>
   </div>
   <div class='ocr_carea' id='block_1_117' title="bbox 2118 5479 3690 5559">
    <p class='ocr_par' dir='ltr' id='par_1_117' title="bbox 2118 5479 3690 5559">
     <span class='ocr_line' id='line_1_117' title="bbox 2118 5479 3690 5559; baseline -0.008 -13"><span class='ocrx_word' id='word_1_880' title='bbox 2118 5491 2234 5556; x_wconf 85' lang='lat' dir='ltr'><strong>Dei,</strong></span> <span class='ocrx_word' id='word_1_881' title='bbox 2257 5499 2310 5545; x_wconf 88' lang='lat' dir='ltr'><strong>et</strong></span> <span class='ocrx_word' id='word_1_882' title='bbox 2331 5503 2522 5559; x_wconf 80' lang='lat' dir='ltr'><strong>pravas</strong></span> <span class='ocrx_word' id='word_1_883' title='bbox 2549 5484 2866 5541; x_wconf 73' lang='lat' dir='ltr'><strong>idololatria:</strong></span> <span class='ocrx_word' id='word_1_884' title='bbox 2891 5481 3113 5540; x_wconf 86' lang='lat' dir='ltr'><strong>semitas</strong></span> <span class='ocrx_word' id='word_1_885' title='bbox 3139 5487 3263 5536; x_wconf 87' lang='lat' dir='ltr'><strong>sunt</strong></span> <span class='ocrx_word' id='word_1_886' title='bbox 3320 5479 3513 5544; x_wconf 79' lang='lat' dir='ltr'><strong>secuti,</strong></span> <span class='ocrx_word' id='word_1_887' title='bbox 3554 5491 3690 5550; x_wconf 83' lang='lat' dir='ltr'><strong>pro-</strong></span> 
     </span>
    </p>
   </div>
   <div class='ocr_carea' id='block_1_118' title="bbox 516 5673 2591 5760">
    <p class='ocr_par' dir='ltr' id='par_1_118' title="bbox 516 5673 2591 5760">
     <span class='ocr_line' id='line_1_118' title="bbox 516 5673 2591 5760; baseline -0.007 -19"><span class='ocrx_word' id='word_1_888' title='bbox 516 5685 531 5714; x_wconf 87' lang='lat'>&#39;</span> <span class='ocrx_word' id='word_1_889' title='bbox 566 5683 897 5744; x_wconf 82' lang='lat' dir='ltr'><strong>lnterserunt</strong></span> <span class='ocrx_word' id='word_1_890' title='bbox 919 5690 1023 5748; x_wconf 83' lang='lat' dir='ltr'><strong>duo</strong></span> <span class='ocrx_word' id='word_1_891' title='bbox 1055 5703 1186 5747; x_wconf 82' lang='lat' dir='ltr'><strong>mss.</strong></span> <span class='ocrx_word' id='word_1_892' title='bbox 1215 5686 1483 5760; x_wconf 71' lang='lat' dir='ltr'><strong>glossema</strong></span> <span class='ocrx_word' id='word_1_893' title='bbox 1504 5684 1670 5752; x_wconf 86' lang='lat' dir='ltr'><strong>istud,</strong></span> <span class='ocrx_word' id='word_1_894' title='bbox 1703 5683 2004 5738; x_wconf 78' lang='lat' dir='ltr'><strong>Notandum</strong></span> <span class='ocrx_word' id='word_1_895' title='bbox 2043 5687 2225 5739; x_wconf 87' lang='lat' dir='ltr'><strong>contra</strong></span> <span class='ocrx_word' id='word_1_896' title='bbox 2257 5673 2591 5743; x_wconf 82' lang='lat' dir='ltr'><strong>Pelagianos.</strong></span> 
     </span>
    </p>
   </div>
  </div>
