3966 6176
212 253 333 319 829

673 253 1174 333 COMMENTAR.
1221 260 1302 321 iN
1340 260 1742 327 JEREMIAM
1773 268 2244 337 PROPHETAM
2282 273 2429 339 LIB.
2480 276 2579 344 IV.
2616 277 2777 339 CAP.
2818 279 2988 343 XIX.

3376 283 3485 350 830

210 394 406 454 pterca
442 391 586 438 terra
615 399 805 483 eorum
835 385 1059 440 redacta
1094 398 1173 442 est
1202 388 1257 443 in
1285 390 1634 448 solitudinem
1671 408 1724 450 et
1755 395 1808 449 in
1838 399 1888 461 Α
1914 402 2062 473 cum]
2093 405 2226 458 urbe
2255 406 2544 472 subversa,
2574 407 2821 464 ltontano
2845 410 3027 481 gladio
3056 411 3307 468 trucidati
3338 424 3491 483 sunt,

210 477 549 531 miraculum
582 477 827 532 omnium
883 479 1234 550 sibilumque,
1275 482 1348 537 ita
1376 493 1437 539 ut
1484 487 1575 556 qui
1614 497 1813 544 terram

206 568 492 639 quondam
550 578 609 625 et
640 572 832 627 urbem
862 571 1308 630 florentissimam
1359 576 1601 634 viderint
1633 579 1686 633 in
1714 581 1813 636 de~

205 671 422 715 sertum
454 671 512 717 et
572 661 758 718 cinere
814 678 938 721 esse
996 666 1313 736 collapsam,
1363 667 1706 726 admirentur
1757 681 1812 728 et

203 760 489 819 stupeant,
517 760 570 809 et
591 754 789 808 animus
821 755 1193 830 confusionem
1245 767 1399 827 gestu
1453 762 1700 830 corporis
1727 763 1810 817 in-

203 843 398 901 dicent
433 858 448 898 :
480 843 584 901 hoc
612 855 695 898 est
732 845 876 899 enim
932 861 1154 903 movere
1207 859 1392 918 caput,
1417 861 1473 906 et
1525 860 1806 925 stuporem

206 935 413 990 ruentis
434 936 650 990 silentio
678 936 1058 995 demonstrare
1089 940 1128 994 ί.
1158 938 1313 1007 Quod
1345 943 1563 1012 plenius
1592 954 1648 1001 et
1710 962 1807 1001 re-

209 1028 367 1083 ctius
390 1041 515 1097 post
546 1030 837 1085 adventum
875 1031 1084 1089 Domini
1117 1033 1469 1106 intelligimus
1489 1028 1610 1093 esse
1657 1054 1806 1095 com-

207 1121 445 1189 pletum,
480 1125 699 1190 quando
723 1122 903 1179 nullus
925 1121 1236 1182 Inda-orum
1289 1137 1491 1183 terram
1534 1133 1803 1200 quondam

206 1222 262 1266 et
314 1210 521 1268 Urbem
572 1223 822 1271 sanctam
869 1214 1081 1284 ingredi
1128 1216 1246 1287 lege
1301 1218 1677 1288 permittitur;
1705 1222 1801 1277 sed

206 1314 335 1355 cum
372 1302 443 1356 ad
474 1302 748 1371 planctum
778 1303 1057 1371 venerint,
1088 1306 1351 1361 mirantur
1379 1316 1434 1362 et
1477 1308 1675 1367 deﬂent
1711 1328 1803 1367 va-

209 1393 400 1451 ticinia
438 1395 849 1464 prophetarum,
880 1410 1045 1465 opere
1087 1398 1377 1468 completa.

280 1486 469 1556 (Vere.
503 1488 570 1541 17
592 1485 632 1558 .)
677 1506 696 1539 ι
732 1488 885 1542 Sicut
917 1498 1115 1543 ventus
1155 1505 1319 1546 urens
1367 1492 1670 1564 dispergam
1707 1510 1803 1550 eos

212 1592 401 1633 eorum
426 1579 649 1634 inimico
671 1580 800 1650 (sive
839 1581 1077 1636 inimicis
1097 1580 1140 1652 ),
1158 1582 1383 1637 dorsum
1399 1594 1453 1638 et
1474 1600 1579 1639 non
1605 1585 1797 1640 faciem

210 1671 499 1727 ostendam
523 1670 605 1727 eis
630 1672 682 1726 in
703 1671 791 1727 die
812 1673 1137 1742 perditionis
1164 1689 1407 1730 eorum.»
1436 1674 1619 1747 Usque
1642 1677 1801 1732 hodie

208 1765 485 1821 Sententia
527 1762 620 1819 Dei
649 1775 930 1834 permanet
956 1769 1009 1821 in
1037 1764 1260 1823 Judaeis.
1294 1768 1357 1823 in
1386 1777 1498 1824 toto
1529 1770 1663 1824 orbe
1683 1771 1796 1826 dis-

208 1856 356 1924 persi
383 1864 513 1911 sunt
539 1871 725 1912 eorum
766 1859 986 1913 inunita
1012 1858 1252 1925 diabolo,
1288 1862 1371 1916 vel
1420 1861 1658 1920 inimicis
1690 1865 1797 1919 dae-

209 1947 473 2003 monibus
508 1964 523 2013 ;
558 1957 615 2002 et
643 1964 766 2003 cum
806 1950 999 2004 diebus
1027 1966 1091 2006 ac
1124 1951 1378 2007 noctibus
1404 1951 1458 2006 iu
1511 1953 1798 2025 synagogis

211 2033 432 2089 Satanae
465 2037 721 2091 invocent
756 2053 953 2093 nomen
988 2038 1106 2109 Dei,
1138 2041 1359 2097 dorsum
1393 2050 1446 2097 et
1474 2056 1580 2095 non
1603 2041 1795 2097 faciem

209 2141 367 2181 suam
406 2129 647 2183 ostendit
692 2130 779 2185 eis
812 2130 978 2197 Deus,
1015 2145 1072 2185 ut
1107 2126 1408 2204 in'telligaut
1435 2150 1557 2188 cum
1584 2149 1799 2203 semper

212 2220 581 2287 recedentem,
626 2231 683 2278 et
735 2237 1009 2292 nunquam
1063 2224 1131 2278 ad
1188 2240 1249 2279 se
1294 2226 1620 2280 venientem.
1673 2228 1797 2281 Dies

211 2320 395 2364 autem
428 2313 750 2379 perditionis
777 2312 1040 2379 Judaicze,
1069 2331 1230 2373 onme
1280 2325 1492 2386 tempus
1543 2328 1627 2372 est
1674 2326 1796 2387 post

212 2404 528 2472 passionem
582 2405 904 2471 Salvatoris,
937 2423 1113 2478 usque
1152 2409 1224 2463 ad
1252 2409 1413 2465 tinem
1462 2411 1649 2464 saeculi
1685 2428 1697 2463 :
1737 2419 1795 2464 ut

211 2503 502 2565 postquam
563 2498 953 2555 subiutraverit
1006 2500 1285 2570 plenitudo
1359 2503 1622 2571 gentium,
1665 2512 1794 2557 tunc

210 2587 390 2641 omuis
416 2588 583 2642 lsrael
615 2590 803 2645 salvus
838 2591 933 2645 fiat
959 2591 1136 2663 (Rom.
1158 2593 1257 2662 an).

276 2674 464 2755 (vers.
501 2678 614 2745 £8.)
654 2696 675 2731 ο
715 2678 782 2734 Et
809 2682 1111 2739 dixerunt:
1153 2682 1345 2739 Venite
1390 2694 1447 2737 et
1490 2684 1818 2766 cogitemus.

208 2768 473 2824 adversus
525 2768 815 2828 Jeremiam
847 2775 1223 2844 cogitationes,
1254 2791 1358 2829 non
1407 2774 1792 2845 eniur'peribit

209 2862 296 2916 les
327 2878 357 2915 a
413 2868 722 2931 sacerdote,
757 2881 934 2935 neque
977 2866 1268 2922 consilium
1297 2883 1327 2921 a
1381 2867 1649 2937 sapiente,
1692 2884 1793 2923 nec

210 2968 393 3009 sermo
425 2971 456 3008 a
489 2956 773 3025 propheta.
820 2955 1019 3013 Venite
1068 2970 1125 3014 et
1156 2959 1525 3029 percutiamus
1572 2975 1697 3014 cum
1736 2962 1788 3013 in

1916 509 2023 547 non
2050 495 2120 547 ob
2151 495 2536 562 idololatriam,
2566 515 2686 567 qua!
2707 514 2773 554 eo
2800 510 3044 571 tempore
3076 518 3181 557 non
3214 517 3354 570 erat,
3397 509 3490 562 sed

1914 585 1984 640 ob
2015 586 2452 643 interfectionem
2504 588 2622 644 Filii
2655 591 2770 657 Dei,
2804 596 3019 661 quando
3047 606 3274 651 cunctus
3327 599 3491 652 simul

1913 680 2139 747 populus
2166 680 2527 736 conclamavit
2559 697 2579 738 :‘
2604 684 2771 750 Tolle,
2806 686 2933 741 tolle
2957 687 3114 741 talem
3147 704 3167 743 :
3198 705 3369 759 regem
3390 706 3491 743 non

1909 767 2159 823 habemus
2191 772 2290 824 uisi
2310 770 2571 827 Cwsarent
2596 774 2780 838 (Joau;
2805 791 2915 841 xu,
2944 777 3053 849 15).
3084 779 3146 832 Et
3172 779 3490 848 imprecatio

1908 870 2097 912 eorum
2127 870 2334 915 eterna
2391 863 2737 918 damnatione
2782 867 3051 933 completa
3104 878 3184 921 est
3219 868 3489 939 :Sauguis

1908 949 2022 1018 ejus
2049 968 2207 1018 super
2231 969 2345 1018 nos,
2375 964 2424 1008 et
2459 972 2618 1024 super
2653 956 2791 1025 ﬁlias
2820 967 3030 1012 nostros
3058 957 3272 1025 (Matth.
3307 976 3474 1025 xxvii,

1905 1041 2020 1112 25).
2051 1038 2323 1100 Foderant
2372 1047 2514 1101 enim
2542 1046 2759 1102 Christo
2813 1048 3044 1110 foveam,
3076 1058 3129 1104 et
3179 1051 3429 1105 dixerant
3467 1071 3482 1107 :

1903 1136 2382 1207 Auferamusceum
2409 1126 2497 1194 de.
2525 1149 2665 1195 terra
2724 1144 2997 1195 viventium
3053 1142 3189 1214 (Isa.
3221 1160 3337 1208 cur,
3400 1148 3476 1214 8).

1903 1228 2007 1294 Qui
2046 1238 2210 1286 tantae
2236 1245 2363 1301 erga
2417 1245 2512 1287 eos
2564 1232 2954 1289 misericordiae
2990 1233 3110 1298 fuit,
3146 1246 3376 1291 utstans
3422 1237 3476 1289 in

1903 1330 2197 1389 conspectu
2224 1320 2404 1378 Patris
2439 1324 2481 1389 ",
2538 1324 2855 1393 loqueretur
2884 1343 2981 1397 pro
3031 1328 3112 1382 eis
3170 1330 3393 1393 bonum,
3423 1338 3484 1384 ut

1903 1424 2178 1468 averteret
2212 1415 2640 1483 indignationem
2679 1432 2831 1471 suam
2883 1417 2950 1471 ab
2997 1417 3099 1481 eis,
3132 1419 3267 1471 utin
3323 1434 3485 1474 crure

1902 1520 2119 1576 (tuoque
2149 1506 2354 1561 diceret
2388 1524 2404 1561 :
2438 1507 2625 1573 Pater,
2681 1508 2891 1577 ignosce
2911 1509 2986 1563 eis
3018 1526 3037 1565 :
3061 1507 3187 1579 quid
3236 1511 3370 1563 enim
3400 1511 3488 1579 [a-

1902 1599 2070 1662 ciunt,
2103 1600 2337 1654 nesciunt
2355 1597 2506 1669 (Luc.
2526 1615 2681 1663 xxnt,
2713 1600 2826 1670 Si).
2852 1594 3134 1655 Manifesta
3160 1602 3488 1655 transcurri-

1903 1705 2042 1755 tnus,
2078 1690 2218 1745 utin
2272 1692 2686 1747 obscurioribus
2727 1692 3100 1757 immorentur,
3134 1706 3482 1762 nequaquam

1901 1780 2259 1835 deliramenta
2306 1783 2659 1850 quorumdam
2720 1789 2775 1835 et
2822 1780 3201 1851 captivitatem
3239 1779 3483 1835 caelestis

1897 1867 2194 1924 Jerusalem
2221 1870 2665 1940 interpretantes,
2696 1871 2789 1925 sed
2830 1869 3169 1941 perspicuam
3196 1868 3479 1923 historiam

1898 1972 1956 2018 et
1985 1954 2488 2021 manifes‘lissimam
2520 1964 2886 2034 prophetiam,
2914 1962 3059 2016 omni
3087 1961 3374 2017 verborum
3426 1973 3485 2014 et

1898 2066 2159 2112 sensuum
2190 2055 2520 2110 conﬁdentia
2547 2064 2963 2125 persequentes.

1967 2148 2147 2220 (Vcrs.
2175 2146 2271 2212 εει,
2303 2146 2421 2217 23.)
2466 2165 2484 2199 ι
2528 2147 2777 2201 Adduees
2809 2147 2952 2200 enim
2984 2153 3146 2215 super
3186 2157 3283 2199 eos
3308 2134 3479 2196 iatro-

1898 2254 2023 2294 nem
2051 2249 2294 2308 repente,
2325 2238 2450 2308 quia
2482 2238 2733 2293 foderunt
2759 2235 2971 2291 foveam
3000 2245 3062 2291 ut
3089 2244 3343 2304 caperent
3368 2249 3476 2297 me,

1896 2340 1950 2386 et
1980 2332 2205 2401 laqueos
2235 2331 2637 2387 absconderunt
2682 2329 2909 2399 pedibus
2960 2328 3121 2386 meis.
3155 2327 3234 2381 Tu
3271 2334 3475 2387 autem,

1896 2423 2147 2488 Domine,
2183 2421 2292 2477 scis
2314 2436 2477 2477 omne
2508 2420 2800 2477 consilium
2834 2435 3023 2475 eorum
3054 2418 3344 2473 adversum
3389 2431 3476 2469 me

1900 2515 1955 2571 in
1987 2523 2241 2571 mortem.
2275 2513 2350 2570 Ne
2378 2514 2697 2585 propitieris
2725 2512 2998 2583 iniquitati
3027 2526 3240 2574 eorum,
3269 2518 3323 2563 et
3352 2524 3481 2578 pec-

1895 2620 2075 2664 catum
2096 2593 2286 2665 eorum
2345 2623 2372 2662 a
2407 2606 2545 2662 facie
2573 2614 2662 2659 tua
2724 2620 2829 2659 non
2869 2603 3133 2659 deleatur.
3166 2599 3324 2656 Fiant
3355 2614 3479 2655 cor-

1894 2713 2116 2758 ruentes
2164 2701 2296 2771 (sive
2353 2697 2735 2768 impingcntes)
2788 2697 2841 2750 in
2896 2701 3191 2762 conspectu
3251 2702 3368 2750 tuo.
3415 2689 3470 2743 in

1896 2801 2142 2862 tempore
2168 2792 2369 2848 furoris
2410 2790 2487 2845 tui
2521 2790 2746 2846 abutere
2788 2787 2869 2844 eis
2897 2787 3025 2858 (sive
3058 2784 3143 2840 fac
3172 2785 3225 2839 in
3282 2780 3408 2852 eis).
3450 2799 3471 2832 ι

1896 2883 1955 2941 Si
1992 2886 2060 2940 de
2096 2882 2330 2939 Ieremia
2385 2881 2764 2952 intelligimus,
2835 2879 3176 2949 repentinum
3206 2875 3473 2931 latronem

1896 2982 2196 3036 referamus
2250 2980 2317 3034 ad
2379 2977 2926 3033 Nabuchodonosor:
2960 2974 3005 3029 si
3052 2974 3121 3028 de
3169 2968 3477 3036 Saivatnre,

208 3046 414 3118 lingua,
448 3057 502 3102 et
546 3063 650 3103 non
697 3052 1040 3107 attendamus
1061 3051 1131 3108 ad
1170 3053 1456 3108 universos
1508 3068 1788 3108 sermones

1899 3073 2039 3144 quod
2071 3078 2125 3126 ct
2154 3069 2333 3125 verius
2391 3079 2441 3122 et
2463 3068 2655 3123 melius
2695 3075 2796 3133 est,
2828 3064 2897 3131 ad
2950 3061 3255 3119 Romanum
3308 3076 3473 3117 exer-

210 3141 347 3209 ejus.
379 3162 401 3195 ι
437 3143 545 3199 ista
565 3154 621 3199 et
638 3155 763 3201 tunc
785 3146 1097 3201 indecorum
1122 3159 1310 3203 contra
1325 3148 1641 3215 Jercmiam,
1668 3152 1785 3205 sise

208 3234 495 3290 Dominum
526 3236 890 3305 Salvatorem,
917 3251 967 3294 et
999 3240 1158 3296 hodie
1192 3241 1574 3300 luereticormu
1597 3253 1782 3295 contra

207 3345 392 3384 servos
420 3330 542 3399 ejus
571 3332 831 3403 cogitatio
868 3344 975 3396 est,
1009 3344 1067 3388 ut
1108 3335 1411 3390 calumnias
1459 3344 1695 3400 struant,
1731 3344 1786 3388 et

206 3432 423 3476 sanctos
451 3426 598 3477 viros
631 3426 978 3481 acettsatione
1027 3426 1378 3495 praeveniant,
1409 3442 1509 3482 nec
1547 3429 1788 3494 cogitent

204 3514 331 3578 quid
361 3515 443 3568 illi
476 3517 724 3571 veritatis
770 3517 1082 3588 loquantur,
1117 3521 1212 3573 sed
1265 3518 1395 3588 quid
1436 3519 1538 3588 ipsi
1570 3528 1787 3576 struant

202 3606 365 3676 972
425 3609 694 3664 nreudacii
728 3625 745 3676 ;
776 3609 989 3680 jactari!
1040 3609 1182 3665 enim
1216 3612 1269 3665 in
1310 3613 1705 3678 sacerdotibus,
1733 3623 1784 3670 et

208 3702 257 3753 iu
285 3702 649 3771 sapientibus,
685 3713 741 3758 et
773 3703 827 3757 in
858 3705 1349 3776 pseudoprophetis
1380 3706 1499 3761 suis
1524 3706 1697 3777 legem
1728 3719 1783 3764 et

207 3796 493 3851 consilium
516 3797 630 3859 Dei,
663 3807 724 3852 et
744 3797 1016 3867 eloquium
1038 3812 1383 3868 permanere,
1402 3800 1618 3856 dicente
1640 3801 1786 3855 Scri-

206 3899 356 3956 ptura
391 3904 408 3942 :
442 3886 513 3941 In
534 3904 833 3958 perversam
864 3892 1099 3945 animum
1132 3904 1240 3947 non
1271 3891 1490 3947 intrabit
1520 3893 1784 3963 sapientia

207 3976 353 4047 (ευ,
377 3993 418 4043 l,
443 3980 524 4049 4).

267 4075 450 4145 (Vers.
487 4074 559 4131 i9
602 4078 783 4148 seqq.)
828 4096 846 4130 ι
881 4075 1139 4148 Attende,
1165 4077 1417 4143 Domine,
1443 4078 1515 4133 ad
1563 4093 1652 4134 me
1685 4095 1700 4133 :
1730 4087 1785 4133 et

205 4166 320 4220 audi
361 4181 551 4223 vocem
583 4167 1025 4222 adversariorum
1059 4180 1324 4223 meorum.
1352 4166 1632 4238 Numquid
1659 4166 1784 4223 red-

103 4314 111 4323 _
206 4257 347 4312 ditur
376 4257 492 4330 [ΑΙ.
523 4257 799 4332 reddetur]
823 4273 922 4329 pro
946 4260 1089 4314 bono
1117 4259 1485 4330 malum,qnia
1533 4261 1785 4314 foderunt

207 4352 411 4408 foveam
448 4353 645 4408 anima:
680 4368 811 4409 mea:
837 4353 863 4406 ‘i
888 4350 1197 4408 Recordare
1245 4354 1388 4422 quod
1445 4354 1688 4409 steterim
1725 4353 1777 4406 in

1888 3167 2077 3220 citum.
2112 3164 2173 3219 Et
2205 3180 2270 3218 ne
2301 3162 2500 3233 injusta
2518 3161 2767 3216 videatur
2788 3159 3055 3215 sententia
3083 3155 3198 3220 Dei,
3245 3157 3470 3224 exponit

1887 3254 2051 3327 973
2082 3255 2209 3324 quid
2240 3255 2471 3308 iecerint
2497 3261 2687 3308 contra
2724 3251 2917 3306 Filium
2950 3249 3043 3305 Dei
3078 3248 3385 3309 Christum,
3416 3255 3475 3299 et

1888 3349 2019 3418 quid
2051 3346 2199 3418 passi
2228 3345 2361 3402 sint.
2410 3344 2563 3413 Quod
2617 3354 2797 3397 autem
2832 3343 3025 3405 infert,
3066 3357 3129 3395 ne
3177 3338 3474 3409 propitiem

1888 3440 2158 3509 iniquitati
2180 3454 2381 3503 eorum,
2404 3447 2450 3490 et
2479 3448 2744 3504 peccantur
2775 3451 2954 3488 eorum
2989 3449 3022 3486 α
3050 3435 3186 3498 facie
3229 3442 3318 3483 tua
3368 3444 3473 3482 non

1886 3529 2148 3594 deleatur,
2168 3541 2524 3598 ‘ncquaquam
2578 3523 2745 3592 priori
2804 3521 3085 3575 sentcntiae
3135 3514 3470 3571 contrarium

1886 3629 1993 3688 est,
2025 3620 2080 3674 in
2114 3633 2222 3689 qua
2285 3632 2384 3689 pro
2442 3614 2643 3687 populo
2699 3613 3022 3684 deprecatur
3072 3608 3284 3664 Patrem
3318 3624 3335 3671 ;
3372 3605 3470 3661 sed

1885 3718 2177 3783 postquam
2204 3711 2389 3765 datum
2451 3718 2665 3777 teman
2718 3703 3050 3776 paenitentiae
3106 3698 3470 3770 praeteriit,et

1886 3804 1962 3860 illi
1991 3804 2046 3858 in
2083 3817 2182 3858 suo
2212 3800 2418 3857 scelere
2446 3797 2822 3869 perseverant,
2852 3794 3034 3865 populi
3063 3802 3118 3848 et
3144 3791 3390 3847 seniores
3420 3787 3466 3853 ³,

1886 3911 1993 3952 non
2024 3906 2133 3950 tam
2159 3909 2260 3964 pro
2289 3909 2349 3950 se
2374 3892 2672 3963 puniuntur
2698 3905 2859 3961 quam
2890 3904 2989 3959 pro
3037 3887 3179 3952 aliis,
3209 3897 3278 3939 ne
3327 3883 3471 3936 inul-

1889 3999 1998 4044 tum
2036 3996 2317 4058 peccatum
2379 3986 2594 4042 caeteris
2642 3994 2838 4038 noceat
2887 3980 3158 4051 exemplo.
3207 3976 3470 4044 Quodque

1886 4080 2083 4136 infert:
2102 4077 2257 4132 Fiant
2274 4077 2634 4147 impingentes,
2652 4076 2761 4130 sive
2778 4083 3095 4135 cor-ruentes,
3119 4071 3172 4123 in
3192 4076 3468 4135 conspectu

1885 4181 1996 4237 tuo,
2032 4168 2177 4223 illius
2227 4169 2403 4233 Isaiae,
2453 4174 2505 4222 et
2546 4165 2691 4222 Petri
2745 4164 2977 4234 apostoli
3009 4163 3187 4218 simile
3238 4169 3323 4216 est
3354 4177 3367 4212 :
3399 4158 3468 4212 Et

1888 4277 1992 4316 nou
2029 4261 2331 4330 impiugetis
2352 4260 2485 4313 sicut
2508 4258 2563 4312 in
2586 4257 2815 4328 lapidem
2843 4256 3163 4327 offensionis,
3189 4261 3237 4305 et
3262 4261 3465 4318 petram

1887 4353 2127 4407 scaudali
2180 4351 2319 4423 (Isa.
2355 4367 2474 4415 vui,
2504 4351 2570 4405 η
2603 4366 2619 4418 ;
2660 4349 2690 4404 I
2731 4348 2878 4405 Petr.
2911 4364 2969 4414 ll,
3003 4348 3081 4417 8).
3112 4346 3278 4415 Cujus
3318 4354 3372 4400 et
3412 4343 3465 4397 ia

204 4451 488 4513 conspectu
512 4451 631 4506 tuo,
656 4454 716 4497 ut
745 4444 994 4512 loquerer
1015 4458 1115 4514 pro
1161 4444 1241 4499 eis
1270 4443 1491 4507 bonum,
1518 4451 1573 4497 et
1617 4459 1773 4497 ater-
1808 4435 1853 4492 Ι)
1882 4444 2105 4515 psalmis
2144 4443 2413 4513 Propheta
2450 4444 2695 4499 meminit
2752 4460 2767 4499 :
2803 4440 3058 4509 Lapidem
3112 4456 3262 4511 quem
3292 4454 3471 4508 repro-

204 4544 365 4590 terem
397 4536 825 4608 indignationem
847 4546 992 4591 tuam
1024 4536 1092 4591 ab
1108 4537 1207 4591 eis.
1231 4535 1524 4605 Propterea
1551 4535 1619 4589 da
1646 4535 1785 4589 filios

202 4643 387 4683 eorum
431 4629 485 4683 in
512 4627 737 4693 famam,
800 4638 857 4685 et
907 4628 1082 4685 deduc
1121 4643 1215 4685 eos
1262 4628 1317 4682 in
1367 4643 1559 4683 manus
1592 4626 1782 4699 gladii.

204 4720 358 4776 Fiant
397 4736 597 4777 uxores
633 4737 821 4778 eorum
857 4724 1065 4793 absque
1097 4722 1283 4778 liberis
1300 4720 1573 4787 etvidute,
1603 4729 1655 4775 et
1677 4719 1779 4774 viri

202 4828 384 4870 earum
432 4815 835 4872 interﬁciuntur
864 4826 1063 4881 morte,
1104 4814 1334 4883 juvenes
1363 4828 1552 4869 eorum
1590 4813 1782 4868 conio-

202 4907 417 4962 diantur
436 4908 623 4980 gladio
642 4910 698 4962 in
726 4908 936 4980 prmiio,
962 4909 1214 4964 audiatur
1251 4907 1460 4962 clamor
1492 4906 1560 4962 de
1602 4905 1781 4961 domi-

198 4999 302 5055 bus
327 5015 534 5056 eorum.
580 5020 601 5055 ι
635 5001 696 5057 lu
743 5012 927 5073 typum
980 5000 1198 5071 quidem
1252 4998 1552 5055 Salvatoris
1606 4998 1719 5053 hac
1747 5011 1776 5050 a

201 5096 394 5163 populo
414 5093 725 5151 indecorum
760 5093 1028 5151 Jeremias
1060 5094 1312 5149 universa
1341 5091 1660 5164 perpetitur,
1684 5089 1777 5160 qui

201 5198 406 5256 postea,
436 5187 739 5260 Babylonio
769 5189 1043 5254 veniente,
1076 5195 1386 5243 vastantur.
1426 5183 1534 5240 Sed
1564 5184 1777 5254 plenius

199 5288 354 5349 atque
407 5278 705 5350 perfectius
748 5279 1089 5348 complentur
1143 5278 1197 5333 in
1253 5278 1498 5345 Christo,
1547 5287 1598 5333 et
1656 5274 1773 5349 [ΑΙ.

270 5460 285 5491 ⁸
319 5458 495 5516 Nostri
533 5475 668 5517 mss.
699 5470 753 5516 et
788 5461 1066 5527 Rabauus,
1095 5459 1251 5514 sibilo
1299 5473 1396 5529 pro
1451 5457 1664 5513 silentio
1699 5456 1774 5511 ie-

199 5539 473 5655 ﬂﬁidem
512 5617 646 5677 mss.
680 5645 696 5677 ,
727 5603 791 5658 Et
811 5603 954 5658 stetit
981 5604 1034 5656 in
1069 5597 1568 5677 eouspegtuAPatris,
1602 5608 1657 5650 ut
1690 5595 1769 5677 la-

199 5682 557 5795 qucretburyro
575 5674 649 5731 eis
676 5668 887 5743 bonum,
907 5684 954 5728 et
985 5683 1235 5730 averteret
1264 5671 1674 5741 indignationem
1702 5668 1769 5719 il-

205 5749 349 5801 laesa
406 5756 502 5797 ets.

1893 4537 2148 4592 baueruut
2175 4535 2517 4607 a’diﬁcautcs,
2546 4530 2629 4588 liic
2653 4536 2822 4605 factus
2843 4544 2920 4589 est
2951 4535 3008 4587 in
3062 4543 3216 4601 caput
3264 4530 3470 4601 anguli-

1886 4629 1931 4681 Α
1961 4629 2180 4682 Domino
2203 4629 2399 4697 factum
2434 4631 2625 4684 esthoc
2655 4628 2828 4699 (Psal.
2865 4641 3030 4689 cun,
3069 4624 3187 4695 25).

1958 4719 2119 4790 (callo
2156 4717 2296 4775 XIX.
2326 4748 2398 4759 —
2422 4718 2577 4774 Vcrs.
2625 4720 2648 4773 1
2691 4718 2869 4789 seqq.)
2906 4735 2925 4770 ι
2970 4714 3099 4771 Hmc
3134 4714 3263 4769 dicit
3289 4709 3469 4765 Domi-

1885 4826 1989 4865 nus
2021 4827 2038 4866 :
2075 4810 2242 4876 Vade,
2271 4821 2328 4867 et
2351 4824 2510 4865 sume
2560 4812 2896 4878 lagunculam
2956 4808 3099 4878 figuli
3152 4814 3379 4860 testcam
3412 4811 3468 4856 et

1883 4905 1953 4960 de
1984 4903 2288 4959 senioribus
2320 4903 2529 4973 populi,
2552 4914 2608 4958 et
2637 4903 2702 4957 de
2725 4899 3032 4957 senioribus
3051 4897 3075 4929 ⁸
3098 4895 3475 4956 sacerdotum,

1880 5006 1936 5052 et
1966 4996 2228 5067 egredere
2258 4997 2327 5052 ad
2362 4997 2556 5051 vallem
2590 4995 2687 5050 lilii
2739 4993 2972 5058 Ennom,
3021 5004 3141 5060 quae
3191 4996 3274 5043 est
3314 4987 3477 5056 juxta

1882 5090 2168 5146 introitum
2201 5100 2374 5160 portm
2393 5088 2602 5145 Fictilis
2641 5089 2769 5160 (sive
2797 5084 3074 5155 Cbarsith)
3102 5099 3119 5150 ;
3149 5090 3207 5138 et
3265 5080 3481 5152 praedi--

1878 5183 2029 5239 cabis
2070 5183 2196 5256 (sive
2221 5183 2503 5249 clamabis,
2538 5183 2615 5236 r’el
2648 5179 2811 5250 leges)
2846 5177 2919 5233 ibi
2972 5175 3140 5234 verba
3197 5187 3319 5243 qum
3364 5187 3480 5244 ego,

1876 5274 2069 5347 loquar
2091 5278 2159 5331 ad
2187 5286 2261 5344 te,
2278 5285 2333 5332 et
2356 5275 2544 5331 dices:
2581 5273 2776 5329 Audite
2798 5270 3023 5329 verbum
3051 5265 3290 5335 Domini,
3309 5278 3478 5337 reges

1945 5457 1967 5493 ³
1999 5456 2202 5522 Verba,
2233 5458 2425 5527 Populi
2456 5474 2520 5512 ac
2550 5456 2801 5527 seniores,
2819 5456 2874 5513 in
2924 5455 3160 5515 Cisterc.
3190 5475 3295 5517 ms.
3348 5475 3468 5518 non

1947 5599 1967 5630 ι
1997 5598 2149 5666 Vulg.
2185 5614 2200 5652 :
2241 5599 2426 5670 Accipe
2480 5598 2825 5670 lagunculam
2863 5600 3011 5671 ﬁguli
3043 5609 3259 5657 testeum
3298 5618 3331 5657 α
3377 5615 3465 5656 ειν

1873 5672 2128 5737 niordms,
2162 5681 2267 5725 etc.

2132 5851 2167 5859 -ς
2184 5858 2187 5861 .
