  <div class='ocr_page' id='page_1' title='image "/cluster/home/n/w/nwhite01/storage/ocr_20150623/24/hvd.32044096580485/421.png"; bbox 0 0 3966 6176; ppageno 0'>
   <div class='ocr_carea' id='block_1_1' title="bbox 474 246 573 312">
    <p class='ocr_par' dir='ltr' id='par_1_1' title="bbox 474 246 573 312">
     <span class='ocr_line' id='line_1_1' title="bbox 474 246 573 312; baseline 0 -1"><span class='ocrx_word' id='word_1_1' title='bbox 474 246 573 312; x_wconf 69' lang='lat'><strong>831</strong></span> 
     </span>
    </p>
   </div>
   <div class='ocr_carea' id='block_1_2' title="bbox 1648 233 2556 302">
    <p class='ocr_par' dir='ltr' id='par_1_2' title="bbox 1648 233 2556 302">
     <span class='ocr_line' id='line_1_2' title="bbox 1648 233 2556 302; baseline -0.001 0"><span class='ocrx_word' id='word_1_2' title='bbox 1648 242 1710 302; x_wconf 91' lang='lat' dir='ltr'><strong>S.</strong></span> <span class='ocrx_word' id='word_1_3' title='bbox 1748 238 2057 302; x_wconf 84' lang='lat' dir='ltr'><strong>EUSEBII</strong></span> <span class='ocrx_word' id='word_1_4' title='bbox 2116 233 2556 301; x_wconf 79' lang='lat' dir='ltr'><strong>HIERONYMI</strong></span> 
     </span>
    </p>
   </div>
   <div class='ocr_carea' id='block_1_3' title="bbox 3619 245 3729 316">
    <p class='ocr_par' dir='ltr' id='par_1_3' title="bbox 3619 245 3729 316">
     <span class='ocr_line' id='line_1_3' title="bbox 3619 245 3729 316; baseline 0 -1"><span class='ocrx_word' id='word_1_5' title='bbox 3619 245 3729 316; x_wconf 75' lang='lat'><strong>832</strong></span> 
     </span>
    </p>
   </div>
   <div class='ocr_carea' id='block_1_4' title="bbox 476 346 3726 437">
    <p class='ocr_par' dir='ltr' id='par_1_4' title="bbox 476 346 3726 437">
     <span class='ocr_line' id='line_1_4' title="bbox 476 346 3726 437; baseline -0 -14"><span class='ocrx_word' id='word_1_6' title='bbox 476 368 694 435; x_wconf 77' lang='lat' dir='ltr'><strong>luda,et</strong></span> <span class='ocrx_word' id='word_1_7' title='bbox 712 363 1048 422; x_wconf 83' lang='lat' dir='ltr'><strong>habitatores</strong></span> <span class='ocrx_word' id='word_1_8' title='bbox 1064 358 1390 420; x_wconf 75' lang='lat' dir='ltr'><strong>Jerusalem.</strong></span> <span class='ocrx_word' id='word_1_9' title='bbox 1420 382 1437 414; x_wconf 73' lang='grc' dir='ltr'><strong>ι</strong></span> <span class='ocrx_word' id='word_1_10' title='bbox 1457 364 1560 419; x_wconf 83' lang='lat' dir='ltr'><strong>Pro</strong></span> <span class='ocrx_word' id='word_1_11' title='bbox 1582 363 1864 433; x_wconf 84' lang='lat' dir='ltr'><strong>laguncqu</strong></span> <span class='ocrx_word' id='word_1_12' title='bbox 1881 362 2050 432; x_wconf 81' lang='lat' dir='ltr'><strong>ﬁguli,</strong></span> <span class='ocrx_word' id='word_1_13' title='bbox 2083 357 2127 414; x_wconf 79' lang='grc' dir='ltr'><strong>Δ</strong></span> <span class='ocrx_word' id='word_1_14' title='bbox 2156 373 2256 413; x_wconf 89' lang='lat' dir='ltr'><strong>nec</strong></span> <span class='ocrx_word' id='word_1_15' title='bbox 2290 369 2472 429; x_wconf 90' lang='lat' dir='ltr'><strong>patres</strong></span> <span class='ocrx_word' id='word_1_16' title='bbox 2496 366 2637 432; x_wconf 87' lang='lat' dir='ltr'><strong>ejus,</strong></span> <span class='ocrx_word' id='word_1_17' title='bbox 2661 365 2889 434; x_wconf 78' lang='lat' dir='ltr'><strong>apostoli</strong></span> <span class='ocrx_word' id='word_1_18' title='bbox 2920 366 3169 421; x_wconf 84' lang='lat' dir='ltr'><strong>videlicet</strong></span> <span class='ocrx_word' id='word_1_19' title='bbox 3190 346 3246 420; x_wconf 80' lang='lat' dir='ltr'><strong>et</strong></span> <span class='ocrx_word' id='word_1_20' title='bbox 3273 368 3557 437; x_wconf 75' lang='lat' dir='ltr'><strong>apostolici</strong></span> <span class='ocrx_word' id='word_1_21' title='bbox 3587 371 3726 435; x_wconf 84' lang='lat' dir='ltr'><strong>viri;</strong></span> 
     </span>
    </p>
   </div>
   <div class='ocr_carea' id='block_1_5' title="bbox 477 453 2050 543">
    <p class='ocr_par' dir='ltr' id='par_1_5' title="bbox 477 453 2050 543">
     <span class='ocr_line' id='line_1_5' title="bbox 477 453 2050 543; baseline -0.002 -35"><span class='ocrx_word' id='word_1_22' title='bbox 477 473 599 527; x_wconf 67' lang='lat' dir='ltr'><strong>quae</strong></span> <span class='ocrx_word' id='word_1_23' title='bbox 627 454 892 510; x_wconf 83' lang='lat' dir='ltr'><strong>Hebraice</strong></span> <span class='ocrx_word' id='word_1_24' title='bbox 918 455 1113 509; x_wconf 90' lang='lat' dir='ltr'><strong>dicitur</strong></span> <span class='ocrx_word' id='word_1_25' title='bbox 1138 468 1332 508; x_wconf 61' lang='lat' dir='ltr'><strong>necnec</strong></span> <span class='ocrx_word' id='word_1_26' title='bbox 1378 454 1599 543; x_wconf 63' lang='lat' dir='ltr'><strong>(papa),</strong></span> <span class='ocrx_word' id='word_1_27' title='bbox 1619 453 1760 507; x_wconf 78' lang='lat' dir='ltr'><strong>LXX</strong></span> <span class='ocrx_word' id='word_1_28' title='bbox 1793 453 2050 508; x_wconf 88' lang='lat' dir='ltr'><strong>doliolum</strong></span> 
     </span>
    </p>
   </div>
   <div class='ocr_carea' id='block_1_6' title="bbox 479 543 2050 615">
    <p class='ocr_par' dir='ltr' id='par_1_6' title="bbox 479 543 2050 615">
     <span class='ocr_line' id='line_1_6' title="bbox 479 543 2050 615; baseline -0.001 -14"><span class='ocrx_word' id='word_1_29' title='bbox 479 546 890 611; x_wconf 85' lang='lat' dir='ltr'><strong>transtulerunt,</strong></span> <span class='ocrx_word' id='word_1_30' title='bbox 906 554 960 601; x_wconf 90' lang='lat' dir='ltr'><strong>et</strong></span> <span class='ocrx_word' id='word_1_31' title='bbox 976 560 1072 614; x_wconf 88' lang='lat' dir='ltr'><strong>pro</strong></span> <span class='ocrx_word' id='word_1_32' title='bbox 1088 556 1239 615; x_wconf 85' lang='lat' dir='ltr'><strong>porta</strong></span> <span class='ocrx_word' id='word_1_33' title='bbox 1256 545 1451 610; x_wconf 84' lang='lat' dir='ltr'><strong>Fictili,</strong></span> <span class='ocrx_word' id='word_1_34' title='bbox 1472 543 2050 615; x_wconf 83' lang='lat' dir='ltr'><strong>Aquila,Symmacbus</strong></span> 
     </span>
    </p>
   </div>
   <div class='ocr_carea' id='block_1_7' title="bbox 477 635 2050 707">
    <p class='ocr_par' dir='ltr' id='par_1_7' title="bbox 477 635 2050 707">
     <span class='ocr_line' id='line_1_7' title="bbox 477 635 2050 707; baseline -0.003 -14"><span class='ocrx_word' id='word_1_35' title='bbox 477 650 532 693; x_wconf 89' lang='lat' dir='ltr'><strong>et</strong></span> <span class='ocrx_word' id='word_1_36' title='bbox 563 636 866 693; x_wconf 85' lang='lat' dir='ltr'><strong>Theodotio</strong></span> <span class='ocrx_word' id='word_1_37' title='bbox 895 638 1069 707; x_wconf 89' lang='lat' dir='ltr'><strong>ipsum</strong></span> <span class='ocrx_word' id='word_1_38' title='bbox 1098 637 1322 692; x_wconf 80' lang='lat' dir='ltr'><strong>verbum</strong></span> <span class='ocrx_word' id='word_1_39' title='bbox 1382 649 1677 703; x_wconf 90' lang='lat' dir='ltr'><strong>posuerunt</strong></span> <span class='ocrx_word' id='word_1_40' title='bbox 1726 635 2050 691; x_wconf 82' lang='lat' dir='ltr'><strong>Hebraicum</strong></span> 
     </span>
    </p>
   </div>
   <div class='ocr_carea' id='block_1_8' title="bbox 479 728 2052 798">
    <p class='ocr_par' dir='ltr' id='par_1_8' title="bbox 479 728 2052 798">
     <span class='ocr_line' id='line_1_8' title="bbox 479 728 2052 798; baseline -0.001 -15"><span class='ocrx_word' id='word_1_41' title='bbox 479 745 708 784; x_wconf 64' lang='lat' dir='ltr'><strong>nsasrm</strong></span> <span class='ocrx_word' id='word_1_42' title='bbox 739 729 961 797; x_wconf 50' lang='lat' dir='ltr'><strong>(moon)</strong></span> <span class='ocrx_word' id='word_1_43' title='bbox 995 746 1011 793; x_wconf 83' lang='grc'><strong>;</strong></span> <span class='ocrx_word' id='word_1_44' title='bbox 1047 742 1146 798; x_wconf 76' lang='lat' dir='ltr'><strong>pro</strong></span> <span class='ocrx_word' id='word_1_45' title='bbox 1177 744 1283 797; x_wconf 88' lang='lat' dir='ltr'><strong>quo</strong></span> <span class='ocrx_word' id='word_1_46' title='bbox 1309 728 1449 782; x_wconf 75' lang='lat' dir='ltr'><strong>LXX</strong></span> <span class='ocrx_word' id='word_1_47' title='bbox 1480 729 1632 798; x_wconf 90' lang='lat' dir='ltr'><strong>juxta</strong></span> <span class='ocrx_word' id='word_1_48' title='bbox 1664 743 1869 784; x_wconf 87' lang='lat' dir='ltr'><strong>morem</strong></span> <span class='ocrx_word' id='word_1_49' title='bbox 1895 742 2052 782; x_wconf 89' lang='lat' dir='ltr'><strong>suum</strong></span> 
     </span>
    </p>
   </div>
   <div class='ocr_carea' id='block_1_9' title="bbox 481 815 2057 890">
    <p class='ocr_par' dir='ltr' id='par_1_9' title="bbox 481 815 2057 890">
     <span class='ocr_line' id='line_1_9' title="bbox 481 815 2057 890; baseline 0 -16"><span class='ocrx_word' id='word_1_50' title='bbox 481 836 580 890; x_wconf 90' lang='lat' dir='ltr'><strong>pro</strong></span> <span class='ocrx_word' id='word_1_51' title='bbox 611 815 939 889; x_wconf 74' lang='lat' dir='ltr'><strong>aspii&#39;atione</strong></span> <span class='ocrx_word' id='word_1_52' title='bbox 961 835 1101 875; x_wconf 76' lang='lat' dir='ltr'><strong>tum</strong></span> <span class='ocrx_word' id='word_1_53' title='bbox 1128 831 1169 881; x_wconf 82' lang='grc' dir='ltr'>Π</span> <span class='ocrx_word' id='word_1_54' title='bbox 1197 820 1413 888; x_wconf 72' lang='lat' dir='ltr'><strong>litterae,</strong></span> <span class='ocrx_word' id='word_1_55' title='bbox 1441 822 1763 876; x_wconf 89' lang='lat' dir='ltr'><strong>addiderunt</strong></span> <span class='ocrx_word' id='word_1_56' title='bbox 1787 836 1876 875; x_wconf 81' lang='lat' dir='ltr'><strong>cm</strong></span> <span class='ocrx_word' id='word_1_57' title='bbox 1908 819 2057 875; x_wconf 64' lang='lat' dir='ltr'><strong>Gra-</strong></span> 
     </span>
    </p>
   </div>
   <div class='ocr_carea' id='block_1_10' title="bbox 480 910 2057 983">
    <p class='ocr_par' dir='ltr' id='par_1_10' title="bbox 480 910 2057 983">
     <span class='ocr_line' id='line_1_10' title="bbox 480 910 2057 983; baseline 0.001 -18"><span class='ocrx_word' id='word_1_58' title='bbox 480 924 630 976; x_wconf 89' lang='lat' dir='ltr'><strong>cum,</strong></span> <span class='ocrx_word' id='word_1_59' title='bbox 658 921 721 965; x_wconf 92' lang='lat' dir='ltr'><strong>ut</strong></span> <span class='ocrx_word' id='word_1_60' title='bbox 754 912 998 967; x_wconf 82' lang='lat' dir='ltr'><strong>dicerem</strong></span> <span class='ocrx_word' id='word_1_61' title='bbox 1052 910 1300 966; x_wconf 81' lang='lat' dir='ltr'><strong>Clumith</strong></span> <span class='ocrx_word' id='word_1_62' title='bbox 1337 926 1437 983; x_wconf 88' lang='lat' dir='ltr'><strong>pro</strong></span> <span class='ocrx_word' id='word_1_63' title='bbox 1494 912 1695 975; x_wconf 82' lang='lat' dir='ltr'><strong>Arsith,</strong></span> <span class='ocrx_word' id='word_1_64' title='bbox 1731 913 1873 968; x_wconf 92' lang='lat' dir='ltr'><strong>sicut</strong></span> <span class='ocrx_word' id='word_1_65' title='bbox 1926 911 2057 966; x_wconf 84' lang='lat' dir='ltr'><strong>illud</strong></span> 
     </span>
    </p>
   </div>
   <div class='ocr_carea' id='block_1_11' title="bbox 479 999 2054 1072">
    <p class='ocr_par' dir='ltr' id='par_1_11' title="bbox 479 999 2054 1072">
     <span class='ocr_line' id='line_1_11' title="bbox 479 999 2054 1072; baseline 0.002 -17"><span class='ocrx_word' id='word_1_66' title='bbox 479 1010 568 1055; x_wconf 90' lang='lat' dir='ltr'><strong>est</strong></span> <span class='ocrx_word' id='word_1_67' title='bbox 601 1016 698 1070; x_wconf 91' lang='lat' dir='ltr'><strong>pro</strong></span> <span class='ocrx_word' id='word_1_68' title='bbox 753 999 990 1066; x_wconf 82' lang='lat' dir='ltr'><strong>Hebron,</strong></span> <span class='ocrx_word' id='word_1_69' title='bbox 1023 1002 1284 1068; x_wconf 77' lang='lat' dir='ltr'><strong>Chebron,</strong></span> <span class='ocrx_word' id='word_1_70' title='bbox 1318 1012 1372 1057; x_wconf 86' lang='lat' dir='ltr'><strong>et</strong></span> <span class='ocrx_word' id='word_1_71' title='bbox 1403 1018 1499 1072; x_wconf 87' lang='lat' dir='ltr'><strong>pro</strong></span> <span class='ocrx_word' id='word_1_72' title='bbox 1552 1002 1754 1067; x_wconf 81' lang='lat' dir='ltr'><strong>Jeriho,</strong></span> <span class='ocrx_word' id='word_1_73' title='bbox 1822 1001 2054 1058; x_wconf 82' lang='lat' dir='ltr'><strong>Jericho.</strong></span> 
     </span>
    </p>
   </div>
   <div class='ocr_carea' id='block_1_12' title="bbox 485 1090 2059 1163">
    <p class='ocr_par' dir='ltr' id='par_1_12' title="bbox 485 1090 2059 1163">
     <span class='ocr_line' id='line_1_12' title="bbox 485 1090 2059 1163; baseline 0.003 -19"><span class='ocrx_word' id='word_1_74' title='bbox 485 1090 610 1145; x_wconf 85' lang='lat' dir='ltr'><strong>Vult</strong></span> <span class='ocrx_word' id='word_1_75' title='bbox 641 1104 817 1146; x_wconf 87' lang='lat' dir='ltr'><strong>autem</strong></span> <span class='ocrx_word' id='word_1_76' title='bbox 873 1091 1153 1163; x_wconf 80' lang='lat' dir='ltr'><strong>Scriptura</strong></span> <span class='ocrx_word' id='word_1_77' title='bbox 1216 1094 1417 1158; x_wconf 89' lang='lat' dir='ltr'><strong>divina,</strong></span> <span class='ocrx_word' id='word_1_78' title='bbox 1452 1110 1563 1147; x_wconf 90' lang='lat' dir='ltr'><strong>non</strong></span> <span class='ocrx_word' id='word_1_79' title='bbox 1620 1095 1797 1149; x_wconf 89' lang='lat' dir='ltr'><strong>solum</strong></span> <span class='ocrx_word' id='word_1_80' title='bbox 1837 1094 2059 1148; x_wconf 84' lang='lat' dir='ltr'><strong>auribus</strong></span> 
     </span>
    </p>
   </div>
   <div class='ocr_carea' id='block_1_13' title="bbox 380 1183 2058 1256">
    <p class='ocr_par' dir='ltr' id='par_1_13' title="bbox 380 1183 2058 1256">
     <span class='ocr_line' id='line_1_13' title="bbox 380 1183 2058 1256; baseline 0 -17"><span class='ocrx_word' id='word_1_81' title='bbox 380 1220 387 1227; x_wconf 83' lang='lat'><strong>-</strong></span> <span class='ocrx_word' id='word_1_82' title='bbox 483 1184 665 1239; x_wconf 79' lang='lat' dir='ltr'><strong>doceri</strong></span> <span class='ocrx_word' id='word_1_83' title='bbox 716 1184 994 1253; x_wconf 89' lang='lat' dir='ltr'><strong>populum,</strong></span> <span class='ocrx_word' id='word_1_84' title='bbox 1027 1186 1122 1239; x_wconf 89' lang='lat' dir='ltr'><strong>sed</strong></span> <span class='ocrx_word' id='word_1_85' title='bbox 1171 1196 1224 1238; x_wconf 90' lang='lat' dir='ltr'><strong>et</strong></span> <span class='ocrx_word' id='word_1_86' title='bbox 1251 1185 1444 1239; x_wconf 84' lang='lat' dir='ltr'><strong>oculis.</strong></span> <span class='ocrx_word' id='word_1_87' title='bbox 1472 1183 1641 1255; x_wconf 79' lang='lat' dir='ltr'><strong>Magis</strong></span> <span class='ocrx_word' id='word_1_88' title='bbox 1666 1185 1809 1239; x_wconf 89' lang='lat' dir='ltr'><strong>enim</strong></span> <span class='ocrx_word' id='word_1_89' title='bbox 1842 1185 1921 1255; x_wconf 91' lang='lat' dir='ltr'><strong>(ut</strong></span> <span class='ocrx_word' id='word_1_90' title='bbox 1949 1185 2058 1256; x_wconf 89' lang='lat' dir='ltr'><strong>jam</strong></span> 
     </span>
    </p>
   </div>
   <div class='ocr_carea' id='block_1_14' title="bbox 486 1276 2061 1347">
    <p class='ocr_par' dir='ltr' id='par_1_14' title="bbox 486 1276 2061 1347">
     <span class='ocr_line' id='line_1_14' title="bbox 486 1276 2061 1347; baseline 0.001 -17"><span class='ocrx_word' id='word_1_91' title='bbox 486 1278 744 1345; x_wconf 78' lang='lat' dir='ltr'><strong>diximus)</strong></span> <span class='ocrx_word' id='word_1_92' title='bbox 787 1285 969 1331; x_wconf 90' lang='lat' dir='ltr'><strong>mente</strong></span> <span class='ocrx_word' id='word_1_93' title='bbox 1021 1278 1289 1330; x_wconf 90' lang='lat' dir='ltr'><strong>retinetur</strong></span> <span class='ocrx_word' id='word_1_94' title='bbox 1343 1278 1484 1346; x_wconf 86' lang='lat' dir='ltr'><strong>quod</strong></span> <span class='ocrx_word' id='word_1_95' title='bbox 1529 1277 1673 1344; x_wconf 87' lang='lat' dir='ltr'><strong>visu,</strong></span> <span class='ocrx_word' id='word_1_96' title='bbox 1705 1292 1867 1346; x_wconf 85' lang='lat' dir='ltr'><strong>quam</strong></span> <span class='ocrx_word' id='word_1_97' title='bbox 1919 1276 2061 1347; x_wconf 88' lang='lat' dir='ltr'><strong>quod</strong></span> 
     </span>
    </p>
   </div>
   <div class='ocr_carea' id='block_1_15' title="bbox 486 1366 2061 1437">
    <p class='ocr_par' dir='ltr' id='par_1_15' title="bbox 486 1366 2061 1437">
     <span class='ocr_line' id='line_1_15' title="bbox 486 1366 2061 1437; baseline 0.002 -19"><span class='ocrx_word' id='word_1_98' title='bbox 486 1366 673 1419; x_wconf 89' lang='lat' dir='ltr'><strong>auditu</strong></span> <span class='ocrx_word' id='word_1_99' title='bbox 705 1366 770 1420; x_wconf 89' lang='lat' dir='ltr'><strong>ad</strong></span> <span class='ocrx_word' id='word_1_100' title='bbox 804 1367 1042 1421; x_wconf 87' lang='lat' dir='ltr'><strong>animum</strong></span> <span class='ocrx_word' id='word_1_101' title='bbox 1086 1368 1333 1434; x_wconf 77' lang='lat' dir='ltr'><strong>pervenit</strong></span> <span class='ocrx_word' id='word_1_102' title='bbox 1368 1386 1380 1432; x_wconf 84' lang='lat'><strong>;</strong></span> <span class='ocrx_word' id='word_1_103' title='bbox 1428 1367 1592 1434; x_wconf 86' lang='lat' dir='ltr'><strong>Tolle,</strong></span> <span class='ocrx_word' id='word_1_104' title='bbox 1635 1368 1827 1436; x_wconf 86' lang='lat' dir='ltr'><strong>inquit,</strong></span> <span class='ocrx_word' id='word_1_105' title='bbox 1873 1367 2061 1437; x_wconf 83' lang='lat' dir='ltr'><strong>lagun-</strong></span> 
     </span>
    </p>
   </div>
   <div class='ocr_carea' id='block_1_16' title="bbox 486 1457 2062 1528">
    <p class='ocr_par' dir='ltr' id='par_1_16' title="bbox 486 1457 2062 1528">
     <span class='ocr_line' id='line_1_16' title="bbox 486 1457 2062 1528; baseline 0.001 -17"><span class='ocrx_word' id='word_1_106' title='bbox 486 1457 685 1521; x_wconf 86' lang='lat' dir='ltr'><strong>culam,</strong></span> <span class='ocrx_word' id='word_1_107' title='bbox 718 1459 830 1511; x_wconf 97' lang='lat' dir='ltr'><strong>sive</strong></span> <span class='ocrx_word' id='word_1_108' title='bbox 858 1458 1113 1512; x_wconf 87' lang='lat' dir='ltr'><strong>doliolum</strong></span> <span class='ocrx_word' id='word_1_109' title='bbox 1150 1468 1389 1526; x_wconf 80' lang='lat' dir='ltr'><strong>testeum,</strong></span> <span class='ocrx_word' id='word_1_110' title='bbox 1417 1460 1549 1514; x_wconf 79' lang='lat' dir='ltr'><strong>etde</strong></span> <span class='ocrx_word' id='word_1_111' title='bbox 1569 1459 1860 1514; x_wconf 78' lang='lat' dir='ltr'><strong>senioribus</strong></span> <span class='ocrx_word' id='word_1_112' title='bbox 1886 1459 2062 1528; x_wconf 80' lang='lat' dir='ltr'><strong>populi</strong></span> 
     </span>
    </p>
   </div>
   <div class='ocr_carea' id='block_1_17' title="bbox 490 1549 2062 1619">
    <p class='ocr_par' dir='ltr' id='par_1_17' title="bbox 490 1549 2062 1619">
     <span class='ocr_line' id='line_1_17' title="bbox 490 1549 2062 1619; baseline 0.001 -18"><span class='ocrx_word' id='word_1_113' title='bbox 490 1563 552 1602; x_wconf 89' lang='lat' dir='ltr'><strong>ac</strong></span> <span class='ocrx_word' id='word_1_114' title='bbox 583 1550 939 1613; x_wconf 85' lang='lat' dir='ltr'><strong>sacerdotum,</strong></span> <span class='ocrx_word' id='word_1_115' title='bbox 966 1558 1012 1601; x_wconf 86' lang='lat' dir='ltr'><strong>et</strong></span> <span class='ocrx_word' id='word_1_116' title='bbox 1058 1551 1301 1618; x_wconf 81' lang='lat' dir='ltr'><strong>egredere</strong></span> <span class='ocrx_word' id='word_1_117' title='bbox 1357 1555 1425 1603; x_wconf 86' lang='lat' dir='ltr'><strong>ad</strong></span> <span class='ocrx_word' id='word_1_118' title='bbox 1463 1550 1647 1604; x_wconf 83' lang='lat' dir='ltr'><strong>vallem</strong></span> <span class='ocrx_word' id='word_1_119' title='bbox 1696 1550 1796 1619; x_wconf 82' lang='lat' dir='ltr'><strong>ﬁlii</strong></span> <span class='ocrx_word' id='word_1_120' title='bbox 1833 1549 2062 1613; x_wconf 81' lang='lat' dir='ltr'><strong>Eunom,</strong></span> 
     </span>
    </p>
   </div>
   <div class='ocr_carea' id='block_1_18' title="bbox 489 1640 2061 1711">
    <p class='ocr_par' dir='ltr' id='par_1_18' title="bbox 489 1640 2061 1711">
     <span class='ocr_line' id='line_1_18' title="bbox 489 1640 2061 1711; baseline 0.001 -20"><span class='ocrx_word' id='word_1_121' title='bbox 489 1640 557 1695; x_wconf 90' lang='lat' dir='ltr'><strong>de</strong></span> <span class='ocrx_word' id='word_1_122' title='bbox 595 1655 698 1708; x_wconf 86' lang='lat' dir='ltr'><strong>qua</strong></span> <span class='ocrx_word' id='word_1_123' title='bbox 732 1654 897 1710; x_wconf 88' lang='lat' dir='ltr'><strong>supra</strong></span> <span class='ocrx_word' id='word_1_124' title='bbox 934 1640 1193 1708; x_wconf 82' lang='lat' dir='ltr'><strong>diximus,</strong></span> <span class='ocrx_word' id='word_1_125' title='bbox 1225 1643 1276 1694; x_wconf 91' lang='lat' dir='ltr'><strong>iu</strong></span> <span class='ocrx_word' id='word_1_126' title='bbox 1310 1657 1413 1711; x_wconf 88' lang='lat' dir='ltr'><strong>qua</strong></span> <span class='ocrx_word' id='word_1_127' title='bbox 1449 1654 1567 1696; x_wconf 87' lang='lat' dir='ltr'><strong>erat</strong></span> <span class='ocrx_word' id='word_1_128' title='bbox 1593 1642 1878 1696; x_wconf 86' lang='lat' dir='ltr'><strong>delubrum</strong></span> <span class='ocrx_word' id='word_1_129' title='bbox 1915 1641 2061 1705; x_wconf 87' lang='lat' dir='ltr'><strong>Baal,</strong></span> 
     </span>
    </p>
   </div>
   <div class='ocr_carea' id='block_1_19' title="bbox 488 1731 2066 1804">
    <p class='ocr_par' dir='ltr' id='par_1_19' title="bbox 488 1731 2066 1804">
     <span class='ocr_line' id='line_1_19' title="bbox 488 1731 2066 1804; baseline 0 -17"><span class='ocrx_word' id='word_1_130' title='bbox 488 1744 544 1787; x_wconf 83' lang='lat' dir='ltr'><strong>et</strong></span> <span class='ocrx_word' id='word_1_131' title='bbox 606 1747 798 1787; x_wconf 89' lang='lat' dir='ltr'><strong>nemus</strong></span> <span class='ocrx_word' id='word_1_132' title='bbox 858 1748 920 1786; x_wconf 92' lang='lat' dir='ltr'><strong>ac</strong></span> <span class='ocrx_word' id='word_1_133' title='bbox 954 1731 1106 1787; x_wconf 90' lang='lat' dir='ltr'><strong>lucus</strong></span> <span class='ocrx_word' id='word_1_134' title='bbox 1139 1731 1284 1787; x_wconf 89' lang='lat' dir='ltr'><strong>Siloe</strong></span> <span class='ocrx_word' id='word_1_135' title='bbox 1334 1733 1578 1789; x_wconf 81' lang='lat' dir='ltr'><strong>fontibus</strong></span> <span class='ocrx_word' id='word_1_136' title='bbox 1642 1733 1921 1804; x_wconf 72' lang='lat' dir='ltr'><strong>irrigatus.</strong></span> <span class='ocrx_word' id='word_1_137' title='bbox 1951 1734 2066 1802; x_wconf 86' lang='lat' dir='ltr'><strong>lpsa</strong></span> 
     </span>
    </p>
   </div>
   <div class='ocr_carea' id='block_1_20' title="bbox 489 1823 2071 1896">
    <p class='ocr_par' dir='ltr' id='par_1_20' title="bbox 489 1823 2071 1896">
     <span class='ocr_line' id='line_1_20' title="bbox 489 1823 2071 1896; baseline 0.003 -18"><span class='ocrx_word' id='word_1_138' title='bbox 489 1832 695 1888; x_wconf 88' lang='lat' dir='ltr'><strong>autem,</strong></span> <span class='ocrx_word' id='word_1_139' title='bbox 737 1826 933 1895; x_wconf 86' lang='lat' dir='ltr'><strong>inquit,</strong></span> <span class='ocrx_word' id='word_1_140' title='bbox 968 1823 1125 1879; x_wconf 85' lang='lat' dir='ltr'><strong>vallis</strong></span> <span class='ocrx_word' id='word_1_141' title='bbox 1175 1826 1329 1894; x_wconf 81' lang='lat' dir='ltr'><strong>juxta</strong></span> <span class='ocrx_word' id='word_1_142' title='bbox 1386 1836 1595 1896; x_wconf 85' lang='lat' dir='ltr'><strong>portam</strong></span> <span class='ocrx_word' id='word_1_143' title='bbox 1649 1837 1750 1892; x_wconf 91' lang='lat' dir='ltr'><strong>est,</strong></span> <span class='ocrx_word' id='word_1_144' title='bbox 1790 1842 1908 1896; x_wconf 68' lang='lat' dir='ltr'><strong>qum</strong></span> <span class='ocrx_word' id='word_1_145' title='bbox 1970 1827 2071 1882; x_wconf 85' lang='lat' dir='ltr'><strong>lle-</strong></span> 
     </span>
    </p>
   </div>
   <div class='ocr_carea' id='block_1_21' title="bbox 489 1915 2063 1986">
    <p class='ocr_par' dir='ltr' id='par_1_21' title="bbox 489 1915 2063 1986">
     <span class='ocr_line' id='line_1_21' title="bbox 489 1915 2063 1986; baseline 0.001 -16"><span class='ocrx_word' id='word_1_146' title='bbox 489 1915 673 1970; x_wconf 83' lang='lat' dir='ltr'><strong>braice</strong></span> <span class='ocrx_word' id='word_1_147' title='bbox 710 1930 930 1971; x_wconf 73' lang='lat' dir='ltr'><strong>nausxrn</strong></span> <span class='ocrx_word' id='word_1_148' title='bbox 963 1916 1209 1986; x_wconf 53' lang='lat' dir='ltr'><strong>(mean),</strong></span> <span class='ocrx_word' id='word_1_149' title='bbox 1248 1917 1350 1972; x_wconf 84' lang='lat' dir='ltr'><strong>hoc</strong></span> <span class='ocrx_word' id='word_1_150' title='bbox 1374 1926 1477 1983; x_wconf 89' lang='lat' dir='ltr'><strong>est,</strong></span> <span class='ocrx_word' id='word_1_151' title='bbox 1516 1916 1695 1985; x_wconf 80' lang='lat' dir='ltr'><strong>ﬁctilis</strong></span> <span class='ocrx_word' id='word_1_152' title='bbox 1741 1917 2063 1986; x_wconf 79' lang='lat' dir='ltr'><strong>appellatur.</strong></span> 
     </span>
    </p>
   </div>
   <div class='ocr_carea' id='block_1_22' title="bbox 491 2007 2071 2079">
    <p class='ocr_par' dir='ltr' id='par_1_22' title="bbox 491 2007 2071 2079">
     <span class='ocr_line' id='line_1_22' title="bbox 491 2007 2071 2079; baseline 0.002 -19"><span class='ocrx_word' id='word_1_153' title='bbox 491 2007 564 2061; x_wconf 85' lang='lat' dir='ltr'><strong>Et</strong></span> <span class='ocrx_word' id='word_1_154' title='bbox 590 2008 921 2076; x_wconf 75' lang='lat' dir='ltr'><strong>prwdirabis,</strong></span> <span class='ocrx_word' id='word_1_155' title='bbox 957 2007 1040 2060; x_wconf 85' lang='lat' dir='ltr'><strong>vel</strong></span> <span class='ocrx_word' id='word_1_156' title='bbox 1073 2008 1204 2078; x_wconf 81' lang='lat' dir='ltr'><strong>leges</strong></span> <span class='ocrx_word' id='word_1_157' title='bbox 1227 2010 1301 2063; x_wconf 82' lang='lat' dir='ltr'><strong>ibi</strong></span> <span class='ocrx_word' id='word_1_158' title='bbox 1356 2009 1532 2073; x_wconf 84' lang='lat' dir='ltr'><strong>verba,</strong></span> <span class='ocrx_word' id='word_1_159' title='bbox 1556 2026 1673 2079; x_wconf 71' lang='lat' dir='ltr'><strong>qua:</strong></span> <span class='ocrx_word' id='word_1_160' title='bbox 1738 2025 1831 2078; x_wconf 90' lang='lat' dir='ltr'><strong>ego</strong></span> <span class='ocrx_word' id='word_1_161' title='bbox 1883 2009 2071 2077; x_wconf 84' lang='lat' dir='ltr'><strong>loquar</strong></span> 
     </span>
    </p>
   </div>
   <div class='ocr_carea' id='block_1_23' title="bbox 494 2099 2072 2169">
    <p class='ocr_par' dir='ltr' id='par_1_23' title="bbox 494 2099 2072 2169">
     <span class='ocr_line' id='line_1_23' title="bbox 494 2099 2072 2169; baseline 0.002 -18"><span class='ocrx_word' id='word_1_162' title='bbox 494 2107 706 2152; x_wconf 86' lang='lat' dir='ltr'><strong>tecum:</strong></span> <span class='ocrx_word' id='word_1_163' title='bbox 738 2107 793 2151; x_wconf 91' lang='lat' dir='ltr'><strong>ut</strong></span> <span class='ocrx_word' id='word_1_164' title='bbox 827 2099 896 2153; x_wconf 91' lang='lat' dir='ltr'><strong>ibi</strong></span> <span class='ocrx_word' id='word_1_165' title='bbox 960 2100 1253 2153; x_wconf 81' lang='lat' dir='ltr'><strong>audiantur</strong></span> <span class='ocrx_word' id='word_1_166' title='bbox 1314 2115 1434 2169; x_wconf 66' lang='lat' dir='ltr'><strong>quae</strong></span> <span class='ocrx_word' id='word_1_167' title='bbox 1482 2102 1724 2156; x_wconf 89' lang='lat' dir='ltr'><strong>dicturus</strong></span> <span class='ocrx_word' id='word_1_168' title='bbox 1750 2116 1892 2156; x_wconf 90' lang='lat' dir='ltr'><strong>sum.</strong></span> <span class='ocrx_word' id='word_1_169' title='bbox 1946 2102 2072 2156; x_wconf 82' lang='lat' dir='ltr'><strong>ideo</strong></span> 
     </span>
    </p>
   </div>
   <div class='ocr_carea' id='block_1_24' title="bbox 495 2189 2067 2261">
    <p class='ocr_par' dir='ltr' id='par_1_24' title="bbox 495 2189 2067 2261">
     <span class='ocr_line' id='line_1_24' title="bbox 495 2189 2067 2261; baseline 0.004 -20"><span class='ocrx_word' id='word_1_170' title='bbox 495 2200 673 2242; x_wconf 90' lang='lat' dir='ltr'><strong>autem</strong></span> <span class='ocrx_word' id='word_1_171' title='bbox 707 2190 788 2259; x_wconf 91' lang='lat' dir='ltr'><strong>(ut</strong></span> <span class='ocrx_word' id='word_1_172' title='bbox 820 2189 935 2259; x_wconf 88' lang='lat' dir='ltr'><strong>jam</strong></span> <span class='ocrx_word' id='word_1_173' title='bbox 966 2190 1226 2261; x_wconf 81' lang='lat' dir='ltr'><strong>diximus)</strong></span> <span class='ocrx_word' id='word_1_174' title='bbox 1254 2201 1308 2245; x_wconf 91' lang='lat' dir='ltr'><strong>et</strong></span> <span class='ocrx_word' id='word_1_175' title='bbox 1337 2192 1672 2259; x_wconf 57' lang='lat' dir='ltr'><strong>praedicabis,</strong></span> <span class='ocrx_word' id='word_1_176' title='bbox 1708 2201 1762 2246; x_wconf 89' lang='lat' dir='ltr'><strong>et</strong></span> <span class='ocrx_word' id='word_1_177' title='bbox 1786 2193 2067 2256; x_wconf 87' lang='lat' dir='ltr'><strong>clamabis,</strong></span> 
     </span>
    </p>
   </div>
   <div class='ocr_carea' id='block_1_25' title="bbox 495 2280 2072 2351">
    <p class='ocr_par' dir='ltr' id='par_1_25' title="bbox 495 2280 2072 2351">
     <span class='ocr_line' id='line_1_25' title="bbox 495 2280 2072 2351; baseline 0.003 -15"><span class='ocrx_word' id='word_1_178' title='bbox 495 2290 551 2336; x_wconf 87' lang='lat' dir='ltr'><strong>et</strong></span> <span class='ocrx_word' id='word_1_179' title='bbox 579 2280 723 2349; x_wconf 79' lang='lat' dir='ltr'><strong>leges</strong></span> <span class='ocrx_word' id='word_1_180' title='bbox 770 2285 1011 2351; x_wconf 81' lang='lat' dir='ltr'><strong>ponitur,</strong></span> <span class='ocrx_word' id='word_1_181' title='bbox 1042 2282 1167 2351; x_wconf 86' lang='lat' dir='ltr'><strong>quia</strong></span> <span class='ocrx_word' id='word_1_182' title='bbox 1205 2283 1431 2338; x_wconf 82' lang='lat' dir='ltr'><strong>verbum</strong></span> <span class='ocrx_word' id='word_1_183' title='bbox 1496 2282 1820 2339; x_wconf 79' lang='lat' dir='ltr'><strong>Hebraicum</strong></span> <span class='ocrx_word' id='word_1_184' title='bbox 1870 2298 2072 2340; x_wconf 67' lang='lat' dir='ltr'><strong>canam</strong></span> 
     </span>
    </p>
   </div>
   <div class='ocr_carea' id='block_1_26' title="bbox 496 2374 2073 2460">
    <p class='ocr_par' dir='ltr' id='par_1_26' title="bbox 496 2374 2073 2460">
     <span class='ocr_line' id='line_1_26' title="bbox 496 2374 2073 2460; baseline -0.001 -26"><span class='ocrx_word' id='word_1_185' title='bbox 496 2374 724 2460; x_wconf 68' lang='lat' dir='ltr'><strong>(nat-1p),</strong></span> <span class='ocrx_word' id='word_1_186' title='bbox 760 2375 861 2428; x_wconf 90' lang='lat' dir='ltr'><strong>tria</strong></span> <span class='ocrx_word' id='word_1_187' title='bbox 898 2375 1010 2429; x_wconf 48' lang='lat' dir='ltr'><strong>haec</strong></span> <span class='ocrx_word' id='word_1_188' title='bbox 1069 2374 1359 2445; x_wconf 85' lang='lat' dir='ltr'><strong>signiﬁcat.</strong></span> <span class='ocrx_word' id='word_1_189' title='bbox 1391 2374 1624 2446; x_wconf 79' lang='lat' dir='ltr'><strong>Vultque</strong></span> <span class='ocrx_word' id='word_1_190' title='bbox 1662 2391 1784 2447; x_wconf 76' lang='lat' dir='ltr'><strong>qua:</strong></span> <span class='ocrx_word' id='word_1_191' title='bbox 1827 2378 2073 2432; x_wconf 87' lang='lat' dir='ltr'><strong>dicturus</strong></span> 
     </span>
    </p>
   </div>
   <div class='ocr_carea' id='block_1_27' title="bbox 501 2464 2070 2534">
    <p class='ocr_par' dir='ltr' id='par_1_27' title="bbox 501 2464 2070 2534">
     <span class='ocr_line' id='line_1_27' title="bbox 501 2464 2070 2534; baseline 0.003 -18"><span class='ocrx_word' id='word_1_192' title='bbox 501 2475 607 2530; x_wconf 76' lang='lat' dir='ltr'><strong>cst,</strong></span> <span class='ocrx_word' id='word_1_193' title='bbox 638 2475 692 2518; x_wconf 87' lang='lat' dir='ltr'><strong>et</strong></span> <span class='ocrx_word' id='word_1_194' title='bbox 726 2480 880 2533; x_wconf 82' lang='lat' dir='ltr'><strong>rcges</strong></span> <span class='ocrx_word' id='word_1_195' title='bbox 903 2464 1042 2520; x_wconf 84' lang='lat' dir='ltr'><strong>Juda</strong></span> <span class='ocrx_word' id='word_1_196' title='bbox 1075 2467 1286 2533; x_wconf 87' lang='lat' dir='ltr'><strong>audire,</strong></span> <span class='ocrx_word' id='word_1_197' title='bbox 1311 2477 1367 2522; x_wconf 89' lang='lat' dir='ltr'><strong>et</strong></span> <span class='ocrx_word' id='word_1_198' title='bbox 1392 2468 1727 2523; x_wconf 80' lang='lat' dir='ltr'><strong>habitatores</strong></span> <span class='ocrx_word' id='word_1_199' title='bbox 1745 2467 2070 2534; x_wconf 80' lang='lat' dir='ltr'><strong>Jerusalem,</strong></span> 
     </span>
    </p>
   </div>
   <div class='ocr_carea' id='block_1_28' title="bbox 497 2538 2075 2631">
    <p class='ocr_par' dir='ltr' id='par_1_28' title="bbox 497 2538 2075 2631">
     <span class='ocr_line' id='line_1_28' title="bbox 497 2538 2075 2631; baseline 0.003 -22"><span class='ocrx_word' id='word_1_200' title='bbox 497 2554 552 2609; x_wconf 91' lang='lat' dir='ltr'><strong>id</strong></span> <span class='ocrx_word' id='word_1_201' title='bbox 592 2567 696 2621; x_wconf 85' lang='lat' dir='ltr'><strong>cst,</strong></span> <span class='ocrx_word' id='word_1_202' title='bbox 720 2538 774 2609; x_wconf 79' lang='lat' dir='ltr'><strong>et</strong></span> <span class='ocrx_word' id='word_1_203' title='bbox 809 2556 1033 2625; x_wconf 86' lang='lat' dir='ltr'><strong>stirpem</strong></span> <span class='ocrx_word' id='word_1_204' title='bbox 1070 2559 1297 2626; x_wconf 83' lang='lat' dir='ltr'><strong>regiam,</strong></span> <span class='ocrx_word' id='word_1_205' title='bbox 1329 2566 1391 2611; x_wconf 87' lang='lat' dir='ltr'><strong>et-</strong></span> <span class='ocrx_word' id='word_1_206' title='bbox 1426 2571 1650 2631; x_wconf 79' lang='lat' dir='ltr'><strong>omnem</strong></span> <span class='ocrx_word' id='word_1_207' title='bbox 1702 2558 1988 2630; x_wconf 82' lang='lat' dir='ltr'><strong>pupulum,</strong></span> <span class='ocrx_word' id='word_1_208' title='bbox 2016 2568 2075 2614; x_wconf 90' lang='lat' dir='ltr'><strong>ut</strong></span> 
     </span>
    </p>
   </div>
   <div class='ocr_carea' id='block_1_29' title="bbox 498 2646 1931 2719">
    <p class='ocr_par' dir='ltr' id='par_1_29' title="bbox 498 2646 1931 2719">
     <span class='ocr_line' id='line_1_29' title="bbox 498 2646 1931 2719; baseline 0.006 -20"><span class='ocrx_word' id='word_1_209' title='bbox 498 2646 668 2719; x_wconf 68' lang='grc'><strong>974</strong></span> <span class='ocrx_word' id='word_1_210' title='bbox 701 2649 1100 2704; x_wconf 81' lang='lat' dir='ltr'><strong>inexcusabiles</strong></span> <span class='ocrx_word' id='word_1_211' title='bbox 1126 2651 1255 2713; x_wconf 89' lang='lat' dir='ltr'><strong>sint,</strong></span> <span class='ocrx_word' id='word_1_212' title='bbox 1288 2649 1377 2718; x_wconf 92' lang='lat' dir='ltr'><strong>qui</strong></span> <span class='ocrx_word' id='word_1_213' title='bbox 1404 2650 1596 2709; x_wconf 73' lang='lat' dir='ltr'><strong>audire.</strong></span> <span class='ocrx_word' id='word_1_214' title='bbox 1641 2650 1931 2707; x_wconf 89' lang='lat' dir='ltr'><strong>noluerint.</strong></span> 
     </span>
    </p>
   </div>
   <div class='ocr_carea' id='block_1_30' title="bbox 575 2738 2073 2811">
    <p class='ocr_par' dir='ltr' id='par_1_30' title="bbox 575 2738 2073 2811">
     <span class='ocr_line' id='line_1_30' title="bbox 575 2738 2073 2811; baseline 0.004 -19"><span class='ocrx_word' id='word_1_215' title='bbox 575 2738 757 2810; x_wconf 75' lang='lat' dir='ltr'><strong>(Vere.</strong></span> <span class='ocrx_word' id='word_1_216' title='bbox 812 2739 958 2811; x_wconf 65' lang='lat'><strong>4-6.)</strong></span> <span class='ocrx_word' id='word_1_217' title='bbox 1001 2760 1022 2793; x_wconf 71' lang='grc' dir='ltr'>ι</span> <span class='ocrx_word' id='word_1_218' title='bbox 1069 2738 1194 2797; x_wconf 62' lang='grc' dir='ltr'><strong>ΙΙπο</strong></span> <span class='ocrx_word' id='word_1_219' title='bbox 1244 2742 1374 2797; x_wconf 90' lang='lat' dir='ltr'><strong>dicit</strong></span> <span class='ocrx_word' id='word_1_220' title='bbox 1421 2741 1685 2798; x_wconf 85' lang='lat' dir='ltr'><strong>Dominus</strong></span> <span class='ocrx_word' id='word_1_221' title='bbox 1738 2744 2073 2799; x_wconf 81' lang='lat' dir='ltr'><strong>exercituum</strong></span> 
     </span>
    </p>
   </div>
   <div class='ocr_carea' id='block_1_31' title="bbox 500 2821 2077 2917">
    <p class='ocr_par' dir='ltr' id='par_1_31' title="bbox 500 2821 2077 2917">
     <span class='ocr_line' id='line_1_31' title="bbox 500 2821 2077 2917; baseline 0.004 -35"><span class='ocrx_word' id='word_1_222' title='bbox 500 2827 644 2884; x_wconf 84' lang='lat' dir='ltr'><strong>Deus</strong></span> <span class='ocrx_word' id='word_1_223' title='bbox 681 2829 841 2917; x_wconf 51' lang='lat' dir='ltr'><strong>Israel</strong></span> <span class='ocrx_word' id='word_1_224' title='bbox 875 2821 890 2887; x_wconf 79' lang='grc' dir='ltr'><strong>ἑ</strong></span> <span class='ocrx_word' id='word_1_225' title='bbox 929 2831 1069 2887; x_wconf 87' lang='lat' dir='ltr'><strong>Ecce</strong></span> <span class='ocrx_word' id='word_1_226' title='bbox 1114 2846 1214 2901; x_wconf 85' lang='lat' dir='ltr'><strong>ego</strong></span> <span class='ocrx_word' id='word_1_227' title='bbox 1264 2833 1515 2888; x_wconf 89' lang='lat' dir='ltr'><strong>inducam</strong></span> <span class='ocrx_word' id='word_1_228' title='bbox 1578 2831 1918 2888; x_wconf 79' lang='lat' dir='ltr'><strong>alliictiouem</strong></span> <span class='ocrx_word' id='word_1_229' title='bbox 1951 2834 2077 2904; x_wconf 77' lang='lat' dir='ltr'><strong>(sive</strong></span> 
     </span>
    </p>
   </div>
   <div class='ocr_carea' id='block_1_32' title="bbox 504 2924 2077 2996">
    <p class='ocr_par' dir='ltr' id='par_1_32' title="bbox 504 2924 2077 2996">
     <span class='ocr_line' id='line_1_32' title="bbox 504 2924 2077 2996; baseline 0.001 -17"><span class='ocrx_word' id='word_1_230' title='bbox 504 2924 668 2996; x_wconf 86' lang='lat' dir='ltr'><strong>mala)</strong></span> <span class='ocrx_word' id='word_1_231' title='bbox 703 2940 868 2994; x_wconf 87' lang='lat' dir='ltr'><strong>super</strong></span> <span class='ocrx_word' id='word_1_232' title='bbox 896 2925 1075 2979; x_wconf 87' lang='lat' dir='ltr'><strong>locum</strong></span> <span class='ocrx_word' id='word_1_233' title='bbox 1108 2925 1269 2980; x_wconf 87' lang='lat' dir='ltr'><strong>istum</strong></span> <span class='ocrx_word' id='word_1_234' title='bbox 1304 2943 1318 2979; x_wconf 88' lang='lat'><strong>:</strong></span> <span class='ocrx_word' id='word_1_235' title='bbox 1344 2926 1415 2980; x_wconf 84' lang='lat' dir='ltr'><strong>ita</strong></span> <span class='ocrx_word' id='word_1_236' title='bbox 1443 2934 1497 2980; x_wconf 90' lang='lat' dir='ltr'><strong>ut</strong></span> <span class='ocrx_word' id='word_1_237' title='bbox 1528 2926 1707 2981; x_wconf 89' lang='lat' dir='ltr'><strong>omnis</strong></span> <span class='ocrx_word' id='word_1_238' title='bbox 1728 2927 1818 2996; x_wconf 87' lang='lat' dir='ltr'><strong>qui</strong></span> <span class='ocrx_word' id='word_1_239' title='bbox 1846 2926 2077 2982; x_wconf 88' lang='lat' dir='ltr'><strong>audierit</strong></span> 
     </span>
    </p>
   </div>
   <div class='ocr_carea' id='block_1_33' title="bbox 2156 454 3726 529">
    <p class='ocr_par' dir='ltr' id='par_1_33' title="bbox 2156 454 3726 529">
     <span class='ocr_line' id='line_1_33' title="bbox 2156 454 3726 529; baseline 0.006 -25"><span class='ocrx_word' id='word_1_240' title='bbox 2156 466 2313 521; x_wconf 77' lang='lat' dir='ltr'><strong>reges</strong></span> <span class='ocrx_word' id='word_1_241' title='bbox 2334 464 2513 508; x_wconf 90' lang='lat' dir='ltr'><strong>autem</strong></span> <span class='ocrx_word' id='word_1_242' title='bbox 2535 454 2695 520; x_wconf 86' lang='lat' dir='ltr'><strong>Juda,</strong></span> <span class='ocrx_word' id='word_1_243' title='bbox 2726 460 2826 511; x_wconf 89' lang='lat' dir='ltr'><strong>hoc</strong></span> <span class='ocrx_word' id='word_1_244' title='bbox 2848 466 2951 521; x_wconf 87' lang='lat' dir='ltr'><strong>est,</strong></span> <span class='ocrx_word' id='word_1_245' title='bbox 2978 459 3353 515; x_wconf 71' lang='lat' dir='ltr'><strong>haereticorum</strong></span> <span class='ocrx_word' id='word_1_246' title='bbox 3380 461 3726 529; x_wconf 56' lang='lat' dir='ltr'><strong>patriarcha,</strong></span> 
     </span>
    </p>
   </div>
   <div class='ocr_carea' id='block_1_34' title="bbox 2156 542 3728 620">
    <p class='ocr_par' dir='ltr' id='par_1_34' title="bbox 2156 542 3728 620">
     <span class='ocr_line' id='line_1_34' title="bbox 2156 542 3728 620; baseline 0.007 -25"><span class='ocrx_word' id='word_1_247' title='bbox 2156 542 2385 611; x_wconf 89' lang='lat' dir='ltr'><strong>implent</strong></span> <span class='ocrx_word' id='word_1_248' title='bbox 2410 545 2590 599; x_wconf 92' lang='lat' dir='ltr'><strong>locum</strong></span> <span class='ocrx_word' id='word_1_249' title='bbox 2621 548 2892 615; x_wconf 87' lang='lat' dir='ltr'><strong>quondam</strong></span> <span class='ocrx_word' id='word_1_250' title='bbox 2928 548 3043 617; x_wconf 88' lang='lat' dir='ltr'><strong>Dei,</strong></span> <span class='ocrx_word' id='word_1_251' title='bbox 3076 553 3339 620; x_wconf 82' lang='lat' dir='ltr'><strong>sanguine</strong></span> <span class='ocrx_word' id='word_1_252' title='bbox 3377 553 3728 619; x_wconf 75' lang='lat' dir='ltr'><strong>deceptorum</strong></span> 
     </span>
    </p>
   </div>
   <div class='ocr_carea' id='block_1_35' title="bbox 2156 635 3728 712">
    <p class='ocr_par' dir='ltr' id='par_1_35' title="bbox 2156 635 3728 712">
     <span class='ocr_line' id='line_1_35' title="bbox 2156 635 3728 712; baseline 0.005 -25"><span class='ocrx_word' id='word_1_253' title='bbox 2156 643 2211 688; x_wconf 89' lang='lat' dir='ltr'><strong>et</strong></span> <span class='ocrx_word' id='word_1_254' title='bbox 2237 635 2761 694; x_wconf 82' lang='lat' dir='ltr'><strong>innocentium.Nisi</strong></span> <span class='ocrx_word' id='word_1_255' title='bbox 2792 641 2938 694; x_wconf 87' lang='lat' dir='ltr'><strong>enim</strong></span> <span class='ocrx_word' id='word_1_256' title='bbox 2960 641 3160 696; x_wconf 90' lang='lat' dir='ltr'><strong>stultus</strong></span> <span class='ocrx_word' id='word_1_257' title='bbox 3180 651 3236 697; x_wconf 91' lang='lat' dir='ltr'><strong>et</strong></span> <span class='ocrx_word' id='word_1_258' title='bbox 3278 644 3505 712; x_wconf 78' lang='lat' dir='ltr'><strong>simplex</strong></span> <span class='ocrx_word' id='word_1_259' title='bbox 3543 644 3728 712; x_wconf 80' lang='lat' dir='ltr'><strong>fuerit,</strong></span> 
     </span>
    </p>
   </div>
   <div class='ocr_carea' id='block_1_36' title="bbox 2159 727 3731 800">
    <p class='ocr_par' dir='ltr' id='par_1_36' title="bbox 2159 727 3731 800">
     <span class='ocr_line' id='line_1_36' title="bbox 2159 727 3731 800; baseline 0.007 -24"><span class='ocrx_word' id='word_1_260' title='bbox 2159 739 2265 779; x_wconf 90' lang='lat' dir='ltr'><strong>non</strong></span> <span class='ocrx_word' id='word_1_261' title='bbox 2297 727 2408 780; x_wconf 90' lang='lat' dir='ltr'><strong>cito</strong></span> <span class='ocrx_word' id='word_1_262' title='bbox 2439 728 2792 784; x_wconf 78' lang='lat' dir='ltr'><strong>subvertitur.</strong></span> <span class='ocrx_word' id='word_1_263' title='bbox 2829 731 2895 785; x_wconf 89' lang='lat' dir='ltr'><strong>Et</strong></span> <span class='ocrx_word' id='word_1_264' title='bbox 2917 732 3188 787; x_wconf 69' lang='lat' dir='ltr'><strong>aediﬁcant</strong></span> <span class='ocrx_word' id='word_1_265' title='bbox 3233 735 3447 789; x_wconf 72' lang='lat' dir='ltr'><strong>excelsa</strong></span> <span class='ocrx_word' id='word_1_266' title='bbox 3499 734 3731 800; x_wconf 87' lang='lat' dir='ltr'><strong>Baalim,</strong></span> 
     </span>
    </p>
   </div>
   <div class='ocr_carea' id='block_1_37' title="bbox 2157 817 3735 893">
    <p class='ocr_par' dir='ltr' id='par_1_37' title="bbox 2157 817 3735 893">
     <span class='ocr_line' id='line_1_37' title="bbox 2157 817 3735 893; baseline 0.005 -22"><span class='ocrx_word' id='word_1_267' title='bbox 2157 817 2284 871; x_wconf 88' lang='lat' dir='ltr'><strong>dum</strong></span> <span class='ocrx_word' id='word_1_268' title='bbox 2316 817 2384 872; x_wconf 83' lang='lat' dir='ltr'><strong>de</strong></span> <span class='ocrx_word' id='word_1_269' title='bbox 2412 818 2735 875; x_wconf 86' lang='lat' dir='ltr'><strong>sublimibus</strong></span> <span class='ocrx_word' id='word_1_270' title='bbox 2762 823 3038 893; x_wconf 84' lang='lat' dir='ltr'><strong>disputare</strong></span> <span class='ocrx_word' id='word_1_271' title='bbox 3065 839 3123 880; x_wconf 88' lang='lat' dir='ltr'><strong>se</strong></span> <span class='ocrx_word' id='word_1_272' title='bbox 3153 825 3357 881; x_wconf 90' lang='lat' dir='ltr'><strong>dicunt.</strong></span> <span class='ocrx_word' id='word_1_273' title='bbox 3390 827 3457 880; x_wconf 84' lang='lat' dir='ltr'><strong>Et</strong></span> <span class='ocrx_word' id='word_1_274' title='bbox 3504 825 3735 881; x_wconf 84' lang='lat' dir='ltr'><strong>combu-</strong></span> 
     </span>
    </p>
   </div>
   <div class='ocr_carea' id='block_1_38' title="bbox 2159 908 3731 988">
    <p class='ocr_par' dir='ltr' id='par_1_38' title="bbox 2159 908 3731 988">
     <span class='ocr_line' id='line_1_38' title="bbox 2159 908 3731 988; baseline 0.008 -27"><span class='ocrx_word' id='word_1_275' title='bbox 2159 918 2286 983; x_wconf 77' lang='lat' dir='ltr'><strong>runt</strong></span> <span class='ocrx_word' id='word_1_276' title='bbox 2330 908 2471 966; x_wconf 86' lang='lat' dir='ltr'><strong>ﬁlios</strong></span> <span class='ocrx_word' id='word_1_277' title='bbox 2500 927 2630 969; x_wconf 88' lang='lat' dir='ltr'><strong>suos</strong></span> <span class='ocrx_word' id='word_1_278' title='bbox 2676 914 2838 979; x_wconf 89' lang='lat' dir='ltr'><strong>idolo,</strong></span> <span class='ocrx_word' id='word_1_279' title='bbox 2870 920 3008 985; x_wconf 65' lang='lat' dir='ltr'><strong>quos</strong></span> <span class='ocrx_word' id='word_1_280' title='bbox 3058 917 3113 970; x_wconf 91' lang='lat' dir='ltr'><strong>in</strong></span> <span class='ocrx_word' id='word_1_281' title='bbox 3164 917 3353 972; x_wconf 66' lang='lat' dir='ltr'><strong>haeresi</strong></span> <span class='ocrx_word' id='word_1_282' title='bbox 3406 929 3731 988; x_wconf 80' lang='lat' dir='ltr'><strong>genuerunt.</strong></span> 
     </span>
    </p>
   </div>
   <div class='ocr_carea' id='block_1_39' title="bbox 2161 1002 3734 1080">
    <p class='ocr_par' dir='ltr' id='par_1_39' title="bbox 2161 1002 3734 1080">
     <span class='ocr_line' id='line_1_39' title="bbox 2161 1002 3734 1080; baseline 0.005 -25"><span class='ocrx_word' id='word_1_283' title='bbox 2161 1002 2292 1067; x_wconf 58' lang='lat' dir='ltr'><strong>Quae</strong></span> <span class='ocrx_word' id='word_1_284' title='bbox 2312 1003 2494 1058; x_wconf 90' lang='lat' dir='ltr'><strong>omnia</strong></span> <span class='ocrx_word' id='word_1_285' title='bbox 2522 1006 2769 1074; x_wconf 90' lang='lat' dir='ltr'><strong>ignorare</strong></span> <span class='ocrx_word' id='word_1_286' title='bbox 2790 1022 2851 1063; x_wconf 88' lang='lat' dir='ltr'><strong>se</strong></span> <span class='ocrx_word' id='word_1_287' title='bbox 2877 1008 3011 1063; x_wconf 89' lang='lat' dir='ltr'><strong>dicit</strong></span> <span class='ocrx_word' id='word_1_288' title='bbox 3033 1009 3313 1076; x_wconf 86' lang='lat' dir='ltr'><strong>Dominus,</strong></span> <span class='ocrx_word' id='word_1_289' title='bbox 3344 1023 3446 1065; x_wconf 89' lang='lat' dir='ltr'><strong>nec</strong></span> <span class='ocrx_word' id='word_1_290' title='bbox 3491 1024 3734 1080; x_wconf 84' lang='lat' dir='ltr'><strong>unquam</strong></span> 
     </span>
    </p>
   </div>
   <div class='ocr_carea' id='block_1_40' title="bbox 2161 1098 3171 1168">
    <p class='ocr_par' dir='ltr' id='par_1_40' title="bbox 2161 1098 3171 1168">
     <span class='ocr_line' id='line_1_40' title="bbox 2161 1098 3171 1168; baseline 0.008 -19"><span class='ocrx_word' id='word_1_291' title='bbox 2161 1098 2473 1155; x_wconf 85' lang='lat' dir='ltr'><strong>ascendisse</strong></span> <span class='ocrx_word' id='word_1_292' title='bbox 2506 1100 2558 1153; x_wconf 90' lang='lat' dir='ltr'><strong>in</strong></span> <span class='ocrx_word' id='word_1_293' title='bbox 2587 1101 2964 1168; x_wconf 76' lang='lat' dir='ltr'><strong>cogitationem</strong></span> <span class='ocrx_word' id='word_1_294' title='bbox 2995 1117 3171 1157; x_wconf 90' lang='lat' dir='ltr'><strong>suam.</strong></span> 
     </span>
    </p>
   </div>
   <div class='ocr_carea' id='block_1_41' title="bbox 2232 1189 3737 1260">
    <p class='ocr_par' dir='ltr' id='par_1_41' title="bbox 2232 1189 3737 1260">
     <span class='ocr_line' id='line_1_41' title="bbox 2232 1189 3737 1260; baseline 0.001 -17"><span class='ocrx_word' id='word_1_295' title='bbox 2232 1189 2418 1259; x_wconf 87' lang='lat' dir='ltr'><strong>(Vers.</strong></span> <span class='ocrx_word' id='word_1_296' title='bbox 2470 1190 2566 1260; x_wconf 87' lang='lat'><strong>6.)</strong></span> <span class='ocrx_word' id='word_1_297' title='bbox 2603 1209 2623 1242; x_wconf 74' lang='grc' dir='ltr'><strong>ε</strong></span> <span class='ocrx_word' id='word_1_298' title='bbox 2677 1190 2966 1260; x_wconf 85' lang='lat' dir='ltr'><strong>Propterea</strong></span> <span class='ocrx_word' id='word_1_299' title='bbox 2997 1206 3124 1247; x_wconf 88' lang='lat' dir='ltr'><strong>ecce</strong></span> <span class='ocrx_word' id='word_1_300' title='bbox 3150 1193 3266 1248; x_wconf 81' lang='lat' dir='ltr'><strong>dies</strong></span> <span class='ocrx_word' id='word_1_301' title='bbox 3308 1191 3564 1255; x_wconf 89' lang='lat' dir='ltr'><strong>veniunt,</strong></span> <span class='ocrx_word' id='word_1_302' title='bbox 3601 1190 3737 1246; x_wconf 87' lang='lat' dir='ltr'><strong>dicit</strong></span> 
     </span>
    </p>
   </div>
   <div class='ocr_carea' id='block_1_42' title="bbox 2166 1277 3740 1348">
    <p class='ocr_par' dir='ltr' id='par_1_42' title="bbox 2166 1277 3740 1348">
     <span class='ocr_line' id='line_1_42' title="bbox 2166 1277 3740 1348; baseline -0.001 -15"><span class='ocrx_word' id='word_1_303' title='bbox 2166 1278 2450 1339; x_wconf 87' lang='lat' dir='ltr'><strong>Dominus.</strong></span> <span class='ocrx_word' id='word_1_304' title='bbox 2482 1288 2536 1334; x_wconf 90' lang='lat' dir='ltr'><strong>et</strong></span> <span class='ocrx_word' id='word_1_305' title='bbox 2567 1293 2675 1333; x_wconf 88' lang='lat' dir='ltr'><strong>non</strong></span> <span class='ocrx_word' id='word_1_306' title='bbox 2704 1279 2987 1334; x_wconf 76' lang='lat' dir='ltr'><strong>vocabitur</strong></span> <span class='ocrx_word' id='word_1_307' title='bbox 3020 1279 3171 1333; x_wconf 89' lang='lat' dir='ltr'><strong>locus</strong></span> <span class='ocrx_word' id='word_1_308' title='bbox 3199 1280 3302 1333; x_wconf 88' lang='lat' dir='ltr'><strong>iste</strong></span> <span class='ocrx_word' id='word_1_309' title='bbox 3324 1279 3557 1348; x_wconf 86' lang='lat' dir='ltr'><strong>amplius</strong></span> <span class='ocrx_word' id='word_1_310' title='bbox 3589 1277 3740 1332; x_wconf 80' lang='lat' dir='ltr'><strong>Tbo-</strong></span> 
     </span>
    </p>
   </div>
   <div class='ocr_carea' id='block_1_43' title="bbox 2165 1369 3732 1441">
    <p class='ocr_par' dir='ltr' id='par_1_43' title="bbox 2165 1369 3732 1441">
     <span class='ocr_line' id='line_1_43' title="bbox 2165 1369 3732 1441; baseline 0 -18"><span class='ocrx_word' id='word_1_311' title='bbox 2165 1370 2354 1441; x_wconf 84' lang='lat' dir='ltr'><strong>pbetb,</strong></span> <span class='ocrx_word' id='word_1_312' title='bbox 2387 1381 2441 1425; x_wconf 90' lang='lat' dir='ltr'><strong>et</strong></span> <span class='ocrx_word' id='word_1_313' title='bbox 2471 1370 2625 1424; x_wconf 85' lang='lat' dir='ltr'><strong>vallis</strong></span> <span class='ocrx_word' id='word_1_314' title='bbox 2659 1369 3117 1435; x_wconf 87' lang='lat' dir='ltr'><strong>ﬁliiEnnom,sed</strong></span> <span class='ocrx_word' id='word_1_315' title='bbox 3154 1369 3308 1426; x_wconf 88' lang='lat' dir='ltr'><strong>vallis</strong></span> <span class='ocrx_word' id='word_1_316' title='bbox 3348 1371 3674 1425; x_wconf 83' lang='lat' dir='ltr'><strong>occisionis.</strong></span> <span class='ocrx_word' id='word_1_317' title='bbox 3709 1386 3732 1423; x_wconf 86' lang='lat' dir='ltr'><strong>s</strong></span> 
     </span>
    </p>
   </div>
   <div class='ocr_carea' id='block_1_44' title="bbox 2166 1456 3737 1525">
    <p class='ocr_par' dir='ltr' id='par_1_44' title="bbox 2166 1456 3737 1525">
     <span class='ocr_line' id='line_1_44' title="bbox 2166 1456 3737 1525; baseline 0 -13"><span class='ocrx_word' id='word_1_318' title='bbox 2166 1456 2312 1512; x_wconf 80' lang='lat' dir='ltr'><strong>LXX</strong></span> <span class='ocrx_word' id='word_1_319' title='bbox 2345 1475 2360 1514; x_wconf 90' lang='lat'><strong>:</strong></span> <span class='ocrx_word' id='word_1_320' title='bbox 2399 1476 2418 1512; x_wconf 73' lang='grc' dir='ltr'><strong><em>ι</em></strong></span> <span class='ocrx_word' id='word_1_321' title='bbox 2459 1459 2670 1515; x_wconf 89' lang='lat' dir='ltr'><strong>Idcirco</strong></span> <span class='ocrx_word' id='word_1_322' title='bbox 2701 1473 2827 1515; x_wconf 88' lang='lat' dir='ltr'><strong>ecce</strong></span> <span class='ocrx_word' id='word_1_323' title='bbox 2857 1461 2974 1514; x_wconf 89' lang='lat' dir='ltr'><strong>dies</strong></span> <span class='ocrx_word' id='word_1_324' title='bbox 2997 1460 3241 1525; x_wconf 84' lang='lat' dir='ltr'><strong>veniunt,</strong></span> <span class='ocrx_word' id='word_1_325' title='bbox 3279 1458 3419 1515; x_wconf 91' lang='lat' dir='ltr'><strong>dicit</strong></span> <span class='ocrx_word' id='word_1_326' title='bbox 3450 1459 3737 1523; x_wconf 87' lang='lat' dir='ltr'><strong>Dominus,</strong></span> 
     </span>
    </p>
   </div>
   <div class='ocr_carea' id='block_1_45' title="bbox 2166 1549 3740 1619">
    <p class='ocr_par' dir='ltr' id='par_1_45' title="bbox 2166 1549 3740 1619">
     <span class='ocr_line' id='line_1_45' title="bbox 2166 1549 3740 1619; baseline 0 -17"><span class='ocrx_word' id='word_1_327' title='bbox 2166 1556 2222 1602; x_wconf 91' lang='lat' dir='ltr'><strong>et</strong></span> <span class='ocrx_word' id='word_1_328' title='bbox 2248 1564 2352 1604; x_wconf 89' lang='lat' dir='ltr'><strong>non</strong></span> <span class='ocrx_word' id='word_1_329' title='bbox 2382 1550 2663 1605; x_wconf 77' lang='lat' dir='ltr'><strong>vocabitur</strong></span> <span class='ocrx_word' id='word_1_330' title='bbox 2681 1550 2832 1607; x_wconf 90' lang='lat' dir='ltr'><strong>locus</strong></span> <span class='ocrx_word' id='word_1_331' title='bbox 2851 1550 2952 1606; x_wconf 87' lang='lat' dir='ltr'><strong>iste</strong></span> <span class='ocrx_word' id='word_1_332' title='bbox 2973 1549 3205 1619; x_wconf 86' lang='lat' dir='ltr'><strong>amplius</strong></span> <span class='ocrx_word' id='word_1_333' title='bbox 3228 1550 3384 1604; x_wconf 89' lang='lat' dir='ltr'><strong>ruina</strong></span> <span class='ocrx_word' id='word_1_334' title='bbox 3413 1558 3469 1605; x_wconf 90' lang='lat' dir='ltr'><strong>et</strong></span> <span class='ocrx_word' id='word_1_335' title='bbox 3492 1550 3740 1603; x_wconf 70' lang='grc' dir='ltr'><strong>πολυάν-</strong></span> 
     </span>
    </p>
   </div>
   <div class='ocr_carea' id='block_1_46' title="bbox 2094 1640 3734 1742">
    <p class='ocr_par' dir='ltr' id='par_1_46' title="bbox 2094 1640 3734 1742">
     <span class='ocr_line' id='line_1_46' title="bbox 2094 1640 3734 1742; baseline 0.001 -50"><span class='ocrx_word' id='word_1_336' title='bbox 2094 1642 2317 1742; x_wconf 79' lang='grc' dir='ltr'><strong>Βδριον</strong></span> <span class='ocrx_word' id='word_1_337' title='bbox 2362 1642 2454 1697; x_wconf 89' lang='lat' dir='ltr'><strong>ﬁlii</strong></span> <span class='ocrx_word' id='word_1_338' title='bbox 2509 1641 2741 1707; x_wconf 85' lang='lat' dir='ltr'><strong>Ennom,</strong></span> <span class='ocrx_word' id='word_1_339' title='bbox 2801 1640 2896 1696; x_wconf 88' lang='lat' dir='ltr'><strong>sed</strong></span> <span class='ocrx_word' id='word_1_340' title='bbox 2937 1640 3295 1711; x_wconf 77' lang='grc' dir='ltr'><strong>πολυάνδριον</strong></span> <span class='ocrx_word' id='word_1_341' title='bbox 3363 1640 3682 1696; x_wconf 88' lang='lat' dir='ltr'><strong>occisionis.</strong></span> <span class='ocrx_word' id='word_1_342' title='bbox 3714 1658 3734 1693; x_wconf 85' lang='lat' dir='ltr'><strong>s</strong></span> 
     </span>
    </p>
   </div>
   <div class='ocr_carea' id='block_1_47' title="bbox 2172 1732 3740 1801">
    <p class='ocr_par' dir='ltr' id='par_1_47' title="bbox 2172 1732 3740 1801">
     <span class='ocr_line' id='line_1_47' title="bbox 2172 1732 3740 1801; baseline 0.001 -16"><span class='ocrx_word' id='word_1_343' title='bbox 2172 1732 2302 1798; x_wconf 83' lang='lat' dir='ltr'><strong>Quae</strong></span> <span class='ocrx_word' id='word_1_344' title='bbox 2355 1734 2426 1788; x_wconf 86' lang='lat' dir='ltr'><strong>sit</strong></span> <span class='ocrx_word' id='word_1_345' title='bbox 2460 1733 2615 1789; x_wconf 86' lang='lat' dir='ltr'><strong>vallis</strong></span> <span class='ocrx_word' id='word_1_346' title='bbox 2673 1734 2769 1788; x_wconf 88' lang='lat' dir='ltr'><strong>ﬁlii</strong></span> <span class='ocrx_word' id='word_1_347' title='bbox 2818 1732 3057 1800; x_wconf 84' lang='lat' dir='ltr'><strong>Ennom,</strong></span> <span class='ocrx_word' id='word_1_348' title='bbox 3097 1748 3214 1801; x_wconf 66' lang='lat' dir='ltr'><strong>quae</strong></span> <span class='ocrx_word' id='word_1_349' title='bbox 3246 1732 3510 1788; x_wconf 83' lang='lat' dir='ltr'><strong>Hebraice</strong></span> <span class='ocrx_word' id='word_1_350' title='bbox 3538 1732 3740 1787; x_wconf 88' lang='lat' dir='ltr'><strong>dicitur</strong></span> 
     </span>
    </p>
   </div>
   <div class='ocr_carea' id='block_1_48' title="bbox 2173 1823 3736 1897">
    <p class='ocr_par' dir='ltr' id='par_1_48' title="bbox 2173 1823 3736 1897">
     <span class='ocr_line' id='line_1_48' title="bbox 2173 1823 3736 1897; baseline -0.003 -15"><span class='ocrx_word' id='word_1_351' title='bbox 2173 1839 2415 1882; x_wconf 68' lang='lat' dir='ltr'><strong>caesae!</strong></span> <span class='ocrx_word' id='word_1_352' title='bbox 2462 1826 2734 1897; x_wconf 68' lang='lat' dir='ltr'><strong>(manu),</strong></span> <span class='ocrx_word' id='word_1_353' title='bbox 2779 1826 2921 1880; x_wconf 85' lang='lat' dir='ltr'><strong>unde</strong></span> <span class='ocrx_word' id='word_1_354' title='bbox 2966 1832 3021 1879; x_wconf 90' lang='lat' dir='ltr'><strong>et</strong></span> <span class='ocrx_word' id='word_1_355' title='bbox 3074 1825 3362 1895; x_wconf 81' lang='lat' dir='ltr'><strong>gehennam</strong></span> <span class='ocrx_word' id='word_1_356' title='bbox 3415 1823 3736 1893; x_wconf 85' lang='lat' dir='ltr'><strong>appellatam</strong></span> 
     </span>
    </p>
   </div>
   <div class='ocr_carea' id='block_1_49' title="bbox 2170 1915 3740 1988">
    <p class='ocr_par' dir='ltr' id='par_1_49' title="bbox 2170 1915 3740 1988">
     <span class='ocr_line' id='line_1_49' title="bbox 2170 1915 3740 1988; baseline -0.003 -14"><span class='ocrx_word' id='word_1_357' title='bbox 2170 1917 2335 1988; x_wconf 82' lang='lat'><strong>975</strong></span> <span class='ocrx_word' id='word_1_358' title='bbox 2391 1926 2609 1987; x_wconf 89' lang='lat' dir='ltr'><strong>putatur</strong></span> <span class='ocrx_word' id='word_1_359' title='bbox 2652 1917 2692 1980; x_wconf 76' lang='grc' dir='ltr'><strong>ί,</strong></span> <span class='ocrx_word' id='word_1_360' title='bbox 2715 1931 2881 1987; x_wconf 89' lang='lat' dir='ltr'><strong>supra</strong></span> <span class='ocrx_word' id='word_1_361' title='bbox 2914 1916 3171 1971; x_wconf 82' lang='lat' dir='ltr'><strong>diximus.</strong></span> <span class='ocrx_word' id='word_1_362' title='bbox 3196 1915 3364 1970; x_wconf 75' lang='lat' dir='ltr'><strong>Miror</strong></span> <span class='ocrx_word' id='word_1_363' title='bbox 3391 1926 3574 1970; x_wconf 87' lang='lat' dir='ltr'><strong>autem</strong></span> <span class='ocrx_word' id='word_1_364' title='bbox 3612 1915 3740 1984; x_wconf 81' lang='lat' dir='ltr'><strong>quid</strong></span> 
     </span>
    </p>
   </div>
   <div class='ocr_carea' id='block_1_50' title="bbox 2172 2007 3739 2079">
    <p class='ocr_par' dir='ltr' id='par_1_50' title="bbox 2172 2007 3739 2079">
     <span class='ocr_line' id='line_1_50' title="bbox 2172 2007 3739 2079; baseline -0.004 -15"><span class='ocrx_word' id='word_1_365' title='bbox 2172 2009 2273 2064; x_wconf 87' lang='lat' dir='ltr'><strong>sibi</strong></span> <span class='ocrx_word' id='word_1_366' title='bbox 2309 2009 2583 2064; x_wconf 85' lang='lat' dir='ltr'><strong>voluerint</strong></span> <span class='ocrx_word' id='word_1_367' title='bbox 2610 2007 2754 2063; x_wconf 78' lang='lat' dir='ltr'><strong>LXX</strong></span> <span class='ocrx_word' id='word_1_368' title='bbox 2780 2023 2879 2079; x_wconf 92' lang='lat' dir='ltr'><strong>pro</strong></span> <span class='ocrx_word' id='word_1_369' title='bbox 2912 2023 3196 2063; x_wconf 74' lang='lat' dir='ltr'><strong>moenera</strong></span> <span class='ocrx_word' id='word_1_370' title='bbox 3217 2007 3400 2079; x_wconf 61' lang='lat' dir='ltr'><strong>(rem)</strong></span> <span class='ocrx_word' id='word_1_371' title='bbox 3418 2007 3739 2071; x_wconf 76' lang='grc' dir='ltr'><strong>διάπτωσιν,</strong></span> 
     </span>
    </p>
   </div>
   <div class='ocr_carea' id='block_1_51' title="bbox 2171 2099 3738 2171">
    <p class='ocr_par' dir='ltr' id='par_1_51' title="bbox 2171 2099 3738 2171">
     <span class='ocr_line' id='line_1_51' title="bbox 2171 2099 3738 2171; baseline -0.003 -15"><span class='ocrx_word' id='word_1_372' title='bbox 2171 2105 2278 2157; x_wconf 82' lang='lat' dir='ltr'><strong>hoc</strong></span> <span class='ocrx_word' id='word_1_373' title='bbox 2305 2111 2389 2156; x_wconf 88' lang='lat' dir='ltr'><strong>est</strong></span> <span class='ocrx_word' id='word_1_374' title='bbox 2423 2103 2631 2155; x_wconf 86' lang='lat' dir='ltr'><strong>ruinam</strong></span> <span class='ocrx_word' id='word_1_375' title='bbox 2680 2116 2901 2171; x_wconf 88' lang='lat' dir='ltr'><strong>ponere,</strong></span> <span class='ocrx_word' id='word_1_376' title='bbox 2935 2111 2990 2156; x_wconf 90' lang='lat' dir='ltr'><strong>et</strong></span> <span class='ocrx_word' id='word_1_377' title='bbox 3033 2116 3132 2170; x_wconf 90' lang='lat' dir='ltr'><strong>pro</strong></span> <span class='ocrx_word' id='word_1_378' title='bbox 3165 2102 3299 2155; x_wconf 81' lang='lat' dir='ltr'><strong>valle</strong></span> <span class='ocrx_word' id='word_1_379' title='bbox 3348 2099 3738 2168; x_wconf 82' lang='grc' dir='ltr'><strong>πολυάνδριον.</strong></span> 
     </span>
    </p>
   </div>
   <div class='ocr_carea' id='block_1_52' title="bbox 2174 2193 3743 2263">
    <p class='ocr_par' dir='ltr' id='par_1_52' title="bbox 2174 2193 3743 2263">
     <span class='ocr_line' id='line_1_52' title="bbox 2174 2193 3743 2263; baseline 0.001 -17"><span class='ocrx_word' id='word_1_380' title='bbox 2174 2194 2316 2263; x_wconf 89' lang='lat' dir='ltr'><strong>quod</strong></span> <span class='ocrx_word' id='word_1_381' title='bbox 2346 2194 2618 2262; x_wconf 83' lang='lat' dir='ltr'><strong>signiﬁcat</strong></span> <span class='ocrx_word' id='word_1_382' title='bbox 2668 2194 2901 2248; x_wconf 79' lang='lat' dir='ltr'><strong>uirorum</strong></span> <span class='ocrx_word' id='word_1_383' title='bbox 2947 2194 3395 2248; x_wconf 84' lang='lat' dir='ltr'><strong>multitudinem:</strong></span> <span class='ocrx_word' id='word_1_384' title='bbox 3446 2193 3552 2247; x_wconf 85' lang='lat' dir='ltr'><strong>nisi</strong></span> <span class='ocrx_word' id='word_1_385' title='bbox 3610 2193 3743 2247; x_wconf 76' lang='lat' dir='ltr'><strong>forte</strong></span> 
     </span>
    </p>
   </div>
   <div class='ocr_carea' id='block_1_53' title="bbox 2173 2285 3738 2357">
    <p class='ocr_par' dir='ltr' id='par_1_53' title="bbox 2173 2285 3738 2357">
     <span class='ocr_line' id='line_1_53' title="bbox 2173 2285 3738 2357; baseline -0.001 -16"><span class='ocrx_word' id='word_1_386' title='bbox 2173 2302 2238 2341; x_wconf 88' lang='lat' dir='ltr'><strong>ex</strong></span> <span class='ocrx_word' id='word_1_387' title='bbox 2274 2301 2340 2341; x_wconf 90' lang='lat' dir='ltr'><strong>eo</strong></span> <span class='ocrx_word' id='word_1_388' title='bbox 2371 2287 2516 2356; x_wconf 89' lang='lat' dir='ltr'><strong>quod</strong></span> <span class='ocrx_word' id='word_1_389' title='bbox 2549 2287 2620 2341; x_wconf 91' lang='lat' dir='ltr'><strong>ibi</strong></span> <span class='ocrx_word' id='word_1_390' title='bbox 2653 2287 2884 2357; x_wconf 85' lang='lat' dir='ltr'><strong>populus</strong></span> <span class='ocrx_word' id='word_1_391' title='bbox 2913 2286 3201 2351; x_wconf 88' lang='lat' dir='ltr'><strong>corruerit,</strong></span> <span class='ocrx_word' id='word_1_392' title='bbox 3220 2297 3275 2341; x_wconf 89' lang='lat' dir='ltr'><strong>et</strong></span> <span class='ocrx_word' id='word_1_393' title='bbox 3292 2300 3430 2341; x_wconf 72' lang='lat' dir='ltr'><strong>caesa</strong></span> <span class='ocrx_word' id='word_1_394' title='bbox 3462 2287 3536 2340; x_wconf 88' lang='lat' dir='ltr'><strong>sit</strong></span> <span class='ocrx_word' id='word_1_395' title='bbox 3560 2285 3738 2339; x_wconf 80' lang='lat' dir='ltr'><strong>homi-</strong></span> 
     </span>
    </p>
   </div>
   <div class='ocr_carea' id='block_1_54' title="bbox 2172 2375 3733 2447">
    <p class='ocr_par' dir='ltr' id='par_1_54' title="bbox 2172 2375 3733 2447">
     <span class='ocr_line' id='line_1_54' title="bbox 2172 2375 3733 2447; baseline 0.001 -16"><span class='ocrx_word' id='word_1_396' title='bbox 2172 2393 2305 2431; x_wconf 88' lang='lat' dir='ltr'><strong>num</strong></span> <span class='ocrx_word' id='word_1_397' title='bbox 2333 2378 2646 2443; x_wconf 85' lang='lat' dir='ltr'><strong>multitudo,</strong></span> <span class='ocrx_word' id='word_1_398' title='bbox 2673 2378 2758 2432; x_wconf 90' lang='lat' dir='ltr'><strong>vel</strong></span> <span class='ocrx_word' id='word_1_399' title='bbox 2785 2378 3166 2447; x_wconf 89' lang='lat' dir='ltr'><strong>spiritualiter,</strong></span> <span class='ocrx_word' id='word_1_400' title='bbox 3199 2378 3252 2431; x_wconf 90' lang='lat' dir='ltr'><strong>in</strong></span> <span class='ocrx_word' id='word_1_401' title='bbox 3286 2392 3476 2433; x_wconf 91' lang='lat' dir='ltr'><strong>errore</strong></span> <span class='ocrx_word' id='word_1_402' title='bbox 3509 2375 3733 2432; x_wconf 82' lang='lat' dir='ltr'><strong>idolola-</strong></span> 
     </span>
    </p>
   </div>
   <div class='ocr_carea' id='block_1_55' title="bbox 2175 2467 3739 2541">
    <p class='ocr_par' dir='ltr' id='par_1_55' title="bbox 2175 2467 3739 2541">
     <span class='ocr_line' id='line_1_55' title="bbox 2175 2467 3739 2541; baseline -0.001 -16"><span class='ocrx_word' id='word_1_403' title='bbox 2175 2470 2315 2533; x_wconf 68' lang='lat' dir='ltr'><strong>triae,</strong></span> <span class='ocrx_word' id='word_1_404' title='bbox 2345 2470 2427 2525; x_wconf 91' lang='lat' dir='ltr'><strong>vel</strong></span> <span class='ocrx_word' id='word_1_405' title='bbox 2450 2469 2608 2537; x_wconf 71' lang='lat' dir='ltr'><strong>juxta</strong></span> <span class='ocrx_word' id='word_1_406' title='bbox 2635 2470 2896 2537; x_wconf 87' lang='lat' dir='ltr'><strong>litteram,</strong></span> <span class='ocrx_word' id='word_1_407' title='bbox 2928 2486 2957 2525; x_wconf 90' lang='lat' dir='ltr'><strong>a</strong></span> <span class='ocrx_word' id='word_1_408' title='bbox 2979 2469 3276 2541; x_wconf 86' lang='lat' dir='ltr'><strong>Babylonio</strong></span> <span class='ocrx_word' id='word_1_409' title='bbox 3300 2470 3577 2535; x_wconf 86' lang='lat' dir='ltr'><strong>exercitu,</strong></span> <span class='ocrx_word' id='word_1_410' title='bbox 3604 2467 3739 2538; x_wconf 85' lang='lat' dir='ltr'><strong>quod</strong></span> 
     </span>
    </p>
   </div>
   <div class='ocr_carea' id='block_1_56' title="bbox 2174 2561 3353 2633">
    <p class='ocr_par' dir='ltr' id='par_1_56' title="bbox 2174 2561 3353 2633">
     <span class='ocr_line' id='line_1_56' title="bbox 2174 2561 3353 2633; baseline -0.002 -16"><span class='ocrx_word' id='word_1_411' title='bbox 2174 2562 2228 2617; x_wconf 92' lang='lat' dir='ltr'><strong>in</strong></span> <span class='ocrx_word' id='word_1_412' title='bbox 2261 2562 2726 2632; x_wconf 88' lang='lat' dir='ltr'><strong>consequentibus</strong></span> <span class='ocrx_word' id='word_1_413' title='bbox 2757 2561 3105 2618; x_wconf 81' lang='lat' dir='ltr'><strong>manifestius</strong></span> <span class='ocrx_word' id='word_1_414' title='bbox 3133 2561 3353 2633; x_wconf 79' lang='lat' dir='ltr'><strong>legitur.</strong></span> 
     </span>
    </p>
   </div>
   <div class='ocr_carea' id='block_1_57' title="bbox 2250 2649 3740 2723">
    <p class='ocr_par' dir='ltr' id='par_1_57' title="bbox 2250 2649 3740 2723">
     <span class='ocr_line' id='line_1_57' title="bbox 2250 2649 3740 2723; baseline 0 -19"><span class='ocrx_word' id='word_1_415' title='bbox 2250 2651 2435 2723; x_wconf 79' lang='lat' dir='ltr'><strong>(Vers.</strong></span> <span class='ocrx_word' id='word_1_416' title='bbox 2482 2651 2513 2704; x_wconf 90' lang='lat'>7</span> <span class='ocrx_word' id='word_1_417' title='bbox 2545 2651 2727 2723; x_wconf 83' lang='lat' dir='ltr'><strong>seqq.)</strong></span> <span class='ocrx_word' id='word_1_418' title='bbox 2768 2670 2788 2705; x_wconf 72' lang='grc' dir='ltr'>ι</span> <span class='ocrx_word' id='word_1_419' title='bbox 2845 2651 2912 2707; x_wconf 86' lang='lat' dir='ltr'><strong>Et</strong></span> <span class='ocrx_word' id='word_1_420' title='bbox 2957 2651 3235 2720; x_wconf 87' lang='lat' dir='ltr'><strong>dissipabo</strong></span> <span class='ocrx_word' id='word_1_421' title='bbox 3268 2650 3562 2706; x_wconf 87' lang='lat' dir='ltr'><strong>consilium</strong></span> <span class='ocrx_word' id='word_1_422' title='bbox 3592 2649 3740 2708; x_wconf 70' lang='lat' dir='ltr'><strong>ludas</strong></span> 
     </span>
    </p>
   </div>
   <div class='ocr_carea' id='block_1_58' title="bbox 2175 2741 3741 2813">
    <p class='ocr_par' dir='ltr' id='par_1_58' title="bbox 2175 2741 3741 2813">
     <span class='ocr_line' id='line_1_58' title="bbox 2175 2741 3741 2813; baseline -0.003 -13"><span class='ocrx_word' id='word_1_423' title='bbox 2175 2752 2231 2800; x_wconf 87' lang='lat' dir='ltr'><strong>et</strong></span> <span class='ocrx_word' id='word_1_424' title='bbox 2262 2741 2563 2799; x_wconf 82' lang='lat' dir='ltr'><strong>Jerusalem</strong></span> <span class='ocrx_word' id='word_1_425' title='bbox 2596 2744 2651 2798; x_wconf 85' lang='lat' dir='ltr'><strong>in</strong></span> <span class='ocrx_word' id='word_1_426' title='bbox 2684 2743 2802 2798; x_wconf 93' lang='lat' dir='ltr'><strong>loco</strong></span> <span class='ocrx_word' id='word_1_427' title='bbox 2825 2743 2953 2810; x_wconf 89' lang='lat' dir='ltr'><strong>isto,</strong></span> <span class='ocrx_word' id='word_1_428' title='bbox 2983 2751 3040 2799; x_wconf 89' lang='lat' dir='ltr'><strong>et</strong></span> <span class='ocrx_word' id='word_1_429' title='bbox 3084 2743 3398 2798; x_wconf 86' lang='lat' dir='ltr'><strong>subvertam</strong></span> <span class='ocrx_word' id='word_1_430' title='bbox 3440 2757 3537 2797; x_wconf 88' lang='lat' dir='ltr'><strong>eos</strong></span> <span class='ocrx_word' id='word_1_431' title='bbox 3567 2742 3741 2813; x_wconf 89' lang='lat' dir='ltr'><strong>gladio</strong></span> 
     </span>
    </p>
   </div>
   <div class='ocr_carea' id='block_1_59' title="bbox 2179 2833 3745 2906">
    <p class='ocr_par' dir='ltr' id='par_1_59' title="bbox 2179 2833 3745 2906">
     <span class='ocr_line' id='line_1_59' title="bbox 2179 2833 3745 2906; baseline -0.004 -14"><span class='ocrx_word' id='word_1_432' title='bbox 2179 2835 2233 2892; x_wconf 88' lang='lat' dir='ltr'><strong>in</strong></span> <span class='ocrx_word' id='word_1_433' title='bbox 2270 2845 2561 2906; x_wconf 89' lang='lat' dir='ltr'><strong>conspectu</strong></span> <span class='ocrx_word' id='word_1_434' title='bbox 2588 2835 2935 2890; x_wconf 88' lang='lat' dir='ltr'><strong>inimicorum</strong></span> <span class='ocrx_word' id='word_1_435' title='bbox 2971 2844 3291 2900; x_wconf 86' lang='lat' dir='ltr'><strong>suorum,et</strong></span> <span class='ocrx_word' id='word_1_436' title='bbox 3326 2833 3381 2888; x_wconf 91' lang='lat' dir='ltr'><strong>in</strong></span> <span class='ocrx_word' id='word_1_437' title='bbox 3407 2848 3576 2888; x_wconf 89' lang='lat' dir='ltr'><strong>manu</strong></span> <span class='ocrx_word' id='word_1_438' title='bbox 3604 2847 3745 2902; x_wconf 68' lang='lat' dir='ltr'><strong>qua:—</strong></span> 
     </span>
    </p>
   </div>
   <div class='ocr_carea' id='block_1_60' title="bbox 2179 2926 3744 2990">
    <p class='ocr_par' dir='ltr' id='par_1_60' title="bbox 2179 2926 3744 2990">
     <span class='ocr_line' id='line_1_60' title="bbox 2179 2926 3744 2990; baseline -0.003 -8"><span class='ocrx_word' id='word_1_439' title='bbox 2179 2926 2419 2982; x_wconf 87' lang='lat' dir='ltr'><strong>rentium</strong></span> <span class='ocrx_word' id='word_1_440' title='bbox 2454 2927 2665 2981; x_wconf 89' lang='lat' dir='ltr'><strong>animas</strong></span> <span class='ocrx_word' id='word_1_441' title='bbox 2694 2940 2908 2990; x_wconf 90' lang='lat' dir='ltr'><strong>eorum,</strong></span> <span class='ocrx_word' id='word_1_442' title='bbox 2935 2937 2992 2981; x_wconf 86' lang='lat' dir='ltr'><strong>et</strong></span> <span class='ocrx_word' id='word_1_443' title='bbox 3036 2926 3173 2982; x_wconf 89' lang='lat' dir='ltr'><strong>dabo</strong></span> <span class='ocrx_word' id='word_1_444' title='bbox 3232 2926 3497 2980; x_wconf 85' lang='lat' dir='ltr'><strong>cadavera</strong></span> <span class='ocrx_word' id='word_1_445' title='bbox 3562 2939 3744 2980; x_wconf 86' lang='lat' dir='ltr'><strong>eorum</strong></span> 
     </span>
    </p>
   </div>
   <div class='ocr_carea' id='block_1_61' title="bbox 502 3014 3743 3086">
    <p class='ocr_par' dir='ltr' id='par_1_61' title="bbox 502 3014 3743 3086">
     <span class='ocr_line' id='line_1_61' title="bbox 502 3014 3743 3086; baseline 0 -17"><span class='ocrx_word' id='word_1_446' title='bbox 502 3015 655 3069; x_wconf 85' lang='lat' dir='ltr'><strong>illam</strong></span> <span class='ocrx_word' id='word_1_447' title='bbox 686 3018 812 3084; x_wconf 81' lang='lat' dir='ltr'><strong>(sive</strong></span> <span class='ocrx_word' id='word_1_448' title='bbox 840 3014 951 3083; x_wconf 87' lang='lat' dir='ltr'><strong>illa)</strong></span> <span class='ocrx_word' id='word_1_449' title='bbox 979 3014 1211 3068; x_wconf 89' lang='lat' dir='ltr'><strong>tinuiaut</strong></span> <span class='ocrx_word' id='word_1_450' title='bbox 1263 3030 1425 3069; x_wconf 89' lang='lat' dir='ltr'><strong>aures</strong></span> <span class='ocrx_word' id='word_1_451' title='bbox 1478 3015 1618 3083; x_wconf 83' lang='lat' dir='ltr'><strong>ejus,</strong></span> <span class='ocrx_word' id='word_1_452' title='bbox 1646 3030 1713 3069; x_wconf 93' lang='lat' dir='ltr'><strong>eo</strong></span> <span class='ocrx_word' id='word_1_453' title='bbox 1747 3014 1887 3084; x_wconf 90' lang='lat' dir='ltr'><strong>quod</strong></span> <span class='ocrx_word' id='word_1_454' title='bbox 1923 3015 2073 3068; x_wconf 86' lang='lat' dir='ltr'><strong>dere-</strong></span> <span class='ocrx_word' id='word_1_455' title='bbox 2100 3016 2147 3076; x_wconf 78' lang='grc' dir='ltr'>α</span> <span class='ocrx_word' id='word_1_456' title='bbox 2179 3033 2364 3074; x_wconf 87' lang='lat' dir='ltr'><strong>escam</strong></span> <span class='ocrx_word' id='word_1_457' title='bbox 2399 3017 2709 3072; x_wconf 81' lang='lat' dir='ltr'><strong>volatilibus</strong></span> <span class='ocrx_word' id='word_1_458' title='bbox 2733 3015 2856 3072; x_wconf 83' lang='lat' dir='ltr'><strong>coeli</strong></span> <span class='ocrx_word' id='word_1_459' title='bbox 2887 3026 2943 3069; x_wconf 84' lang='lat' dir='ltr'><strong>et</strong></span> <span class='ocrx_word' id='word_1_460' title='bbox 2998 3017 3189 3072; x_wconf 89' lang='lat' dir='ltr'><strong>bestiis</strong></span> <span class='ocrx_word' id='word_1_461' title='bbox 3249 3025 3431 3079; x_wconf 85' lang='lat' dir='ltr'><strong>terrae,</strong></span> <span class='ocrx_word' id='word_1_462' title='bbox 3464 3025 3521 3071; x_wconf 90' lang='lat' dir='ltr'><strong>et</strong></span> <span class='ocrx_word' id='word_1_463' title='bbox 3550 3030 3743 3086; x_wconf 87' lang='lat' dir='ltr'><strong>ponam</strong></span> 
     </span>
    </p>
   </div>
   <div class='ocr_carea' id='block_1_62' title="bbox 503 3105 2076 3179">
    <p class='ocr_par' dir='ltr' id='par_1_62' title="bbox 503 3105 2076 3179">
     <span class='ocr_line' id='line_1_62' title="bbox 503 3105 2076 3179; baseline -0.002 -17"><span class='ocrx_word' id='word_1_464' title='bbox 503 3108 767 3179; x_wconf 88' lang='lat' dir='ltr'><strong>liquerint</strong></span> <span class='ocrx_word' id='word_1_465' title='bbox 812 3120 919 3173; x_wconf 87' lang='lat' dir='ltr'><strong>me,</strong></span> <span class='ocrx_word' id='word_1_466' title='bbox 955 3117 1015 3162; x_wconf 86' lang='lat' dir='ltr'><strong>et</strong></span> <span class='ocrx_word' id='word_1_467' title='bbox 1057 3106 1294 3163; x_wconf 88' lang='lat' dir='ltr'><strong>alienum</strong></span> <span class='ocrx_word' id='word_1_468' title='bbox 1336 3106 1564 3160; x_wconf 73' lang='lat' dir='ltr'><strong>fecerint</strong></span> <span class='ocrx_word' id='word_1_469' title='bbox 1591 3105 1767 3160; x_wconf 90' lang='lat' dir='ltr'><strong>locum</strong></span> <span class='ocrx_word' id='word_1_470' title='bbox 1804 3105 1995 3168; x_wconf 90' lang='lat' dir='ltr'><strong>istum,</strong></span> <span class='ocrx_word' id='word_1_471' title='bbox 2021 3113 2076 3159; x_wconf 89' lang='lat' dir='ltr'><strong>et</strong></span> 
     </span>
    </p>
   </div>
   <div class='ocr_carea' id='block_1_63' title="bbox 502 3195 2078 3270">
    <p class='ocr_par' dir='ltr' id='par_1_63' title="bbox 502 3195 2078 3270">
     <span class='ocr_line' id='line_1_63' title="bbox 502 3195 2078 3270; baseline -0.003 -14"><span class='ocrx_word' id='word_1_472' title='bbox 502 3201 797 3256; x_wconf 84' lang='lat' dir='ltr'><strong>libavcrint</strong></span> <span class='ocrx_word' id='word_1_473' title='bbox 829 3201 885 3256; x_wconf 92' lang='lat' dir='ltr'><strong>in</strong></span> <span class='ocrx_word' id='word_1_474' title='bbox 915 3215 981 3256; x_wconf 88' lang='lat' dir='ltr'><strong>eo</strong></span> <span class='ocrx_word' id='word_1_475' title='bbox 1009 3201 1112 3256; x_wconf 89' lang='lat' dir='ltr'><strong>diis</strong></span> <span class='ocrx_word' id='word_1_476' title='bbox 1142 3199 1335 3255; x_wconf 85' lang='lat' dir='ltr'><strong>alienis</strong></span> <span class='ocrx_word' id='word_1_477' title='bbox 1365 3213 1502 3269; x_wconf 88' lang='lat' dir='ltr'><strong>quos</strong></span> <span class='ocrx_word' id='word_1_478' title='bbox 1537 3197 1853 3253; x_wconf 89' lang='lat' dir='ltr'><strong>nescierunt</strong></span> <span class='ocrx_word' id='word_1_479' title='bbox 1887 3195 1993 3266; x_wconf 87' lang='lat' dir='ltr'><strong>ipsi</strong></span> <span class='ocrx_word' id='word_1_480' title='bbox 2021 3204 2078 3270; x_wconf 86' lang='lat' dir='ltr'><strong>et</strong></span> 
     </span>
    </p>
   </div>
   <div class='ocr_carea' id='block_1_64' title="bbox 505 3290 2079 3363">
    <p class='ocr_par' dir='ltr' id='par_1_64' title="bbox 505 3290 2079 3363">
     <span class='ocr_line' id='line_1_64' title="bbox 505 3290 2079 3363; baseline -0.003 -15"><span class='ocrx_word' id='word_1_481' title='bbox 505 3305 692 3363; x_wconf 89' lang='lat' dir='ltr'><strong>patres</strong></span> <span class='ocrx_word' id='word_1_482' title='bbox 725 3309 913 3349; x_wconf 90' lang='lat' dir='ltr'><strong>eorum</strong></span> <span class='ocrx_word' id='word_1_483' title='bbox 942 3303 996 3349; x_wconf 88' lang='lat' dir='ltr'><strong>et</strong></span> <span class='ocrx_word' id='word_1_484' title='bbox 1028 3308 1183 3361; x_wconf 87' lang='lat' dir='ltr'><strong>rcges</strong></span> <span class='ocrx_word' id='word_1_485' title='bbox 1237 3290 1394 3349; x_wconf 79' lang='lat' dir='ltr'><strong>luda.</strong></span> <span class='ocrx_word' id='word_1_486' title='bbox 1427 3293 1494 3348; x_wconf 86' lang='lat' dir='ltr'><strong>Et</strong></span> <span class='ocrx_word' id='word_1_487' title='bbox 1530 3293 1872 3362; x_wconf 87' lang='lat' dir='ltr'><strong>repleverunt</strong></span> <span class='ocrx_word' id='word_1_488' title='bbox 1903 3290 2079 3344; x_wconf 88' lang='lat' dir='ltr'><strong>locum</strong></span> 
     </span>
    </p>
   </div>
   <div class='ocr_carea' id='block_1_65' title="bbox 500 3381 2079 3456">
    <p class='ocr_par' dir='ltr' id='par_1_65' title="bbox 500 3381 2079 3456">
     <span class='ocr_line' id='line_1_65' title="bbox 500 3381 2079 3456; baseline -0.004 -16"><span class='ocrx_word' id='word_1_489' title='bbox 500 3385 674 3449; x_wconf 79' lang='lat' dir='ltr'><strong>istum</strong></span> <span class='ocrx_word' id='word_1_490' title='bbox 695 3385 955 3456; x_wconf 87' lang='lat' dir='ltr'><strong>sanguine</strong></span> <span class='ocrx_word' id='word_1_491' title='bbox 978 3387 1351 3453; x_wconf 83' lang='lat' dir='ltr'><strong>innocentum,</strong></span> <span class='ocrx_word' id='word_1_492' title='bbox 1375 3395 1429 3440; x_wconf 90' lang='lat' dir='ltr'><strong>et</strong></span> <span class='ocrx_word' id='word_1_493' title='bbox 1446 3385 1846 3440; x_wconf 73' lang='lat' dir='ltr'><strong>aulilicaverunt</strong></span> <span class='ocrx_word' id='word_1_494' title='bbox 1868 3381 2079 3437; x_wconf 83' lang='lat' dir='ltr'><strong>excelsa</strong></span> 
     </span>
    </p>
   </div>
   <div class='ocr_carea' id='block_1_66' title="bbox 508 3474 2085 3545">
    <p class='ocr_par' dir='ltr' id='par_1_66' title="bbox 508 3474 2085 3545">
     <span class='ocr_line' id='line_1_66' title="bbox 508 3474 2085 3545; baseline -0.001 -15"><span class='ocrx_word' id='word_1_495' title='bbox 508 3475 739 3543; x_wconf 86' lang='lat' dir='ltr'><strong>Baalim,</strong></span> <span class='ocrx_word' id='word_1_496' title='bbox 771 3478 838 3533; x_wconf 90' lang='lat' dir='ltr'><strong>ad</strong></span> <span class='ocrx_word' id='word_1_497' title='bbox 888 3478 1288 3534; x_wconf 89' lang='lat' dir='ltr'><strong>comburendos</strong></span> <span class='ocrx_word' id='word_1_498' title='bbox 1340 3477 1480 3531; x_wconf 85' lang='lat' dir='ltr'><strong>ﬁlios</strong></span> <span class='ocrx_word' id='word_1_499' title='bbox 1514 3491 1643 3531; x_wconf 85' lang='lat' dir='ltr'><strong>suos</strong></span> <span class='ocrx_word' id='word_1_500' title='bbox 1674 3476 1796 3545; x_wconf 87' lang='lat' dir='ltr'><strong>igne</strong></span> <span class='ocrx_word' id='word_1_501' title='bbox 1823 3475 1874 3527; x_wconf 93' lang='lat' dir='ltr'><strong>in</strong></span> <span class='ocrx_word' id='word_1_502' title='bbox 1935 3474 2085 3528; x_wconf 88' lang='lat' dir='ltr'><strong>bolo-</strong></span> 
     </span>
    </p>
   </div>
   <div class='ocr_carea' id='block_1_67' title="bbox 509 3564 2082 3639">
    <p class='ocr_par' dir='ltr' id='par_1_67' title="bbox 509 3564 2082 3639">
     <span class='ocr_line' id='line_1_67' title="bbox 509 3564 2082 3639; baseline -0.003 -16"><span class='ocrx_word' id='word_1_503' title='bbox 509 3580 756 3623; x_wconf 89' lang='lat' dir='ltr'><strong>caustum</strong></span> <span class='ocrx_word' id='word_1_504' title='bbox 794 3569 994 3625; x_wconf 85' lang='lat' dir='ltr'><strong>Baalim</strong></span> <span class='ocrx_word' id='word_1_505' title='bbox 1026 3586 1044 3638; x_wconf 88' lang='lat'><strong>;</strong></span> <span class='ocrx_word' id='word_1_506' title='bbox 1073 3585 1194 3639; x_wconf 78' lang='lat' dir='ltr'><strong>qua:</strong></span> <span class='ocrx_word' id='word_1_507' title='bbox 1220 3586 1324 3624; x_wconf 89' lang='lat' dir='ltr'><strong>non</strong></span> <span class='ocrx_word' id='word_1_508' title='bbox 1356 3566 1589 3638; x_wconf 68' lang='lat' dir='ltr'><strong>praecepi</strong></span> <span class='ocrx_word' id='word_1_509' title='bbox 1649 3566 1779 3636; x_wconf 85' lang='lat' dir='ltr'><strong>(sive</strong></span> <span class='ocrx_word' id='word_1_510' title='bbox 1803 3564 2082 3636; x_wconf 85' lang='lat' dir='ltr'><strong>cogitavi),</strong></span> 
     </span>
    </p>
   </div>
   <div class='ocr_carea' id='block_1_68' title="bbox 510 3660 2080 3737">
    <p class='ocr_par' dir='ltr' id='par_1_68' title="bbox 510 3660 2080 3737">
     <span class='ocr_line' id='line_1_68' title="bbox 510 3660 2080 3737; baseline -0.004 -20"><span class='ocrx_word' id='word_1_511' title='bbox 510 3678 613 3717; x_wconf 87' lang='lat' dir='ltr'><strong>nec</strong></span> <span class='ocrx_word' id='word_1_512' title='bbox 639 3664 850 3718; x_wconf 83' lang='lat' dir='ltr'><strong>locutus</strong></span> <span class='ocrx_word' id='word_1_513' title='bbox 876 3679 1016 3727; x_wconf 90' lang='lat' dir='ltr'><strong>sum,</strong></span> <span class='ocrx_word' id='word_1_514' title='bbox 1047 3677 1146 3717; x_wconf 89' lang='lat' dir='ltr'><strong>nec</strong></span> <span class='ocrx_word' id='word_1_515' title='bbox 1174 3661 1539 3737; x_wconf 87' lang='lat' dir='ltr'><strong>ascenderunt</strong></span> <span class='ocrx_word' id='word_1_516' title='bbox 1569 3660 1641 3714; x_wconf 90' lang='lat' dir='ltr'><strong>in.</strong></span> <span class='ocrx_word' id='word_1_517' title='bbox 1675 3674 1770 3714; x_wconf 90' lang='lat' dir='ltr'><strong>cor</strong></span> <span class='ocrx_word' id='word_1_518' title='bbox 1804 3673 2009 3713; x_wconf 90' lang='lat' dir='ltr'><strong>meum.</strong></span> <span class='ocrx_word' id='word_1_519' title='bbox 2060 3675 2080 3709; x_wconf 75' lang='grc' dir='ltr'><strong><em>ι</em></strong></span> 
     </span>
    </p>
   </div>
   <div class='ocr_carea' id='block_1_69' title="bbox 519 3749 2087 3823">
    <p class='ocr_par' dir='ltr' id='par_1_69' title="bbox 519 3749 2087 3823">
     <span class='ocr_line' id='line_1_69' title="bbox 519 3749 2087 3823; baseline -0.005 -12"><span class='ocrx_word' id='word_1_520' title='bbox 519 3756 584 3811; x_wconf 83' lang='grc' dir='ltr'><strong>Ει</strong></span> <span class='ocrx_word' id='word_1_521' title='bbox 620 3756 765 3810; x_wconf 81' lang='lat' dir='ltr'><strong>hunc</strong></span> <span class='ocrx_word' id='word_1_522' title='bbox 793 3755 969 3809; x_wconf 88' lang='lat' dir='ltr'><strong>locum</strong></span> <span class='ocrx_word' id='word_1_523' title='bbox 1001 3756 1164 3809; x_wconf 89' lang='lat' dir='ltr'><strong>stulte</strong></span> <span class='ocrx_word' id='word_1_524' title='bbox 1190 3752 1406 3823; x_wconf 85' lang='lat' dir='ltr'><strong>quidam</strong></span> <span class='ocrx_word' id='word_1_525' title='bbox 1436 3752 1503 3806; x_wconf 84' lang='lat' dir='ltr'><strong>ad</strong></span> <span class='ocrx_word' id='word_1_526' title='bbox 1532 3750 1809 3806; x_wconf 72' lang='lat' dir='ltr'><strong>caalcstem</strong></span> <span class='ocrx_word' id='word_1_527' title='bbox 1845 3749 2087 3804; x_wconf 72' lang='lat' dir='ltr'><strong>referunt</strong></span> 
     </span>
    </p>
   </div>
   <div class='ocr_carea' id='block_1_70' title="bbox 512 3844 2088 3914">
    <p class='ocr_par' dir='ltr' id='par_1_70' title="bbox 512 3844 2088 3914">
     <span class='ocr_line' id='line_1_70' title="bbox 512 3844 2088 3914; baseline -0.005 -13"><span class='ocrx_word' id='word_1_528' title='bbox 512 3845 842 3901; x_wconf 81' lang='lat' dir='ltr'><strong>Jerusalem.</strong></span> <span class='ocrx_word' id='word_1_529' title='bbox 877 3845 1028 3913; x_wconf 87' lang='lat' dir='ltr'><strong>Quod</strong></span> <span class='ocrx_word' id='word_1_530' title='bbox 1054 3860 1121 3899; x_wconf 90' lang='lat' dir='ltr'><strong>ne</strong></span> <span class='ocrx_word' id='word_1_531' title='bbox 1143 3859 1358 3914; x_wconf 88' lang='lat' dir='ltr'><strong>semper</strong></span> <span class='ocrx_word' id='word_1_532' title='bbox 1386 3847 1804 3908; x_wconf 90' lang='lat' dir='ltr'><strong>admoneamus,</strong></span> <span class='ocrx_word' id='word_1_533' title='bbox 1834 3844 1935 3897; x_wconf 81' lang='lat' dir='ltr'><strong>hoc</strong></span> <span class='ocrx_word' id='word_1_534' title='bbox 1970 3849 2088 3894; x_wconf 86' lang='lat' dir='ltr'><strong>tan-</strong></span> 
     </span>
    </p>
   </div>
   <div class='ocr_carea' id='block_1_71' title="bbox 515 3933 2090 4003">
    <p class='ocr_par' dir='ltr' id='par_1_71' title="bbox 515 3933 2090 4003">
     <span class='ocr_line' id='line_1_71' title="bbox 515 3933 2090 4003; baseline -0.005 -9"><span class='ocrx_word' id='word_1_535' title='bbox 515 3951 623 3994; x_wconf 88' lang='lat' dir='ltr'><strong>tum</strong></span> <span class='ocrx_word' id='word_1_536' title='bbox 658 3939 861 3992; x_wconf 85' lang='lat' dir='ltr'><strong>dixisse</strong></span> <span class='ocrx_word' id='word_1_537' title='bbox 917 3935 1146 3992; x_wconf 81' lang='lat' dir='ltr'><strong>sulliciat</strong></span> <span class='ocrx_word' id='word_1_538' title='bbox 1181 3954 1195 3990; x_wconf 90' lang='lat'><strong>:</strong></span> <span class='ocrx_word' id='word_1_539' title='bbox 1232 3936 1508 3991; x_wconf 84' lang='lat' dir='ltr'><strong>vitandam</strong></span> <span class='ocrx_word' id='word_1_540' title='bbox 1545 3934 1848 3989; x_wconf 90' lang='lat' dir='ltr'><strong>istiusmodi</strong></span> <span class='ocrx_word' id='word_1_541' title='bbox 1909 3933 2090 4003; x_wconf 84' lang='lat' dir='ltr'><strong>expla—</strong></span> 
     </span>
    </p>
   </div>
   <div class='ocr_carea' id='block_1_72' title="bbox 512 4024 2090 4097">
    <p class='ocr_par' dir='ltr' id='par_1_72' title="bbox 512 4024 2090 4097">
     <span class='ocr_line' id='line_1_72' title="bbox 512 4024 2090 4097; baseline -0.005 -12"><span class='ocrx_word' id='word_1_542' title='bbox 512 4032 791 4085; x_wconf 88' lang='lat' dir='ltr'><strong>nationem</strong></span> <span class='ocrx_word' id='word_1_543' title='bbox 826 4044 966 4095; x_wconf 78' lang='lat' dir='ltr'><strong>esse,</strong></span> <span class='ocrx_word' id='word_1_544' title='bbox 1004 4031 1114 4083; x_wconf 86' lang='lat' dir='ltr'><strong>imo</strong></span> <span class='ocrx_word' id='word_1_545' title='bbox 1152 4028 1426 4093; x_wconf 66' lang='lat' dir='ltr'><strong>haeresim,</strong></span> <span class='ocrx_word' id='word_1_546' title='bbox 1459 4041 1579 4097; x_wconf 79' lang='lat' dir='ltr'><strong>quae</strong></span> <span class='ocrx_word' id='word_1_547' title='bbox 1622 4024 1909 4081; x_wconf 80' lang='lat' dir='ltr'><strong>manifesta</strong></span> <span class='ocrx_word' id='word_1_548' title='bbox 1965 4024 2090 4079; x_wconf 84' lang='lat' dir='ltr'><strong>sub-</strong></span> 
     </span>
    </p>
   </div>
   <div class='ocr_carea' id='block_1_73' title="bbox 514 4116 2090 4191">
    <p class='ocr_par' dir='ltr' id='par_1_73' title="bbox 514 4116 2090 4191">
     <span class='ocr_line' id='line_1_73' title="bbox 514 4116 2090 4191; baseline -0.004 -15"><span class='ocrx_word' id='word_1_549' title='bbox 514 4123 694 4189; x_wconf 88' lang='lat' dir='ltr'><strong>vertit,</strong></span> <span class='ocrx_word' id='word_1_550' title='bbox 751 4131 807 4176; x_wconf 91' lang='lat' dir='ltr'><strong>et</strong></span> <span class='ocrx_word' id='word_1_551' title='bbox 867 4121 1167 4191; x_wconf 70' lang='lat' dir='ltr'><strong>prmstigias</strong></span> <span class='ocrx_word' id='word_1_552' title='bbox 1219 4119 1481 4189; x_wconf 85' lang='lat' dir='ltr'><strong>quasdam</strong></span> <span class='ocrx_word' id='word_1_553' title='bbox 1557 4118 1837 4173; x_wconf 83' lang='lat' dir='ltr'><strong>Ecclesiis-</strong></span> <span class='ocrx_word' id='word_1_554' title='bbox 1888 4116 2090 4172; x_wconf 80' lang='lat' dir='ltr'><strong>Christi</strong></span> 
     </span>
    </p>
   </div>
   <div class='ocr_carea' id='block_1_74' title="bbox 514 4208 2094 4278">
    <p class='ocr_par' dir='ltr' id='par_1_74' title="bbox 514 4208 2094 4278">
     <span class='ocr_line' id='line_1_74' title="bbox 514 4208 2094 4278; baseline -0.005 -9"><span class='ocrx_word' id='word_1_555' title='bbox 514 4227 742 4269; x_wconf 68' lang='lat' dir='ltr'><strong>coicitur</strong></span> <span class='ocrx_word' id='word_1_556' title='bbox 768 4212 1043 4268; x_wconf 88' lang='lat' dir='ltr'><strong>inducere.</strong></span> <span class='ocrx_word' id='word_1_557' title='bbox 1071 4210 1211 4266; x_wconf 84' lang='lat' dir='ltr'><strong>Nulli</strong></span> <span class='ocrx_word' id='word_1_558' title='bbox 1237 4220 1417 4267; x_wconf 90' lang='lat' dir='ltr'><strong>autem</strong></span> <span class='ocrx_word' id='word_1_559' title='bbox 1445 4210 1665 4264; x_wconf 87' lang='lat' dir='ltr'><strong>dubium</strong></span> <span class='ocrx_word' id='word_1_560' title='bbox 1689 4208 1819 4278; x_wconf 86' lang='lat' dir='ltr'><strong>quin</strong></span> <span class='ocrx_word' id='word_1_561' title='bbox 1846 4209 1899 4264; x_wconf 92' lang='lat' dir='ltr'><strong>in</strong></span> <span class='ocrx_word' id='word_1_562' title='bbox 1956 4218 2094 4263; x_wconf 90' lang='lat' dir='ltr'><strong>tem-</strong></span> 
     </span>
    </p>
   </div>
   <div class='ocr_carea' id='block_1_75' title="bbox 515 4300 2093 4375">
    <p class='ocr_par' dir='ltr' id='par_1_75' title="bbox 515 4300 2093 4375">
     <span class='ocr_line' id='line_1_75' title="bbox 515 4300 2093 4375; baseline 0.001 -22"><span class='ocrx_word' id='word_1_563' title='bbox 515 4306 607 4375; x_wconf 78' lang='lat' dir='ltr'><strong>plo</strong></span> <span class='ocrx_word' id='word_1_564' title='bbox 659 4304 773 4369; x_wconf 90' lang='lat' dir='ltr'><strong>Dei,</strong></span> <span class='ocrx_word' id='word_1_565' title='bbox 807 4305 930 4358; x_wconf 80' lang='lat' dir='ltr'><strong>Baal</strong></span> <span class='ocrx_word' id='word_1_566' title='bbox 995 4304 1198 4359; x_wconf 90' lang='lat' dir='ltr'><strong>idolum</strong></span> <span class='ocrx_word' id='word_1_567' title='bbox 1266 4302 1570 4375; x_wconf 88' lang='lat' dir='ltr'><strong>posuerint,</strong></span> <span class='ocrx_word' id='word_1_568' title='bbox 1600 4302 1716 4357; x_wconf 77' lang='lat' dir='ltr'><strong>sire</strong></span> <span class='ocrx_word' id='word_1_569' title='bbox 1765 4301 1822 4355; x_wconf 90' lang='lat' dir='ltr'><strong>in</strong></span> <span class='ocrx_word' id='word_1_570' title='bbox 1869 4300 2093 4356; x_wconf 88' lang='lat' dir='ltr'><strong>delubro</strong></span> 
     </span>
    </p>
   </div>
   <div class='ocr_carea' id='block_1_76' title="bbox 516 4394 2089 4467">
    <p class='ocr_par' dir='ltr' id='par_1_76' title="bbox 516 4394 2089 4467">
     <span class='ocr_line' id='line_1_76' title="bbox 516 4394 2089 4467; baseline 0.001 -18"><span class='ocrx_word' id='word_1_571' title='bbox 516 4398 659 4467; x_wconf 88' lang='lat' dir='ltr'><strong>quod</strong></span> <span class='ocrx_word' id='word_1_572' title='bbox 686 4407 803 4452; x_wconf 92' lang='lat' dir='ltr'><strong>crat</strong></span> <span class='ocrx_word' id='word_1_573' title='bbox 833 4398 885 4450; x_wconf 92' lang='lat' dir='ltr'><strong>iu</strong></span> <span class='ocrx_word' id='word_1_574' title='bbox 914 4398 1051 4452; x_wconf 87' lang='lat' dir='ltr'><strong>valle</strong></span> <span class='ocrx_word' id='word_1_575' title='bbox 1081 4397 1172 4450; x_wconf 87' lang='lat' dir='ltr'><strong>lilii</strong></span> <span class='ocrx_word' id='word_1_576' title='bbox 1200 4396 1430 4462; x_wconf 86' lang='lat' dir='ltr'><strong>Enuom,</strong></span> <span class='ocrx_word' id='word_1_577' title='bbox 1466 4395 1557 4450; x_wconf 89' lang='lat' dir='ltr'><strong>ubi</strong></span> <span class='ocrx_word' id='word_1_578' title='bbox 1588 4404 1642 4448; x_wconf 88' lang='lat' dir='ltr'><strong>et</strong></span> <span class='ocrx_word' id='word_1_579' title='bbox 1671 4395 1824 4450; x_wconf 88' lang='lat' dir='ltr'><strong>lucus</strong></span> <span class='ocrx_word' id='word_1_580' title='bbox 1858 4394 1983 4449; x_wconf 87' lang='lat' dir='ltr'><strong>Baal</strong></span> <span class='ocrx_word' id='word_1_581' title='bbox 2034 4403 2089 4451; x_wconf 89' lang='lat' dir='ltr'><strong>et</strong></span> 
     </span>
    </p>
   </div>
   <div class='ocr_carea' id='block_1_77' title="bbox 516 4487 2089 4560">
    <p class='ocr_par' dir='ltr' id='par_1_77' title="bbox 516 4487 2089 4560">
     <span class='ocr_line' id='line_1_77' title="bbox 516 4487 2089 4560; baseline -0.002 -17"><span class='ocrx_word' id='word_1_582' title='bbox 516 4505 609 4544; x_wconf 84' lang='lat' dir='ltr'><strong>ara</strong></span> <span class='ocrx_word' id='word_1_583' title='bbox 643 4490 760 4560; x_wconf 79' lang='lat' dir='ltr'><strong>ejus</strong></span> <span class='ocrx_word' id='word_1_584' title='bbox 788 4491 902 4555; x_wconf 81' lang='lat' dir='ltr'><strong>fuit,</strong></span> <span class='ocrx_word' id='word_1_585' title='bbox 937 4505 1099 4558; x_wconf 87' lang='lat' dir='ltr'><strong>super</strong></span> <span class='ocrx_word' id='word_1_586' title='bbox 1133 4505 1294 4560; x_wconf 88' lang='lat' dir='ltr'><strong>quam</strong></span> <span class='ocrx_word' id='word_1_587' title='bbox 1348 4489 1764 4544; x_wconf 84' lang='lat' dir='ltr'><strong>immolaverunt</strong></span> <span class='ocrx_word' id='word_1_588' title='bbox 1795 4498 1848 4543; x_wconf 90' lang='lat' dir='ltr'><strong>et</strong></span> <span class='ocrx_word' id='word_1_589' title='bbox 1900 4487 2089 4543; x_wconf 83' lang='lat' dir='ltr'><strong>incen-</strong></span> 
     </span>
    </p>
   </div>
   <div class='ocr_carea' id='block_1_78' title="bbox 518 4579 2089 4650">
    <p class='ocr_par' dir='ltr' id='par_1_78' title="bbox 518 4579 2089 4650">
     <span class='ocr_line' id='line_1_78' title="bbox 518 4579 2089 4650; baseline -0.001 -15"><span class='ocrx_word' id='word_1_590' title='bbox 518 4583 715 4635; x_wconf 84' lang='lat' dir='ltr'><strong>derunt</strong></span> <span class='ocrx_word' id='word_1_591' title='bbox 744 4581 883 4635; x_wconf 87' lang='lat' dir='ltr'><strong>ﬁlios</strong></span> <span class='ocrx_word' id='word_1_592' title='bbox 920 4595 1065 4636; x_wconf 84' lang='lat' dir='ltr'><strong>suos.</strong></span> <span class='ocrx_word' id='word_1_593' title='bbox 1100 4580 1230 4646; x_wconf 66' lang='lat' dir='ltr'><strong>Quae</strong></span> <span class='ocrx_word' id='word_1_594' title='bbox 1262 4580 1523 4635; x_wconf 89' lang='lat' dir='ltr'><strong>Dominus</strong></span> <span class='ocrx_word' id='word_1_595' title='bbox 1555 4594 1655 4635; x_wconf 90' lang='lat' dir='ltr'><strong>nec</strong></span> <span class='ocrx_word' id='word_1_596' title='bbox 1681 4579 1963 4650; x_wconf 81' lang='lat' dir='ltr'><strong>cogitavit,</strong></span> <span class='ocrx_word' id='word_1_597' title='bbox 1990 4593 2089 4634; x_wconf 90' lang='lat' dir='ltr'><strong>nec</strong></span> 
     </span>
    </p>
   </div>
   <div class='ocr_carea' id='block_1_79' title="bbox 423 4662 2091 4741">
    <p class='ocr_par' dir='ltr' id='par_1_79' title="bbox 423 4662 2091 4741">
     <span class='ocr_line' id='line_1_79' title="bbox 423 4662 2091 4741; baseline -0.003 -11"><span class='ocrx_word' id='word_1_598' title='bbox 423 4662 429 4668; x_wconf 64' lang='grc'><em>’</em></span> <span class='ocrx_word' id='word_1_599' title='bbox 517 4677 730 4730; x_wconf 76' lang='lat' dir='ltr'><strong>locutus</strong></span> <span class='ocrx_word' id='word_1_600' title='bbox 761 4682 862 4739; x_wconf 84' lang='lat' dir='ltr'><strong>est,</strong></span> <span class='ocrx_word' id='word_1_601' title='bbox 897 4688 999 4729; x_wconf 88' lang='lat' dir='ltr'><strong>nec</strong></span> <span class='ocrx_word' id='word_1_602' title='bbox 1034 4677 1397 4730; x_wconf 86' lang='lat' dir='ltr'><strong>ascenderunt</strong></span> <span class='ocrx_word' id='word_1_603' title='bbox 1426 4673 1477 4727; x_wconf 92' lang='lat' dir='ltr'><strong>in</strong></span> <span class='ocrx_word' id='word_1_604' title='bbox 1508 4687 1603 4728; x_wconf 90' lang='lat' dir='ltr'><strong>eor</strong></span> <span class='ocrx_word' id='word_1_605' title='bbox 1644 4671 1783 4741; x_wconf 85' lang='lat' dir='ltr'><strong>ejus.</strong></span> <span class='ocrx_word' id='word_1_606' title='bbox 1811 4670 1927 4725; x_wconf 86' lang='lat' dir='ltr'><strong>Non</strong></span> <span class='ocrx_word' id='word_1_607' title='bbox 1982 4687 2091 4741; x_wconf 90' lang='lat' dir='ltr'><strong>quo</strong></span> 
     </span>
    </p>
   </div>
   <div class='ocr_carea' id='block_1_80' title="bbox 519 4765 2089 4838">
    <p class='ocr_par' dir='ltr' id='par_1_80' title="bbox 519 4765 2089 4838">
     <span class='ocr_line' id='line_1_80' title="bbox 519 4765 2089 4838; baseline -0.001 -17"><span class='ocrx_word' id='word_1_608' title='bbox 519 4766 666 4821; x_wconf 87' lang='lat' dir='ltr'><strong>Deus</strong></span> <span class='ocrx_word' id='word_1_609' title='bbox 698 4766 875 4821; x_wconf 78' lang='lat' dir='ltr'><strong>futura</strong></span> <span class='ocrx_word' id='word_1_610' title='bbox 914 4768 1196 4832; x_wconf 69' lang='lat' dir='ltr'><strong>nescierit,</strong></span> <span class='ocrx_word' id='word_1_611' title='bbox 1223 4767 1319 4822; x_wconf 88' lang='lat' dir='ltr'><strong>sed</strong></span> <span class='ocrx_word' id='word_1_612' title='bbox 1344 4765 1490 4836; x_wconf 86' lang='lat' dir='ltr'><strong>quod</strong></span> <span class='ocrx_word' id='word_1_613' title='bbox 1523 4766 1741 4838; x_wconf 84' lang='lat' dir='ltr'><strong>indigna</strong></span> <span class='ocrx_word' id='word_1_614' title='bbox 1771 4780 1867 4822; x_wconf 85' lang='lat' dir='ltr'><strong>sua</strong></span> <span class='ocrx_word' id='word_1_615' title='bbox 1901 4766 2089 4822; x_wconf 87' lang='lat' dir='ltr'><strong>notitia</strong></span> 
     </span>
    </p>
   </div>
   <div class='ocr_carea' id='block_1_81' title="bbox 521 4858 2090 4929">
    <p class='ocr_par' dir='ltr' id='par_1_81' title="bbox 521 4858 2090 4929">
     <span class='ocr_line' id='line_1_81' title="bbox 521 4858 2090 4929; baseline 0.002 -18"><span class='ocrx_word' id='word_1_616' title='bbox 521 4859 779 4927; x_wconf 79' lang='lat' dir='ltr'><strong>ignorare</strong></span> <span class='ocrx_word' id='word_1_617' title='bbox 809 4874 869 4915; x_wconf 89' lang='lat' dir='ltr'><strong>se</strong></span> <span class='ocrx_word' id='word_1_618' title='bbox 904 4859 1069 4926; x_wconf 87' lang='lat' dir='ltr'><strong>dicat,</strong></span> <span class='ocrx_word' id='word_1_619' title='bbox 1090 4858 1246 4929; x_wconf 81' lang='lat' dir='ltr'><strong>juxta</strong></span> <span class='ocrx_word' id='word_1_620' title='bbox 1272 4858 1401 4914; x_wconf 91' lang='lat' dir='ltr'><strong>illud</strong></span> <span class='ocrx_word' id='word_1_621' title='bbox 1444 4859 1828 4929; x_wconf 82' lang='lat' dir='ltr'><strong>Evangelicum</strong></span> <span class='ocrx_word' id='word_1_622' title='bbox 1862 4874 1877 4917; x_wconf 87' lang='lat'><strong>:</strong></span> <span class='ocrx_word' id='word_1_623' title='bbox 1907 4858 2090 4914; x_wconf 86' lang='lat' dir='ltr'><strong>Disce-</strong></span> 
     </span>
    </p>
   </div>
   <div class='ocr_carea' id='block_1_82' title="bbox 520 4951 2091 5025">
    <p class='ocr_par' dir='ltr' id='par_1_82' title="bbox 520 4951 2091 5025">
     <span class='ocr_line' id='line_1_82' title="bbox 520 4951 2091 5025; baseline 0.001 -22"><span class='ocrx_word' id='word_1_624' title='bbox 520 4951 678 5006; x_wconf 80' lang='lat' dir='ltr'><strong>ditea</strong></span> <span class='ocrx_word' id='word_1_625' title='bbox 722 4968 822 5015; x_wconf 84' lang='lat' dir='ltr'><strong>me,</strong></span> <span class='ocrx_word' id='word_1_626' title='bbox 839 4953 1068 5024; x_wconf 80' lang='lat' dir='ltr'><strong>operarii</strong></span> <span class='ocrx_word' id='word_1_627' title='bbox 1092 4953 1409 5025; x_wconf 71' lang='lat' dir='ltr'><strong>iniquitatis,</strong></span> <span class='ocrx_word' id='word_1_628' title='bbox 1444 4953 1619 5007; x_wconf 84' lang='lat' dir='ltr'><strong>nescio</strong></span> <span class='ocrx_word' id='word_1_629' title='bbox 1653 4969 1740 5008; x_wconf 77' lang='lat' dir='ltr'><strong>eos</strong></span> <span class='ocrx_word' id='word_1_630' title='bbox 1763 4951 1931 5025; x_wconf 84' lang='lat' dir='ltr'><strong>&#39;(Luc.</strong></span> <span class='ocrx_word' id='word_1_631' title='bbox 1970 4967 2091 5017; x_wconf 85' lang='lat' dir='ltr'><strong>xm,</strong></span> 
     </span>
    </p>
   </div>
   <div class='ocr_carea' id='block_1_83' title="bbox 520 5042 2091 5115">
    <p class='ocr_par' dir='ltr' id='par_1_83' title="bbox 520 5042 2091 5115">
     <span class='ocr_line' id='line_1_83' title="bbox 520 5042 2091 5115; baseline 0.003 -19"><span class='ocrx_word' id='word_1_632' title='bbox 520 5043 809 5113; x_wconf 72' lang='lat' dir='ltr'><strong>27).Novit</strong></span> <span class='ocrx_word' id='word_1_633' title='bbox 828 5045 968 5100; x_wconf 87' lang='lat' dir='ltr'><strong>enim</strong></span> <span class='ocrx_word' id='word_1_634' title='bbox 988 5043 1248 5101; x_wconf 85' lang='lat' dir='ltr'><strong>Dominus</strong></span> <span class='ocrx_word' id='word_1_635' title='bbox 1261 5060 1356 5102; x_wconf 85' lang='lat' dir='ltr'><strong>eos</strong></span> <span class='ocrx_word' id='word_1_636' title='bbox 1377 5044 1471 5115; x_wconf 87' lang='lat' dir='ltr'><strong>qui</strong></span> <span class='ocrx_word' id='word_1_637' title='bbox 1489 5043 1578 5100; x_wconf 90' lang='lat' dir='ltr'><strong>sui</strong></span> <span class='ocrx_word' id='word_1_638' title='bbox 1601 5053 1726 5099; x_wconf 84' lang='lat' dir='ltr'><strong>sunt</strong></span> <span class='ocrx_word' id='word_1_639' title='bbox 1745 5042 1830 5114; x_wconf 85' lang='lat' dir='ltr'><strong>(Il</strong></span> <span class='ocrx_word' id='word_1_640' title='bbox 1850 5043 1988 5099; x_wconf 86' lang='lat' dir='ltr'><strong>Tim.</strong></span> <span class='ocrx_word' id='word_1_641' title='bbox 2009 5044 2091 5115; x_wconf 84' lang='grc' dir='ltr'><strong>ιι).</strong></span> 
     </span>
    </p>
   </div>
   <div class='ocr_carea' id='block_1_84' title="bbox 524 5133 2099 5210">
    <p class='ocr_par' dir='ltr' id='par_1_84' title="bbox 524 5133 2099 5210">
     <span class='ocr_line' id='line_1_84' title="bbox 524 5133 2099 5210; baseline 0.004 -24"><span class='ocrx_word' id='word_1_642' title='bbox 524 5133 613 5199; x_wconf 75' lang='lat' dir='ltr'><strong>Et,</strong></span> <span class='ocrx_word' id='word_1_643' title='bbox 640 5135 743 5200; x_wconf 87' lang='lat' dir='ltr'><strong>Qui</strong></span> <span class='ocrx_word' id='word_1_644' title='bbox 770 5136 1001 5205; x_wconf 85' lang='lat' dir='ltr'><strong>ignorat,</strong></span> <span class='ocrx_word' id='word_1_645' title='bbox 1020 5138 1353 5207; x_wconf 83' lang='lat' dir='ltr'><strong>ignorabitur</strong></span> <span class='ocrx_word' id='word_1_646' title='bbox 1371 5135 1424 5210; x_wconf 80' lang='grc' dir='ltr'><strong>(Ι</strong></span> <span class='ocrx_word' id='word_1_647' title='bbox 1444 5135 1695 5204; x_wconf 55' lang='lat' dir='ltr'><strong>Coram,</strong></span> <span class='ocrx_word' id='word_1_648' title='bbox 1712 5136 1824 5205; x_wconf 82' lang='lat'><strong>&#39;58).</strong></span> <span class='ocrx_word' id='word_1_649' title='bbox 1842 5135 1937 5191; x_wconf 80' lang='lat' dir='ltr'><strong>Vel</strong></span> <span class='ocrx_word' id='word_1_650' title='bbox 1950 5145 2099 5194; x_wconf 84' lang='lat' dir='ltr'><strong>certe</strong></span> 
     </span>
    </p>
   </div>
   <div class='ocr_carea' id='block_1_85' title="bbox 525 5226 2100 5298">
    <p class='ocr_par' dir='ltr' id='par_1_85' title="bbox 525 5226 2100 5298">
     <span class='ocr_line' id='line_1_85' title="bbox 525 5226 2100 5298; baseline 0.002 -17"><span class='ocrx_word' id='word_1_651' title='bbox 525 5226 992 5298; x_wconf 66' lang='grc' dir='ltr'><strong>ἀνθρωποπᾶθως,</strong></span> <span class='ocrx_word' id='word_1_652' title='bbox 1024 5237 1078 5283; x_wconf 87' lang='lat' dir='ltr'><strong>et</strong></span> <span class='ocrx_word' id='word_1_653' title='bbox 1112 5228 1227 5284; x_wconf 75' lang='lat' dir='ltr'><strong>tunc</strong></span> <span class='ocrx_word' id='word_1_654' title='bbox 1257 5229 1324 5284; x_wconf 89' lang='lat' dir='ltr'><strong>de</strong></span> <span class='ocrx_word' id='word_1_655' title='bbox 1355 5228 1465 5285; x_wconf 90' lang='lat' dir='ltr'><strong>Deo</strong></span> <span class='ocrx_word' id='word_1_656' title='bbox 1496 5227 1828 5297; x_wconf 90' lang='lat' dir='ltr'><strong>accipienda,</strong></span> <span class='ocrx_word' id='word_1_657' title='bbox 1854 5227 1998 5284; x_wconf 87' lang='lat' dir='ltr'><strong>sicut</strong></span> <span class='ocrx_word' id='word_1_658' title='bbox 2043 5236 2100 5283; x_wconf 90' lang='lat' dir='ltr'><strong>et</strong></span> 
     </span>
    </p>
   </div>
   <div class='ocr_carea' id='block_1_86' title="bbox 527 5310 2100 5389">
    <p class='ocr_par' dir='ltr' id='par_1_86' title="bbox 527 5310 2100 5389">
     <span class='ocr_line' id='line_1_86' title="bbox 527 5310 2100 5389; baseline 0.001 -18"><span class='ocrx_word' id='word_1_659' title='bbox 527 5318 654 5371; x_wconf 89' lang='lat' dir='ltr'><strong>alia.</strong></span> <span class='ocrx_word' id='word_1_660' title='bbox 679 5316 867 5371; x_wconf 85' lang='lat' dir='ltr'><strong>Omnis</strong></span> <span class='ocrx_word' id='word_1_661' title='bbox 895 5330 1075 5373; x_wconf 87' lang='lat' dir='ltr'><strong>autem</strong></span> <span class='ocrx_word' id='word_1_662' title='bbox 1132 5319 1418 5374; x_wconf 75' lang='lat' dir='ltr'><strong>luereticus</strong></span> <span class='ocrx_word' id='word_1_663' title='bbox 1468 5319 1797 5389; x_wconf 88' lang='lat' dir='ltr'><strong>dcrelinquit</strong></span> <span class='ocrx_word' id='word_1_664' title='bbox 1827 5310 2100 5385; x_wconf 36' lang='lat' dir='ltr'><strong>Deum,&#39;et</strong></span> 
     </span>
    </p>
   </div>
   <div class='ocr_carea' id='block_1_87' title="bbox 523 5409 2101 5480">
    <p class='ocr_par' dir='ltr' id='par_1_87' title="bbox 523 5409 2101 5480">
     <span class='ocr_line' id='line_1_87' title="bbox 523 5409 2101 5480; baseline 0.002 -18"><span class='ocrx_word' id='word_1_665' title='bbox 523 5409 759 5465; x_wconf 77' lang='lat' dir='ltr'><strong>alienum</strong></span> <span class='ocrx_word' id='word_1_666' title='bbox 784 5409 910 5466; x_wconf 78' lang='lat' dir='ltr'><strong>facit</strong></span> <span class='ocrx_word' id='word_1_667' title='bbox 928 5410 1100 5465; x_wconf 85' lang='lat' dir='ltr'><strong>locum</strong></span> <span class='ocrx_word' id='word_1_668' title='bbox 1119 5411 1452 5466; x_wconf 83' lang='lat' dir='ltr'><strong>habitatione</strong></span> <span class='ocrx_word' id='word_1_669' title='bbox 1473 5410 1588 5476; x_wconf 87' lang='lat' dir='ltr'><strong>Dei,</strong></span> <span class='ocrx_word' id='word_1_670' title='bbox 1612 5425 1771 5480; x_wconf 90' lang='lat' dir='ltr'><strong>quem</strong></span> <span class='ocrx_word' id='word_1_671' title='bbox 1794 5424 1892 5465; x_wconf 90' lang='lat' dir='ltr'><strong>sua</strong></span> <span class='ocrx_word' id='word_1_672' title='bbox 1909 5409 2101 5466; x_wconf 80' lang='lat' dir='ltr'><strong>fraude</strong></span> 
     </span>
    </p>
   </div>
   <div class='ocr_carea' id='block_1_88' title="bbox 528 5502 2099 5572">
    <p class='ocr_par' dir='ltr' id='par_1_88' title="bbox 528 5502 2099 5572">
     <span class='ocr_line' id='line_1_88' title="bbox 528 5502 2099 5572; baseline -0.001 -16"><span class='ocrx_word' id='word_1_673' title='bbox 528 5504 804 5571; x_wconf 73' lang='lat' dir='ltr'><strong>polluerit,</strong></span> <span class='ocrx_word' id='word_1_674' title='bbox 830 5513 882 5557; x_wconf 91' lang='lat' dir='ltr'><strong>et</strong></span> <span class='ocrx_word' id='word_1_675' title='bbox 906 5503 1039 5558; x_wconf 89' lang='lat' dir='ltr'><strong>libat</strong></span> <span class='ocrx_word' id='word_1_676' title='bbox 1062 5504 1164 5559; x_wconf 87' lang='lat' dir='ltr'><strong>diis</strong></span> <span class='ocrx_word' id='word_1_677' title='bbox 1188 5502 1403 5570; x_wconf 88' lang='lat' dir='ltr'><strong>alienis,</strong></span> <span class='ocrx_word' id='word_1_678' title='bbox 1431 5516 1567 5572; x_wconf 90' lang='lat' dir='ltr'><strong>quos</strong></span> <span class='ocrx_word' id='word_1_679' title='bbox 1596 5518 1692 5558; x_wconf 90' lang='lat' dir='ltr'><strong>nec</strong></span> <span class='ocrx_word' id='word_1_680' title='bbox 1715 5503 1827 5571; x_wconf 89' lang='lat' dir='ltr'><strong>ipse</strong></span> <span class='ocrx_word' id='word_1_681' title='bbox 1856 5511 2099 5572; x_wconf 85' lang='lat' dir='ltr'><strong>noverat,</strong></span> 
     </span>
    </p>
   </div>
   <div class='ocr_carea' id='block_1_89' title="bbox 2178 3106 3746 3179">
    <p class='ocr_par' dir='ltr' id='par_1_89' title="bbox 2178 3106 3746 3179">
     <span class='ocr_line' id='line_1_89' title="bbox 2178 3106 3746 3179; baseline -0.004 -13"><span class='ocrx_word' id='word_1_682' title='bbox 2178 3111 2457 3166; x_wconf 84' lang='lat' dir='ltr'><strong>civitatem</strong></span> <span class='ocrx_word' id='word_1_683' title='bbox 2495 3108 2635 3164; x_wconf 86' lang='lat' dir='ltr'><strong>hanc</strong></span> <span class='ocrx_word' id='word_1_684' title='bbox 2669 3108 2722 3163; x_wconf 92' lang='lat' dir='ltr'><strong>in</strong></span> <span class='ocrx_word' id='word_1_685' title='bbox 2749 3118 3027 3179; x_wconf 88' lang='lat' dir='ltr'><strong>stuporem</strong></span> <span class='ocrx_word' id='word_1_686' title='bbox 3068 3117 3124 3162; x_wconf 91' lang='lat' dir='ltr'><strong>et</strong></span> <span class='ocrx_word' id='word_1_687' title='bbox 3171 3108 3225 3163; x_wconf 89' lang='lat' dir='ltr'><strong>in</strong></span> <span class='ocrx_word' id='word_1_688' title='bbox 3279 3107 3522 3162; x_wconf 88' lang='lat' dir='ltr'><strong>sibilum.</strong></span> <span class='ocrx_word' id='word_1_689' title='bbox 3559 3106 3746 3161; x_wconf 80' lang='lat' dir='ltr'><strong>Omnis</strong></span> 
     </span>
    </p>
   </div>
   <div class='ocr_carea' id='block_1_90' title="bbox 2178 3197 3751 3274">
    <p class='ocr_par' dir='ltr' id='par_1_90' title="bbox 2178 3197 3751 3274">
     <span class='ocr_line' id='line_1_90' title="bbox 2178 3197 3751 3274; baseline -0.003 -17"><span class='ocrx_word' id='word_1_690' title='bbox 2178 3203 2271 3274; x_wconf 91' lang='lat' dir='ltr'><strong>qui</strong></span> <span class='ocrx_word' id='word_1_691' title='bbox 2303 3203 2546 3273; x_wconf 72' lang='lat' dir='ltr'><strong>praeterit</strong></span> <span class='ocrx_word' id='word_1_692' title='bbox 2576 3200 2596 3273; x_wconf 86' lang='lat'><strong>[</strong></span> <span class='ocrx_word' id='word_1_693' title='bbox 2629 3200 2715 3256; x_wconf 81' lang='lat' dir='ltr'><strong>Al.</strong></span> <span class='ocrx_word' id='word_1_694' title='bbox 2761 3200 3087 3271; x_wconf 67' lang='lat' dir='ltr'><strong>praeterierit</strong></span> <span class='ocrx_word' id='word_1_695' title='bbox 3114 3197 3134 3271; x_wconf 86' lang='lat'><strong>]</strong></span> <span class='ocrx_word' id='word_1_696' title='bbox 3184 3215 3281 3269; x_wconf 86' lang='lat' dir='ltr'><strong>per</strong></span> <span class='ocrx_word' id='word_1_697' title='bbox 3311 3213 3430 3254; x_wconf 87' lang='lat' dir='ltr'><strong>eam</strong></span> <span class='ocrx_word' id='word_1_698' title='bbox 3500 3200 3751 3267; x_wconf 84' lang='lat' dir='ltr'><strong>obstupe-</strong></span> 
     </span>
    </p>
   </div>
   <div class='ocr_carea' id='block_1_91' title="bbox 2180 3289 3749 3363">
    <p class='ocr_par' dir='ltr' id='par_1_91' title="bbox 2180 3289 3749 3363">
     <span class='ocr_line' id='line_1_91' title="bbox 2180 3289 3749 3363; baseline -0.006 -10"><span class='ocrx_word' id='word_1_699' title='bbox 2180 3306 2322 3361; x_wconf 85' lang='lat' dir='ltr'><strong>scet,</strong></span> <span class='ocrx_word' id='word_1_700' title='bbox 2355 3304 2411 3351; x_wconf 91' lang='lat' dir='ltr'><strong>et</strong></span> <span class='ocrx_word' id='word_1_701' title='bbox 2436 3295 2673 3350; x_wconf 87' lang='lat' dir='ltr'><strong>sibilabit</strong></span> <span class='ocrx_word' id='word_1_702' title='bbox 2699 3308 2862 3363; x_wconf 88' lang='lat' dir='ltr'><strong>super</strong></span> <span class='ocrx_word' id='word_1_703' title='bbox 2889 3293 3142 3347; x_wconf 88' lang='lat' dir='ltr'><strong>universa</strong></span> <span class='ocrx_word' id='word_1_704' title='bbox 3164 3292 3317 3362; x_wconf 85' lang='lat' dir='ltr'><strong>plaga</strong></span> <span class='ocrx_word' id='word_1_705' title='bbox 3343 3292 3495 3361; x_wconf 81' lang='lat' dir='ltr'><strong>ejus.</strong></span> <span class='ocrx_word' id='word_1_706' title='bbox 3512 3289 3581 3343; x_wconf 83' lang='lat' dir='ltr'><strong>Et</strong></span> <span class='ocrx_word' id='word_1_707' title='bbox 3604 3291 3749 3345; x_wconf 88' lang='lat' dir='ltr'><strong>ciba-</strong></span> 
     </span>
    </p>
   </div>
   <div class='ocr_carea' id='block_1_92' title="bbox 2180 3382 3749 3448">
    <p class='ocr_par' dir='ltr' id='par_1_92' title="bbox 2180 3382 3749 3448">
     <span class='ocr_line' id='line_1_92' title="bbox 2180 3382 3749 3448; baseline -0.006 -2"><span class='ocrx_word' id='word_1_708' title='bbox 2180 3387 2253 3446; x_wconf 70' lang='grc' dir='ltr'><strong>ιω</strong></span> <span class='ocrx_word' id='word_1_709' title='bbox 2306 3403 2401 3445; x_wconf 89' lang='lat' dir='ltr'><strong>eos</strong></span> <span class='ocrx_word' id='word_1_710' title='bbox 2455 3387 2712 3444; x_wconf 90' lang='lat' dir='ltr'><strong>carnibus</strong></span> <span class='ocrx_word' id='word_1_711' title='bbox 2780 3385 3017 3440; x_wconf 89' lang='lat' dir='ltr'><strong>ﬁliorum</strong></span> <span class='ocrx_word' id='word_1_712' title='bbox 3074 3398 3323 3448; x_wconf 86' lang='lat' dir='ltr'><strong>suorum,</strong></span> <span class='ocrx_word' id='word_1_713' title='bbox 3390 3393 3448 3438; x_wconf 88' lang='lat' dir='ltr'><strong>et</strong></span> <span class='ocrx_word' id='word_1_714' title='bbox 3495 3382 3749 3438; x_wconf 82' lang='lat' dir='ltr'><strong>carnibus</strong></span> 
     </span>
    </p>
   </div>
   <div class='ocr_carea' id='block_1_93' title="bbox 2182 3472 3742 3545">
    <p class='ocr_par' dir='ltr' id='par_1_93' title="bbox 2182 3472 3742 3545">
     <span class='ocr_line' id='line_1_93' title="bbox 2182 3472 3742 3545; baseline -0.005 -9"><span class='ocrx_word' id='word_1_715' title='bbox 2182 3481 2415 3536; x_wconf 87' lang='lat' dir='ltr'><strong>ﬁliarum</strong></span> <span class='ocrx_word' id='word_1_716' title='bbox 2469 3493 2716 3543; x_wconf 90' lang='lat' dir='ltr'><strong>suarum,</strong></span> <span class='ocrx_word' id='word_1_717' title='bbox 2772 3486 2828 3532; x_wconf 91' lang='lat' dir='ltr'><strong>et</strong></span> <span class='ocrx_word' id='word_1_718' title='bbox 2882 3477 3263 3545; x_wconf 82' lang='lat' dir='ltr'><strong>unusquisque</strong></span> <span class='ocrx_word' id='word_1_719' title='bbox 3304 3488 3527 3529; x_wconf 86' lang='lat' dir='ltr'><strong>carnem</strong></span> <span class='ocrx_word' id='word_1_720' title='bbox 3584 3472 3742 3528; x_wconf 88' lang='lat' dir='ltr'><strong>amici</strong></span> 
     </span>
    </p>
   </div>
   <div class='ocr_carea' id='block_1_94' title="bbox 2185 3565 3748 3637">
    <p class='ocr_par' dir='ltr' id='par_1_94' title="bbox 2185 3565 3748 3637">
     <span class='ocr_line' id='line_1_94' title="bbox 2185 3565 3748 3637; baseline -0.008 -9"><span class='ocrx_word' id='word_1_721' title='bbox 2185 3572 2267 3628; x_wconf 89' lang='lat' dir='ltr'><strong>sui</strong></span> <span class='ocrx_word' id='word_1_722' title='bbox 2301 3571 2570 3637; x_wconf 88' lang='lat' dir='ltr'><strong>comedet,</strong></span> <span class='ocrx_word' id='word_1_723' title='bbox 2604 3570 2657 3623; x_wconf 92' lang='lat' dir='ltr'><strong>iu</strong></span> <span class='ocrx_word' id='word_1_724' title='bbox 2731 3567 3017 3625; x_wconf 88' lang='lat' dir='ltr'><strong>obsidione</strong></span> <span class='ocrx_word' id='word_1_725' title='bbox 3045 3576 3097 3622; x_wconf 92' lang='lat' dir='ltr'><strong>et</strong></span> <span class='ocrx_word' id='word_1_726' title='bbox 3134 3567 3187 3621; x_wconf 90' lang='lat' dir='ltr'><strong>in</strong></span> <span class='ocrx_word' id='word_1_727' title='bbox 3237 3566 3514 3637; x_wconf 88' lang='lat' dir='ltr'><strong>angustia,</strong></span> <span class='ocrx_word' id='word_1_728' title='bbox 3562 3565 3615 3619; x_wconf 93' lang='lat' dir='ltr'><strong>in</strong></span> <span class='ocrx_word' id='word_1_729' title='bbox 3645 3578 3748 3633; x_wconf 84' lang='lat' dir='ltr'><strong>qua</strong></span> 
     </span>
    </p>
   </div>
   <div class='ocr_carea' id='block_1_95' title="bbox 2188 3657 3748 3729">
    <p class='ocr_par' dir='ltr' id='par_1_95' title="bbox 2188 3657 3748 3729">
     <span class='ocr_line' id='line_1_95' title="bbox 2188 3657 3748 3729; baseline -0.004 -11"><span class='ocrx_word' id='word_1_730' title='bbox 2188 3664 2630 3719; x_wconf 87' lang='lat' dir='ltr'><strong>concludeuteos</strong></span> <span class='ocrx_word' id='word_1_731' title='bbox 2667 3661 2872 3716; x_wconf 87' lang='lat' dir='ltr'><strong>inimici</strong></span> <span class='ocrx_word' id='word_1_732' title='bbox 2896 3676 3107 3727; x_wconf 88' lang='lat' dir='ltr'><strong>eorum,</strong></span> <span class='ocrx_word' id='word_1_733' title='bbox 3149 3671 3205 3715; x_wconf 90' lang='lat' dir='ltr'><strong>et</strong></span> <span class='ocrx_word' id='word_1_734' title='bbox 3231 3660 3322 3727; x_wconf 88' lang='lat' dir='ltr'><strong>qui</strong></span> <span class='ocrx_word' id='word_1_735' title='bbox 3353 3668 3600 3729; x_wconf 86' lang='lat' dir='ltr'><strong>quaerunt</strong></span> <span class='ocrx_word' id='word_1_736' title='bbox 3634 3657 3748 3711; x_wconf 81' lang='lat' dir='ltr'><strong>ani-</strong></span> 
     </span>
    </p>
   </div>
   <div class='ocr_carea' id='block_1_96' title="bbox 2186 3751 3750 3824">
    <p class='ocr_par' dir='ltr' id='par_1_96' title="bbox 2186 3751 3750 3824">
     <span class='ocr_line' id='line_1_96' title="bbox 2186 3751 3750 3824; baseline -0.005 -11"><span class='ocrx_word' id='word_1_737' title='bbox 2186 3772 2308 3814; x_wconf 86' lang='lat' dir='ltr'><strong>mas</strong></span> <span class='ocrx_word' id='word_1_738' title='bbox 2361 3770 2576 3812; x_wconf 89' lang='lat' dir='ltr'><strong>eorum.</strong></span> <span class='ocrx_word' id='word_1_739' title='bbox 2635 3775 2654 3808; x_wconf 73' lang='grc' dir='ltr'><strong><em>ι</em></strong></span> <span class='ocrx_word' id='word_1_740' title='bbox 2695 3759 3016 3824; x_wconf 86' lang='lat' dir='ltr'><strong>Quanquam</strong></span> <span class='ocrx_word' id='word_1_741' title='bbox 3074 3754 3193 3809; x_wconf 67' lang='lat' dir='ltr'><strong>haec</strong></span> <span class='ocrx_word' id='word_1_742' title='bbox 3241 3761 3296 3807; x_wconf 89' lang='lat' dir='ltr'><strong>et</strong></span> <span class='ocrx_word' id='word_1_743' title='bbox 3361 3754 3414 3807; x_wconf 91' lang='lat' dir='ltr'><strong>in</strong></span> <span class='ocrx_word' id='word_1_744' title='bbox 3466 3751 3750 3822; x_wconf 83' lang='lat' dir='ltr'><strong>Babylonia</strong></span> 
     </span>
    </p>
   </div>
   <div class='ocr_carea' id='block_1_97' title="bbox 2191 3842 3747 3917">
    <p class='ocr_par' dir='ltr' id='par_1_97' title="bbox 2191 3842 3747 3917">
     <span class='ocr_line' id='line_1_97' title="bbox 2191 3842 3747 3917; baseline -0.005 -15"><span class='ocrx_word' id='word_1_745' title='bbox 2191 3847 2509 3917; x_wconf 88' lang='lat' dir='ltr'><strong>captivitate</strong></span> <span class='ocrx_word' id='word_1_746' title='bbox 2581 3846 2846 3901; x_wconf 89' lang='lat' dir='ltr'><strong>accidisse</strong></span> <span class='ocrx_word' id='word_1_747' title='bbox 2902 3844 3105 3917; x_wconf 77' lang='lat' dir='ltr'><strong>populo</strong></span> <span class='ocrx_word' id='word_1_748' title='bbox 3159 3842 3498 3908; x_wconf 87' lang='lat' dir='ltr'><strong>noverimus,</strong></span> <span class='ocrx_word' id='word_1_749' title='bbox 3569 3850 3747 3894; x_wconf 89' lang='lat' dir='ltr'><strong>tamen</strong></span> 
     </span>
    </p>
   </div>
   <div class='ocr_carea' id='block_1_98' title="bbox 2190 3933 3751 4009">
    <p class='ocr_par' dir='ltr' id='par_1_98' title="bbox 2190 3933 3751 4009">
     <span class='ocr_line' id='line_1_98' title="bbox 2190 3933 3751 4009; baseline -0.003 -19"><span class='ocrx_word' id='word_1_750' title='bbox 2190 3936 2409 4009; x_wconf 88' lang='lat' dir='ltr'><strong>plenius</strong></span> <span class='ocrx_word' id='word_1_751' title='bbox 2435 3938 2751 3992; x_wconf 80' lang='lat' dir='ltr'><strong>referuntur</strong></span> <span class='ocrx_word' id='word_1_752' title='bbox 2782 3936 2853 3991; x_wconf 91' lang='lat' dir='ltr'><strong>ad</strong></span> <span class='ocrx_word' id='word_1_753' title='bbox 2891 3946 3138 4007; x_wconf 90' lang='lat' dir='ltr'><strong>tempora</strong></span> <span class='ocrx_word' id='word_1_754' title='bbox 3173 3935 3492 4001; x_wconf 84' lang='lat' dir='ltr'><strong>Salvatoris,</strong></span> <span class='ocrx_word' id='word_1_755' title='bbox 3544 3933 3751 4003; x_wconf 89' lang='lat' dir='ltr'><strong>quando</strong></span> 
     </span>
    </p>
   </div>
   <div class='ocr_carea' id='block_1_99' title="bbox 2191 4028 3750 4099">
    <p class='ocr_par' dir='ltr' id='par_1_99' title="bbox 2191 4028 3750 4099">
     <span class='ocr_line' id='line_1_99' title="bbox 2191 4028 3750 4099; baseline -0.004 -14"><span class='ocrx_word' id='word_1_756' title='bbox 2191 4030 2399 4085; x_wconf 88' lang='lat' dir='ltr'><strong>obsessi</strong></span> <span class='ocrx_word' id='word_1_757' title='bbox 2426 4040 2553 4085; x_wconf 89' lang='lat' dir='ltr'><strong>sunt</strong></span> <span class='ocrx_word' id='word_1_758' title='bbox 2587 4045 2616 4084; x_wconf 89' lang='lat' dir='ltr'><strong>a</strong></span> <span class='ocrx_word' id='word_1_759' title='bbox 2659 4028 2994 4099; x_wconf 76' lang='lat' dir='ltr'><strong>Vespasiano</strong></span> <span class='ocrx_word' id='word_1_760' title='bbox 3025 4037 3077 4082; x_wconf 91' lang='lat' dir='ltr'><strong>et</strong></span> <span class='ocrx_word' id='word_1_761' title='bbox 3112 4028 3258 4094; x_wconf 84' lang='lat' dir='ltr'><strong>Tito,</strong></span> <span class='ocrx_word' id='word_1_762' title='bbox 3306 4039 3363 4083; x_wconf 89' lang='lat' dir='ltr'><strong>et</strong></span> <span class='ocrx_word' id='word_1_763' title='bbox 3414 4028 3603 4082; x_wconf 78' lang='lat' dir='ltr'><strong>civitas</strong></span> <span class='ocrx_word' id='word_1_764' title='bbox 3654 4040 3750 4079; x_wconf 84' lang='lat' dir='ltr'><strong>co-</strong></span> 
     </span>
    </p>
   </div>
   <div class='ocr_carea' id='block_1_100' title="bbox 2194 4114 3751 4188">
    <p class='ocr_par' dir='ltr' id='par_1_100' title="bbox 2194 4114 3751 4188">
     <span class='ocr_line' id='line_1_100' title="bbox 2194 4114 3751 4188; baseline -0.006 -12"><span class='ocrx_word' id='word_1_765' title='bbox 2194 4135 2338 4185; x_wconf 84' lang='lat' dir='ltr'><strong>rum,</strong></span> <span class='ocrx_word' id='word_1_766' title='bbox 2376 4119 2634 4175; x_wconf 81' lang='lat' dir='ltr'><strong>Hadriani</strong></span> <span class='ocrx_word' id='word_1_767' title='bbox 2663 4118 3014 4188; x_wconf 87' lang='lat' dir='ltr'><strong>temporibus,</strong></span> <span class='ocrx_word' id='word_1_768' title='bbox 3045 4120 3098 4173; x_wconf 91' lang='lat' dir='ltr'><strong>in</strong></span> <span class='ocrx_word' id='word_1_769' title='bbox 3132 4128 3366 4173; x_wconf 77' lang='lat' dir='ltr'><strong>aeternos</strong></span> <span class='ocrx_word' id='word_1_770' title='bbox 3390 4117 3595 4171; x_wconf 76' lang='lat' dir='ltr'><strong>cineres</strong></span> <span class='ocrx_word' id='word_1_771' title='bbox 3640 4114 3751 4169; x_wconf 80' lang='lat' dir='ltr'><strong>col-</strong></span> 
     </span>
    </p>
   </div>
   <div class='ocr_carea' id='block_1_101' title="bbox 2194 4205 3750 4283">
    <p class='ocr_par' dir='ltr' id='par_1_101' title="bbox 2194 4205 3750 4283">
     <span class='ocr_line' id='line_1_101' title="bbox 2194 4205 3750 4283; baseline -0.007 -15"><span class='ocrx_word' id='word_1_772' title='bbox 2194 4212 2346 4283; x_wconf 86' lang='lat' dir='ltr'><strong>lapsa</strong></span> <span class='ocrx_word' id='word_1_773' title='bbox 2420 4221 2526 4279; x_wconf 89' lang='lat' dir='ltr'><strong>est,</strong></span> <span class='ocrx_word' id='word_1_774' title='bbox 2557 4220 2616 4266; x_wconf 92' lang='lat' dir='ltr'><strong>ut</strong></span> <span class='ocrx_word' id='word_1_775' title='bbox 2681 4211 2773 4281; x_wconf 86' lang='lat' dir='ltr'><strong>qui</strong></span> <span class='ocrx_word' id='word_1_776' title='bbox 2844 4209 3156 4267; x_wconf 90' lang='lat' dir='ltr'><strong>obtulerant</strong></span> <span class='ocrx_word' id='word_1_777' title='bbox 3219 4208 3359 4263; x_wconf 90' lang='lat' dir='ltr'><strong>ﬁlios</strong></span> <span class='ocrx_word' id='word_1_778' title='bbox 3392 4222 3519 4262; x_wconf 88' lang='lat' dir='ltr'><strong>suos</strong></span> <span class='ocrx_word' id='word_1_779' title='bbox 3576 4205 3750 4267; x_wconf 89' lang='lat' dir='ltr'><strong>idolis,</strong></span> 
     </span>
    </p>
   </div>
   <div class='ocr_carea' id='block_1_102' title="bbox 2199 4297 3748 4375">
    <p class='ocr_par' dir='ltr' id='par_1_102' title="bbox 2199 4297 3748 4375">
     <span class='ocr_line' id='line_1_102' title="bbox 2199 4297 3748 4375; baseline -0.007 -15"><span class='ocrx_word' id='word_1_780' title='bbox 2199 4305 2302 4375; x_wconf 87' lang='lat' dir='ltr'><strong>ipsi</strong></span> <span class='ocrx_word' id='word_1_781' title='bbox 2367 4319 2463 4359; x_wconf 88' lang='lat' dir='ltr'><strong>eos</strong></span> <span class='ocrx_word' id='word_1_782' title='bbox 2518 4310 2705 4375; x_wconf 86' lang='lat' dir='ltr'><strong>postea</strong></span> <span class='ocrx_word' id='word_1_783' title='bbox 2769 4301 2928 4356; x_wconf 82' lang='lat' dir='ltr'><strong>lamis</strong></span> <span class='ocrx_word' id='word_1_784' title='bbox 2979 4301 3303 4375; x_wconf 83' lang='lat' dir='ltr'><strong>necessitate</strong></span> <span class='ocrx_word' id='word_1_785' title='bbox 3349 4297 3639 4368; x_wconf 84' lang='lat' dir='ltr'><strong>compulsi,</strong></span> <span class='ocrx_word' id='word_1_786' title='bbox 3693 4298 3748 4350; x_wconf 89' lang='lat' dir='ltr'><strong>in</strong></span> 
     </span>
    </p>
   </div>
   <div class='ocr_carea' id='block_1_103' title="bbox 2200 4388 3751 4461">
    <p class='ocr_par' dir='ltr' id='par_1_103' title="bbox 2200 4388 3751 4461">
     <span class='ocr_line' id='line_1_103' title="bbox 2200 4388 3751 4461; baseline -0.008 -8"><span class='ocrx_word' id='word_1_787' title='bbox 2200 4398 2444 4453; x_wconf 91' lang='lat' dir='ltr'><strong>ciborum</strong></span> <span class='ocrx_word' id='word_1_788' title='bbox 2494 4410 2654 4451; x_wconf 90' lang='lat' dir='ltr'><strong>usum</strong></span> <span class='ocrx_word' id='word_1_789' title='bbox 2694 4401 2992 4459; x_wconf 79' lang='lat' dir='ltr'><strong>verterent,</strong></span> <span class='ocrx_word' id='word_1_790' title='bbox 3043 4405 3342 4461; x_wconf 84' lang='lat' dir='ltr'><strong>carnesque</strong></span> <span class='ocrx_word' id='word_1_791' title='bbox 3371 4391 3605 4446; x_wconf 86' lang='lat' dir='ltr'><strong>omnium</strong></span> <span class='ocrx_word' id='word_1_792' title='bbox 3656 4388 3751 4441; x_wconf 85' lang='lat' dir='ltr'><strong>da-</strong></span> 
     </span>
    </p>
   </div>
   <div class='ocr_carea' id='block_1_104' title="bbox 2196 4480 3752 4567">
    <p class='ocr_par' dir='ltr' id='par_1_104' title="bbox 2196 4480 3752 4567">
     <span class='ocr_line' id='line_1_104' title="bbox 2196 4480 3752 4567; baseline -0.008 -21"><span class='ocrx_word' id='word_1_793' title='bbox 2196 4501 2389 4546; x_wconf 87' lang='lat' dir='ltr'><strong>rentur</strong></span> <span class='ocrx_word' id='word_1_794' title='bbox 2423 4488 2733 4567; x_wconf 85' lang='lat' dir='ltr'><strong>volatilibus</strong></span> <span class='ocrx_word' id='word_1_795' title='bbox 2778 4488 2921 4552; x_wconf 67' lang='lat' dir='ltr'><strong>caeli,</strong></span> <span class='ocrx_word' id='word_1_796' title='bbox 2956 4497 3007 4542; x_wconf 90' lang='lat' dir='ltr'><strong>et</strong></span> <span class='ocrx_word' id='word_1_797' title='bbox 3047 4485 3235 4541; x_wconf 88' lang='lat' dir='ltr'><strong>bestiis</strong></span> <span class='ocrx_word' id='word_1_798' title='bbox 3290 4496 3449 4540; x_wconf 61' lang='lat' dir='ltr'><strong>terra</strong></span> <span class='ocrx_word' id='word_1_799' title='bbox 3487 4499 3506 4541; x_wconf 83' lang='lat'><strong>:</strong></span> <span class='ocrx_word' id='word_1_800' title='bbox 3555 4490 3612 4535; x_wconf 93' lang='lat' dir='ltr'><strong>ut</strong></span> <span class='ocrx_word' id='word_1_801' title='bbox 3661 4480 3752 4550; x_wconf 83' lang='lat' dir='ltr'><strong>qui</strong></span> 
     </span>
    </p>
   </div>
   <div class='ocr_carea' id='block_1_105' title="bbox 2202 4575 3748 4645">
    <p class='ocr_par' dir='ltr' id='par_1_105' title="bbox 2202 4575 3748 4645">
     <span class='ocr_line' id='line_1_105' title="bbox 2202 4575 3748 4645; baseline -0.009 -6"><span class='ocrx_word' id='word_1_802' title='bbox 2202 4582 2417 4639; x_wconf 83' lang='lat' dir='ltr'><strong>Domini</strong></span> <span class='ocrx_word' id='word_1_803' title='bbox 2473 4582 2790 4636; x_wconf 78' lang='lat' dir='ltr'><strong>uulneribus</strong></span> <span class='ocrx_word' id='word_1_804' title='bbox 2847 4579 2999 4635; x_wconf 78' lang='lat' dir='ltr'><strong>abusi</strong></span> <span class='ocrx_word' id='word_1_805' title='bbox 3038 4578 3258 4633; x_wconf 75' lang='lat' dir='ltr'><strong>fuerant</strong></span> <span class='ocrx_word' id='word_1_806' title='bbox 3309 4578 3362 4631; x_wconf 92' lang='lat' dir='ltr'><strong>in</strong></span> <span class='ocrx_word' id='word_1_807' title='bbox 3411 4575 3748 4645; x_wconf 82' lang='lat' dir='ltr'><strong>impietatem.</strong></span> 
     </span>
    </p>
   </div>
   <div class='ocr_carea' id='block_1_106' title="bbox 2197 4668 3752 4744">
    <p class='ocr_par' dir='ltr' id='par_1_106' title="bbox 2197 4668 3752 4744">
     <span class='ocr_line' id='line_1_106' title="bbox 2197 4668 3752 4744; baseline -0.008 -13"><span class='ocrx_word' id='word_1_808' title='bbox 2197 4684 2255 4731; x_wconf 88' lang='lat' dir='ltr'><strong>et</strong></span> <span class='ocrx_word' id='word_1_809' title='bbox 2309 4674 2526 4744; x_wconf 87' lang='lat' dir='ltr'><strong>propria</strong></span> <span class='ocrx_word' id='word_1_810' title='bbox 2606 4673 2812 4727; x_wconf 86' lang='lat' dir='ltr'><strong>viscera</strong></span> <span class='ocrx_word' id='word_1_811' title='bbox 2878 4671 3036 4726; x_wconf 87' lang='lat' dir='ltr'><strong>idolis</strong></span> <span class='ocrx_word' id='word_1_812' title='bbox 3101 4668 3495 4734; x_wconf 85' lang='lat' dir='ltr'><strong>immolarant,</strong></span> <span class='ocrx_word' id='word_1_813' title='bbox 3547 4673 3752 4719; x_wconf 79' lang='lat' dir='ltr'><strong>ventres</strong></span> 
     </span>
    </p>
   </div>
   <div class='ocr_carea' id='block_1_107' title="bbox 2198 4762 3273 4835">
    <p class='ocr_par' dir='ltr' id='par_1_107' title="bbox 2198 4762 3273 4835">
     <span class='ocr_line' id='line_1_107' title="bbox 2198 4762 3273 4835; baseline -0.007 -12"><span class='ocrx_word' id='word_1_814' title='bbox 2198 4781 2332 4825; x_wconf 86' lang='lat' dir='ltr'><strong>suos</strong></span> <span class='ocrx_word' id='word_1_815' title='bbox 2385 4764 2633 4835; x_wconf 86' lang='lat' dir='ltr'><strong>sepulcra</strong></span> <span class='ocrx_word' id='word_1_816' title='bbox 2686 4764 2927 4818; x_wconf 84' lang='lat' dir='ltr'><strong>lacerent</strong></span> <span class='ocrx_word' id='word_1_817' title='bbox 2953 4762 3273 4818; x_wconf 88' lang='lat' dir='ltr'><strong>liberorum.</strong></span> 
     </span>
    </p>
   </div>
   <div class='ocr_carea' id='block_1_108' title="bbox 2275 4851 3754 4930">
    <p class='ocr_par' dir='ltr' id='par_1_108' title="bbox 2275 4851 3754 4930">
     <span class='ocr_line' id='line_1_108' title="bbox 2275 4851 3754 4930; baseline -0.005 -19"><span class='ocrx_word' id='word_1_818' title='bbox 2275 4857 2454 4930; x_wconf 79' lang='lat' dir='ltr'><strong>(Vers.</strong></span> <span class='ocrx_word' id='word_1_819' title='bbox 2512 4856 2601 4923; x_wconf 77' lang='lat' dir='ltr'><strong>l0,</strong></span> <span class='ocrx_word' id='word_1_820' title='bbox 2662 4852 2791 4923; x_wconf 77' lang='lat' dir='ltr'><strong>ll.)</strong></span> <span class='ocrx_word' id='word_1_821' title='bbox 2844 4873 2865 4907; x_wconf 83' lang='lat' dir='ltr'><strong>s</strong></span> <span class='ocrx_word' id='word_1_822' title='bbox 2919 4852 2985 4907; x_wconf 78' lang='lat' dir='ltr'><strong>Et</strong></span> <span class='ocrx_word' id='word_1_823' title='bbox 3028 4859 3281 4923; x_wconf 80' lang='lat' dir='ltr'><strong>conteres</strong></span> <span class='ocrx_word' id='word_1_824' title='bbox 3345 4852 3676 4924; x_wconf 86' lang='lat' dir='ltr'><strong>lagunculam</strong></span> <span class='ocrx_word' id='word_1_825' title='bbox 3698 4851 3754 4905; x_wconf 90' lang='lat' dir='ltr'><strong>in</strong></span> 
     </span>
    </p>
   </div>
   <div class='ocr_carea' id='block_1_109' title="bbox 2200 4946 3753 5016">
    <p class='ocr_par' dir='ltr' id='par_1_109' title="bbox 2200 4946 3753 5016">
     <span class='ocr_line' id='line_1_109' title="bbox 2200 4946 3753 5016; baseline -0.01 -7"><span class='ocrx_word' id='word_1_826' title='bbox 2200 4950 2376 5009; x_wconf 89' lang='lat' dir='ltr'><strong>oculis</strong></span> <span class='ocrx_word' id='word_1_827' title='bbox 2415 4949 2681 5014; x_wconf 89' lang='lat' dir='ltr'><strong>virorum,</strong></span> <span class='ocrx_word' id='word_1_828' title='bbox 2708 4946 2802 5016; x_wconf 89' lang='lat' dir='ltr'><strong>qui</strong></span> <span class='ocrx_word' id='word_1_829' title='bbox 2834 4946 3009 5013; x_wconf 87' lang='lat' dir='ltr'><strong>ibunt,</strong></span> <span class='ocrx_word' id='word_1_830' title='bbox 3047 4946 3138 5001; x_wconf 89' lang='lat' dir='ltr'><strong>vel</strong></span> <span class='ocrx_word' id='word_1_831' title='bbox 3174 4946 3517 5016; x_wconf 76' lang='lat' dir='ltr'><strong>egredientes</strong></span> <span class='ocrx_word' id='word_1_832' title='bbox 3565 4953 3753 4999; x_wconf 80' lang='lat' dir='ltr'><strong>tecum.</strong></span> 
     </span>
    </p>
   </div>
   <div class='ocr_carea' id='block_1_110' title="bbox 2201 5037 3753 5099">
    <p class='ocr_par' dir='ltr' id='par_1_110' title="bbox 2201 5037 3753 5099">
     <span class='ocr_line' id='line_1_110' title="bbox 2201 5037 3753 5099; baseline -0.008 0"><span class='ocrx_word' id='word_1_833' title='bbox 2201 5044 2270 5099; x_wconf 80' lang='lat' dir='ltr'><strong>Et</strong></span> <span class='ocrx_word' id='word_1_834' title='bbox 2298 5044 2447 5098; x_wconf 81' lang='lat' dir='ltr'><strong>dices</strong></span> <span class='ocrx_word' id='word_1_835' title='bbox 2483 5042 2550 5096; x_wconf 87' lang='lat' dir='ltr'><strong>ad</strong></span> <span class='ocrx_word' id='word_1_836' title='bbox 2575 5056 2668 5097; x_wconf 90' lang='lat' dir='ltr'><strong>eos</strong></span> <span class='ocrx_word' id='word_1_837' title='bbox 2699 5056 2715 5094; x_wconf 89' lang='lat'><strong>:</strong></span> <span class='ocrx_word' id='word_1_838' title='bbox 2749 5037 2875 5094; x_wconf 70' lang='lat' dir='ltr'><strong>Haec</strong></span> <span class='ocrx_word' id='word_1_839' title='bbox 2904 5037 3035 5093; x_wconf 91' lang='lat' dir='ltr'><strong>dicit</strong></span> <span class='ocrx_word' id='word_1_840' title='bbox 3068 5039 3330 5094; x_wconf 82' lang='lat' dir='ltr'><strong>Dominus</strong></span> <span class='ocrx_word' id='word_1_841' title='bbox 3376 5037 3695 5093; x_wconf 83' lang='lat' dir='ltr'><strong>exercituum</strong></span> <span class='ocrx_word' id='word_1_842' title='bbox 3735 5049 3753 5086; x_wconf 88' lang='lat'><strong>:</strong></span> 
     </span>
    </p>
   </div>
   <div class='ocr_carea' id='block_1_111' title="bbox 2205 5126 3757 5203">
    <p class='ocr_par' dir='ltr' id='par_1_111' title="bbox 2205 5126 3757 5203">
     <span class='ocr_line' id='line_1_111' title="bbox 2205 5126 3757 5203; baseline -0.008 -11"><span class='ocrx_word' id='word_1_843' title='bbox 2205 5135 2299 5192; x_wconf 86' lang='lat' dir='ltr'><strong>Sic</strong></span> <span class='ocrx_word' id='word_1_844' title='bbox 2329 5145 2609 5193; x_wconf 88' lang='lat' dir='ltr'><strong>conteram</strong></span> <span class='ocrx_word' id='word_1_845' title='bbox 2664 5132 2923 5203; x_wconf 85' lang='lat' dir='ltr'><strong>populum</strong></span> <span class='ocrx_word' id='word_1_846' title='bbox 2974 5132 3164 5197; x_wconf 82' lang='lat' dir='ltr'><strong>istum,</strong></span> <span class='ocrx_word' id='word_1_847' title='bbox 3198 5138 3253 5185; x_wconf 89' lang='lat' dir='ltr'><strong>et</strong></span> <span class='ocrx_word' id='word_1_848' title='bbox 3307 5128 3580 5186; x_wconf 83' lang='lat' dir='ltr'><strong>civitatem</strong></span> <span class='ocrx_word' id='word_1_849' title='bbox 3620 5126 3757 5180; x_wconf 84' lang='lat' dir='ltr'><strong>hanc</strong></span> 
     </span>
    </p>
   </div>
   <div class='ocr_carea' id='block_1_112' title="bbox 2204 5215 3753 5295">
    <p class='ocr_par' dir='ltr' id='par_1_112' title="bbox 2204 5215 3753 5295">
     <span class='ocr_line' id='line_1_112' title="bbox 2204 5215 3753 5295; baseline -0.011 -10"><span class='ocrx_word' id='word_1_850' title='bbox 2204 5229 2349 5286; x_wconf 90' lang='lat' dir='ltr'><strong>sicut</strong></span> <span class='ocrx_word' id='word_1_851' title='bbox 2392 5227 2693 5283; x_wconf 88' lang='lat' dir='ltr'><strong>conteritur</strong></span> <span class='ocrx_word' id='word_1_852' title='bbox 2738 5238 2839 5280; x_wconf 81' lang='lat' dir='ltr'><strong>vas</strong></span> <span class='ocrx_word' id='word_1_853' title='bbox 2885 5222 3058 5295; x_wconf 85' lang='lat' dir='ltr'><strong>ﬁguli,</strong></span> <span class='ocrx_word' id='word_1_854' title='bbox 3105 5222 3251 5293; x_wconf 86' lang='lat' dir='ltr'><strong>quod</strong></span> <span class='ocrx_word' id='word_1_855' title='bbox 3283 5235 3391 5278; x_wconf 88' lang='lat' dir='ltr'><strong>non</strong></span> <span class='ocrx_word' id='word_1_856' title='bbox 3422 5227 3596 5291; x_wconf 83' lang='lat' dir='ltr'><strong>potest</strong></span> <span class='ocrx_word' id='word_1_857' title='bbox 3622 5215 3753 5272; x_wconf 86' lang='lat' dir='ltr'><strong>ultra</strong></span> 
     </span>
    </p>
   </div>
   <div class='ocr_carea' id='block_1_113' title="bbox 2206 5304 3757 5385">
    <p class='ocr_par' dir='ltr' id='par_1_113' title="bbox 2206 5304 3757 5385">
     <span class='ocr_line' id='line_1_113' title="bbox 2206 5304 3757 5385; baseline -0.011 -10"><span class='ocrx_word' id='word_1_858' title='bbox 2206 5318 2524 5375; x_wconf 88' lang='lat' dir='ltr'><strong>instaurari.</strong></span> <span class='ocrx_word' id='word_1_859' title='bbox 2568 5335 2586 5370; x_wconf 84' lang='lat' dir='ltr'><strong>s</strong></span> <span class='ocrx_word' id='word_1_860' title='bbox 2631 5316 2921 5385; x_wconf 74' lang='lat' dir='ltr'><strong>Perspicua</strong></span> <span class='ocrx_word' id='word_1_861' title='bbox 2964 5327 3069 5367; x_wconf 90' lang='lat' dir='ltr'><strong>non</strong></span> <span class='ocrx_word' id='word_1_862' title='bbox 3113 5312 3182 5366; x_wconf 89' lang='lat' dir='ltr'><strong>de</strong></span> <span class='ocrx_word' id='word_1_863' title='bbox 3227 5311 3539 5382; x_wconf 80' lang='lat' dir='ltr'><strong>Babylonia,</strong></span> <span class='ocrx_word' id='word_1_864' title='bbox 3566 5307 3649 5362; x_wconf 89' lang='lat' dir='ltr'><strong>sed</strong></span> <span class='ocrx_word' id='word_1_865' title='bbox 3688 5304 3757 5384; x_wconf 79' lang='lat' dir='ltr'><strong>de</strong></span> 
     </span>
    </p>
   </div>
   <div class='ocr_carea' id='block_1_114' title="bbox 2208 5393 3755 5475">
    <p class='ocr_par' dir='ltr' id='par_1_114' title="bbox 2208 5393 3755 5475">
     <span class='ocr_line' id='line_1_114' title="bbox 2208 5393 3755 5475; baseline -0.012 -9"><span class='ocrx_word' id='word_1_866' title='bbox 2208 5410 2454 5466; x_wconf 79' lang='lat' dir='ltr'><strong>Romana</strong></span> <span class='ocrx_word' id='word_1_867' title='bbox 2491 5407 2692 5462; x_wconf 89' lang='lat' dir='ltr'><strong>dicitur</strong></span> <span class='ocrx_word' id='word_1_868' title='bbox 2728 5405 3065 5475; x_wconf 73' lang='lat' dir='ltr'><strong>captivitate.</strong></span> <span class='ocrx_word' id='word_1_869' title='bbox 3110 5401 3242 5458; x_wconf 85' lang='lat' dir='ltr'><strong>Post</strong></span> <span class='ocrx_word' id='word_1_870' title='bbox 3272 5401 3589 5473; x_wconf 80' lang='lat' dir='ltr'><strong>Babylonios</strong></span> <span class='ocrx_word' id='word_1_871' title='bbox 3606 5393 3755 5465; x_wconf 85' lang='lat' dir='ltr'><strong>quip-</strong></span> 
     </span>
    </p>
   </div>
   <div class='ocr_carea' id='block_1_115' title="bbox 2206 5482 3755 5574">
    <p class='ocr_par' dir='ltr' id='par_1_115' title="bbox 2206 5482 3755 5574">
     <span class='ocr_line' id='line_1_115' title="bbox 2206 5482 3755 5574; baseline -0.013 -14"><span class='ocrx_word' id='word_1_872' title='bbox 2206 5519 2294 5574; x_wconf 87' lang='lat' dir='ltr'><strong>pe,</strong></span> <span class='ocrx_word' id='word_1_873' title='bbox 2326 5500 2537 5557; x_wconf 88' lang='lat' dir='ltr'><strong>eturbs</strong></span> <span class='ocrx_word' id='word_1_874' title='bbox 2575 5500 2904 5563; x_wconf 87' lang='lat' dir='ltr'><strong>instaurata,</strong></span> <span class='ocrx_word' id='word_1_875' title='bbox 2932 5505 2987 5552; x_wconf 91' lang='lat' dir='ltr'><strong>et</strong></span> <span class='ocrx_word' id='word_1_876' title='bbox 3014 5495 3240 5569; x_wconf 87' lang='lat' dir='ltr'><strong>populus</strong></span> <span class='ocrx_word' id='word_1_877' title='bbox 3292 5494 3540 5550; x_wconf 81' lang='lat' dir='ltr'><strong>reductus</strong></span> <span class='ocrx_word' id='word_1_878' title='bbox 3579 5489 3626 5545; x_wconf 89' lang='lat' dir='ltr'><strong>in</strong></span> <span class='ocrx_word' id='word_1_879' title='bbox 3657 5482 3755 5541; x_wconf 78' lang='lat' dir='ltr'><strong>Ju-</strong></span> 
     </span>
    </p>
   </div>
   <div class='ocr_carea' id='block_1_116' title="bbox 610 5650 2973 5755">
    <p class='ocr_par' dir='ltr' id='par_1_116' title="bbox 610 5650 2973 5755">
     <span class='ocr_line' id='line_1_116' title="bbox 610 5650 2973 5755; baseline -0.001 -22"><span class='ocrx_word' id='word_1_880' title='bbox 610 5680 626 5709; x_wconf 78' lang='lat'><em>‘</em></span> <span class='ocrx_word' id='word_1_881' title='bbox 682 5679 812 5737; x_wconf 76' lang='lat' dir='ltr'><strong>Vide</strong></span> <span class='ocrx_word' id='word_1_882' title='bbox 864 5685 1130 5755; x_wconf 86' lang='lat' dir='ltr'><strong>superius.</strong></span> <span class='ocrx_word' id='word_1_883' title='bbox 1188 5683 1332 5740; x_wconf 81' lang='lat' dir='ltr'><strong>Infra</strong></span> <span class='ocrx_word' id='word_1_884' title='bbox 1384 5699 1603 5742; x_wconf 82' lang='lat' dir='ltr'><strong>sensum</strong></span> <span class='ocrx_word' id='word_1_885' title='bbox 1635 5684 2229 5755; x_wconf 67' lang='lat' dir='ltr'><strong>interpitootionisvitio</strong></span> <span class='ocrx_word' id='word_1_886' title='bbox 2260 5683 2593 5739; x_wconf 80' lang='lat' dir='ltr'><strong>laborantem</strong></span> <span class='ocrx_word' id='word_1_887' title='bbox 2635 5650 2973 5735; x_wconf 74' lang='lat' dir='ltr'><strong>restituimus</strong></span> 
     </span>
    </p>
   </div>
  </div>
