3950 6180
191 377 310 442 833

663 376 1075 440 COMMENTA
1092 376 1166 436 Ii.
1210 375 1290 437 IN
1330 375 1731 437 JEREMIAM
1766 371 2228 436 PROPIIETAM
2284 371 2428 434 LIB.
2462 371 2564 441 1V,
2604 370 2761 430 CAP.
2803 370 2928 431 XX.

3359 374 3468 438 834

191 503 401 558 dzeam,
433 505 490 552 et
515 496 866 551 abundantiae
907 497 1152 566 pristina:
1199 496 1482 551 restitutus
1510 505 1613 550 est.
1652 495 1779 548 Post
1808 501 1852 555 Α
1883 493 1976 547 sed
2038 490 2440 545 immolaveriut
2503 489 2868 555 damionibus,
2923 499 2978 545 et
3029 489 3286 548 libamina
3316 494 3468 550 lude-

193 589 585 657 captivitatem
617 595 826 650 autem,
885 603 1007 656 qua:
1039 588 1141 642 sub
1171 585 1505 656 Vespasiano
1556 595 1612 640 et
1639 585 1782 648 Tito,

209 690 271 731 et
305 688 495 746 pOstea
532 677 732 732 accidit
759 677 862 732 sub
892 677 1193 740 Hadriano,
1221 693 1392 748 usque
1418 677 1484 732 ad
1530 691 1786 732 consum-

194 773 508 823 mationem
576 768 759 824 saeculi
829 771 1001 823 ruina:
1063 768 1367 824 Jerusalem
1420 784 1787 839 permansura:

193 871 332 913 sunt
367 860 388 931 ί
415 861 504 914 ΑΙ.
561 859 1026 932 permanserunt]
1053 901 1068 924 ,
1099 875 1411 930 quanquam
1460 859 1562 914 sibi
1613 857 1785 913 Judaei

197 968 430 1007 auream
476 964 638 1021 atque
667 962 994 1015 gemmatam
1047 949 1349 1006 Jerusalem
1394 951 1784 1005 restituendam

199 1055 425 1116 putent,
465 1059 792 1112 rursumque
820 1045 1096 1108 victimas,
1147 1054 1199 1098 et
1237 1042 1506 1098 sacriﬁcia
1553 1051 1608 1096 et
1658 1057 1788 1095 con-

197 1134 356 1204 jugia
400 1143 739 1198 sanctorum,
778 1143 831 1188 et
871 1149 1092 1204 regnum
1139 1136 1192 1188 in
1229 1133 1386 1188 terris
1419 1133 1628 1188 Domini
1667 1134 1788 1186 Sal-

202 1224 443 1279 vatoris.
498 1223 631 1290 Quae
670 1223 800 1277 licet
847 1240 953 1278 non
1004 1224 1171 1296 976
1230 1239 1547 1292 sequamur,
1607 1235 1786 1276 tamen

206 1319 474 1372 damnare
515 1332 622 1371 non
661 1331 976 1386 possumus,
1023 1319 1148 1385 quia
1186 1317 1339 1370 multi
1372 1315 1785 1370 ecclesiastico-

201 1421 329 1460 rum
367 1407 606 1459 virorum
642 1406 686 1471 ⁸,
713 1413 766 1458 et
794 1416 1061 1476 martyres
1086 1406 1187 1460 ista
1214 1406 1488 1460 dixerunt.
1531 1406 1598 1460 Et
1623 1421 1788 1460 uitus-

202 1479 446 1569 quisque
501 1498 553 1552 in
612 1513 712 1552 suo
767 1513 930 1552 sensu
1005 1497 1242 1553 abundet
1298 1497 1473 1569 (Rom.
1543 1499 1677 1568 xiv),
1735 1508 1791 1553 et

206 1591 428 1646 Domini
466 1600 658 1644 cuncta
685 1589 894 1658 judicio
926 1599 1295 1643 reserventur.
1345 1589 1634 1654 Quomodo
1686 1606 1787 1643 au-

204 1693 314 1738 tem
378 1699 471 1739 vas
524 1683 712 1749 ﬁctile,
737 1693 792 1737 et
828 1691 1058 1736 testeum
1109 1681 1153 1736 si
1212 1681 1441 1735 fractum
1494 1681 1680 1748 fuerit,
1733 1683 1786 1736 in

207 1776 494 1844 antiquam
533 1775 770 1844 speciem
823 1790 928 1828 non
981 1782 1162 1843 potest
1221 1774 1513 1828 reformari
1551 1792 1564 1828 :
1599 1776 1677 1828 sic
1733 1785 1789 1828 ct

1893 582 1999 636 rint
2029 581 2134 636 diis
2165 581 2358 636 alienis
2379 580 2639 650 (Soplton.
2675 580 2740 649 ι).
2926 649 2934 652 _

1961 673 2142 744 (Vera.
2180 673 2270 738 Η,
2306 673 2416 738 15).
2456 692 2474 726 ι
2513 674 2876 728 Venitautem
2907 673 3175 732 Jeremias
3223 677 3290 732 de
3320 676 3470 733 Tho-

1889 765 2084 834 pheth,
2118 781 2228 836 quo
2263 765 2426 836 9'77
2457 765 2678 819 miserat
2713 781 2836 820 eum
2863 765 3125 823 Dominus
3143 769 3209 824 ad
3232 772 3474 840 prophe-

1893 860 2136 950 tandum,
2171 868 2226 912 et
2249 860 2401 912 stetit
2425 857 2480 911 in
2513 861 2654 912 atrio
2683 859 2876 913 domus
2896 857 3131 925 Domini,
3165 873 3219 916 et
3242 863 3378 916 dixit
3399 864 3468 917 ad

1891 949 2105 1004 onmem
2135 951 2393 1020 populum
2445 967 2459 1004 :
2498 949 2622 1004 Haec
2651 951 2785 1005 dicit
2824 949 3086 1005 Dominus
3129 953 3469 1008 exercituum

1891 1042 2033 1096 Deus
2053 1044 2217 1097 Israel
2234 1060 2249 1098 :
2265 1043 2399 1097 Ecce
2417 1057 2515 1111 ego
2545 1041 2793 1095 inducam
2818 1058 2985 1112 super
3007 1045 3282 1097 civitatem
3308 1047 3471 1111 hanc,

1890 1144 1943 1188 et
1963 1149 2124 1202 super
2139 1145 2333 1187 omnes
2348 1135 2508 1186 urbes
2526 1133 2641 1201 ejus
2659 1133 2916 1186 universa
2939 1135 3097 1199 inala,
3113 1150 3232 1204 quae
3253 1135 3472 1190 locutus

1893 1239 2013 1279 sum
2035 1226 2319 1279 adversum
2348 1240 2489 1290 eam,
2507 1227 2764 1292 quoniam
2784 1223 3178 1278 induraverunt
3201 1229 3471 1281 cervicem

1892 1330 2068 1382 suam,
2112 1324 2168 1368 ut
2199 1329 2306 1369 nOn
2368 1316 2622 1369 audirent
2679 1331 2958 1370 sermones
3003 1331 3174 1372 meos.
3240 1336 3257 1368 ι
3314 1319 3471 1372 Post-

1893 1423 2057 1476 quam
2092 1409 2144 1461 in
2191 1407 2478 1477 Tltopbeth
2527 1408 2890 1477 praesentibus
2921 1408 3104 1476 populi
3135 1409 3471 1476 senioribus,

1893 1513 2032 1567 quos
2067 1501 2300 1553 duxerat
2352 1513 2538 1553 secum
2589 1497 2855 1552 Jeremias
2906 1498 3174 1569 confregit
3219 1501 3478 1569 laguncu-

1894 1589 2024 1654 lam,
2063 1589 2176 1644 sive
2203 1589 2498 1653 doliolum,‘
2551 1602 2603 1643 et
2657 1591 3004 1660 prophetarit
3051 1593 3228 1646 verbis
3262 1593 3474 1646 Domini

1894 1683 1960 1737 ad
1988 1685 2384 1737 conterendum
2421 1685 2680 1752 populum
2715 1695 2769 1740 et
2842 1687 3120 1742 civitatem
3146 1687 3472 1754 Jerusalem,

1897 1777 2195 1831 revertitur
2261 1787 2315 1831 ct
2373 1787 2482 1830 stat
2538 1781 2592 1830 in
2673 1778 2812 1832 atrio
2869 1779 3063 1834 domus
3125 1781 3368 1845 Domini,
3422 1793 3477 1838 et

207 1868 448 1936 populus
479 1866 786 1921 Judatorum
839 1876 890 1920 et
921 1864 1224 1920 Jerusalem
1261 1868 1542 1930 subversa,
1587 1874 1785 1920 statum
1822 1843 1864 1896 Β
1900 1869 2175 1922 υιιίνειέω
2208 1867 2446 1936 loquitur
2488 1868 2845 1936 multitudini,
2875 1886 2993 1938 quae
3018 1873 3084 1924 ad
3119 1872 3294 1926 locmu
3331 1873 3476 1928 Thc-

210 1959 509 2027 pristinum
540 1973 645 2014 non
677 1958 967 2013 habebunt.
1002 1957 1243 2024 Denique
1271 1974 1485 2012 cassum
1517 1968 1598 2012 est
1629 1958 1788 2012 hodie

202 2065 409 2104 nomen
443 2050 611 2119 ipsius
641 2049 900 2116 civitatis,
931 2058 984 2103 et
1013 2051 1080 2102 ab
1128 2047 1274 2103 Δὧὶιίο
1326 2047 1600 2102 Hadriano
1644 2047 1788 2102 AEIia

204 2142 436 2206 dicitur,
493 2151 548 2196 et
615 2156 737 2195 cum
814 2139 1148 2194 habitatione
1211 2139 1441 2209 pristina
1499 2139 1790 2209 pristinum

210 2247 436 2304 quoque
469 2247 665 2287 nomen
703 2232 930 2296 amisit,’
960 2233 1027 2286 ad
1075 2231 1452 2287 deeutiendam
1481 2233 1787 2300 superbiam

212 2326 588 2379 habitatorum
621 2324 758 2390 ejus.
786 2323 998 2378 Sanctae
1025 2334 1202 2378 autem
1235 2323 1430 2379 Crucis
1453 2323 1790 2378 etResnrre-

209 2419 415 2472 ctionis
440 2417 723 2482 vocabula,
749 2432 856 2470 non
889 2417 1077 2471 urbem
1105 2417 1435 2484 signiﬁcant,
1455 2416 1546 2470 scd
1571 2402 1746 2470 locum
1771 2434 1784 2471 :

215 2524 323 2564 nec
355 2509 669 2564 divitiarum
707 2509 978 2578 quondam
1009 2509 1462 2578 magnitudinem,
1502 2523 1596 2576 per
1630 2523 1791 2577 quam

213 2602 382 2670 periit
415 2603 647 2672 populus
669 2600 1003 2667 Jndzeornm,
1073 2602 1168 2655 sed
1198 2601 1424 2672 gloriam
1464 2601 1793 2663 sanctitatis,

213 2709 382 2763 quam
415 2705 600 2748 nostra
645 2694 970 2764 paupercula
1014 2693 1282 2768 possidet
1333 2693 1633 2755 Bethleem,
1685 2709 1791 2747 non

213 2785 429 2840 habens
488 2799 680 2840 aurum
744 2795 798 2840 et
836 2800 1101 2856 gemmas,
1153 2785 1249 2841 sed
1286 2801 1480 2856 panem
1527 2786 1616 2856 qui
1646 2785 1699 2839 in
1730 2800 1793 2840 ea

220 2885 386 2930 natus
416 2887 524 2932 CSl.

295 2966 482 3037 (Vers.
537 2969 651 3040 12.)
700 2989 718 3022 ε
782 2969 851 3024 Ει
896 2970 948 3024 in
981 2969 1230 3040 Topheth
1279 2967 1612 3039 sepelientur
1647 2967 1795 3037 (sive

221 3060 537 3131 sepelient),
569 3077 634 3116 eo
663 3061 806 3131 quod
837 3075 946 3116 non
978 3061 1052 3116 sit
1083 3062 1222 3115 alius
1247 3061 1400 3117 locus
1429 3061 1497 3114 ad
1524 3061 1795 3129 sepelien-

223 3151 382 3205 dum.
408 3151 496 3206 Sic
528 3151 722 3208 faciam
756 3153 876 3208 loco
905 3153 1052 3219 huic,
1089 3152 1166 3207 ait
1198 3153 1478 3212 Dominus,
1504 3161 1558 3205 et
1584 3149 1798 3204 habita-

227 3245 440 3300 toribus
500 3244 639 3315 ejus,
702 3254 755 3300 et
818 3259 1014 3317 ponam
1080 3246 1356 3301 civitatem
1412 3244 1570 3298 istam
1653 3243 1798 3296 sicut

225 3335 516 3406 Thopheth
552 3337 682 3405 (sive
712 3346 768 3393 ut
799 3338 1071 3408 ruinam),
1113 3348 1166 3393 et
1213 3347 1373 3392 erunt
1406 3339 1600 3390 domus
1637 3333 1798 3389 Jeru-

225 3429 399 3483 salem
432 3439 485 3482 et
511 3429 702 3485 domus
736 3445 918 3501 regum
945 3428 1082 3484 Juda
1108 3470 1124 3496 ,
1156 3430 1294 3484 sicut
1323 3430 1476 3484 locus
1507 3427 1796 3496 Thopheth

223 3521 364 3589 (sive
388 3522 604 3590 ruina).
638 3540 657 3572 ι
700 3520 853 3588 Quod
876 3532 1055 3577 autem
1090 3523 1142 3576 in
1176 3521 1316 3576 LXX
1353 3525 1585 3576 insertur
1615 3537 1630 3576 :
1667 3520 1798 3574 0m-

223 3629 317 3668 nes
371 3615 556 3669 domus
603 3631 784 3684 regum
821 3615 986 3682 Juda,
1019 3617 1150 3669 sicut
1205 3618 1345 3670 locus
1393 3615 1677 3684 Thopheth,
1743 3615 1798 3670 in

218 3704 496 3761 llebraico
521 3720 627 3760 non
661 3707 907 3762 habetur.
948 3707 1014 3763 Et
1043 3708 1288 3778 sequitur
1317 3725 1330 3760 :

289 3795 474 3869 (νει-8.
524 3797 659 3869 15.)
699 3817 716 3851 ι
753 3797 1050 3853 lmmundae
1089 3814 1280 3855 omnes
1326 3799 1542 3863 domus,
1577 3798 1629 3852 in
1662 3814 1800 3869 qua-

219 3904 344 3943 rum
380 3889 693 3944 domatibus
726 3887 852 3959 (sive
904 3890 1088 3960 tectis)
1148 3891 1597 3966 sacriﬁcaverunt
1647 3891 1797 3944 onmi

220 3981 429 4036 militia:
477 3982 621 4045 cmli,
656 3991 710 4035 et
742 3982 1054 4037 libaverunt
1086 3982 1346 4035 libamina
1374 3981 1481 4036 diis
1530 3981 1740 4035 alienis.
1773 4000 1792 4032 ›

219 4071 376 4140 Quod
408 4087 569 4141 supra
597 4074 810 4128 dixerat
849 4091 864 4131 :
913 4071 1038 4128 Non
1066 4072 1341 4127 vocabitur
1371 4075 1514 4128 locus
1549 4074 1650 4126 iste
1681 4090 1800 4125 am-

224 4163 366 4233 plius
407 4165 698 4232 Thopheth,
734 4175 786 4220 et
842 4166 996 4220 vallis
1049 4167 1148 4234 ﬁlii
1186 4166 1321 4238 [ΑΙ.
1374 4167 1604 4234 ﬁliorum
1638 4165 1657 4236 j
1691 4165 1801 4220 En-

229 4272 375 4322 nom,
411 4258 499 4310 sed
532 4259 686 4312 vallis
715 4260 1018 4324 occisionis,
1056 4275 1202 4313 nunc
1237 4261 1389 4329 ponit
1434 4261 1797 4322 manifestius,

226 4350 372 4417 quod
407 4355 554 4402 tanta
605 4349 658 4402 in
704 4350 820 4418 ipso
867 4349 988 4404 loco
1041 4349 1220 4403 futura
1277 4351 1348 4405 sit
1403 4349 1600 4413 caedes,
1641 4360 1697 4404 ut
1730 4350 1798 4404 ibi

223 4442 517 4494 acervatim
547 4441 777 4511 populus
803 4440 1118 4512 sepeliatur,
1144 4449 1199 4496 et
1251 4440 1406 4496 lucus
1435 4441 1455 4513 [
1491 4441 1578 4497 Al.
1607 4441 1754 4495 locus
1780 4439 1800 4512 ]

224 4531 499 4598 quondam
553 4531 854 4600 religionis,
904 4531 1026 4596 iﬁat
1110 4533 1374 4586 tumultus
1436 4541 1797 4586 mortuorum.
1834 4513 1878 4569 D

225 4620 344 4690 Ipsa
380 4635 594 4689 quoque
617 4621 831 4685 civitas,
863 4636 982 4690 quae
1012 4620 1139 4675 huic
1163 4621 1410 4675 inuninet
1441 4621 1580 4686 loco,
1616 4620 1706 4674 ﬁat
1731 4623 1804 4676 si-

227 4720 321 4765 cut
355 4708 670 4779 Thopheth,
697 4724 796 4780 pro
824 4725 930 4780 quo
960 4708 1103 4764 LXX
1137 4711 1348 4764 ruinam
1385 4713 1800 4766 transtulerunt.

227 4800 434 4853 Domus
470 4804 698 4868 iquoque
741 4797 1072 4865 Jerusalem,
1114 4815 1412 4870 regumque
1469 4800 1693 4868 palatia,
1750 4801 1804 4855 in

227 4891 419 4946 ruinas
480 4890 689 4946 similes
735 4901 1154 4949 convertantur.
1203 4891 1493 4960 Causaque
1536 4893 1804 4958 redditur,

227 4999 295 5039 eo
321 4983 468 5051 quod
523 4984 818 5038 immundae
861 4983 1082 5051 fuerint,
1111 4993 1166 5037 et
1214 4983 1533 5040 idololatria:
1585 4985 1807 5053 pollutae

225 5075 462 5140 scelere,
501 5089 597 5142 pro
628 5089 692 5129 eo
724 5075 866 5143 quod
914 5077 965 5129 in
994 5077 1304 5130 domatibns
1327 5086 1380 5130 et
1413 5077 1571 5130 tectis
1594 5093 1804 5142 earnm,

229 5165 332 5220 soli
360 5173 416 5219 et
446 5165 584 5219 luna-
613 5176 667 5220 et
695 5167 866 5221 stellis
891 5167 1023 5228 ,cocli
1054 5167 1479 5240 immolaverint,
1538 5177 1590 5222 et
1644 5168 1805 5221 thura

231 5255 617 5323 ineenderint;
681 5272 780 5312 nec
850 5259 954 5312 hoc
1020 5256 1223 5311 fuerint
1285 5273 1475 5314 errore
1537 5259 1802 5326 contenti,

448 5455 723 5530 Justinum
783 5460 1073 5530 Martyrem
1108 5461 1326 5528 prOprie
1375 5462 1574 5526 notari,
1620 5462 1802 5518 nullus

232 5527 446 5588 dubito,
477 5528 631 5594 cujus
658 5530 770 5583 haec
818 5527 1017 5583 insedit
1059 5527 1222 5584 menti
1260 5533 1528 5585 sententia
1574 5534 1626 5585 in
1674 5535 1799 5585 Dia-

237 5602 358 5669 logo
380 5612 500 5648 cum
523 5598 827 5666 'l'ryphone.
853 5600 961 5654 Nec
989 5611 1068 5654 est
1093 5602 1236 5669 quod
1258 5617 1549 5654 memorem
1570 5613 1800 5656 c:eteros

235 5667 640 5720 ecclesiasticos
669 5679 1008 5732 tractatores,
1048 5667 1311 5724 Irenaeum
1356 5671 1450 5726 hb.
1505 5689 1531 5723 ν
1570 5672 1788 5727 Advers.

233 5738 385 5809 Hier.
412 5752 530 5803 cap.
562 5737 1089 5809 52;_Tertnllianunt
1117 5741 1209 5794 lib.
1237 5744 1299 5793 tle
1337 5740 1437 5807 Spe
1462 5743 1718 5809 ﬁdelium,
1749 5754 1802 5797 ct

235 5807 330 5860 lib.
352 5822 408 5864 ιιι
429 5818 607 5878 contra
640 5807 993 5873 Marcianum;
1029 5809 1364 5864 Laelantinm
1396 5807 1486 5864 lib.
1516 5829 1605 5878 vit,
1637 5831 1795 5883 capp.

1892 1962 2061 2030 pbeth
2137 1963 2213 2016 ire
2267 1963 2536 2028 noluerat,
2605 1964 2745 2030 quod
2787 1965 3106 2019 inducturus
3163 1967 3232 2019 sit
3293 1965 3478 2020 Domi-

1905 2070 2008 2109 nus
2057 2069 2221 2122 super
2274 2056 2546 2110 civitatem
2595 2055 2923 2123 Jerusalem,
2975 2069 3028 2112 et
3055 2076 3220 2130 super
3278 2077 3470 2116 omnes

1894 2147 2058 2199 urbes
2083 2146 2200 2214 ejus
2236 2148 2486 2202 universa
2533 2149 2670 2204 mala
2732 2165 2852 2219 qua:
2900 2151 3112 2205 locutus
3149 2163 3230 2206 est
3283 2155 3477 2207 adter-

1893 2252 2011 2290 sum
2043 2253 2186 2292 eam.
2214 2239 2277 2292 Et
2302 2256 2367 2294 ne
2399 2250 2648 2309 putemus
2676 2245 2950 2297 crudelem
2972 2258 3090 2297 esse
3116 2247 3472 2314 sententiam,

1896 2329 2076 2384 reddit
2135 2345 2328 2385 causas
2367 2347 2464 2386 cur
2489 2333 2810 2388 inducturus
2840 2336 2913 2389 sit
2958 2336 3096 2389 mala
3129 2352 3144 2389 :
3179 2335 3472 2403 Quoniam,

1897 2421 2091 2489 inquit,
2121 2422 2501 2477 induraverunt
2547 2427 2800 2480 cervicem
2829 2443 3012 2492 suam,
3048 2439 3106 2479 ut
3163 2445 3265 2480 non
3317 2432 3475 2482 aitdi-

1897 2521 2008 2565 rent
2040 2529 2302 2568 sermones
2339 2532 2478 2569 meos
2513 2533 2531 2570 :
2595 2532 2660 2570 ne
2697 2529 2818 2587 post
2883 2521 3080 2575 multas
3123 2522 3341 2590 quidem
3375 2525 3476 2576 int-

1895 2605 2149 2673 pietates,
2186 2607 2430 2661 volentes
2463 2621 2622 2676 agere
2655 2610 3055 2678 paenitentiam.

1967 2695 2124 2767 (Cap.
2158 2696 2276 2751 XX.
2305 2727 2375 2736 —
2404 2697 2563 2753 Vers.
2608 2700 2660 2764 l,
2697 2700 2782 2770 2.)
2815 2720 2834 2753 ς
2869 2701 2936 2755 Et
2991 2704 3199 2759 audivit
3259 2704 3472 2760 Phasur

1898 2784 2041 2837 lilins
2067 2784 2286 2839 Emmer
2333 2787 2615 2851 sacerdos,
2654 2795 2745 2859 qui
2774 2792 3104 2847 constitutus
3147 2804 3266 2848 erat
3317 2797 3472 2864 priu~

1896 2890 2024 2944 ceps
2079 2875 2130 2929 in
2189 2877 2348 2930 domo
2401 2877 2640 2944 Domini,
2696 2879 2989 2935 Jeremiam
3052 2887 3469 2952 prophetantem

1897 2981 2178 3021 sermones
2215 2967 2365 3022 istos.
2391 2970 2454 3023 Et
2488 2971 2753 3039 percussit
2779 2971 2990 3026 Phasur
3016 2975 3337 3044 prophetam
3380 2977 3474 3032 Je-

1899 3059 2148 3124 remiam,
2174 3069 2228 3113 et
2253 3059 2395 3113 misit
2421 3075 2543 3114 eum
2574 3062 2625 3114 in
2655 3074 2880 3116 nervum
2914 3067 3057 3132 quod
3091 3075 3210 3120 erat
3237 3068 3288 3120 in
3318 3081 3473 3137 porta

1823 3179 1866 3236 ϐ
1903 3147 2180 3216 Beniamin
2217 3151 2484 3220 superiori
2523 3152 2576 3206 in
2615 3155 2774 3207 domo
2808 3153 3044 3209 Domini.
3081 3175 3099 3208 ο
3134 3157 3239 3212 Pro
3265 3158 3478 3216 Phamr

1903 3237 2252 3307 Septuaginta
2289 3240 2685 3295 transtulerunt
2720 3241 2976 3311 Pliasror,
3019 3247 3108 3316 qui
3146 3247 3474 3318 interprtta-

1903 3337 1990 3381 tur
2025 3330 2132 3382 oris
2160 3332 2396 3398 nigredo,
2432 3341 2488 3385 et
2513 3347 2610 3399 pro
2641 3351 2819 3402 nervo,
2861 3352 3036 3406 quem-
3075 3354 3174 3394 nos
3214 3340 3476 3396 diximus.

1901 3419 2254 3492 Septuaginta
2276 3431 2332 3476 et
2359 3421 2664 3480 Theodotio
2692 3413 2924 3492 vertere,
2950 3438 3280 3496 cataracten,
3316 3434 3479 3504 Sym-

1903 3514 2128 3568 machus
2162 3515 2592 3585 βασανιστήριον
2627 3519 2742 3572 sive
2775 3519 3216 3591 στρεελωτήριον
3256 3527 3297 3587 ',
3330 3528 3477 3593 quod

1901 3617 2195 3675 utrumque
2229 3615 2492 3660 tormenta
2539 3607 2833 3678 signiﬁcat.
2885 3610 2995 3666 Nos
3048 3623 3227 3668 autem
3262 3632 3477 3670 nervum

1902 3697 2138 3751 diximus
2171 3713 2324 3752 more
2352 3699 2582 3768 vulgari,
2621 3703 2763 3772 quod
2807 3704 3069 3757 tormenti
3107 3720 3278 3772 genus
3309 3709 3476 3763 etiam

1903 3788 1956 3842 in
1987 3788 2219 3843 Actibus
2283 3793 2652 3857 apostolorum
2713 3795 2962 3864 legimus,
2988 3799 3206 3864 quando
3250 3802 3478 3868 apostoli

1901 3883 2101 3937 Paulus
2144 3893 2199 3938 et
2254 3885 2398 3942 Silas
2448 3888 2502 3941 in
2553 3889 2858 3944 custodiam
2909 3894 3147 3948 carceris
3202 3897 3313 3948 dati
3352 3909 3483 3950 sunt.

1904 3976 2043 4044 (Act.
2075 3977 2215 4046 m).
2267 3977 2376 4033 lsle
2424 3990 2608 4034 autem
2645 3992 2765 4037 erat
2835 3985 3079 4054 pontifex
3142 3989 3368 4056 templi,
3426 4000 3482 4043 et

1902 4070 2025 4123 data
2052 4070 2158 4125 sibi
2189 4072 2478 4127 sacerdotii
2531 4075 2894 4143 dignitateJn
2938 4095 3253 4148 perversum
3298 4083 3478 4135 abnti-

1903 4169 2008 4226 tnr,
2061 4177 2172 4216 non
2224 4173 2282 4216 ut
2329 4165 2523 4219 doceat
2562 4176 2615 4220 et
2647 4184 2898 4224 sermone
2953 4172 3244 4241 corripiat,
3289 4175 3382 4227 sed
3421 4184 3480 4227 ut

1905 4255 2236 4308 cruciatibus
2292 4265 2497 4312 terreat
2527 4257 2709 4329 (Joan.
2750 4261 2884 4330 xix).
2925 4261 3078 4317 Unde
3126 4273 3182 4318 et
3229 4265 3482 4323 Salvator

1903 4354 1955 4400 et
1998 4347 2275 4415 apostolus
2305 4349 2510 4406 Paulus
2562 4351 2812 4420 jussione
2873 4356 3146 4423 pontificis
3188 4359 3484 4414 verberan-

1909 4448 1994 4492 tur
2023 4439 2163 4508 (Act.
2195 4439 2334 4510 xvr).
2369 4441 2486 4497 Nec
2522 4443 2715 4497 mirum
2745 4445 2790 4499 si
2823 4446 2986 4502 hodie
3018 4450 3162 4503 servi
3206 4451 3297 4506 Dei
3331 4456 3479 4507 occi-

1909 4530 2106 4585 dantur
2137 4531 2157 4602 [
2186 4533 2274 4586 Al.
2308 4532 2590 4588 caedantur
2621 4533 2642 4606 ]
2675 4552 2702 4588 a
2735 4535 3038 4604 Phaschor,
3091 4543 3484 4616 mittanturque

1909 4621 1962 4675 in
2015 4637 2313 4690 carcerem,
2357 4634 2412 4679 et
2475 4626 2722 4682 horribili
2795 4633 3048 4686 custodia
3110 4646 3482 4695 reserventur.

1910 4712 2079 4768 Datur
2120 4716 2264 4769 enim
2301 4717 2692 4787 ltzecpotestas
2723 4739 2749 4773 a
2798 4721 2950 4790 Deo;
2993 4739 3046 4779 et
3090 4731 3481 4796 prophetarum

1908 4809 2230 4861 ostendatur
2275 4808 2426 4864 ﬁdes.
2471 4809 2582 4865 Nec
2617 4821 2792 4867 tamen
2823 4817 2997 4886 major
3023 4828 3108 4872 est
3137 4819 3226 4872 ille
3258 4819 3348 4887 qni
3377 4836 3485 4872 ra:-

1909 4899 2008 4965 dit,
2040 4901 2135 4953 sed
2165 4899 2361 4956 fortior
2390 4901 2493 4958 iste
2531 4904 2623 4972 qni
2657 4908 2902 4960 czeditur.
2937 4906 3002 4961 Et
3033 4910 3304 4975 patienter
3345 4910 3480 4965 Pro-

1910 4992 2071 5059 pheta
2096 4993 2323 5062 suscipit
2362 4994 2631 5063 judicium
2682 4997 2797 5062 Dei,
2837 5014 2940 5052 nec
2975 4999 3234 5053 reclamat
3265 5002 3330 5055 ad
3361 5019 3483 5055 ver-

1913 5085 2062 5148 bera,
2117 5083 2212 5138 sed
2271 5087 2585 5141 considerat
2623 5090 3008 5158 imperantem.
3064 5089 3254 5144 Εωιειι
3290 5094 3484 5162 (Ἶωκ),

1910 5171 2121 5224 verbum
2192 5185 2370 5237 sonat,
2424 5177 2489 5230 de
2533 5191 2642 5246 quo
2701 5193 2840 5244 saepe
2895 5181 3123 5246 nigredo
3166 5194 3483 5250 generatur,

1913 5280 2016 5318 non
2045 5267 2289 5334 parentis
2328 5267 2496 5338 978
2527 5269 2676 5334 vitio,
2705 5269 2800 5324 sed
2827 5269 3033 5326 scelere
3073 5273 3478 5342 degenerantis.

2015 5477 2068 5520 et
2091 5468 2181 5547 ~26_,
2213 5477 2374 5535 atque
2423 5469 2561 5547 alios
2593 5471 2711 5547 ejus
2753 5478 3057 5547 sementim,
3093 5492 3250 5544 quam
3284 5475 3480 5547 Papias

1914 5538 2349 5617 llierapolitanus
2411 5538 2630 5617 primus
2667 5545 2892 5617 invexit.
2956 5538 3175 5599 ilict-on.
3221 5538 3479 5617 perquam

1912 5608 2154 5679 modeste
2208 5610 2276 5660 oh
2324 5611 2632 5664 sanctitatis
2680 5615 2962 5679 meritum,
3025 5616 3094 5670 ab
3147 5608 3245 5669 hae
3293 5608 3480 5672 eorum

1911 5678 2153 5730 doctrina
2191 5681 2487 5732 cavendum
2532 5694 2734 5737 monet.

1981 5750 1999 5780 ³
2030 5748 2299 5818 Duplicem
2328 5749 2501 5805 innuit
2525 5749 2838 5821 Symmachi
2861 5757 3164 5813 versionem
3183 5758 3480 5816 exstitisse.
