3966 6176
502 356 620 420 835

1669 357 1734 416 S.
1779 353 2095 416 EUSEBII
2136 351 2567 412 IllERONYMI

3661 343 3760 408 836

505 472 859 528 Tormentmn
891 479 1096 538 autem,
1124 486 1234 540 quo
1259 473 1546 526 cruciatur
1586 472 1885 542 Propheta,
1917 469 2090 547 .vide-
2120 480 2164 532 Α
2198 470 2422 523 silentio
2455 467 2621 522 vincit
2649 466 2920 536 injuriam,
2953 479 3054 520 nec
3085 473 3264 520 tamen
3291 461 3596 518 dissimulat
3625 461 3760 530 quod

508 574 598 618 tur
625 564 678 618 in
707 574 860 632 parte
884 565 1094 635 dextra,
1131 565 1276 632 quod
1325 563 1718 633 interpretatur
1756 562 2081 630 Benjamin;

505 663 562 708 et
591 654 643 708 in
673 662 826 720 porta
853 653 1094 718 sublimi,
1123 667 1244 721 quae
1277 666 1383 705 non
1413 653 1693 706 veritatem
1729 650 1951 714 indicat,
1985 649 2082 702 sed

509 745 768 816 injustam
805 744 1081 813 pontilicis
1115 753 1474 814 potestatem.

587 836 769 904 (Vers.
827 835 908 901 5.)
956 853 974 887 ι
1027 833 1274 903 Cumque
1319 835 1588 891 illuxisset
1636 836 1689 890 in
1755 839 2081 903 crastinum,

506 925 695 980 eduxit
744 923 956 979 Phasur
1011 922 1307 979 Jeremiam
1378 925 1444 980 de
1495 940 1685 988 nervo.
1733 935 1788 982 et
1829 913 1964 982 dixii
2016 929 2086 982 ad

505 1033 627 1071 eum
652 1016 920 1071 Jeremias
960 1033 973 1070 :
1015 1016 1130 1070 Non
1166 1015 1378 1072 Phasur
1430 1018 1649 1072 vocavit
1689 1017 1952 1074 Dominus
1984 1034 2085 1073 no-

507 1124 628 1162 men
673 1118 843 1172 tuum,
897 1108 990 1162 sed
1044 1123 1302 1178 pavorem
1359 1108 1619 1178 undique.
1665 1127 1684 1160 ι
1738 1110 1808 1164 Ει
1849 1111 1941 1166 hic
1973 1120 2082 1165 tam

507 1216 703 1255 nomen
754 1201 1048 1270 pontiﬁcis,
1097 1215 1261 1269 quam
1321 1199 1577 1254 tormenti
1609 1215 1781 1266 genus
1836 1201 2087 1256 similiter

507 1307 696 1347 omnes
728 1303 785 1347 ut
814 1307 976 1361 supra
1012 1293 1362 1361 interpretati
1420 1301 1567 1346 sunt.
1614 1291 1855 1348 Mutatur
1901 1303 2083 1348 autem

508 1398 705 1437 nomen
734 1383 1027 1452 pontificis,
1057 1392 1115 1435 ut
1147 1398 1213 1436 ex
1255 1383 1474 1438 nomine
1532 1383 1838 1438 futurorum
1887 1385 2085 1452 suppli-

507 1474 650 1528 cium
695 1473 710 1503 ¹
757 1474 1182 1528 demonstretur.
1230 1473 1607 1543 Nequaquam,
1639 1473 1835 1543 inquit,
1857 1474 2084 1532 habebis

507 1566 621 1620 oris
664 1565 1023 1634 nigredinem,
1060 1573 1118 1618 et
1171 1565 1370 1634 iniquae
1417 1566 1700 1633 imperium
1753 1567 2080 1634 potestatis;

509 1657 603 1710 sed
646 1656 893 1721 captivus
920 1654 1137 1710 duceris
1189 1655 1241 1710 in
1279 1655 1639 1726 Babylonem,
1677 1657 1782 1711 hoc
1824 1656 1968 1710 enim
2004 1658 2082 1711 si—

509 1746 730 1818 gniﬁcat
756 1763 918 1814 pavor
945 1746 1179 1815 undique
1227 1747 1341 1801 sive
1365 1763 1458 1815 per
1491 1747 1772 1801 circuitum
1820 1761 1840 1802 .'
1882 1757 1943 1802 ut
1976 1757 2084 1806 tre-

508 1854 661 1894 mens
695 1849 748 1894 et
778 1840 1012 1909 propriae
1043 1839 1233 1893 salutis
1255 1839 1518 1906 incertus,
1551 1842 1657 1896 huc
1687 1842 1922 1912 illucque
1973 1845 2086 1898 cir-
2121 1835 2158 1889 Β

508 1930 862 1999 cumspicias,
900 1941 954 1984 et
984 1932 1262 1986 venientes
1283 1941 1472 1986 contra
1524 1941 1577 1987 te
1601 1932 1950 1990 adversarios
1997 1950 2104 2003 re:

508 2022 793 2076 fot'tnides.
825 2019 932 2074 Pro
960 2038 1174 2091 pavore,
1230 2022 1379 2091 quod
1410 2025 1464 2078 in
1519 2023 1786 2079 llebraico
1820 2026 2082 2094 scriptum

507 2123 590 2168 est
625 2113 815 2168 Macen
845 2112 864 2184 [
889 2115 976 2166 Αι.
1015 2113 1200 2183 Magor
1223 2112 1243 2185 ]
1269 2115 1476 2186 (nun),
1511 2114 1652 2169 LXX
1693 2124 1749 2170 et
1782 2116 2086 2172 Theodotio

509 2208 786 2277 μέτοικον,
833 2207 883 2260 id
931 2215 1017 2261 est
1090 2208 1430 2276 migrantem,
1477 2206 1685 2276 Aquila
1712 2210 1952 2264 secunda
1971 2211 2085 2265 edi-

508 2299 582 2351 tio
635 2298 987 2366 peregrinum,
1041 2299 1212 2366 prima
1253 2298 1784 2366 circumspicientem,
1833 2300 2087 2371 Symma-

507 2388 644 2440 chus
677 2387 913 2440 ablatum
951 2388 1064 2441 sive
1101 2397 1476 2458 congregatum
1519 2401 1575 2444 ct
1622 2398 1887 2456 coactum,
1913 2391 2086 2448 inter-

507 2483 700 2548 pretati
728 2490 876 2534 sunt.

578 2572 755 2640 (Vers.
799 2569 942 2638 4-6.)
982 2588 1000 2622 ι
1049 2570 1186 2636 Quia
1233 2571 1352 2627 haec
1393 2571 1528 2626 dicit
1577 2572 1840 2628 Dominus
1894 2590 1907 2626 :
1945 2573 2085 2630 Ecce

505 2679 607 2734 ego
660 2664 798 2717 da-bo
830 2674 881 2717 te
929 2663 982 2716 in
1015 2678 1290 2732 pavorem,
1326 2673 1381 2742 et
1427 2679 1614 2719 omnes
1669 2666 1882 2721 amicos
1938 2677 2081 2732 tuos,

503 2765 564 2812 ct
610 2763 865 2811 corru‘ent
905 2756 1087 2826 gladio
1126 2755 1474 2811 inimicorum
1532 2773 1780 2826 suorum,
1825 2768 1882 2814 et
1940 2760 2082 2814 oculi

508 2847 585 2900 tui
618 2847 922 2901 videbunt:
965 2855 1018 2900 et
1079 2860 1297 2901 omnem
1341 2845 1536 2902 ludam
1586 2848 1723 2904 dabo
1760 2851 1812 2904 in
1863 2865 2080 2904 manum

512 2939 652 3006 regis
703 2936 1012 3008 Babylonis,
1048 2948 1104 2992 et
1142 2937 1388 2992 traducet
1439 2953 1532 2994 eos
1564 2940 1618 2992 in
1651 2938 2002 3010 Babylonem,
2025 2950 2086 2996 et

508 3029 778 3098 percutiet
828 3043 921 3084 eos
960 3029 1161 3098 gladio.
1185 3029 1250 3084 Et
1285 3029 1429 3084 dabo
1483 3015 1793 3086 universam
1825 3031 2084 3088 substan-

421 3179 428 3183 ,
507 3124 641 3180 aiam
682 3122 808 3193 (sive
839 3120 1238 3192 fortitt'dinem)
1279 3122 1516 3178 civitatis
1545 3123 1730 3193 hujus,
1776 3134 1832 3179 et
1860 3140 2077 3182 omnem

511 3217 750 3270 laborem
781 3214 902 3285 ejus
935 3229 1206 3286 omneque
1257 3215 1491 3284 pretium
1523 3217 1654 3287 (sive
1719 3219 1996 3292 gloriam),
2027 3234 2083 3276 et

509 3321 734 3363 cunctos
769 3308 1054 3362 thesauros
1091 3321 1277 3374 regum
1309 3306 1450 3362 Juda
1487 3310 1628 3364 dabo
1677 3313 1729 3364 in
1764 3326 1927 3365 manu
1984 3312 2085 3366 ini-

509 3398 772 3452 micorum
806 3414 1018 3462 eornm,
1049 3398 1402 3465 et-diripient
1432 3413 1550 3464 eos,
1585 3410 1641 3454 et
1678 3401 1867 3456 tollent
1890 3412 1944 3456 et
1977 3403 2080 3457 (lu-

505 3500 632 3544 cent
679 3489 730 3544 in
781 3489 1137 3560 Babylonem.
1209 3488 1288 3542 Tu
1325 3501 1507 3545 autem
1554 3492 2084 3560 -Phasur,etomncs

511 3583 846 3636 habitatores
889 3584 1083 3636 domus
1138 3591 1259 3645 tua),
1311 3581 1458 3636 ibitis
1494 3583 1547 3637 in
1601 3585 1995 3655 captivitatem.
2029 3597 2085 3642 et

508 3676 561 3729 in
609 3674 934 3746 Babylonem
961 3677 1170 3741 venies,
1207 3688 1271 3749 et,
1293 3679 1368 3733 ibi
1405 3678 1686 3745 morieris,
1713 3679 1896 3748 ibique
1928 3696 2084 3750 sepe-

503 3765 680 3832 lieris,
735 3776 789 3820 tu
829 3775 883 3822 et
918 3783 1106 3822 omnes
1159 3769 1319 3825 amici
1363 3771 1461 3833 tui,
1504 3770 1701 3841 quibus
1744 3772 2080 3840 prophetasti

502 3860 872 3914 mendacium.
919 3879 935 3909 ι
965 3859 1130 3914 Juxta
1154 3861 1494 3930 superiorem
1547 3864 2079 3933 interpretationem,

503 3963 612 4017 qua
698 3946 908 4001 Pbasur
948 3945 1081 4018 (Al.
1124 3949 1404 4022 Phascor]
1437 3965 1630 4006 nomen
1670 3953 1846 4008 fuerat
1885 3954 2084 4008 immu-

509 4051 702 4102 tatum,
745 4047 803 4093 ut
832 4040 1203 4108 appellaretur
1229 4039 1417 4111 Magur
1445 4040 1580 4113 [ΑΙ.
1617 4042 1805 4114 Magor
1830 4042 1848 4116 ]
1883 4059 2076 4100 omnes

503 4133 759 4188 similiter
788 4131 1211 4198 transtulerunt,
1243 4142 1297 4187 ut
1328 4134 1700 4202 signiﬁcarent
1720 4137 1802 4191 vel
1832 4153 2078 4205 pavorem

506 4225 588 4278 τρι
618 4227 1114 4295 peregrinationem,
1146 4226 1232 4281 vel
1267 4225 1618 4282 sublationem
1652 4237 1711 4285 et
1763 4230 2081 4285 translatio-

499 4331 624 4368 nem
672 4324 727 4369 et
774 4316 1232 4387 congregationem
1294 4317 1338 4372 '.
1409 4316 1900 4390 Comminaturque
1954 4337 2080 4377 eum

501 4424 624 4461 cum
675 4409 868 4462 amicis
917 4410 1032 4463 suis
1086 4408 1426 4480 jamjamq-ue
1473 4411 1826 4481 capiendum,
1862 4415 2077 4469 traden-

2191 563 2296 616 scit
2349 576 2473 616 esse
2502 569 2815 621 venturum,
2849 567 2908 612 ut
2935 557 3128 614 saltem
3172 558 3251 612 sic
3293 555 3762 625 psemlopmpbeta

2191 652 2432 725 pontifex
2493 664 2722 721 peccare
2767 649 3016 716 desistat,
3043 657 3096 704 et
3126 648 3221 704 Dei
3267 646 3624 704 clementiam
3677 644 3761 696 de-

2194 755 2468 813 precetur.

2265 880 2445 954 (\'ers.
2473 880 2524 946 7,
2561 879 2641 951 8.)
2677 877 2986 934 «Seduxisti
3024 891 3132 942 me,
3163 875 3414 940 Domine,
3445 873 3760 928 etseductus

2193 990 2312 1029 sum
2347 973 2474 1045 (sive
2519 972 2778 1041 decepisti
2807 986 2911 1035 tne,
2949 969 3196 1033 Domine,
3225 977 3279 1021 et
3309 967 3572 1035 deceptus
3602 962 3757 1030 sum).

2195 1069 2412 1124 Fortior
2453 1082 2538 1121 me
2568 1065 2719 1121 fuisti
2739 1075 2790 1120 et
2821 1061 3095 1118 invaluisti
3122 1062 3255 1132 (sive
3272 1058 3558 1115 obtinuisti
3591 1066 3644 1111 et
3670 1070 3760 1124 po-

2195 1161 2397 1228 tniSIi).
2443 1159 2643 1214 Factus
2700 1173 2819 1213 sum
2879 1157 2932 1209 in
2979 1153 3216 1208 derisum
3272 1161 3384 1205 tota
3434 1152 3539 1214 die,
3577 1161 3761 1201 omnes

2193 1256 2534 1309 subsannant
2575 1266 2692 1312 me;
2726 1250 2858 1320 quia
2887 1248 2998 1317 jam
3031 1246 3160 1299 olim
3207 1243 3422 1314 loquor,
3455 1240 3759 1297 vociferans

2196 1345 2580 1414 iniquitatem,
2607 1350 2666 1395 et
2688 1341 3001 1395 vastitatem
3028 1337 3246 1392 clamito
3268 1335 3394 1405 (sive
3419 1335 3545 1401 quia
3581 1347 3759 1386 amaro

2192 1438 2360 1490 verbo
2396 1448 2516 1488 meo
2571 1431 2761 1485 ridebo
2817 1425 3346 1498 praevaricationem,
3399 1435 3454 1476 et
3483 1421 3759 1476 miseriam

2196 1527 2502 1596 invocabo).
2540 1544 2558 1578 ι
2589 1523 2729 1577 Dicit
2771 1537 2830 1576 se
2867 1520 3133 1588 Propheta
3169 1532 3199 1570 a
3248 1515 3474 1570 Domino
3518 1527 3641 1568 esse
3674 1511 3760 1566 de-

2195 1634 2433 1690 ceptum,
2469 1617 2596 1689 quia
2630 1617 2684 1670 in
2739 1613 3011 1685 principio
3043 1612 3272 1664 audiens
3303 1606 3663 1674 :Prophetam
3713 1607 3758 1658 in

2193 1713 2430 1787 gentibus
2458 1710 2579 1764 dedi
2625 1718 2672 1762 te
2692 1705 2910 1777 (Jerem.
2939 1721 2978 1768 ι,
3005 1703 3083 1772 5).
3111 1703 3175 1756 Et
3205 1701 3399 1755 iterum
3425 1715 3440 1752 :
3477 1699 3611 1751 Ecce
3639 1713 3760 1749 eon-

2194 1805 2344 1860 stitui
2371 1814 2417 1858 te
2439 1802 2590 1856 hodie
2603 1815 2758 1866 super
2771 1806 2946 1868 gentes
2988 1806 3034 1849 et
3053 1809 3208 1861 super
3224 1808 3404 1862 regna,
3423 1799 3483 1844 ut
3501 1789 3692 1844 evellas
3717 1797 3760 1841 et

2190 1903 2451 1960 destruas,
2471 1903 2519 1948 et
2542 1892 2882 1961 disperdasjet
2906 1889 3148 1956 dissipes,
3164 1896 3211 1941 et
3233 1886 3462 1953 aedifices
3491 1893 3538 1938 et
3560 1881 3758 1950 planta

2188 1989 2352 2061 (ibid.
2386 1987 2502 2055 10).
2537 1985 2834 2038 arbitratus
2866 1982 2936 2036 sit
2989 1979 3122 2034 nihil
3173 1992 3233 2033 se
3269 1987 3460 2032 contra
3506 1973 3758 2045 populum

2185 2082 2517 2142 Jttiimortttn,
2552 2075 2650 2131 sed
2703 2083 2896 2128 contra
2942 2072 3186 2128 diversas
3215 2070 3268 2124 in
3309 2069 3543 2124 circuitu
3592 2068 3756 2119 natio-

2188 2185 2285 2225 nes
2317 2183 2439 2223 esse
2495 2168 2792 2220 dicturum.
2844 2163 2999 2220 Unde
3043 2171 3099 2217 ct
3147 2160 3486 2232 prophetiam
3535 2157 3757 2211 libenter

2188 2259 2586 2330 assumpscrit;
2621 2268 2673 2312 et
2699 2249 2948 2314 evenisse
2971 2255 3271 2319 contrario,
3308 2263 3368 2308 ut
3391 2251 3755 2321 captivitatem

2185 2351 2488 2408 Jerusalem
2538 2349 2862 2418 praedicans.
2897 2346 3309 2416 persecutiones
3371 2351 3424 2397 et
3483 2342 3756 2411 angustias

2188 2443 2504 2497 sustineret.
2538 2440 2802 2508 Quodque
2837 2436 3266 2494 intulitzFactus
3305 2451 3421 2490 sum
3449 2436 3502 2490 in
3530 2436 3755 2488 derisum

2196 2544 2308 2588 tota
2335 2533 2443 2597 die,
2477 2549 2652 2588 omnes
2690 2533 3015 2586 subsannant
3051 2548 3132 2585 me
3157 2546 3176 2585 .'
3211 2544 3277 2584 eo
3319 2529 3460 2599 quod
3492 2528 3758 2582 aestiment

2189 2625 2338 2682 illurn
2395 2625 2643 2680 universa
2703 2625 3011 2691 mentitum,
3058 2634 3114 2677 et
3167 2631 3363 2676 cuncta
3435 2634 3556 2689 qua:
3626 2633 3757 2688 pra:-

2188 2719 2390 2776 dixerit
2421 2734 2544 2773 esse
2573 2723 2825 2777 ventura,
2853 2713 3132 2769 mendacia
3154 2710 3460 2768 l'uerint.Et
3492 2708 3755 2780 Pmpheta

2187 2810 2332 2864 enim
2366 2809 2546 2863 statim
2579 2816 2866 2876 potaverat
2894 2803 3160 2869 futurum,
3195 2802 3338 2868 quod
3372 2800 3637 2854 Dominus
3667 2799 3758 2849 mi-

2187 2903 2437 2965 nabatur,
2494 2911 2548 2954 et
2586 2897 2818 2969 populus
2859 2897 3170 2952 aestimabat
3220 2907 3564 2962 nequaquam
3621 2889 3752 2944 ultra

2190 3004 2496 3054 venturum,
2527 2991 2668 3060 quod
2693 2991 2877 3045 statim
2912 3004 3019 3044 non
3049 3001 3296 3044 venerat.
3339 2988 3518 3055 Atque
3556 2985 3756 3041 vocife-

2188 3100 2279 3139 ror
2323 3084 2628 3137 vastitatem
2661 3080 3017 3152 Babyloniam
3049 3088 3104 3133 et
3133 3079 3476 3147 iniquitatem
3520 3077 3753 3131 hostium

2112 3176 2157 3238 C
2191 3193 2284 3248 per
2358 3191 2518 3246 quam
2569 3172 2960 3243 opprimendus
3001 3173 3074 3227 sit
3125 3171 3359 3243 populus
3430 3185 3606 3225 meus.
3664 3169 3754 3224 Sin

2187 3279 2367 3322 autem
2417 3268 2702 3336 sequimur
2739 3265 3095 3334 Septuaginta
3135 3263 3187 3317 in
3227 3279 3293 3318 eo
3341 3265 3484 3332 quod
3525 3261 3755 3316 dixere:

2187 3360 2329 3426 Quia
2355 3376 2541 3412 amaro
2570 3358 2723 3411 verbo
2749 3359 2881 3426 ;meo
2934 3355 3113 3410 ridebo
3148 3355 3669 3424 pra'vat‘itationem,
3711 3363 3758 3407 et

2180 3453 2458 3508 iniseriam
2482 3451 2758 3514 invocabo,
2786 3450 2871 3504 hic
2899 3465 3090 3504 sensus
3115 3459 3200 3502 est
3223 3465 3238 3502 :
3275 3446 3407 3502 Scio
3435 3459 3756 3518 prasentem

2187 3545 2466 3600 tristitiam
2501 3543 2686 3598 futuro
2720 3541 2915 3613 gaudio
2944 3539 3404 3603 commutandam,
3435 3539 3586 3608 juxta
3632 3540 3755 3593 illud

2181 3635 2323 3704 quod
2375 3634 2636 3702 scriptum
2697 3640 2780 3686 est
2830 3647 2846 3687 :
2908 3627 3057 3682 Beati
3111 3628 3318 3697 ﬂentes,
3360 3629 3610 3696 quoniam
3658 3625 3759 3693 ipsi

2184 3726 2427 3779 ridebunt
2476 3723 2693 3795 (Matth.
2747 3737 2803 3788 ν,
2862 3720 2957 3792 5);
3007 3729 3062 3774 et
3112 3718 3317 3772 idcirco
3371 3718 3672 3785 miseriam,
3704 3725 3754 3770 et

2183 3819 2528 3888 iniquitatem
2573 3815 3031 3882 amictionemque
3072 3811 3308 3866 libenter
3364 3811 3634 3872 sustineo,
3683 3810 3754 3862 ita

2184 3921 2241 3965 ut
2267 3911 2481 3981 cupiam
2516 3916 2570 3963 et
2609 3907 2857 3961 invocem
2908 3919 3037 3971 eas;
3065 3914 3120 3958 et
3167 3903 3487 3957 brevitatem
3521 3901 3752 3972 injurizc,

2178 4002 2461 4058 felicitatis
2497 4000 2802 4054 :eternitate
2831 4011 3208 4066 compensem.

2251 4136 2436 4209 (νει-ς.
2472 4136 2528 4191 9.
2577 4135 2690 4202 10.)
2763 4152 2781 4184 ι
2819 4131 2956 4199 Quia
3014 4130 3195 4186 factus
3251 4130 3520 4195 est_mihi
3576 4143 3755 4184 sermo

2185 4231 2396 4287 D0tnini
2442 4230 2496 4282 in
2524 4227 2901 4298 opprobrium.
2931 4225 3061 4280 etin
3093 4224 3339 4278 derisum
3389 4231 3501 4277 tota
3539 4223 3644 4276 die.
3688 4222 3753 4276 Et

2181 4325 2292 4379 disi
2323 4335 2340 4378 :
2371 4322 2486 4378 Non
2517 4320 2847 4377 recordabor
2868 4318 2990 4388 ejus
3021 4319 3147 4387 (sive
3189 4333 3298 4372 non
3320 4317 3621 4372 nominabo
3655 4318 3756 4371 Do«

2182 4417 2448 4485 minum),
2502 4426 2605 4469 nec
2651 4412 2844 4482 loquar
2903 4412 3045 4465 ultra
3089 4412 3139 4464 in
3175 4409 3397 4464 nomine
3433 4409 3630 4477 ipsius.
3689 4407 3756 4462 Et

495 4501 743 4570 doluique
799 4500 1040 4555 hostimn
1069 4504 1343 4566 nranibus,
1397 4511 1452 4557 et
1503 4513 1756 4560 cunctum
1817 4507 2073 4574 pOpulum
2107 4524 2151 4579 θ
2185 4511 2361 4565 factus
2380 4510 2540 4565 estin
2565 4508 2733 4564 corde
2749 4523 2870 4563 meo
2895 4508 3053 4578 quasi
3089 4506 3231 4576 ignis
3249 4516 3576 4572 exaestuans,
3605 4507 3764 4562 clau-

505 4590 677 4644 tribus
703 4588 876 4654 Judae,
913 4589 1194 4658 Babylonii
1226 4593 1372 4662 regis
1412 4594 1662 4650 manibus
1693 4595 2071 4660 obtinendum,

497 4683 751 4754 aliosque
800 4684 1206 4742 interﬁciendos
1260 4687 1462 4755 gladio,
1509 4697 1567 4744 et
1609 4689 1749 4745 alios
1800 4689 2076 4744 ducendos

502 4781 556 4833 in
580 4778 977 4848 captivitatem,
1028 4788 1083 4834 et.
1155 4781 1438 4837 universas
1493 4782 1714 4836 divitias
1768 4792 1876 4836 tam
1920 4785 2076 4839 urbis

499 4885 660 4938 quam
692 4872 1072 4932 thesaurorum
1115 4873 1390 4941 regiorum
1427 4875 1494 4927 ab
1528 4875 1768 4931 inimicis
1820 4890 1944 4931 esse
1983 4890 2076 4930 ca-

501 4961 753 5031 piendas,
840 4962 1125 5032 ipsumque
1185 4965 1351 5034 979
1452 4965 1668 5021 Phasur
1734 4984 1858 5022 rum
1927 4968 2076 5023 omni

495 5059 824 5123 cognatione
870 5072 968 5111 sua
1003 5067 1058 5122 et
1107 5057 1312 5111 [auaritia
1349 5059 1658 5114 ducendum
1697 5062 1751 5114 in
1789 5061 2076 5130 captivita-

500 5157 632 5211 tem,
663 5155 718 5199 et
749 5148 801 5200 in
827 5147 1100 5218 Babylone
1135 5165 1256 5204 esse
1307 5151 1648 5218 moriturum,
1694 5167 1760 5207 eo
1796 5154 1938 5222 quod
1982 5169 2078 5222 po-

497 5241 686 5309 pulum
711 5254 868 5294 suum
922 5242 1207 5298 mendacio
1256 5243 1548 5313 deceperit,
1615 5260 1958 5314 nequaquam
1997 5246 2072 5298 illi

500 5351 627 5391 vera
651 5347 701 5390 et
735 5334 934 5398 tristia,
960 5337 1054 5390 sed
1086 5353 1180 5407 per
1209 5339 1551 5393 mendacium
1606 5353 1864 5408 prospera
1911 5339 2068 5406 polli-

495 5429 987 5496 cendo.Sitnulque
1004 5430 1482 5484 animadvertemla
1501 5430 1784 5500 Propheta:
1803 5430 2066 5500 patientia

502 5533 665 5590 atque
707 5523 1014 5591 prudentia,
1047 5523 1188 5590 quod
1219 5523 1419 5577 missus
1445 5523 1501 5577 in
1515 5537 1795 5578 carcerem
1825 5531 1990 5586 tacet,
2017 5533 2072 5576 et

572 5657 589 5687 ³
618 5655 826 5713 Vit-tor.
858 5659 1092 5728 futurum
1122 5660 1471 5729 supplicium;
1503 5670 1557 5715 et
1582 5675 1709 5714 mox
1736 5659 1944 5713 habebit
1976 5673 2069 5712 no-

495 5740 616 5792 men
649 5731 756 5781 oris
793 5729 1137 5797 nigredinem.

572 5800 590 5827 ³
623 5797 828 5866 lit-poni
860 5801 1041 5853 malim
1071 5817 1134 5855 ex
1189 5800 1360 5855 Vatic.
1407 5817 1506 5857 ms.
1556 5803 2064 5872 commigrationem.

2184 4620 2386 4672 susque
2416 4603 2468 4658 in
2489 4604 2710 4658 ossibus
2740 4603 2895 4668 meis,
2924 4610 2977 4656 ct
3023 4601 3197 4656 deieci
3234 4601 3402 4671 980
3427 4600 3557 4672 (sire
3582 4605 3759 4657 disso—

2181 4697 2327 4751 lutus
2361 4711 2480 4750 sum
2508 4695 2548 4767 ),
2589 4695 2733 4750 terre
2755 4697 2862 4750 ιιὸιι
2885 4695 3184 4750 sustinens.
3223 4696 3420 4749 Audivi
3453 4696 3598 4749 enim
3621 4711 3756 4751 con-

2183 4789 2435 4843 tumelias
2490 4788 2508 4851 (
2539 4789 2646 4842 sive
2734 4787 3240 4859 vituperationem)
3317 4788 3643 4851 multorum,
3700 4796 3758 4843 et

2182 4889 2446 4934 terrorem
2480 4879 2533 4932 in
2568 4880 2796 4934 circuitu
2825 4881 2950 4950 (sive
2979 4889 3438 4948 congregatorum
3465 4880 3758 4950 undique),

2182 4972 2591 5042 persequimini,
2631 4981 2686 5040 et
2735 4987 3134 5041 persequamur
3177 4987 3322 5027 enin.
3379 4988 3399 5021 ι
3467 4972 3759 5027 Clamanti:

2183 5078 2266 5117 me
2318 5072 2481 5132 atque
2537 5063 2775 5128 dicente,
2810 5066 2953 5133 quod
2999 5064 3109 5133 jam
3154 5061 3487 5132 Babylonius
3543 5065 3761 5118 veniret

2179 5157 2473 5221 exercitus,
2510 5165 2563 5212 et
2594 5158 2780 5211 omnia
2836 5157 3051 5211 hostilis
3109 5156 3328 5228 gladius
3394 5158 3758 5226 praedaretur,

2182 5264 2375 5303 versus
2409 5257 2493 5304 est
2519 5249 2649 5303 mihi
2677 5265 2860 5304 sermo
2885 5250 3097 5304 Domini
3122 5251 3174 5303 in
3208 5252 3554 5321 opprobrium
3589 5263 3761 5319 atque

2181 5340 2443 5403 derisum,
2482 5345 2610 5395 dum
2664 5341 2974 5395 tarditatem
3028 5343 3323 5410 prephetiee
3376 5352 3568 5412 putant
3631 5358 3760 5398 esse

2179 5434 2543 5486 mendacium.
2584 5433 2946 5499 Quamobrem
2973 5435 3026 5488 in
3055 5450 3174 5489 mea
3209 5447 3390 5490 mente
3420 5437 3666 5497 decrevi,
3701 5447 3762 5490 ut

2178 5528 2318 5580 ultra
2349 5528 2416 5582 ad
2471 5527 2728 5597 populum
2767 5526 2861 5582 Dei
2911 5529 3089 5583 verbis
3155 5546 3260 5584 non
3328 5529 3610 5600 loquerer,
3652 5543 3758 5583 nec

2170 5662 2374 5738 gonler
2440 5663 2497 5738 in
2542 5662 2696 5738 ‘hanc
2751 5679 2889 5730 rem,
2942 5681 3063 5738 qua:
3111 5667 3175 5719 de
3237 5664 3446 5738 Phasur
3515 5667 3756 5738 replicat

2177 5733 2237 5788 S.
2269 5731 2427 5789 Pater
2455 5737 2506 5788 in
2536 5733 2638 5788 line
2670 5738 2828 5804 hujus
2855 5731 2998 5804 libri,
3037 5746 3090 5791 et
3120 5739 3308 5807 capitis
3337 5737 3426 5791 25.
3565 5742 3571 5746 “
