  <div class='ocr_page' id='page_1' title='image "/cluster/home/n/w/nwhite01/storage/ocr_20150623/24/hvd.32044096580485/424.png"; bbox 0 0 3950 6180; ppageno 0'>
   <div class='ocr_carea' id='block_1_1' title="bbox 229 346 344 412">
    <p class='ocr_par' dir='ltr' id='par_1_1' title="bbox 229 346 344 412">
     <span class='ocr_line' id='line_1_1' title="bbox 229 346 344 412; baseline 0 0"><span class='ocrx_word' id='word_1_1' title='bbox 229 346 344 412; x_wconf 80' lang='grc'><strong>83¹1</strong></span> 
     </span>
    </p>
   </div>
   <div class='ocr_carea' id='block_1_2' title="bbox 711 342 3006 419">
    <p class='ocr_par' dir='ltr' id='par_1_2' title="bbox 711 342 3006 419">
     <span class='ocr_line' id='line_1_2' title="bbox 711 342 3006 419; baseline 0.002 -11"><span class='ocrx_word' id='word_1_2' title='bbox 711 344 1225 409; x_wconf 82' lang='lat' dir='ltr'><strong>COMMENTAR.</strong></span> <span class='ocrx_word' id='word_1_3' title='bbox 1269 343 1349 407; x_wconf 90' lang='lat' dir='ltr'><strong>IN</strong></span> <span class='ocrx_word' id='word_1_4' title='bbox 1392 342 1801 408; x_wconf 76' lang='lat' dir='ltr'><strong>JEREMlAM</strong></span> <span class='ocrx_word' id='word_1_5' title='bbox 1840 343 2306 408; x_wconf 76' lang='lat' dir='ltr'><strong>PROPHETAM</strong></span> <span class='ocrx_word' id='word_1_6' title='bbox 2348 345 2499 410; x_wconf 87' lang='lat' dir='ltr'><strong>LIB.</strong></span> <span class='ocrx_word' id='word_1_7' title='bbox 2543 345 2644 419; x_wconf 87' lang='lat' dir='ltr'><strong>IV,</strong></span> <span class='ocrx_word' id='word_1_8' title='bbox 2685 348 2844 412; x_wconf 87' lang='lat' dir='ltr'><strong>CAP.</strong></span> <span class='ocrx_word' id='word_1_9' title='bbox 2875 348 3006 412; x_wconf 84' lang='lat' dir='ltr'><strong>XX.</strong></span> 
     </span>
    </p>
   </div>
   <div class='ocr_carea' id='block_1_3' title="bbox 3400 355 3507 419">
    <p class='ocr_par' dir='ltr' id='par_1_3' title="bbox 3400 355 3507 419">
     <span class='ocr_line' id='line_1_3' title="bbox 3400 355 3507 419; baseline 0 0"><span class='ocrx_word' id='word_1_10' title='bbox 3400 355 3507 419; x_wconf 82' lang='lat'><strong>838</strong></span> 
     </span>
    </p>
   </div>
   <div class='ocr_carea' id='block_1_4' title="bbox 231 462 3504 540">
    <p class='ocr_par' dir='ltr' id='par_1_4' title="bbox 231 462 3504 540">
     <span class='ocr_line' id='line_1_4' title="bbox 231 462 3504 540; baseline 0.002 -20"><span class='ocrx_word' id='word_1_11' title='bbox 231 480 442 522; x_wconf 85' lang='lat' dir='ltr'><strong>nomen</strong></span> <span class='ocrx_word' id='word_1_12' title='bbox 472 462 619 519; x_wconf 87' lang='lat' dir='ltr'><strong>illius</strong></span> <span class='ocrx_word' id='word_1_13' title='bbox 651 465 1015 519; x_wconf 85' lang='lat' dir='ltr'><strong>nominarem.</strong></span> <span class='ocrx_word' id='word_1_14' title='bbox 1060 463 1213 531; x_wconf 83' lang='lat' dir='ltr'><strong>Quod</strong></span> <span class='ocrx_word' id='word_1_15' title='bbox 1247 478 1367 517; x_wconf 88' lang='lat' dir='ltr'><strong>cum</strong></span> <span class='ocrx_word' id='word_1_16' title='bbox 1402 463 1612 534; x_wconf 91' lang='lat' dir='ltr'><strong>pudore</strong></span> <span class='ocrx_word' id='word_1_17' title='bbox 1661 479 1822 535; x_wconf 60' lang='lat' dir='ltr'><strong>sape.</strong></span> <span class='ocrx_word' id='word_1_18' title='bbox 1849 472 1894 530; x_wconf 73' lang='grc' dir='ltr'>Α</span> <span class='ocrx_word' id='word_1_19' title='bbox 1927 464 2165 533; x_wconf 75' lang='lat' dir='ltr'><strong>peccatis</strong></span> <span class='ocrx_word' id='word_1_20' title='bbox 2203 473 2450 520; x_wconf 89' lang='lat' dir='ltr'><strong>mortuus</strong></span> <span class='ocrx_word' id='word_1_21' title='bbox 2477 472 2558 520; x_wconf 88' lang='lat' dir='ltr'><strong>est</strong></span> <span class='ocrx_word' id='word_1_22' title='bbox 2582 463 2607 519; x_wconf 66' lang='grc' dir='ltr'><em>ἲ</em></span> <span class='ocrx_word' id='word_1_23' title='bbox 2635 463 2886 535; x_wconf 84' lang='lat' dir='ltr'><strong>Cumque</strong></span> <span class='ocrx_word' id='word_1_24' title='bbox 2917 480 2978 522; x_wconf 90' lang='lat' dir='ltr'><strong>se</strong></span> <span class='ocrx_word' id='word_1_25' title='bbox 3002 465 3141 522; x_wconf 86' lang='lat' dir='ltr'><strong>sciat</strong></span> <span class='ocrx_word' id='word_1_26' title='bbox 3164 467 3349 538; x_wconf 86' lang='lat' dir='ltr'><strong>justus</strong></span> <span class='ocrx_word' id='word_1_27' title='bbox 3373 485 3504 540; x_wconf 84' lang='lat' dir='ltr'><strong>pro—</strong></span> 
     </span>
    </p>
   </div>
   <div class='ocr_carea' id='block_1_5' title="bbox 235 557 1817 628">
    <p class='ocr_par' dir='ltr' id='par_1_5' title="bbox 235 557 1817 628">
     <span class='ocr_line' id='line_1_5' title="bbox 235 557 1817 628; baseline -0.001 -15"><span class='ocrx_word' id='word_1_28' title='bbox 235 567 415 623; x_wconf 87' lang='lat' dir='ltr'><strong>ratus,</strong></span> <span class='ocrx_word' id='word_1_29' title='bbox 445 560 758 614; x_wconf 78' lang='lat' dir='ltr'><strong>verecunde</strong></span> <span class='ocrx_word' id='word_1_30' title='bbox 791 558 1035 628; x_wconf 90' lang='lat' dir='ltr'><strong>quidem.</strong></span> <span class='ocrx_word' id='word_1_31' title='bbox 1060 558 1156 613; x_wconf 86' lang='lat' dir='ltr'><strong>sed</strong></span> <span class='ocrx_word' id='word_1_32' title='bbox 1183 557 1350 612; x_wconf 87' lang='lat' dir='ltr'><strong>stulte</strong></span> <span class='ocrx_word' id='word_1_33' title='bbox 1383 559 1817 623; x_wconf 87' lang='lat' dir='ltr'><strong>constituissem,</strong></span> 
     </span>
    </p>
   </div>
   <div class='ocr_carea' id='block_1_6' title="bbox 231 650 1818 721">
    <p class='ocr_par' dir='ltr' id='par_1_6' title="bbox 231 650 1818 721">
     <span class='ocr_line' id='line_1_6' title="bbox 231 650 1818 721; baseline 0.001 -17"><span class='ocrx_word' id='word_1_34' title='bbox 231 653 414 720; x_wconf 78' lang='lat' dir='ltr'><strong>factus</strong></span> <span class='ocrx_word' id='word_1_35' title='bbox 454 660 556 715; x_wconf 83' lang='lat' dir='ltr'><strong>est,</strong></span> <span class='ocrx_word' id='word_1_36' title='bbox 599 651 798 720; x_wconf 82' lang='lat' dir='ltr'><strong>inquit,</strong></span> <span class='ocrx_word' id='word_1_37' title='bbox 824 651 881 704; x_wconf 86' lang='lat' dir='ltr'><strong>in</strong></span> <span class='ocrx_word' id='word_1_38' title='bbox 921 650 1078 704; x_wconf 80' lang='lat' dir='ltr'><strong>corde</strong></span> <span class='ocrx_word' id='word_1_39' title='bbox 1107 667 1220 704; x_wconf 89' lang='lat' dir='ltr'><strong>meo</strong></span> <span class='ocrx_word' id='word_1_40' title='bbox 1274 651 1428 720; x_wconf 89' lang='lat' dir='ltr'><strong>quasi</strong></span> <span class='ocrx_word' id='word_1_41' title='bbox 1489 651 1629 721; x_wconf 87' lang='lat' dir='ltr'><strong>ignis</strong></span> <span class='ocrx_word' id='word_1_42' title='bbox 1677 667 1818 706; x_wconf 75' lang='lat' dir='ltr'><strong>exte-</strong></span> 
     </span>
    </p>
   </div>
   <div class='ocr_carea' id='block_1_7' title="bbox 232 742 1823 813">
    <p class='ocr_par' dir='ltr' id='par_1_7' title="bbox 232 742 1823 813">
     <span class='ocr_line' id='line_1_7' title="bbox 232 742 1823 813; baseline 0.001 -16"><span class='ocrx_word' id='word_1_43' title='bbox 232 753 426 797; x_wconf 86' lang='lat' dir='ltr'><strong>stuans</strong></span> <span class='ocrx_word' id='word_1_44' title='bbox 453 743 771 813; x_wconf 78' lang='lat' dir='ltr'><strong>claususque</strong></span> <span class='ocrx_word' id='word_1_45' title='bbox 824 745 880 798; x_wconf 80' lang='lat' dir='ltr'><strong>in</strong></span> <span class='ocrx_word' id='word_1_46' title='bbox 941 742 1156 798; x_wconf 81' lang='lat' dir='ltr'><strong>ossibus</strong></span> <span class='ocrx_word' id='word_1_47' title='bbox 1203 742 1530 809; x_wconf 86' lang='lat' dir='ltr'><strong>meis;sive</strong></span> <span class='ocrx_word' id='word_1_48' title='bbox 1584 743 1823 812; x_wconf 85' lang='lat' dir='ltr'><strong>undique</strong></span> 
     </span>
    </p>
   </div>
   <div class='ocr_carea' id='block_1_8' title="bbox 234 832 1823 904">
    <p class='ocr_par' dir='ltr' id='par_1_8' title="bbox 234 832 1823 904">
     <span class='ocr_line' id='line_1_8' title="bbox 234 832 1823 904; baseline 0.001 -17"><span class='ocrx_word' id='word_1_49' title='bbox 234 834 537 888; x_wconf 85' lang='lat' dir='ltr'><strong>dissolutus</strong></span> <span class='ocrx_word' id='word_1_50' title='bbox 567 850 712 899; x_wconf 85' lang='lat' dir='ltr'><strong>smn,</strong></span> <span class='ocrx_word' id='word_1_51' title='bbox 746 834 818 888; x_wconf 91' lang='lat' dir='ltr'><strong>ita</strong></span> <span class='ocrx_word' id='word_1_52' title='bbox 851 843 906 886; x_wconf 92' lang='lat' dir='ltr'><strong>ut</strong></span> <span class='ocrx_word' id='word_1_53' title='bbox 933 832 1074 887; x_wconf 79' lang='lat' dir='ltr'><strong>ferre</strong></span> <span class='ocrx_word' id='word_1_54' title='bbox 1102 849 1208 888; x_wconf 92' lang='lat' dir='ltr'><strong>non</strong></span> <span class='ocrx_word' id='word_1_55' title='bbox 1235 849 1480 903; x_wconf 87' lang='lat' dir='ltr'><strong>possem.</strong></span> <span class='ocrx_word' id='word_1_56' title='bbox 1512 833 1823 904; x_wconf 92' lang='lat' dir='ltr'><strong>Conceptus</strong></span> 
     </span>
    </p>
   </div>
   <div class='ocr_carea' id='block_1_9' title="bbox 233 926 1824 996">
    <p class='ocr_par' dir='ltr' id='par_1_9' title="bbox 233 926 1824 996">
     <span class='ocr_line' id='line_1_9' title="bbox 233 926 1824 996; baseline 0.003 -18"><span class='ocrx_word' id='word_1_57' title='bbox 233 927 384 979; x_wconf 85' lang='lat' dir='ltr'><strong>enim</strong></span> <span class='ocrx_word' id='word_1_58' title='bbox 411 926 594 980; x_wconf 90' lang='lat' dir='ltr'><strong>animo</strong></span> <span class='ocrx_word' id='word_1_59' title='bbox 618 943 798 981; x_wconf 90' lang='lat' dir='ltr'><strong>sermo</strong></span> <span class='ocrx_word' id='word_1_60' title='bbox 831 926 1073 992; x_wconf 84' lang='lat' dir='ltr'><strong>divinus,</strong></span> <span class='ocrx_word' id='word_1_61' title='bbox 1110 942 1210 982; x_wconf 88' lang='lat' dir='ltr'><strong>nec</strong></span> <span class='ocrx_word' id='word_1_62' title='bbox 1244 944 1340 982; x_wconf 87' lang='lat' dir='ltr'><strong>ore</strong></span> <span class='ocrx_word' id='word_1_63' title='bbox 1369 929 1637 996; x_wconf 88' lang='lat' dir='ltr'><strong>prolatus,</strong></span> <span class='ocrx_word' id='word_1_64' title='bbox 1667 928 1824 982; x_wconf 84' lang='lat' dir='ltr'><strong>ardet</strong></span> 
     </span>
    </p>
   </div>
   <div class='ocr_carea' id='block_1_10' title="bbox 234 1016 1812 1090">
    <p class='ocr_par' dir='ltr' id='par_1_10' title="bbox 234 1016 1812 1090">
     <span class='ocr_line' id='line_1_10' title="bbox 234 1016 1812 1090; baseline 0.001 -20"><span class='ocrx_word' id='word_1_65' title='bbox 234 1017 294 1070; x_wconf 90' lang='lat' dir='ltr'><strong>in</strong></span> <span class='ocrx_word' id='word_1_66' title='bbox 331 1027 572 1084; x_wconf 88' lang='lat' dir='ltr'><strong>pectore.</strong></span> <span class='ocrx_word' id='word_1_67' title='bbox 604 1016 758 1074; x_wconf 87' lang='lat' dir='ltr'><strong>Unde</strong></span> <span class='ocrx_word' id='word_1_68' title='bbox 789 1027 844 1072; x_wconf 85' lang='lat' dir='ltr'><strong>et</strong></span> <span class='ocrx_word' id='word_1_69' title='bbox 869 1018 1068 1074; x_wconf 82' lang='lat' dir='ltr'><strong>Paulus</strong></span> <span class='ocrx_word' id='word_1_70' title='bbox 1103 1020 1345 1088; x_wconf 90' lang='lat' dir='ltr'><strong>loquitur</strong></span> <span class='ocrx_word' id='word_1_71' title='bbox 1379 1035 1393 1074; x_wconf 87' lang='lat'><strong>:</strong></span> <span class='ocrx_word' id='word_1_72' title='bbox 1429 1020 1492 1074; x_wconf 84' lang='lat' dir='ltr'><strong>Si</strong></span> <span class='ocrx_word' id='word_1_73' title='bbox 1545 1020 1812 1090; x_wconf 84' lang='lat' dir='ltr'><strong>evangeli-</strong></span> 
     </span>
    </p>
   </div>
   <div class='ocr_carea' id='block_1_11' title="bbox 233 1111 1824 1181">
    <p class='ocr_par' dir='ltr' id='par_1_11' title="bbox 233 1111 1824 1181">
     <span class='ocr_line' id='line_1_11' title="bbox 233 1111 1824 1181; baseline 0.003 -22"><span class='ocrx_word' id='word_1_74' title='bbox 233 1125 464 1175; x_wconf 77' lang='lat' dir='ltr'><strong>zaaero,</strong></span> <span class='ocrx_word' id='word_1_75' title='bbox 506 1125 606 1163; x_wconf 88' lang='lat' dir='ltr'><strong>non</strong></span> <span class='ocrx_word' id='word_1_76' title='bbox 631 1120 706 1163; x_wconf 86' lang='lat' dir='ltr'><strong>est</strong></span> <span class='ocrx_word' id='word_1_77' title='bbox 755 1111 880 1163; x_wconf 83' lang='lat' dir='ltr'><strong>milii</strong></span> <span class='ocrx_word' id='word_1_78' title='bbox 909 1111 1083 1181; x_wconf 79' lang='lat' dir='ltr'><strong>gloria</strong></span> <span class='ocrx_word' id='word_1_79' title='bbox 1116 1128 1134 1166; x_wconf 90' lang='lat'><strong>:</strong></span> <span class='ocrx_word' id='word_1_80' title='bbox 1164 1114 1442 1166; x_wconf 82' lang='lat' dir='ltr'><strong>necessitas</strong></span> <span class='ocrx_word' id='word_1_81' title='bbox 1495 1115 1637 1166; x_wconf 88' lang='lat' dir='ltr'><strong>enim</strong></span> <span class='ocrx_word' id='word_1_82' title='bbox 1697 1112 1824 1164; x_wconf 83' lang='lat' dir='ltr'><strong>mihi</strong></span> 
     </span>
    </p>
   </div>
   <div class='ocr_carea' id='block_1_12' title="bbox 233 1199 1823 1276">
    <p class='ocr_par' dir='ltr' id='par_1_12' title="bbox 233 1199 1823 1276">
     <span class='ocr_line' id='line_1_12' title="bbox 233 1199 1823 1276; baseline 0.003 -24"><span class='ocrx_word' id='word_1_83' title='bbox 233 1199 519 1254; x_wconf 86' lang='lat' dir='ltr'><strong>incumbit.</strong></span> <span class='ocrx_word' id='word_1_84' title='bbox 567 1200 655 1255; x_wconf 76' lang='lat' dir='ltr'><strong>Va:</strong></span> <span class='ocrx_word' id='word_1_85' title='bbox 683 1203 822 1255; x_wconf 86' lang='lat' dir='ltr'><strong>enim</strong></span> <span class='ocrx_word' id='word_1_86' title='bbox 851 1204 980 1256; x_wconf 70' lang='lat' dir='ltr'><strong>milii</strong></span> <span class='ocrx_word' id='word_1_87' title='bbox 1005 1212 1102 1268; x_wconf 87' lang='lat' dir='ltr'><strong>est,</strong></span> <span class='ocrx_word' id='word_1_88' title='bbox 1131 1204 1238 1258; x_wconf 82' lang='lat' dir='ltr'><strong>nisi</strong></span> <span class='ocrx_word' id='word_1_89' title='bbox 1270 1206 1701 1276; x_wconf 81' lang='lat' dir='ltr'><strong>euangelizarero</strong></span> <span class='ocrx_word' id='word_1_90' title='bbox 1734 1219 1752 1266; x_wconf 88' lang='lat'><strong><em>;</em></strong></span> <span class='ocrx_word' id='word_1_91' title='bbox 1779 1205 1823 1256; x_wconf 87' lang='lat' dir='ltr'><strong>si</strong></span> 
     </span>
    </p>
   </div>
   <div class='ocr_carea' id='block_1_13' title="bbox 233 1293 1821 1364">
    <p class='ocr_par' dir='ltr' id='par_1_13' title="bbox 233 1293 1821 1364">
     <span class='ocr_line' id='line_1_13' title="bbox 233 1293 1821 1364; baseline 0.001 -17"><span class='ocrx_word' id='word_1_92' title='bbox 233 1293 381 1347; x_wconf 84' lang='lat' dir='ltr'><strong>enim</strong></span> <span class='ocrx_word' id='word_1_93' title='bbox 415 1294 589 1347; x_wconf 73' lang='lat' dir='ltr'><strong>volens</strong></span> <span class='ocrx_word' id='word_1_94' title='bbox 644 1295 739 1347; x_wconf 83' lang='lat' dir='ltr'><strong>hoc</strong></span> <span class='ocrx_word' id='word_1_95' title='bbox 769 1311 886 1364; x_wconf 85' lang='lat' dir='ltr'><strong>ago,</strong></span> <span class='ocrx_word' id='word_1_96' title='bbox 945 1297 1238 1349; x_wconf 79' lang='lat' dir='ltr'><strong>mercedem</strong></span> <span class='ocrx_word' id='word_1_97' title='bbox 1288 1295 1454 1349; x_wconf 83' lang='lat' dir='ltr'><strong>habeo</strong></span> <span class='ocrx_word' id='word_1_98' title='bbox 1491 1311 1510 1350; x_wconf 90' lang='lat'><strong>:</strong></span> <span class='ocrx_word' id='word_1_99' title='bbox 1549 1297 1594 1350; x_wconf 89' lang='lat' dir='ltr'><strong>si</strong></span> <span class='ocrx_word' id='word_1_100' title='bbox 1644 1307 1821 1349; x_wconf 87' lang='lat' dir='ltr'><strong>autem</strong></span> 
     </span>
    </p>
   </div>
   <div class='ocr_carea' id='block_1_14' title="bbox 187 1383 1822 1454">
    <p class='ocr_par' dir='ltr' id='par_1_14' title="bbox 187 1383 1822 1454">
     <span class='ocr_line' id='line_1_14' title="bbox 187 1383 1822 1454; baseline 0.006 -22"><span class='ocrx_word' id='word_1_101' title='bbox 187 1429 192 1432; x_wconf 91' lang='lat'><strong>.</strong></span> <span class='ocrx_word' id='word_1_102' title='bbox 254 1383 482 1448; x_wconf 62' lang='lat' dir='ltr'><strong>inuitus,</strong></span> <span class='ocrx_word' id='word_1_103' title='bbox 507 1385 832 1452; x_wconf 68' lang='lat' dir='ltr'><strong>dispensatio</strong></span> <span class='ocrx_word' id='word_1_104' title='bbox 870 1387 1220 1440; x_wconf 79' lang='lat' dir='ltr'><strong>titiliirredita</strong></span> <span class='ocrx_word' id='word_1_105' title='bbox 1246 1395 1319 1440; x_wconf 86' lang='lat' dir='ltr'><strong>est</strong></span> <span class='ocrx_word' id='word_1_106' title='bbox 1354 1386 1408 1454; x_wconf 84' lang='grc' dir='ltr'><strong>(Ι</strong></span> <span class='ocrx_word' id='word_1_107' title='bbox 1441 1388 1566 1442; x_wconf 82' lang='lat' dir='ltr'><strong>Cor.</strong></span> <span class='ocrx_word' id='word_1_108' title='bbox 1624 1403 1696 1453; x_wconf 75' lang='grc' dir='ltr'><strong>ιι,</strong></span> <span class='ocrx_word' id='word_1_109' title='bbox 1733 1387 1822 1454; x_wconf 78' lang='grc'><strong>16,</strong></span> 
     </span>
    </p>
   </div>
   <div class='ocr_carea' id='block_1_15' title="bbox 239 1474 1824 1543">
    <p class='ocr_par' dir='ltr' id='par_1_15' title="bbox 239 1474 1824 1543">
     <span class='ocr_line' id='line_1_15' title="bbox 239 1474 1824 1543; baseline 0.005 -16"><span class='ocrx_word' id='word_1_110' title='bbox 239 1474 356 1543; x_wconf 72' lang='grc'><strong>17).</strong></span> <span class='ocrx_word' id='word_1_111' title='bbox 393 1476 457 1529; x_wconf 85' lang='grc' dir='ltr'><strong>Ει</strong></span> <span class='ocrx_word' id='word_1_112' title='bbox 489 1474 543 1528; x_wconf 90' lang='lat' dir='ltr'><strong>in</strong></span> <span class='ocrx_word' id='word_1_113' title='bbox 563 1475 794 1530; x_wconf 81' lang='lat' dir='ltr'><strong>Athenis</strong></span> <span class='ocrx_word' id='word_1_114' title='bbox 828 1477 1018 1532; x_wconf 85' lang='lat' dir='ltr'><strong>videns</strong></span> <span class='ocrx_word' id='word_1_115' title='bbox 1048 1478 1373 1533; x_wconf 67' lang='lat' dir='ltr'><strong>idololatriae</strong></span> <span class='ocrx_word' id='word_1_116' title='bbox 1401 1480 1647 1534; x_wconf 84' lang='lat' dir='ltr'><strong>deditam</strong></span> <span class='ocrx_word' id='word_1_117' title='bbox 1687 1483 1824 1535; x_wconf 84' lang='lat' dir='ltr'><strong>civi-</strong></span> 
     </span>
    </p>
   </div>
   <div class='ocr_carea' id='block_1_16' title="bbox 245 1567 1826 1642">
    <p class='ocr_par' dir='ltr' id='par_1_16' title="bbox 245 1567 1826 1642">
     <span class='ocr_line' id='line_1_16' title="bbox 245 1567 1826 1642; baseline 0.006 -24"><span class='ocrx_word' id='word_1_118' title='bbox 245 1576 444 1629; x_wconf 87' lang='lat' dir='ltr'><strong>tatem,</strong></span> <span class='ocrx_word' id='word_1_119' title='bbox 486 1567 816 1622; x_wconf 77' lang='lat' dir='ltr'><strong>incitabatur</strong></span> <span class='ocrx_word' id='word_1_120' title='bbox 873 1567 982 1638; x_wconf 80' lang='grc' dir='ltr'><strong>[ΑΙ.</strong></span> <span class='ocrx_word' id='word_1_121' title='bbox 1034 1568 1336 1642; x_wconf 80' lang='lat' dir='ltr'><strong>incitatur]</strong></span> <span class='ocrx_word' id='word_1_122' title='bbox 1369 1572 1583 1639; x_wconf 83' lang='lat' dir='ltr'><strong>spiritu,</strong></span> <span class='ocrx_word' id='word_1_123' title='bbox 1620 1581 1673 1627; x_wconf 87' lang='lat' dir='ltr'><strong>et</strong></span> <span class='ocrx_word' id='word_1_124' title='bbox 1712 1580 1826 1627; x_wconf 85' lang='lat' dir='ltr'><strong>tota</strong></span> 
     </span>
    </p>
   </div>
   <div class='ocr_carea' id='block_1_17' title="bbox 240 1659 1825 1734">
    <p class='ocr_par' dir='ltr' id='par_1_17' title="bbox 240 1659 1825 1734">
     <span class='ocr_line' id='line_1_17' title="bbox 240 1659 1825 1734; baseline 0.004 -20"><span class='ocrx_word' id='word_1_125' title='bbox 240 1669 428 1714; x_wconf 88' lang='lat' dir='ltr'><strong>mente</strong></span> <span class='ocrx_word' id='word_1_126' title='bbox 486 1659 733 1714; x_wconf 77' lang='lat' dir='ltr'><strong>fervebat</strong></span> <span class='ocrx_word' id='word_1_127' title='bbox 764 1662 781 1731; x_wconf 93' lang='lat'><strong>(</strong></span> <span class='ocrx_word' id='word_1_128' title='bbox 809 1663 924 1716; x_wconf 69' lang='lat' dir='ltr'><strong>Act.</strong></span> <span class='ocrx_word' id='word_1_129' title='bbox 964 1665 1124 1732; x_wconf 75' lang='lat' dir='ltr'><strong>xui).</strong></span> <span class='ocrx_word' id='word_1_130' title='bbox 1163 1662 1230 1716; x_wconf 88' lang='lat' dir='ltr'><strong>Et</strong></span> <span class='ocrx_word' id='word_1_131' title='bbox 1281 1673 1402 1734; x_wconf 73' lang='lat' dir='ltr'><strong>poat</strong></span> <span class='ocrx_word' id='word_1_132' title='bbox 1460 1665 1732 1720; x_wconf 83' lang='lat' dir='ltr'><strong>modicum</strong></span> <span class='ocrx_word' id='word_1_133' title='bbox 1771 1667 1825 1721; x_wconf 92' lang='lat' dir='ltr'><strong>in</strong></span> 
     </span>
    </p>
   </div>
   <div class='ocr_carea' id='block_1_18' title="bbox 238 1752 1823 1823">
    <p class='ocr_par' dir='ltr' id='par_1_18' title="bbox 238 1752 1823 1823">
     <span class='ocr_line' id='line_1_18' title="bbox 238 1752 1823 1823; baseline 0.005 -19"><span class='ocrx_word' id='word_1_134' title='bbox 238 1752 437 1806; x_wconf 88' lang='lat' dir='ltr'><strong>eodem</strong></span> <span class='ocrx_word' id='word_1_135' title='bbox 494 1753 770 1807; x_wconf 79' lang='lat' dir='ltr'><strong>volumine</strong></span> <span class='ocrx_word' id='word_1_136' title='bbox 830 1752 1108 1823; x_wconf 76' lang='lat' dir='ltr'><strong>legimus:</strong></span> <span class='ocrx_word' id='word_1_137' title='bbox 1152 1754 1286 1809; x_wconf 85' lang='lat' dir='ltr'><strong>Cum</strong></span> <span class='ocrx_word' id='word_1_138' title='bbox 1343 1758 1607 1812; x_wconf 72' lang='lat' dir='ltr'><strong>uenissent</strong></span> <span class='ocrx_word' id='word_1_139' title='bbox 1647 1768 1823 1812; x_wconf 79' lang='lat' dir='ltr'><strong>autent</strong></span> 
     </span>
    </p>
   </div>
   <div class='ocr_carea' id='block_1_19' title="bbox 238 1843 1822 1911">
    <p class='ocr_par' dir='ltr' id='par_1_19' title="bbox 238 1843 1822 1911">
     <span class='ocr_line' id='line_1_19' title="bbox 238 1843 1822 1911; baseline 0.006 -15"><span class='ocrx_word' id='word_1_140' title='bbox 238 1845 306 1898; x_wconf 83' lang='lat' dir='ltr'><strong>de</strong></span> <span class='ocrx_word' id='word_1_141' title='bbox 343 1843 663 1898; x_wconf 77' lang='lat' dir='ltr'><strong>Macedonia</strong></span> <span class='ocrx_word' id='word_1_142' title='bbox 710 1844 853 1898; x_wconf 79' lang='lat' dir='ltr'><strong>Silus</strong></span> <span class='ocrx_word' id='word_1_143' title='bbox 907 1855 955 1900; x_wconf 89' lang='lat' dir='ltr'><strong>et</strong></span> <span class='ocrx_word' id='word_1_144' title='bbox 995 1846 1316 1911; x_wconf 76' lang='lat' dir='ltr'><strong>Timotheus,</strong></span> <span class='ocrx_word' id='word_1_145' title='bbox 1377 1849 1610 1904; x_wconf 81' lang='lat' dir='ltr'><strong>instabat</strong></span> <span class='ocrx_word' id='word_1_146' title='bbox 1669 1851 1822 1905; x_wconf 70' lang='lat' dir='ltr'><strong>verbo</strong></span> 
     </span>
    </p>
   </div>
   <div class='ocr_carea' id='block_1_20' title="bbox 242 1933 1822 2005">
    <p class='ocr_par' dir='ltr' id='par_1_20' title="bbox 242 1933 1822 2005">
     <span class='ocr_line' id='line_1_20' title="bbox 242 1933 1822 2005; baseline 0.005 -17"><span class='ocrx_word' id='word_1_147' title='bbox 242 1933 479 2002; x_wconf 79' lang='lat' dir='ltr'><strong>Paulus,</strong></span> <span class='ocrx_word' id='word_1_148' title='bbox 547 1937 836 2005; x_wconf 80' lang='lat' dir='ltr'><strong>testiﬁcans</strong></span> <span class='ocrx_word' id='word_1_149' title='bbox 904 1936 1116 1992; x_wconf 67' lang='lat' dir='ltr'><strong>Iudicis</strong></span> <span class='ocrx_word' id='word_1_150' title='bbox 1162 1956 1273 1994; x_wconf 86' lang='lat' dir='ltr'><strong>esse</strong></span> <span class='ocrx_word' id='word_1_151' title='bbox 1335 1940 1608 1995; x_wconf 74' lang='lat' dir='ltr'><strong>Christum</strong></span> <span class='ocrx_word' id='word_1_152' title='bbox 1639 1940 1822 1996; x_wconf 77' lang='lat' dir='ltr'><strong>Iesum</strong></span> 
     </span>
    </p>
   </div>
   <div class='ocr_carea' id='block_1_21' title="bbox 242 2028 1827 2101">
    <p class='ocr_par' dir='ltr' id='par_1_21' title="bbox 242 2028 1827 2101">
     <span class='ocr_line' id='line_1_21' title="bbox 242 2028 1827 2101; baseline 0.007 -21"><span class='ocrx_word' id='word_1_153' title='bbox 242 2028 390 2098; x_wconf 74' lang='lat' dir='ltr'><strong>(Act.</strong></span> <span class='ocrx_word' id='word_1_154' title='bbox 433 2042 614 2091; x_wconf 80' lang='lat' dir='ltr'><strong>xvnn,</strong></span> <span class='ocrx_word' id='word_1_155' title='bbox 639 2029 714 2098; x_wconf 86' lang='lat'><strong>5).</strong></span> <span class='ocrx_word' id='word_1_156' title='bbox 749 2029 856 2083; x_wconf 89' lang='lat' dir='ltr'><strong>Sed</strong></span> <span class='ocrx_word' id='word_1_157' title='bbox 883 2041 938 2087; x_wconf 89' lang='lat' dir='ltr'><strong>et</strong></span> <span class='ocrx_word' id='word_1_158' title='bbox 962 2031 1208 2101; x_wconf 88' lang='lat' dir='ltr'><strong>plerique</strong></span> <span class='ocrx_word' id='word_1_159' title='bbox 1238 2033 1521 2088; x_wconf 87' lang='lat' dir='ltr'><strong>doctorum</strong></span> <span class='ocrx_word' id='word_1_160' title='bbox 1555 2036 1606 2088; x_wconf 91' lang='lat' dir='ltr'><strong>in</strong></span> <span class='ocrx_word' id='word_1_161' title='bbox 1638 2034 1827 2091; x_wconf 80' lang='lat' dir='ltr'><strong>Eccle-</strong></span> 
     </span>
    </p>
   </div>
   <div class='ocr_carea' id='block_1_22' title="bbox 241 2123 1827 2192">
    <p class='ocr_par' dir='ltr' id='par_1_22' title="bbox 241 2123 1827 2192">
     <span class='ocr_line' id='line_1_22' title="bbox 241 2123 1827 2192; baseline 0.004 -16"><span class='ocrx_word' id='word_1_162' title='bbox 241 2123 325 2177; x_wconf 85' lang='lat' dir='ltr'><strong>sia</strong></span> <span class='ocrx_word' id='word_1_163' title='bbox 358 2139 526 2192; x_wconf 91' lang='lat' dir='ltr'><strong>usque</strong></span> <span class='ocrx_word' id='word_1_164' title='bbox 556 2124 714 2178; x_wconf 81' lang='lat' dir='ltr'><strong>hodie</strong></span> <span class='ocrx_word' id='word_1_165' title='bbox 749 2124 950 2179; x_wconf 82' lang='lat' dir='ltr'><strong>similia</strong></span> <span class='ocrx_word' id='word_1_166' title='bbox 1005 2125 1300 2192; x_wconf 87' lang='lat' dir='ltr'><strong>sustinent,</strong></span> <span class='ocrx_word' id='word_1_167' title='bbox 1343 2129 1628 2182; x_wconf 83' lang='lat' dir='ltr'><strong>audientes</strong></span> <span class='ocrx_word' id='word_1_168' title='bbox 1681 2129 1827 2183; x_wconf 82' lang='lat' dir='ltr'><strong>vitu-</strong></span> 
     </span>
    </p>
   </div>
   <div class='ocr_carea' id='block_1_23' title="bbox 243 2219 1824 2293">
    <p class='ocr_par' dir='ltr' id='par_1_23' title="bbox 243 2219 1824 2293">
     <span class='ocr_line' id='line_1_23' title="bbox 243 2219 1824 2293; baseline 0.004 -23"><span class='ocrx_word' id='word_1_169' title='bbox 243 2219 584 2285; x_wconf 82' lang='lat' dir='ltr'><strong>perationem</strong></span> <span class='ocrx_word' id='word_1_170' title='bbox 638 2219 928 2271; x_wconf 86' lang='lat' dir='ltr'><strong>mullorum</strong></span> <span class='ocrx_word' id='word_1_171' title='bbox 1004 2232 1460 2293; x_wconf 73' lang='lat' dir='ltr'><strong>congregatarum</strong></span> <span class='ocrx_word' id='word_1_172' title='bbox 1531 2223 1824 2276; x_wconf 85' lang='lat' dir='ltr'><strong>adversum</strong></span> 
     </span>
    </p>
   </div>
   <div class='ocr_carea' id='block_1_24' title="bbox 243 2309 1856 2383">
    <p class='ocr_par' dir='ltr' id='par_1_24' title="bbox 243 2309 1856 2383">
     <span class='ocr_line' id='line_1_24' title="bbox 243 2309 1856 2383; baseline 0.004 -20"><span class='ocrx_word' id='word_1_173' title='bbox 243 2323 304 2363; x_wconf 83' lang='lat' dir='ltr'><strong>se</strong></span> <span class='ocrx_word' id='word_1_174' title='bbox 340 2309 393 2364; x_wconf 85' lang='lat' dir='ltr'><strong>iii</strong></span> <span class='ocrx_word' id='word_1_175' title='bbox 426 2311 681 2373; x_wconf 88' lang='lat' dir='ltr'><strong>circuitu,</strong></span> <span class='ocrx_word' id='word_1_176' title='bbox 738 2320 900 2380; x_wconf 88' lang='lat' dir='ltr'><strong>atque</strong></span> <span class='ocrx_word' id='word_1_177' title='bbox 933 2312 1226 2369; x_wconf 84' lang='lat' dir='ltr'><strong>dicentium</strong></span> <span class='ocrx_word' id='word_1_178' title='bbox 1255 2330 1272 2372; x_wconf 82' lang='lat'><strong>;</strong></span> <span class='ocrx_word' id='word_1_179' title='bbox 1310 2313 1721 2383; x_wconf 80' lang='lat' dir='ltr'><strong>l’ersequimini,</strong></span> <span class='ocrx_word' id='word_1_180' title='bbox 1772 2324 1822 2369; x_wconf 83' lang='lat' dir='ltr'><strong>et</strong></span> <span class='ocrx_word' id='word_1_181' title='bbox 1853 2375 1856 2378; x_wconf 45' lang='grc'><strong><em>,</em></strong></span> 
     </span>
    </p>
   </div>
   <div class='ocr_carea' id='block_1_25' title="bbox 243 2418 752 2472">
    <p class='ocr_par' dir='ltr' id='par_1_25' title="bbox 243 2418 752 2472">
     <span class='ocr_line' id='line_1_25' title="bbox 243 2418 752 2472; baseline 0.002 -15"><span class='ocrx_word' id='word_1_182' title='bbox 243 2418 624 2472; x_wconf 84' lang='lat' dir='ltr'><strong>persequamur</strong></span> <span class='ocrx_word' id='word_1_183' title='bbox 644 2419 752 2458; x_wconf 82' lang='lat' dir='ltr'><strong>eos.</strong></span> 
     </span>
    </p>
   </div>
   <div class='ocr_carea' id='block_1_26' title="bbox 319 2492 1825 2571">
    <p class='ocr_par' dir='ltr' id='par_1_26' title="bbox 319 2492 1825 2571">
     <span class='ocr_line' id='line_1_26' title="bbox 319 2492 1825 2571; baseline 0.005 -26"><span class='ocrx_word' id='word_1_184' title='bbox 319 2492 500 2563; x_wconf 85' lang='lat' dir='ltr'><strong>(Vers.</strong></span> <span class='ocrx_word' id='word_1_185' title='bbox 533 2495 644 2564; x_wconf 82' lang='grc' dir='ltr'><strong>Η.)</strong></span> <span class='ocrx_word' id='word_1_186' title='bbox 683 2514 700 2546; x_wconf 87' lang='grc'><em>‹</em></span> <span class='ocrx_word' id='word_1_187' title='bbox 729 2495 932 2551; x_wconf 85' lang='lat' dir='ltr'><strong>Omnes</strong></span> <span class='ocrx_word' id='word_1_188' title='bbox 961 2495 1101 2569; x_wconf 89' lang='lat' dir='ltr'><strong>viri[</strong></span> <span class='ocrx_word' id='word_1_189' title='bbox 1133 2497 1223 2551; x_wconf 85' lang='grc' dir='ltr'><strong>ΑΙ.</strong></span> <span class='ocrx_word' id='word_1_190' title='bbox 1243 2497 1323 2552; x_wconf 78' lang='lat' dir='ltr'><strong>Ali</strong></span> <span class='ocrx_word' id='word_1_191' title='bbox 1352 2497 1604 2552; x_wconf 88' lang='lat' dir='ltr'><strong>omnibus</strong></span> <span class='ocrx_word' id='word_1_192' title='bbox 1642 2496 1825 2571; x_wconf 74' lang='lat' dir='ltr'><strong>viris],</strong></span> 
     </span>
    </p>
   </div>
   <div class='ocr_carea' id='block_1_27' title="bbox 245 2589 1829 2664">
    <p class='ocr_par' dir='ltr' id='par_1_27' title="bbox 245 2589 1829 2664">
     <span class='ocr_line' id='line_1_27' title="bbox 245 2589 1829 2664; baseline 0.006 -24"><span class='ocrx_word' id='word_1_193' title='bbox 245 2589 342 2655; x_wconf 89' lang='lat' dir='ltr'><strong>qui</strong></span> <span class='ocrx_word' id='word_1_194' title='bbox 377 2597 529 2643; x_wconf 88' lang='lat' dir='ltr'><strong>erant</strong></span> <span class='ocrx_word' id='word_1_195' title='bbox 577 2589 789 2658; x_wconf 82' lang='lat' dir='ltr'><strong>paciﬁci</strong></span> <span class='ocrx_word' id='word_1_196' title='bbox 819 2593 924 2647; x_wconf 90' lang='lat' dir='ltr'><strong>mei</strong></span> <span class='ocrx_word' id='word_1_197' title='bbox 948 2590 1060 2664; x_wconf 80' lang='grc' dir='ltr'><strong>[ΑΙ.</strong></span> <span class='ocrx_word' id='word_1_198' title='bbox 1093 2591 1249 2664; x_wconf 86' lang='lat' dir='ltr'><strong>milii]</strong></span> <span class='ocrx_word' id='word_1_199' title='bbox 1283 2633 1299 2658; x_wconf 89' lang='lat'><strong>,</strong></span> <span class='ocrx_word' id='word_1_200' title='bbox 1337 2604 1394 2649; x_wconf 88' lang='lat' dir='ltr'><strong>et</strong></span> <span class='ocrx_word' id='word_1_201' title='bbox 1447 2595 1829 2650; x_wconf 83' lang='lat' dir='ltr'><strong>custodientes</strong></span> 
     </span>
    </p>
   </div>
   <div class='ocr_carea' id='block_1_28' title="bbox 241 2681 1830 2756">
    <p class='ocr_par' dir='ltr' id='par_1_28' title="bbox 241 2681 1830 2756">
     <span class='ocr_line' id='line_1_28' title="bbox 241 2681 1830 2756; baseline 0.003 -21"><span class='ocrx_word' id='word_1_202' title='bbox 241 2681 392 2736; x_wconf 85' lang='lat' dir='ltr'><strong>latus</strong></span> <span class='ocrx_word' id='word_1_203' title='bbox 427 2697 608 2736; x_wconf 85' lang='lat' dir='ltr'><strong>meum</strong></span> <span class='ocrx_word' id='word_1_204' title='bbox 639 2698 656 2738; x_wconf 85' lang='lat'><strong>:</strong></span> <span class='ocrx_word' id='word_1_205' title='bbox 699 2682 745 2738; x_wconf 87' lang='lat' dir='ltr'><strong>si</strong></span> <span class='ocrx_word' id='word_1_206' title='bbox 775 2684 1050 2753; x_wconf 87' lang='lat' dir='ltr'><strong>quomodo</strong></span> <span class='ocrx_word' id='word_1_207' title='bbox 1086 2685 1410 2756; x_wconf 85' lang='lat' dir='ltr'><strong>decipiatur,</strong></span> <span class='ocrx_word' id='word_1_208' title='bbox 1441 2698 1496 2740; x_wconf 90' lang='lat' dir='ltr'><strong>et</strong></span> <span class='ocrx_word' id='word_1_209' title='bbox 1527 2687 1830 2754; x_wconf 66' lang='lat' dir='ltr'><strong>praevalea-</strong></span> 
     </span>
    </p>
   </div>
   <div class='ocr_carea' id='block_1_29' title="bbox 249 2773 1829 2850">
    <p class='ocr_par' dir='ltr' id='par_1_29' title="bbox 249 2773 1829 2850">
     <span class='ocr_line' id='line_1_29' title="bbox 249 2773 1829 2850; baseline 0.004 -23"><span class='ocrx_word' id='word_1_210' title='bbox 249 2787 375 2828; x_wconf 88' lang='lat' dir='ltr'><strong>mus</strong></span> <span class='ocrx_word' id='word_1_211' title='bbox 400 2773 690 2828; x_wconf 81' lang='lat' dir='ltr'><strong>adversum</strong></span> <span class='ocrx_word' id='word_1_212' title='bbox 739 2790 885 2842; x_wconf 89' lang='lat' dir='ltr'><strong>eum,</strong></span> <span class='ocrx_word' id='word_1_213' title='bbox 925 2784 980 2831; x_wconf 90' lang='lat' dir='ltr'><strong>et</strong></span> <span class='ocrx_word' id='word_1_214' title='bbox 1010 2791 1412 2850; x_wconf 76' lang='lat' dir='ltr'><strong>consequamur</strong></span> <span class='ocrx_word' id='word_1_215' title='bbox 1463 2777 1726 2833; x_wconf 90' lang='lat' dir='ltr'><strong>ultionem</strong></span> <span class='ocrx_word' id='word_1_216' title='bbox 1761 2794 1829 2834; x_wconf 83' lang='lat' dir='ltr'><strong>ex</strong></span> 
     </span>
    </p>
   </div>
   <div class='ocr_carea' id='block_1_30' title="bbox 245 2865 1828 2937">
    <p class='ocr_par' dir='ltr' id='par_1_30' title="bbox 245 2865 1828 2937">
     <span class='ocr_line' id='line_1_30' title="bbox 245 2865 1828 2937; baseline 0.001 -17"><span class='ocrx_word' id='word_1_217' title='bbox 245 2881 336 2920; x_wconf 88' lang='lat' dir='ltr'><strong>eo.</strong></span> <span class='ocrx_word' id='word_1_218' title='bbox 376 2865 639 2922; x_wconf 88' lang='lat' dir='ltr'><strong>Dominus</strong></span> <span class='ocrx_word' id='word_1_219' title='bbox 667 2878 851 2922; x_wconf 88' lang='lat' dir='ltr'><strong>autem</strong></span> <span class='ocrx_word' id='word_1_220' title='bbox 891 2884 1103 2923; x_wconf 87' lang='lat' dir='ltr'><strong>mecum</strong></span> <span class='ocrx_word' id='word_1_221' title='bbox 1141 2877 1225 2922; x_wconf 91' lang='lat' dir='ltr'><strong>est</strong></span> <span class='ocrx_word' id='word_1_222' title='bbox 1251 2868 1404 2937; x_wconf 84' lang='lat' dir='ltr'><strong>quasi</strong></span> <span class='ocrx_word' id='word_1_223' title='bbox 1455 2869 1685 2924; x_wconf 87' lang='lat' dir='ltr'><strong>bellator</strong></span> <span class='ocrx_word' id='word_1_224' title='bbox 1714 2869 1828 2924; x_wconf 78' lang='lat' dir='ltr'><strong>for-</strong></span> 
     </span>
    </p>
   </div>
   <div class='ocr_carea' id='block_1_31' title="bbox 247 2959 1828 3035">
    <p class='ocr_par' dir='ltr' id='par_1_31' title="bbox 247 2959 1828 3035">
     <span class='ocr_line' id='line_1_31' title="bbox 247 2959 1828 3035; baseline 0.004 -23"><span class='ocrx_word' id='word_1_225' title='bbox 247 2960 340 3012; x_wconf 89' lang='lat' dir='ltr'><strong>tis.</strong></span> <span class='ocrx_word' id='word_1_226' title='bbox 386 2977 405 3009; x_wconf 77' lang='grc'><strong>»</strong></span> <span class='ocrx_word' id='word_1_227' title='bbox 443 2959 578 3012; x_wconf 92' lang='lat' dir='ltr'><strong>Cum</strong></span> <span class='ocrx_word' id='word_1_228' title='bbox 625 2960 924 3014; x_wconf 85' lang='lat' dir='ltr'><strong>adversarii</strong></span> <span class='ocrx_word' id='word_1_229' title='bbox 949 2961 1315 3026; x_wconf 79' lang='lat' dir='ltr'><strong>surrexerint,</strong></span> <span class='ocrx_word' id='word_1_230' title='bbox 1347 2971 1402 3016; x_wconf 90' lang='lat' dir='ltr'><strong>et</strong></span> <span class='ocrx_word' id='word_1_231' title='bbox 1436 2964 1597 3017; x_wconf 87' lang='lat' dir='ltr'><strong>amici</strong></span> <span class='ocrx_word' id='word_1_232' title='bbox 1650 2980 1828 3035; x_wconf 81' lang='lat' dir='ltr'><strong>quatt-</strong></span> 
     </span>
    </p>
   </div>
   <div class='ocr_carea' id='block_1_32' title="bbox 249 3051 1826 3128">
    <p class='ocr_par' dir='ltr' id='par_1_32' title="bbox 249 3051 1826 3128">
     <span class='ocr_line' id='line_1_32' title="bbox 249 3051 1826 3128; baseline 0.004 -25"><span class='ocrx_word' id='word_1_233' title='bbox 249 3052 376 3103; x_wconf 88' lang='lat' dir='ltr'><strong>dam</strong></span> <span class='ocrx_word' id='word_1_234' title='bbox 411 3061 573 3120; x_wconf 88' lang='lat' dir='ltr'><strong>atque</strong></span> <span class='ocrx_word' id='word_1_235' title='bbox 605 3051 814 3120; x_wconf 78' lang='lat' dir='ltr'><strong>paciﬁci</strong></span> <span class='ocrx_word' id='word_1_236' title='bbox 875 3051 1078 3128; x_wconf 83' lang='lat' dir='ltr'><strong>fuerint</strong></span> <span class='ocrx_word' id='word_1_237' title='bbox 1112 3053 1178 3107; x_wconf 89' lang='lat' dir='ltr'><strong>ad</strong></span> <span class='ocrx_word' id='word_1_238' title='bbox 1234 3053 1374 3108; x_wconf 90' lang='lat' dir='ltr'><strong>bella</strong></span> <span class='ocrx_word' id='word_1_239' title='bbox 1403 3055 1674 3119; x_wconf 78' lang='lat' dir='ltr'><strong>conversi,</strong></span> <span class='ocrx_word' id='word_1_240' title='bbox 1728 3070 1826 3112; x_wconf 89' lang='lat' dir='ltr'><strong>vo-</strong></span> 
     </span>
    </p>
   </div>
   <div class='ocr_carea' id='block_1_33' title="bbox 1926 557 3498 630">
    <p class='ocr_par' dir='ltr' id='par_1_33' title="bbox 1926 557 3498 630">
     <span class='ocr_line' id='line_1_33' title="bbox 1926 557 3498 630; baseline 0.004 -20"><span class='ocrx_word' id='word_1_241' title='bbox 1926 566 2279 626; x_wconf 82' lang='lat' dir='ltr'><strong>pugnatorem</strong></span> <span class='ocrx_word' id='word_1_242' title='bbox 2307 557 2511 612; x_wconf 86' lang='lat' dir='ltr'><strong>habere</strong></span> <span class='ocrx_word' id='word_1_243' title='bbox 2543 557 2734 624; x_wconf 88' lang='lat' dir='ltr'><strong>Deum,</strong></span> <span class='ocrx_word' id='word_1_244' title='bbox 2775 567 2952 614; x_wconf 90' lang='lat' dir='ltr'><strong>tamen</strong></span> <span class='ocrx_word' id='word_1_245' title='bbox 3001 560 3344 630; x_wconf 76' lang='lat' dir='ltr'><strong>impatientia</strong></span> <span class='ocrx_word' id='word_1_246' title='bbox 3385 562 3498 617; x_wconf 79' lang='lat' dir='ltr'><strong>tra-</strong></span> 
     </span>
    </p>
   </div>
   <div class='ocr_carea' id='block_1_34' title="bbox 1924 649 3500 726">
    <p class='ocr_par' dir='ltr' id='par_1_34' title="bbox 1924 649 3500 726">
     <span class='ocr_line' id='line_1_34' title="bbox 1924 649 3500 726; baseline 0.006 -26"><span class='ocrx_word' id='word_1_247' title='bbox 1924 649 2148 718; x_wconf 76' lang='lat' dir='ltr'><strong>gilitatis</strong></span> <span class='ocrx_word' id='word_1_248' title='bbox 2187 651 2455 715; x_wconf 67' lang='lat' dir='ltr'><strong>humanae,</strong></span> <span class='ocrx_word' id='word_1_249' title='bbox 2509 650 2656 717; x_wconf 88' lang='lat' dir='ltr'><strong>quod</strong></span> <span class='ocrx_word' id='word_1_250' title='bbox 2693 651 2845 706; x_wconf 91' lang='lat' dir='ltr'><strong>novit</strong></span> <span class='ocrx_word' id='word_1_251' title='bbox 2877 666 2999 707; x_wconf 88' lang='lat' dir='ltr'><strong>esse</strong></span> <span class='ocrx_word' id='word_1_252' title='bbox 3046 663 3360 719; x_wconf 83' lang='lat' dir='ltr'><strong>venturum,</strong></span> <span class='ocrx_word' id='word_1_253' title='bbox 3387 655 3500 726; x_wconf 86' lang='lat' dir='ltr'><strong>jam</strong></span> 
     </span>
    </p>
   </div>
   <div class='ocr_carea' id='block_1_35' title="bbox 1925 742 3503 802">
    <p class='ocr_par' dir='ltr' id='par_1_35' title="bbox 1925 742 3503 802">
     <span class='ocr_line' id='line_1_35' title="bbox 1925 742 3503 802; baseline 0.003 -7"><span class='ocrx_word' id='word_1_254' title='bbox 1925 755 2070 796; x_wconf 88' lang='lat' dir='ltr'><strong>nunc</strong></span> <span class='ocrx_word' id='word_1_255' title='bbox 2127 743 2315 796; x_wconf 89' lang='lat' dir='ltr'><strong>videre</strong></span> <span class='ocrx_word' id='word_1_256' title='bbox 2378 742 2678 797; x_wconf 85' lang='lat' dir='ltr'><strong>desiderat.</strong></span> <span class='ocrx_word' id='word_1_257' title='bbox 2719 743 2815 798; x_wconf 90' lang='lat' dir='ltr'><strong>Cui</strong></span> <span class='ocrx_word' id='word_1_258' title='bbox 2871 754 2926 798; x_wconf 91' lang='lat' dir='ltr'><strong>et</strong></span> <span class='ocrx_word' id='word_1_259' title='bbox 2970 746 3231 799; x_wconf 86' lang='lat' dir='ltr'><strong>revelavit</strong></span> <span class='ocrx_word' id='word_1_260' title='bbox 3277 761 3503 802; x_wconf 84' lang='lat' dir='ltr'><strong>causam</strong></span> 
     </span>
    </p>
   </div>
   <div class='ocr_carea' id='block_1_36' title="bbox 1923 832 3506 909">
    <p class='ocr_par' dir='ltr' id='par_1_36' title="bbox 1923 832 3506 909">
     <span class='ocr_line' id='line_1_36' title="bbox 1923 832 3506 909; baseline 0.003 -24"><span class='ocrx_word' id='word_1_261' title='bbox 1923 845 2098 895; x_wconf 88' lang='lat' dir='ltr'><strong>suam,</strong></span> <span class='ocrx_word' id='word_1_262' title='bbox 2122 832 2212 900; x_wconf 86' lang='lat' dir='ltr'><strong>qui</strong></span> <span class='ocrx_word' id='word_1_263' title='bbox 2241 832 2374 884; x_wconf 92' lang='lat' dir='ltr'><strong>dicit</strong></span> <span class='ocrx_word' id='word_1_264' title='bbox 2409 834 2462 886; x_wconf 90' lang='lat' dir='ltr'><strong>in</strong></span> <span class='ocrx_word' id='word_1_265' title='bbox 2491 833 2601 886; x_wconf 84' lang='lat' dir='ltr'><strong>alio</strong></span> <span class='ocrx_word' id='word_1_266' title='bbox 2642 835 2760 887; x_wconf 86' lang='lat' dir='ltr'><strong>loco</strong></span> <span class='ocrx_word' id='word_1_267' title='bbox 2793 850 2810 887; x_wconf 89' lang='lat'><strong>:</strong></span> <span class='ocrx_word' id='word_1_268' title='bbox 2844 833 2972 888; x_wconf 78' lang='lat' dir='ltr'><strong>Mihi</strong></span> <span class='ocrx_word' id='word_1_269' title='bbox 2995 836 3304 898; x_wconf 82' lang='lat' dir='ltr'><strong>vindictam,</strong></span> <span class='ocrx_word' id='word_1_270' title='bbox 3329 846 3380 891; x_wconf 88' lang='lat' dir='ltr'><strong>et</strong></span> <span class='ocrx_word' id='word_1_271' title='bbox 3413 853 3506 909; x_wconf 82' lang='lat' dir='ltr'><strong>ego</strong></span> 
     </span>
    </p>
   </div>
   <div class='ocr_carea' id='block_1_37' title="bbox 1926 923 3503 994">
    <p class='ocr_par' dir='ltr' id='par_1_37' title="bbox 1926 923 3503 994">
     <span class='ocr_line' id='line_1_37' title="bbox 1926 923 3503 994; baseline 0.005 -19"><span class='ocrx_word' id='word_1_272' title='bbox 1926 923 2242 989; x_wconf 80' lang='lat' dir='ltr'><strong>retribuam,</strong></span> <span class='ocrx_word' id='word_1_273' title='bbox 2269 923 2398 977; x_wconf 87' lang='lat' dir='ltr'><strong>dicit</strong></span> <span class='ocrx_word' id='word_1_274' title='bbox 2419 923 2678 978; x_wconf 85' lang='lat' dir='ltr'><strong>Dominus</strong></span> <span class='ocrx_word' id='word_1_275' title='bbox 2711 924 2892 993; x_wconf 77' lang='lat' dir='ltr'><strong>(Deut.</strong></span> <span class='ocrx_word' id='word_1_276' title='bbox 2917 941 3088 990; x_wconf 72' lang='lat' dir='ltr'><strong>xuii,</strong></span> <span class='ocrx_word' id='word_1_277' title='bbox 3119 927 3222 994; x_wconf 77' lang='lat'><strong>35;</strong></span> <span class='ocrx_word' id='word_1_278' title='bbox 3254 930 3416 984; x_wconf 83' lang='lat' dir='ltr'><strong>Hebr.</strong></span> <span class='ocrx_word' id='word_1_279' title='bbox 3449 946 3503 993; x_wconf 70' lang='grc' dir='ltr'><strong>κ,</strong></span> 
     </span>
    </p>
   </div>
   <div class='ocr_carea' id='block_1_38' title="bbox 1925 1013 3508 1086">
    <p class='ocr_par' dir='ltr' id='par_1_38' title="bbox 1925 1013 3508 1086">
     <span class='ocr_line' id='line_1_38' title="bbox 1925 1013 3508 1086; baseline 0.003 -18"><span class='ocrx_word' id='word_1_280' title='bbox 1925 1015 2017 1084; x_wconf 76' lang='grc'><strong>30)</strong></span> <span class='ocrx_word' id='word_1_281' title='bbox 2048 1054 2061 1069; x_wconf 94' lang='grc'><strong>.</strong></span> <span class='ocrx_word' id='word_1_282' title='bbox 2093 1013 2240 1068; x_wconf 70' lang='lat' dir='ltr'><strong>Felix</strong></span> <span class='ocrx_word' id='word_1_283' title='bbox 2299 1026 2480 1068; x_wconf 78' lang='lat' dir='ltr'><strong>autem</strong></span> <span class='ocrx_word' id='word_1_284' title='bbox 2515 1016 2882 1080; x_wconf 84' lang='lat' dir='ltr'><strong>conscientia,</strong></span> <span class='ocrx_word' id='word_1_285' title='bbox 2928 1018 3083 1086; x_wconf 89' lang='lat' dir='ltr'><strong>cujus</strong></span> <span class='ocrx_word' id='word_1_286' title='bbox 3115 1034 3283 1072; x_wconf 86' lang='lat' dir='ltr'><strong>causa</strong></span> <span class='ocrx_word' id='word_1_287' title='bbox 3325 1019 3508 1073; x_wconf 82' lang='lat' dir='ltr'><strong>Darni-</strong></span> 
     </span>
    </p>
   </div>
   <div class='ocr_carea' id='block_1_39' title="bbox 1929 1107 3503 1180">
    <p class='ocr_par' dir='ltr' id='par_1_39' title="bbox 1929 1107 3503 1180">
     <span class='ocr_line' id='line_1_39' title="bbox 1929 1107 3503 1180; baseline 0.004 -21"><span class='ocrx_word' id='word_1_288' title='bbox 1929 1123 1999 1159; x_wconf 90' lang='lat' dir='ltr'><strong>no</strong></span> <span class='ocrx_word' id='word_1_289' title='bbox 2033 1108 2306 1159; x_wconf 85' lang='lat' dir='ltr'><strong>revelatur</strong></span> <span class='ocrx_word' id='word_1_290' title='bbox 2333 1107 2552 1160; x_wconf 90' lang='lat' dir='ltr'><strong>dicente</strong></span> <span class='ocrx_word' id='word_1_291' title='bbox 2605 1109 2868 1176; x_wconf 75' lang='lat' dir='ltr'><strong>Apostolo</strong></span> <span class='ocrx_word' id='word_1_292' title='bbox 2901 1127 2916 1164; x_wconf 90' lang='lat'><strong>:</strong></span> <span class='ocrx_word' id='word_1_293' title='bbox 2958 1108 3122 1164; x_wconf 84' lang='lat' dir='ltr'><strong>Omne</strong></span> <span class='ocrx_word' id='word_1_294' title='bbox 3152 1112 3292 1180; x_wconf 85' lang='lat' dir='ltr'><strong>quod</strong></span> <span class='ocrx_word' id='word_1_295' title='bbox 3330 1113 3503 1165; x_wconf 82' lang='lat' dir='ltr'><strong>mani-</strong></span> 
     </span>
    </p>
   </div>
   <div class='ocr_carea' id='block_1_40' title="bbox 1925 1198 2899 1270">
    <p class='ocr_par' dir='ltr' id='par_1_40' title="bbox 1925 1198 2899 1270">
     <span class='ocr_line' id='line_1_40' title="bbox 1925 1198 2899 1270; baseline 0.001 -18"><span class='ocrx_word' id='word_1_296' title='bbox 1925 1198 2180 1266; x_wconf 70' lang='lat' dir='ltr'><strong>festatur,</strong></span> <span class='ocrx_word' id='word_1_297' title='bbox 2229 1199 2322 1253; x_wconf 76' lang='lat' dir='ltr'><strong>lux</strong></span> <span class='ocrx_word' id='word_1_298' title='bbox 2347 1211 2420 1252; x_wconf 78' lang='lat' dir='ltr'><strong>est</strong></span> <span class='ocrx_word' id='word_1_299' title='bbox 2449 1198 2665 1266; x_wconf 63' lang='lat' dir='ltr'><strong>(Ep/tes.</strong></span> <span class='ocrx_word' id='word_1_300' title='bbox 2697 1216 2748 1264; x_wconf 85' lang='grc' dir='ltr'><strong>ν,</strong></span> <span class='ocrx_word' id='word_1_301' title='bbox 2789 1202 2899 1270; x_wconf 80' lang='grc'><strong>15).</strong></span> 
     </span>
    </p>
   </div>
   <div class='ocr_carea' id='block_1_41' title="bbox 2003 1291 3506 1360">
    <p class='ocr_par' dir='ltr' id='par_1_41' title="bbox 2003 1291 3506 1360">
     <span class='ocr_line' id='line_1_41' title="bbox 2003 1291 3506 1360; baseline 0.004 -15"><span class='ocrx_word' id='word_1_302' title='bbox 2003 1291 2186 1360; x_wconf 83' lang='lat' dir='ltr'><strong>(Vers.</strong></span> <span class='ocrx_word' id='word_1_303' title='bbox 2229 1291 2368 1360; x_wconf 73' lang='grc'><strong>15.)</strong></span> <span class='ocrx_word' id='word_1_304' title='bbox 2418 1309 2438 1343; x_wconf 75' lang='lat' dir='ltr'><strong>t</strong></span> <span class='ocrx_word' id='word_1_305' title='bbox 2469 1293 2700 1347; x_wconf 66' lang='lat' dir='ltr'><strong>(hmtate</strong></span> <span class='ocrx_word' id='word_1_306' title='bbox 2752 1291 3000 1356; x_wconf 90' lang='lat' dir='ltr'><strong>Domino,</strong></span> <span class='ocrx_word' id='word_1_307' title='bbox 3055 1294 3275 1350; x_wconf 90' lang='lat' dir='ltr'><strong>laudate</strong></span> <span class='ocrx_word' id='word_1_308' title='bbox 3326 1297 3506 1351; x_wconf 85' lang='lat' dir='ltr'><strong>Domi-</strong></span> 
     </span>
    </p>
   </div>
   <div class='ocr_carea' id='block_1_42' title="bbox 1927 1384 3502 1454">
    <p class='ocr_par' dir='ltr' id='par_1_42' title="bbox 1927 1384 3502 1454">
     <span class='ocr_line' id='line_1_42' title="bbox 1927 1384 3502 1454; baseline 0.002 -15"><span class='ocrx_word' id='word_1_309' title='bbox 1927 1399 2080 1448; x_wconf 89' lang='lat' dir='ltr'><strong>num,</strong></span> <span class='ocrx_word' id='word_1_310' title='bbox 2131 1385 2256 1453; x_wconf 89' lang='lat' dir='ltr'><strong>quia</strong></span> <span class='ocrx_word' id='word_1_311' title='bbox 2313 1384 2564 1438; x_wconf 87' lang='lat' dir='ltr'><strong>liberavit</strong></span> <span class='ocrx_word' id='word_1_312' title='bbox 2611 1385 2846 1437; x_wconf 84' lang='lat' dir='ltr'><strong>animam</strong></span> <span class='ocrx_word' id='word_1_313' title='bbox 2902 1386 3158 1454; x_wconf 84' lang='lat' dir='ltr'><strong>pauperis</strong></span> <span class='ocrx_word' id='word_1_314' title='bbox 3217 1387 3284 1441; x_wconf 88' lang='lat' dir='ltr'><strong>de</strong></span> <span class='ocrx_word' id='word_1_315' title='bbox 3337 1405 3502 1442; x_wconf 89' lang='lat' dir='ltr'><strong>manu</strong></span> 
     </span>
    </p>
   </div>
   <div class='ocr_carea' id='block_1_43' title="bbox 1931 1476 3497 1548">
    <p class='ocr_par' dir='ltr' id='par_1_43' title="bbox 1931 1476 3497 1548">
     <span class='ocr_line' id='line_1_43' title="bbox 1931 1476 3497 1548; baseline 0.003 -18"><span class='ocrx_word' id='word_1_316' title='bbox 1931 1477 2290 1546; x_wconf 85' lang='lat' dir='ltr'><strong>pessimorum</strong></span> <span class='ocrx_word' id='word_1_317' title='bbox 2345 1476 2532 1548; x_wconf 85' lang='lat' dir='ltr'><strong>[Vulg.</strong></span> <span class='ocrx_word' id='word_1_318' title='bbox 2569 1477 2909 1548; x_wconf 88' lang='lat' dir='ltr'><strong>malorum].</strong></span> <span class='ocrx_word' id='word_1_319' title='bbox 2947 1497 2965 1531; x_wconf 73' lang='grc' dir='ltr'><strong><em>ι</em></strong></span> <span class='ocrx_word' id='word_1_320' title='bbox 3024 1477 3123 1544; x_wconf 85' lang='lat' dir='ltr'><strong>Qui</strong></span> <span class='ocrx_word' id='word_1_321' title='bbox 3156 1495 3361 1548; x_wconf 82' lang='lat' dir='ltr'><strong>pauper</strong></span> <span class='ocrx_word' id='word_1_322' title='bbox 3416 1493 3497 1535; x_wconf 84' lang='lat' dir='ltr'><strong>est</strong></span> 
     </span>
    </p>
   </div>
   <div class='ocr_carea' id='block_1_44' title="bbox 1927 1567 3508 1640">
    <p class='ocr_par' dir='ltr' id='par_1_44' title="bbox 1927 1567 3508 1640">
     <span class='ocr_line' id='line_1_44' title="bbox 1927 1567 3508 1640; baseline 0.003 -17"><span class='ocrx_word' id='word_1_323' title='bbox 1927 1569 2143 1636; x_wconf 87' lang='lat' dir='ltr'><strong>spiritu,</strong></span> <span class='ocrx_word' id='word_1_324' title='bbox 2199 1583 2299 1622; x_wconf 88' lang='lat' dir='ltr'><strong>nec</strong></span> <span class='ocrx_word' id='word_1_325' title='bbox 2323 1567 2488 1623; x_wconf 84' lang='lat' dir='ltr'><strong>habet</strong></span> <span class='ocrx_word' id='word_1_326' title='bbox 2519 1569 2760 1630; x_wconf 83' lang='lat' dir='ltr'><strong>divitias,</strong></span> <span class='ocrx_word' id='word_1_327' title='bbox 2815 1584 2936 1638; x_wconf 77' lang='lat' dir='ltr'><strong>quae</strong></span> <span class='ocrx_word' id='word_1_328' title='bbox 2966 1581 3288 1640; x_wconf 85' lang='lat' dir='ltr'><strong>receperunt</strong></span> <span class='ocrx_word' id='word_1_329' title='bbox 3315 1572 3365 1624; x_wconf 92' lang='lat' dir='ltr'><strong>in</strong></span> <span class='ocrx_word' id='word_1_330' title='bbox 3400 1573 3508 1627; x_wconf 89' lang='lat' dir='ltr'><strong>isto</strong></span> 
     </span>
    </p>
   </div>
   <div class='ocr_carea' id='block_1_45' title="bbox 1927 1660 3509 1732">
    <p class='ocr_par' dir='ltr' id='par_1_45' title="bbox 1927 1660 3509 1732">
     <span class='ocr_line' id='line_1_45' title="bbox 1927 1660 3509 1732; baseline 0.003 -18"><span class='ocrx_word' id='word_1_331' title='bbox 1927 1660 2126 1714; x_wconf 65' lang='lat' dir='ltr'><strong>saeculo</strong></span> <span class='ocrx_word' id='word_1_332' title='bbox 2156 1661 2589 1716; x_wconf 68' lang='lat' dir='ltr'><strong>eoi-solationem</strong></span> <span class='ocrx_word' id='word_1_333' title='bbox 2627 1677 2803 1729; x_wconf 90' lang='lat' dir='ltr'><strong>suam,</strong></span> <span class='ocrx_word' id='word_1_334' title='bbox 2837 1666 2904 1718; x_wconf 89' lang='lat' dir='ltr'><strong>de</strong></span> <span class='ocrx_word' id='word_1_335' title='bbox 2958 1663 3158 1732; x_wconf 88' lang='lat' dir='ltr'><strong>quibus</strong></span> <span class='ocrx_word' id='word_1_336' title='bbox 3197 1675 3252 1718; x_wconf 91' lang='lat' dir='ltr'><strong>et</strong></span> <span class='ocrx_word' id='word_1_337' title='bbox 3302 1662 3509 1719; x_wconf 78' lang='lat' dir='ltr'><strong>Paulus</strong></span> 
     </span>
    </p>
   </div>
   <div class='ocr_carea' id='block_1_46' title="bbox 1931 1753 3508 1824">
    <p class='ocr_par' dir='ltr' id='par_1_46' title="bbox 1931 1753 3508 1824">
     <span class='ocr_line' id='line_1_46' title="bbox 1931 1753 3508 1824; baseline 0.004 -19"><span class='ocrx_word' id='word_1_338' title='bbox 1931 1753 2177 1822; x_wconf 88' lang='lat' dir='ltr'><strong>loquitur</strong></span> <span class='ocrx_word' id='word_1_339' title='bbox 2225 1769 2241 1808; x_wconf 87' lang='lat'><strong>:</strong></span> <span class='ocrx_word' id='word_1_340' title='bbox 2285 1753 2514 1807; x_wconf 86' lang='lat' dir='ltr'><strong>Tantum</strong></span> <span class='ocrx_word' id='word_1_341' title='bbox 2572 1764 2626 1808; x_wconf 88' lang='lat' dir='ltr'><strong>ut</strong></span> <span class='ocrx_word' id='word_1_342' title='bbox 2689 1771 2981 1824; x_wconf 81' lang='lat' dir='ltr'><strong>pauperum</strong></span> <span class='ocrx_word' id='word_1_343' title='bbox 3034 1774 3288 1811; x_wconf 86' lang='lat' dir='ltr'><strong>memores</strong></span> <span class='ocrx_word' id='word_1_344' title='bbox 3365 1775 3508 1812; x_wconf 83' lang='lat' dir='ltr'><strong>esse-</strong></span> 
     </span>
    </p>
   </div>
   <div class='ocr_carea' id='block_1_47' title="bbox 1927 1841 3504 1915">
    <p class='ocr_par' dir='ltr' id='par_1_47' title="bbox 1927 1841 3504 1915">
     <span class='ocr_line' id='line_1_47' title="bbox 1927 1841 3504 1915; baseline 0.004 -19"><span class='ocrx_word' id='word_1_345' title='bbox 1927 1861 2042 1898; x_wconf 87' lang='lat' dir='ltr'><strong>mus</strong></span> <span class='ocrx_word' id='word_1_346' title='bbox 2066 1841 2273 1911; x_wconf 81' lang='lat' dir='ltr'><strong>(Galat.</strong></span> <span class='ocrx_word' id='word_1_347' title='bbox 2303 1861 2363 1909; x_wconf 87' lang='lat' dir='ltr'><strong>it,</strong></span> <span class='ocrx_word' id='word_1_348' title='bbox 2396 1847 2506 1915; x_wconf 76' lang='grc'><strong>10),</strong></span> <span class='ocrx_word' id='word_1_349' title='bbox 2541 1861 2664 1902; x_wconf 88' lang='lat' dir='ltr'><strong>cum</strong></span> <span class='ocrx_word' id='word_1_350' title='bbox 2697 1847 2860 1902; x_wconf 83' lang='lat' dir='ltr'><strong>fuerit</strong></span> <span class='ocrx_word' id='word_1_351' title='bbox 2896 1849 3187 1904; x_wconf 78' lang='lat' dir='ltr'><strong>vindictam</strong></span> <span class='ocrx_word' id='word_1_352' title='bbox 3209 1864 3241 1903; x_wconf 88' lang='lat' dir='ltr'><strong>a</strong></span> <span class='ocrx_word' id='word_1_353' title='bbox 3273 1849 3504 1904; x_wconf 88' lang='lat' dir='ltr'><strong>Domino</strong></span> 
     </span>
    </p>
   </div>
   <div class='ocr_carea' id='block_1_48' title="bbox 1928 1937 3508 2017">
    <p class='ocr_par' dir='ltr' id='par_1_48' title="bbox 1928 1937 3508 2017">
     <span class='ocr_line' id='line_1_48' title="bbox 1928 1937 3508 2017; baseline 0.003 -25"><span class='ocrx_word' id='word_1_354' title='bbox 1928 1949 2278 2017; x_wconf 69' lang='lat' dir='ltr'><strong>consecutus,</strong></span> <span class='ocrx_word' id='word_1_355' title='bbox 2333 1937 2617 1992; x_wconf 89' lang='lat' dir='ltr'><strong>Dominum</strong></span> <span class='ocrx_word' id='word_1_356' title='bbox 2658 1940 2844 1994; x_wconf 88' lang='lat' dir='ltr'><strong>laudat</strong></span> <span class='ocrx_word' id='word_1_357' title='bbox 2894 1941 2947 1994; x_wconf 91' lang='lat' dir='ltr'><strong>in</strong></span> <span class='ocrx_word' id='word_1_358' title='bbox 2997 1941 3217 2010; x_wconf 87' lang='lat' dir='ltr'><strong>spiritu,</strong></span> <span class='ocrx_word' id='word_1_359' title='bbox 3248 1952 3302 1996; x_wconf 89' lang='lat' dir='ltr'><strong>et</strong></span> <span class='ocrx_word' id='word_1_360' title='bbox 3349 1958 3408 1997; x_wconf 90' lang='lat' dir='ltr'><strong>se</strong></span> <span class='ocrx_word' id='word_1_361' title='bbox 3439 1943 3508 1997; x_wconf 87' lang='lat' dir='ltr'><strong>de</strong></span> 
     </span>
    </p>
   </div>
   <div class='ocr_carea' id='block_1_49' title="bbox 1928 2033 3507 2105">
    <p class='ocr_par' dir='ltr' id='par_1_49' title="bbox 1928 2033 3507 2105">
     <span class='ocr_line' id='line_1_49' title="bbox 1928 2033 3507 2105; baseline 0.003 -19"><span class='ocrx_word' id='word_1_362' title='bbox 1928 2047 2091 2086; x_wconf 87' lang='lat' dir='ltr'><strong>manu</strong></span> <span class='ocrx_word' id='word_1_363' title='bbox 2155 2033 2517 2101; x_wconf 86' lang='lat' dir='ltr'><strong>pessimorum</strong></span> <span class='ocrx_word' id='word_1_364' title='bbox 2571 2043 2786 2087; x_wconf 89' lang='lat' dir='ltr'><strong>erutum</strong></span> <span class='ocrx_word' id='word_1_365' title='bbox 2824 2034 3110 2105; x_wconf 79' lang='lat' dir='ltr'><strong>gloriatur.</strong></span> <span class='ocrx_word' id='word_1_366' title='bbox 3153 2035 3267 2090; x_wconf 84' lang='lat' dir='ltr'><strong>lloc</strong></span> <span class='ocrx_word' id='word_1_367' title='bbox 3324 2049 3507 2091; x_wconf 89' lang='lat' dir='ltr'><strong>autem</strong></span> 
     </span>
    </p>
   </div>
   <div class='ocr_carea' id='block_1_50' title="bbox 1929 2124 3504 2198">
    <p class='ocr_par' dir='ltr' id='par_1_50' title="bbox 1929 2124 3504 2198">
     <span class='ocr_line' id='line_1_50' title="bbox 1929 2124 3504 2198; baseline 0.005 -22"><span class='ocrx_word' id='word_1_368' title='bbox 1929 2133 2102 2178; x_wconf 87' lang='lat' dir='ltr'><strong>totum</strong></span> <span class='ocrx_word' id='word_1_369' title='bbox 2136 2124 2212 2188; x_wconf 84' lang='lat' dir='ltr'><strong>lit,</strong></span> <span class='ocrx_word' id='word_1_370' title='bbox 2244 2139 2350 2178; x_wconf 90' lang='lat' dir='ltr'><strong>non</strong></span> <span class='ocrx_word' id='word_1_371' title='bbox 2385 2133 2574 2179; x_wconf 86' lang='lat' dir='ltr'><strong>nostro</strong></span> <span class='ocrx_word' id='word_1_372' title='bbox 2603 2127 2823 2191; x_wconf 90' lang='lat' dir='ltr'><strong>merito,</strong></span> <span class='ocrx_word' id='word_1_373' title='bbox 2855 2125 2952 2181; x_wconf 86' lang='lat' dir='ltr'><strong>sed</strong></span> <span class='ocrx_word' id='word_1_374' title='bbox 2989 2126 3112 2195; x_wconf 87' lang='lat' dir='ltr'><strong>ejus</strong></span> <span class='ocrx_word' id='word_1_375' title='bbox 3166 2130 3344 2196; x_wconf 78' lang='lat' dir='ltr'><strong>gratia</strong></span> <span class='ocrx_word' id='word_1_376' title='bbox 3413 2130 3504 2198; x_wconf 89' lang='lat' dir='ltr'><strong>qui</strong></span> 
     </span>
    </p>
   </div>
   <div class='ocr_carea' id='block_1_51' title="bbox 1929 2219 3506 2288">
    <p class='ocr_par' dir='ltr' id='par_1_51' title="bbox 1929 2219 3506 2288">
     <span class='ocr_line' id='line_1_51' title="bbox 1929 2219 3506 2288; baseline 0.006 -20"><span class='ocrx_word' id='word_1_377' title='bbox 1929 2231 2222 2286; x_wconf 80' lang='lat' dir='ltr'><strong>pauperem</strong></span> <span class='ocrx_word' id='word_1_378' title='bbox 2276 2219 2553 2283; x_wconf 78' lang='lat' dir='ltr'><strong>liberavit,</strong></span> <span class='ocrx_word' id='word_1_379' title='bbox 2603 2234 2704 2274; x_wconf 89' lang='lat' dir='ltr'><strong>nec</strong></span> <span class='ocrx_word' id='word_1_380' title='bbox 2754 2219 2922 2275; x_wconf 85' lang='lat' dir='ltr'><strong>habet</strong></span> <span class='ocrx_word' id='word_1_381' title='bbox 2976 2221 3198 2274; x_wconf 79' lang='lat' dir='ltr'><strong>divitias</strong></span> <span class='ocrx_word' id='word_1_382' title='bbox 3234 2223 3506 2288; x_wconf 66' lang='lat' dir='ltr'><strong>superbiae</strong></span> 
     </span>
    </p>
   </div>
   <div class='ocr_carea' id='block_1_52' title="bbox 1929 2312 3362 2382">
    <p class='ocr_par' dir='ltr' id='par_1_52' title="bbox 1929 2312 3362 2382">
     <span class='ocr_line' id='line_1_52' title="bbox 1929 2312 3362 2382; baseline 0.004 -20"><span class='ocrx_word' id='word_1_383' title='bbox 1929 2312 2238 2364; x_wconf 85' lang='lat' dir='ltr'><strong>corruentis</strong></span> <span class='ocrx_word' id='word_1_384' title='bbox 2263 2327 2279 2377; x_wconf 85' lang='lat'><strong>;</strong></span> <span class='ocrx_word' id='word_1_385' title='bbox 2306 2313 2400 2366; x_wconf 90' lang='lat' dir='ltr'><strong>sed</strong></span> <span class='ocrx_word' id='word_1_386' title='bbox 2430 2313 2793 2367; x_wconf 87' lang='lat' dir='ltr'><strong>humilitatem</strong></span> <span class='ocrx_word' id='word_1_387' title='bbox 2833 2315 3090 2382; x_wconf 88' lang='lat' dir='ltr'><strong>pauperis</strong></span> <span class='ocrx_word' id='word_1_388' title='bbox 3122 2315 3362 2368; x_wconf 90' lang='lat' dir='ltr'><strong>liberati.</strong></span> 
     </span>
    </p>
   </div>
   <div class='ocr_carea' id='block_1_53' title="bbox 2000 2402 3510 2476">
    <p class='ocr_par' dir='ltr' id='par_1_53' title="bbox 2000 2402 3510 2476">
     <span class='ocr_line' id='line_1_53' title="bbox 2000 2402 3510 2476; baseline 0.006 -23"><span class='ocrx_word' id='word_1_389' title='bbox 2000 2402 2179 2471; x_wconf 84' lang='lat' dir='ltr'><strong>(Vers.</strong></span> <span class='ocrx_word' id='word_1_390' title='bbox 2217 2404 2281 2456; x_wconf 76' lang='grc'><strong>14</strong></span> <span class='ocrx_word' id='word_1_391' title='bbox 2306 2406 2486 2476; x_wconf 81' lang='lat' dir='ltr'><strong>seqq.)</strong></span> <span class='ocrx_word' id='word_1_392' title='bbox 2527 2423 2544 2455; x_wconf 74' lang='grc' dir='ltr'>ι</span> <span class='ocrx_word' id='word_1_393' title='bbox 2579 2404 2863 2460; x_wconf 84' lang='lat' dir='ltr'><strong>Maledicta</strong></span> <span class='ocrx_word' id='word_1_394' title='bbox 2925 2406 3062 2471; x_wconf 90' lang='lat' dir='ltr'><strong>dies,</strong></span> <span class='ocrx_word' id='word_1_395' title='bbox 3095 2405 3149 2459; x_wconf 92' lang='lat' dir='ltr'><strong>in</strong></span> <span class='ocrx_word' id='word_1_396' title='bbox 3181 2422 3290 2475; x_wconf 90' lang='lat' dir='ltr'><strong>qua</strong></span> <span class='ocrx_word' id='word_1_397' title='bbox 3345 2415 3510 2462; x_wconf 90' lang='lat' dir='ltr'><strong>natus</strong></span> 
     </span>
    </p>
   </div>
   <div class='ocr_carea' id='block_1_54' title="bbox 1932 2495 3512 2567">
    <p class='ocr_par' dir='ltr' id='par_1_54' title="bbox 1932 2495 3512 2567">
     <span class='ocr_line' id='line_1_54' title="bbox 1932 2495 3512 2567; baseline 0.004 -19"><span class='ocrx_word' id='word_1_398' title='bbox 1932 2509 2076 2559; x_wconf 88' lang='lat' dir='ltr'><strong>smn,</strong></span> <span class='ocrx_word' id='word_1_399' title='bbox 2107 2495 2223 2548; x_wconf 84' lang='lat' dir='ltr'><strong>dies</strong></span> <span class='ocrx_word' id='word_1_400' title='bbox 2273 2497 2462 2563; x_wconf 87' lang='lat' dir='ltr'><strong>inqua</strong></span> <span class='ocrx_word' id='word_1_401' title='bbox 2501 2499 2707 2567; x_wconf 88' lang='lat' dir='ltr'><strong>peperit</strong></span> <span class='ocrx_word' id='word_1_402' title='bbox 2755 2513 2840 2552; x_wconf 90' lang='lat' dir='ltr'><strong>me</strong></span> <span class='ocrx_word' id='word_1_403' title='bbox 2875 2509 3050 2553; x_wconf 88' lang='lat' dir='ltr'><strong>mater</strong></span> <span class='ocrx_word' id='word_1_404' title='bbox 3104 2514 3221 2552; x_wconf 87' lang='lat' dir='ltr'><strong>mea</strong></span> <span class='ocrx_word' id='word_1_405' title='bbox 3273 2514 3380 2553; x_wconf 88' lang='lat' dir='ltr'><strong>non</strong></span> <span class='ocrx_word' id='word_1_406' title='bbox 3435 2501 3512 2554; x_wconf 90' lang='lat' dir='ltr'><strong>sit</strong></span> 
     </span>
    </p>
   </div>
   <div class='ocr_carea' id='block_1_55' title="bbox 1932 2588 3508 2660">
    <p class='ocr_par' dir='ltr' id='par_1_55' title="bbox 1932 2588 3508 2660">
     <span class='ocr_line' id='line_1_55' title="bbox 1932 2588 3508 2660; baseline 0.003 -19"><span class='ocrx_word' id='word_1_407' title='bbox 1932 2588 2239 2642; x_wconf 87' lang='lat' dir='ltr'><strong>benedicta.</strong></span> <span class='ocrx_word' id='word_1_408' title='bbox 2279 2588 2598 2645; x_wconf 77' lang='lat' dir='ltr'><strong>Maledictus</strong></span> <span class='ocrx_word' id='word_1_409' title='bbox 2627 2593 2710 2645; x_wconf 91' lang='lat' dir='ltr'><strong>vir</strong></span> <span class='ocrx_word' id='word_1_410' title='bbox 2747 2593 2876 2658; x_wconf 82' lang='lat' dir='ltr'><strong>(sive</strong></span> <span class='ocrx_word' id='word_1_411' title='bbox 2926 2591 3133 2660; x_wconf 87' lang='lat' dir='ltr'><strong>homo)</strong></span> <span class='ocrx_word' id='word_1_412' title='bbox 3173 2593 3261 2659; x_wconf 88' lang='lat' dir='ltr'><strong>qui</strong></span> <span class='ocrx_word' id='word_1_413' title='bbox 3291 2607 3508 2646; x_wconf 86' lang='lat' dir='ltr'><strong>annun-</strong></span> 
     </span>
    </p>
   </div>
   <div class='ocr_carea' id='block_1_56' title="bbox 1932 2682 3509 2750">
    <p class='ocr_par' dir='ltr' id='par_1_56' title="bbox 1932 2682 3509 2750">
     <span class='ocr_line' id='line_1_56' title="bbox 1932 2682 3509 2750; baseline 0.001 -16"><span class='ocrx_word' id='word_1_414' title='bbox 1932 2682 2088 2735; x_wconf 87' lang='lat' dir='ltr'><strong>tiavit</strong></span> <span class='ocrx_word' id='word_1_415' title='bbox 2114 2684 2248 2750; x_wconf 87' lang='lat' dir='ltr'><strong>patri</strong></span> <span class='ocrx_word' id='word_1_416' title='bbox 2287 2698 2408 2738; x_wconf 90' lang='lat' dir='ltr'><strong>meo</strong></span> <span class='ocrx_word' id='word_1_417' title='bbox 2444 2685 2654 2748; x_wconf 87' lang='lat' dir='ltr'><strong>dicens,</strong></span> <span class='ocrx_word' id='word_1_418' title='bbox 2691 2695 2854 2739; x_wconf 91' lang='lat' dir='ltr'><strong>natus</strong></span> <span class='ocrx_word' id='word_1_419' title='bbox 2887 2696 2968 2739; x_wconf 89' lang='lat' dir='ltr'><strong>est</strong></span> <span class='ocrx_word' id='word_1_420' title='bbox 2993 2687 3086 2739; x_wconf 89' lang='lat' dir='ltr'><strong>tibi</strong></span> <span class='ocrx_word' id='word_1_421' title='bbox 3119 2686 3261 2740; x_wconf 86' lang='lat' dir='ltr'><strong>titius</strong></span> <span class='ocrx_word' id='word_1_422' title='bbox 3293 2701 3509 2739; x_wconf 89' lang='lat' dir='ltr'><strong>mascu-</strong></span> 
     </span>
    </p>
   </div>
   <div class='ocr_carea' id='block_1_57' title="bbox 1885 2774 3514 2846">
    <p class='ocr_par' dir='ltr' id='par_1_57' title="bbox 1885 2774 3514 2846">
     <span class='ocr_line' id='line_1_57' title="bbox 1885 2774 3514 2846; baseline 0.002 -19"><span class='ocrx_word' id='word_1_423' title='bbox 1885 2793 1890 2797; x_wconf 69' lang='lat'><em>&#39;</em></span> <span class='ocrx_word' id='word_1_424' title='bbox 1932 2774 2036 2835; x_wconf 88' lang='lat' dir='ltr'><strong>lus,</strong></span> <span class='ocrx_word' id='word_1_425' title='bbox 2075 2786 2128 2830; x_wconf 90' lang='lat' dir='ltr'><strong>et</strong></span> <span class='ocrx_word' id='word_1_426' title='bbox 2162 2776 2318 2844; x_wconf 83' lang='lat' dir='ltr'><strong>quasi</strong></span> <span class='ocrx_word' id='word_1_427' title='bbox 2349 2777 2548 2846; x_wconf 79' lang='lat' dir='ltr'><strong>gaudio</strong></span> <span class='ocrx_word' id='word_1_428' title='bbox 2574 2777 2873 2832; x_wconf 63' lang='lat' dir='ltr'><strong>lmtiﬁcavit</strong></span> <span class='ocrx_word' id='word_1_429' title='bbox 2920 2794 3066 2830; x_wconf 81' lang='lat' dir='ltr'><strong>cum.</strong></span> <span class='ocrx_word' id='word_1_430' title='bbox 3100 2776 3182 2830; x_wconf 87' lang='lat' dir='ltr'><strong>Sit</strong></span> <span class='ocrx_word' id='word_1_431' title='bbox 3233 2779 3392 2831; x_wconf 86' lang='lat' dir='ltr'><strong>homo</strong></span> <span class='ocrx_word' id='word_1_432' title='bbox 3423 2777 3514 2832; x_wconf 86' lang='lat' dir='ltr'><strong>ille</strong></span> 
     </span>
    </p>
   </div>
   <div class='ocr_carea' id='block_1_58' title="bbox 1933 2867 3502 2937">
    <p class='ocr_par' dir='ltr' id='par_1_58' title="bbox 1933 2867 3502 2937">
     <span class='ocr_line' id='line_1_58' title="bbox 1933 2867 3502 2937; baseline 0.002 -16"><span class='ocrx_word' id='word_1_433' title='bbox 1933 2877 1992 2921; x_wconf 94' lang='lat' dir='ltr'><strong>ut</strong></span> <span class='ocrx_word' id='word_1_434' title='bbox 2024 2876 2152 2920; x_wconf 89' lang='lat' dir='ltr'><strong>sunt</strong></span> <span class='ocrx_word' id='word_1_435' title='bbox 2180 2867 2434 2922; x_wconf 88' lang='lat' dir='ltr'><strong>civitates</strong></span> <span class='ocrx_word' id='word_1_436' title='bbox 2492 2884 2628 2937; x_wconf 89' lang='lat' dir='ltr'><strong>quas</strong></span> <span class='ocrx_word' id='word_1_437' title='bbox 2649 2869 2925 2924; x_wconf 75' lang='lat' dir='ltr'><strong>subvertit</strong></span> <span class='ocrx_word' id='word_1_438' title='bbox 2977 2869 3258 2931; x_wconf 86' lang='lat' dir='ltr'><strong>Dominus,</strong></span> <span class='ocrx_word' id='word_1_439' title='bbox 3290 2881 3342 2924; x_wconf 91' lang='lat' dir='ltr'><strong>et</strong></span> <span class='ocrx_word' id='word_1_440' title='bbox 3395 2886 3502 2924; x_wconf 87' lang='lat' dir='ltr'><strong>non</strong></span> 
     </span>
    </p>
   </div>
   <div class='ocr_carea' id='block_1_59' title="bbox 1933 2959 3512 3029">
    <p class='ocr_par' dir='ltr' id='par_1_59' title="bbox 1933 2959 3512 3029">
     <span class='ocr_line' id='line_1_59' title="bbox 1933 2959 3512 3029; baseline 0.001 -16"><span class='ocrx_word' id='word_1_441' title='bbox 1933 2959 2186 3026; x_wconf 69' lang='lat' dir='ltr'><strong>paenituit</strong></span> <span class='ocrx_word' id='word_1_442' title='bbox 2219 2975 2341 3014; x_wconf 91' lang='lat' dir='ltr'><strong>eum</strong></span> <span class='ocrx_word' id='word_1_443' title='bbox 2381 2975 2394 3014; x_wconf 91' lang='lat'><strong>:</strong></span> <span class='ocrx_word' id='word_1_444' title='bbox 2426 2960 2610 3016; x_wconf 89' lang='lat' dir='ltr'><strong>audiat</strong></span> <span class='ocrx_word' id='word_1_445' title='bbox 2632 2961 2924 3016; x_wconf 78' lang='lat' dir='ltr'><strong>clamorem</strong></span> <span class='ocrx_word' id='word_1_446' title='bbox 2957 2979 3136 3029; x_wconf 80' lang='lat' dir='ltr'><strong>tuane,</strong></span> <span class='ocrx_word' id='word_1_447' title='bbox 3171 2973 3222 3016; x_wconf 81' lang='lat' dir='ltr'><strong>et</strong></span> <span class='ocrx_word' id='word_1_448' title='bbox 3247 2962 3512 3016; x_wconf 90' lang='lat' dir='ltr'><strong>ululatum</strong></span> 
     </span>
    </p>
   </div>
   <div class='ocr_carea' id='block_1_60' title="bbox 1935 3043 3514 3124">
    <p class='ocr_par' dir='ltr' id='par_1_60' title="bbox 1935 3043 3514 3124">
     <span class='ocr_line' id='line_1_60' title="bbox 1935 3043 3514 3124; baseline 0.003 -20"><span class='ocrx_word' id='word_1_449' title='bbox 1935 3051 1988 3105; x_wconf 92' lang='lat' dir='ltr'><strong>in</strong></span> <span class='ocrx_word' id='word_1_450' title='bbox 2028 3043 2290 3122; x_wconf 77' lang='lat' dir='ltr'><strong>tempore</strong></span> <span class='ocrx_word' id='word_1_451' title='bbox 2327 3055 2656 3119; x_wconf 90' lang='lat' dir='ltr'><strong>meridiano,</strong></span> <span class='ocrx_word' id='word_1_452' title='bbox 2711 3055 2803 3124; x_wconf 90' lang='lat' dir='ltr'><strong>qui</strong></span> <span class='ocrx_word' id='word_1_453' title='bbox 2860 3071 2966 3110; x_wconf 90' lang='lat' dir='ltr'><strong>non</strong></span> <span class='ocrx_word' id='word_1_454' title='bbox 3032 3053 3308 3109; x_wconf 80' lang='lat' dir='ltr'><strong>interfecit</strong></span> <span class='ocrx_word' id='word_1_455' title='bbox 3345 3071 3430 3109; x_wconf 87' lang='lat' dir='ltr'><strong>me</strong></span> <span class='ocrx_word' id='word_1_456' title='bbox 3483 3070 3514 3108; x_wconf 87' lang='lat' dir='ltr'><strong>a</strong></span> 
     </span>
    </p>
   </div>
   <div class='ocr_carea' id='block_1_61' title="bbox 249 3143 3510 3221">
    <p class='ocr_par' dir='ltr' id='par_1_61' title="bbox 249 3143 3510 3221">
     <span class='ocr_line' id='line_1_61' title="bbox 249 3143 3510 3221; baseline 0.001 -25"><span class='ocrx_word' id='word_1_457' title='bbox 249 3143 560 3212; x_wconf 88' lang='lat' dir='ltr'><strong>luerintque</strong></span> <span class='ocrx_word' id='word_1_458' title='bbox 594 3144 752 3200; x_wconf 88' lang='lat' dir='ltr'><strong>nobis</strong></span> <span class='ocrx_word' id='word_1_459' title='bbox 784 3145 1013 3200; x_wconf 86' lang='lat' dir='ltr'><strong>insidias</strong></span> <span class='ocrx_word' id='word_1_460' title='bbox 1053 3144 1302 3209; x_wconf 90' lang='lat' dir='ltr'><strong>tendere,</strong></span> <span class='ocrx_word' id='word_1_461' title='bbox 1350 3161 1455 3200; x_wconf 92' lang='lat' dir='ltr'><strong>non</strong></span> <span class='ocrx_word' id='word_1_462' title='bbox 1493 3162 1827 3219; x_wconf 78' lang='lat' dir='ltr'><strong>magnopere</strong></span> <span class='ocrx_word' id='word_1_463' title='bbox 1855 3159 1901 3221; x_wconf 72' lang='grc' dir='ltr'>α</span> <span class='ocrx_word' id='word_1_464' title='bbox 1935 3145 2117 3210; x_wconf 83' lang='lat' dir='ltr'><strong>vulva,</strong></span> <span class='ocrx_word' id='word_1_465' title='bbox 2146 3155 2204 3197; x_wconf 92' lang='lat' dir='ltr'><strong>ut</strong></span> <span class='ocrx_word' id='word_1_466' title='bbox 2229 3146 2382 3200; x_wconf 86' lang='lat' dir='ltr'><strong>ﬂeret</strong></span> <span class='ocrx_word' id='word_1_467' title='bbox 2413 3147 2544 3200; x_wconf 87' lang='lat' dir='ltr'><strong>milii</strong></span> <span class='ocrx_word' id='word_1_468' title='bbox 2570 3157 2743 3202; x_wconf 90' lang='lat' dir='ltr'><strong>mater</strong></span> <span class='ocrx_word' id='word_1_469' title='bbox 2768 3162 2885 3200; x_wconf 74' lang='lat' dir='ltr'><strong>mea</strong></span> <span class='ocrx_word' id='word_1_470' title='bbox 2909 3147 3241 3216; x_wconf 77' lang='lat' dir='ltr'><strong>sepulcrum,</strong></span> <span class='ocrx_word' id='word_1_471' title='bbox 3276 3148 3510 3201; x_wconf 83' lang='lat' dir='ltr'><strong>etvulva</strong></span> 
     </span>
    </p>
   </div>
   <div class='ocr_carea' id='block_1_62' title="bbox 251 3235 1833 3306">
    <p class='ocr_par' dir='ltr' id='par_1_62' title="bbox 251 3235 1833 3306">
     <span class='ocr_line' id='line_1_62' title="bbox 251 3235 1833 3306; baseline 0.003 -17"><span class='ocrx_word' id='word_1_472' title='bbox 251 3251 551 3293; x_wconf 84' lang='lat' dir='ltr'><strong>curemus:</strong></span> <span class='ocrx_word' id='word_1_473' title='bbox 587 3237 684 3291; x_wconf 84' lang='lat' dir='ltr'><strong>sed</strong></span> <span class='ocrx_word' id='word_1_474' title='bbox 709 3246 960 3306; x_wconf 85' lang='lat' dir='ltr'><strong>optemus</strong></span> <span class='ocrx_word' id='word_1_475' title='bbox 1013 3239 1116 3292; x_wconf 84' lang='lat' dir='ltr'><strong>lioc</strong></span> <span class='ocrx_word' id='word_1_476' title='bbox 1171 3239 1355 3292; x_wconf 85' lang='lat' dir='ltr'><strong>dicere</strong></span> <span class='ocrx_word' id='word_1_477' title='bbox 1393 3237 1537 3306; x_wconf 88' lang='lat' dir='ltr'><strong>quod</strong></span> <span class='ocrx_word' id='word_1_478' title='bbox 1563 3235 1833 3306; x_wconf 70' lang='lat' dir='ltr'><strong>Pl‘OphCla</strong></span> 
     </span>
    </p>
   </div>
   <div class='ocr_carea' id='block_1_63' title="bbox 251 3328 1835 3400">
    <p class='ocr_par' dir='ltr' id='par_1_63' title="bbox 251 3328 1835 3400">
     <span class='ocr_line' id='line_1_63' title="bbox 251 3328 1835 3400; baseline 0.003 -20"><span class='ocrx_word' id='word_1_479' title='bbox 251 3328 492 3396; x_wconf 87' lang='lat' dir='ltr'><strong>loquitur</strong></span> <span class='ocrx_word' id='word_1_480' title='bbox 531 3344 545 3383; x_wconf 88' lang='lat'><strong>:</strong></span> <span class='ocrx_word' id='word_1_481' title='bbox 574 3328 829 3383; x_wconf 86' lang='lat' dir='ltr'><strong>Dominus</strong></span> <span class='ocrx_word' id='word_1_482' title='bbox 859 3340 1034 3382; x_wconf 88' lang='lat' dir='ltr'><strong>autem</strong></span> <span class='ocrx_word' id='word_1_483' title='bbox 1067 3346 1272 3385; x_wconf 82' lang='lat' dir='ltr'><strong>mecum</strong></span> <span class='ocrx_word' id='word_1_484' title='bbox 1297 3342 1374 3385; x_wconf 84' lang='lat' dir='ltr'><strong>est</strong></span> <span class='ocrx_word' id='word_1_485' title='bbox 1407 3332 1564 3400; x_wconf 86' lang='lat' dir='ltr'><strong>quasi</strong></span> <span class='ocrx_word' id='word_1_486' title='bbox 1608 3330 1835 3385; x_wconf 86' lang='lat' dir='ltr'><strong>bellator</strong></span> 
     </span>
    </p>
   </div>
   <div class='ocr_carea' id='block_1_64' title="bbox 249 3422 428 3491">
    <p class='ocr_par' dir='ltr' id='par_1_64' title="bbox 249 3422 428 3491">
     <span class='ocr_line' id='line_1_64' title="bbox 249 3422 428 3491; baseline 0.006 -18"><span class='ocrx_word' id='word_1_487' title='bbox 249 3422 428 3491; x_wconf 70' lang='lat' dir='ltr'><strong>fortis.</strong></span> 
     </span>
    </p>
   </div>
   <div class='ocr_carea' id='block_1_65' title="bbox 330 3514 1832 3584">
    <p class='ocr_par' dir='ltr' id='par_1_65' title="bbox 330 3514 1832 3584">
     <span class='ocr_line' id='line_1_65' title="bbox 330 3514 1832 3584; baseline 0.005 -20"><span class='ocrx_word' id='word_1_488' title='bbox 330 3532 351 3564; x_wconf 83' lang='grc'><strong><em>‹</em></strong></span> <span class='ocrx_word' id='word_1_489' title='bbox 390 3514 600 3568; x_wconf 78' lang='lat' dir='ltr'><strong>Idcirco</strong></span> <span class='ocrx_word' id='word_1_490' title='bbox 635 3515 727 3582; x_wconf 90' lang='lat' dir='ltr'><strong>qui</strong></span> <span class='ocrx_word' id='word_1_491' title='bbox 764 3528 849 3568; x_wconf 92' lang='lat' dir='ltr'><strong>me</strong></span> <span class='ocrx_word' id='word_1_492' title='bbox 883 3525 1308 3584; x_wconf 88' lang='lat' dir='ltr'><strong>persequuntur,</strong></span> <span class='ocrx_word' id='word_1_493' title='bbox 1364 3517 1561 3572; x_wconf 86' lang='lat' dir='ltr'><strong>cadent</strong></span> <span class='ocrx_word' id='word_1_494' title='bbox 1594 3526 1645 3572; x_wconf 91' lang='lat' dir='ltr'><strong>et</strong></span> <span class='ocrx_word' id='word_1_495' title='bbox 1674 3517 1832 3572; x_wconf 77' lang='lat' dir='ltr'><strong>infir-</strong></span> 
     </span>
    </p>
   </div>
   <div class='ocr_carea' id='block_1_66' title="bbox 253 3607 1835 3679">
    <p class='ocr_par' dir='ltr' id='par_1_66' title="bbox 253 3607 1835 3679">
     <span class='ocr_line' id='line_1_66' title="bbox 253 3607 1835 3679; baseline 0.003 -19"><span class='ocrx_word' id='word_1_496' title='bbox 253 3607 328 3660; x_wconf 89' lang='lat' dir='ltr'><strong>mi</strong></span> <span class='ocrx_word' id='word_1_497' title='bbox 371 3617 532 3661; x_wconf 86' lang='lat' dir='ltr'><strong>erunt</strong></span> <span class='ocrx_word' id='word_1_498' title='bbox 557 3608 684 3677; x_wconf 83' lang='lat' dir='ltr'><strong>(sive</strong></span> <span class='ocrx_word' id='word_1_499' title='bbox 746 3607 867 3661; x_wconf 88' lang='lat' dir='ltr'><strong>ideo</strong></span> <span class='ocrx_word' id='word_1_500' title='bbox 918 3612 1194 3675; x_wconf 87' lang='lat' dir='ltr'><strong>persecuti</strong></span> <span class='ocrx_word' id='word_1_501' title='bbox 1247 3617 1397 3675; x_wconf 84' lang='lat' dir='ltr'><strong>sunt,</strong></span> <span class='ocrx_word' id='word_1_502' title='bbox 1445 3617 1499 3662; x_wconf 89' lang='lat' dir='ltr'><strong>et</strong></span> <span class='ocrx_word' id='word_1_503' title='bbox 1532 3609 1835 3679; x_wconf 74' lang='lat' dir='ltr'><strong>intelligere</strong></span> 
     </span>
    </p>
   </div>
   <div class='ocr_carea' id='block_1_67' title="bbox 257 3695 1836 3770">
    <p class='ocr_par' dir='ltr' id='par_1_67' title="bbox 257 3695 1836 3770">
     <span class='ocr_line' id='line_1_67' title="bbox 257 3695 1836 3770; baseline 0.001 -19"><span class='ocrx_word' id='word_1_504' title='bbox 257 3711 368 3751; x_wconf 91' lang='lat' dir='ltr'><strong>non</strong></span> <span class='ocrx_word' id='word_1_505' title='bbox 421 3708 713 3765; x_wconf 80' lang='lat' dir='ltr'><strong>potuerunt</strong></span> <span class='ocrx_word' id='word_1_506' title='bbox 746 3698 788 3768; x_wconf 93' lang='lat'><strong>).</strong></span> <span class='ocrx_word' id='word_1_507' title='bbox 817 3695 1238 3753; x_wconf 85' lang='lat' dir='ltr'><strong>Confuudantur</strong></span> <span class='ocrx_word' id='word_1_508' title='bbox 1265 3696 1459 3770; x_wconf 83' lang='lat' dir='ltr'><strong>[Vulg.</strong></span> <span class='ocrx_word' id='word_1_509' title='bbox 1496 3697 1836 3753; x_wconf 81' lang='lat' dir='ltr'><strong>confunden-</strong></span> 
     </span>
    </p>
   </div>
   <div class='ocr_carea' id='block_1_68' title="bbox 258 3789 1834 3865">
    <p class='ocr_par' dir='ltr' id='par_1_68' title="bbox 258 3789 1834 3865">
     <span class='ocr_line' id='line_1_68' title="bbox 258 3789 1834 3865; baseline 0.003 -20"><span class='ocrx_word' id='word_1_510' title='bbox 258 3789 368 3862; x_wconf 79' lang='lat' dir='ltr'><strong>turl</strong></span> <span class='ocrx_word' id='word_1_511' title='bbox 406 3793 774 3858; x_wconf 78' lang='lat' dir='ltr'><strong>vehementer,</strong></span> <span class='ocrx_word' id='word_1_512' title='bbox 811 3794 939 3863; x_wconf 90' lang='lat' dir='ltr'><strong>quia</strong></span> <span class='ocrx_word' id='word_1_513' title='bbox 1011 3809 1116 3848; x_wconf 87' lang='lat' dir='ltr'><strong>non</strong></span> <span class='ocrx_word' id='word_1_514' title='bbox 1189 3793 1579 3849; x_wconf 82' lang='lat' dir='ltr'><strong>intellexerunt</strong></span> <span class='ocrx_word' id='word_1_515' title='bbox 1631 3809 1834 3865; x_wconf 84' lang='lat' dir='ltr'><strong>oppro-</strong></span> 
     </span>
    </p>
   </div>
   <div class='ocr_carea' id='block_1_69' title="bbox 256 3882 1837 3956">
    <p class='ocr_par' dir='ltr' id='par_1_69' title="bbox 256 3882 1837 3956">
     <span class='ocr_line' id='line_1_69' title="bbox 256 3882 1837 3956; baseline 0.004 -19"><span class='ocrx_word' id='word_1_516' title='bbox 256 3883 436 3937; x_wconf 85' lang='lat' dir='ltr'><strong>brium</strong></span> <span class='ocrx_word' id='word_1_517' title='bbox 467 3882 592 3952; x_wconf 73' lang='lat' dir='ltr'><strong>(sive</strong></span> <span class='ocrx_word' id='word_1_518' title='bbox 626 3884 1001 3954; x_wconf 80' lang='lat' dir='ltr'><strong>ignominiam)</strong></span> <span class='ocrx_word' id='word_1_519' title='bbox 1041 3885 1464 3953; x_wconf 88' lang='lat' dir='ltr'><strong>sempiternum,</strong></span> <span class='ocrx_word' id='word_1_520' title='bbox 1498 3887 1642 3956; x_wconf 92' lang='lat' dir='ltr'><strong>quod</strong></span> <span class='ocrx_word' id='word_1_521' title='bbox 1688 3903 1837 3943; x_wconf 79' lang='lat' dir='ltr'><strong>nun-</strong></span> 
     </span>
    </p>
   </div>
   <div class='ocr_carea' id='block_1_70' title="bbox 256 3976 1838 4051">
    <p class='ocr_par' dir='ltr' id='par_1_70' title="bbox 256 3976 1838 4051">
     <span class='ocr_line' id='line_1_70' title="bbox 256 3976 1838 4051; baseline 0.006 -25"><span class='ocrx_word' id='word_1_522' title='bbox 256 3992 421 4046; x_wconf 77' lang='lat' dir='ltr'><strong>quam</strong></span> <span class='ocrx_word' id='word_1_523' title='bbox 470 3976 763 4032; x_wconf 78' lang='lat' dir='ltr'><strong>delebitul‘.</strong></span> <span class='ocrx_word' id='word_1_524' title='bbox 803 3995 822 4029; x_wconf 75' lang='grc' dir='ltr'><strong><em>ι</em></strong></span> <span class='ocrx_word' id='word_1_525' title='bbox 851 3978 988 4044; x_wconf 85' lang='lat' dir='ltr'><strong>Quia</strong></span> <span class='ocrx_word' id='word_1_526' title='bbox 1053 3981 1328 4047; x_wconf 83' lang='lat' dir='ltr'><strong>persecuti</strong></span> <span class='ocrx_word' id='word_1_527' title='bbox 1361 3988 1510 4044; x_wconf 88' lang='lat' dir='ltr'><strong>sunt,</strong></span> <span class='ocrx_word' id='word_1_528' title='bbox 1542 3981 1664 4035; x_wconf 87' lang='lat' dir='ltr'><strong>ideo</strong></span> <span class='ocrx_word' id='word_1_529' title='bbox 1710 3996 1838 4051; x_wconf 87' lang='lat' dir='ltr'><strong>pro-</strong></span> 
     </span>
    </p>
   </div>
   <div class='ocr_carea' id='block_1_71' title="bbox 259 4068 1840 4140">
    <p class='ocr_par' dir='ltr' id='par_1_71' title="bbox 259 4068 1840 4140">
     <span class='ocr_line' id='line_1_71' title="bbox 259 4068 1840 4140; baseline 0.004 -18"><span class='ocrx_word' id='word_1_530' title='bbox 259 4068 540 4137; x_wconf 80' lang='lat' dir='ltr'><strong>pheticum</strong></span> <span class='ocrx_word' id='word_1_531' title='bbox 571 4085 677 4123; x_wconf 91' lang='lat' dir='ltr'><strong>non</strong></span> <span class='ocrx_word' id='word_1_532' title='bbox 714 4079 1012 4138; x_wconf 89' lang='lat' dir='ltr'><strong>potuerunt</strong></span> <span class='ocrx_word' id='word_1_533' title='bbox 1070 4070 1375 4140; x_wconf 77' lang='lat' dir='ltr'><strong>intelligere</strong></span> <span class='ocrx_word' id='word_1_534' title='bbox 1410 4086 1742 4138; x_wconf 79' lang='lat' dir='ltr'><strong>sermonem,</strong></span> <span class='ocrx_word' id='word_1_535' title='bbox 1784 4084 1840 4130; x_wconf 90' lang='lat' dir='ltr'><strong>et</strong></span> 
     </span>
    </p>
   </div>
   <div class='ocr_carea' id='block_1_72' title="bbox 259 4161 1838 4232">
    <p class='ocr_par' dir='ltr' id='par_1_72' title="bbox 259 4161 1838 4232">
     <span class='ocr_line' id='line_1_72' title="bbox 259 4161 1838 4232; baseline 0.004 -16"><span class='ocrx_word' id='word_1_536' title='bbox 259 4162 626 4232; x_wconf 82' lang='lat' dir='ltr'><strong>ignorantiam</strong></span> <span class='ocrx_word' id='word_1_537' title='bbox 659 4161 912 4217; x_wconf 83' lang='lat' dir='ltr'><strong>confusio</strong></span> <span class='ocrx_word' id='word_1_538' title='bbox 951 4164 1246 4219; x_wconf 84' lang='lat' dir='ltr'><strong>vehemens</strong></span> <span class='ocrx_word' id='word_1_539' title='bbox 1275 4176 1568 4219; x_wconf 86' lang='lat' dir='ltr'><strong>consecuta</strong></span> <span class='ocrx_word' id='word_1_540' title='bbox 1601 4177 1705 4228; x_wconf 90' lang='lat' dir='ltr'><strong>est,</strong></span> <span class='ocrx_word' id='word_1_541' title='bbox 1739 4181 1838 4223; x_wconf 91' lang='lat' dir='ltr'><strong>nec</strong></span> 
     </span>
    </p>
   </div>
   <div class='ocr_carea' id='block_1_73' title="bbox 262 4253 1841 4324">
    <p class='ocr_par' dir='ltr' id='par_1_73' title="bbox 262 4253 1841 4324">
     <span class='ocr_line' id='line_1_73' title="bbox 262 4253 1841 4324; baseline 0.001 -16"><span class='ocrx_word' id='word_1_542' title='bbox 262 4253 649 4308; x_wconf 79' lang='lat' dir='ltr'><strong>intellexerunt</strong></span> <span class='ocrx_word' id='word_1_543' title='bbox 677 4253 1031 4322; x_wconf 79' lang='lat' dir='ltr'><strong>ignominiam</strong></span> <span class='ocrx_word' id='word_1_544' title='bbox 1089 4256 1506 4323; x_wconf 86' lang='lat' dir='ltr'><strong>sempiternam,</strong></span> <span class='ocrx_word' id='word_1_545' title='bbox 1548 4270 1670 4324; x_wconf 65' lang='lat' dir='ltr'><strong>quae</strong></span> <span class='ocrx_word' id='word_1_546' title='bbox 1699 4256 1841 4310; x_wconf 88' lang='lat' dir='ltr'><strong>obti-</strong></span> 
     </span>
    </p>
   </div>
   <div class='ocr_carea' id='block_1_74' title="bbox 263 4346 1842 4413">
    <p class='ocr_par' dir='ltr' id='par_1_74' title="bbox 263 4346 1842 4413">
     <span class='ocr_line' id='line_1_74' title="bbox 263 4346 1842 4413; baseline 0 -10"><span class='ocrx_word' id='word_1_547' title='bbox 263 4348 416 4404; x_wconf 89' lang='lat' dir='ltr'><strong>nebit</strong></span> <span class='ocrx_word' id='word_1_548' title='bbox 459 4361 575 4413; x_wconf 89' lang='lat' dir='ltr'><strong>eos,</strong></span> <span class='ocrx_word' id='word_1_549' title='bbox 639 4355 694 4401; x_wconf 90' lang='lat' dir='ltr'><strong>et</strong></span> <span class='ocrx_word' id='word_1_550' title='bbox 741 4346 887 4400; x_wconf 90' lang='lat' dir='ltr'><strong>nulla</strong></span> <span class='ocrx_word' id='word_1_551' title='bbox 947 4347 1222 4402; x_wconf 87' lang='lat' dir='ltr'><strong>oblivione</strong></span> <span class='ocrx_word' id='word_1_552' title='bbox 1300 4348 1589 4402; x_wconf 81' lang='lat' dir='ltr'><strong>delebitur.</strong></span> <span class='ocrx_word' id='word_1_553' title='bbox 1647 4349 1842 4403; x_wconf 87' lang='lat' dir='ltr'><strong>Dieant</strong></span> 
     </span>
    </p>
   </div>
   <div class='ocr_carea' id='block_1_75' title="bbox 262 4439 1842 4512">
    <p class='ocr_par' dir='ltr' id='par_1_75' title="bbox 262 4439 1842 4512">
     <span class='ocr_line' id='line_1_75' title="bbox 262 4439 1842 4512; baseline 0.001 -18"><span class='ocrx_word' id='word_1_554' title='bbox 262 4441 428 4512; x_wconf 74' lang='lat' dir='ltr'><strong>igitur</strong></span> <span class='ocrx_word' id='word_1_555' title='bbox 457 4439 603 4508; x_wconf 90' lang='lat' dir='ltr'><strong>quod</strong></span> <span class='ocrx_word' id='word_1_556' title='bbox 636 4439 824 4493; x_wconf 79' lang='lat' dir='ltr'><strong>volunt</strong></span> <span class='ocrx_word' id='word_1_557' title='bbox 857 4439 958 4492; x_wconf 90' lang='lat' dir='ltr'><strong>viri</strong></span> <span class='ocrx_word' id='word_1_558' title='bbox 989 4441 1264 4508; x_wconf 87' lang='lat' dir='ltr'><strong>quondam</strong></span> <span class='ocrx_word' id='word_1_559' title='bbox 1299 4439 1460 4509; x_wconf 76' lang='lat'><strong>981</strong></span> <span class='ocrx_word' id='word_1_560' title='bbox 1496 4440 1730 4510; x_wconf 79' lang='lat' dir='ltr'><strong>paciﬁci,</strong></span> <span class='ocrx_word' id='word_1_561' title='bbox 1785 4449 1842 4496; x_wconf 90' lang='lat' dir='ltr'><strong>et</strong></span> 
     </span>
    </p>
   </div>
   <div class='ocr_carea' id='block_1_76' title="bbox 262 4513 1917 4603">
    <p class='ocr_par' dir='ltr' id='par_1_76' title="bbox 262 4513 1917 4603">
     <span class='ocr_line' id='line_1_76' title="bbox 262 4513 1917 4603; baseline 0.001 -17"><span class='ocrx_word' id='word_1_562' title='bbox 262 4536 354 4603; x_wconf 89' lang='lat' dir='ltr'><strong>qui</strong></span> <span class='ocrx_word' id='word_1_563' title='bbox 383 4530 927 4588; x_wconf 86' lang='lat' dir='ltr'><strong>custodiebautlatus</strong></span> <span class='ocrx_word' id='word_1_564' title='bbox 949 4545 1150 4597; x_wconf 91' lang='lat' dir='ltr'><strong>meum,</strong></span> <span class='ocrx_word' id='word_1_565' title='bbox 1177 4541 1232 4586; x_wconf 91' lang='lat' dir='ltr'><strong>et</strong></span> <span class='ocrx_word' id='word_1_566' title='bbox 1255 4532 1509 4602; x_wconf 86' lang='lat' dir='ltr'><strong>decipere</strong></span> <span class='ocrx_word' id='word_1_567' title='bbox 1527 4533 1837 4603; x_wconf 89' lang='lat' dir='ltr'><strong>cupiebant,</strong></span> <span class='ocrx_word' id='word_1_568' title='bbox 1870 4513 1917 4570; x_wconf 71' lang='grc' dir='ltr'><strong>θ</strong></span> 
     </span>
    </p>
   </div>
   <div class='ocr_carea' id='block_1_77' title="bbox 265 4623 1840 4693">
    <p class='ocr_par' dir='ltr' id='par_1_77' title="bbox 265 4623 1840 4693">
     <span class='ocr_line' id='line_1_77' title="bbox 265 4623 1840 4693; baseline -0.001 -13"><span class='ocrx_word' id='word_1_569' title='bbox 265 4625 562 4680; x_wconf 89' lang='lat' dir='ltr'><strong>dummodo</strong></span> <span class='ocrx_word' id='word_1_570' title='bbox 595 4625 805 4693; x_wconf 88' lang='lat' dir='ltr'><strong>justum</strong></span> <span class='ocrx_word' id='word_1_571' title='bbox 844 4623 1023 4677; x_wconf 91' lang='lat' dir='ltr'><strong>virum</strong></span> <span class='ocrx_word' id='word_1_572' title='bbox 1063 4634 1230 4691; x_wconf 87' lang='lat' dir='ltr'><strong>atque</strong></span> <span class='ocrx_word' id='word_1_573' title='bbox 1267 4625 1548 4678; x_wconf 85' lang='lat' dir='ltr'><strong>doctorem</strong></span> <span class='ocrx_word' id='word_1_574' title='bbox 1582 4625 1840 4679; x_wconf 74' lang='lat' dir='ltr'><strong>Ecclesia:</strong></span> 
     </span>
    </p>
   </div>
   <div class='ocr_carea' id='block_1_78' title="bbox 264 4713 1842 4788">
    <p class='ocr_par' dir='ltr' id='par_1_78' title="bbox 264 4713 1842 4788">
     <span class='ocr_line' id='line_1_78' title="bbox 264 4713 1842 4788; baseline -0.003 -16"><span class='ocrx_word' id='word_1_575' title='bbox 264 4725 389 4788; x_wconf 90' lang='lat' dir='ltr'><strong>post</strong></span> <span class='ocrx_word' id='word_1_576' title='bbox 418 4713 858 4785; x_wconf 84' lang='lat' dir='ltr'><strong>persecutionem</strong></span> <span class='ocrx_word' id='word_1_577' title='bbox 881 4720 1033 4768; x_wconf 82' lang='lat' dir='ltr'><strong>tanta</strong></span> <span class='ocrx_word' id='word_1_578' title='bbox 1054 4713 1316 4780; x_wconf 86' lang='lat' dir='ltr'><strong>vindicta,</strong></span> <span class='ocrx_word' id='word_1_579' title='bbox 1339 4722 1598 4783; x_wconf 88' lang='lat' dir='ltr'><strong>tantaque</strong></span> <span class='ocrx_word' id='word_1_580' title='bbox 1619 4714 1842 4784; x_wconf 68' lang='lat' dir='ltr'><strong>praemia</strong></span> 
     </span>
    </p>
   </div>
   <div class='ocr_carea' id='block_1_79' title="bbox 264 4817 697 4877">
    <p class='ocr_par' dir='ltr' id='par_1_79' title="bbox 264 4817 697 4877">
     <span class='ocr_line' id='line_1_79' title="bbox 264 4817 697 4877; baseline -0.007 -13"><span class='ocrx_word' id='word_1_581' title='bbox 264 4817 697 4877; x_wconf 87' lang='lat' dir='ltr'><strong>consequantur.</strong></span> 
     </span>
    </p>
   </div>
   <div class='ocr_carea' id='block_1_80' title="bbox 335 4894 1843 4969">
    <p class='ocr_par' dir='ltr' id='par_1_80' title="bbox 335 4894 1843 4969">
     <span class='ocr_line' id='line_1_80' title="bbox 335 4894 1843 4969; baseline -0.003 -14"><span class='ocrx_word' id='word_1_582' title='bbox 335 4905 356 4969; x_wconf 87' lang='lat'><strong>(</strong></span> <span class='ocrx_word' id='word_1_583' title='bbox 384 4899 540 4955; x_wconf 77' lang='lat' dir='ltr'><strong>Vers.</strong></span> <span class='ocrx_word' id='word_1_584' title='bbox 572 4898 658 4951; x_wconf 75' lang='lat'><strong>12.</strong></span> <span class='ocrx_word' id='word_1_585' title='bbox 690 4899 709 4967; x_wconf 94' lang='lat'><strong>)</strong></span> <span class='ocrx_word' id='word_1_586' title='bbox 757 4913 775 4949; x_wconf 84' lang='lat' dir='ltr'><strong>t</strong></span> <span class='ocrx_word' id='word_1_587' title='bbox 811 4896 877 4952; x_wconf 88' lang='lat' dir='ltr'><strong>Et</strong></span> <span class='ocrx_word' id='word_1_588' title='bbox 909 4906 986 4960; x_wconf 92' lang='lat' dir='ltr'><strong>tu,</strong></span> <span class='ocrx_word' id='word_1_589' title='bbox 1020 4894 1243 4951; x_wconf 88' lang='lat' dir='ltr'><strong>Domine</strong></span> <span class='ocrx_word' id='word_1_590' title='bbox 1294 4897 1667 4962; x_wconf 75' lang='lat' dir='ltr'><strong>exercituum,</strong></span> <span class='ocrx_word' id='word_1_591' title='bbox 1718 4911 1843 4966; x_wconf 90' lang='lat' dir='ltr'><strong>pro-</strong></span> 
     </span>
    </p>
   </div>
   <div class='ocr_carea' id='block_1_81' title="bbox 267 4989 1845 5059">
    <p class='ocr_par' dir='ltr' id='par_1_81' title="bbox 267 4989 1845 5059">
     <span class='ocr_line' id='line_1_81' title="bbox 267 4989 1845 5059; baseline -0.001 -13"><span class='ocrx_word' id='word_1_592' title='bbox 267 4991 576 5059; x_wconf 87' lang='lat' dir='ltr'><strong>batorjusti</strong></span> <span class='ocrx_word' id='word_1_593' title='bbox 607 4989 624 5058; x_wconf 96' lang='lat'><strong>(</strong></span> <span class='ocrx_word' id='word_1_594' title='bbox 656 4990 765 5043; x_wconf 81' lang='lat' dir='ltr'><strong>sive</strong></span> <span class='ocrx_word' id='word_1_595' title='bbox 789 4989 886 5058; x_wconf 89' lang='lat' dir='ltr'><strong>qui</strong></span> <span class='ocrx_word' id='word_1_596' title='bbox 914 4989 1115 5057; x_wconf 85' lang='lat' dir='ltr'><strong>probas</strong></span> <span class='ocrx_word' id='word_1_597' title='bbox 1136 4989 1332 5058; x_wconf 81' lang='lat' dir='ltr'><strong>justa),</strong></span> <span class='ocrx_word' id='word_1_598' title='bbox 1369 4990 1460 5058; x_wconf 90' lang='lat' dir='ltr'><strong>qui</strong></span> <span class='ocrx_word' id='word_1_599' title='bbox 1490 4989 1640 5043; x_wconf 87' lang='lat' dir='ltr'><strong>vides</strong></span> <span class='ocrx_word' id='word_1_600' title='bbox 1687 5004 1845 5044; x_wconf 90' lang='lat' dir='ltr'><strong>rencs</strong></span> 
     </span>
    </p>
   </div>
   <div class='ocr_carea' id='block_1_82' title="bbox 267 5080 1844 5149">
    <p class='ocr_par' dir='ltr' id='par_1_82' title="bbox 267 5080 1844 5149">
     <span class='ocr_line' id='line_1_82' title="bbox 267 5080 1844 5149; baseline -0.001 -12"><span class='ocrx_word' id='word_1_601' title='bbox 267 5093 324 5137; x_wconf 90' lang='lat' dir='ltr'><strong>et</strong></span> <span class='ocrx_word' id='word_1_602' title='bbox 349 5095 466 5147; x_wconf 91' lang='lat' dir='ltr'><strong>cor,</strong></span> <span class='ocrx_word' id='word_1_603' title='bbox 502 5082 736 5148; x_wconf 88' lang='lat' dir='ltr'><strong>videam,</strong></span> <span class='ocrx_word' id='word_1_604' title='bbox 771 5095 976 5149; x_wconf 68' lang='lat' dir='ltr'><strong>quaeso,</strong></span> <span class='ocrx_word' id='word_1_605' title='bbox 1004 5080 1263 5134; x_wconf 89' lang='lat' dir='ltr'><strong>ultionem</strong></span> <span class='ocrx_word' id='word_1_606' title='bbox 1296 5088 1445 5134; x_wconf 90' lang='lat' dir='ltr'><strong>tuam</strong></span> <span class='ocrx_word' id='word_1_607' title='bbox 1489 5095 1555 5134; x_wconf 80' lang='lat' dir='ltr'><strong>ex</strong></span> <span class='ocrx_word' id='word_1_608' title='bbox 1592 5081 1693 5144; x_wconf 90' lang='lat' dir='ltr'><strong>eis,</strong></span> <span class='ocrx_word' id='word_1_609' title='bbox 1749 5080 1844 5135; x_wconf 90' lang='lat' dir='ltr'><strong>tibi</strong></span> 
     </span>
    </p>
   </div>
   <div class='ocr_carea' id='block_1_83' title="bbox 269 5169 1843 5237">
    <p class='ocr_par' dir='ltr' id='par_1_83' title="bbox 269 5169 1843 5237">
     <span class='ocr_line' id='line_1_83' title="bbox 269 5169 1843 5237; baseline -0.002 -11"><span class='ocrx_word' id='word_1_610' title='bbox 269 5171 418 5226; x_wconf 88' lang='lat' dir='ltr'><strong>enim</strong></span> <span class='ocrx_word' id='word_1_611' title='bbox 452 5169 686 5224; x_wconf 85' lang='lat' dir='ltr'><strong>revelavi</strong></span> <span class='ocrx_word' id='word_1_612' title='bbox 716 5185 938 5225; x_wconf 83' lang='lat' dir='ltr'><strong>causam</strong></span> <span class='ocrx_word' id='word_1_613' title='bbox 970 5185 1172 5223; x_wconf 80' lang='lat' dir='ltr'><strong>meam.</strong></span> <span class='ocrx_word' id='word_1_614' title='bbox 1207 5187 1227 5221; x_wconf 78' lang='lat' dir='ltr'><strong>s</strong></span> <span class='ocrx_word' id='word_1_615' title='bbox 1256 5169 1417 5224; x_wconf 88' lang='lat' dir='ltr'><strong>Solus</strong></span> <span class='ocrx_word' id='word_1_616' title='bbox 1443 5180 1530 5224; x_wconf 88' lang='lat' dir='ltr'><strong>est</strong></span> <span class='ocrx_word' id='word_1_617' title='bbox 1562 5170 1843 5237; x_wconf 83' lang='lat' dir='ltr'><strong>Dominus,</strong></span> 
     </span>
    </p>
   </div>
   <div class='ocr_carea' id='block_1_84' title="bbox 270 5263 1848 5332">
    <p class='ocr_par' dir='ltr' id='par_1_84' title="bbox 270 5263 1848 5332">
     <span class='ocr_line' id='line_1_84' title="bbox 270 5263 1848 5332; baseline 0.002 -16"><span class='ocrx_word' id='word_1_618' title='bbox 270 5266 366 5332; x_wconf 89' lang='lat' dir='ltr'><strong>qui</strong></span> <span class='ocrx_word' id='word_1_619' title='bbox 404 5265 612 5317; x_wconf 88' lang='lat' dir='ltr'><strong>noverit</strong></span> <span class='ocrx_word' id='word_1_620' title='bbox 640 5263 873 5332; x_wconf 86' lang='lat' dir='ltr'><strong>probare</strong></span> <span class='ocrx_word' id='word_1_621' title='bbox 904 5263 1202 5331; x_wconf 85' lang='lat' dir='ltr'><strong>justitiam,</strong></span> <span class='ocrx_word' id='word_1_622' title='bbox 1235 5263 1509 5330; x_wconf 87' lang='lat' dir='ltr'><strong>quomodo</strong></span> <span class='ocrx_word' id='word_1_623' title='bbox 1559 5263 1708 5318; x_wconf 88' lang='lat' dir='ltr'><strong>solus</strong></span> <span class='ocrx_word' id='word_1_624' title='bbox 1764 5273 1848 5318; x_wconf 91' lang='lat' dir='ltr'><strong>est</strong></span> 
     </span>
    </p>
   </div>
   <div class='ocr_carea' id='block_1_85' title="bbox 270 5353 1846 5425">
    <p class='ocr_par' dir='ltr' id='par_1_85' title="bbox 270 5353 1846 5425">
     <span class='ocr_line' id='line_1_85' title="bbox 270 5353 1846 5425; baseline 0.001 -15"><span class='ocrx_word' id='word_1_625' title='bbox 270 5357 362 5425; x_wconf 85' lang='lat' dir='ltr'><strong>qui</strong></span> <span class='ocrx_word' id='word_1_626' title='bbox 391 5355 574 5411; x_wconf 88' lang='lat' dir='ltr'><strong>cordis</strong></span> <span class='ocrx_word' id='word_1_627' title='bbox 602 5357 818 5409; x_wconf 86' lang='lat' dir='ltr'><strong>interna</strong></span> <span class='ocrx_word' id='word_1_628' title='bbox 842 5356 1165 5423; x_wconf 82' lang='lat' dir='ltr'><strong>conspiciat.</strong></span> <span class='ocrx_word' id='word_1_629' title='bbox 1203 5355 1358 5410; x_wconf 85' lang='lat' dir='ltr'><strong>Unde</strong></span> <span class='ocrx_word' id='word_1_630' title='bbox 1384 5365 1437 5410; x_wconf 91' lang='lat' dir='ltr'><strong>et</strong></span> <span class='ocrx_word' id='word_1_631' title='bbox 1471 5353 1633 5410; x_wconf 84' lang='lat' dir='ltr'><strong>Jesus</strong></span> <span class='ocrx_word' id='word_1_632' title='bbox 1664 5356 1846 5412; x_wconf 80' lang='lat' dir='ltr'><strong>sciens</strong></span> 
     </span>
    </p>
   </div>
   <div class='ocr_carea' id='block_1_86' title="bbox 271 5443 1846 5516">
    <p class='ocr_par' dir='ltr' id='par_1_86' title="bbox 271 5443 1846 5516">
     <span class='ocr_line' id='line_1_86' title="bbox 271 5443 1846 5516; baseline 0.001 -17"><span class='ocrx_word' id='word_1_633' title='bbox 271 5443 634 5514; x_wconf 83' lang='lat' dir='ltr'><strong>cogitationes</strong></span> <span class='ocrx_word' id='word_1_634' title='bbox 677 5445 961 5499; x_wconf 85' lang='lat' dir='ltr'><strong>hominum</strong></span> <span class='ocrx_word' id='word_1_635' title='bbox 986 5443 1140 5516; x_wconf 76' lang='lat' dir='ltr'><strong>(Luc.</strong></span> <span class='ocrx_word' id='word_1_636' title='bbox 1176 5461 1228 5498; x_wconf 86' lang='lat' dir='ltr'><strong>vi</strong></span> <span class='ocrx_word' id='word_1_637' title='bbox 1257 5449 1298 5513; x_wconf 87' lang='lat'><strong>),</strong></span> <span class='ocrx_word' id='word_1_638' title='bbox 1332 5461 1440 5500; x_wconf 88' lang='lat' dir='ltr'><strong>non</strong></span> <span class='ocrx_word' id='word_1_639' title='bbox 1481 5462 1546 5500; x_wconf 77' lang='lat' dir='ltr'><strong>ex</strong></span> <span class='ocrx_word' id='word_1_640' title='bbox 1572 5447 1846 5516; x_wconf 74' lang='lat' dir='ltr'><strong>profectu,</strong></span> 
     </span>
    </p>
   </div>
   <div class='ocr_carea' id='block_1_87' title="bbox 274 5537 1846 5610">
    <p class='ocr_par' dir='ltr' id='par_1_87' title="bbox 274 5537 1846 5610">
     <span class='ocr_line' id='line_1_87' title="bbox 274 5537 1846 5610; baseline 0.002 -21"><span class='ocrx_word' id='word_1_641' title='bbox 274 5550 332 5590; x_wconf 76' lang='lat' dir='ltr'><strong>ut</strong></span> <span class='ocrx_word' id='word_1_642' title='bbox 360 5537 578 5607; x_wconf 87' lang='lat' dir='ltr'><strong>quidam</strong></span> <span class='ocrx_word' id='word_1_643' title='bbox 613 5548 824 5606; x_wconf 89' lang='lat' dir='ltr'><strong>putant,</strong></span> <span class='ocrx_word' id='word_1_644' title='bbox 856 5537 950 5592; x_wconf 86' lang='lat' dir='ltr'><strong>sed</strong></span> <span class='ocrx_word' id='word_1_645' title='bbox 977 5548 1185 5603; x_wconf 74' lang='lat' dir='ltr'><strong>natura</strong></span> <span class='ocrx_word' id='word_1_646' title='bbox 1235 5537 1372 5594; x_wconf 88' lang='lat' dir='ltr'><strong>Deus</strong></span> <span class='ocrx_word' id='word_1_647' title='bbox 1399 5548 1500 5593; x_wconf 86' lang='lat' dir='ltr'><strong>est.</strong></span> <span class='ocrx_word' id='word_1_648' title='bbox 1552 5539 1680 5595; x_wconf 82' lang='lat' dir='ltr'><strong>Tale</strong></span> <span class='ocrx_word' id='word_1_649' title='bbox 1719 5540 1846 5610; x_wconf 89' lang='lat' dir='ltr'><strong>quid</strong></span> 
     </span>
    </p>
   </div>
   <div class='ocr_carea' id='block_1_88' title="bbox 274 5628 1849 5698">
    <p class='ocr_par' dir='ltr' id='par_1_88' title="bbox 274 5628 1849 5698">
     <span class='ocr_line' id='line_1_88' title="bbox 274 5628 1849 5698; baseline 0.001 -15"><span class='ocrx_word' id='word_1_650' title='bbox 274 5641 329 5683; x_wconf 90' lang='lat' dir='ltr'><strong>et</strong></span> <span class='ocrx_word' id='word_1_651' title='bbox 361 5645 417 5683; x_wconf 86' lang='lat' dir='ltr'><strong>in</strong></span> <span class='ocrx_word' id='word_1_652' title='bbox 459 5628 687 5698; x_wconf 83' lang='lat' dir='ltr'><strong>psalmis</strong></span> <span class='ocrx_word' id='word_1_653' title='bbox 734 5637 895 5684; x_wconf 87' lang='lat' dir='ltr'><strong>sonat</strong></span> <span class='ocrx_word' id='word_1_654' title='bbox 927 5645 944 5686; x_wconf 86' lang='lat'><strong>:</strong></span> <span class='ocrx_word' id='word_1_655' title='bbox 973 5629 1096 5684; x_wconf 88' lang='lat' dir='ltr'><strong>Non</strong></span> <span class='ocrx_word' id='word_1_656' title='bbox 1129 5630 1516 5698; x_wconf 75' lang='lat' dir='ltr'><strong>justi/imbitur</strong></span> <span class='ocrx_word' id='word_1_657' title='bbox 1541 5631 1595 5683; x_wconf 84' lang='lat' dir='ltr'><strong>in</strong></span> <span class='ocrx_word' id='word_1_658' title='bbox 1628 5647 1849 5696; x_wconf 80' lang='lat' dir='ltr'><strong>conspe-</strong></span> 
     </span>
    </p>
   </div>
   <div class='ocr_carea' id='block_1_89' title="bbox 272 5719 1849 5794">
    <p class='ocr_par' dir='ltr' id='par_1_89' title="bbox 272 5719 1849 5794">
     <span class='ocr_line' id='line_1_89' title="bbox 272 5719 1849 5794; baseline 0.002 -20"><span class='ocrx_word' id='word_1_659' title='bbox 272 5735 362 5774; x_wconf 75' lang='lat' dir='ltr'><strong>czu</strong></span> <span class='ocrx_word' id='word_1_660' title='bbox 420 5729 508 5773; x_wconf 88' lang='lat' dir='ltr'><strong>tuo</strong></span> <span class='ocrx_word' id='word_1_661' title='bbox 551 5721 719 5775; x_wconf 87' lang='lat' dir='ltr'><strong>omnis</strong></span> <span class='ocrx_word' id='word_1_662' title='bbox 776 5722 949 5776; x_wconf 77' lang='lat' dir='ltr'><strong>vivens</strong></span> <span class='ocrx_word' id='word_1_663' title='bbox 1002 5719 1179 5794; x_wconf 81' lang='lat' dir='ltr'><strong>(Psal.</strong></span> <span class='ocrx_word' id='word_1_664' title='bbox 1232 5724 1400 5787; x_wconf 68' lang='lat' dir='ltr'><strong>CXLit,</strong></span> <span class='ocrx_word' id='word_1_665' title='bbox 1449 5723 1525 5789; x_wconf 75' lang='lat'><strong>2).</strong></span> <span class='ocrx_word' id='word_1_666' title='bbox 1557 5722 1614 5777; x_wconf 92' lang='lat' dir='ltr'><strong>Si</strong></span> <span class='ocrx_word' id='word_1_667' title='bbox 1666 5723 1849 5778; x_wconf 85' lang='lat' dir='ltr'><strong>vivens</strong></span> 
     </span>
    </p>
   </div>
   <div class='ocr_carea' id='block_1_90' title="bbox 275 5810 1848 5888">
    <p class='ocr_par' dir='ltr' id='par_1_90' title="bbox 275 5810 1848 5888">
     <span class='ocr_line' id='line_1_90' title="bbox 275 5810 1848 5888; baseline 0.002 -21"><span class='ocrx_word' id='word_1_668' title='bbox 275 5810 572 5868; x_wconf 77' lang='lat' dir='ltr'><strong>virtutibus</strong></span> <span class='ocrx_word' id='word_1_669' title='bbox 599 5830 703 5868; x_wconf 86' lang='lat' dir='ltr'><strong>non</strong></span> <span class='ocrx_word' id='word_1_670' title='bbox 734 5813 1140 5883; x_wconf 79' lang='lat' dir='ltr'><strong>justiticabitur,</strong></span> <span class='ocrx_word' id='word_1_671' title='bbox 1196 5825 1399 5886; x_wconf 87' lang='lat' dir='ltr'><strong>quanto</strong></span> <span class='ocrx_word' id='word_1_672' title='bbox 1424 5817 1594 5887; x_wconf 78' lang='lat' dir='ltr'><strong>magis</strong></span> <span class='ocrx_word' id='word_1_673' title='bbox 1623 5818 1712 5888; x_wconf 90' lang='lat' dir='ltr'><strong>qui</strong></span> <span class='ocrx_word' id='word_1_674' title='bbox 1750 5833 1848 5886; x_wconf 86' lang='lat' dir='ltr'><strong>pro</strong></span> 
     </span>
    </p>
   </div>
   <div class='ocr_carea' id='block_1_91' title="bbox 1936 3235 3512 3307">
    <p class='ocr_par' dir='ltr' id='par_1_91' title="bbox 1936 3235 3512 3307">
     <span class='ocr_line' id='line_1_91' title="bbox 1936 3235 3512 3307; baseline 0.004 -21"><span class='ocrx_word' id='word_1_675' title='bbox 1936 3235 2054 3304; x_wconf 71' lang='lat' dir='ltr'><strong>ejus</strong></span> <span class='ocrx_word' id='word_1_676' title='bbox 2082 3246 2378 3305; x_wconf 89' lang='lat' dir='ltr'><strong>conceptus</strong></span> <span class='ocrx_word' id='word_1_677' title='bbox 2421 3248 2680 3291; x_wconf 64' lang='lat' dir='ltr'><strong>aeternus.</strong></span> <span class='ocrx_word' id='word_1_678' title='bbox 2718 3237 2898 3304; x_wconf 81' lang='lat' dir='ltr'><strong>Quare</strong></span> <span class='ocrx_word' id='word_1_679' title='bbox 2931 3243 2997 3292; x_wconf 91' lang='lat' dir='ltr'><strong>de</strong></span> <span class='ocrx_word' id='word_1_680' title='bbox 3062 3239 3216 3292; x_wconf 79' lang='lat' dir='ltr'><strong>vulva</strong></span> <span class='ocrx_word' id='word_1_681' title='bbox 3251 3255 3512 3307; x_wconf 80' lang='lat' dir='ltr'><strong>egressus</strong></span> 
     </span>
    </p>
   </div>
   <div class='ocr_carea' id='block_1_92' title="bbox 1935 3329 3519 3395">
    <p class='ocr_par' dir='ltr' id='par_1_92' title="bbox 1935 3329 3519 3395">
     <span class='ocr_line' id='line_1_92' title="bbox 1935 3329 3519 3395; baseline 0.002 -12"><span class='ocrx_word' id='word_1_682' title='bbox 1935 3343 2078 3394; x_wconf 89' lang='lat' dir='ltr'><strong>sum,</strong></span> <span class='ocrx_word' id='word_1_683' title='bbox 2111 3337 2166 3382; x_wconf 93' lang='lat' dir='ltr'><strong>ut</strong></span> <span class='ocrx_word' id='word_1_684' title='bbox 2202 3329 2440 3383; x_wconf 81' lang='lat' dir='ltr'><strong>viderem</strong></span> <span class='ocrx_word' id='word_1_685' title='bbox 2483 3330 2723 3384; x_wconf 87' lang='lat' dir='ltr'><strong>laborem</strong></span> <span class='ocrx_word' id='word_1_686' title='bbox 2755 3341 2809 3384; x_wconf 93' lang='lat' dir='ltr'><strong>et</strong></span> <span class='ocrx_word' id='word_1_687' title='bbox 2841 3330 3108 3395; x_wconf 84' lang='lat' dir='ltr'><strong>dolorem,</strong></span> <span class='ocrx_word' id='word_1_688' title='bbox 3144 3341 3519 3387; x_wconf 82' lang='lat' dir='ltr'><strong>et.consunie-</strong></span> 
     </span>
    </p>
   </div>
   <div class='ocr_carea' id='block_1_93' title="bbox 1937 3423 3517 3494">
    <p class='ocr_par' dir='ltr' id='par_1_93' title="bbox 1937 3423 3517 3494">
     <span class='ocr_line' id='line_1_93' title="bbox 1937 3423 3517 3494; baseline 0.001 -16"><span class='ocrx_word' id='word_1_689' title='bbox 1937 3436 2126 3478; x_wconf 81' lang='lat' dir='ltr'><strong>rentur</strong></span> <span class='ocrx_word' id='word_1_690' title='bbox 2158 3423 2210 3477; x_wconf 92' lang='lat' dir='ltr'><strong>in</strong></span> <span class='ocrx_word' id='word_1_691' title='bbox 2236 3423 2560 3477; x_wconf 78' lang='lat' dir='ltr'><strong>confusione</strong></span> <span class='ocrx_word' id='word_1_692' title='bbox 2589 3424 2707 3477; x_wconf 85' lang='lat' dir='ltr'><strong>dies</strong></span> <span class='ocrx_word' id='word_1_693' title='bbox 2765 3424 2917 3477; x_wconf 86' lang='lat' dir='ltr'><strong>mei?</strong></span> <span class='ocrx_word' id='word_1_694' title='bbox 2950 3441 2968 3474; x_wconf 77' lang='grc' dir='ltr'><strong><em>ι</em></strong></span> <span class='ocrx_word' id='word_1_695' title='bbox 3015 3424 3116 3489; x_wconf 88' lang='lat' dir='ltr'><strong>Qui</strong></span> <span class='ocrx_word' id='word_1_696' title='bbox 3172 3436 3365 3494; x_wconf 89' lang='lat' dir='ltr'><strong>putant</strong></span> <span class='ocrx_word' id='word_1_697' title='bbox 3398 3428 3517 3480; x_wconf 81' lang='lat' dir='ltr'><strong>ani-</strong></span> 
     </span>
    </p>
   </div>
   <div class='ocr_carea' id='block_1_94' title="bbox 1937 3514 3512 3583">
    <p class='ocr_par' dir='ltr' id='par_1_94' title="bbox 1937 3514 3512 3583">
     <span class='ocr_line' id='line_1_94' title="bbox 1937 3514 3512 3583; baseline -0.001 -13"><span class='ocrx_word' id='word_1_698' title='bbox 1937 3529 2059 3571; x_wconf 83' lang='lat' dir='ltr'><strong>mas</strong></span> <span class='ocrx_word' id='word_1_699' title='bbox 2091 3514 2263 3572; x_wconf 80' lang='lat' dir='ltr'><strong>fuisse</strong></span> <span class='ocrx_word' id='word_1_700' title='bbox 2295 3515 2347 3569; x_wconf 89' lang='lat' dir='ltr'><strong>in</strong></span> <span class='ocrx_word' id='word_1_701' title='bbox 2389 3514 2727 3577; x_wconf 87' lang='lat' dir='ltr'><strong>coelestibus,</strong></span> <span class='ocrx_word' id='word_1_702' title='bbox 2759 3525 2810 3567; x_wconf 88' lang='lat' dir='ltr'><strong>et</strong></span> <span class='ocrx_word' id='word_1_703' title='bbox 2845 3514 2909 3566; x_wconf 89' lang='lat' dir='ltr'><strong>de</strong></span> <span class='ocrx_word' id='word_1_704' title='bbox 2945 3516 3154 3568; x_wconf 84' lang='lat' dir='ltr'><strong>meliori</strong></span> <span class='ocrx_word' id='word_1_705' title='bbox 3183 3517 3235 3567; x_wconf 90' lang='lat' dir='ltr'><strong>in</strong></span> <span class='ocrx_word' id='word_1_706' title='bbox 3271 3515 3512 3583; x_wconf 75' lang='lat' dir='ltr'><strong>priorem</strong></span> 
     </span>
    </p>
   </div>
   <div class='ocr_carea' id='block_1_95' title="bbox 1937 3605 3515 3679">
    <p class='ocr_par' dir='ltr' id='par_1_95' title="bbox 1937 3605 3515 3679">
     <span class='ocr_line' id='line_1_95' title="bbox 1937 3605 3515 3679; baseline -0.004 -14"><span class='ocrx_word' id='word_1_707' title='bbox 1937 3619 2140 3665; x_wconf 88' lang='lat' dir='ltr'><strong>statum</strong></span> <span class='ocrx_word' id='word_1_708' title='bbox 2171 3609 2558 3679; x_wconf 81' lang='lat' dir='ltr'><strong>praecipitatas,</strong></span> <span class='ocrx_word' id='word_1_709' title='bbox 2599 3608 2700 3661; x_wconf 84' lang='lat' dir='ltr'><strong>hoc</strong></span> <span class='ocrx_word' id='word_1_710' title='bbox 2731 3616 2786 3662; x_wconf 89' lang='lat' dir='ltr'><strong>et</strong></span> <span class='ocrx_word' id='word_1_711' title='bbox 2842 3605 3216 3676; x_wconf 83' lang='lat' dir='ltr'><strong>hujuscemodi</strong></span> <span class='ocrx_word' id='word_1_712' title='bbox 3280 3614 3515 3659; x_wconf 88' lang='lat' dir='ltr'><strong>utuntur</strong></span> 
     </span>
    </p>
   </div>
   <div class='ocr_carea' id='block_1_96' title="bbox 1940 3687 3514 3769">
    <p class='ocr_par' dir='ltr' id='par_1_96' title="bbox 1940 3687 3514 3769">
     <span class='ocr_line' id='line_1_96' title="bbox 1940 3687 3514 3769; baseline -0.004 -12"><span class='ocrx_word' id='word_1_713' title='bbox 1940 3703 2291 3767; x_wconf 87' lang='lat' dir='ltr'><strong>testimoniis,</strong></span> <span class='ocrx_word' id='word_1_714' title='bbox 2325 3701 2467 3769; x_wconf 89' lang='lat' dir='ltr'><strong>quod</strong></span> <span class='ocrx_word' id='word_1_715' title='bbox 2499 3701 2711 3755; x_wconf 84' lang='lat' dir='ltr'><strong>scilicet</strong></span> <span class='ocrx_word' id='word_1_716' title='bbox 2733 3700 2924 3753; x_wconf 89' lang='lat' dir='ltr'><strong>melius</strong></span> <span class='ocrx_word' id='word_1_717' title='bbox 2965 3699 3127 3752; x_wconf 83' lang='lat' dir='ltr'><strong>fuerit</strong></span> <span class='ocrx_word' id='word_1_718' title='bbox 3167 3687 3243 3751; x_wconf 32' lang='lat' dir='ltr'><strong>in‘</strong></span> <span class='ocrx_word' id='word_1_719' title='bbox 3267 3698 3514 3753; x_wconf 78' lang='lat' dir='ltr'><strong>ccclesii-</strong></span> 
     </span>
    </p>
   </div>
   <div class='ocr_carea' id='block_1_97' title="bbox 1938 3791 3514 3864">
    <p class='ocr_par' dir='ltr' id='par_1_97' title="bbox 1938 3791 3514 3864">
     <span class='ocr_line' id='line_1_97' title="bbox 1938 3791 3514 3864; baseline -0.006 -12"><span class='ocrx_word' id='word_1_720' title='bbox 1938 3798 2060 3860; x_wconf 87' lang='lat' dir='ltr'><strong>bus,</strong></span> <span class='ocrx_word' id='word_1_721' title='bbox 2100 3809 2262 3864; x_wconf 87' lang='lat' dir='ltr'><strong>quam</strong></span> <span class='ocrx_word' id='word_1_722' title='bbox 2295 3793 2360 3848; x_wconf 40' lang='lat' dir='ltr'><strong>vin</strong></span> <span class='ocrx_word' id='word_1_723' title='bbox 2397 3792 2630 3848; x_wconf 90' lang='lat' dir='ltr'><strong>terrenis</strong></span> <span class='ocrx_word' id='word_1_724' title='bbox 2689 3792 3038 3852; x_wconf 85' lang='lat' dir='ltr'><strong>commorari,</strong></span> <span class='ocrx_word' id='word_1_725' title='bbox 3070 3803 3126 3844; x_wconf 89' lang='lat' dir='ltr'><strong>et</strong></span> <span class='ocrx_word' id='word_1_726' title='bbox 3163 3806 3359 3858; x_wconf 87' lang='lat' dir='ltr'><strong>corpus</strong></span> <span class='ocrx_word' id='word_1_727' title='bbox 3409 3791 3514 3845; x_wconf 89' lang='lat' dir='ltr'><strong>hu-</strong></span> 
     </span>
    </p>
   </div>
   <div class='ocr_carea' id='block_1_98' title="bbox 1939 3879 3512 3950">
    <p class='ocr_par' dir='ltr' id='par_1_98' title="bbox 1939 3879 3512 3950">
     <span class='ocr_line' id='line_1_98' title="bbox 1939 3879 3512 3950; baseline -0.004 -9"><span class='ocrx_word' id='word_1_728' title='bbox 1939 3884 2188 3942; x_wconf 87' lang='lat' dir='ltr'><strong>militatis</strong></span> <span class='ocrx_word' id='word_1_729' title='bbox 2240 3897 2568 3940; x_wconf 88' lang='lat' dir='ltr'><strong>assumere:</strong></span> <span class='ocrx_word' id='word_1_730' title='bbox 2601 3897 2738 3936; x_wconf 91' lang='lat' dir='ltr'><strong>nova</strong></span> <span class='ocrx_word' id='word_1_731' title='bbox 2794 3883 3061 3950; x_wconf 67' lang='lat' dir='ltr'><strong>quaedam,</strong></span> <span class='ocrx_word' id='word_1_732' title='bbox 3115 3882 3222 3935; x_wconf 89' lang='lat' dir='ltr'><strong>imo</strong></span> <span class='ocrx_word' id='word_1_733' title='bbox 3277 3879 3388 3948; x_wconf 88' lang='lat' dir='ltr'><strong>jam</strong></span> <span class='ocrx_word' id='word_1_734' title='bbox 3420 3895 3512 3935; x_wconf 90' lang='lat' dir='ltr'><strong>ve-</strong></span> 
     </span>
    </p>
   </div>
   <div class='ocr_carea' id='block_1_99' title="bbox 1941 3970 3515 4047">
    <p class='ocr_par' dir='ltr' id='par_1_99' title="bbox 1941 3970 3515 4047">
     <span class='ocr_line' id='line_1_99' title="bbox 1941 3970 3515 4047; baseline -0.004 -12"><span class='ocrx_word' id='word_1_735' title='bbox 1941 3989 2060 4035; x_wconf 88' lang='lat' dir='ltr'><strong>tera</strong></span> <span class='ocrx_word' id='word_1_736' title='bbox 2094 3970 2368 4035; x_wconf 72' lang='lat' dir='ltr'><strong>hiereseos</strong></span> <span class='ocrx_word' id='word_1_737' title='bbox 2401 3991 2510 4032; x_wconf 84' lang='lat' dir='ltr'><strong>sua:</strong></span> <span class='ocrx_word' id='word_1_738' title='bbox 2537 3975 2858 4047; x_wconf 82' lang='lat' dir='ltr'><strong>argumenta</strong></span> <span class='ocrx_word' id='word_1_739' title='bbox 2889 3985 3214 4043; x_wconf 58' lang='lat' dir='ltr'><strong>quaerentes.</strong></span> <span class='ocrx_word' id='word_1_740' title='bbox 3248 3972 3360 4029; x_wconf 85' lang='lat' dir='ltr'><strong>Nos</strong></span> <span class='ocrx_word' id='word_1_741' title='bbox 3383 3990 3515 4031; x_wconf 87' lang='lat' dir='ltr'><strong>vero</strong></span> 
     </span>
    </p>
   </div>
   <div class='ocr_carea' id='block_1_100' title="bbox 1941 4064 3512 4138">
    <p class='ocr_par' dir='ltr' id='par_1_100' title="bbox 1941 4064 3512 4138">
     <span class='ocr_line' id='line_1_100' title="bbox 1941 4064 3512 4138; baseline -0.005 -12"><span class='ocrx_word' id='word_1_742' title='bbox 1941 4071 2182 4138; x_wconf 79' lang='lat' dir='ltr'><strong>legentes</strong></span> <span class='ocrx_word' id='word_1_743' title='bbox 2215 4069 2343 4124; x_wconf 90' lang='lat' dir='ltr'><strong>illud</strong></span> <span class='ocrx_word' id='word_1_744' title='bbox 2384 4068 2528 4124; x_wconf 80' lang='lat' dir='ltr'><strong>beati</strong></span> <span class='ocrx_word' id='word_1_745' title='bbox 2574 4065 2710 4120; x_wconf 84' lang='lat' dir='ltr'><strong>Job:</strong></span> <span class='ocrx_word' id='word_1_746' title='bbox 2751 4065 2917 4135; x_wconf 78' lang='lat'><strong>982</strong></span> <span class='ocrx_word' id='word_1_747' title='bbox 2973 4064 3260 4118; x_wconf 81' lang='lat' dir='ltr'><strong>Maledicta</strong></span> <span class='ocrx_word' id='word_1_748' title='bbox 3292 4065 3402 4118; x_wconf 84' lang='lat' dir='ltr'><strong>dies</strong></span> <span class='ocrx_word' id='word_1_749' title='bbox 3460 4067 3512 4131; x_wconf 84' lang='lat' dir='ltr'><strong>in</strong></span> 
     </span>
    </p>
   </div>
   <div class='ocr_carea' id='block_1_101' title="bbox 1941 4157 3510 4233">
    <p class='ocr_par' dir='ltr' id='par_1_101' title="bbox 1941 4157 3510 4233">
     <span class='ocr_line' id='line_1_101' title="bbox 1941 4157 3510 4233; baseline -0.003 -17"><span class='ocrx_word' id='word_1_750' title='bbox 1941 4180 2047 4233; x_wconf 90' lang='lat' dir='ltr'><strong>qua</strong></span> <span class='ocrx_word' id='word_1_751' title='bbox 2099 4170 2256 4215; x_wconf 89' lang='lat' dir='ltr'><strong>natus</strong></span> <span class='ocrx_word' id='word_1_752' title='bbox 2312 4177 2451 4226; x_wconf 87' lang='lat' dir='ltr'><strong>sum,</strong></span> <span class='ocrx_word' id='word_1_753' title='bbox 2506 4168 2556 4214; x_wconf 84' lang='lat' dir='ltr'><strong>et</strong></span> <span class='ocrx_word' id='word_1_754' title='bbox 2607 4173 2711 4214; x_wconf 72' lang='lat' dir='ltr'><strong>nam</strong></span> <span class='ocrx_word' id='word_1_755' title='bbox 2743 4159 2839 4211; x_wconf 87' lang='lat' dir='ltr'><strong>illa</strong></span> <span class='ocrx_word' id='word_1_756' title='bbox 2891 4159 3073 4225; x_wconf 84' lang='lat' dir='ltr'><strong>inqua</strong></span> <span class='ocrx_word' id='word_1_757' title='bbox 3099 4157 3367 4222; x_wconf 70' lang='lat' dir='ltr'><strong>dixerunt,</strong></span> <span class='ocrx_word' id='word_1_758' title='bbox 3396 4173 3510 4211; x_wconf 84' lang='lat' dir='ltr'><strong>ecce</strong></span> 
     </span>
    </p>
   </div>
   <div class='ocr_carea' id='block_1_102' title="bbox 1943 4247 3516 4322">
    <p class='ocr_par' dir='ltr' id='par_1_102' title="bbox 1943 4247 3516 4322">
     <span class='ocr_line' id='line_1_102' title="bbox 1943 4247 3516 4322; baseline -0.003 -15"><span class='ocrx_word' id='word_1_759' title='bbox 1943 4256 2210 4308; x_wconf 83' lang='lat' dir='ltr'><strong>masculus</strong></span> <span class='ocrx_word' id='word_1_760' title='bbox 2265 4251 2387 4322; x_wconf 83' lang='lat' dir='ltr'><strong>(Job</strong></span> <span class='ocrx_word' id='word_1_761' title='bbox 2440 4266 2522 4318; x_wconf 80' lang='lat' dir='ltr'><strong>tu,</strong></span> <span class='ocrx_word' id='word_1_762' title='bbox 2555 4251 2634 4307; x_wconf 76' lang='lat'><strong>3).</strong></span> <span class='ocrx_word' id='word_1_763' title='bbox 2702 4249 2770 4304; x_wconf 88' lang='lat' dir='ltr'><strong>Et</strong></span> <span class='ocrx_word' id='word_1_764' title='bbox 2807 4267 2822 4303; x_wconf 89' lang='lat'><strong>:</strong></span> <span class='ocrx_word' id='word_1_765' title='bbox 2859 4247 3174 4301; x_wconf 82' lang='lat' dir='ltr'><strong>Maledictus</strong></span> <span class='ocrx_word' id='word_1_766' title='bbox 3207 4249 3360 4302; x_wconf 78' lang='lat' dir='ltr'><strong>homo</strong></span> <span class='ocrx_word' id='word_1_767' title='bbox 3425 4253 3516 4316; x_wconf 89' lang='lat' dir='ltr'><strong>qui</strong></span> 
     </span>
    </p>
   </div>
   <div class='ocr_carea' id='block_1_103' title="bbox 1943 4341 3516 4413">
    <p class='ocr_par' dir='ltr' id='par_1_103' title="bbox 1943 4341 3516 4413">
     <span class='ocr_line' id='line_1_103' title="bbox 1943 4341 3516 4413; baseline -0.005 -13"><span class='ocrx_word' id='word_1_768' title='bbox 1943 4348 2280 4402; x_wconf 81' lang='lat' dir='ltr'><strong>annuntiavit</strong></span> <span class='ocrx_word' id='word_1_769' title='bbox 2313 4344 2455 4413; x_wconf 88' lang='lat' dir='ltr'><strong>patri</strong></span> <span class='ocrx_word' id='word_1_770' title='bbox 2493 4359 2627 4406; x_wconf 86' lang='lat' dir='ltr'><strong>meo,</strong></span> <span class='ocrx_word' id='word_1_771' title='bbox 2682 4342 2884 4406; x_wconf 83' lang='lat' dir='ltr'><strong>dicens,</strong></span> <span class='ocrx_word' id='word_1_772' title='bbox 2938 4352 3095 4393; x_wconf 85' lang='lat' dir='ltr'><strong>natus</strong></span> <span class='ocrx_word' id='word_1_773' title='bbox 3126 4349 3201 4394; x_wconf 91' lang='lat' dir='ltr'><strong>est</strong></span> <span class='ocrx_word' id='word_1_774' title='bbox 3235 4341 3326 4394; x_wconf 85' lang='lat' dir='ltr'><strong>tibi</strong></span> <span class='ocrx_word' id='word_1_775' title='bbox 3367 4357 3516 4410; x_wconf 86' lang='lat' dir='ltr'><strong>puer,</strong></span> 
     </span>
    </p>
   </div>
   <div class='ocr_carea' id='block_1_104' title="bbox 1947 4432 3518 4503">
    <p class='ocr_par' dir='ltr' id='par_1_104' title="bbox 1947 4432 3518 4503">
     <span class='ocr_line' id='line_1_104' title="bbox 1947 4432 3518 4503; baseline -0.006 -10"><span class='ocrx_word' id='word_1_776' title='bbox 1947 4439 2072 4494; x_wconf 87' lang='lat' dir='ltr'><strong>huic</strong></span> <span class='ocrx_word' id='word_1_777' title='bbox 2103 4437 2414 4492; x_wconf 87' lang='lat' dir='ltr'><strong>testimonio</strong></span> <span class='ocrx_word' id='word_1_778' title='bbox 2472 4445 2816 4503; x_wconf 88' lang='lat' dir='ltr'><strong>coaptamus,</strong></span> <span class='ocrx_word' id='word_1_779' title='bbox 2863 4433 3008 4502; x_wconf 88' lang='lat' dir='ltr'><strong>quod</strong></span> <span class='ocrx_word' id='word_1_780' title='bbox 3067 4432 3281 4487; x_wconf 74' lang='lat' dir='ltr'><strong>scilicet</strong></span> <span class='ocrx_word' id='word_1_781' title='bbox 3324 4433 3518 4486; x_wconf 86' lang='lat' dir='ltr'><strong>melius</strong></span> 
     </span>
    </p>
   </div>
   <div class='ocr_carea' id='block_1_105' title="bbox 1946 4523 3516 4596">
    <p class='ocr_par' dir='ltr' id='par_1_105' title="bbox 1946 4523 3516 4596">
     <span class='ocr_line' id='line_1_105' title="bbox 1946 4523 3516 4596; baseline -0.006 -11"><span class='ocrx_word' id='word_1_782' title='bbox 1946 4530 2018 4585; x_wconf 87' lang='lat' dir='ltr'><strong>sit</strong></span> <span class='ocrx_word' id='word_1_783' title='bbox 2049 4544 2155 4584; x_wconf 90' lang='lat' dir='ltr'><strong>non</strong></span> <span class='ocrx_word' id='word_1_784' title='bbox 2187 4541 2330 4593; x_wconf 83' lang='lat' dir='ltr'><strong>esse,</strong></span> <span class='ocrx_word' id='word_1_785' title='bbox 2360 4541 2523 4596; x_wconf 84' lang='lat' dir='ltr'><strong>quam</strong></span> <span class='ocrx_word' id='word_1_786' title='bbox 2561 4526 2744 4580; x_wconf 82' lang='lat' dir='ltr'><strong>vivere</strong></span> <span class='ocrx_word' id='word_1_787' title='bbox 2767 4525 2817 4577; x_wconf 89' lang='lat' dir='ltr'><strong>in</strong></span> <span class='ocrx_word' id='word_1_788' title='bbox 2845 4524 3150 4594; x_wconf 85' lang='lat' dir='ltr'><strong>suppliciis,</strong></span> <span class='ocrx_word' id='word_1_789' title='bbox 3179 4525 3326 4592; x_wconf 78' lang='lat' dir='ltr'><strong>juxta</strong></span> <span class='ocrx_word' id='word_1_790' title='bbox 3385 4523 3516 4577; x_wconf 90' lang='lat' dir='ltr'><strong>illud</strong></span> 
     </span>
    </p>
   </div>
   <div class='ocr_carea' id='block_1_106' title="bbox 1947 4617 3517 4692">
    <p class='ocr_par' dir='ltr' id='par_1_106' title="bbox 1947 4617 3517 4692">
     <span class='ocr_line' id='line_1_106' title="bbox 1947 4617 3517 4692; baseline -0.004 -16"><span class='ocrx_word' id='word_1_791' title='bbox 1947 4622 2092 4692; x_wconf 85' lang='lat' dir='ltr'><strong>quod</strong></span> <span class='ocrx_word' id='word_1_792' title='bbox 2126 4622 2390 4689; x_wconf 88' lang='lat' dir='ltr'><strong>scriptmn</strong></span> <span class='ocrx_word' id='word_1_793' title='bbox 2425 4628 2508 4674; x_wconf 90' lang='lat' dir='ltr'><strong>est</strong></span> <span class='ocrx_word' id='word_1_794' title='bbox 2544 4634 2559 4675; x_wconf 85' lang='lat'><strong>:</strong></span> <span class='ocrx_word' id='word_1_795' title='bbox 2594 4618 2734 4672; x_wconf 77' lang='lat' dir='ltr'><strong>Mors</strong></span> <span class='ocrx_word' id='word_1_796' title='bbox 2758 4619 2867 4673; x_wconf 85' lang='lat' dir='ltr'><strong>viro</strong></span> <span class='ocrx_word' id='word_1_797' title='bbox 2922 4619 3147 4686; x_wconf 84' lang='lat' dir='ltr'><strong>requies,</strong></span> <span class='ocrx_word' id='word_1_798' title='bbox 3180 4618 3270 4670; x_wconf 88' lang='lat' dir='ltr'><strong>cui</strong></span> <span class='ocrx_word' id='word_1_799' title='bbox 3325 4617 3517 4676; x_wconf 82' lang='lat' dir='ltr'><strong>clausit</strong></span> 
     </span>
    </p>
   </div>
   <div class='ocr_carea' id='block_1_107' title="bbox 1948 4694 3514 4781">
    <p class='ocr_par' dir='ltr' id='par_1_107' title="bbox 1948 4694 3514 4781">
     <span class='ocr_line' id='line_1_107' title="bbox 1948 4694 3514 4781; baseline -0.003 -14"><span class='ocrx_word' id='word_1_800' title='bbox 1948 4716 2089 4768; x_wconf 87' lang='lat' dir='ltr'><strong>Deus</strong></span> <span class='ocrx_word' id='word_1_801' title='bbox 2138 4715 2280 4767; x_wconf 76' lang='lat' dir='ltr'><strong>uiam</strong></span> <span class='ocrx_word' id='word_1_802' title='bbox 2336 4729 2487 4766; x_wconf 89' lang='lat' dir='ltr'><strong>suam</strong></span> <span class='ocrx_word' id='word_1_803' title='bbox 2541 4709 2734 4781; x_wconf 79' lang='lat' dir='ltr'><strong>(Eccli.</strong></span> <span class='ocrx_word' id='word_1_804' title='bbox 2792 4694 2932 4775; x_wconf 67' lang='lat' dir='ltr'><strong>uit,</strong></span> <span class='ocrx_word' id='word_1_805' title='bbox 2962 4711 3019 4764; x_wconf 80' lang='lat' dir='ltr'><strong>ll</strong></span> <span class='ocrx_word' id='word_1_806' title='bbox 3055 4711 3098 4779; x_wconf 88' lang='lat'><strong>).</strong></span> <span class='ocrx_word' id='word_1_807' title='bbox 3146 4708 3213 4763; x_wconf 84' lang='lat' dir='ltr'><strong>Et</strong></span> <span class='ocrx_word' id='word_1_808' title='bbox 3265 4710 3514 4762; x_wconf 89' lang='lat' dir='ltr'><strong>iterum:</strong></span> 
     </span>
    </p>
   </div>
   <div class='ocr_carea' id='block_1_108' title="bbox 1947 4801 3515 4873">
    <p class='ocr_par' dir='ltr' id='par_1_108' title="bbox 1947 4801 3515 4873">
     <span class='ocr_line' id='line_1_108' title="bbox 1947 4801 3515 4873; baseline -0.005 -13"><span class='ocrx_word' id='word_1_809' title='bbox 1947 4807 2124 4873; x_wconf 79' lang='lat' dir='ltr'><strong>Quare</strong></span> <span class='ocrx_word' id='word_1_810' title='bbox 2165 4808 2296 4858; x_wconf 85' lang='lat' dir='ltr'><strong>data</strong></span> <span class='ocrx_word' id='word_1_811' title='bbox 2321 4815 2397 4858; x_wconf 87' lang='lat' dir='ltr'><strong>est</strong></span> <span class='ocrx_word' id='word_1_812' title='bbox 2432 4805 2622 4858; x_wconf 84' lang='lat' dir='ltr'><strong>misero</strong></span> <span class='ocrx_word' id='word_1_813' title='bbox 2659 4803 2772 4867; x_wconf 76' lang='lat' dir='ltr'><strong>lux,</strong></span> <span class='ocrx_word' id='word_1_814' title='bbox 2815 4813 2861 4856; x_wconf 88' lang='lat' dir='ltr'><strong>et</strong></span> <span class='ocrx_word' id='word_1_815' title='bbox 2891 4805 2996 4856; x_wconf 81' lang='lat' dir='ltr'><strong>vita</strong></span> <span class='ocrx_word' id='word_1_816' title='bbox 3031 4802 3111 4854; x_wconf 81' lang='lat' dir='ltr'><strong>liis</strong></span> <span class='ocrx_word' id='word_1_817' title='bbox 3145 4803 3231 4870; x_wconf 86' lang='lat' dir='ltr'><strong>qui</strong></span> <span class='ocrx_word' id='word_1_818' title='bbox 3262 4801 3316 4853; x_wconf 83' lang='lat' dir='ltr'><strong>in</strong></span> <span class='ocrx_word' id='word_1_819' title='bbox 3365 4817 3515 4852; x_wconf 82' lang='lat' dir='ltr'><strong>ama-</strong></span> 
     </span>
    </p>
   </div>
   <div class='ocr_carea' id='block_1_109' title="bbox 1947 4892 3520 4964">
    <p class='ocr_par' dir='ltr' id='par_1_109' title="bbox 1947 4892 3520 4964">
     <span class='ocr_line' id='line_1_109' title="bbox 1947 4892 3520 4964; baseline -0.003 -12"><span class='ocrx_word' id='word_1_820' title='bbox 1947 4901 2176 4952; x_wconf 86' lang='lat' dir='ltr'><strong>ritudine</strong></span> <span class='ocrx_word' id='word_1_821' title='bbox 2198 4899 2388 4952; x_wconf 77' lang='lat' dir='ltr'><strong>anith</strong></span> <span class='ocrx_word' id='word_1_822' title='bbox 2415 4908 2534 4950; x_wconf 88' lang='lat' dir='ltr'><strong>sunt</strong></span> <span class='ocrx_word' id='word_1_823' title='bbox 2591 4896 2707 4964; x_wconf 80' lang='lat' dir='ltr'><strong>(Job</strong></span> <span class='ocrx_word' id='word_1_824' title='bbox 2731 4911 2812 4960; x_wconf 86' lang='grc' dir='ltr'><strong>ιιι,</strong></span> <span class='ocrx_word' id='word_1_825' title='bbox 2841 4895 2934 4962; x_wconf 78' lang='lat'><strong>‘20)</strong></span> <span class='ocrx_word' id='word_1_826' title='bbox 2967 4895 2989 4947; x_wconf 84' lang='lat'><strong>?</strong></span> <span class='ocrx_word' id='word_1_827' title='bbox 3022 4894 3091 4947; x_wconf 86' lang='lat' dir='ltr'><strong>Et</strong></span> <span class='ocrx_word' id='word_1_828' title='bbox 3135 4893 3187 4946; x_wconf 90' lang='lat' dir='ltr'><strong>in</strong></span> <span class='ocrx_word' id='word_1_829' title='bbox 3225 4892 3520 4960; x_wconf 79' lang='lat' dir='ltr'><strong>Evangelia</strong></span> 
     </span>
    </p>
   </div>
   <div class='ocr_carea' id='block_1_110' title="bbox 1949 4986 3519 5062">
    <p class='ocr_par' dir='ltr' id='par_1_110' title="bbox 1949 4986 3519 5062">
     <span class='ocr_line' id='line_1_110' title="bbox 1949 4986 3519 5062; baseline -0.004 -16"><span class='ocrx_word' id='word_1_830' title='bbox 1949 4993 2270 5062; x_wconf 83' lang='lat' dir='ltr'><strong>simpliciter</strong></span> <span class='ocrx_word' id='word_1_831' title='bbox 2302 4995 2501 5048; x_wconf 86' lang='lat' dir='ltr'><strong>dictum</strong></span> <span class='ocrx_word' id='word_1_832' title='bbox 2529 4992 2755 5061; x_wconf 81' lang='lat' dir='ltr'><strong>legimus</strong></span> <span class='ocrx_word' id='word_1_833' title='bbox 2783 5005 2797 5043; x_wconf 88' lang='lat'><strong>:</strong></span> <span class='ocrx_word' id='word_1_834' title='bbox 2832 4987 3026 5041; x_wconf 83' lang='lat' dir='ltr'><strong>Melius</strong></span> <span class='ocrx_word' id='word_1_835' title='bbox 3057 4987 3105 5040; x_wconf 87' lang='lat' dir='ltr'><strong>ei</strong></span> <span class='ocrx_word' id='word_1_836' title='bbox 3131 4986 3307 5055; x_wconf 80' lang='lat' dir='ltr'><strong>fuerat</strong></span> <span class='ocrx_word' id='word_1_837' title='bbox 3340 4987 3384 5039; x_wconf 88' lang='lat' dir='ltr'><strong>si</strong></span> <span class='ocrx_word' id='word_1_838' title='bbox 3422 5003 3519 5040; x_wconf 83' lang='lat' dir='ltr'><strong>nn-</strong></span> 
     </span>
    </p>
   </div>
   <div class='ocr_carea' id='block_1_111' title="bbox 1950 5079 3519 5154">
    <p class='ocr_par' dir='ltr' id='par_1_111' title="bbox 1950 5079 3519 5154">
     <span class='ocr_line' id='line_1_111' title="bbox 1950 5079 3519 5154; baseline -0.004 -16"><span class='ocrx_word' id='word_1_839' title='bbox 1950 5094 2034 5138; x_wconf 85' lang='lat' dir='ltr'><strong>tus</strong></span> <span class='ocrx_word' id='word_1_840' title='bbox 2061 5101 2162 5138; x_wconf 89' lang='lat' dir='ltr'><strong>non</strong></span> <span class='ocrx_word' id='word_1_841' title='bbox 2193 5084 2377 5152; x_wconf 83' lang='lat' dir='ltr'><strong>fuisset</strong></span> <span class='ocrx_word' id='word_1_842' title='bbox 2413 5081 2630 5154; x_wconf 78' lang='lat' dir='ltr'><strong>(Manli.</strong></span> <span class='ocrx_word' id='word_1_843' title='bbox 2668 5097 2813 5143; x_wconf 82' lang='lat' dir='ltr'><strong>xxvi,</strong></span> <span class='ocrx_word' id='word_1_844' title='bbox 2855 5079 2946 5146; x_wconf 69' lang='grc'><strong>24)</strong></span> <span class='ocrx_word' id='word_1_845' title='bbox 2983 5094 2997 5133; x_wconf 93' lang='lat'><strong>:</strong></span> <span class='ocrx_word' id='word_1_846' title='bbox 3028 5093 3133 5132; x_wconf 90' lang='lat' dir='ltr'><strong>non</strong></span> <span class='ocrx_word' id='word_1_847' title='bbox 3163 5079 3305 5147; x_wconf 86' lang='lat' dir='ltr'><strong>quod</strong></span> <span class='ocrx_word' id='word_1_848' title='bbox 3333 5081 3406 5133; x_wconf 91' lang='lat' dir='ltr'><strong>sit</strong></span> <span class='ocrx_word' id='word_1_849' title='bbox 3428 5080 3519 5148; x_wconf 86' lang='lat' dir='ltr'><strong>qui</strong></span> 
     </span>
    </p>
   </div>
   <div class='ocr_carea' id='block_1_112' title="bbox 1948 5170 3517 5242">
    <p class='ocr_par' dir='ltr' id='par_1_112' title="bbox 1948 5170 3517 5242">
     <span class='ocr_line' id='line_1_112' title="bbox 1948 5170 3517 5242; baseline -0.002 -12"><span class='ocrx_word' id='word_1_850' title='bbox 1948 5188 2110 5231; x_wconf 81' lang='lat' dir='ltr'><strong>natus</strong></span> <span class='ocrx_word' id='word_1_851' title='bbox 2147 5192 2251 5231; x_wconf 93' lang='lat' dir='ltr'><strong>n0n</strong></span> <span class='ocrx_word' id='word_1_852' title='bbox 2288 5177 2448 5230; x_wconf 83' lang='lat' dir='ltr'><strong>fuerit</strong></span> <span class='ocrx_word' id='word_1_853' title='bbox 2479 5193 2494 5242; x_wconf 91' lang='lat'>;</span> <span class='ocrx_word' id='word_1_854' title='bbox 2526 5176 2618 5228; x_wconf 86' lang='lat' dir='ltr'><strong>sed</strong></span> <span class='ocrx_word' id='word_1_855' title='bbox 2648 5173 2790 5242; x_wconf 92' lang='lat' dir='ltr'><strong>quod</strong></span> <span class='ocrx_word' id='word_1_856' title='bbox 2834 5173 3031 5226; x_wconf 86' lang='lat' dir='ltr'><strong>melius</strong></span> <span class='ocrx_word' id='word_1_857' title='bbox 3093 5170 3171 5226; x_wconf 90' lang='lat' dir='ltr'><strong>sit</strong></span> <span class='ocrx_word' id='word_1_858' title='bbox 3215 5188 3323 5226; x_wconf 89' lang='lat' dir='ltr'><strong>non</strong></span> <span class='ocrx_word' id='word_1_859' title='bbox 3372 5183 3517 5239; x_wconf 83' lang='lat' dir='ltr'><strong>esse,</strong></span> 
     </span>
    </p>
   </div>
   <div class='ocr_carea' id='block_1_113' title="bbox 1950 5261 3517 5338">
    <p class='ocr_par' dir='ltr' id='par_1_113' title="bbox 1950 5261 3517 5338">
     <span class='ocr_line' id='line_1_113' title="bbox 1950 5261 3517 5338; baseline 0 -20"><span class='ocrx_word' id='word_1_860' title='bbox 1950 5283 2113 5338; x_wconf 85' lang='lat' dir='ltr'><strong>quam</strong></span> <span class='ocrx_word' id='word_1_861' title='bbox 2146 5267 2284 5321; x_wconf 90' lang='lat' dir='ltr'><strong>male</strong></span> <span class='ocrx_word' id='word_1_862' title='bbox 2321 5280 2467 5320; x_wconf 90' lang='lat' dir='ltr'><strong>csse.</strong></span> <span class='ocrx_word' id='word_1_863' title='bbox 2499 5264 2654 5316; x_wconf 84' lang='lat' dir='ltr'><strong>Aliud</strong></span> <span class='ocrx_word' id='word_1_864' title='bbox 2691 5275 2774 5318; x_wconf 85' lang='lat' dir='ltr'><strong>est</strong></span> <span class='ocrx_word' id='word_1_865' title='bbox 2807 5264 2952 5316; x_wconf 88' lang='lat' dir='ltr'><strong>enim</strong></span> <span class='ocrx_word' id='word_1_866' title='bbox 2979 5261 3203 5318; x_wconf 88' lang='lat' dir='ltr'><strong>omnino</strong></span> <span class='ocrx_word' id='word_1_867' title='bbox 3233 5279 3341 5318; x_wconf 88' lang='lat' dir='ltr'><strong>non</strong></span> <span class='ocrx_word' id='word_1_868' title='bbox 3376 5279 3517 5327; x_wconf 85' lang='lat' dir='ltr'><strong>esse,</strong></span> 
     </span>
    </p>
   </div>
   <div class='ocr_carea' id='block_1_114' title="bbox 1953 5353 3518 5423">
    <p class='ocr_par' dir='ltr' id='par_1_114' title="bbox 1953 5353 3518 5423">
     <span class='ocr_line' id='line_1_114' title="bbox 1953 5353 3518 5423; baseline -0.003 -12"><span class='ocrx_word' id='word_1_869' title='bbox 1953 5358 2098 5412; x_wconf 88' lang='lat' dir='ltr'><strong>aliud</strong></span> <span class='ocrx_word' id='word_1_870' title='bbox 2127 5373 2247 5412; x_wconf 91' lang='lat' dir='ltr'><strong>cum</strong></span> <span class='ocrx_word' id='word_1_871' title='bbox 2281 5357 2372 5421; x_wconf 90' lang='lat' dir='ltr'><strong>sit,</strong></span> <span class='ocrx_word' id='word_1_872' title='bbox 2406 5355 2580 5423; x_wconf 88' lang='lat' dir='ltr'><strong>abque</strong></span> <span class='ocrx_word' id='word_1_873' title='bbox 2633 5355 2740 5408; x_wconf 89' lang='lat' dir='ltr'><strong>ulla</strong></span> <span class='ocrx_word' id='word_1_874' title='bbox 2795 5353 3203 5409; x_wconf 88' lang='lat' dir='ltr'><strong>intermissione</strong></span> <span class='ocrx_word' id='word_1_875' title='bbox 3259 5353 3518 5418; x_wconf 86' lang='lat' dir='ltr'><strong>cruciari,</strong></span> 
     </span>
    </p>
   </div>
   <div class='ocr_carea' id='block_1_115' title="bbox 1951 5445 3522 5521">
    <p class='ocr_par' dir='ltr' id='par_1_115' title="bbox 1951 5445 3522 5521">
     <span class='ocr_line' id='line_1_115' title="bbox 1951 5445 3522 5521; baseline -0.003 -19"><span class='ocrx_word' id='word_1_876' title='bbox 1951 5451 2222 5521; x_wconf 87' lang='lat' dir='ltr'><strong>quomodo</strong></span> <span class='ocrx_word' id='word_1_877' title='bbox 2284 5454 2511 5501; x_wconf 88' lang='lat' dir='ltr'><strong>mortem</strong></span> <span class='ocrx_word' id='word_1_878' title='bbox 2557 5446 2818 5514; x_wconf 89' lang='lat' dir='ltr'><strong>quietam,</strong></span> <span class='ocrx_word' id='word_1_879' title='bbox 2856 5445 2979 5500; x_wconf 86' lang='lat' dir='ltr'><strong>vitae</strong></span> <span class='ocrx_word' id='word_1_880' title='bbox 3012 5446 3246 5501; x_wconf 83' lang='lat' dir='ltr'><strong>miseriae</strong></span> <span class='ocrx_word' id='word_1_881' title='bbox 3280 5445 3522 5514; x_wconf 72' lang='lat' dir='ltr'><strong>pra-ieri-</strong></span> 
     </span>
    </p>
   </div>
   <div class='ocr_carea' id='block_1_116' title="bbox 1954 5537 3521 5620">
    <p class='ocr_par' dir='ltr' id='par_1_116' title="bbox 1954 5537 3521 5620">
     <span class='ocr_line' id='line_1_116' title="bbox 1954 5537 3521 5620; baseline -0.004 -24"><span class='ocrx_word' id='word_1_882' title='bbox 1954 5557 2093 5596; x_wconf 89' lang='lat' dir='ltr'><strong>mus.</strong></span> <span class='ocrx_word' id='word_1_883' title='bbox 2149 5539 2302 5596; x_wconf 89' lang='lat' dir='ltr'><strong>Uude</strong></span> <span class='ocrx_word' id='word_1_884' title='bbox 2353 5548 2406 5592; x_wconf 90' lang='lat' dir='ltr'><strong>et</strong></span> <span class='ocrx_word' id='word_1_885' title='bbox 2467 5539 2632 5592; x_wconf 89' lang='lat' dir='ltr'><strong>Amos</strong></span> <span class='ocrx_word' id='word_1_886' title='bbox 2689 5539 2830 5592; x_wconf 87' lang='lat' dir='ltr'><strong>diem</strong></span> <span class='ocrx_word' id='word_1_887' title='bbox 2857 5537 3094 5607; x_wconf 88' lang='lat' dir='ltr'><strong>appellat</strong></span> <span class='ocrx_word' id='word_1_888' title='bbox 3145 5537 3521 5620; x_wconf 69' lang='lat' dir='ltr'><strong>tenebrarum,</strong></span> 
     </span>
    </p>
   </div>
   <div class='ocr_carea' id='block_1_117' title="bbox 1954 5629 3524 5700">
    <p class='ocr_par' dir='ltr' id='par_1_117' title="bbox 1954 5629 3524 5700">
     <span class='ocr_line' id='line_1_117' title="bbox 1954 5629 3524 5700; baseline -0.006 -12"><span class='ocrx_word' id='word_1_889' title='bbox 1954 5635 2096 5688; x_wconf 89' lang='lat' dir='ltr'><strong>diem</strong></span> <span class='ocrx_word' id='word_1_890' title='bbox 2138 5629 2652 5699; x_wconf 70' lang='lat' dir='ltr'><strong>aﬂlictiouistos</strong></span> <span class='ocrx_word' id='word_1_891' title='bbox 2713 5647 2742 5683; x_wconf 90' lang='lat' dir='ltr'><strong>v</strong></span> <span class='ocrx_word' id='word_1_892' title='bbox 2784 5629 2825 5700; x_wconf 92' lang='lat'><strong>).</strong></span> <span class='ocrx_word' id='word_1_893' title='bbox 2865 5632 2930 5684; x_wconf 80' lang='lat' dir='ltr'><strong>Et</strong></span> <span class='ocrx_word' id='word_1_894' title='bbox 2960 5629 3128 5684; x_wconf 81' lang='lat' dir='ltr'><strong>Jacob</strong></span> <span class='ocrx_word' id='word_1_895' title='bbox 3158 5645 3224 5684; x_wconf 87' lang='lat' dir='ltr'><strong>eo</strong></span> <span class='ocrx_word' id='word_1_896' title='bbox 3267 5629 3411 5698; x_wconf 87' lang='lat' dir='ltr'><strong>quod</strong></span> <span class='ocrx_word' id='word_1_897' title='bbox 3447 5643 3524 5679; x_wconf 84' lang='lat' dir='ltr'><strong>vi-</strong></span> 
     </span>
    </p>
   </div>
   <div class='ocr_carea' id='block_1_118' title="bbox 1953 5722 3522 5790">
    <p class='ocr_par' dir='ltr' id='par_1_118' title="bbox 1953 5722 3522 5790">
     <span class='ocr_line' id='line_1_118' title="bbox 1953 5722 3522 5790; baseline -0.004 -12"><span class='ocrx_word' id='word_1_898' title='bbox 1953 5724 2095 5778; x_wconf 81' lang='lat' dir='ltr'><strong>xerit</strong></span> <span class='ocrx_word' id='word_1_899' title='bbox 2127 5725 2178 5775; x_wconf 92' lang='lat' dir='ltr'><strong>in</strong></span> <span class='ocrx_word' id='word_1_900' title='bbox 2212 5722 2397 5775; x_wconf 87' lang='lat' dir='ltr'><strong>labore</strong></span> <span class='ocrx_word' id='word_1_901' title='bbox 2424 5731 2478 5774; x_wconf 89' lang='lat' dir='ltr'><strong>et</strong></span> <span class='ocrx_word' id='word_1_902' title='bbox 2502 5723 2776 5790; x_wconf 77' lang='lat' dir='ltr'><strong>angustia,</strong></span> <span class='ocrx_word' id='word_1_903' title='bbox 2803 5722 2917 5775; x_wconf 79' lang='lat' dir='ltr'><strong>dies</strong></span> <span class='ocrx_word' id='word_1_904' title='bbox 2946 5722 3068 5774; x_wconf 78' lang='lat' dir='ltr'><strong>vita:</strong></span> <span class='ocrx_word' id='word_1_905' title='bbox 3102 5735 3213 5775; x_wconf 68' lang='lat' dir='ltr'><strong>sua:</strong></span> <span class='ocrx_word' id='word_1_906' title='bbox 3242 5734 3439 5790; x_wconf 83' lang='lat' dir='ltr'><strong>parvos</strong></span> <span class='ocrx_word' id='word_1_907' title='bbox 3466 5732 3522 5774; x_wconf 87' lang='lat' dir='ltr'><strong>ct</strong></span> 
     </span>
    </p>
   </div>
   <div class='ocr_carea' id='block_1_119' title="bbox 1955 5811 3536 5887">
    <p class='ocr_par' dir='ltr' id='par_1_119' title="bbox 1955 5811 3536 5887">
     <span class='ocr_line' id='line_1_119' title="bbox 1955 5811 3536 5887; baseline -0.004 -17"><span class='ocrx_word' id='word_1_908' title='bbox 1955 5815 2220 5887; x_wconf 84' lang='lat' dir='ltr'><strong>pessimos</strong></span> <span class='ocrx_word' id='word_1_909' title='bbox 2263 5824 2418 5872; x_wconf 78' lang='lat' dir='ltr'><strong>vocat</strong></span> <span class='ocrx_word' id='word_1_910' title='bbox 2451 5811 2608 5879; x_wconf 80' lang='lat' dir='ltr'><strong>(Gen.</strong></span> <span class='ocrx_word' id='word_1_911' title='bbox 2658 5829 2796 5868; x_wconf 76' lang='lat' dir='ltr'><strong>xuii</strong></span> <span class='ocrx_word' id='word_1_912' title='bbox 2820 5815 2860 5884; x_wconf 88' lang='lat'><strong>).</strong></span> <span class='ocrx_word' id='word_1_913' title='bbox 2921 5812 2982 5870; x_wconf 80' lang='lat' dir='ltr'><strong>Et</strong></span> <span class='ocrx_word' id='word_1_914' title='bbox 3015 5812 3214 5872; x_wconf 87' lang='lat' dir='ltr'><strong>Paulus</strong></span> <span class='ocrx_word' id='word_1_915' title='bbox 3244 5822 3536 5886; x_wconf 76' lang='lat' dir='ltr'><strong>apostatus</strong></span> 
     </span>
    </p>
   </div>
  </div>
