3966 6176
453 336 564 401 839

1652 327 1720 391 S.
1752 324 2067 389 EUSEBIl
2105 323 2550 386 HIERONYMI
3606 315 3700 379 διδ

457 448 632 504 dicit:
672 443 739 502 Ut
794 445 1018 514 eriperet
1062 460 1158 499 nos
1203 443 1267 498 de
1298 440 1547 513 presenti
1595 440 1790 495 stocqu
1814 454 2039 510 nequam
2064 458 2110 514 Δ
2144 437 2199 493 in
2219 452 2380 493 manu
2414 443 2659 500 extenta,
2690 441 2745 490 et
2775 430 3003 516 brachio
3026 428 3150 488 forti
3192 429 3321 502 (sive
3360 429 3620 499 excelso),
3657 437 3705 484 et

459 539 707 611 (Galatt.
763 537 843 605 4).
883 539 946 592 Ει
998 538 1198 594 iterum
1242 553 1257 592 :
1293 534 1625 591 Redimentes
1675 542 1878 603 tempus
1907 549 2039 603 quo-

457 633 607 688 niam
629 631 743 684 dies
777 627 909 682 ntali
934 636 1057 681 sunt
1098 625 1317 697 (Ephes.
1354 639 1411 689 ν,
1443 622 1557 692 16).
1596 621 1808 678 Hebraei
1871 619 2035 688 quin-

2142 530 2198 585 in
2239 530 2448 593 furore,
2489 539 2545 583 et
2584 528 2637 582 in
2676 527 3079 599 indignatione,
3124 535 3179 585 et
3209 526 3262 580 in
3308 526 3388 579 ira
3413 526 3623 597 grandi.
3651 525 3705 578 Et

2142 617 2448 689 percutiam
2476 617 2819 673 habitatores
2839 618 3081 673 civitatis
3122 617 3290 686 huius
3321 633 3337 671 :
3380 617 3630 671 homines
3654 626 3705 670 et

400 726 404 730 ‘
468 731 581 774 tum
632 733 878 775 mensem
925 732 1033 786 quo
1088 726 1248 784 capta
1301 712 1603 771 Jerusalem
1667 710 2038 781 templumque
2137 710 2388 781 iumenta
2451 710 2764 780 pestilentia
2803 724 2998 781 magna
3034 709 3357 764 morientur.
3391 727 3412 762 ι
3463 706 3702 773 Frustra,

465 812 792 869 subversum
821 822 940 876 est,
968 808 1239 864 nativitati
1266 807 1519 863 Jeremiae
1547 811 1863 875 supputant,
1886 803 2041 857 inex-

461 902 804 958 tricabilihus
848 902 1173 970 quibusdam
1200 909 1255 955 et
1305 897 1716 954 incredibilibus
1748 908 2039 964 argumen-

459 995 552 1048 tis.
594 995 749 1059 Quod
777 993 822 1048 si
876 996 1107 1063 probare
1142 992 1435 1062 potuerint,
1468 988 1741 1058 quomodo
1767 988 2042 1042 -testimo-

459 1089 610 1143 nium
641 1086 744 1142 Job
798 1085 1153 1154 interpretari
1210 1084 1444 1148 valeant,
1479 1083 1663 1137 nescio
1703 1098 1719 1140 :
1756 1082 1861 1135 nisi
1900 1079 2042 1135 forte

463 1179 691 1233 etillum
718 1178 860 1233 diem
892 1179 1125 1246 quadam
1154 1175 1615 1245 praetiguratioue.
1675 1184 1728 1228 et
1781 1172 2041 1228 vaticinia

462 1270 772 1325 futurorum
800 1270 1175 1324 subversionis
1207 1268 1391 1336 templi
1443 1275 1753 1321 autument.
1779 1265 2042 1335 Quodque

462 1365 801 1434 imprecatur
843 1363 1256 1417 similitudinem
1291 1362 1681 1415 subversarum
1731 1358 2038 1421 civitatum,

463 1456 533 1509 de
565 1454 799 1509 Sodoma
831 1453 1243 1515 eLGornorrlta
1297 1451 1403 1506 diei
1466 1452 1730 1515 arbitror,
1777 1460 1828 1504 et
1882 1463 2042 1503 onme

464 1558 680 1617 tempus
712 1548 765 1601 in
794 1547 967 1610 luctu,
1027 1554 1085 1597 ut
1140 1558 1297 1597 mane
1322 1544 1394 1597 sit
1439 1542 1645 1597 clamor
1693 1550 1747 1595 et
1804 1540 2042 1595 ululatus

462 1640 713 1695 meridie.
769 1636 925 1703 Quod
952 1647 1133 1690 autem
1190 1622 1353 1688 infert
1413 1632 1517 1698 Qui
1540 1649 1620 1686 me
1654 1648 1757 1687 non
1778 1632 2039 1702 interfecit

461 1733 516 1786 in
559 1731 733 1794 vulva,
767 1728 936 1783 Deum
964 1728 1261 1798 sigrtiiiCari
1286 1734 1496 1797 putant.
1541 1723 1613 1779 Ut
1640 1733 1800 1787 esset,
1838 1723 2037 1793 inquit,

2143 803 2344 873 inquit,
2373 818 2685 873 repugnare
2719 802 2887 859 vultis
2918 800 3188 857 Chaldaeis
3207 800 3603 864 obsidentibus,
3657 809 3705 855 et

2142 911 2294 950 arma
2339 894 2535 951 bellica
2574 896 2913 965 pratparatis,
2958 908 3195 965 quorum
3225 894 3280 947 in
3308 892 3484 947 media
3508 901 3705 946 tantum

2141 987 2276 1041 urbe
2300 1002 2460 1041 usum
2496 987 2793 1051 habebitis,
2846 996 2904 1040 ut
2963 986 3158 1039 armati
3212 999 3336 1040 esse
3396 982 3702 1037 videamini.

2142 1079 2408 1133 Caeterum
2463 1080 2569 1134 illis
2609 1079 3022 1143 obsidentibus,
3052 1084 3155 1148 ego
3191 1091 3289 1133 vos
3321 1075 3604 1132 debellabo
3657 1074 3705 1128 in

2145 1187 2305 1225 tuanu
2359 1183 2578 1227 extenta
2610 1181 2664 1226 et
2704 1172 2930 1227 brachio
2964 1172 3092 1226 forti
3151 1185 3381 1240 meoque
3428 1170 3610 1222 furore
3661 1176 3708 1220 et

2144 1263 2513 1332 indignatione
2567 1264 2869 1333 percutiam
2906 1271 3014 1318 :ut
3039 1273 3093 1316 et
3123 1278 3217 1316 vos
3251 1271 3308 1316 et
3361 1275 3529 1316 omne
3574 1260 3702 1328 quod

2142 1356 2336 1425 spirat,
2374 1357 2518 1411 fame
2546 1367 2600 1411 et
2628 1357 2935 1426 pestilentia
2963 1355 3017 1408 in
3055 1355 3228 1409 media
3269 1353 3402 1408 urbe
3432 1354 3701 1407 moriatur.

2143 1449 2296 1516 Quod
2323 1450 2538 1519 quidem
2564 1458 2619 1503 et
2642 1449 2842 1504 factum
2872 1449 3123 1518 legimus.
3175 1448 3400 1517 Absque
3437 1447 3543 1501 ulla
3572 1446 3703 1500 enim
3780 1512 3783 1519 η

2143 1556 2367 1605 corona,
2398 1540 2743 1612 strepituque
2772 1541 3159 1612 pugnantium,
3195 1541 3328 1595 urbs
3395 1549 3548 1593 tanta
3572 1540 3708 1594 obsi-

2144 1632 2306 1687 dione
2345 1643 2502 1702 capta
2534 1644 2644 1698 est,
2676 1643 2734 1688 ut
2788 1648 2928 1701 quos
2979 1636 3259 1688 vincerent
3291 1648 3400 1687 non
3431 1633 3705 1697 haberent,

2143 1724 2239 1778 sed
2295 1740 2433 1795 quos
2467 1733 2681 1780 tantum
2732 1736 2993 1797 caperent
3027 1742 3042 1781 :
3070 1725 3342 1791 Meliores,
3376 1724 3475 1789 ait,
3501 1725 3708 1779 fuerunt

461 1822 593 1876 mihi
634 1830 907 1890 conceptus
974 1831 1227 1884 internus,
1288 1835 1408 1884 qu'e
1442 1817 1623 1873 omnia
1656 1817 1912 1872 dicuntur
1943 1816 2046 1886 by.
2072 1816 2120 1875 B
2146 1816 2327 1886 gladio
2389 1817 2680 1880 uulnerati,
2711 1833 2870 1887 quant
2916 1819 3071 1871 occisi
3106 1817 3268 1886 fame.

466 1914 761 1985 perholice.
811 1911 1059 1980 Denique
1111 1913 1337 1980 exponit
1392 1924 1589 1966 causas
1636 1925 1736 1965 cur
1807 1919 2039 1964 mortem

462 2004 724 2075 praeferat
777 2005 921 2068 vitaz,
969 2012 1023 2057 et
1057 2005 1283 2058 omnino
1332 2019 1442 2058 non
1492 2018 1633 2069 esse,
1683 2017 1843 2071 quam
1905 2000 2043 2056 male

460 2116 608 2165 esse,
637 2100 972 2169 subjungens
1004 2115 1019 2153 :
1060 2098 1237 2163 Quare
1264 2098 1327 2152 de
1378 2094 1527 2152 vulva
1553 2112 1790 2166 egressus
1838 2112 1953 2149 sunt
1982 2105 2041 2149 ut

460 2195 690 2248 riderent
747 2192 1097 2246 loborent.et
1149 2189 1402 2255 dolorem,
1422 2200 1469 2242 et
1518 2197 1955 2243 consumerentur
1984 2187 2039 2241 in

463 2286 775 2353 confusione
804 2286 914 2339 dies
951 2284 1095 2337 mei?

534 2379 691 2449 (Cap.
744 2377 887 2432 XXI.
923 2406 995 2419 -—
1026 2374 1182 2430 Vers.
1237 2375 1259 2430 l
1296 2389 1451 2443 seqq.
1486 2372 1506 2442 )
1542 2389 1562 2424 ι
1602 2370 1837 2427 Verbum
1895 2371 2039 2442 quod

461 2470 665 2526 factum
698 2470 883 2535 estad
944 2466 1236 2523 Jcremiam
1275 2484 1303 2520 a
1332 2465 1597 2531 Domino,
1622 2468 1842 2534 quando
1891 2465 2041 2520 misit

463 2564 530 2618 ad
585 2578 707 2617 cum
738 2576 833 2618 rex
878 2560 1140 2615 Sedecias
1180 2559 1393 2615 Phasur
1423 2558 1594 2614 lilium
1639 2556 1924 2623 Melchitc,
1986 2567 2041 2611 et

462 2652 800 2722 Sophoniam
863 2652 1033 2706 filium
1093 2649 1306 2704 Maesia.-
1351 2649 1717 2714 sacerdotem,
1773 2649 1962 2703 dicens
2017 2664 2031 2702 :

461 2745 743 2814 Interroga
771 2760 869 2813 pro
898 2744 1066 2798 nobis
1102 2743 1412 2809 Dominum,
1443 2742 1569 2812 quia
1604 2740 2042 2796 Nabuchodonoc

461 2852 555 2892 sor
586 2853 676 2891 rex
711 2836 1003 2908 Babylonis
1040 2837 1318 2905 proeliatur
1349 2838 1636 2891 adversum
1673 2849 1794 2899 nos,
1827 2834 1870 2888 si
1896 2833 2039 2888 forte

461 2930 628 2983 faciat
668 2929 931 2984 Dominus
986 2928 1271 2982 nobiseum
1308 2928 1607 2982 secundum
1643 2926 1828 2991 omnia
1866 2926 2037 2980 mira-

461 3019 593 3074 bilia
645 3032 761 3082 sua,
818 3027 876 3073 et
909 3016 1133 3072 recedat
1189 3033 1219 3070 a
1266 3018 1444 3072 nobis.
1478 3034 1497 3068 ι
1543 3016 1718 3086 Supra
1792 3014 2038 3086 pontifex

459 3111 697 3175 Phasur,
788 3110 906 3165 sive
956 3107 1218 3173 Phascor,
1265 3108 1359 3177 qui
1413 3110 1683 3176 percussit
1720 3105 2034 3173 Jeremiam,

461 3214 671 3273 patrem
697 3203 886 3258 habuit
917 3203 1132 3257 Emmer
1158 3198 1381 3274 (Jerem.
1415 3202 1529 3271 xx).
1563 3200 1865 3257 llieautem
1897 3198 2038 3255 Pha-

459 3311 559 3354 sur
593 3296 739 3351 ﬁlius
769 3290 852 3351 est
884 3294 1148 3351 Melchim.
1184 3294 1299 3349 Hoc
1359 3295 1584 3359 ideirco,
1626 3309 1693 3349 ne
1734 3294 1858 3365 quis
1884 3308 2040 3348 eum.

464 3391 586 3443 dem
617 3396 788 3457 putet.
820 3386 986 3441 Mittit
1017 3397 1197 3442 autern
1245 3402 1342 3441 rex
1375 3385 1637 3441 Sedecias
1688 3385 1754 3438 ad
1796 3383 2040 3454 Prophe—

463 3493 601 3546 tam,
632 3480 824 3536 nolens
871 3480 953 3535 vel
1010 3479 1268 3549 populum
1310 3477 1475 3543 scire,
1519 3478 1604 3532 vel
1629 3476 1794 3548 983
1827 3476 2037 3547 princi-

460 3585 579 3643 pes,
639 3582 698 3627 ut
750 3573 981 3628 occulto.
1014 3586 1111 3640 per
1162 3570 1368 3643 legatos
1411 3570 1601 3625 nuntio
1654 3574 2035 3638 recognoscat,

460 3680 625 3734 quam
658 3664 915 3719 Dominus
945 3677 1109 3734 super
1138 3661 1673 3726 urbeutderusalem,
1696 3668 1751 3715 et
1775 3659 2036 3731 populant

458 3756 769 3815 Judazorum
843 3757 1042 3811 habeat
1094 3756 1443 3809 sententiam.
1513 3753 1773 3822 Quodque
1829 3751 2032 3807 infert‘

462 3849 604 3915 Quia
640 3846 1136 3903 Nabuchodonosor
1171 3861 1264 3900 rea:
1304 3842 1598 3916 Babylonis
1621 3843 1901 3914 proeliatur
1940 3842 2039 3896 ad-

458 3958 665 3999 versum
721 3957 836 4007 nos,
901 3941 1142 3995 ostendit
1170 3938 1284 4008 jam
1338 3938 1565 3994 obsessa
1617 3936 1949 4001 Jerusalem,
2002 3950 2031 3989 a

459 4038 734 4106 Propheta
790 4035 893 4089 hoc
925 4032 1199 4088 sciscitari
1261 4030 1565 4087 Sedeciam.
1627 4030 1694 4085 Et
1739 4030 2035 4086 notandum

460 4127 606 4195 quod
659 4128 715 4181 in
760 4125 1061 4196 prophetis,
1113 4124 1463 4194 maximeque
1522 4123 1577 4177 in
1610 4121 1918 4190 Ezechiele,
1982 4129 2038 4177 et

458 4218 717 4284 Jeremia,
775 4232 1117 4288 nequaquam
1180 4233 1367 4288 regum
1416 4224 1471 4272 et
1537 4224 1840 4283 temporum
1901 4214 2036 4269 ordo

460 4322 712 4368 servetur
749 4324 767 4366 :
805 4310 901 4367 sed
953 4320 1303 4382 praepostere,
1359 4309 1504 4382 quod
1541 4308 1693 4379 juxta
1748 4307 2033 4364 historiam

461 4415 653 4475 postea
723 4404 925 4487 factum
976 4406 1072 4471 sit,
1118 4405 1270 4474 prius
1304 4401 1500 4458 referri
1536 4418 1550 4457 :
1584 4410 1638 4456 et
1680 4399 1824 4469 quod
1885 4398 2037 4470 prius

2218 1906 2405 1978 (Vers.
2465 1908 2545 1980 7.)
2587 1928 2605 1961 ι
2635 1910 2701 1964 Ει
2749 1918 2871 1979 post
2926 1912 3059 1975 haec,
3115 1912 3191 1964 ait
3230 1910 3493 1965 Dominus
3522 1926 3539 1964 :
3570 1908 3709 1965 Dabo

2146 2000 2432 2057 Sedeciam
2466 2018 2648 2071 regem
2678 2001 2852 2068 Juda',
2879 2012 2933 2058 et
2967 2018 3158 2060 servos
3186 2003 3326 2072 ejus,
3377 2012 3430 2058 et
3460 2002 3706 2073 pepulqu

2146 2093 2285 2163 ejus,
2318 2104 2373 2147 et
2405 2093 2495 2162 qui
2519 2093 2767 2149 derelicti
2800 2104 2931 2150 sunt
2989 2095 3042 2149 in
3077 2095 3301 2150 civitate
3330 2094 3434 2150 hac
3484 2113 3513 2148 a
3544 2104 3706 2164 peste,

2143 2193 2197 2237 et
2228 2184 2426 2253 gladio,
2466 2195 2522 2238 et
2552 2185 2716 2250 fatue,
2752 2185 2807 2238 in
2860 2200 3023 2238 manu
3060 2183 3570 2240 Nabuchodonosor
3627 2201 3706 2239 re~

2145 2274 2225 2344 gis
2257 2275 2567 2345 Babylonis,
2599 2277 2727 2329 etin
2763 2290 2924 2330 manu
2959 2278 3305 2332 inimicorum
3340 2292 3555 2341 eorum,
3585 2277 3705 2332 etin

2143 2382 2306 2423 manu
2355 2367 2711 2438 quaerentium
2784 2371 3022 2425 animam
3072 2386 3261 2426 eorum
3297 2386 3312 2402 ο
3344 2379 3399 2425 et
3450 2371 3709 2440 percutiet

2143 2476 2237 2517 eos
2274 2462 2327 2516 in
2360 2476 2455 2517 ore
2481 2461 2672 2533 gladii,
2704 2473 2759 2518 et
2812 2479 2922 2519 non
2957 2465 3232 2530 flectetur,
3277 2478 3456 2535 neque
3508 2474 3705 2535 parcet,

2144 2569 2248 2610 nec
2301 2553 2670 2610 miserebitur.
2714 2573 2732 2607 ι
2770 2557 2884 2612 iloc
2931 2560 3074 2627 quod
3124 2574 3224 2614 nos
3288 2557 3706 2621 transtulimus,

2141 2644 2311 2717 9“
2333 2644 2399 2700 In
2420 2664 2578 2703 manu
2601 2646 3095 2704 Nabuchodonosor
3108 2652 3241 2721 regis
3267 2649 3578 2721 Babylonis,
3599 2660 3643 2702 et
3660 2649 3709 2702 in

2143 2755 2306 2793 manu
2330 2740 2665 2794 inimicorum
2693 2757 2897 2807 eorum,
2933 2744 2988 2798 in
3021 2742 3374 2813 Septuaginta
3411 2759 3518 2799 non
3556 2743 3711 2797 habe-

2144 2839 2253 2884 tur.
2315 2830 2377 2884 Et
2406 2846 2504 2901 pro
2554 2847 2620 2887 eo
2650 2830 2796 2903 quod
2837 2850 2937 2890 nos
2986 2834 3223 2891 diximus
3249 2850 3266 2893 :
3293 2833 3418 2889 Non
3453 2835 3706 2905 ﬂectetur,

2144 2940 2308 3002 neque
2365 2934 2564 2993 parcet,
2623 2942 2717 2980 nec
2758 2916 3107 2994 miserebitur,
3152 2928 3508 3002 Septuaginta
3538 2940 3708 2986 trans-

2148 3016 2384 3073 tulerunt
2411 3031 2425 3047 ·
2466 3018 2587 3072 Non
2618 3035 2859 3088 parcam,
2906 3036 2999 3075 nec
3057 3022 3367 3087 miserebor.
3420 3021 3707 3093 Meliusque

2142 3119 2226 3163 est
2249 3109 2403 3179 juxta
2429 3109 2783 3178 ilebraicum,
2816 3123 2874 3167 ut
2907 3114 3140 3169 crudelis
3186 3114 3459 3170 sententia
3519 3125 3575 3171 et
3634 3116 3707 3170 in-

2140 3198 2422 3265 ﬂexibilis,
2449 3203 2621 3273 magis
2651 3203 2793 3274 regis
2820 3204 3126 3277 Babylonii,
3159 3220 3320 3276 quam
3347 3205 3565 3264 Domini
3594 3223 3706 3264 esse

2141 3291 2409 3349 videatur.
2446 3293 2687 3349 Primum
2717 3307 2896 3351 autem
2924 3297 2993 3353 de
3029 3300 3283 3354 universa
3315 3300 3449 3355 urbe
3480 3301 3707 3371 prophe-

2143 3390 2315 3437 tatum
2349 3394 2433 3440 est
2464 3401 2479 3450 ;
2509 3401 2653 3441 nunc
2699 3389 2917 3458 proprie
2980 3388 3221 3445 Sedecite
3267 3392 3600 3462 praedicitur,
3654 3403 3705 3447 et

2140 3475 2338 3544 populo
2412 3477 2552 3549 ejus,
2630 3480 2724 3549 qui
2783 3479 2989 3537 residui
3053 3480 3259 3538 fuerint
3297 3492 3423 3554 post
3485 3494 3699 3553 pestem,

2140 3569 2397 3636 gladium,
2440 3581 2493 3625 et
2515 3569 2733 3636 famem,
2788 3574 2931 3642 quod
2960 3589 2990 3628 a
3045 3573 3549 3633 Nabuchodbuosor
3590 3594 3703 3649 rege

2137 3660 2440 3733 Babylonio
2489 3663 2785 3733 capiendus
2857 3668 2949 3735 sit,
3015 3668 3533 3741 interficiendusque
3586 3687 3700 3727 cum

2139 3753 2333 3808 amicis
2382 3753 2498 3808 suis
2527 3754 2709 3825 gladio
2745 3772 2761 3810 :
2795 3773 2898 3813 nec
2923 3759 3084 3815 ullam
3123 3760 3243 3831 ejus
3281 3762 3699 3819 misericordiam

2138 3850 2345 3989 speret,
2405 3842 2563 3915 cujus
2616 3846 2797 3903 ftedus
2849 3857 2904 3905 et
2957 3852 3415 3910 necessitudinem
3479 3856 3703 3925 perjuria

2177 3936 2402 3989 eseruit.

2177 3936 2402 3990 eseruit.

2223 4027 2405 4098 (Vers.
2426 4031 2458 4087 8
2478 4032 2656 4104 seqq.)
2689 4035 2786 4090 «Et
2816 4036 2884 4092 ad
2916 4038 3172 4109 populum
3200 4044 3344 4100 hunc
3368 4044 3559 4102 dices:
3589 4044 3702 4101 Haec

2139 4122 2271 4178 dicit
2294 4124 2552 4183 Doruinus
2578 4143 2593 4181 :
2623 4127 2762 4183 Ecce
2787 4144 2888 4199 ego
2915 4130 2984 4186 do
3011 4147 3196 4188 coram
3224 4134 3375 4191 vobis
3416 4137 3558 4194 viam
3588 4139 3702 4192 vita:

2139 4223 2194 4269 et
2237 4215 2378 4270 viam
2419 4218 2630 4276 mortis.
2664 4219 2765 4286 Qui
2808 4222 3145 4281 habitaverit
3176 4227 3227 4280 in
3265 4228 3398 4283 urbe
3431 4230 3553 4298 hac,
3593 4247 3703 4286 mo-

2141 4305 2312 4363 rietur
2337 4308 2538 4379 gladio,
2561 4320 2616 4366 et
2638 4310 2802 4378 fame,
2832 4324 2886 4369 et
2907 4320 3200 4385 peste.Qui
3241 4332 3423 4376 autem
3457 4338 3702 4393 egressus

2144 4398 2328 4465 fuerit,
2375 4410 2430 4456 et
2466 4404 2821 4475 transfugerit
2878 4408 2945 4462 ad
2992 4408 3273 4467 Chaldaeos
3324 4415 3419 4483 qui
3460 4418 3704 4472 obsident

461 4507 673 4567 gestum
704 4498 797 4564 sit,
840 4506 1049 4569 postea.
1081 4496 1242 4553 Aliud
1262 4507 1347 4553 est
1370 4494 1515 4551 enim
1547 4495 1855 4560 historiam,
1891 4493 2035 4549 aliud
2070 4502 2116 4560 ι)
2145 4494 2454 4561 νοε,ινίνθι,
2488 4504 2543 4551 et
2585 4498 2691 4552 erit
2722 4498 2770 4553 ei
2805 4502 2987 4555 anima
3028 4516 3129 4557 sua
3155 4504 3309 4574 quasi
3339 4506 3707 4576 spolium.Po-

461 4588 804 4659 prophetiam
844 4589 1086 4644 scribere
1121 4603 1138 4642 :
1172 4598 1230 4642 ut
1274 4588 1327 4642 in
1376 4588 1632 4657 praesenti
1662 4587 1804 4652 loco,
1866 4583 2037 4642 Sede-

462 4680 601 4745 cias,
640 4678 737 4748 qui
770 4691 895 4732 cum
928 4676 1062 4732 urbe
1089 4676 1394 4733 Jerusalem
1424 4689 1614 4748 captus
1646 4685 1753 4742 est,
1816 4677 2040 4733 mittens

462 4773 729 4827 scribitur
751 4770 821 4825 ad
871 4769 1279 4834 Jeremiam,et
1298 4785 1363 4826 eo
1411 4781 1678 4840 tempore,
1723 4785 1831 4840 quo
1884 4770 2036 4826 obsio

461 4863 692 4918 debatur
723 4862 1053 4930 Jerusalem,
1075 4850 1131 4917 et
1163 4873 1354 4931 postea
1381 4873 1638 4917 narratur
1660 4862 1892 4918 historia
1916 4860 2041 4917 Joa-

461 4956 568 5012 cim
597 4954 781 5011 fratris
824 4955 968 5023 ejus,
1022 4955 1113 5024 qui
1175 4966 1303 5010 ante
1332 4970 1455 5008 eum
1490 4970 1583 5008 rex
1619 4953 1769 5009 fuit:
1800 4964 1854 5008 et
1910 4956 2040 5010 Joa-

461 5047 612 5113 cltin,
640 5046 695 5101 id
748 5055 835 5103 est
867 5045 1159 5112 Jechonize,
1185 5049 1276 5117 qui
1300 5045 1407 5100 fuit
1443 5047 1586 5101 filius
1612 5045 1839 5114 Joacim,
1877 5062 2036 5116 super

461 5140 660 5208 quibus
682 5140 894 5192 dicetur
929 5140 982 5193 in
1015 5139 1393 5206 sequentibus.

537 5230 716 5302 (Vers.
751 5229 786 5284 3
816 5244 974 5301 seqq.
1005 5231 1024 5302 )
1066 5250 1083 5283 ι
1122 5230 1190 5285 Ει
1222 5231 1361 5286 dixit
1386 5228 1656 5285 Jeremias
1683 5231 1748 5284 ad
1778 5245 1871 5285 eos
1907 5229 2036 5286 :Sic

465 5323 659 5378 dicetis
688 5321 929 5376 Sedecia:
963 5342 977 5379 :
1012 5322 1139 5378 Haec
1172 5324 1302 5378 dicit
1348 5323 1603 5378 Dominus
1634 5321 1775 5377 Deus
1829 5324 1990 5378 Israel
2018 5340 2032 5378 :

464 5417 606 5472 Ecce
635 5432 735 5485 ego
762 5423 1076 5469 convertam
1108 5430 1238 5470 vasa
1262 5417 1386 5471 belli
1424 5416 1571 5487 (sive
1612 5432 1764 5470 arma
1795 5418 2029 5486 bellica)

463 5523 583 5579 quae
629 5518 755 5561 sunt
799 5506 856 5560 itt
911 5509 1162 5563 manibus
1219 5510 1442 5573 vestris,
1472 5520 1525 5563 et
1555 5509 1752 5579 quibus
1784 5510 2037 5578 pugnatis

463 5601 753 5653 adversum
786 5612 964 5667 regem
995 5599 1306 5667 Babylonis,
1337 5609 1387 5655 et
1423 5600 1727 5668 Chaldaeos,
1755 5599 1845 5667 qui
1881 5600 2033 5653 obsi-

463 5691 593 5739 dent
623 5702 719 5741 vos
741 5688 793 5741 in
824 5688 1055 5742 circuitu
1103 5705 1383 5744 murorum
1414 5708 1427 5745 :
1458 5701 1510 5745 et
1544 5691 1888 5762 congregaho
1939 5706 2034 5744 eos

462 5775 594 5845 (sive
626 5776 711 5845 ca)
755 5775 807 5833 iu
841 5778 1017 5835 medio
1053 5778 1300 5853 _civitatis
1333 5780 1511 5852 hujus,
1550 5792 1602 5838 et
1625 5780 1908 5838 debcliabo
1938 5795 2032 5836 vos

2142 4586 2230 4640 sui
2281 4586 2427 4643 enim
2461 4587 2657 4644 faciem
2718 4607 2896 4647 meam
2936 4609 3104 4663 super
3149 4597 3422 4652 civitatem
3480 4599 3619 4653 hanc
3650 4600 3704 4655 in

2143 4676 2366 4745 malum,
2395 4688 2571 4736 etnon
2587 4680 2881 4749 inbonum,
2904 4685 2984 4740 ait
3004 4685 3283 4743 Dominus.
3310 4687 3370 4744 in
3388 4692 3703 4761 manuregis

2141 4766 2434 4840 Babylonis
2480 4772 2719 4840 dabitur,
2746 4786 2801 4830 et
2830 4786 3022 4831 exuret
3055 4793 3173 4832 eam
3202 4779 3332 4847 igni.
3372 4798 3394 4832 ι
3425 4767 3530 4837 llis
3552 4781 3645 4851 qui
3669 4797 3697 4834 a

2141 4873 2273 4930 rege
2301 4863 2453 4918 missi
2488 4874 2639 4929 sunt,
2682 4874 2736 4920 et
2774 4867 2843 4921 ad
2868 4867 3190 4938 Prophetatn
3224 4881 3485 4925 venerant
3511 4873 3695 4940 depre—

2140 4955 2391 5019 candum,
2429 4964 2489 5010 ut
2539 4956 2901 5024 interrogaret
2948 4974 3045 5027 pro
3095 4961 3175 5015 eis
3208 4960 3514 5028 Dominum,
3542 4977 3696 5030 snpe-

2139 5044 2284 5099 riora
2337 5047 2715 5114 responderat,
2749 5059 2804 5103 et
2833 5064 2954 5118 qua:
2998 5052 3265 5107 referrent
3291 5056 3403 5122 regi
3446 5053 3690 5108 Sedeciaz.

2046 5194 2057 5205 ,
2138 5135 2294 5191 Nunc
2325 5139 2578 5193 hortatur
2621 5149 2677 5194 ιιι
2706 5142 3067 5210 respondeant
3102 5145 3316 5213 populo,
3348 5146 3543 5215 datque
3574 5159 3694 5200 corr-

2139 5227 2318 5281 silium
2351 5240 2409 5285 ut
2455 5231 2814 5303 transfugiant
2847 5234 2917 5289 ad
2946 5235 3250 5301 Chaldaeos,
3282 5247 3470 5293 contra
3501 5238 3687 5306 regiam

2142 5319 2498 5388 voluntatem,
2550 5326 2696 5393 quod
2759 5327 3124 5394 periculosum
3178 5328 3351 5385 fuisse
3399 5329 3685 5399 PrOphete.

2139 5412 2319 5467 troilus
2351 5414 2588 5483 ignorat.
2624 5415 2777 5472 Unde
2814 5427 2869 5472 et
2898 5430 3130 5474 mortctn
3159 5401 3261 5475 sibi
3294 5423 3613 5493 imprecetur
3638 5427 3689 5472 et

2137 5501 2270 5555 dicit
2302 5519 2315 5555 :
2351 5502 2636 5559 Maledicta
2662 5508 2772 5561 dies
2799 5510 2975 5580 inqua
3026 5521 3184 5564 natus
3210 5528 3325 5564 sunt
3368 5513 3574 5585 (λα-ειη.
3599 5524 3686 5571 διν

2139 5591 2253 5663 14).
2289 5595 2373 5663 Ει,
2412 5597 2591 5663 Quare
2621 5600 2683 5652 de
2732 5602 2884 5655 vulva
2919 5619 3152 5672 egressus
3195 5621 3336 5666 sum,
3388 5617 3443 5659 ut
3473 5606 3686 5659 uiderem

2138 5687 2363 5743 laborem
2391 5698 2438 5742 et
2465 5690 2701 5743 dolorem
2743 5689 2906 5758 (Ibid.
2965 5694 3087 5762 l8)?
3125 5680 3240 5747 Non
3296 5696 3439 5763 quod
3472 5695 3578 5749 leve
3603 5692 3687 5750 sil.

2138 5784 2369 5839 necdum
2423 5784 2600 5853 euplis
2657 5785 2785 5840 dare
2838 5788 3152 5854 consilium,
3197 5803 3257 5844 se
3307 5788 3447 5845 ultro
3490 5788 3692 5844 tradere
