3950 6180
271 308 378 374 ΒΗ

757 307 1254 371 COMMEXTAR.
1301 309 1376 368 ΙΝ
1429 309 1824 371 JEliEMlAM
1873 308 2327 369 PROPIIETAM
2401 307 2524 367 LIB
2593 302 2870 375 lV,L‘Al’.
2910 299 3108 364 XXII.

3435 303 3541 396 sta

270 427 605 497 captivitati,
633 428 788 497 quasi
815 429 856 479 si
889 429 1132 494 passeris
1161 427 1503 498 naufragium
1537 429 1853 498 imperetur,
1886 435 1933 491 Α
1966 442 2083 480 rum
2113 471 2126 491 ,
2167 427 2297 480 dit-it
2355 425 2632 487 Dominus,
2676 442 2693 475 ι
2728 424 2782 476 in
2807 420 2943 475 LXX
2981 437 3085 474 non
3124 421 3368 475 habetur.
3416 440 3432 472 ‹
3484 420 3550 477 Et

274 533 339 575 ut
378 532 501 576 ante
537 520 875 590 naufragium
918 531 971 572 cl
1033 521 1357 588 dissipatam
1407 536 1621 583 navem,
1679 535 1859 574 remos

271 629 330 668 et
353 613 568 667 tabulas
595 614 912 681 corripiant,
937 623 989 664 et
1017 627 1076 666 se
1104 612 1267 666 undis
1300 614 1553 667 tradant:
1581 612 1676 666 sed
1713 613 1858 681 quod

275 707 615 761 tolerabilius
646 705 737 769 sit,
769 717 1064 772 utcumque
1091 714 1284 772 captos
1319 705 1520 767 vivere,
1557 719 1718 772 quam
1748 704 1860 769 gla-

272 798 391 861 dio,
422 795 587 856 fame.
617 805 672 850 et
700 804 851 864 peste
891 795 1165 848 consumi.
1203 795 1341 848 Sunt
1375 797 1468 864 qui
1502 796 1648 851 hunc
1681 798 1856 852 locum

275 888 578 944 secundum
623 886 980 954 tropologiam
1034 886 1114 940 sic
1146 886 1478 952 edisserunt,
1510 887 1704 942 melius
1736 903 1860 942 esse

275 980 632 1037 sarcularibus
661 996 719 1032 se
759 979 977 1032 tradere
1013 977 1336 1045 disciplinis,
1374 989 1427 1032 et
1463 981 1704 1034 maxime
1735 979 1860 1048 phi-

274 1071 562 1143 losOphite,
593 1087 757 1140 quam
806 1072 858 1123 in
891 1070 980 1122 illa
1016 1084 1338 1135 permanere
1371 1069 1640 1137 Ecclesia,
1672 1071 1724 1124 in
1751 1086 1859 1140 qua

275 1165 451 1219 tantes
481 1166 551 1218 sit
575 1162 843 1216 sermonis
874 1159 1068 1224 Dei,et
1095 1171 1328 1215 cunctus
1351 1162 1617 1231 ,populus,
1639 1163 1860 1217 lueret:-

274 1271 464 1309 eorum
489 1255 668 1324 gladio
691 1254 1058 1322 doctrinaque
1081 1252 1327 1322 penuria,
1355 1263 1409 1306 et
1432 1253 1682 1308 haeretica
1708 1265 1861 1323 peste

277 1347 566 1401 moriatur.

349 1437 531 1509 (νει-ς.
556 1440 641 1498 ll.
666 1439 776 1507 {2.)
814 1460 831 1492 ι
855 1439 921 1493 Et
945 1442 1131 1496 domui
1163 1442 1305 1510 regis
1337 1439 1498 1501 Iuda,
1530 1437 1717 1492 audite
1742 1454 1862 1493 ver-

277 1531 406 1584 lnun
470 1530 680 1584 Domini
734 1532 929 1586 domus
977 1531 1168 1586 David.
1224 1532 1350 1586 ηωο
1381 1531 1518 1584 dicit
1571 1529 1858 1593 Dominus,

277 1623 527 1678 .ludicate
559 1639 718 1676 mane
757 1623 1053 1692 judicium,
1113 1633 1168 1679 et
1199 1625 1377 1679 eruite
1424 1639 1747 1694 oppressum
1793 1624 1863 1678 de

280 1731 444 1769 manu
511 1715 920 1778 calumniantis,
977 1730 1042 1770 ne
1091 1715 1231 1770 forte
1273 1715 1588 1784 egrediatur
1627 1714 1754 1784 (sive
1801 1725 1860 1769 ut

1966 519 2317 580 surcendam,
2339 518 2530 584 ἰιι-μιίι,
2555 517 2732 583 ignem
2766 519 2816 566 in
2858 516 2996 566 saltu
3029 514 3168 581 ejus,
3191 527 3244 565 et
3267 515 3550 566 devorabit

1963 614 2146 664 omnia
2171 613 2222 665 in
2243 612 2474 664 circuitu
2501 608 2639 678 ejus.
2666 628 2682 656 ι
2709 607 2810 659 Pro
2834 608 3154 659 liahitatricc
3179 605 3332 662 vallis
3363 606 3548 659 solidze

1963 717 2124 770 atque
2155 704 2498 768 campestris,
2543 697 2897 770 Septuaginta
2946 699 3377 751 transtulerunt:
3416 700 3548 751 Iz'ccc

1961 811 2054 866 ego
2095 796 2164 847 ad
2209 805 2278 859 te,
2305 797 2396 864 qui
2427 793 2639 847 habitas
2661 794 2716 846 in
2745 792 2879 845 valle
2907 805 3006 844 soa
3040 790 3186 858 (‘11?)
3241 791 3546 858 campestri,

1964 903 2064 956 pro
2091 903 2195 955 quo
2221 886 2600 958 Symmachus,
2633 894 2867 954 petram,
2900 884 3204 938 Theodotio
3256 883 3546 943 obsessam,

1965 980 2304 1048 interpretati
2340 991 2503 1043 stl'tt;
2535 979 2735 1047 Itquin
2764 979 2939 1047 prima
2972 978 3137 1030 editio
3174 977 3424 1035 solidum.
3457 993 3550 1029 sea

1960 1070 2135 1124 cunda
2161 1068 2374 1140 Tyrum.
2399 1071 2436 1124 S
2453 1086 2500 1122 η’
2519 1071 2662 1123 enim
2681 1071 2795 1124 sive
2813 1071 2920 1123 Sur
2940 1070 3118 1136 lingua
3142 1069 3271 1121 Ilcbi
3286 1085 3364 1122 tea
3382 1069 3551 1139 986

1963 1169 2016 1215 et
2049 1159 2264 1230 Tyrum,
2287 1173 2340 1214 et
2390 1163 2610 1223 silicem,
2644 1169 2698 1214 et
2725 1161 3090 1214 coarctatam'I
3129 1172 3309 1216 sonat.
3343 1160 3548 1227 Loqui-

1963 1261 2053 1306 tur
2103 1263 2282 1306 autem
2341 1263 2526 1306 contra
2556 1251 2860 1306 Jerusalem
2887 1267 3006 1320 quae
3033 1253 3320 1306 ohshione
3351 1251 3550 1307 Vallata

1963 1355 2068 1406 est,
2111 1345 2225 1398 sive
2257 1345 2308 1398 in
2335 1345 2752 1400 similitmlincm
2795 1344 2950 1414 Tyri,
2979 1346 3132 1411 quasi
3159 1347 3293 1397 mari
3334 1347 3546 1408 pratuli,

1966 1436 2036 1489 ita
2091 1434 2390 1506 Babylonio
2457 1437 2699 1489 exercitu
2749 1437 3008 1506 cingitur,
3066 1444 3121 1486 et
3174 1438 3406 1488 evadere
3443 1450 3548 1486 uo-r

1965 1539 2182 1595 petest;
2240 1538 2335 1582 aut
2380 1540 2528 1583 certe
2579 1543 2696 1596 qutc
2730 1543 2788 1582 se
2840 1530 3011 1580 instar
3039 1536 3206 1595 petra:
3239 1527 3550 1580 durissima:

1966 1621 2444 1690 inexpugnabilem
2472 1632 2625 1690 putat
2655 1632 2821 1690 atque
2846 1621 3128 1674 robustam
3146 1636 3243 1684 pro
3275 1619 3552 1672 soliditate

1969 1728 2246 1766 murorum
2301 1723 2356 1767 et
2390 1716 2783 1783 magnitudine,
2833 1723 2886 1766 et
2931 1714 3059 1768 dicit
3105 1732 3117 1766 :
3159 1714 3292 1777 Quis
3357 1723 3553 1767 terrere

280 1823 387 1862 non
429 1806 760 1876 egrediatur)
794 1808 948 1875 quasi
987 1806 1126 1878 ignis
1162 1806 1329 1877 935
1372 1806 1676 1878 indignatio
1716 1821 1856 1872 mea,
1895 1807 1936 1860 Β
1965 1821 2058 1857 nos
2099 1805 2326 1869 poterit?
2373 1815 2423 1857 et
2489 1805 2612 1870 quis
2683 1804 3005 1870 ingredietur
3055 1803 3243 1856 domus
3299 1802 3554 1855 nostras?

277 1911 335 1952 et
365 1898 750 1960 succendatur,
784 1906 837 1951 et
878 1913 986 1951 non
1030 1898 1103 1951 sit
1150 1899 1240 1966 qui
1274 1899 1606 1966 exstinguat,
1639 1905 1863 1966 propter

281 1991 548 2042 malitiam
575 1989 886 2044 studiorum
929 1988 944 2018 ι
971 1996 1303 2042 vestrorum.
1341 2006 1360 2038 ι
1402 1988 1558 2052 Quod
1591 1989 1861 2056 sequitur,

278 2081 507 2149 Propter
555 2081 822 2134 molitiam
864 2081 1162 2134 studiorum
1192 2089 1510 2141 vestrorum,
1541 2080 1595 2132 in
1629 2078 1863 2148 Septua-

275 2175 429 2244 ginta
484 2189 591 2227 non
632 2174 883 2228 habetur.
943 2172 1082 2238 Quia
1125 2187 1290 2240 supra
1329 2171 1442 2237 [AL
1488 2171 1601 2240 jam
1663 2169 1858 2241 supra]

275 2271 515 2330 dixerat,
547 2265 615 2319 Et
661 2267 732 2318 ad
763 2267 1013 2336 populum
1046 2265 1184 2318 hunc
1215 2267 1378 2331 dices,
1410 2265 1533 2319 Haec
1575 2265 1704 2317 dicit
1752 2265 1860 2316 Do-

277 2363 482 2423 minus,
531 2367 932 2426 consequenter
982 2371 1127 2411 nunc
1183 2355 1369 2418 infert,
1404 2365 1454 2406 et
1515 2355 1700 2407 domui
1729 2354 1862 2422 regis

278 2449 428 2503 Iuda
470 2467 488 2505 :
535 2462 593 2504 ut
622 2452 1004 2514 subaudiatur,
1037 2449 1203 2509 dices,
1228 2449 1340 2500 lucc
1390 2448 1518 2499 dicit
1565 2445 1860 2499 Dominus:

280 2544 391 2595 ἀπό
431 2541 614 2593 κοινοῦ
693 2541 836 2595 enim
887 2551 942 2595 et
981 2539 1268 2610 superiora
1310 2548 1364 2592 et
1416 2538 1671 2591 inferiora
1729 2538 1860 2602 jun—

278 2641 485 2701 guntur
512 2647 532 2698 .;
571 2642 628 2685 ut
657 2634 724 2686 sit
764 2646 958 2685 sensus
1000 2629 1102 2685 :Et
1128 2631 1200 2682 ad
1238 2625 1492 2697 populant
1528 2627 1665 2679 hunc
1694 2627 1859 2685 dices,

285 2723 421 2778 Herc
467 2725 596 2776 dicit
658 2723 956 2784 Dominus“
988 2721 1212 2790 Proprie
1244 2729 1422 2774 autem
1457 2734 1639 2773 sermo
1689 2719 1748 2770 tit
1791 2717 1858 2769 ad

281 2819 508 2870 domum
555 2816 778 2884 regiam,
819 2815 890 2867 ob
939 2812 1095 2881 cujus
1143 2811 1381 2866 maxime
1410 2813 1626 2880 culpam
1667 2811 1862 2862 civitas

282 2908 586 2970 obsidetur,
623 2917 679 2958 ut
711 2906 968 2960 emendet
997 2918 1244 2960 errorem
1282 2904 1646 2973 pteuitudine,
1674 2910 1727 2954 et
1755 2901 1861 2954 cle-

285 2997 547 3052 mentiam
625 2998 832 3052 Domini
895 3006 1285 3069 consequatur.
1349 2993 1622 3057 Judicate,
1660 2994 1858 3062 inquit,

285 3105 443 3143 mane
463 3091 746 3157 judicium,
789 3105 897 3144 non
944 3092 995 3143 in
1026 3090 1270 3144 tenebris
1304 3087 1633 3159 iniquitatis,
1678 3087 1772 3141 sed
1807 3087 1859 3138 in

1971 1912 2092 1948 cum
2120 1912 2150 1950 e
2187 1896 2463 1950 contrario
2493 1899 2745 1964 loquatur
2777 1895 2917 1949 Deus
2967 1913 2978 1946 :
3023 1893 3133 1964 Ego
3167 1896 3390 1948 visitabo
3420 1911 3550 1957 00a;

1969 2005 2150 2042 meum
2179 1989 2408 2043 evadere
2450 1990 2672 2042 Oculum
2711 2003 2817 2042 noii
2867 1990 3133 2055 poteritis.
3171 1987 3418 2042 Visitaho
3455 2005 3552 2041 au—

1971 2091 2078 2135 tem
2139 2095 2234 2136 vos
2270 2084 2324 2134 in
2375 2082 2695 2148 perniciem,
2747 2088 2802 2134 et
2848 2080 3068 2134 reddam
3109 2082 3263 2134 vobis
3316 2081 3549 2136 fructum

1972 2175 2190 2227 malitite
2223 2182 2438 2229 vestrae.
2478 2172 2544 2226 Et
2589 2187 2690 2241 ego
2723 2175 3048 2227 succeudam
3103 2172 3282 2242 ignem
3320 2174 3374 2227 in
3411 2176 3552 2228 saltu

1972 2276 2173 2318 vestro.
2208 2265 2324 2318 Non
2377 2264 2731 2335 Babylonius,
2765 2273 2824 2317 ut
2855 2265 3078 2334 putatis,
3113 2280 3217 2315 non
3262 2280 3350 2318 rex
3383 2265 3551 2319 Chal-

1969 2358 2207 2410 daeorum
2235 2374 2250 2423 ;
2277 2361 2368 2410 sed
2397 2374 2512 2412 mea
2551 2358 2665 2411 haec
2693 2358 2877 2410 omnia
2925 2358 3003 2410 ira
3041 2358 3305 2426 perficiet.
3339 2356 3548 2412 Saltum

1972 2462 2149 2502 autem
2174 2461 2330 2504 vocat
2357 2449 2689 2514 Jerusalem,
2727 2463 2780 2505 et
2814 2466 3032 2505 oiunem
3070 2451 3214 2504 circa
3242 2451 3547 2520 regionem,

1969 2557 2089 2608 qua:
2117 2544 2406 2612 frugiferas
2431 2546 2653 2597 arbores
2671 2543 2936 2597 bonorum
2967 2558 3194 2610 operum
3233 2559 3338 2596 non
3363 2542 3548 2605 liabet,

1969 2634 2114 2701 quod
2158 2634 2231 2687 sit
2279 2633 2529 2688 incendio
2574 2643 2928 2703 praeparatus.
2981 2633 3320 2702 Pulcbrcque
3352 2635 3545 2689 vallem

1970 2723 2206 2796 appellat
2251 2736 2632 2793 eampestrem,
2675 2728 2821 2796 quod
2849 2726 3034 2795 pertia
3068 2730 3139 2780 sit
3171 2726 3416 2780 hostibus
3450 2744 3463 2780 :
3492 2737 3550 2780 et

1971 2831 2076 2868 non
2118 2827 2353 2870 montem
2399 2817 2696 2882 excelsum,
2735 2818 2829 2885 qui
2869 2816 3158 2872 dilIieulIer
3189 2818 3409 2873 ascendi
3440 2833 3539 2886 po-

1973 2917 2098 2975 test,
2139 2909 2293 2979 juxta
2327 2910 2471 2978 quod
2514 2919 2570 2964 et
2629 2909 2680 2962 iu
2713 2909 2852 2963 Isaia
2889 2909 3094 2964 dicitur
3142 2926 3158 2964 :
3223 2909 3366 2963 I’isio
3396 2910 3550 2963 callis

1971 2998 2100 3053 Sion
2131 2997 2410 3069 (Isa.uii,
2451 2999 2524 3069 l).
2557 2996 2834 3066 Quidquid
2874 2999 2940 3053 ad
2982 2999 3204 3053 domum
3233 3000 3458 3068 regiam,
3495 3011 3553 3053 et

1972 3096 2039 3147 ad
2091 3098 2281 3147 urbem
2327 3092 2672 3161 metropoliin
2723 3094 3106 3162 prophetatur,
3146 3092 3447 3146 refotaiiius
3480 3097 3546 3144 ad

283 3180 410 3235 luce
436 3181 681 3251 justitia:.
726 3180 795 3234 Et
835 3183 1004 3236 eruite
1048 3184 1099 3235 vi
1124 3196 1425 3250 oppressum
1455 3181 1519 3234 de
1561 3195 1723 3233 manu
1777 3195 1860 3230 ca-

1967 3185 2396 3240 ecclesiasticum
2445 3184 2712 3248 ordinem,
2757 3195 2813 3238 et
2855 3185 2921 3238 ad
2969 3184 3245 3254 principes
3279 3185 3551 3238 Ecclesia-

284 3272 626 3328 lumniatoris
651 3313 669 3339 ,
705 3285 764 3328 ut
789 3289 893 3328 non
912 3274 1196 3343 accipiatis
1227 3287 1514 3342 personam
1548 3271 1601 3324 in
1634 3270 1857 3340 judicio,

281 3364 386 3419 sed
417 3365 674 3420 divitibus
705 3379 971 3434 pauperes
1005 3363 1469 3434 opprimentibus,
1517 3362 1690 3431 magis
1723 3364 1862 3426 apud

281 3473 387 3512 vos
437 3456 530 3510 Dei
587 3458 872 3526 imperium
928 3456 1127 3519 valeat,
1175 3471 1338 3523 quam
1395 3457 1634 3524 potentia
1674 3468 1861 3521 perse-

283 3551 531 3620 quentis.
585 3547 652 3602 Et
701 3550 768 3614 si,
826 3549 1025 3617 inquit,
1084 3547 1187 3601 hoc
1223 3547 1485 3608 feceritis,
1521 3558 1862 3613 nequaquam

284 3645 655 3695 succeudctur
698 3641 751 3693 in
789 3640 945 3693 vobis
985 3639 1124 3707 ignis
1167 3637 1368 3691 furoris
1419 3637 1550 3698 mei,
1581 3650 1678 3690 nec
1710 3638 1863 3687 inve-

284 3735 402 3788 niet
437 3732 718 3786 materiam
756 3747 918 3800 quam
963 3737 1274 3784 consumat.
1310 3726 1653 3782 Incredibilis
1675 3725 1730 3779 in
1764 3729 1864 3779 hoc

283 3826 409 3880 loco
435 3824 536 3877 .Dci
563 3824 852 3897 clementia
879 3825 1304 3886 demonSIratur,
1331 3829 1390 3872 ut
1409 3819 1474 3872 de
1493 3818 1688 3887 quibus
1703 3833 1863 3885 supra

283 3918 504 3972 dixerat
542 3933 557 3970 :
588 3914 748 3968 Posui
779 3913 918 3967 enim
963 3911 1157 3982 faciem
1205 3927 1375 3965 meant
1416 3926 1573 3977 super
1601 3911 1864 3962 ciuitatem

283 4013 424 4063 hanc
446 4010 497 4061 in
521 4009 809 4070 malum,et
840 4022 942 4059 non
969 4007 1026 4057 in
1048 4007 1239 4058 bonum
1268 4019 1288 4067 ;
1319 4007 1370 4055 in
1403 4019 1562 4056 manu
1595 4002 1726 4071 regis
1760 3999 1867 4054 Ba—

283 4102 494 4174 bylonis
530 4105 770 4154 tradetur
791 4113 838 4152 et
865 4111 1051 4153 exuret
1087 4115 1202 4152 eam
1244 4098 1353 4167 igni
1383 4095 1504 4168 [ΑΙ.
1533 4095 1720 4168 ignis],
1749 4097 1862 4166 jam

291 4196 510 4250 Domini
565 4197 845 4264 ingiucnte
883 4194 1178 4256 sententia,
1221 4206 1317 4246 eos
1365 4201 1622 4260 provocet
1657 4193 1722 4244 ad
1771 4207 1860 4246 sa-

286 4290 486 4344 lutem.
513 4286 630 4341 Non
669 4289 812 4356 quod
840 4289 1050 4356 ignoret
1087 4286 1272 4338 urbem
1299 4282 1600 4339 Jerusalem
1623 4299 1746 4339 esse
1774 4299 1866 4338 ca-

284 4383 536 4451 piendam
566 4395 582 4444 ;
624 4384 717 4432 sed
741 4379 883 4446 quod
925 4377 1155 4430 liberum
1212 4376 1416 4428 homini
1444 4383 1692 4428 servetur
1718 4375 1862 4427 arbi-

1974 3293 2120 3341 runi,
2150 3291 2244 3330 eos
2273 3275 2540 3329 duntaxat
2569 3280 2662 3343 qui
2708 3290 2770 3329 se
2815 3279 3090 3344 sui-orbita
3121 3288 3178 3328 et
3209 3276 3418 3330 divitiis
3440 3275 3550 3328 las-

1967 3371 2230 3438 civiaique
2278 3367 2625 3422 tradiderint.
2669 3365 2780 3422 Nec
2828 3368 3010 3422 statim
3063 3371 3189 3437 quia
3241 3369 3431 3423 dooms
3462 3383 3551 3421 rc-

1965 3461 2055 3535 gia
2086 3468 2190 3527 est,
2221 3459 2292 3514 ab
2339 3459 2561 3512 interitu
2593 3458 2934 3522 liberabitur,
2980 3461 3255 3529 quomodo
3279 3471 3330 3514 et
3357 3461 3448 3530 qui
3481 3462 3551 3512 de

1967 3553 2134 3619 stirpe
2165 3550 2315 3604 fuere
2365 3549 2556 3611 David,
2594 3552 2752 3619 pauci
2787 3551 3077 3604 admodum
3127 3559 3261 3604 sunt
3313 3549 3545 3610 inventi,

1966 3641 2060 3710 qui
2094 3642 2399 3711 placuerint
2441 3643 2672 3696 Domino
2714 3653 2770 3697 ut
2800 3643 2919 3712 ipse
2953 3642 3146 3708 David,
3189 3643 3458 3696 Ezechias
3489 3655 3548 3695 et

1965 3733 2166 3797 Josias,
2212 3748 2515 3804 magnaque
2559 3749 2684 3803 pars
2716 3737 3025 3804 principum
3060 3744 3114 3790 et
3148 3734 3337 3804 stirpis
3381 3735 3548 3803 regia:

1970 3829 2022 3881 in
2065 3827 2380 3882 universum
2417 3828 2672 3896 populum
2721 3828 2857 3882 iram
2889 3828 3102 3883 Domini
3136 3829 3470 3896 provocavit.

2038 3919 2194 3990 (Cap.
2225 3917 2392 3972 XXII.
2431 3949 2494 3961 —
2520 3917 2676 3973 Vers.
2705 3919 2730 3972 1
2773 3923 2953 3991 seqq.)
2983 3939 3003 3972 ι
3044 3921 3166 3974 lltec
3193 3921 3325 3974 dicit
3361 3921 3542 3974 Domi-

1967 4027 2072 4066 nus
2102 4024 2118 4064 :
2149 4009 2427 4066 Descende
2454 4012 2510 4065 in
2555 4011 2776 4066 domum
2831 4013 2976 4081 regis
3011 4010 3174 4074 Juda,
3205 4021 3261 4066 et
3303 4013 3543 4082 loqueris

1969 4105 2041 4159 ibi
2072 4104 2291 4158 verbum
2322 4105 2444 4168 hoc,
2469 4112 2521 4158 et
2547 4105 2692 4158 dices
2724 4120 2740 4159 :
2768 4105 2906 4158 Audi
2943 4106 3164 4159 verbum
3187 4105 3417 4170 Domini,
3451 4122 3545 4162 rex

1964 4194 2126 4261 Juda,
2165 4196 2259 4266 qui
2304 4197 2463 4251 sedes
2520 4212 2684 4265 super
2719 4198 2912 4250 sciium
2977 4195 3168 4261 David,
3218 4207 3273 4251 tu
3309 4209 3362 4252 et
3393 4213 3538 4252 seru

1968 4290 2043 4342 tui
2070 4299 2124 4343 et
2145 4289 2371 4357 populus
2391 4295 2534 4353 tuus,
2562 4289 2654 4357 qui
2682 4289 3026 4358 ingredimini
3057 4305 3152 4356 per
3177 4302 3360 4358 portas
3385 4293 3540 4345 ista-.

1970 4381 2091 4435 llaec
2114 4381 2245 4436 dicit
2277 4379 2538 4434 Dominus
2562 4395 2576 4434 :
2597 4379 2781 4433 Facite
2802 4376 3062 4448 judicium
3087 4390 3141 4434 et
3170 4381 3464 4450 jusutiam.
3493 4396 3548 4438 t-t

282 4485 472 4535 tmun,
500 4469 1206 4541 utucniguorantialuiuri,
1228 4467 1323 4521 sed
1345 4465 1616 4521 voluntate
1636 4468 1858 4536 propria
1892 4493 1940 4553 υ
1968 4472 2196 4526 liberate
2230 4468 2278 4522 vi
2313 4483 2637 4538 oppressum
2689 4471 2754 4522 de
2810 4483 2974 4523 manu
3019 4472 3455 4538 caluuiniatoris,
3490 4489 3546 4525 et

287 4566 579 4618 videantur
596 4563 794 4632 petire.
813 4562 1096 4628 Quomodo
1115 4570 1169 4615 et
1218 4560 1466 4614 Salvator
1496 4559 1861 4628 sciebatApo-

284 4658 490 4711 stolam
513 4667 853 4724 negaturum,
871 4667 924 4708 et
947 4669 1005 4708 se
1021 4669 1140 4708 esse
1171 4669 1219 4706 co.
1237 4652 1596 4722 uciligendum
1620 4671 1634 4706 :
1663 4655 1862 4721 quippe

279 4753 377 4821 qui
413 4753 515 4804 hoc
543 4750 820 4819 Apostolis
850 4764 992 4817 saepe
1037 4749 1385 4817 prtedixerat,
1417 4758 1472 4801 et
1505 4748 1862 4803 nihilominus

277 4846 682 4908 commonebat,
718 4843 902 4894 volens
926 4856 1020 4894 eos
1056 4841 1333 4909 corrigere
1357 4841 1423 4892 ad
1446 4840 1817 4908 pteuiteutiam
1842 4857 1857 4904 ;

281 4945 344 4989 ut
374 4933 639 5004 quidquid
683 4947 871 5002 postea
901 4931 1302 4993 sustinuerunt.
1331 4947 1434 4986 suo
1467 4933 1596 4986 vitio
1647 4934 1729 4986 eis
1769 4948 1862 4987 ac-

277 5029 497 5092 ciderit,
533 5041 638 5079 non
673 5024 870 5079 duritia
901 5024 1306 5078 comminantis.

355 5117 543 5188 (νει-ε.
591 5117 680 5181 15,
723 5116 832 5183 14.)
898 5133 915 5166 t
958 5115 1095 5169 Ecce
1137 5129 1236 5184 ego
1265 5118 1330 5167 ad
1382 5122 1436 5168 te
1470 5115 1855 5168 habitatricem

280 5217 439 5267 vallis
479 5212 664 5266 solidae
713 5221 876 5279 atque
933 5209 1279 5276 campestris,
1337 5210 1412 5260 ait
1448 5208 1735 5269 Dominus,
1766 5208 1858 5276 qui

274 5308 487 5372 dicitis,
512 5306 635 5374 quis
680 5305 947 5374 percutiet
984 5305 1114 5372 (sive
1162 5301 1406 5367 terrebit)
1447 5302 1596 5356 nos?
1632 5301 1701 5355 Et
1734 5303 1857 5370 quis

276 5399 619 5467 ingredietur
643 5398 835 5451 dooms
858 5394 1118 5450 nostras?
1147 5403 1202 5446 et
1233 5392 1464 5445 visitabo
1491 5407 1654 5460 super
1676 5408 1803 5454 vos;
1832 5411 1851 5443 ι

274 5491 819 5562 (ιυυιίψιορθιιιιὶιιιιυ,
840 5509 858 5542 t
879 5491 1031 5559 juxta
1063 5488 1297 5542 frucuuu
1321 5487 1630 5539 studiOtnm
1651 5499 1858 5540 vesu'o-

352 5627 372 5657 ¹
405 5626 582 5678 Malim
614 5627 677 5678 ad
716 5626 872 5679 lidem
907 5625 1138 5680 Cistere.
1169 5635 1222 5676 et
1262 5621 1438 5675 Vatic.
1484 5637 1618 5676 mss.
1652 5621 1737 5675 hic
1775 5638 1858 5674 re-

277 5698 438 5752 ticeri
471 5701 654 5768 verba,
683 5712 895 5768 propter
923 5696 1183 5748 malitiam
1213 5695 1510 5768 studiorum
1539 5703 1856 5754 restrorum,

277 5783 403 5838 quae
431 5767 517 5823 hic
547 5767 850 5830 abundant,
880 5778 935 5820 et
976 5769 1157 5818 statim
1196 5775 1313 5832 post
1353 5781 1452 5817 Slltl
1485 5767 1624 5830 loro,
1660 5773 1854 5818 γραιδ-

607 5867 678 5924 Ρ)
693 5879 875 5922 mea.
920 5863 1130 5922 XXlV.

1965 4565 2228 4616 advenam
2257 4572 2306 4613 et
2334 4561 2595 4629 pupillum
2627 4565 2682 4613 et
2715 4557 2935 4612 viduam
2967 4561 3135 4615 nolite
3183 4563 3541 4622 contristar.-,

1965 4669 2143 4724 neque
2174 4653 2497 4725 opprimatis
2521 4653 2702 4722 inique
2738 4652 2867 4721 (sive
2895 4653 3103 4722 impie),
3138 4665 3193 4709 et
3219 4655 3540 4725 sanguinuu

1963 4748 2303 4802 innocentem
2321 4761 2388 4799 ne
2401 4745 2689 4800 ellundatis
2708 4745 2893 4799 inloco
2914 4746 3037 4799 isto.
3055 4744 3109 4798 Si
3125 4745 3264 4799 enim
3282 4745 3542 4796 facientes

1962 4839 2201 4896 feceritis
2225 4838 2452 4894 verbum
2489 4839 2656 4900 istud,
2687 4837 3067 4908 ingredieotur
3096 4851 3193 4906 per
3225 4849 3412 4904 portas
3441 4835 3542 4887 do-

1964 4948 2083 4986 uius
2105 4931 2264 4999 hujus
2284 4941 2434 4998 reges
2447 4929 2700 4982 sedentes
2721 4932 2997 4997 degenere
3021 4926 3185 4979 David
3204 4941 3368 4994 super
3390 4925 3543 4980 thro-

1963 5041 2090 5080 num
2118 5024 2257 5095 ejus,
2299 5036 2358 5078 et
2397 5024 2759 5078 ascendentes
2787 5036 2981 5073 currus
3017 5030 3072 5073 et
3116 5034 3307 5087 equos,
3353 5019 3454 5090 ipsi
3486 5034 3542 5074 et

1961 5116 2126 5178 servi,
2168 5125 2221 5171 et
2289 5115 2521 5184 populus
2558 5129 2769 5167 eorum.
2815 5111 2966 5176 Quod
2997 5112 3042 5165 si
3096 5125 3202 5164 non
3254 5112 3537 5166 audieritis

1962 5205 2126 5261 verba
2153 5207 2285 5270 haec,
2322 5220 2418 5273 per
2453 5203 2830 5271 memetipsum
2854 5201 3054 5271 jurav‘i,
3082 5201 3212 5256 dicit
3253 5200 3534 5264 Dominus.

1961 5300 2088 5369 quia
2132 5302 2184 5352 in
2235 5296 2581 5350 solitudinem
2614 5297 2723 5347 erit
2751 5299 2943 5348 domas
2987 5295 3117 5347 haec.
3159 5313 3177 5346 ι
3215 5292 3338 5348 l-l.rc
3368 5293 3529 5357 visio,

1962 5391 2071 5444 imo
2130 5390 2216 5442 hic
2244 5403 2424 5442 sermo
2472 5389 2698 5448 Dmiiai,
2725 5388 2805 5441 vel
2835 5399 2958 5440 ante
3000 5391 3058 5440 lit
3100 5388 3165 5440 ad
3195 5386 3523 5454 Prophetam

1959 5496 2121 5550 quam
2160 5481 2414 5535 Sedecias
2450 5483 2668 5534 nuntios
2703 5479 2869 5549 987
2903 5482 2968 5532 ad
3002 5495 3123 5533 cum
3165 5479 3426 5544 mitteret,
3454 5477 3538 5536 vel

1962 5622 2209 5690 simoque
2258 5620 2322 5672 ad
2368 5618 2680 5685 Hieronymi
2719 5627 2953 5670 ment-im
2988 5631 3149 5671 sensu
3182 5616 3535 5670 exhibentur.

2038 5694 2057 5722 ²
2090 5694 2153 5748 lu
2196 5691 2389 5755 Vatic.,
2416 5702 2461 5744 et
2499 5691 2827 5743 coltortatam
2863 5699 3040 5742 sonat.

3185 5844 3258 5907 27
