3966 6176
516 292 635 357 843

1716 292 1775 355 S.
1800 288 2128 355 ἙΗΞΕΒΙΙ
2171 293 2608 357 IIIERONYMI

3660 294 3754 357 844

529 412 998 478 eerte'postquam
1052 406 1259 460 nuntiis
1297 403 1550 475 pratccpit
1575 405 1699 475 quid
1750 407 1863 475 regi
1895 406 2100 461 referre
2135 413 2173 468 Α
2207 407 2439 476 gientcm
2472 412 2801 462 consecutus
2832 413 2915 460 est
2944 403 3135 471 Jacob,
3170 412 3220 457 ct
3256 418 3410 457 mons
3435 403 3582 473 juxta
3605 403 3754 459 Gene-

527 502 807 564 debercut,
859 499 1168 567 prmeipitur
1216 497 1486 556 Jeremiaz,
1521 505 1577 548 ut
1611 512 1953 565 nequaquam
1993 511 2086 565 per

528 592 748 645 nuntios
790 592 1041 659 loquatur
1091 592 1155 643 ad
1189 604 1394 657 regem,
1446 590 1537 641 sed
1570 588 1684 655 ipse
1718 587 1878 641 vadat
1908 589 1974 640 ad
2007 604 2101 657 pa-

530 685 739 745 latium,
778 693 827 735 et
867 683 935 734 ibi
970 681 1219 750 loquatur
1252 681 1324 734 ei.
1367 679 1648 749 Simulque
1694 681 2104 734 animadverta-

529 788 650 825 mus
706 772 944 824 divinam
985 768 1331 836 sapientiam,
1363 768 1505 835 quod
1541 784 1636 837 per
1664 770 1887 823 nuntios
1945 769 2101 839 jubet

527 866 699 918 tristia
735 864 749 893 ¹
806 862 1068 925 nuntiari,
1130 862 1318 913 mixtis
1382 870 1436 912 et
1476 861 1773 930 prosperis,
1838 862 1881 913 si
1937 876 2097 927 agere

526 952 693 1006 voluit
717 968 808 1006 rex
840 950 1239 1018 pceuitentiam.
1274 948 1373 1003 llic
1402 966 1529 1004 vero
1560 952 1684 1019 quia
1717 952 1818 1020 ipsi
1859 951 2097 1018 impera-

525 1055 613 1099 tur
639 1052 697 1095 ut
743 1050 950 1111 pergat,
998 1056 1103 1093 non
1156 1041 1332 1093 tristia
1367 1042 1599 1107 nuntiat,
1644 1050 1698 1094 ct
1726 1042 2095 1109 captivitatem

527 1133 850 1201 iamjamque
894 1139 1223 1197 venturam;
1259 1132 1351 1184 sed
1386 1142 1568 1184 monet
1597 1132 1724 1200 quid
1779 1131 1958 1184 facere
2002 1132 2100 1185 dc-

526 1224 652 1280 heat
676 1235 733 1277 ut
758 1226 888 1277 vitet
914 1222 1314 1292 impendentem
1370 1223 1700 1276 sententiam
1725 1221 1841 1275 Dei.
1888 1221 2097 1289 Regum

522 1328 702 1370 autem
755 1316 1029 1384 proprium
1062 1324 1146 1368 est
1190 1316 1369 1367 facere
1408 1314 1673 1383 judicium
1721 1324 1774 1367 et
1806 1314 2096 1380 justitiam,

521 1418 577 1462 ct
608 1408 839 1461 liberare
870 1407 935 1459 de
977 1420 1139 1459 manu
1193 1405 1643 1458 calumniatorum
1690 1405 1741 1459 vi
1786 1419 2097 1472 Oppressus,

525 1511 576 1554 et
632 1498 941 1569 peregrino,
990 1496 1331 1566 pupilluque,
1372 1507 1421 1549 et
1473 1497 1649 1550 vidute
1719 1496 1834 1567 (qui
1883 1496 2099 1550 facilius

535 1596 923 1666 opprimuntur
954 1610 979 1645 a
1013 1592 1349 1661 potentibus)
1370 1595 1607 1660 prmbere
1630 1593 1912 1646 auxilium.
1947 1591 2011 1645 Et
2041 1601 2100 1645 ut

522 1706 713 1743 curam
756 1691 834 1742 eis
863 1697 1253 1758 prmeeptorum
1304 1687 1393 1741 Dei
1436 1688 1696 1755 majorem
1724 1688 2099 1757 injiceret,iu-

2204 496 2335 557 sim;
2363 511 2559 550 nomen
2619 496 2829 564 accepit
2881 496 3085 565 σωρδρς,
3113 494 3182 562 {id
3226 503 3326 558 est,
3361 494 3596 547 tinnulas
3633 495 3754 548 testi-

2203 590 2384 651 monii,
2420 604 2483 643 eo
2517 590 2662 658 quod
2707 590 2776 641 ibi
2826 587 2995 642 Jacob
3036 588 3329 653 Labauque
3374 586 3754 654 juraverint,in

2201 694 2458 734 acervum
2524 680 2792 747 lapidibus
2849 680 3197 749 congregatis
3244 677 3398 745 (lien.
3453 678 3628 746 uxr).
3678 677 3754 732 Est

2204 781 2383 824 autem
2407 780 2592 839 caput,
2615 771 2745 839 ,‘sive
2770 771 3091 840 principium
3110 770 3310 823 Libani
3339 770 3537 822 montis
3552 769 3751 832 excelsi,

2202 863 2295 930 qui
2336 862 2618 917 universus
2663 862 2843 916 cedris
2876 862 3122 915 consitus
3156 870 3238 914 est
3265 859 3415 929 juxta
3449 859 3579 913 illud
3613 856 3750 912 David

2204 956 2452 1008 canentis
2494 972 2509 1009 :
2547 952 2614 1007 Et
2666 955 3009 1007 commovebit
3062 953 3315 1006 Dominus
3361 953 3544 1004 cedro:
3594 949 3754 1002 Libani

2202 1046 2375 1117 (Psal.
2420 1061 2610 1109 xxvm,
2648 1046 2722 1114 5).
2762 1045 2829 1099 Et
2861 1046 3029 1099 alibi:
3072 1043 3190 1096 Vidi
3224 1046 3441 1109 impium
3475 1042 3755 1108 superemi-

2205 1148 2396 1202 talum,
2427 1147 2473 1191 et
2508 1138 2765 1190 eleuatum
2792 1138 2928 1189 sicut
2950 1138 3128 1189 cedro:
3155 1136 3339 1189 Libani
3386 1135 3563 1204 (l’sal.
3594 1149 3754 1198 xxxvi,

2201 1230 2317 1297 55).
2358 1228 2419 1281 Et
2451 1228 2501 1279 in
2527 1228 2798 1281 Zacharia
2831 1227 3058 1294 legimus
3085 1244 3098 1280 :
3137 1227 3317 1294 Aperi,
3350 1225 3568 1288 Libane,
3599 1241 3752 1292 portas

2203 1332 2343 1385 tuas,
2374 1301 2685 1374 et'contedat
2727 1320 2860 1388 ignis
2890 1322 3072 1374 cedrus
3101 1326 3218 1371 tuas
3249 1317 3433 1388 (Zach.
3457 1334 3530 1381 ιι,
3574 1317 3641 1383 l).
3669 1317 3754 1384 lgi-

2202 1422 2290 1465 tur
2323 1413 2577 1481 praesenti
2611 1412 2747 1475 loco,
2772 1413 2897 1479 quia
2931 1415 2993 1463 ad
3030 1413 3250 1463 domum
3281 1410 3483 1477 regiam
3519 1409 3754 1474 loqueba-

2190 1514 2324 1570 ‘tur,
2400 1520 2499 1574 per
2579 1505 2957 1574 metaphoram
3029 1502 3269 1570 loquitur
3333 1502 3395 1553 ad
3470 1500 3749 1568 templum,

2202 1600 2316 1653 sive
2336 1598 2403 1653 ad
2422 1598 2640 1652 domum
2664 1596 2847 1666 stirpis
2881 1594 3041 1659 Juda,
3060 1598 3204 1665 quod
3224 1596 3337 1661 ipsa
3367 1593 3435 1646 sit
3456 1596 3506 1645 in
3532 1594 3747 1657 excelso,

2204 1691 2318 1745 sive
2358 1690 2502 1758 quod
2528 1688 2594 1743 de
2629 1690 2848 1755 templo,
2884 1698 3048 1757 atque
3077 1687 3338 1750 sacrario,
3376 1687 3616 1740 Omnium
3646 1701 3751 1753 pec-

516 1781 682 1834 tnlit:
710 1778 889 1832 Nolite
912 1779 1248 1839 contristare,
1273 1788 1331 1829 ut
1367 1793 1469 1830 non
1490 1779 1663 1831 solum
1693 1794 1798 1832 non
1828 1779 2095 1847 eripiatis,
2131 1766 2171 1823 Β
2202 1790 2445 1835 eatortun
2492 1779 2727 1833 remedia
2772 1779 3159 1849 poscebantur.
3200 1776 3353 1831 Unde
3400 1786 3454 1830 et
3502 1777 3592 1830 hic
3628 1776 3748 1828 idem

524 1871 615 1925 sed
655 1886 719 1923 ne
752 1870 1027 1939 patiamini
1064 1869 1282 1938 quidem
1308 1884 1403 1937 per
1424 1878 1660 1922 vestram
1693 1868 2095 1922 conniventiam

525 1965 591 2015 ab
627 1963 747 2015 aliis
786 1962 1121 2015 contristari.
1168 1961 1234 2014 Et
1270 1962 1582 2030 sanguinem
1616 1961 1944 2015 innocentem
1994 1977 2099 2014 non

524 2054 810 2122 e/fumlatis
843 2054 895 2105 in
931 2052 1045 2106 loco
1078 2054 1197 2106 isto.
1231 2052 1541 2106 llomicidas
1567 2054 1779 2107 enimet
1803 2055 2101 2122 sacrilegos

523 2158 574 2199 et
622 2146 946 2201 veneuarios
995 2147 1212 2214 punire,
1270 2160 1376 2199 non
1423 2153 1507 2198 est
1549 2145 1747 2199 eﬂ‘usio
1797 2146 2098 2214 sanguinis,

525 2238 617 2291 sed
669 2238 843 2307 legum
883 2237 1267 2291 ministerium.
1324 2236 1403 2299 Si,
1442 2236 1639 2305 inquit,
1685 2237 1799 2292 hinc
1835 2238 2097 2301 feceritis,

522 2342 556 2379 o
609 2326 970 2395 regesduda,
1025 2325 1281 2381 tenebitis
1333 2325 1620 2394 pristinam
1672 2335 2017 2394 potestatem,
2048 2336 2102 2380 ct

517 2433 644 2472 cum
676 2417 975 2471 ambitione
1020 2417 1403 2485 ingrediemini
1434 2427 1617 2485 portas
1645 2416 1969 2472 Jerusalem.
2003 2417 2098 2470 Sin

520 2518 700 2562 autem
734 2508 915 2562 facere
966 2508 1271 2572 nolueritis,
1305 2523 1337 2562 o
1383 2509 1577 2562 domus
1623 2510 1791 2578 regia,
1837 2526 1940 2562 nun
1992 2520 2097 2561 tam

522 2601 737 2655 Domini
782 2602 887 2656 erit
918 2601 1285 2665 crudelitatis,
1337 2617 1497 2671 quam
1546 2610 1653 2656 tua:
1688 2603 2005 2665 voluntatis,
2042 2614 2099 2656 ut

521 2694 702 2747 omnis
754 2695 952 2749 civitas
988 2694 1263 2763 redigatur
1310 2695 1359 2746 in
1396 2694 1769 2748 solitudinem.
1826 2694 2096 2763 Quidquid

522 2786 684 2853 regia:
718 2785 901 2840 domui
942 2785 1145 2839 dictum
1173 2794 1277 2848 est,
1305 2785 1610 2854 intelligant
1634 2785 1901 2855 episc0pi,
1937 2788 2100 2839 socii-

522 2892 628 2947 que
650 2892 838 2931 eorum
870 2878 1193 2947 presbyteri,
1221 2886 1384 2946 atque
1417 2879 1651 2941 diaconi,
1675 2888 1729 2932 et
1755 2879 1936 2932 omnis
1966 2887 2100 2931 ordo

519 2970 949 3033 ecclesiasticus,
984 2968 1129 3038 quod
1161 2969 1206 3023 si
1238 2969 1466 3024 fecerint
1496 2984 1619 3038 quae
1649 2978 1916 3038 praecepta
1936 2980 2096 3037 sunt,

520 3072 574 3117 et
602 3063 745 3116 inter
764 3070 958 3115 caetera
986 3060 1334 3114 innocentem
1360 3061 1679 3129 sanguinem
1707 3076 1811 3115 non
1834 3060 2095 3128 fuderint,

522 3151 955 3208 scandalizantes
1006 3150 1259 3205 minimos
1306 3166 1577 3221 quosque,
1628 3159 1683 3205 et
1730 3152 2097 3221 percuticutes

514 3245 885 3301 conscientias
939 3242 1298 3313 singulorum,
1346 3243 1627 3298 obtineant
1679 3244 1933 3299 traditam
1990 3244 2097 3299 sibi

519 3354 550 3392 a
588 3336 811 3390 Domino
840 3335 1185 3407 dignitatem.
1236 3335 1332 3390 Sin
1369 3344 1549 3390 autem
1587 3337 1771 3392 facere
1820 3336 2097 3391 noluerint

521 3435 681 3495 atque
734 3426 1187 3493 contempserint,
1222 3425 1322 3494 ipsi
1374 3425 1622 3495 redigant
1666 3424 1966 3481 Ecclesiam
2000 3426 2095 3499 Dei

511 3520 572 3571 in
605 3516 973 3570 solitudinem.
1005 3516 1382 3580 lngrediuntur
1404 3525 1586 3571 autem
1611 3518 1674 3571 dc
1699 3532 1899 3587 genere
1926 3518 2095 3571 David

509 3625 616 3679 .per
639 3618 821 3678 portas
844 3608 1165 3673 Jerusalem,
1191 3617 1247 3662 et
1271 3609 1465 3664 sedent
1484 3623 1648 3679 super
1673 3610 1927 3663 thronum
1953 3608 2095 3678 ejus,

520 3700 611 3770 qui
644 3701 1032 3769 interpretatur
1076 3700 1230 3768 [ortis
1262 3716 1445 3765 manu,
1479 3710 1532 3755 et
1558 3700 1858 3755 ascendunt
1891 3715 2091 3755 currus

522 3801 574 3844 et
610 3807 803 3861 equos,
848 3792 1068 3861 quando
1109 3790 1386 3848 refrenant
1423 3800 1474 3846 et
1507 3806 1635 3846 suas
1668 3800 1725 3846 et
1755 3790 1935 3860 pepuli
1968 3807 2092 3861 per-

522 3885 881 3951 turbationes,
914 3894 967 3938 et
1001 3887 1306 3955 composito
1351 3885 1403 3937 in
1441 3882 1682 3939 Ecclesia
1714 3884 2097 3953 ingrediuntur

520 3977 712 4047 gradu.
766 3984 821 4031 et
872 3977 1163 4029 multarum
1222 3976 1486 4030 virtutum
1522 3976 1714 4040 choro,
1776 3974 1986 4044 sibique
2029 3990 2095 4030 ex

519 4072 667 4125 omni
714 4080 868 4140 parte
921 4069 1344 4124 concinentium.
1400 4067 1466 4124 Et
1516 4078 1575 4122 ut
1620 4068 1721 4122 hoc
1756 4084 1942 4123 verum
1975 4084 2095 4124 esse

518 4164 823 4225 credamus,
855 4163 1002 4231 jurat
1038 4176 1133 4230 per
1160 4176 1241 4227 se,
1271 4161 1395 4230 quia
1424 4160 1581 4230 juxta
1606 4160 1946 4228 Apostoluut,
1980 4178 2095 4214 tua-

511 4256 686 4322 jorem
731 4255 896 4308 alium
955 4269 1051 4324 per
1095 4268 1255 4324 quem
1302 4253 1490 4323 jurare
1530 4256 1760 4324 possint,
1789 4267 1895 4307 non
1931 4255 2093 4308 habet

518 4344 707 4415 (Hebr.
741 4348 841 4414 vt).

2206 1873 2464 1941 propheta
2496 1880 2891 1925 commemorat
2925 1888 2937 1924 :
2978 1868 3249 1937 Numquid
3285 1868 3458 1921 resina
3485 1883 3589 1919 non
3614 1868 3750 1921 estin

2188 1963 2433 2027 ‘Calaad,
2454 1973 2546 2016 aut
2577 1962 2805 2016 medicus
2825 1978 2928 2015 non
2956 1972 3028 2015 est
3058 1962 3173 2015 ibi?
3204 1960 3379 2023 Quare
3402 1975 3504 2011 non
3536 1960 3751 2012 ascendit

2202 2061 2408 2110 curatio
2444 2058 2570 2123 ﬁlia:
2598 2056 2781 2126 populi
2818 2056 2919 2108 mei
2960 2053 3185 2124 (Jerem,
3224 2068 3341 2110 vui.
3371 2051 3504 2119 22)?
3541 2049 3754 2104 (Ioanni-

2204 2160 2363 2200 natur
2414 2148 2579 2215 igitur
2628 2147 2791 2213 regia:
2844 2146 3051 2206 domui,
3106 2154 3158 2197 et
3187 2143 3305 2196 urbi
3362 2141 3681 2200 Jerusalem,
3710 2146 3753 2190 ct

2200 2238 2426 2303 templo,
2459 2238 2604 2304 quod
2657 2244 2812 2290 vocat
2835 2245 2999 2305 caput
3024 2233 3235 2300 Libani,
3264 2235 3406 2302 quod
3431 2232 3750 2301 redigendum

2207 2334 2275 2386 sit
2309 2332 2359 2383 iu
2392 2331 2743 2385 solitudinem
2775 2344 2896 2383 cum
2926 2329 3199 2382 universis
3228 2328 3452 2379 mhibus
3486 2328 3602 2380 suis
3630 2340 3753 2378 :non

2204 2425 2440 2491 putentia
2486 2422 2627 2491 regis
2669 2418 2973 2489 Babylonii,
3013 2420 3106 2473 sed
3140 2420 3346 2473 Domini
3379 2418 3643 2486 jussione,
3675 2416 3753 2481 qui

2201 2518 2329 2566 dicit
2361 2530 2374 2566 ε
2412 2512 2767 2578 Sanctiﬁcabo
2804 2529 2959 2579 super
2991 2523 3036 2565 te
3079 2512 3500 2579 interﬁcieutem.
3543 2512 3756 2562 Sanetus

2201 2614 2378 2657 autem
2420 2614 2651 2659 vocatur
2712 2603 3251 2668 Nabuchodonosor,
3302 2612 3355 2656 et
3425 2604 3605 2654 amnis
3656 2601 3757 2670 ejus

2198 2698 2492 2756 exercitus,
2532 2695 2656 2764 quia
2704 2695 3021 2763 exsequitur
3053 2693 3380 2747 sententiam
3418 2692 3538 2745 Dei.
3569 2690 3630 2743 Et
3656 2706 3759 2743 suc-

2199 2789 2395 2850 cident,
2448 2788 2643 2855 inquit,
2674 2786 2865 2838 elatas
2918 2788 3097 2838 cedro:
3142 2794 3304 2837 tuas:
3340 2792 3584 2851 p0tentes
3607 2796 3757 2851 quos-

2200 2894 2327 2945 que,
2363 2889 2414 2931 et
2450 2877 2725 2945 principes
2756 2877 3029 2939 civitatis;
3061 2883 3109 2927 et
3152 2875 3359 2926 mittent
3393 2874 3446 2925 in
3498 2875 3681 2942 ignem,
3704 2878 3758 2924 ut

2198 2970 2377 3023 numia
2409 2970 2674 3023 devorans
2702 2967 2913 3021 flamma
2962 2976 3271 3023 consumat.
3316 2968 3563 3036 Cumque
3595 2967 3755 3019 deleta

2202 3062 2403 3115 fuerint
2436 3060 2711 3125 universa,
2762 3060 3072 3115 transibunt
3102 3067 3287 3130 gentes
3345 3058 3527 3111 mutue
3567 3072 3657 3125 per
3681 3056 3753 3108 ci-

2200 3154 2444 3219 vitatem,
2484 3162 2536 3208 et
2564 3152 2870 3223 Templum,
2909 3154 3049 3221 quod
3101 3154 3181 3207 eis
3215 3154 3365 3221 prius
3418 3150 3625 3220 ingredi
3659 3163 3755 3200 non

2200 3246 2436 3312 licebat,
2491 3255 2545 3300 et
2604 3246 2986 3314 unusquisque
3040 3245 3291 3312 loquetur
3340 3243 3592 3312 proximo
3647 3254 3755 3303 suo,

2199 3352 2371 3408 quare
2414 3336 2610 3391 fecerit
2646 3334 2911 3390 Dominus
2955 3335 3164 3390 civitati
3214 3335 3431 3405 inclytus
3466 3345 3520 3388 et
3572 3346 3762 3399 tnagute

2202 3438 2311 3481 tam
2366 3427 2623 3489 subitam,
2657 3434 2713 3481 et
2767 3436 2874 3479 tam
2941 3428 3203 3495 grandem
3240 3424 3628 3479 eversionem?
3672 3422 3759 3474 Re-

2198 3519 2645 3589 spondcbuntque,
2707 3519 2899 3586 inquit,
2966 3518 3059 3588 qui
3122 3517 3763 3586 intcrrogatiluerint,et

2198 3622 2468 3695 exponent
2499 3626 2690 3667 causas
2741 3611 3043 3672 ruinarum,
3074 3611 3313 3664 dicentes
3352 3627 3365 3664 :
3397 3611 3525 3679 quia
3578 3608 3761 3661 dereli-

2198 3714 2420 3775 querunt
2451 3715 2664 3774 pactum
2699 3704 2915 3757 Domini
2949 3703 3044 3757 Dei
3098 3704 3205 3767 sui,
3243 3713 3295 3757 et
3339 3718 3439 3772 pro
3474 3702 3583 3757 Deo
3635 3702 3760 3755 idola

2198 3798 2440 3854 venerati
2475 3807 2625 3854 sunt.
2676 3799 2875 3853 Audiat
2926 3798 3028 3851 hoc
3077 3807 3131 3851 et
3168 3807 3367 3851 nostra:
3403 3796 3557 3851 urbis
3588 3797 3762 3849 domus

2198 3892 2367 3962 regia,
2390 3903 2445 3947 et
2472 3892 2643 3962 989
2667 3892 2938 3961 principes
2961 3891 3102 3961 ejus,
3126 3899 3179 3945 et
3208 3890 3381 3956 cedri,
3425 3906 3549 3959 quae
3568 3890 3766 3943 elevant

2199 4000 2369 4055 usque
2419 3986 2488 4039 ad
2546 3986 2713 4039 nubes
2746 3986 3003 4037 verticem
3036 3999 3216 4048 suum,
3248 3996 3300 4037 et
3330 4000 3426 4052 per
3457 3984 3757 4053 superbiam

2197 4080 2497 4149 loquuntur
2528 4093 2545 4131 :
2574 4078 2693 4146 quis
2719 4092 2819 4129 non
2843 4076 3035 4129 ridebit
3066 4079 3090 4129 .9
3114 4076 3265 4141 Quod
3293 4078 3403 4130 cito
3435 4076 3650 4129 ﬂamina
3674 4076 3765 4127 Do-

2198 4171 2328 4224 mini
2366 4179 2783 4232 consumantur,
2816 4169 2858 4221 si
2891 4169 3164 4222 uoluerint
3196 4170 3336 4221 illius
3363 4169 3653 4237 prmeeptis
3680 4182 3761 4219 ac-

2195 4262 2508 4329 quiescere.
2560 4260 2678 4313 Alia
2701 4270 2891 4312 autem
2934 4269 3017 4313 est
3053 4260 3413 4313 sanctiﬁcatio
3447 4260 3561 4331 [Αἰ.
3602 4258 3760 4312 sacri-

2196 4350 2398 4423 ficatio]
2436 4350 2827 4417 interfectoris,
2851 4360 2900 4405 et
2939 4366 3217 4404 armorum
3251 4352 3365 4417 ejus
3394 4369 3410 4417 ;
3449 4354 3557 4405 alia
3592 4366 3761 4405 sacer-

587 4437 765 4506 (Vers.
822 4437 1005 4508 6,-8.)
1043 4456 1062 4490 ι
1101 4438 1238 4504 Quia
1278 4438 1395 4493 haec
1420 4437 1560 4493 dicit
1612 4437 1872 4496 Dominus
1926 4456 2090 4509 super
2124 4469 2167 4523 ο
2199 4446 2406 4507 dotum,
2440 4456 2495 4497 et
2535 4459 2746 4509 eorum,
2783 4444 2871 4512 qui
2897 4445 3206 4498 ministrant
3238 4444 3494 4499 Domino.

515 4529 733 4584 doxuum
796 4528 922 4596 (sive
951 4529 1018 4583 ad
1077 4528 1322 4597 domum)
1377 4530 1522 4599 regis
1552 4528 1972 4596 Juda,Galaad,
2030 4543 2083 4584 tu

515 4623 645 4674 mihi
684 4630 845 4691 caput
894 4621 1023 4689 (sive
1065 4620 1414 4690 principium)
1447 4620 1665 4687 Libani,
1702 4624 1743 4677 si
1779 4623 1950 4693 988
1978 4639 2085 4677 non

511 4730 745 4786 posuero
793 4725 842 4768 te
887 4715 939 4768 iu
976 4713 1346 4777 solitudinem,
1380 4716 1542 4769 urbes
1574 4716 1987 4775 inhabitabiles.
2020 4720 2088 4775 Et

508 4807 857 4861 sanctiﬁeabo
888 4804 998 4879 [ΑΙ.
1033 4803 1338 4876 aedificabo]
1372 4821 1536 4873 super
1566 4814 1621 4861 te
1669 4808 2084 4867 interlicientem

508 4901 705 4965 virum,
726 4908 781 4953 et
798 4913 947 4952 arma
965 4898 1081 4968 ejus
1102 4907 1183 4953 :et
1200 4898 1695 4957 succidentelectas
1717 4904 1910 4959 cedrus
1937 4916 2084 4971 tuas,

508 4999 557 5040 ct
578 4989 992 5059 praecipitabunt
1008 4989 1135 5059 (sive
1164 4986 1401 5058 mittent)
1418 4988 1693 5059 in'ignem,
1714 5003 1769 5047 et
1787 4998 2085 5063 pertransi-

508 5079 637 5133 bunt
661 5090 849 5147 gentes
870 5081 1051 5136 multa:
1069 5096 1166 5152 per
1181 5080 1457 5136 civitatem
1484 5083 1645 5147 hanc,
1667 5094 1723 5139 et
1744 5086 1887 5141 dicet
1914 5104 2079 5143 unus-

507 5173 740 5240 quisque
790 5174 1033 5239 proximo
1079 5187 1177 5227 suo
1227 5188 1241 5225 :
1285 5170 1471 5237 Quare
1503 5170 1633 5227 fecit
1679 5173 1941 5231 Dominus
1993 5178 2071 5232 sic

504 5266 709 5318 civitati
753 5264 878 5319 huic
928 5264 1178 5334 magnae?
1240 5265 1309 5319 Et
1356 5265 1783 5333 respondebunt,
1828 5284 1895 5324 eo
1933 5272 2078 5339 quod

500 5358 907 5426 dereliquerunt
936 5367 1146 5423 pactum
1180 5356 1395 5411 Domini
1428 5359 1519 5413 Dei
1556 5359 1661 5424 sui,
1714 5369 1768 5415 et
1812 5360 2079 5417 adorave-

501 5460 629 5503 ruttt
651 5454 781 5502 deos
820 5448 1046 5512 alienos,
1069 5457 1123 5501 et
1146 5448 1457 5504 servierunt
1478 5452 1579 5505 eis.
1609 5468 1628 5502 ι
1653 5450 1883 5516 Galaad,
1912 5471 2076 5522 quam

501 5542 740 5607 possedit
792 5541 1014 5592 dimidia
1052 5542 1226 5601 tribus
1261 5541 1525 5609 Manasse,
1584 5554 1730 5597 trans
1776 5543 2075 5601 Jordanem

502 5631 783 5699 Scriptura
839 5644 1255 5703 commemorat.
1303 5634 1362 5687 In
1410 5650 1516 5703 quo
1549 5645 1730 5690 monte
1772 5635 1957 5691 Labau
1995 5640 2076 5691 fu-

2274 4534 2453 4604 (Vers.
2480 4534 2572 4599 10,
2605 4534 2717 4603 ll.)
2746 4532 2959 4589 «Nolite
2986 4533 3116 4589 ﬂere
3145 4547 3448 4601 mortuum,
3486 4551 3660 4607 neque
3688 4537 3761 4587 lu-

2193 4629 2365 4698 geatis
2386 4642 2546 4695 super
2562 4640 2721 4681 eum:
2752 4626 2985 4695 plangite
3016 4626 3142 4681 ﬂetu
3174 4642 3298 4681 eum
3324 4633 3414 4697 qui
3449 4633 3760 4700 egreditur:

2192 4720 2321 4790 quia
2352 4734 2459 4773 non
2497 4727 2805 4774 revertetur
2838 4721 3003 4782 ultra,
3032 4734 3134 4774 nec
3163 4721 3365 4774 videbit
3398 4730 3610 4775 terram
3640 4721 3765 4774 Itali-

2195 4812 2377 4866 vitatis
2399 4826 2530 4865 suae.
2557 4809 2693 4876 Quia
2733 4812 2848 4866 haec
2909 4812 3040 4865 dicit
3082 4811 3341 4867 Dominus
3373 4814 3441 4867 ad
3479 4814 3679 4869 Sellum
3709 4818 3765 4865 li-

2194 4902 2510 4959 liumJosia:
2546 4918 2727 4973 regem
2765 4903 2944 4975 (Vulg.
2967 4903 3135 4976 regis}
3165 4903 3326 4971 Juda,
3373 4908 3471 4977 qui
3531 4911 3766 4978 regnavit

2195 5011 2291 5065 pro
2321 4995 2467 5050 Josia
2489 5004 2643 5066 patre
2674 5009 2791 5061 suo,
2827 4997 2918 5065 qui
2950 5011 3201 5065 egressus
3250 5009 3333 5053 est
3369 5000 3439 5054 de
3478 5001 3602 5055 loco
3630 5003 3762 5053 ista:

2187 5103 2293 5141 non
2320 5098 2619 5142 revertetur
2644 5089 2749 5143 huc
2779 5090 3045 5157 amplius;
3091 5093 3184 5146 sed
3214 5093 3266 5145 in
3303 5092 3442 5158 loco,
3484 5096 3552 5147 ad
3612 5109 3761 5161 quem

2190 5180 2442 5234 transtuli
2468 5181 2705 5245 eum,ibi
2732 5182 3017 5249 morietur,
3041 5193 3094 5237 et
3119 5196 3317 5238 terram
3353 5186 3525 5239 istaut
3555 5202 3657 5239 non
3694 5186 3764 5235 vi-

2191 5273 2344 5327 debit
2373 5274 2628 5343 amplius.
2660 5293 2676 5326 ι
2718 5272 2898 5330 .iosias
2928 5293 3017 5332 rex
3039 5278 3223 5345 justus
3245 5288 3352 5331 tres
3378 5278 3530 5334 ﬁlios
3566 5281 3760 5337 habuit,

2186 5361 2446 5431 Juachaz,
2466 5376 2518 5420 et
2542 5364 2738 5434 Jacim,
2757 5377 2809 5420 et
2833 5367 3138 5433 Sedeciam,
3162 5387 3388 5439 quorum
3413 5373 3656 5441 primum
3679 5386 3764 5424 τρι

2187 5456 2403 5527 Αἰεγριί
2431 5459 2641 5515 Pharao
2660 5460 2876 5517 Necltao
2904 5466 3176 5533 captivum
3199 5466 3357 5521 duxit
3378 5470 3432 5520 in
3453 5467 3761 5537 Egyptum,

2188 5552 2371 5618 ibique
2392 5564 2635 5607 mortuus
2657 5566 2757 5620 est,
2774 5566 2827 5610 et
2843 5558 3120 5611 constituit
3144 5574 3240 5629 pro
3256 5575 3319 5615 eo
3337 5576 3526 5629 regem
3550 5561 3759 5614 Eliacitu

2189 5641 2292 5710 [At
2348 5643 2632 5720 Joarhimj
2674 5649 2898 5705 frtrem
2931 5651 3050 5723 ejus
3082 5651 3203 5722 (ll’
3265 5652 3383 5725 Reg.
3422 5669 3564 5709 χχιιι
3593 5656 3761 5727 Μὶιιθ

575 5748 592 5779 ⁸
623 5749 853 5829 Cistet‘c.
905 5750 1239 5815 econtrariu,
1288 5768 1378 5818 per
1413 5753 1623 5806 nuntios
1657 5756 1892 5811 aro/libet
1937 5760 2138 5829 tristia,
2177 5776 2283 5818 etc.
