3950 6180
308 172 424 239 8ιῆ

785 171 1281 236 COMMENTAR.
1327 142 1404 231 IN
1443 171 1842 262 JEREMIMI
1891 173 2356 234 PROPIIETAM
2401 172 2548 234 LIB.
2595 171 2690 244 iV,
2734 169 2896 231 CAP.
2936 169 3129 229 XXII.

3477 165 3582 228 816

307 299 556 348 mortuo,
594 285 832 354 regnavit
866 283 1004 336 filius
1029 283 1146 351 ejus
1177 281 1490 345 Jez‘houias,
1519 283 1611 350 qui
1653 297 1680 334 a
1714 280 1897 335 Nabu-
1928 301 1971 354 Α
2005 284 2182 354 gintus
2212 293 2420 345 autem,
2456 292 2514 336 ut
2547 293 2652 335 tam
2685 281 2890 350 Regum
2921 295 3083 350 quam
3115 277 3568 346 Paralipomenon.

320 382 666 434 chodonosor
693 392 815 445 rege
847 376 1166 446 Babylonio,
1199 390 1321 429 cum
1344 385 1539 440 matre,
1563 385 1614 429 et
1635 375 1896 444 principi-

321 475 426 527 bus
449 471 643 524 ductus
666 477 750 522 est
773 468 824 522 itt
845 469 1211 536 captivitatem
1236 485 1252 524 :
1283 483 1380 537 pro
1407 483 1512 536 quo
1536 479 1767 538 patruus
1783 467 1900 538 ejus

324 565 574 633 regnavit
608 562 864 617 Sedecias
888 561 1006 630 qui,
1031 568 1186 629 capta
1225 557 1548 623 Jerusalem,
1592 558 1789 612 ductus
1820 567 1905 612 est

327 658 382 710 in
421 657 743 726 Babylonem
780 653 943 723 (Ibid.
984 668 1131 714 xxiv,
1185 652 1336 719 xxv).
1379 651 1652 715 Quatritnr
1695 651 1900 719 itaque,

331 751 459 817 quis
482 751 555 802 sit
580 749 682 802 iste
711 748 803 813 qui
825 746 939 799 ﬂeri
965 762 1070 798 non
1104 746 1318 808 debeat,
1352 743 1736 812 tlucendttsque
1760 744 1830 797 sit
1852 743 1907 797 in

325 839 718 908 captivitatem,
743 847 797 889 et
822 837 1087 888 ultranon
1112 849 1454 901 reversurus,
1479 848 1600 886 cum
1630 843 1740 886 ttes
1763 831 1909 899 capti

328 931 461 990 sint,
493 937 652 995 atque
677 925 1024 979 transdttcti?
1052 925 1258 978 Hebraei
1283 933 1472 993 putant
1510 925 1613 978 hoc
1656 923 1913 977 omnibus

329 1023 647 1085 convenire,
679 1021 730 1071 id
750 1028 855 1084 est,
882 1028 936 1073 et
965 1016 1228 1080 Juachaz,
1249 1027 1303 1071 et
1331 1016 1634 1080 Jechmtim,
1663 1025 1720 1070 et
1749 1014 1915 1068 Sede-

299 1117 474 1168 cite:
509 1110 878 1180 appellarique
908 1125 1102 1164 omnes
1139 1109 1276 1162 filios
1328 1105 1492 1162 Josite
1541 1106 1756 1169 Sellem,
1802 1108 1916 1162 sive

331 1205 543 1263 Selium
597 1186 814 1272 (mimi),
863 1204 1006 1272 quod
1048 1204 1453 1270 interpretatur
1502 1201 1915 1262 consummatio,

333 1299 452 1353 sive
479 1295 795 1361 complexio;
826 1308 890 1348 eo
927 1295 1070 1362 quod
1108 1309 1330 1364 regnum
1365 1291 1502 1346 Inda
1539 1295 1589 1346 in
1645 1293 1778 1362 ipsis
1803 1293 1920 1344 fini-

333 1402 454 1445 tum
487 1393 580 1446 sit.
611 1389 745 1443 Mihi
776 1400 958 1443 autem
986 1393 1205 1458 proprie
1233 1391 1335 1442 hoc
1355 1391 1460 1443 dici
1496 1389 1707 1442 videtur
1731 1391 1796 1441 tle
1825 1387 1924 1440 Se-

346 1486 525 1546 decia,
571 1486 638 1539 de
701 1499 814 1551 quo
848 1492 897 1535 et
932 1483 1242 1552 praisentis,
1291 1491 1341 1534 et
1400 1481 1654 1550 praeteriti
1703 1478 1922 1547 capituli

337 1578 626 1646 prophetia
650 1586 756 1638 est,
791 1576 841 1626 in
872 1591 977 1643 quo
1011 1589 1135 1626 vero
1164 1590 1387 1642 regnum
1419 1572 1552 1626 Juda
1581 1572 1789 1625 finitum
1817 1582 1922 1636 est,

2005 377 2425 430 narratltistoria
2444 373 2496 445 (1
2515 375 2552 429 V
2571 374 2695 444 Reg.
2711 390 2838 429 “ut
2861 382 2908 426 et
2924 369 3349 441 xXthLPuruf.
3367 371 3580 440 xum).

2020 467 2274 523 undecim
2315 468 2476 523 annis
2515 479 2770 532 regnasse
2788 462 3589 530 crudeltter,etcxstitisseim—

2008 561 2183 631 piunt,
2202 569 2252 615 et
2273 571 2455 628 postea
2479 569 2750 614 mortuum
2777 576 2793 625 ;
2822 573 2922 613 nec
2939 570 3120 612 tamen
3150 556 3269 625 ejus
3295 554 3586 624 sepultura

2017 660 2290 716 narratur,
2342 653 2480 704 hanc
2519 650 2752 706 habente
2785 650 3065 718 Scriptura
3099 663 3252 702 sacra
3290 657 3587 702 consuetu-

2016 743 2195 795 dinem
2223 752 2279 795 ut
2301 739 2488 797 omnes
2514 758 2667 812 reges
2687 751 2741 795 et
2759 751 3008 794 mortuos
3025 740 3229 794 referat
3249 751 3302 793 et
3321 739 3588 805 sepultos.

2019 831 2172 886 Hunc
2193 846 2370 887 autem
2397 834 2616 904 proprie
2641 843 2824 886 narrat
2860 840 3130 887 mortuum
3160 843 3215 885 et
3262 847 3368 885 non
3407 831 3592 900 sepul-

2017 933 2152 988 tum,
2193 925 2261 978 de
2291 940 2400 993 quo
2441 926 2685 980 dicemus
2717 925 2769 978 in
2807 925 3203 993 posterioribus
3238 922 3349 994 [AL
3384 937 3586 977 conse-

2016 1016 2357 1089 quentibus].
2382 1017 2592 1086 Plangit
2612 1018 2794 1086 itaque
2817 1017 3188 1085 supratlietttm
3219 1029 3422 1081 regem,
3445 1014 3592 1082 quod

2019 1109 2254 1163 conﬁdat
2281 1111 2332 1162 in
2381 1109 2638 1175 injustitia
2679 1109 2790 1180 [ΑΙ.
2824 1107 3027 1162 addunt
3054 1105 3175 1178 sua]
3209 1117 3263 1160 et
3291 1115 3441 1175 putet
3471 1121 3596 1159 esse

2021 1213 2334 1269 perpetuam
2387 1201 2593 1268 regiam
2636 1200 2972 1272 dignitatem,
3013 1199 3285 1268 faciatque
3321 1200 3421 1254 sibi
3475 1214 3589 1254 cm-

2025 1293 2239 1357 nacula,
2282 1299 2336 1346 ct
2373 1293 2578 1347 amicos
2611 1293 2902 1361 opprimat,
2957 1293 3419 1361 operantibnsque
3481 1308 3586 1345 non

2025 1384 2217 1438 reddat
2253 1387 2558 1441 mercedem
2624 1401 2804 1447 suam,
2848 1397 2902 1439 et
2940 1395 3199 1439 aeternam
3268 1385 3448 1454 palatii
3507 1385 3594 1438 sui

2036 1477 2455 1531 aztlitiCationem
2493 1479 2807 1531 arbitretur.
2842 1476 3136 1543 Numquid,
3165 1477 3236 1528 ait
3268 1491 3446 1530 sermo
3470 1477 3606 1528 tlivio

2029 1583 2154 1632 nus,
2190 1583 2420 1636 regnare
2450 1572 2656 1638 poteris
2707 1570 2759 1622 in
2790 1579 3133 1638 perpetuum,
3169 1569 3428 1636 quoniam
3467 1582 3602 1622 cnn-

343 1672 450 1725 sub
475 1686 579 1738 quo
598 1680 649 1722 et
671 1671 799 1722 urbs
831 1678 986 1736 capta
1013 1677 1098 1721 est
1123 1683 1136 1721 :
1166 1669 1472 1729 ductusque
1495 1669 1544 1717 itt
1575 1664 1919 1735 Babylonem,
1960 1639 2003 1698 Β
2036 1662 2175 1715 ferre
2203 1672 2253 1715 te
2281 1665 2436 1729 cupis
2468 1663 2628 1714 cedro
2657 1661 2906 1724 exeelsze,
2935 1665 3072 1729 patri
3110 1673 3199 1712 tnn
3219 1659 3384 1713 Josi:e
3409 1660 3602 1714 videli-

341 1767 421 1818 ἱὺί
462 1773 708 1815 mortuus
763 1761 1041 1814 scribitur.
1077 1758 1180 1813 Istc
1210 1759 1545 1818 estSellutu,
1574 1759 1756 1822 idest,
1794 1771 1928 1808 Con-

347 1858 665 1918 snmtnatio,
697 1864 859 1923 atque
891 1852 1205 1920 contpletio,
1244 1852 1384 1904 filius
1413 1849 1594 1914 Josite,
1634 1865 1724 1902 rex
1766 1847 1926 1909 Jutla,

345 1951 442 2016 qui
477 1948 720 2017 regnavit
750 1963 846 2015 pro
887 1945 1031 2000 Jusia
1063 1954 1217 2011 patre
1265 1957 1384 1995 suo.
1410 1940 1704 1994 Jecbonias
1745 1951 1928 1991 autem

351 2055 462 2093 nou
499 2038 598 2091 fuit
630 2036 795 2097 filius,
837 2034 930 2088 sed
961 2048 1128 2100 nepos
1156 2029 1340 2094 Josia',
1374 2031 1514 2083 ﬁlius
1543 2029 1746 2084 Joacint
1771 2047 1786 2081 :
1809 2039 1865 2081 ut
1899 2041 1929 2080 a

347 2129 624 2200 principio
659 2127 900 2186 visionis,
924 2125 1145 2193 quando
1182 2123 1332 2176 misit
1365 2126 1434 2175 ad
1488 2119 1786 2174 Larentiam
1838 2134 1929 2173 rex

349 2220 615 2275 Sldet-ias
643 2217 852 2271 Pbasur
887 2215 1053 2268 t’ilium
1086 2213 1350 2273 Melcbim,
1388 2221 1442 2266 et
1492 2213 1824 2280 Sophoniam
1873 2210 1935 2264 fi-

357 2313 491 2365 lium
517 2309 730 2363 Maasize
758 2307 1118 2368 sacerdotem,
1153 2320 1325 2373 usque
1352 2305 1418 2357 ad
1457 2304 1602 2357 istud
1636 2304 1932 2371 capitulum

356 2404 544 2456 Omnia
571 2401 638 2452 ad
665 2413 866 2464 regem,
897 2406 947 2450 et
975 2399 1039 2451 de
1075 2411 1200 2463 rege
1230 2395 1456 2450 Sedet-ia
1506 2392 1611 2447 dici
1659 2393 1934 2461 intelliga-

359 2507 481 2546 mus
505 2493 712 2557 (supra,
742 2488 877 2557 XXI).

432 2583 618 2652 (Vers.
672 2583 736 2635 i2
770 2596 898 2646 seqq
931 2580 948 2648 )
994 2577 1108 2632 th
1139 2577 1229 2644 qtti
1262 2575 1496 2630 aedificat
1523 2574 1746 2629 domum
1782 2589 1934 2627 suam

361 2679 414 2732 in
443 2675 738 2744 iniustitia,
769 2684 824 2727 et
853 2669 1132 2727 cmnacttla
1157 2686 1254 2724 sua
1285 2685 1387 2723 non
1432 2671 1484 2722 in
1529 2669 1754 2738 judicio.
1796 2667 1926 2720 Anti.

357 2783 482 2820 cuttt
501 2780 657 2819 suum
677 2763 931 2832 opprimit
959 2760 1151 2833 [Vulg].
1187 2762 1454 2828 opprimet
1476 2769 1523 2812 et
1551 2755 1760 2827 reddet]
1793 2755 1939 2809 frus-

365 2871 468 2917 tra.
531 2869 586 2910 et
624 2859 923 2911 mercedem
957 2856 1074 2924 ejus
1115 2870 1218 2908 non
1283 2852 1460 2907 reddit
1503 2851 1575 2905 ei.
1622 2848 1724 2916 Qui
1786 2848 1939 2911 dicit,

364 2950 644 3008 aedificabo
671 2950 800 3002 mihi
833 2951 1049 3001 domum
1084 2948 1344 3008 latam,et
1367 2943 1648 2998 cenacula
1681 2941 1937 3009 Spatiosa,

365 3045 455 3113 qui
489 3042 666 3113 aperit
690 3041 791 3096 sibi
825 3040 1118 3102 fenestras,
1141 3047 1194 3092 et
1221 3037 1350 3091 facit
1378 3036 1657 3105 laquearia
1684 3033 1936 3096 cedrina,

379 3138 664 3206 pingitque
692 3133 957 3202 sinopitle.
992 3131 1263 3200 Numquid
1297 3130 1572 3199 regnabis,
1613 3127 1779 3198 930
1810 3140 1942 3194 quo-

370 3233 516 3283 niam
568 3227 785 3281 confers
827 3236 878 3280 te
905 3224 1107 3280 Cedro?
1141 3222 1303 3278 Pater
1334 3232 1460 3276 tuus
1489 3235 1672 3274 nonne
1707 3219 1943 3273 comedit

370 3335 424 3377 et
454 3323 608 3381 bibit,
634 3331 686 3374 et
717 3320 836 3374 fecit
863 3318 1124 3388 judicium
1148 3327 1203 3371 et
1227 3315 1639 3386 justitiamtunc
1664 3328 1784 3366 (um
1807 3312 1944 3365 bene

368 3419 490 3460 erat
517 3410 564 3460 ei
585 3409 608 3460 ?
628 3406 902 3461 Jndieavit
925 3420 1151 3460 causam
1180 3404 1456 3474 pauperis,
1493 3412 1544 3457 cl
1573 3403 1728 3469 egeni
1763 3403 1813 3453 itt
1849 3402 1944 3454 hoc

373 3517 499 3553 netu
535 3515 692 3553 suum
723 3518 734 3550 :
786 3497 1048 3566 numquid
1083 3514 1188 3551 non
1220 3497 1341 3551 ideo
1368 3498 1492 3564 quia
1532 3496 1786 3563 cognorit
1825 3491 1946 3546 nte?

371 3594 500 3648 dicit
546 3594 837 3646 Dominus.
871 3590 968 3642 'l'ui
1019 3604 1148 3642 vero
1179 3589 1321 3642 oculi
1360 3600 1415 3642 et
1442 3602 1540 3642 cor
1567 3587 1633 3639 ad
1661 3587 1945 3640 avaritiam

374 3696 429 3737 et
461 3685 525 3736 ad
551 3683 872 3747 sanguinem
910 3683 1256 3734 innocentem
1291 3679 1723 3740 funtlcntlttm.et
1758 3679 1824 3730 'atl
1859 3693 1950 3731 t-a-

377 3776 661 3835 luntniant,
691 3784 740 3825 et
768 3775 832 3824 ad
863 3786 1084 3826 cursum
1107 3770 1231 3824 ntali
1257 3771 1496 3838 OpCI'iSJ
1520 3769 1699 3823 LXX:
1739 3788 1758 3820 ι
1787 3770 1829 3823 Ο
1855 3769 1947 3838 qui

373 3871 612 3920 nauticas
640 3866 857 3918 domum
885 3875 1028 3916 tuam
1058 3879 1163 3918 non
1191 3879 1310 3917 eum
1329 3864 1566 3933 juStit‘a,
1589 3874 1642 3914 et
1666 3861 1947 3916 «cenacula

379 3968 466 4010 tua
499 3975 602 4010 non
641 3956 952 4023 injndieio!
985 3953 1139 4020 Apud
1183 3968 1303 4008 eum
1368 3955 1648 4021 proximus
1696 3962 1952 4022 opt-ratur

374 4052 566 4121 gratis,
593 4061 642 4101 et
682 4051 980 4102 nterceJent
1026 4049 1071 4101 ci
1107 4063 1210 4100 non
1272 4048 1466 4100 reddit.
1519 4045 1825 4100 IEdificasti
1855 4044 1949 4098 tibi

379 4151 592 4197 domum
629 4144 929 4212 parvulam,
966 4143 1245 4205 cmnacula
1276 4140 1558 4210 perﬂattlia
1593 4141 1850 4194 distincta
1873 4138 1952 4192 fe-

381 4238 602 4296 nesttis,
626 4248 678 4288 et
713 4235 1025 4305 contignata
1065 4233 1252 4298 cedro,
1286 4244 1338 4286 et
1366 4233 1456 4286 lita
1485 4233 1752 4300 sinopide.
1787 4231 1953 4285 Nunt-

2039 1763 2146 1809 cct.
2176 1755 2283 1821 regi
2309 1753 2500 1820 justo?
2550 1753 2732 1818 Pater,
2770 1755 2970 1822 inquit,
3020 1766 3136 1805 tuus
3169 1762 3216 1806 et
3272 1753 3518 1816 comedit,
3554 1760 3606 1805 et

2031 1845 2182 1911 bibit,
2227 1856 2281 1899 et
2313 1847 2509 1901 fruitus
2537 1859 2621 1902 est
2651 1850 2847 1917 opibus
2894 1849 3078 1916 regiis,
3114 1864 3214 1901 nec
3246 1857 3423 1900 tamen
3457 1848 3510 1900 in
3543 1861 3608 1899 eo

2031 1939 2258 1992 oﬂ‘entlit
2306 1939 2475 1992 Deum
2503 1941 2642 2005 quod
2681 1941 2866 1995 habuit
2899 1941 3137 2000 divitias,
3166 1940 3258 1991 sed
3293 1940 3344 1992 in
3398 1954 3465 1992 eo
3501 1939 3610 2005 pla-

2032 2033 2166 2097 cuit,
2196 2033 2338 2098 qnod
2360 2033 2486 2086 fecit
2509 2033 2774 2102 judicium
2805 2043 2966 2102 atque
2987 2032 3282 2098 justitiam.
3316 2032 3382 2084 Et
3410 2031 3612 2083 ideitto

2037 2131 2144 2174 tant
2196 2123 2247 2174 in
2277 2125 2526 2190 praesenti
2581 2125 2801 2190 satculo,
2854 2139 3018 2192 quam
3069 2124 3120 2176 in
3173 2123 3357 2177 futuro
3392 2123 3529 2176 bene
3563 2123 3612 2176 ei

2032 2214 2161 2277 fuit,
2188 2223 2241 2269 et
2285 2216 2406 2269 erit.
2448 2215 2736 2278 Iudicat-it,
2788 2216 2984 2285 inquit,
3030 2231 3243 2270 caurum
3281 2217 3528 2284 pauperis
3561 2226 3613 2266 et
3673 2284 3681 2291 ι

2037 2308 2206 2376 egeni,
2239 2316 2291 2360 et
2326 2309 2378 2360 in
2415 2323 2602 2361 eorum
2639 2308 2982 2378 refrigerium
3015 2325 3150 2376 quos
3177 2309 3341 2378 991
3383 2309 3611 2362 audivit.

2035 2408 2090 2453 et
2130 2401 2342 2468 proprie
2367 2401 2422 2452 in
2460 2399 2648 2452 bonum
2678 2417 2853 2454 suum.
2890 2400 3015 2454 Haec
3057 2411 3234 2454 autem
3264 2403 3445 2453 omnia
3487 2415 3616 2453 eve-

2039 2493 2304 2544 neruntei
2341 2493 2857 2561 prospera,qnirtmc
2877 2495 3138 2560 cognovit,
3170 2494 3295 2546 dicit
3335 2492 3615 2548 Dentium.

2039 2581 2138 2634 Ttti
2167 2595 2314 2643 vero,
2349 2598 2378 2633 o
2409 2580 2634 2647 Joaeitu,
2657 2583 2797 2636 oculi
2822 2583 3099 2638 declinant
3133 2584 3196 2638 ad
3226 2585 3530 2644 avaritiam,
3560 2595 3617 2638 et.

2041 2684 2099 2725 ιιι
2123 2673 2465 2726 innocentem
2496 2675 2814 2741 sanguinem
2843 2673 3058 2740 fundas,
3092 2674 3158 2728 ad
3181 2675 3532 2739 calumniam,
3561 2684 3617 2726 et.

2040 2765 2106 2818 ad
2134 2779 2351 2817 cursum
2423 2765 2546 2818 mali
2583 2767 2786 2834 operis.
2825 2765 2985 2820 Juxta
3047 2765 3399 2836 Septuaginta
3455 2782 3612 2829 vero.

2043 2871 2201 2923 quem
2271 2871 2491 2910 sensum
2543 2857 2801 2921 habeant,
2846 2857 3150 2928 intelligere
3208 2873 3315 2926 non
3369 2874 3616 2927 possunt.

2043 2947 2180 3002 Cum
2218 2948 2362 3001 enim
2405 2958 2596 3003 czetera
2631 2950 2733 3004 sibi
2765 2949 2946 3020 aliqua
2980 2965 3044 3004 ex
3069 2959 3223 3020 parte
3251 2952 3614 3005 consentiant.

2047 3043 2174 3096 illud
2207 3043 2348 3111 quod
2380 3043 2651 3098 infertur:
2691 3043 2964 3114 Numquid
2996 3044 3257 3113 regnabis,
3289 3043 3539 3114 quoniam
3567 3055 3620 3096 tu

2045 3135 2313 3188 contendis
2346 3136 2397 3188 in
2427 3135 2605 3189 Acltaz
2637 3147 2785 3203 patre
2825 3137 2956 3191 tuo?
3011 3151 3109 3205 pro
3149 3152 3256 3204 quo
3289 3138 3342 3188 in
3393 3135 3618 3187 llebtam

2045 3227 2306 3297 scriptum
2340 3239 2422 3281 est
2462 3229 2775 3298 anazh‘tx),
2797 3239 2852 3283 et
2882 3228 2972 3282 hic.
2993 3243 3174 3283 sermo
3201 3231 3415 3282 cedrum
3451 3231 3620 3301 signi-

2048 3325 2194 3388 ῐὶιϊι,
2226 3323 2579 3376 manifestum
2616 3329 2698 3374 est
2725 3319 2867 3389 quod
2901 3321 3108 3373 nullum
3141 3335 3358 3375 sensum
3390 3323 3607 3375 habeat.

2051 3417 2182 3472 Illud
2207 3430 2421 3484 quotne
2452 3415 2594 3480 quod
2630 3411 2882 3480 sequitur
2909 3410 3071 3465 :Non
3118 3415 3389 3466 comedent
3438 3424 3485 3467 et
3521 3433 3624 3468 non

2051 3510 2246 3571 btbt'nl,
2276 3518 2328 3560 et
2365 3514 2556 3560 caetera
2589 3520 2708 3573 qua:
2733 3503 2806 3558 ita
2844 3503 2984 3558 inter
3015 3518 3072 3558 se
3098 3503 3357 3570 dissipata
3390 3519 3517 3558 sunt
3549 3519 3626 3560 at-

2050 3618 2155 3673 que
2201 3601 2441 3662 confusa,
2479 3610 2536 3652 ttt
2569 3599 2776 3667 absque
2796 3600 3027 3653 veritate
3064 3596 3344 3652 liebraicte
3376 3598 3628 3654 lectionis

2053 3694 2254 3748 nttllam
2310 3674 2722 3761 intelligentiam
2778 3692 3036 3744 habeant.
3089 3687 3389 3745 Possumus
3443 3703 3622 3744 autem

2052 3789 2197 3842 hunc
2233 3786 2406 3840 locum
2435 3785 2585 3851 juxta
2612 3797 2894 3851 anagogen
2925 3793 3119 3837 contra
3150 3783 3437 3837 hmretieos
3489 3784 3629 3840 περὶ·

2055 3894 2183 3949 pere
2209 3878 2298 3946 qui
2327 3875 2599 3930 azdilicant
2628 3875 2731 3928 sibi
2756 3877 2974 3928 domum
3007 3889 3108 3928 non
3135 3889 3406 3944 magnam,
3435 3885 3488 3929 et
3515 3874 3626 3946 [ΑΙ.

2055 3971 2181 4044 nec]
2237 3971 2492 4025 Ecclesiae.
2526 3968 2772 4023 ubertate
2806 3967 3154 4034 latissimam,
3193 3967 3285 4023 seti
3319 3971 3626 4036 parvulam.

2056 4064 2354 4119 Aidificant
2385 4070 2570 4116 autem
2605 4075 2708 4114 non
2749 4075 2870 4114 cttm
2918 4059 3128 4128 justitia
3181 4073 3343 4129 atque
3391 4061 3621 4130 judicio,

2058 4155 2235 4210 aliena
2268 4153 2506 4222 diripere
2531 4150 2840 4220 cupientes.
2870 4149 3023 4206 Unde
3041 4150 3240 4205 dicitur
3271 4171 3285 4206 :
3319 4151 3632 4221 didi/iram

2060 4247 2155 4301 tibi
2204 4247 2420 4298 domum
2457 4245 2754 4314 parvulam,
2808 4245 3076 4297 τωηαειιια
3133 4244 3452 4312 perﬂatilia,
3517 4261 3637 4314 qua:

379 4327 507 4398 quid
548 4327 823 4397 regnabis.
861 4328 984 4394 quia
1024 4335 1078 4379 tu
1110 4324 1394 4379 contendis
1419 4335 1608 4378 contra
1635 4323 1817 4377 Acltaz
1856 4337 1938 4391 pa-

2060 4335 2520 4391 circnmferuntur
2581 4336 2728 4390 omni
2767 4345 2931 4390 vento
2972 4335 3260 4401 doctrinae,
3297 4347 3343 4390 et
3383 4338 3638 4391 distinctu

380 4433 518 4475 trem
555 4433 702 4474 tnnnt
729 4420 752 4474 Ἰ
781 4438 886 4474 noti
922 4424 1226 4484 comedent,
1265 4427 1318 4471 et
1355 4433 1460 4471 non
1515 4416 1724 4476 bibent,
1763 4413 1957 4469 Melius

383 4513 480 4565 tibi
516 4522 632 4566 erat
656 4511 772 4582 [Αἰ.
806 4509 932 4582 erit]
965 4510 1147 4566 facere
1173 4509 1436 4578 judicium
1467 4517 1522 4561 et
1545 4506 1816 4576 justitiam
1866 4506 1960 4559 bo-

385 4622 512 4660 nam
537 4621 552 4671 ;
579 4620 682 4660 neu
709 4612 1107 4674 cognoverunt,
1138 4617 1244 4657 non
1270 4601 1655 4670 judicaverunt
1694 4599 1960 4668 judicium

387 4698 630 4763 humilis,
689 4695 1151 4766 neqttejudieium
1187 4695 1463 4764 pauperis.
1503 4691 1694 4746 Nonne
1743 4691 1848 4745 hoc
1879 4697 1962 4744 est

387 4802 442 4846 te
466 4793 717 4861 ignorare
745 4790 868 4844 me?
895 4789 1030 4844 dicit
1053 4790 1340 4844 Dominus.
1377 4787 1516 4843 Ecce
1537 4803 1641 4842 non
1660 4796 1786 4842 sunt
1819 4784 1964 4839 oculi

391 4885 466 4939 ttti
502 4885 657 4948 recti,
693 4899 791 4938 nec
817 4899 912 4936 cor
941 4893 1090 4936 ttttttn
1139 4880 1364 4946 bonum,
1417 4879 1510 4934 sed
1555 4879 1622 4933 ad
1675 4879 1961 4932 avaritiam

392 4987 559 5042 tuam,
598 4986 649 5030 et
703 4987 760 5030 ut.
802 4975 1124 5046 sanguinem
1189 4975 1536 5027 innocentem
1587 4970 1857 5034 en'nndas,
1891 4974 1966 5039 {et

387 5071 455 5123 ad
486 5070 825 5138 iniquitatem
846 5081 900 5122 et
929 5067 1306 5130 homicidium,
1339 5066 1577 5118 utfacias
1597 5078 1713 5116 ea.»
1746 5060 1968 5116 Utram—

391 5173 501 5228 que
523 5159 820 5212 editionem
852 5172 916 5210 ex
945 5157 1158 5224 integro
1188 5155 1360 5224 posui,
1400 5155 1455 5206 ut
1489 5163 1543 5206 ct
1586 5153 1840 5206 hebraica
1872 5166 1968 5205 ve-

393 5253 550 5316 ritas,
601 5259 654 5305 ct
687 5248 977 5305 difﬁcultas
1028 5248 1266 5319 Vulgata:
1311 5246 1570 5300 editionis
1616 5245 1828 5300 facilius
1872 5258 1969 5298 co-

393 5353 713 5415 gnoscatur.
753 5343 848 5397 Est
881 5351 1062 5397 autem
1094 5355 1275 5394 sermo
1302 5350 1492 5393 coittra
1527 5336 1738 5392 Joaeint
1800 5337 1966 5390 lilinnt

392 5437 554 5492 Josiae
594 5436 736 5506 regis
772 5430 949 5498 Judze,
997 5434 1065 5488 de
1101 5447 1210 5503 quo
1269 5447 1432 5502 supra
1484 5431 1747 5492 diximus,
1806 5433 1970 5500 'quem

397 5528 680 5583 constituit
707 5526 924 5582 Net-hau
963 5526 1176 5581 Pharao
1210 5541 1303 5580 rex
1328 5523 1548 5594 Egypti
1593 5539 1689 5589 pro
1730 5519 1970 5576 Joaeltaz

398 5618 569 5677 fratre
594 5637 716 5691 suo,
749 5637 908 5694 quem
939 5622 1176 5677 vinctum
1228 5621 1376 5677 duxit
1408 5620 1457 5673 itt
1503 5616 1820 5688 AEgypIutn.
1865 5615 1972 5672 Lc-

2064 4427 2308 4497 fenestris
2340 4444 2358 4482 :
2393 4442 2500 4480 non
2560 4425 2704 4481 enim
2742 4427 2945 4482 habent
2968 4439 3291 4497 perpetuum
3321 4431 3633 4489 :edil‘tcinm,

2063 4531 2163 4570 nec
2182 4514 2407 4569 solidam
2437 4515 2768 4569 ﬁrmitatem.
2808 4516 2878 4569 Et
2895 4519 3225 4589 contignata,
3247 4521 3440 4590 inquit.
3460 4509 3640 4574 cedro.

2065 4607 2336 4663 Videntur
2367 4606 2585 4675 quidem
2607 4608 3070 4677 contignatimtem
3106 4611 3310 4667 habere
3341 4615 3642 4681 pulcherri-

2066 4701 2354 4768 mam;sed
2383 4701 2448 4755 ad
2477 4701 2702 4766 imbres,
2734 4705 3237 4772 etpersecutionnm
3264 4687 3639 4770 tempestatem

2065 4791 2175 4845 cito
2241 4800 2557 4859 putrescunt
2609 4800 2664 4846 et
2731 4802 3013 4846 corruunt.
3089 4791 3314 4860 Litaquc
3378 4795 3642 4864 sinopide.

2070 4882 2135 4936 Ει
2187 4882 2288 4949 ipsi
2332 4883 2550 4951 quidem
2620 4884 2928 4952 passionem
2977 4884 3289 4946 Domini,et
3325 4867 3660 4954 sattguittcttt

2070 4973 2428 5042 pollicentur;
2478 4974 2570 5028 sed
2608 4977 2657 5028 itt
2691 4987 3008 5044 perpetuum
3053 4993 3157 5030 non
3214 4990 3467 5047 regnant,
3518 4983 3643 5045 quia

2081 5066 2425 5122 contendunt
2465 5076 2522 5122 et
2568 5068 2634 5120 ad
2689 5067 3028 5121 iracundiam
3063 5080 3362 5138 provocant
3396 5073 3560 5132 Araz,
3595 5074 3645 5124 id

2071 5167 2175 5226 est,
2211 5161 2424 5213 cedrum
2455 5170 2661 5230 patrem
2693 5175 2874 5214 suum.
2937 5159 3127 5216 Omnis
3175 5163 3321 5217 enim
3360 5164 3649 5218 haereticus

2073 5252 2322 5306 nascitur
2379 5252 2432 5305 itt
2468 5251 2735 5316 Ecclesia,
2797 5251 2893 5306 sed
2935 5252 3000 5306 de
3049 5253 3291 5308 Ecclesia
3343 5257 3648 5324 projicitur,

2075 5353 2131 5399 et
2164 5343 2468 5406 contendit,
2493 5353 2545 5397 et
2581 5354 2787 5414 pugnat
2815 5355 3007 5400 contra
3039 5361 3338 5417 parentem.
3390 5352 3650 5420 Quodque

2077 5432 2293 5488 infert:
2359 5433 2482 5487 Non
2535 5437 2803 5489 comedent
2856 5448 2904 5491 et
2939 5455 3037 5492 non
3071 5441 3270 5504 bibent,
3327 5442 3648 5494 sui-auditur

2076 5541 2275 5596 corpus
2330 5538 2386 5582 et
2441 5529 2756 5598 sanguinem
2809 5531 3150 5597 Salvatoris,
3207 5544 3509 5603 cacteraqtte
3566 5537 3652 5591 his

2080 5619 2300 5676 similia.
2334 5618 2700 5692 Erroretnque
2735 5636 2954 5678 omnem
2985 5623 3114 5680 dicit
3141 5626 3265 5681 inde
3296 5627 3654 5694 desscndere,
