3950 6180
375 269 480 335 84Ἱ

1539 267 1598 323 S.
1641 262 1950 324 EUSEBII
1992 262 2429 325 lllERONYMI

3526 268 3629 333 £18

372 383 514 452 quod
544 380 912 450 ignoraverint
936 379 1122 444 Deum,
1143 376 1490 432 neehabeant
1515 385 1692 430 rectos
1718 377 1905 431 oculos
1932 392 1946 441 ;
1984 381 2023 436 Α
2055 376 2126 430 sit
2163 378 2214 431 in
2246 389 2620 448 contemptura
2661 379 2780 433 Dei.
2818 379 2882 433 Et
2917 392 3121 448 uariat,
3149 383 3291 451 quod
3318 398 3427 436 non
3459 385 3633 437 solum

375 475 466 530 sed
497 490 591 530 cor
633 490 818 529 eorum
850 490 1077 544 pronum
1109 473 1177 525 sit
1207 471 1272 524 ad
1324 471 1609 524 avaritiam
1670 481 1726 524 ut
1759 472 1939 524 aliena

376 568 658 639 diripiant.
695 581 748 623 et
779 569 1129 638 deceptorum
1181 566 1495 634 sanguinem
1528 565 1778 618 fundant.
1833 562 1946 618 lloc

377 672 460 718 est
487 661 632 716 enim
665 659 849 715 facere
884 657 1264 714 homicidium.
1301 656 1542 711 Obscura
1573 655 1736 711 latius
1768 656 1945 710 disse—

375 755 540 810 renda
567 762 710 808 sunt.

451 845 625 916 (Vcrs.
653 845 740 909 18,
776 842 886 913 19.)
926 860 942 894 ι
973 841 1265 912 PrOpterea
1293 841 1408 896 hate
1431 838 1565 893 dicit
1587 837 1850 891 Dominus
1879 839 1947 891 ad

375 938 582 994 Juaeim
605 937 770 990 filium
793 936 958 992 Josire
980 951 1156 1005 regem
1188 933 1347 989 Jmla.
1381 932 1496 986 Non
1518 932 1773 1001 plangent
1798 945 1970 996 eum,

377 1046 455 1084 vae
492 1028 678 1091 frater,
719 1037 770 1082 et
821 1044 900 1082 va:
945 1043 1118 1094 soror,
1159 1042 1265 1080 non
1312 1024 1723 1093 concrepabant
1765 1024 1837 1087 ei,
1871 1037 1951 1076 vae

379 1123 628 1185 Domine,
659 1133 714 1178 et
764 1138 844 1176 vm
867 1122 1090 1192 inclyte.
1140 1119 1427 1189 Sepultura
1457 1118 1596 1172 asini
1636 1115 1949 1186 sepelietur,
1976 1111 1994 1126 ⁹

378 1215 715 1284 putrefactus
751 1223 804 1268 et
851 1211 1128 1281 proiectus
1174 1220 1330 1264 extra
1361 1219 1547 1278 portas
1581 1205 1944 1261 Jerusalem.»

379 1307 492 1362 Iloc
515 1306 657 1376 quod
683 1321 782 1361 nos
812 1306 878 1363 de
910 1304 1173 1359 llebraico
1199 1304 1476 1374 posuimus
1508 1319 1522 1356 :
1556 1301 1675 1355 Non
1702 1305 1951 1371 plangant

377 1416 518 1465 eum,
541 1398 704 1468 992
761 1413 835 1451 me
865 1396 1054 1466 frater,
1093 1406 1142 1449 et
1192 1411 1266 1451 ea:
1298 1410 1469 1460 soror,
1503 1394 1556 1447 in
1595 1391 1953 1462 Septuaginta

380 1509 486 1547 non
546 1493 795 1546 habetur.
848 1490 1182 1559 Pmprieque
1232 1487 1435 1542 dicitur
1484 1493 1678 1540 contra
1738 1481 1949 1537 Joaeim

381 1598 562 1653 regem
588 1583 748 1646 Jutla,
781 1591 833 1636 et
883 1581 1124 1650 aperitur
1154 1580 1406 1649 aenigma,
1439 1578 1580 1649 quod
1613 1576 1769 1646 prius
1801 1576 1952 1630 vide-

381 1677 544 1730 batur
590 1675 882 1740 occultum,
921 1683 974 1727 et
1015 1674 1155 1727 inter
1191 1683 1302 1728 tres
1330 1672 1525 1726 fratres
1562 1671 1876 1738 ambiguum
1908 1669 1950 1731 ί,

383 1780 437 1822 ιιι
472 1783 576 1822 nou
637 1768 707 1820 sit
755 1781 933 1820 sermo
986 1766 1052 1821 de
1101 1764 1361 1831 Joachaz,
1401 1778 1578 1833 neque
1607 1764 1672 1818 de
1703 1761 1951 1826 Sedecia,

380 1862 470 1916 sed
509 1860 724 1928 proprie
759 1859 826 1912 de
848 1858 1080 1921 Joacim,
1114 1873 1273 1926 quem
1301 1856 1644 1912 interfectum
1683 1871 1710 1908 a
1749 1855 1954 1908 latrun—

379 1953 526 2009 culis
576 1937 979 2015 Chaldaeorum,
1012 1949 1208 2020 S3rite,
1240 1948 1697 2013 AmmOuitarum,
1727 1956 1781 2000 et
1806 1945 1954 1999 Moa-

382 2047 643 2108 hilarnm,
676 2042 896 2096 llebrma
931 2050 1119 2096 narrat
1151 2041 1404 2095 historia.
1436 2039 1588 2094 Unde
1621 2049 1674 2092 et
1705 2038 1756 2091 in
1793 2036 1955 2090 Mala-

381 2135 526 2189 «him
593 2143 843 2188 mortuus
894 2132 1176 2197 scribitur,
1235 2140 1289 2184 et
1326 2131 1574 2200 sepultus
1609 2139 1820 2183 tacetur
1857 2126 1956 2195 (IV

373 2227 510 2297 Reg.
576 2225 748 2295 sxw).
825 2223 885 2278 In
940 2223 1080 2276 libro
1135 2223 1352 2277 Dierum
1406 2221 1656 2292 legimus,
1710 2220 1954 2276 vinctum

368 2320 590 2374 “catenis
613 2327 668 2373 et
695 2319 917 2372 ductum
939 2317 991 2370 in
1024 2315 1353 2386 Babylonem
1387 2313 1470 2385 (II
1503 2313 1691 2368 Paral.
1725 2315 1954 2380 xxxvi):

383 2429 483 2468 nec
511 2413 649 2466 ultra
680 2411 805 2479 quid
836 2408 1071 2464 refertur
1099 2409 1164 2462 de
1194 2423 1278 2462 eo.
1306 2407 1644 2476 Pulchreque
1677 2407 1955 2476 sepultura

384 2503 522 2559 asini
558 2502 689 2558 dicit
722 2518 844 2555 eum
877 2499 1274 2572 sepeliendum,
1302 2511 1357 2554 ut
1387 2499 1508 2554 aliis
1531 2501 1711 2554 verbis
1743 2499 1956 2567 signifi-

383 2603 468 2648 cet
499 2591 855 2662 insepultum,
889 2592 991 2646 hoc
1015 2601 1121 2657 est,
1161 2607 1189 2644 a
1221 2590 1434 2655 bestiis,
1474 2590 1778 2662 avibusque
1815 2591 1973 2644 laeco‘

384 2686 634 2740 randum.
679 2683 801 2738 llaec
825 2692 908 2738 est
933 2684 1076 2738 enim
1102 2683 1244 2737 asini
1271 2683 1576 2752 sepultura.

455 2773 633 2845 (\‘ers.
665 2772 735 2826 20
761 2772 942 2843 seqq.)
973 2773 1252 2828 «Asccnde
1275 2771 1569 2838 Libanum,
1603 2782 1656 2827 et
1681 2772 1878 2835 clama,
1901 2781 1957 2826 ct

385 2867 438 2921 in
483 2865 664 2921 Basan
709 2867 774 2922 da
800 2881 986 2921 vocem
1033 2875 1280 2932 tuam,et
1301 2865 1475 2920 clama
1496 2865 1565 2919 ad
1590 2875 1956 2929 tranSeuntes,

383 2960 510 3032 quia
533 2959 748 3013 contriti
771 2967 1108 3013 suntomnes
1141 2968 1416 3014 amatores
1444 2957 1541 3012 tui.
1570 2957 1804 3012 Locutus
1837 2974 1956 3011 sunt

384 3051 450 3104 ad
485 3061 534 3105 te
568 3048 620 3103 in
649 3047 983 3103 abundantia
1011 3055 1128 3113 tua,
1155 3048 1336 3102 dixisti
1366 3063 1381 3100 :
1413 3063 1518 3102 non
1548 3051 1794 3102 audiam.
1834 3050 1954 3103 [late

383 3153 468 3197 est
498 3143 582 3196 via
615 3149 707 3195 tua
739 3140 807 3194 ab
849 3138 1220 3195 adolescentia
1258 3150 1390 3194 tua:
1427 3141 1551 3210 quia
1589 3156 1697 3195 non
1752 3142 1954 3196 audisti

383 3249 572 3289 vocem
603 3248 800 3288 meam.
833 3231 1036 3288 Omnes
1065 3241 1314 3301 pastores
1355 3232 1484 3302 (sive
1509 3232 1804 3304 amatores)
1837 3243 1955 3290 tuos

379 3333 570 3397 pascet
603 3332 835 3380 ventus:
862 3333 918 3378 et
944 3332 1221 3378 amatores
1250 3323 1378 3394 (sive
1410 3325 1596 3394 amici)
1640 3326 1714 3378 tui
1747 3324 1801 3379 iu
1863 3341 1956 3380 ea-

390 3417 700 3487 ptivitatem
730 3415 904 3470 ibunt.
941 3415 1010 3470 Et
1033 3424 1159 3471 tunc
1184 3415 1558 3480 confundet-is,
1586 3427 1637 3472 et
1669 3417 1957 3472 erubesees

382 3509 452 3564 ab
475 3509 622 3564 omni
651 3508 858 3563 malitia
881 3517 992 3564 tua.
1049 3508 1180 3575 Quae
1204 3511 1365 3564 sedes
1398 3509 1452 3564 in
1479 3509 1709 3575 Libano,
1729 3519 1784 3565 et
1814 3511 1956 3566 uidi-

375 3602 518 3657 ticas
549 3601 600 3656 in
627 3600 746 3656 cedi
763 3601 832 3666 i-,
857 3604 1130 3670 quomodo
1151 3603 1527 3672 congemuisti,
1544 3617 1662 3654 eum
1685 3601 1959 3656 venissent

371 3691 481 3746 stibi
541 3691 760 3747 dolores
821 3693 977 3760 quasi
1049 3692 1265 3746 dolores
1329 3693 1782 3762 parturientis?)
1851 3691 1958 3746 Per

381 3783 754 3852 metaphoram
784 3783 972 3837 Libani
1006 3793 1061 3836 et
1089 3782 1284 3846 BaSutt,
1307 3785 1584 3851 regionum
1609 3792 1663 3837 et
1696 3785 1956 3838 mentium

379 3886 534 3930 trans
563 3873 870 3941 Jordanem,
902 3878 966 3928 ad
984 3875 1480 3931 Jet‘tts:t|etttserttt0
1518 3875 1790 3944 dirigitur,
1818 3876 1958 3946 quod

369 3967 581 4023 frustra
616 3969 668 4020 in
692 3964 928 4037 Egypto
949 3969 1022 4022 sit
1048 3969 1278 4033 conlisa,
1300 3968 1412 4024 sive
1431 3970 1498 4023 ad
1519 3969 1693 4039 ipsum
1723 3968 1956 4036 Joacim,

371 4061 473 4130 qui
499 4075 563 4115 eo
590 4069 838 4130 tempore
865 4059 1124 4129 regnabat
1153 4061 1206 4113 in
1231 4059 1558 4123 Jerusalem,
1594 4071 1648 4114 et
1685 4060 1753 4114 ab
1791 4059 1959 4130 [Egy-

384 4151 515 4221 ptiis
541 4167 635 4206 rex
675 4151 1228 4216 fueratcoustitutus,
1258 4153 1398 4220 quod
1432 4150 1641 4205 frustra
1667 4149 1960 4222 [Egyptia-

374 4257 500 4297 rum
533 4253 714 4312 speret
743 4243 1032 4308 auxilium,
1069 4253 1124 4296 et
1155 4243 1298 4313 quod
1330 4244 1430 4312 ipsi
1471 4258 1689 4313 quoque
1721 4261 1750 4298 a
1787 4245 1952 4316 llabyo

381 4334 530 4388 tonio
560 4349 688 4400 rege
727 4335 1019 4403 superandi
1057 4337 1190 4402 sint,
1222 4344 1275 4390 et
1302 4335 1536 4390 ducendi
1565 4337 1616 4390 in
1668 4340 1962 4408 captivita-

1984 1715 2031 1774 Β

2057 469 2159 523 hoc
2205 478 2474 540 tempore,
2534 473 2628 527 sed
2662 473 2732 526 ab
2761 473 2920 526 iniiio
2981 475 3201 540 quamlo
3233 476 3429 529 educta
3461 476 3535 530 sit
3570 476 3637 529 de

2053 562 2312 634 Egypto,
2359 581 2467 619 non
2499 565 2738 618 audierit
2764 580 2951 619 vocem
3004 565 3129 632 Dei;
3188 568 3329 620 unde
3361 579 3416 620 et
3439 582 3634 621 omnes

2055 669 2306 727 paStores
2362 658 2502 727 ejus,
2551 665 2606 712 et
2637 656 2914 726 principes
2958 659 3059 712 huc
3106 658 3342 728 illucque
3400 659 3634 726 dispersi

2053 751 2183 827 sint,
2229 761 2282 804 et
2331 751 2632 820 Captivitati
2701 749 3007 821 Babylouim
3053 753 3190 805 colla
3244 752 3639 807 submiscrint.

2053 843 2321 912 Quodque
2355 843 2519 900 infert
2554 863 2568 899 :
2607 843 2742 909 Qua:
2766 845 2911 897 sedes
2942 845 2995 897 in
3049 843 3277 908 Libano,
3310 855 3358 898 et
3393 844 3641 910 nidificu

2055 933 2109 986 in
2142 934 2328 995 cedris,
2381 937 2748 1002 arrogantiam
2782 934 3061 1002 suggillat,
3106 949 3227 1003 quae
3278 937 3344 990 de
3393 935 3641 990 omnium

2054 1040 2235 1079 rerum
2260 1035 2511 1080 creverat
2535 1024 2892 1088 abundantia,
2922 1037 2977 1080 et
3009 1027 3153 1096 quod
3189 1027 3361 1081 instar
3393 1028 3642 1082 mulieris

2058 1132 2357 1189 puerpera),
2415 1120 2734 1189 repentinus
2758 1121 2808 1174 ei
2839 1121 2994 1175 dolor
3031 1129 3084 1175 et
3115 1120 3296 1175 subita
3325 1121 3514 1174 veniat
3546 1135 3639 1175 ca-

2055 1209 2294 1280 ptivitas.
2327 1209 2481 1275 Quod
2512 1218 2694 1264 autem
2723 1226 2820 1265 nos
2849 1211 3092 1266 diximus
3119 1228 3133 1265 :
3161 1213 3335 1264 etanta
3359 1211 3430 1263 ad
3456 1221 3640 1265 trans-

2056 1310 2259 1364 euntes,
2286 1301 2451 1371 993
2508 1311 2568 1356 et
2597 1303 2650 1356 in
2681 1301 2952 1358 chraico
2983 1307 3246 1371 scriptum
3270 1315 3350 1357 est
3369 1319 3639 1358 animum

2057 1398 2360 1465 (omnia),
2413 1393 2793 1464 Septuaginta,
2854 1394 3267 1465 Theodotiuth
3327 1407 3637 1455 verterunt.

2056 1491 2202 1536 trans
2231 1499 2379 1536 mare
2420 1498 2436 1537 :
2474 1482 2836 1553 Symmachus
2861 1484 2926 1538 de
2958 1492 3166 1550 contra,
3197 1495 3258 1538 ut
3301 1485 3636 1554 significent,

2055 1573 2198 1641 quod
2214 1588 2318 1628 vox
2342 1573 2626 1643 Propheta:
2657 1574 2724 1628 de
2751 1573 3057 1630 Jerusalem
3085 1589 3257 1644 usque
3284 1576 3354 1629 ad
3390 1587 3635 1630 montem

2057 1664 2350 1733 Libanum,
2379 1675 2435 1722 et
2461 1667 2634 1722 Basan
2665 1667 2860 1722 debeat
2884 1669 3194 1736 pervenire.

2121 1758 2310 1829 .(Vers.
2333 1759 2403 1814 24
2427 1773 2558 1827 seqq
2589 1760 2606 1828 )
2637 1758 2802 1813 «Vivo
2825 1774 2946 1828 ego,
2980 1760 3113 1814 dicit
3140 1759 3404 1814 Dominus
3439 1777 3456 1816 :
3497 1759 3635 1825 Quia

2059 1852 2102 1904 si
2127 1850 2288 1904 fuerit
2306 1852 2545 1905 Chouias
2562 1851 2582 1880 ³
2607 1850 2975 1906 ﬁliusJoacim
3002 1852 3145 1918 regis
3166 1850 3302 1906 Juda
3321 1855 3560 1905 annulus
3583 1854 3632 1905 in

2062 1957 2225 1994 manu
2269 1943 2490 1996 dextera
2520 1958 2660 2006 mea,
2681 1945 2814 2002 inde
2839 1943 3067 1997 evellam
3093 1960 3215 1997 eum
3246 1945 3373 2014 (sive
3401 1955 3453 1999 te
3475 1945 3547 2013 ³),
3582 1955 3636 1998 ct

2061 2032 2200 2086 dabo
2234 2043 2284 2086 te
2321 2032 2375 2086 in
2415 2048 2572 2086 manu
2605 2033 2970 2102 quaerentium
3005 2033 3247 2086 animam
3280 2041 3451 2101 tuam,
3482 2043 3538 2088 et
3582 2035 3633 2088 iu

2061 2139 2223 2176 manu
2279 2139 2509 2192 quierunt
2554 2133 2608 2178 tu
2656 2124 2924 2178 formidas
2982 2123 3200 2190 facient,
3261 2135 3317 2179 et
3353 2126 3406 2180 in
3466 2142 3633 2180 manu

2058 2210 2564 2268 Nabuchodonosor
2617 2214 2760 2281 regis
2824 2213 3116 2286 Babylonis
3153 2216 3318 2286 (quod
3380 2217 3433 2270 in
3488 2218 3636 2273 LXX

2063 2321 2168 2358 non
2202 2303 2454 2376 habetur)
2484 2314 2539 2360 et
2569 2306 2621 2359 in
2658 2321 2821 2360 manu
2854 2307 3261 2364 Chaldzeorum.
3327 2308 3392 2364 Et
3422 2314 3633 2364 ιιιιιιςιιιι

2063 2406 2114 2450 te
2146 2397 2276 2466 (sive
2307 2397 2700 2467 proﬁciam-te)
2740 2407 2792 2452 et
2823 2409 3052 2454 matrem
3092 2409 3237 2454 tuam
3293 2416 3416 2470 qua:
3445 2403 3638 2472 genuit

2065 2491 2210 2553 te,in
2247 2501 2444 2543 terram
2472 2491 2706 2545 alienam
2733 2491 2918 2560 inqua
2952 2493 3062 2546 nati
3088 2508 3192 2546 non
3226 2495 3360 2549 estis
3399 2511 3416 2550 :
3453 2496 3638 2565 ibique

2063 2583 2387 2637 moriemini.
2451 2583 2514 2637 Et
2551 2583 2602 2637 in
2658 2593 2860 2637 terram
2917 2582 3030 2654 [Αἰ.
3066 2585 3120 2640 in
3163 2597 3364 2640 terram
3396 2588 3636 2658 autem],

2061 2674 2128 2728 ad
2164 2691 2323 2741 quam
2360 2675 2458 2742 ipsi
2490 2675 2668 2730 levant
2700 2679 2935 2732 animam
2969 2695 3125 2734 suam
3162 2690 3221 2734 ut
3267 2691 3636 2743 revertantur.

2065 2767 2187 2820 illuc
2215 2782 2318 2820 non
2351 2780 2750 2822 revertentur.»
2789 2771 2964 2840 Supra
2999 2772 3240 2837 dixerat,
3281 2773 3470 2828 domui
3499 2777 3640 2844 regis

2063 2859 2208 2912 ludo
2235 2859 2345 2913 lucc
2379 2860 2604 2928 loqueris
2641 2876 2656 2913 :
2702 2872 2756 2915 ct
2790 2864 3010 2928 deinde,
3040 2866 3292 2919 descende
3331 2868 3384 2919 in
3425 2867 3642 2920 domum

2063 2954 2202 3022 regis
2240 2951 2383 3005 Juda
2420 2969 2434 3006 :
2473 2957 2664 3008 iterum
2695 2972 2708 3008 :
2735 2957 2856 3009 lucc
2878 2958 3008 3010 dicit
3055 2957 3311 3013 Dominus
3343 2977 3504 3024 super
3532 2963 3634 3015 do-

1981 3080 2026 3136 c
2068 3061 2210 3098 mum
2242 3047 2376 3115 regis
2427 3045 2596 3112 Juda,
2625 3058 2678 3102 et
2710 3059 3044 3118 praepostero
3083 3051 3296 3116 ordine,
3352 3066 3638 3124 pOstquam

2059 3137 2272 3191 locutus
2317 3147 2401 3192 est
2447 3139 2515 3193 de
2549 3138 2802 3201 Sedecia,
2831 3140 2922 3208 qui
2955 3141 3180 3197 ultimus
3207 3158 3397 3211 regum
3428 3143 3534 3198 fuit
3571 3148 3624 3198 in

2056 3228 2384 3294 Jerusalem,
2431 3231 2732 3285 revertitur
2755 3231 2822 3285 ad
2863 3232 3072 3287 Joacim
3105 3234 3332 3289 fratrem
3365 3235 3510 3306 ejus,
3542 3239 3639 3306 qui

2059 3333 2186 3378 ante
2238 3337 2360 3376 eum
2429 3324 2694 3392 regnavit.
2733 3323 2848 3390 Qua
2899 3327 3288 3383 vaticinatione
3337 3330 3634 3397 c0tnpleu,

2060 3431 2208 3470 nunc
2234 3416 2555 3485 Inquiturad
2587 3420 2754 3471 lilium
2778 3417 3010 3482 Joaeim,
3043 3429 3292 3489 nepotem
3343 3420 3532 3488 Josiw,
3555 3438 3640 3480 re-

2061 3526 2177 3580 gem
2211 3510 2512 3566 Jerusalem
2548 3512 2885 3574 Jeehoniam.
2916 3516 3006 3584 qui
3040 3524 3094 3569 et
3127 3516 3234 3572 alio
3272 3520 3496 3572 nomine
3537 3537 3632 3588 ap-

2061 3603 2289 3672 pellatur
2310 3602 2563 3664 Joacliin.
2593 3605 2686 3675 qui
2715 3617 2904 3674 captus
2929 3625 2956 3658 ιι
2985 3606 3490 3665 Nabuchodonosor
3510 3628 3634 3666 cum

2063 3707 2232 3750 matre
2297 3713 2416 3762 sua,
2479 3699 2818 3768 principibus
2873 3709 2926 3753 et
2979 3701 3303 3768 artificibus,
3353 3713 3410 3758 et
3454 3708 3640 3762 Inuitis

2061 3789 2354 3852 nobilibus,
2375 3791 2574 3846 ductus
2592 3802 2675 3847 est
2709 3793 2762 3847 in
2793 3791 3123 3862 Clialdteam,
3155 3795 3338 3867 ibique
3365 3811 3634 3854 mortuus.

2064 3881 2173 3937 Iloc
2210 3883 2376 3952 igitur
2398 3885 2622 3952 dicitur,
2651 3886 2696 3940 si
2721 3887 2994 3956 quomodo
3027 3891 3261 3947 annulus
3295 3907 3400 3946 non
3429 3896 3640 3950 reced‘t

2062 3977 2127 4028 de
2158 3992 2319 4029 nianu
2355 3979 2638 4046 portantis,
2669 3988 2723 4032 et
2751 3981 2817 4033 de
2839 3981 3012 4050 digito
3036 3983 3328 4039 diliieulter
3356 3987 3592 4041 elabitur
3619 4005 3637 4045 :

2063 4069 2143 4122 sic
2190 4069 2263 4123 sit
2315 4070 2366 4123 in
2415 4085 2576 4123 manu
2622 4086 2742 4126 mea
2793 4071 3128 4142 Jechonias;
3173 4088 3355 4132 tamen
3407 4081 3636 4135 evellam

2063 4178 2209 4226 eum,
2246 4172 2300 4216 et
2332 4164 2543 4217 tradam
2581 4166 2690 4232 regi
2726 4165 3046 4237 Baliylmiio,
3082 4170 3266 4241 ibique.
3295 4189 3417 4228 cum
3460 4189 3637 4232 matre

2062 4266 2118 4309 et
2150 4256 2406 4310 omnibus
2445 4257 2610 4312 sociis
2659 4263 2772 4314 suis
2821 4263 3108 4328 morietur,
3156 4274 3210 4319 et
3253 4267 3391 4321 ultra
3436 4279 3637 4322 tenam

2064 4345 2331 4412 Judazam,
2362 4363 2525 4418 quam
2557 4350 2856 4419 desiderat,
2900 4370 3010 4408 non
3044 4356 3266 4412 videbit.
3318 4358 3640 4416 Μίευιεὼίιὶε

384 4433 490 4480 tem
515 4424 610 4495 (Il7
630 4423 764 4497 Reg.
797 4427 979 4497 χχιιι).
1010 4427 1275 4498 Quodque
1309 4429 1386 4483 ait
1417 4445 1430 4482 :
1467 4429 1674 4484 locutus
1714 4447 1832 4484 sum
1885 4434 1955 4485 ad
1988 4425 2036 4485 Ι)
2064 4437 2361 4506 Grunnius,
2392 4442 2487 4509 qui
2519 4443 2585 4494 ad
2622 4442 3042 4501 calumniandos
3074 4459 3295 4504 sanctos
3325 4450 3473 4504 viros
3509 4469 3641 4520 apt:-

382 4527 452 4578 te,
509 4518 609 4571 hoc
643 4527 748 4582 est,
781 4518 896 4588 ipse
930 4519 1074 4574 Deus
1111 4536 1212 4590 per
1249 4523 1581 4591 prophetas;
1610 4524 1748 4589 sive,
1786 4522 1955 4577 locuti

380 4619 504 4662 sunt
531 4608 598 4661 ad
626 4619 694 4674 te,
737 4619 795 4662 ut
823 4609 1202 4676 subaudiatur,
1238 4614 1509 4682 prophetae
1543 4615 1690 4682 mei;
1726 4625 1773 4667 et
1809 4627 1861 4668 tu
1901 4619 1954 4669 in

381 4702 709 4754 abundantia
741 4709 834 4754 tua
876 4701 1081 4766 dixisti,
1123 4717 1224 4755 non
1279 4705 1498 4758 audiant
1559 4719 1578 4758 :
1613 4710 1798 4779 arguit
1836 4725 1954 4762 eam

380 4798 675 4868 superbiae,
735 4808 790 4851 et
830 4796 971 4866 quod
1007 4795 1324 4852 divitiarum
1371 4804 1748 4870 magnitudine
1783 4807 1953 4860 abusa

454 4976 470 5005 ¹
502 4977 816 5030 Amavimus
861 4975 994 5052 h_i_ne
1023 4976 1245 5030 verbum
1274 4977 1518 5052 soluitur,
1571 4981 1715 5049 quod
1758 4998 1957 5052 super-

383 5045 549 5120 ﬂuunt
581 5057 735 5120 erat,
757 5062 853 5100 nec
881 5046 1191 5120 Vatic._nts.
1226 5060 1319 5120 aut
1347 5045 1606 5102 liabanus
1635 5053 1784 5120 legit.

457 5114 564 5190 ³1η
617 5118 826 5190 duobus
867 5133 995 5190 mss.
1044 5115 1331 5172 Jecltonias
1376 5120 1661 5190 scribitur,
1687 5114 1842 5190 'quod
1895 5136 1949 5178 et

385 5186 677 5258 praeferunt
710 5185 886 5240 Latini
916 5189 1159 5258 plerique
1189 5190 1332 5244 libri.
1363 5189 1559 5244 Verum
1591 5185 1827 5247 Clionias
1857 5194 1949 5248 hic

384 5255 668 5333 legendum
700 5257 814 5333 ipse
859 5255 1018 5333 paulo
1071 5255 1310 5313 inferius
1333 5261 1488 5333 jubet.
1523 5260 1891 5333 l‘lieronyntus
1930 5283 1944 5322 :

391 5326 742 5404 «Jeetrunias,
781 5329 973 5394 inquit,
1008 5330 1399 5404 interpretatur
1431 5332 1640 5386 Domini
1675 5326 1953 5404 praepara-

386 5410 480 5473 po.
525 5398 627 5473 μιιι
665 5396 716 5448 in
770 5401 1023 5473 pratsettti
1072 5400 1192 5454 loco
1243 5402 1414 5469 prima
1474 5396 1704 5473 syllaba,
1739 5396 1804 5457 id'
1847 5418 1949 5471 est,

385 5467 596 5520 Domini
643 5483 842 5520 nomen
892 5471 1158 5534 aufertur,
1212 5467 1268 5523 et
1315 5467 1519 5525 dicitur
1565 5476 1822 5538 Cbonlas,
1897 5467 1953 5530 ut

385 5538 742 5611 subatnliatur
777 5539 1062 5606 perditioni
1092 5555 1142 5593 et
1170 5543 1410 5594 interitui
1435 5556 1790 5611 pra-paratus.
1822 5566 1839 5598 ι

457 5609 477 5638 ⁸
499 5608 670 5660 Antea
703 5620 819 5662 erat
841 5612 989 5682 gravi
1026 5613 1222 5663 mendo
1254 5613 1366 5663 sine
1401 5608 1469 5676 te,
1505 5608 1648 5682 quod
1685 5628 1737 5668 et
1764 5615 1950 5673 Italico

374 5679 702 5733 charactere
735 5681 1169 5745 describebatur,
1211 5695 1274 5732 ne
1311 5679 1534 5748 putares
1585 5696 1950 5758 typographo.

2064 4530 2170 4583 iuit
2200 4547 2260 4586 os
2285 4547 2464 4597 suum,
2493 4532 2841 4603 linguamque
2867 4551 3024 4591 suam
3057 4539 3244 4594 docuit
3271 4543 3639 4607 mendacium,

2062 4621 2210 4679 Sexti
2228 4623 2577 4695 Pythagorei,
2602 4627 2839 4683 hominis
2858 4633 3224 4700 gentilissimi,
3251 4650 3417 4689 unum
3439 4636 3638 4690 librum

2062 4718 2453 4787 interpretatus
2482 4731 2566 4774 est
2591 4721 2643 4774 in
2672 4721 2962 4791 Latinum;
2993 4726 3281 4796 divisitque
3303 4744 3429 4784 eum
3451 4733 3503 4783 in
3530 4732 3643 4787 duo

2065 4811 2360 4877 volumina,
2400 4821 2458 4866 et
2491 4813 2594 4868 sub
2632 4815 2852 4872 nomine
2891 4818 3068 4874 sancti
3109 4823 3367 4892 martyris
3399 4822 3550 4894 Xysti
3594 4827 3616 4856 ⁸

2063 5008 2180 5074 rum
2213 4991 2380 5074 fuisse
2406 5009 2689 5074 errorem,
2737 4999 2852 5053 sine
2877 5002 3193 5074 ponentium
3229 5020 3328 5074 pro
3357 5008 3485 5062 sive.
3511 5006 3634 5063 Jam

2063 5064 2233 5148 liquet
2291 5065 2439 5148 illud"
2461 5069 2545 5148 Lde
2582 5084 2735 5148 more
2770 5064 3018 5148 notatum
3053 5064 3404 5146 Hieronymo,
3435 5083 3488 5131 in
3521 5097 3634 5148 quo

2063 5135 2325 5257 pbludunt
2357 5134 2500 5188 LXX
2523 5141 2616 5207 qui
2649 5139 2732 5206 σὲ,
2768 5145 2884 5197 sive
2912 5153 2963 5196 te
2984 5159 3084 5212 pro
3117 5162 3236 5198 eum
3258 5134 3640 5218 interpretan-

2089 5219 2173 5255 ur.

2131 5271 2500 5348 “Scripserat
2541 5291 2674 5333 vero
2717 5281 2770 5333 in
2805 5279 3128 5339 Praefatione
3158 5287 3226 5341 ad
3261 5302 3382 5342 eum
3433 5291 3639 5348 librum

2065 5343 2310 5418 ltuﬁnus,
2346 5347 2500 5414 quasi
2543 5363 2610 5401 ex
2650 5350 2881 5404 aliorum
2910 5360 3200 5411 sententia.
3250 5377 3269 5408 ι
3309 5343 3527 5416 Sixtum

2060 5413 2311 5501 Latipum
2333 5413 2493 5501 verti,
2517 5433 2674 5497 quem
2700 5423 2907 5501 Sixtum
2932 5425 3101 5490 ipsum
3126 5442 3247 5482 esse
3544 5413 3640 5501 qui

2061 5485 2200 5563 apud
2241 5503 2335 5566 vos
2375 5485 2515 5540 idem
2561 5491 2789 5566 in_urbe
2834 5485 3082 5566 ΔΚυιίιειιιει
3139 5501 3328 5553 Sixtus
3381 5485 3640 5566 vocazdr,

2059 5559 2302 5628 episcopi
2338 5569 2393 5628 et
2425 5561 2678 5628 martyris
2710 5563 2879 5628 gloria
2911 5566 3225 5628 decoratus,
3273 5591 3290 5622 ι
3338 5570 3400 5625 Et
3430 5576 3485 5626 S.
3524 5559 3644 5628 Au;

2060 5626 2306 5707 guttinus
2330 5626 2654 5707 adductaex
2686 5626 2752 5684 eo
2781 5633 2920 5684 libro
2945 5651 2973 5686 a
2994 5626 3297 5707 Pelagianis
3325 5626 3643 5699 testimonia

2063 5713 2114 5748 ta
2151 5702 2340 5749 inmani
2368 5708 2578 5766 partem
2609 5702 2956 5771 interpretari
2984 5702 3212 5765 conatus
3239 5722 3346 5780 est,
3374 5720 3665 5785 quamdtu‘
