3950 6180
191 411 312 476 849

676 415 1173 481 COMMENTAB.
1221 420 1300 480 ΙΝ
1335 423 1738 485 JEllEMlAM
1795 428 2260 490 l'llOPllETAM
2306 432 2453 492 LIB.
2500 433 2592 502 IV,
2631 433 2790 495 CAP.
2817 435 3014 498 XXII.

3371 440 3481 504 850

199 529 360 581 urbis
392 529 650 582 Βοιιιτιηξε
676 531 941 598 ιίιὶδεοιιὶ,
968 550 1136 588 ausus
1159 545 1243 590 est
1268 533 1430 592 edere
1466 541 1554 593 :iu
1587 535 1787 610 quibus
1815 550 1863 604 Α
1891 545 2033 613 ejus,
2070 556 2119 599 et
2150 549 2374 616 projecti
2403 549 2456 601 in
2490 559 2688 602 terram
2726 567 2884 615 quam
2915 550 3226 620 ignorabant
3263 567 3278 604 :
3337 557 3501 621 quod‘

197 638 211 675 I
236 621 345 676 ulla
368 622 596 687 Christi,
618 625 763 678 nulla
787 625 1244 694 Spiritus'saucti,
1269 631 1416 683 nulla
1461 632 1552 687 Dei
1588 632 1787 701 Patris,

198 715 351 768 nu'la
383 716 846 784 patriarcharum,
874 719 1291 788 prophetarum,
1321 732 1375 776 et
1400 722 1789 791 Aposmlorum

199 806 371 880 994,
402 810 460 861 tit
491 811 714 870 mentio.
749 820 804 865 et
840 811 985 867 bunc
1037 813 1236 867 librum
1279 816 1439 870 Solita
1484 819 1792 874 temeritate

199 913 262 955 it
309 903 546 963 insania,
594 903 864 958 Annulum
909 906 1231 970 nominavit,
1279 909 1369 978 qui
1437 925 1534 978 per
1590 913 1791 967 multas

205 993 523 1056 iroviucias
554 994 771 1064 legitur,
797 1006 852 1050 et
883 997 1120 1050 maxime
1149 998 1218 1052 ab
1251 999 1336 1054 his
1367 1001 1458 1070 qui
1495 1002 1788 1067 ἀπάθειαν,

203 1095 261 1138 et
290 1087 709 1152 impeecantiam
745 1089 1064 1156 praedicant.
1101 1091 1386 1155 Quomodo
1418 1094 1586 1164 igitur
1616 1096 1792 1150 Domi-

204 1191 310 1228 nus
335 1176 656 1229 Jechoniam
688 1179 862 1232 instar
886 1180 1074 1233 annuli
1107 1181 1175 1234 de
1216 1197 1381 1237 manu
1415 1200 1514 1238 sua
1546 1196 1602 1239 et
1625 1187 1795 1257 digito

205 1283 264 1321 se
289 1268 664 1336 projecturuut
691 1273 1096 1330 comminatur:
1130 1273 1204 1328 ita
1241 1277 1502 1332 lectorem
1538 1278 1793 1348 obsecro,

208 1369 265 1412 ιι
301 1361 571 1414 nefarium
604 1361 800 1416 librum
834 1365 1091 1434 abjiciat;
1133 1369 1402 1437 legatque,
1442 1371 1486 1425 si
1541 1372 1794 1440 voluerit,

211 1459 267 1502 ut
296 1462 529 1505 caeteros
562 1453 1012 1524 philosophorum
1053 1457 1241 1519 libros,
1275 1475 1382 1512 non
1436 1470 1496 1513 ut
1543 1463 1795 1516 volumen

207 1544 670 1600 ecclesiasticum.
707 1544 866 1601 801‹·ο
899 1548 949 1600 in
983 1552 1396 1606 commentariis
1436 1565 1490 1607 et
1537 1555 1799 1624 explana-

210 1634 476 1701 tionibtts,
517 1652 745 1700 quorum
790 1657 906 1694 mos
942 1656 1023 1695 cst
1060 1642 1310 1698 diversas
1338 1647 1638 1700 sententias
1698 1661 1794 1716 po-

217 1741 346 1779 tere
368 1727 748 1796 interpretum,
779 1732 1150 1800 hujuscemodi
1181 1738 1337 1790 misci
1357 1752 1414 1791 re
1438 1753 1742 1793 sermonem
1780 1758 1796 1799 ;

208 1819 434 1887 quidam
467 1819 569 1873 hoc
599 1821 804 1889 dicunt,
843 1825 931 1877 alii
967 1826 1069 1880 hoc
1099 1836 1413 1895 autumant,
1440 1833 1688 1884 nonnulli
1721 1834 1799 1888 sic

1894 637 1960 691 de
1986 635 2249 711 Jechouia
2287 638 2490 693 factum
2528 656 2689 694 nemo
2717 643 2951 697 dubitat.
2979 642 3266 698 Jechouias
3312 644 3483 698 inter-

1893 737 2143 796 pretatur
2186 729 2404 784 Domini
2438 732 2787 800 pra'paratio,
2821 736 2907 788 cui
2946 731 3000 787 in
3064 735 3317 804 prasenti
3367 735 3486 790 loco

1891 820 2066 888 prima
2105 821 2337 891 syllaba,
2373 823 2425 877 id
2465 835 2569 886 est,
2606 823 2818 877 Domini
2871 839 3069 878 nomen
3118 825 3384 892 aufertur,
3432 836 3489 881 et

1892 911 2373 981 dicitueronias,
2404 923 2462 968 ut
2490 916 2872 982 subaudiatur,
2901 917 3194 986 perditioni
3221 928 3275 972 et
3299 918 3459 973 interi

1897 1002 1969 1054 tui
2014 1015 2374 1069 prmparatus.

1969 1091 2155 1160 (Vers.
2190 1093 2283 1158 29,
2323 1095 2440 1167 50.)
2475 1115 2493 1148 ‹
2531 1096 2727 1159 Terra.
2761 1106 2931 1163 terra,
2967 1107 3138 1163 terra,
3179 1099 3308 1154 audi
3365 1117 3480 1154 scr-

1897 1199 2114 1237 nionem
2145 1184 2379 1240 Domini.
2417 1185 2542 1242 llaec
2569 1189 2700 1242 dicit
2729 1189 2995 1246 Dominus
3033 1207 3048 1247 :
3082 1191 3276 1246 Scribe
3305 1193 3480 1246 virmu

1896 1273 2056 1328 istum
2077 1276 2338 1344 sterilem,
2361 1279 2534 1332 virum
2555 1280 2645 1348 qui
2683 1280 2735 1334 iu
2761 1281 2953 1336 diebus
2983 1283 3097 1338 suis
3131 1298 3240 1337 non
3265 1299 3489 1354 prospe-

1901 1367 2125 1422 rabitur.
2150 1367 2259 1422 Nec
2284 1369 2430 1423 enim
2453 1372 2558 1423 erit
2581 1370 2646 1424 de
2668 1371 2879 1426 semine
2904 1371 3026 1441 ejus
3059 1375 3140 1426 vir
3175 1373 3267 1442 qui
3301 1375 3502 1428 sedeat-

1898 1475 2062 1528 Sllpt‘l‘
2095 1461 2292 1514 solium
2335 1462 2501 1516 David
2534 1475 2582 1515 ct
2624 1471 2948 1532 potestatem
2997 1463 3199 1519 habeat
3249 1465 3388 1518 ultra
3433 1466 3486 1518 in

1897 1549 2032 1602 .luda
2081 1549 2191 1622 [ΑΙ.
2237 1549 2470 1621 Ιιιιιειιςι].
2524 1569 2543 1602 ι
2601 1551 2659 1605 Si
2713 1551 2938 1607 voluero
2982 1567 3079 1620 per
3136 1552 3252 1607 loca
3300 1563 3491 1605 notare

1901 1641 2143 1709 singula,
2179 1651 2382 1710 quanta
2419 1641 2559 1695 LXX
2591 1644 2672 1695 vel
2716 1643 3166 1710 prtetermiset'int
3191 1642 3272 1698 vel
3312 1653 3490 1695 muta-

1902 1736 2103 1798 verint,
2138 1733 2361 1802 longtun
2398 1734 2516 1798 lict,
2548 1737 2852 1805 pra-sertim
2888 1752 3012 1789 cum
3050 1736 3224 1806 possit
3255 1736 3497 1805 diligens

1904 1819 2078 1876 lector
2105 1838 2169 1876 ex
2201 1832 2434 1892 utraque
2467 1824 2710 1880 editione
2745 1825 3120 1892 considerare,
3147 1823 3278 1894 quid
3307 1831 3481 1878 muta.

208 1913 458 1966 sentiunt
483 1927 499 1966 :
529 1912 681 1978 Quod
711 1925 763 1966 et
789 1919 900 1982 ipse
930 1917 1575 1986 uiis-eramusGrunnius,
1598 1933 1651 1976 οι
1679 1934 1796 1991 pom
1831 1905 1873 1964 Β
1905 1924 2040 1974 tum,
2071 1915 2199 1982 quid
2232 1915 2501 1981 additum,
2534 1916 2661 1984 quid
2691 1916 3029 1969 subtractum
3060 1916 3151 1970 sit.
3184 1916 3289 1970 Pro
3319 1915 3489 1970 sterili

209 2003 421 2057 multos
452 2018 624 2059 annos
652 2007 903 2075 discipuli
933 2005 1204 2062 Joviniaui
1243 2011 1281 2076 ί,
1316 2023 1370 2066 et
1406 2013 1551 2068 illius
1587 2015 1799 2070 Calum-

211 2097 350 2150 niati
381 2107 505 2150 sunt
535 2107 590 2152 et
626 2100 1030 2154 caluumiantur
1069 2117 1178 2167 me,
1205 2105 1307 2158 sub
1335 2105 1528 2160 alienis
1565 2110 1802 2162 nomini-

213 2187 324 2242 bus
371 2189 622 2258 proprias
678 2195 979 2245 sententias
1027 2208 1247 2262 pom-re,
1295 2197 1437 2266 quod
1484 2212 1585 2268 ego
1633 2215 1798 2255 causa

215 2281 610 2336 Ienevoleutiie
636 2283 799 2344 tacio,
833 2300 899 2337 ne
915 2285 1151 2353 aliquem
1183 2298 1335 2342 certo
1367 2293 1586 2347 nomine
1615 2293 1799 2348 videar

217 2375 484 2429 lacerare.
518 2373 658 2439 Quia
682 2375 845 2444 igitur
877 2376 1177 2446 benignitas
1203 2393 1358 2432 versa
1390 2392 1478 2435 est
1507 2382 1559 2435 iit
1592 2385 1800 2437 Calum-

217 2465 392 2527 niam,
431 2482 573 2520 trune
604 2467 726 2520 dico
755 2479 808 2522 et
840 2467 914 2520 illi
955 2469 1045 2538 qui
1082 2479 1332 2526 mortuus
1363 2481 1468 2536 est,
1502 2487 1556 2528 ct
1585 2475 1673 2530 isti
1706 2478 1800 2546 qui

214 2558 356 2612 vivit
385 2562 427 2623 ’,
459 2568 514 2612 et
556 2560 806 2612 haeresim
847 2559 994 2614 illius
1043 2560 1354 2616 instaurare
1395 2577 1648 2632 conatur,
1688 2584 1802 2620 tua-

211 2651 448 2721 gistrum
487 2667 675 2704 eorum
713 2649 1007 2722 Origenetn
1049 2652 1197 2707 hunc
1241 2655 1418 2709 loeum
1472 2659 1678 2713 referre
1732 2661 1798 2714 ad

211 2753 228 2791 t
261 2744 513 2808 hristum,
557 2745 698 2812 quod
738 2743 803 2798 tle
843 2761 1006 2799 tuanu
1046 2744 1138 2801 Dei
1177 2746 1357 2803 Patris
1395 2750 1570 2806 instar
1609 2755 1793 2807 annuli

213 2833 440 2886 avulsus
487 2834 579 2898 sit,
621 2845 676 2888 et
725 2834 923 2890 missus
963 2835 1016 2889 in
1071 2845 1270 2890 terrain
1321 2842 1679 2909 captivitatis,
1746 2843 1799 2896 in

216 2927 416 2979 vallem
474 2926 859 2996 lacrymarum,
929 2928 1188 2998 crocique
1256 2932 1508 2998 traditus,
1570 2947 1801 2988 matrem

213 3036 435 3090 quoque
511 3021 649 3090 ejus,
715 3021 858 3075 haud
929 3022 1154 3076 dubium
1223 3027 1354 3093 quin
1432 3026 1800 3098 Sjnagogam,

219 3126 442 3182 raptam
473 3125 632 3181 atque
665 3115 1002 3183 projectum;
1043 3126 1098 3168 et
1147 3133 1252 3170 non
1309 3120 1642 3187 pertimescit
1703 3126 1801 3175 ista

218 3221 681 3267 tonimemoraus.
713 3209 816 3262 hoc
854 3211 998 3276 quod
1042 3209 1286 3278 sequitur
1335 3227 1349 3264 :
1399 3209 1589 3274 Terra,
1638 3222 1801 3275 terra,

216 3315 388 3364 terra,
432 3299 559 3352 audi
605 3297 815 3352 verbum
865 3298 1100 3356 Domini.
1144 3298 1267 3352 ΙΙαέ
1309 3300 1436 3352 dicit
1489 3300 1744 3354 Dominus
1785 3317 1804 3355 .°

218 3390 406 3444 Scribe
426 3393 592 3442 uirum
619 3389 781 3443 istum
807 3392 1196 3456 abominatum,
1222 3394 1336 3446 sive
1368 3394 1619 3458 sterilem,
1643 3403 1696 3446 et
1725 3411 1808 3449 reo

217 3483 395 3552 liqua,
453 3481 754 3551 intelligere
803 3483 870 3534 de
933 3481 1159 3536 Domino
1222 3481 1544 3550 majestatis.
1605 3482 1809 3539 Scribit

218 3586 408 3629 autem
445 3575 566 3638 hoc,
606 3590 674 3628 ne
709 3573 957 3644 discipuli
999 3573 1118 3643 ejus
1176 3590 1377 3645 negare
1435 3577 1693 3641 audeant,
1753 3578 1806 3630 iu

215 3670 414 3738 quinto
446 3667 779 3720 Stromatum
811 3667 976 3720 libro.

295 3760 476 3824 (νει-ε.
510 3759 627 3827 '28.)
673 3778 690 3809 ι
729 3757 1002 3826 Numquid
1038 3774 1132 3814 vas
1162 3759 1348 3825 tictile,
1383 3769 1545 3829 atque
1601 3761 1810 3815 contri~

221 3862 335 3906 tum
377 3853 457 3904 \ir
481 3851 842 3904 isteGhonias
885 3848 994 3922 [ιιι.
1033 3849 1389 3922 Jechouias}?
1414 3851 1691 3920 Numquid
1718 3869 1811 3907 vas

221 3947 434 4010 absque
502 3940 653 3994 omni
725 3943 1001 4008 voluptate
1064 3943 1194 4011 (sive
1265 3943 1564 4012 utilitaLe)?
1631 3942 1810 4008 Quare

221 4034 422 4104 abjeeti
484 4043 610 4087 sunt
662 4033 776 4102 ipse
819 4044 875 4088 et
931 4050 1117 4089 semen
1168 4039 1308 4106 ejtts,
1368 4046 1420 4090 ct
1472 4035 1700 4106 projecti
1758 4038 1810 4090 in

222 4139 429 4180 terram
469 4141 631 4195 quant
674 4124 1106 4194 iguoraverunt?
1163 4144 1181 4176 ι
1237 4127 1341 4180 l‘ro
1395 4142 1462 4181 eo
1519 4129 1664 4196 quod
1715 4141 1813 4179 nos

227 4220 494 4284 diximus,
522 4217 795 4286 Numquid
825 4235 912 4272 vas
940 4218 1104 4287 ﬁctile
1132 4228 1288 4287 atque
1321 4221 1626 4284 contritum,
1659 4219 1816 4290 Sym-

230 4315 461 4364 machus
508 4311 788 4363 transtulit
830 4329 846 4365 :
904 4310 1178 4380 Numquid
1219 4323 1646 4380 purgamentum,
1699 4313 1816 4367 sive

220 4405 524 4473 quisquilia
551 4402 677 4456 viles
706 4419 862 4472 mque
891 4405 1145 4473 projecta'
1169 4404 1193 4456 ?
1215 4403 1322 4457 Pro
1357 4420 1466 4472 quo
1499 4406 1551 4457 in
1583 4405 1813 4473 Septua-

228 4507 381 4564 ginta
423 4496 560 4549 nihil
604 4497 864 4559 habetur,
915 4496 1009 4548 sed
1057 4495 1160 4549 hoc
1209 4505 1417 4549 tantum
1472 4497 1812 4565 interpretati

1901 2005 1952 2058 in
1980 2005 2210 2060 llebra'o
2232 2007 2502 2076 scriptqu
2547 2017 2632 2061 est
2660 2023 2805 2062 Αιιιιιι
2841 2009 3072 2079 (Why),
3106 2007 3253 2074 quod
3280 2007 3500 2077 Aquila:

1901 2098 2078 2166 prima
2105 2099 2294 2163 editio,
2323 2099 2551 2152 sterilem
2585 2117 2598 2152 :
2633 2099 2898 2160 secunda,
2936 2098 3265 2168 ἀναύξητον,
3297 2099 3348 2152 id
3374 2109 3478 2162 est,

1901 2207 2004 2243 non
2027 2198 2337 2243 crescentem
2367 2208 2381 2246 :
2414 2189 2796 2262 Symmachus,
2828 2207 3053 2246 uacuum
3089 2209 3104 2245 :
3130 2190 3490 2259 Septuaginta

1901 2295 1956 2338 et
1981 2284 2308 2348 Theodotio,
2339 2283 2771 2348 abominabilem,
2802 2292 2857 2337 ct
2879 2283 3189 2337 abdicatum
3219 2283 3497 2352 interpre-

1904 2377 2001 2429 tati
2044 2386 2192 2430 sunt.
2236 2377 2298 2430 Et
2329 2376 2512 2429 oritur
2541 2377 2804 2446 qua‘stto,
2835 2374 3112 2443 quomodo
3140 2381 3288 2427 stare
3321 2375 3515 2442 possitv

1903 2468 2209 2535 prophetia,
2243 2468 2309 2522 de
2346 2468 2517 2537 stirpe
2551 2469 2670 2536 ejus
2710 2468 2918 2520 nullttm
2967 2459 3091 2522 esse
3148 2476 3491 2535 generatum,

1903 2558 1996 2624 qui
2049 2559 2258 2612 sederit
2309 2574 2476 2626 super
2519 2563 2775 2610 thronum
2829 2557 3022 2623 David,
3090 2570 3192 2610 nec
3244 2556 3514 2625 princeps-

1906 2651 2070 2704 l'uerit
2097 2650 2238 2704 ultra
2277 2652 2327 2704 iu
2361 2649 2525 2716 Juda,
2560 2666 2683 2705 cum
2721 2649 2984 2704 Dominus
3025 2658 3192 2719 atque
3243 2649 3496 2702 Salvator

1905 2742 1972 2796 de
2008 2742 2166 2812 hujus
2193 2754 2352 2796 natus
2379 2745 2451 2797 sit
2478 2743 2687 2796 semine
2711 2757 2906 2812 ;super
2931 2742 3090 2811 cujus
3111 2754 3234 2795 ortu
3258 2741 3509 2812 loquitur.

1904 2834 2122 2889 Gabriel
2153 2837 2218 2888 ad
2242 2835 2465 2889 Mariam
2496 2854 2510 2890 :
2537 2835 2670 2889 Ecce
2693 2835 2952 2900 concipies
2980 2841 3032 2887 in
3053 2845 3203 2887 utero
3224 2843 3272 2888 et
3321 2835 3495 2904 paries

1905 2931 2096 2999 ﬁlium,
2127 2940 2175 2982 et
2202 2931 2406 2984 vocabis
2435 2947 2619 2984 nomen
2645 2931 2759 2999 ejus
2785 2929 2990 2983 Jesum.
3037 2928 3156 2994 Ιμδε
3220 2931 3317 2983 erit
3377 2945 3497 2981 ma-

1906 3038 2060 3092 gnus,
2099 3032 2146 3074 et
2174 3019 2346 3074 Filius
2377 3021 2635 3074 Altissimi
2663 3021 2946 3074 rocabitur.
2973 3019 3036 3073 Et
3065 3021 3206 3072 dabit
3236 3021 3282 3073 ei
3313 3018 3512 3073 Domi-

1907 3131 2002 3166 nus
2027 3113 2164 3166 Deus
2187 3114 2361 3166 sedem
2389 3114 2558 3166 David
2581 3114 2750 3182 putris
2775 3115 2882 3172 sui,
2904 3122 2952 3165 et
2981 3111 3216 3182 regnabit
3239 3127 3392 3180 super
3405 3112 3504 3164 do-

1910 3222 2048 3258 mum
2082 3203 2251 3257 Jacob
2280 3205 2336 3257 in
2377 3214 2655 3267 a’tcrnum,
2687 3215 2732 3258 et
2766 3204 2910 3273 regni
2945 3203 3060 3272 ejus
3094 3219 3196 3255 non
3224 3206 3322 3255 erit
3377 3204 3502 3269 ﬁnis

1913 3297 2064 3368 (Luc.
2088 3313 2126 3362 ι,
2155 3297 2366 3366 51-55).
2400 3296 2696 3350 Possumus
2722 3311 2856 3365 ergo
2885 3297 2986 3349 hoc
3012 3295 3216 3356 dicere,
3241 3295 3512 3362 quoniam.

1913 3389 2041 3444 illud
2058 3388 2198 3459 quod
2215 3391 2368 3443 deest
2383 3387 2494 3458 [ΑΙ.
2511 3385 2682 3457 esset]
2702 3387 2753 3439 in
2771 3385 2934 3451 LXX,
2957 3387 3226 3447 videlicet,
3245 3387 3298 3439 tu
3318 3387 3499 3439 diebus

1910 3483 2027 3552 ejus
2063 3499 2166 3535 non
2202 3481 2630 3551 prosperabitur,
2669 3480 2783 3533 sive
2809 3494 2910 3532 non
2947 3489 3163 3544 crescet,
3199 3479 3501 3548 ignoranti-

1912 3578 2012 3630 bus
2040 3575 2229 3629 fecerit
2265 3576 2651 3644 quaestionem.
2683 3571 3040 3642 Septuaginta
3073 3573 3221 3624 cnim
3257 3582 3505 3625 transtu-

1913 3667 2093 3721 lerunt
2119 3686 2132 3721 :
2163 3665 2344 3720 Scribe
2373 3667 2540 3718 rirum
2568 3666 2730 3717 istum
2759 3665 3068 3716 abdicatum
3098 3662 3364 3717 hominem
3391 3662 3500 3734 [ΑΙ.

1913 3757 2211 3831 hominum]
2244 3774 2262 3812 :
2291 3760 2418 3828 quia
2449 3775 2551 3812 non
2583 3768 2774 3811 crescet
2811 3757 2876 3809 de
2910 3757 3107 3810 sentina
3147 3755 3262 3824 ejus
3301 3756 3378 3808 vir
3412 3757 3521 3824 qui.

1913 3857 2093 3906 sedeat
2119 3867 2276 3916 super
2301 3850 2549 3903 thronum
2577 3848 2771 3910 David,
2798 3850 3042 3917 princeps
3075 3847 3217 3900 ultra
3246 3848 3297 3899 in
3327 3845 3520 3912 Juda,

1915 3924 2056 4014 quod
2100 3943 2154 3996 iit
2191 3940 2464 3996 llebraico
2500 3941 2583 3996 bis
2617 3941 2852 4010 positum
2879 3949 2998 4006 est;
3051 3941 3192 4009 quod
3245 3948 3505 4008 putantes

1915 4039 2005 4106 qui
2036 4037 2102 4089 ab
2137 4035 2296 4090 initio
2325 4034 2692 4102 scripserunt,
2721 4034 2774 4086 in
2810 4032 3018 4088 Graecis
3046 4033 3200 4088 libris
3233 4035 3524 4098 additum,

1915 4133 2326 4183 subtraxeruut.
2362 4127 2814 4198 Respoudcamus
2858 4129 3025 4196 igitur
3048 4129 3190 4196 quod
3214 4111 3277 4179 in
3306 4126 3510 4182 diebus

1915 4222 2186 4275 Jcchouite
2219 4234 2323 4274 non
2361 4218 2691 4273 successerit
2731 4217 2781 4272 ci
2823 4221 2903 4271 vir
2935 4220 3026 4288 qui
3068 4219 3273 4273 sederit
3338 4235 3505 4290 super

1919 4315 2173 4367 thronum
2217 4312 2380 4380 ejus,
2630 4312 2723 4366 sed
2772 4311 2940 4364 multo
2984 4321 3105 4382 post
3153 4322 3399 4384 tempore
3435 4315 3504 4368 tle

1917 4409 2124 4459 semine
2157 4404 2274 4474 ejus
2309 4414 2469 4458 natus
2505 4406 2574 4456 sit
2609 4408 2700 4470 qui
2755 4405 2952 4457 solium
3007 4405 3126 4474 ejus
3180 4405 3503 4461 obtinuerit.

1919 4497 2106 4551 Potest
2125 4507 2305 4552 autem
2325 4498 2477 4551 etsie
2501 4495 2634 4550 solvi
2665 4514 2678 4550 :
2711 4496 2827 4550 Non
2851 4497 3067 4552 sedebit
3095 4499 3317 4568 quidem
3341 4515 3508 4568 super
3559 4554 3574 4576 θ

223 4598 355 4642 sunt
386 4605 402 4642 ;
429 4587 789 4641 Inhonaratus
813 4595 890 4640 est
909 4585 1217 4652 Jeeliouias,
1249 4590 1419 4656 gunsi
1467 4604 1558 4642 vas
1607 4589 1659 4640 in
1708 4603 1808 4655 quo
1841 4597 1885 4652 ι)
1918 4589 2190 4642 thronum.
2230 4587 2416 4641 David.
2456 4587 2537 4640 vir
2578 4597 2634 4642 et
2686 4588 2873 4654 homo,
2929 4589 3025 4643 sed
3079 4590 3289 4645 sedebit
3339 4592 3524 4658 Deus,,

227 4681 380 4732 nulla
415 4692 487 4733 est
521 4679 755 4733 utilitas.
793 4677 1014 4732 Etcum
1069 4679 1174 4732 hoc
1227 4679 1295 4732 de
1340 4678 1598 4733 Jechouia
1649 4678 1815 4748 995

224 4771 431 4824 dicitur
459 4769 571 4842 [ΑΙ.
596 4770 833 4842 dicatur]
868 4771 976 4825 lilio
997 4769 1231 4834 Joacim,
1261 4773 1424 4825 audet
1449 4771 1718 4841 quispiam
1748 4776 1814 4824 ad

229 4875 418 4932 typum
467 4863 674 4918 referre
729 4864 974 4930 Christi;
1007 4875 1061 4918 et
1111 4880 1178 4917 ex
1226 4879 1293 4917 co
1335 4865 1478 4933 quod
1524 4865 1817 4932 Apostolus

227 4955 320 5008 dic
340 4967 375 5006 ιι
411 4953 698 5010 Dominum
722 4954 1060 5010 Salvatorem
1085 4957 1373 5026 imaginem
1401 4971 1524 5010 esse
1555 4957 1648 5011 Dei
1681 4958 1817 5011 invi-

230 5048 412 5103 sibilis
442 5049 864 5120 primogenitum
894 5051 1074 5104 omnis
1102 5060 1366 5105 creaturis
1397 5050 1625 5120 ((Ioloss.
1667 5050 1730 5120 ι),
1763 5050 1818 5104 id

232 5151 340 5205 cst,
395 5144 744 5212 sapientiam,
795 5143 1052 5207 Verbum,
1103 5147 1390 5197 veritatem
1435 5153 1600 5213 atque
1649 5143 1815 5197 vitam

235 5244 291 5288 it
326 5235 622 5305 justitiam,
660 5252 786 5290 eum
821 5236 1086 5307 appellari
1120 5239 1405 5302 anuulum,
1436 5239 1528 5307 qui
1561 5236 1816 5306 projicia-

235 5340 328 5382 tur
355 5330 437 5382 vel
477 5328 748 5382 avellatur
771 5329 838 5383 de
873 5346 1034 5382 intimi
1066 5329 1301 5394 Domini,
1338 5340 1393 5385 et
1429 5331 1540 5399 regi
1574 5332 1821 5384 tradatur

235 5419 768 5476 Nabuchodonosor.
799 5421 1003 5490 Abjecti
1034 5434 1179 5488 sunt,
1204 5424 1403 5492 inquit,
1435 5423 1545 5491 ipse
1569 5436 1615 5476 et
1646 5440 1818 5477 semen

231 5606 666 5677 Sixtimartyris
698 5623 822 5662 esse
853 5604 1108 5671 credidit,
1145 5605 1288 5676 quod
1327 5613 1512 5677 postea
1557 5613 1822 5677 retraeta-

231 5681 334 5730 vit.
366 5676 500 5731 Vide
535 5672 694 5745 epist.
724 5678 777 5729 itt
815 5687 998 5730 nostra
1032 5672 1353 5730 recensione
1393 5673 1514 5735 155,
1548 5676 1617 5726 ad
1649 5672 1820 5728 Ctesi-

232 5748 502 5816 phontem,
530 5763 678 5800 nutu.
719 5748 775 5811 ’5,
805 5756 858 5799 et
897 5763 1016 5812 qua‘
1049 5746 1118 5798 ibi
1172 5747 1522 5800 adnotatuus.

308 5820 328 5938 ;
362 5818 452 5870 Sic
482 5819 684 5872 habent
719 5831 847 5872 mss.
888 5825 943 5871 et
965 5816 1224 5872 ltabauus
1256 5833 1268 5868 :
1309 5828 1470 5870 antea
1502 5823 1624 5869 crat
1654 5815 1818 5868 disci-

330 5903 412 5938 us.

231 5903 412 5955 putus.

1921 4695 2256 4749 regnumque
2281 4679 2404 4748 ejus
2427 4695 2532 4733 non
2564 4679 2670 4732 crit
2704 4692 2985 4735 terrenum
3015 4691 3072 4736 et
3105 4681 3289 4745 breve,
3323 4691 3383 4736 ut
3405 4681 3520 4735 fuit.

1921 4772 2114 4835 David,
2142 4771 2234 4826 sed
2272 4783 2596 4842 perpetuum
2627 4783 2793 4841 atque
2823 4775 3071 4840 cmleste,
3103 4775 3321 4828 dicente
3347 4773 3515 4828 Seri‘

1922 4876 2076 4932 plina
2108 4863 2398 4936 :Regnabit
2428 4881 2586 4931 super
2604 4865 2817 4918 domum
2849 4865 3014 4920 Jacob
3045 4866 3097 4918 in
3137 4876 3410 4932 (uernum,
3452 4877 3505 4920 et

1921 4961 2068 5028 regni
2095 4959 2210 5027 ejus
2254 4973 2356 5010 non
2385 4957 2484 5010 erit
2515 4958 2640 5026 [iiiis
2683 4956 2835 5025 (an.
2869 4973 2908 5021 t,
2929 4957 3043 5025 ⁸52).
3077 4955 3244 5013 Natus
3263 4968 3346 5012 est
3373 4973 3523 5028 ergo.

1920 5053 1988 5104 de
2037 5049 2246 5104 Joacim
2301 5049 2616 5113 Jechouias,
2666 5051 2734 5103 de
2783 5049 3043 5103 Jechonia
3103 5042 3392 5115 Salathiel,
3438 5051 3509 5106 de

1922 5145 2182 5197 Salathiel
2242 5140 2566 5205 Zorobabcl,
2615 5155 2670 5194 et
2728 5158 2822 5208 per
2863 5140 3115 5195 ordinem
3170 5143 3386 5196 venitur
3437 5144 3523 5197 ad.

1921 5239 2223 5292 Christum.
2259 5237 2366 5291 Sed
2407 5237 2462 5289 in
2502 5236 2697 5290 diebus
2732 5233 2941 5289 Joacim
2984 5252 3089 5291 non
3127 5241 3397 5292 successit
3454 5238 3512 5292 ci

1923 5345 2015 5382 res
2054 5329 2214 5392 ﬁlius,
2249 5329 2389 5380 sicut
2421 5326 2536 5394 ipse
2567 5326 2704 5394 patri
2746 5336 3110 5391 successerat,
3147 5327 3240 5382 sed
3299 5326 3410 5381 fuit.
3449 5330 3508 5380 in

1921 5422 2240 5490 captivitate
2289 5428 2345 5473 et
2397 5416 2684 5483 Salathiel,
2736 5425 2791 5470 ct
2841 5417 3170 5485 Zorobabel,
3223 5428 3278 5472 ct
3329 5433 3507 5488 usque

1996 5609 2016 5639 ²
2042 5605 2198 5659 lllum
2223 5603 2314 5672 qui
2346 5609 2591 5672 mortuus
2620 5601 2711 5664 sit,
2744 5599 2998 5654 Ruﬁnum
3025 5602 3224 5656 debere
3252 5599 3509 5669 intelligi,

1922 5681 2014 5746 qui
2043 5679 2152 5746 jaut
2185 5671 2254 5727 ab
2287 5688 2430 5746 anno
2458 5671 2564 5746 μυ
2591 5673 2933 5746 decesserat,
2957 5673 3087 5725 nihil
3123 5682 3206 5724 est
3237 5671 3460 5746 dubium
3487 5691 3506 5736 ;

1921 5741 2058 5802 eutn'
2081 5760 2227 5808 vero,
2259 5745 2352 5809 qui
2382 5744 2532 5807 vivit,
2561 5757 2664 5796 non
2695 5743 2988 5802 Attianum,
3011 5751 3068 5792 ut
3101 5751 3255 5809 putat
3278 5741 3504 5797 Martia-

1924 5833 2094 5880 nazus,
2133 5816 2228 5872 sed
2264 5814 2544 5883 Pelagium
2574 5812 2748 5886 ipsum
2779 5811 2890 5866 diei
2916 5820 3158 5867 autumo.
