3950 6180
293 289 406 353 853

730 293 1235 357 COMMEN'I'AIL
1284 298 1362 356 IN
1405 299 1806 364 JEIlEMIAM
1861 309 2325 371 PROI’HETAM
2369 314 2516 374 LII}.
2566 316 2667 387 ιγ,
2703 318 2868 380 CAP.
2919 319 3147 382 XXIII.

3459 321 3598 384 55b.

294 421 464 503 quam
491 407 1182 503 subiittrav'eritqaleiiitttdo
1215 415 1479 483 gentium,
1517 426 1647 474 tunc
1693 422 1872 476 omnis
1905 434 1945 485 Α
1980 425 2032 479 in
2065 425 2552 497 Septuagintanou
2580 432 2942 502 habetur,qui
2967 436 3592 503 juramcntumdisere,.

291 497 467 554 Israel
495 499 680 554 Salvus
712 499 802 554 fiat
837 501 1012 571 (ηοω.
1048 506 1146 575 xt).

366 590 448 643 A‘d
509 589 810 658 Prophetas
870 595 997 663 (sive
1051 597 1100 649 in
1163 597 1490 668 Prophetis,
1552 603 1628 656 vel
1683 614 1871 658 c0ntra

289 679 640 752 Prophetas).
687 703 705 734 ι
744 683 842 737 llic
895 686 1107 748 titulus,
1161 700 1217 742 ut
1268 706 1432 760 supra
1490 695 1752 760 diximus,
1816 696 1884 749 iul

289 775 535 829 editione
575 778 952 847 Septuaginta,
989 780 1114 834 linis
1140 785 1433 839 anterioris
1467 787 1693 855 capituli
1729 789 1872 856 posi-

292 877 380 922 tus
414 878 492 921 est
529 869 614 922 ubi
658 871 924 940 scriptum
977 873 1252 940 legimus:
1295 874 1360 928 Et
1409 883 1507 930 hoc
1553 888 1870 945 estnomen,

287 974 392 1024 quo
426 959 708 1028 appellabit
744 979 860 1014 eum
893 962 1152 1020 Dominus
1180 967 1424 1030 Josedec,
1475 970 1530 1023 iu
1571 968 1868 1038 Prop/telis.

289 1049 446 1116 Quod
483 1053 723 1121 plerique
754 1055 1088 1123 ignora-otes,
1132 1059 1288 1114 varia
1310 1061 1716 1130 explanationis
1741 1065 1874 1116 deli~

290 1157 539 1200 ramenta
571 1148 907 1216 contingunt.
935 1150 1210 1222 Multoque
1233 1155 1424 1210 melius
1450 1157 1628 1212 fuerat
1663 1160 1870 1227 simpii-

288 1235 432 1290 citer
467 1238 730 1291 inscitiam
770 1241 1041 1306 confiteri,
1072 1260 1234 1312 quam
1279 1245 1567 1314 imperitia:
1603 1263 1714 1302 suae
1735 1251 1870 1304 alios

289 1327 532 1383 btet-edes
565 1329 763 1384 facere.
791 1332 883 1386 Est
913 1343 1092 1388 autem
1121 1350 1300 1390 sermo
1331 1345 1518 1392 contra
1557 1341 1867 1409 prophetas,

288 1417 402 1472 imo
434 1423 1256 1492 pscudopr0pheta5'lerusalem
1309 1437 1365 1483 et
1397 1431 1682 1497 Samariae,
1730 1448 1866 1499 quos

287 1524 435 1564 nunc
474 1513 748 1566 communi
785 1523 837 1566 et
871 1515 1090 1584 vulgato
1109 1519 1327 1574 nomine
1361 1520 1656 1589 prophetas
1686 1533 1864 1587 vocat,

286 1603 354 1654 de
393 1602 588 1670 quibus
619 1602 891 1674 Scriptum
939 1616 1022 1661 est
1059 1609 1113 1661 in
1164 1614 1621 1680 consequentibus
1668 1629 1684 1671 :
1719 1613 1782 1666 Et
1813 1616 1864 1668 in

283 1693 552 1761 prophetis
579 1695 844 1749 Samaria:
878 1699 982 1750 vidi
1006 1700 1375 1768 iniquitatem;
1410 1705 1704 1774 statimque
1739 1723 1752 1761 ε
1799 1706 1866 1760 Et

1980 530 2080 584 pro
2111 515 2503 572 ntaledictione.
2540 521 2843 590 lledditque
2888 539 3109 585 causas,
3141 523 3284 593 quod
3339 536 3561 594 prepter

1979 605 2268 673 adulteria,
2291 618 2346 662 et
2372 609 2682 674 maledicta,
2737 612 2876 677 sive,
2909 613 3238 682 superﬂuum
3269 613 3558 684 jurameno

1980 705 2115 760 tum,
2154 698 2268 752 imo
2295 699 2553 767 perjuria,
2584 701 2798 772 frugtnn
2844 706 3110 760 sterilitas
3144 714 3435 761 consecuta
3462 707 3557 760 sit.

1977 786 2250 857 Quidquid
2279 789 2346 843 de
2378 799 2522 845 terra
2572 792 2762 850 Judtea
2808 795 2962 864 juxta
2985 796 3240 852 litteram
3267 795 3555 865 intelligis.

1977 875 2119 932 refer
2165 878 2233 933 ad
2294 885 2770 949 congregationem
2827 884 3164 939 credentium
3200 925 3217 949 ,
3279 887 3550 953 quoniam

1974 976 2195 1036 propter
2223 968 2514 1033 adulteria,
2545 981 2600 1026 et
2635 973 2935 1039 mendacia,
2973 973 3090 1028 sive
3120 973 3381 1042 periuria,
3437 977 3554 1031 vir-

1975 1069 2146 1113 tutum
2173 1071 2227 1116 et
2253 1062 2608 1117 donatioaum
2643 1065 2756 1131 Dei,
2791 1065 3054 1120 sterilitas
3080 1067 3132 1120 in
3161 1068 3422 1124 Ecclesiis
3445 1069 3550 1125 sit.

2043 1151 2224 1221 (Vers.
2267 1153 2354 1218 ll,
2391 1154 2500 1223 l2.)
2543 1173 2560 1205 ι
2601 1155 2874 1223 Propheta
2929 1173 3167 1228 namque
3207 1159 3552 1215 etSaceraos

1974 1242 2161 1311 polluti
2200 1253 2350 1309 sunt,
2391 1255 2446 1299 et
2487 1247 2540 1300 in
2590 1247 2754 1301 domo
2779 1262 2896 1301 mea
2948 1249 3128 1304 inveni
3184 1249 3323 1304 mala
3361 1250 3549 1322 [Vulg.

1973 1334 2446 1407 ntalum].'eorum,
2471 1338 2548 1392 ait
2577 1336 2859 1395 Dominus.
2885 1339 3094 1396 Idcirco
3125 1342 3213 1396 via
3236 1356 3423 1397 eorum
3447 1345 3554 1398 erit

1970 1427 2126 1493 quasi
2177 1427 2444 1482 lubricum
2501 1430 2554 1482 in
2591 1429 2854 1484 tenebris.
2896 1430 3244 1501 Impellentur
3297 1433 3440 1486 enim
3495 1443 3576 1487 et.

1969 1521 2413 1585 co‘rrueutin'ea,
2457 1523 2584 1592 quia
2631 1524 2852 1580 alleram
2887 1526 3016 1596 (sive
3067 1527 3323 1598 inferam)
3382 1545 3551 1598 super

1969 1625 2064 1665 eos
2099 1611 2263 1676 mala,
2288 1628 2488 1666 annum
2527 1615 2853 1672 visitationis
2875 1633 3084 1682 eorum,
3104 1621 3182 1673 ait
3209 1619 3496 1674 Dominus.
3523 1640 3542 1672 ι

1969 1702 2194 1767 Quando
2227 1703 2280 1756 in
2326 1705 2568 1760 Ecclesia
2616 1708 2706 1761 Dei
2741 1717 2797 1762 et
2843 1709 3083 1764 maxime
3127 1710 3179 1764 in
3210 1711 3548 1780 principibus

283 1783 342 1836 in
370 1785 634 1852 prophetis
658 1785 950 1842 Jerusalem
984 1790 1090 1844 vidi
1111 1792 1409 1847 horribilia.
1433 1795 1658 1861 Quando
1687 1807 1865 1852 autem
1901 1791 1942 1845 Β
1969 1794 2092 1862 eius
2155 1795 2510 1851 Ῐηνθηὶυιιῑιιΐ
2571 1798 2710 1852 mala
2737 1837 2754 1864 ο
2809 1801 3048 1855 “iam”
3105 1817 3227 1857 esse
3293 1802 3542 1870 00mph"

280 1877 441 1944 ponit
475 1878 936 1948 conjunctionem,
963 1891 1034 1947 et,
1059 1871 1298 1939 ostendit
1324 1887 1606 1955 superiora
1639 1889 1706 1944 de
1735 1889 1867 1943 Pro-

281 1967 466 2036 phetis
497 1971 637 2025 dicta
676 1972 1020 2039 Domini,qui
1059 1985 1112 2029 et
1137 1975 1238 2044 ipsi
1271 1979 1862 2049 pseudoprophetarmn

279 2059 492 2114 similes
516 2063 870 2140 exstiterunt.

355 2148 538 2221 (Vers.
574 2153 654 2218 9.)
695 2173 712 2205 ι
753 2155 1060 2211 Coutritum
1108 2165 1192 2212 est
1221 2175 1316 2213 cor
1372 2175 1555 2215 meum
1589 2161 1642 2216 in
1685 2161 1861 2216 medio

281 2246 389 2301 mei
413 2247 538 2316 (sive
557 2247 610 2300 in
646 2245 776 2317 me),
798 2259 1247 2304 contremuerunt
1268 2250 1397 2323 (sive
1415 2262 1686 2307 commota
1709 2254 1858 2313 sunt)

283 2342 473 2393 omnia
533 2355 657 2393 ossa
717 2354 857 2402 mea,
911 2339 1086 2395 factus
1121 2357 1239 2394 smn
1279 2343 1432 2410 quasi
1473 2343 1556 2395 vir
1587 2342 1774 2396 ebrius
1805 2353 1860 2396 et

277 2434 436 2500 quasi
471 2431 628 2484 homo
658 2430 902 2486 madidus
932 2431 1060 2502 (sive
1096 2433 1445 2503 soporatus')
1479 2433 1650 2504 999
1675 2435 1797 2488 viuu
1823 2451 1852 2487 a

279 2523 423 2578 faeie
457 2523 690 2588 Doiniui,
730 2534 784 2578 et
810 2540 838 2577 a
873 2522 1010 2578 facie
1051 2525 1342 2578 verborum
1382 2535 1700 2579 sant-torum
1741 2527 1858 2595 ejus

289 2618 424 2684 (sive
471 2630 522 2669 et
567 2615 703 2669 facie
747 2615 960 2669 dcem-is
1014 2615 1200 2685 glorise
1233 2615 1400 2686 ejus).
1445 2615 1855 2672 iCOnsidcratt.

277 2710 430 2763 νυιιυ
468 2711 856 2776 Otnuipulenlis
894 2708 1008 2775 Dei,
1037 2711 1139 2763 hoc
1165 2719 1268 2774 est,
1308 2710 1483 2764 Patris
1517 2718 1571 2764 et
1600 2711 1854 2766 censide-

279 2813 399 2856 rato
429 2802 574 2855 vultu
606 2802 748 2864 Filii,
773 2803 862 2870 qui
893 2801 1045 2872 juxta
1070 2802 1391 2871 Apostolum
1427 2802 1686 2873 splendor
1711 2803 1854 2857 illius

277 2893 464 2964 gloriae
505 2895 822 2962 appellatur,
851 2903 905 2946 et
936 2892 1114 2946 forma
1163 2893 1480 2947 substantia:
1529 2891 1620 2947 Dei
1661 2893 1849 2963 (llebr.

278 2980 354 3056 ι).
381 2983 646 3053 Propheta
689 2993 744 3038 ct
776 2985 959 3038 animo
999 2992 1053 3038 et
1105 2999 1334 3048 corpore
1375 2984 1767 3053 perhorrescit,
1798 2992 1852 3038 et

275 3074 529 3143 intelligit
565 3089 687 3128 esse
717 3089 774 3126 se
811 3073 988 3137 nihili,
1024 3075 1320 3128 secundum
1350 3073 1503 3143 quod
1551 3083 1609 3128 et
1649 3074 1701 3127 in
1739 3074 1848 3127 alio

273 3164 398 3218 Iuro
449 3163 645 3217 dicitur
692 3161 810 3216 :Ut
859 3161 1157 3231 jumentum
1217 3163 1393 3231 factus
1432 3179 1551 3217 sum
1616 3166 1760 3234 apud
1803 3175 1852 3218 te

276 3255 454 3323 (Psal.
490 3270 661 3320 Lxxtt,
695 3254 812 3324 25.)
873 3254 998 3309 Sive
1056 3254 1332 3309 victimam
1397 3257 1746 3311 conscientiae
1799 3267 1855 3312 et

272 3347 597 3401 humilitatis
620 3361 728 3401 suae
759 3346 918 3400 oll‘ert
957 3346 1238 3415 Deojuxta
1276 3347 1406 3401 illud
1438 3349 1579 3416 quod
1618 3350 1668 3401 in
1695 3348 1852 3403 Psal-

274 3437 379 3490 mis
429 3437 621 3505 legitur
657 3453 680 3493 :.
707 3437 1039 3506 Sacri/icium
1069 3437 1178 3492 Deo
1199 3432 1416 3508 spiritus
1444 3440 1852 3505 contribulatus,

272 3546 366 3582 cor
424 3532 703 3581 contritum
754 3531 1211 3594 elgltumiliatuin
1271 3530 1408 3584 Deus
1480 3549 1584 3585 non
1655 3533 1855 3600 spernit

275 3621 450 3690 (Psal.
482 3638 531 3683 ι..
565 3620 671 3689 19).
707 3621 838 3676 Ossa
864 3633 1044 3675 autem
1085 3637 1208 3691 qua:
1241 3633 1706 3689 contremuerunt,
1735 3625 1852 3679 sive

273 3720 550 3768 commota
596 3723 740 3769 sunt.
788 3713 872 3765 illa
909 3715 1298 3783 intelligamus,
1353 3715 1418 3768 de
1460 3715 1660 3783 quibus
1705 3718 1849 3770 idem

271 3805 441 3858 David
467 3805 612 3858 canit
644 3823 659 3858 :
694 3803 890 3860 Omnia
922 3823 1039 3857 ossa
1075 3823 1188 3858 mea
1223 3807 1414 3872 dicent,
1460 3805 1702 3870 Domine,
1735 3808 1852 3876 quis

270 3898 461 3950 similis
483 3897 559 3949 tui
583 3895 754 3966 (Psal.
781 3911 965 3961 xxxiv,
1003 3895 1090 3965 l0)
1115 3897 1348 3953 ?Factus
1364 3908 1450 3953 est
1473 3899 1624 3969 quasi
1646 3899 1850 3964 ebrius,

271 3999 330 4042 et
367 3990 524 4058 quasi
585 3991 746 4043 homo
779 3989 1046 4054 madidus,
1084 3991 1198 4045 sive
1229 3998 1519 4059 soporatus
1547 3991 1692 4057 vino,
1734 3990 1853 4043 ttul-

284 4082 390 4134 lam
439 4081 646 4136 habens
677 4081 1113 4151 intelligentiam,
1159 4081 1471 4152 nullamque
1502 4083 1848 4153 sapientiam.

276 4172 533 4227 Dominus
587 4175 728 4228 enim
789 4174 926 4227 novit
965 4175 1312 4243 cogitationes
1367 4174 1662 4238 hominum,
1708 4190 1843 4242 quo-

271 4267 416 4319 niam
447 4283 593 4320 vamc
649 4275 770 4321 sunt
827 4266 1012 4335 (l’sal.-
1047 4267 1350 4338 xcttt,ll).
1405 4266 1463 4320 Si
1517 4275 1695 4320 autem
1748 4266 1852 4320 hoc

271 4358 342 4412 ita
377 4368 479 4422 cst,
505 4359 592 4410 ubi
619 4367 743 4412 sunt
775 4359 865 4427 qui
907 4359 1199 4424 perfectam
1233 4359 1288 4412 in
1322 4357 1541 4413 homine
1572 4355 1847 4426 justitiam

271 4450 610 4520 prmdit-ant?
637 4451 791 4516 Quod
849 4452 892 4505 si
953 4452 1338 4518 responderint
1377 4454 1445 4506 de
1495 4454 1698 4507 sanctis
1734 4453 1836 4507 hoc
1869 4461 1911 4514 ο

272 4559 329 4596 se
348 4543 552 4607 dicere,
587 4557 693 4594 non
740 4541 807 4595 de
848 4542 1062 4610 seipsis,
1097 4553 1245 4597 certe
1295 4541 1503 4596 nullum
1539 4552 1671 4611 puto
1721 4557 1848 4596 san-

271 4636 500 4689 ctiorem
535 4650 654 4690 esse
683 4635 942 4701 Jerctnia,
973 4635 1062 4703 qui
1101 4635 1274 4704 virgo,
1318 4633 1617 4704 Propheta,
1647 4633 1850 4687 sancti-

272 4727 575 4792 IiCatusqae
601 4729 653 4781 in
696 4737 874 4794 utero,
914 4729 1032 4794 ipso
1064 4728 1285 4782 nomine
1315 4727 1634 4796 praefigurat
1668 4725 1851 4779 Domi-

275 4834 404 4871 num
461 4816 828 4870 Salvatoretn.
885 4815 1154 4872 J'cremias
1208 4830 1356 4883 enim
1414 4816 1846 4886 interpretatur,

272 4909 488 4962 Domini
510 4907 764 4961 excelsus.

344 4999 522 5067 (Vers.
561 5000 670 5068 10.)
710 5018 728 5051 t
764 4998 906 5064 Quia
930 5000 1191 5054 adulteris
1239 4997 1355 5070 (Al.
1393 4995 1702 5069 adulteriis]
1759 5011 1847 5051 re-

272 5093 412 5160 pleta
467 5100 548 5145 est
586 5100 752 5156 terra,
804 5091 933 5160 quia
981 5103 1010 5142 a
1073 5089 1215 5144 facie
1263 5088 1663 5143 maledictionis
1715 5088 1847 5158 (sive

267 5183 727 5252 juramenti)luxit
759 5191 928 5246 terra,
970 5181 1210 5236 arefacta
1244 5191 1371 5236 sunt
1417 5195 1546 5235 arva
1579 5184 1708 5250 (sive
1753 5196 1851 5250 pa-

273 5275 424 5341 scua)
452 5277 682 5340 deserti,
717 5284 772 5330 et
821 5273 996 5329 factus
1051 5283 1137 5329 est
1177 5289 1374 5328 cursus
1426 5288 1614 5329 eorum
1653 5275 1846 5339 malus,

272 5377 329 5421 et
361 5368 621 5420 fortitudo
667 5382 854 5421 eorum
891 5366 1194 5420 dissimilis.
1234 5383 1254 5418 ι
1308 5363 1421 5420 Hoc
1451 5364 1592 5434 quod
1637 5379 1738 5418 nos
1785 5366 1852 5420 de

271 5457 540 5513 Ilebraico
566 5459 847 5528 posuimus
874 5475 888 5511 :
915 5459 1039 5528 quia
1065 5457 1320 5512 adulteris
1358 5458 1555 5528 repleta
1577 5467 1651 5512 est
1685 5467 1850 5517 terra.

347 5664 363 5694 ¹
395 5662 626 5717 Cisterc.
665 5663 751 5716 hic
781 5674 943 5731 atque
985 5661 1121 5716 infra
1164 5671 1446 5727 superatus
1487 5674 1583 5728 pro
1628 5677 1850 5728 sopora-

276 5743 381 5788 tus.
416 5734 474 5787 lu
507 5732 695 5790 Glauco
727 5743 806 5791 est
835 5734 1216 5804 συνεχόμενο,.
1250 5733 1400 5787 Adde
1444 5732 1589 5801 quod
1639 5732 1693 5785 in
1747 5733 1848 5787 lle-

1971 1895 2109 1950 tum,
2146 1887 2359 1956 1000
2391 1886 2650 1955 Drapheta
2690 1898 2739 1943 et
2773 1891 3022 1946 sacerdos
3060 1893 3252 1960 polluti
3275 1904 3442 1956 sunt;
3491 1895 3546 1946 in

1966 1977 2124 2030 domo
2159 1995 2273 2032 mea
2301 1981 2476 2034 inveni
2509 1980 2651 2034 mala
2690 1997 2891 2048 eorum,
2929 1984 3006 2036 ait
3042 1983 3319 2038 Dominus.
3344 1984 3566 2038 Domus.

1966 2078 2149 2123 autem
2187 2069 2397 2125 Christi
2455 2071 2698 2126 Ecclesia
2736 2083 2838 2138 est,
2882 2075 2952 2129 de
2998 2090 3110 2144 qua
3162 2085 3216 2129 et
3253 2076 3547 2146 Apostolus

1965 2161 2156 2214 scribit
2179 2161 2245 2214 ad
2267 2161 2612 2216 Timotheum
2645 2180 2660 2216 :
2685 2163 2748 2218 Ut
2777 2165 2913 2218 scias
2940 2166 3201 2235 quomodo
3227 2176 3276 2220 te
3305 2176 3558 2236 oporteat.

1963 2253 2020 2306 in
2057 2255 2214 2308 domo
2247 2253 2342 2306 Dei
2373 2255 2691 2317 conversari,
2743 2271 2860 2325 qua:
2899 2267 2976 2310 est
3007 2256 3246 2312 Ecclesia
3291 2257 3386 2312 Dei
3421 2260 3542 2324 vivi,

1961 2344 2206 2397 columna
2246 2352 2294 2397 et
2323 2344 2712 2413 ﬁrmamentum
2741 2347 2982 2402 veritatis
3019 2347 3070 2417 (1
3123 2348 3266 2404 Tim.
3297 2364 3381 2414 ιιι,
3419 2350 3532 2416 15).

1961 2436 2018 2489 ln
2054 2436 2338 2504 propheta,
2375 2436 2647 2490 doctorem
2701 2441 2932 2506 accipe:
2996 2437 3050 2492 in
3103 2441 3405 2504 sacerdote,
3433 2441 3539 2494 ini-

1962 2528 2172 2583 nisterii
2200 2529 2540 2598 dignitatem.
2582 2529 2681 2596 Qui
2723 2530 2767 2586 si
2814 2544 2978 2598 prava
3016 2542 3197 2587 mente
3240 2548 3536 2588 consense-

1960 2618 2092 2683 rint,
2114 2617 2221 2671 erit
2252 2619 2337 2670 via
2387 2631 2577 2671 eorum
2637 2617 2691 2671 in
2746 2617 3018 2672 lubricum
3067 2618 3202 2673 etin
3261 2617 3536 2682 leltcbt'is;

1957 2722 2056 2762 nec
2087 2706 2364 2761 habebunt
2421 2706 2708 2760 Dominum
2772 2708 3081 2776 loquentem
3137 2707 3302 2780 :Ego
3334 2707 3426 2760 lus:
3478 2710 3535 2761 in

1957 2800 2208 2853 mundum
2235 2799 2372 2864 veni,
2401 2806 2460 2851 ut
2485 2799 2658 2852 omnis
2695 2799 2786 2867 qui
2813 2799 2978 2852 credit
3010 2799 3064 2851 in
3091 2814 3194 2861 me,
3225 2800 3278 2851 in
3313 2798 3549 2852 tenebris.

1955 2907 2059 2944 non
2090 2902 2300 2945 maneat
2331 2890 2516 2961 (locu.
2549 2906 2645 2956 xu,
2671 2891 2785 2960 46).
2821 2888 2978 2945 Unde
3003 2901 3232 2946 sanctus
3258 2891 3533 2960 loquitur,

1953 2998 2144 3038 oumes
2164 2984 2418 3038 tenebras
2452 2983 2662 3052 fugiens
2690 2981 2802 3054 [ΑΙ.
2864 2981 3161 3053 fugientes]
3203 2999 3218 3038 :
3259 2982 3537 3052 Signatuns

1955 3083 2027 3126 est
2083 3090 2240 3143 super
2285 3091 2378 3128 nos
2439 3073 2618 3129 lumen
2678 3074 2855 3127 vultus
2885 3075 2985 3140 tui,
3031 3073 3305 3134 Domine:
3339 3073 3534 3126 dedisti

1959 3165 2202 3219 la'titiam
2233 3167 2288 3219 in
2319 3183 2409 3219 cor
2448 3181 2619 3219 meum
2648 3164 2756 3238 [AL
2782 3167 2938 3221 corde
2971 3165 3109 3239 meo]
3143 3165 3318 3240 (Psal.
3345 3184 3417 3232 tv,
3457 3168 3534 3238 7).

1953 3253 2088 3309 Cum
2120 3265 2300 3310 autem
2331 3255 2534 3311 fuerint
2582 3257 2636 3310 ia
2671 3257 2912 3312 tenebris
2937 3267 2990 3312 et
3041 3257 3095 3312 in
3146 3259 3231 3313 via
3300 3258 3537 3324 lubrica,

1952 3361 2140 3401 errore
2174 3346 2424 3401 videlicet
2452 3347 2731 3413 heretico,
2769 3349 2836 3402 ad
2868 3365 3086 3404 omnem
3116 3361 3320 3406 motum
3345 3352 3534 3420 impel-

1954 3437 2132 3490 lentur
2179 3447 2526 3493 etcorruent.
2573 3438 2635 3492 Et
2693 3438 2858 3493 infert
2895 3455 3060 3508 super
3112 3455 3208 3496 eos
3265 3441 3528 3497 Dominus

1955 3529 2115 3595 mala,
2155 3545 2262 3584 non
2291 3545 2397 3600 quo
2423 3530 2561 3583 mala
2591 3531 2720 3596 sint,
2749 3537 2806 3583 ut
2833 3529 3092 3584 Dominus
3123 3532 3263 3585 mala
3284 3532 3482 3590 inferat
3515 3551 3554 3591 ζ.

1953 3620 2050 3675 sed
2068 3621 2207 3674 tnala
2235 3621 2429 3692 bisqui
2451 3622 2723 3677 sustinent
2747 3621 3033 3691 supplicia.
3063 3621 3326 3692 Alioquin.
3345 3627 3534 3679 eadem

1953 3722 2007 3768 et
2057 3714 2200 3767 mala
2257 3723 2386 3768 sunt
2439 3722 2496 3768 et
2544 3714 2724 3775 bona.
2797 3713 2980 3779 Mala,
3043 3713 3199 3782 juxta
3248 3728 3342 3768 eos
3401 3731 3536 3783 quos

1953 3807 2262 3862 cruciant:
2337 3807 2476 3860 bona
2549 3806 2704 3876 juxta
2784 3821 2878 3860 eos
2963 3822 3101 3876 quos
3185 3805 3510 3862 emendant.

1954 3898 2018 3952 Et
2070 3898 2172 3953 hoc
2225 3899 2549 3965 notandum,
2604 3897 2752 3967 quod
2815 3913 3012 3952 annus.
3045 3897 3379 3953 visitationis
3425 3899 3535 3952 Du-

1955 3992 2106 4057 mini,
2144 3991 2412 4045 correctio
2465 3977 2810 4060 peccantium
2847 3991 3062 4044 dicatur
3118 3999 3283 4058 atque
3316 3992 3532 4044 crucia.-

1955 4093 2064 4148 tus,
2111 4083 2265 4152 juxta
2321 4082 2449 4136 illud
2489 4083 2654 4150 quod
2688 4084 2963 4150 scriptum
3014 4091 3100 4136 cst
3138 4097 3153 4134 :
3199 4079 3428 4136 Visitabo
3478 4083 3534 4136 in

1952 4176 2100 4243 virga
2149 4174 2453 4244 iniquitates
2507 4189 2711 4238 eorum,
2768 4183 2818 4226 ct
2871 4173 2924 4225 in
2964 4173 3260 4225 verberibus
3319 4187 3535 4241 peccatu

1951 4280 2135 4319 eorum
2162 4280 2182 4319 :
2213 4263 2633 4316 misericordiam
2687 4272 2862 4314 autent
2893 4275 3063 4314 meam
3093 4276 3196 4315 non
3234 4260 3534 4333 dispergam

1953 4357 2016 4411 ab
2053 4372 2114 4411 eo
2138 4355 2311 4427 (Psal.
2346 4369 2616 4419 Lxxxvttt,
2651 4355 2743 4418 55,
2773 4354 2887 4423 5i).

2013 4447 2196 4518 (Vers.
2239 4447 2353 4514 l5.)
2391 4465 2412 4497 ι
2449 4445 2516 4498 Ει
2570 4446 2626 4498 in
2657 4444 2937 4514 prophetis
2966 4443 3232 4499 Samaria}
3261 4444 3368 4500 vidi
3391 4446 3531 4500 stul-

1951 4544 2125 4600 titiam
2179 4545 2285 4594 sive
2317 4539 2662 4609 iniquitatem
2713 4538 2730 4610 [
2782 4537 2934 4608 Vulg.
2991 4536 3368 4610 fatuitatem]:
3410 4553 3536 4606 prou-

1950 4634 2248 4706 phetabant
2271 4634 2324 4687 in
2358 4631 2546 4697 Baal',
2575 4641 2632 4686 et
2677 4631 3030 4700 decipiebant
3062 4630 3318 4700 populqu
3351 4644 3532 4684 meum

1949 4725 2140 4780 Israel.
2179 4743 2198 4775 ι
2235 4724 2347 4794 Ego
2378 4723 2690 4793 prophetas
2731 4721 3002 4777 Samaria:
3055 4723 3210 4792 juxta
3273 4719 3539 4792 mysticus

1951 4817 2276 4880 intellectus,
2315 4815 2535 4885 proprie
2573 4815 2859 4870 haereticos
2894 4814 3003 4869 dici
3048 4822 3197 4881 puto,
3252 4823 3304 4864 et
3339 4827 3530 4866 omnes

1949 4908 2040 4977 qui
2067 4907 2410 4976 jactantfalsi
2432 4907 2669 4960 nominis
2699 4905 3008 4959 scientiam.
3039 4901 3321 4966 Quomodo
3347 4913 3530 4956 autem

1951 5002 2224 5068 prophetae
2254 4997 2516 5053 Samaria:
2555 4995 3254 5067 quidquid.loquebantur,-
3290 4995 3530 5064 prophe-

1953 5091 2136 5143 tabaut
2165 5091 2218 5142 in
2272 5089 2419 5151 Baal,
2457 5089 2620 5143 idolo-
2649 5088 2923 5151 videlicet,
2949 5085 3290 5140 daemonibus
3335 5101 3530 5140 conse-

1951 5191 2142 5236 crato:
2175 5181 2257 5236 sic
2280 5179 2524 5234 haeretici
2553 5179 2814 5247 quidquid
2841 5179 3141 5247 loquuntur
3167 5177 3218 5230 in
3250 5175 3522 5240 Ecclesia,

1952 5274 2068 5326 sive
2105 5281 2260 5326 extra
2297 5271 2618 5335 Ecclesium,
2654 5280 2712 5323 ut
2745 5270 3097 5339 supplantant
3151 5272 3404 5340 populum
3444 5268 3524 5324 ls-

1953 5363 2086 5428 rael,
2115 5363 2206 5432 qui
2237 5364 2388 5432 prius
2429 5363 2690 5416 cernebat
2725 5361 2914 5426 Deum,
2963 5361 3264 5430 loquuntur
3303 5363 3355 5414 in
3409 5361 3524 5415 da:-

1953 5459 2223 5514 tnonibus.
2267 5455 2420 5514 Unde
2450 5467 2501 5512 et
2537 5456 2930 5526 signiﬁcanter,
2960 5455 3033 5509 ait
3061 5470 3076 5510 :
3113 5455 3179 5508 Et
3214 5457 3266 5508 in
3300 5459 3525 5523 prophe-

1953 5657 2142 5714 braico
2169 5671 2388 5725 quoque
2417 5666 2522 5712 est.

2026 5731 2046 5760 ²
2083 5729 2226 5782 Idem
2258 5723 2356 5782 uis.
2391 5728 2559 5794 addit,
2603 5730 2668 5783 Et
2700 5725 3029 5797 decipiebant
3058 5725 3110 5780 in
3140 5723 3304 5780 Bual.
