3966 6176
440 307 550 374 855

437 425 504 478 tis
556 421 814 476 Samaria’
875 421 979 474 vidi
1047 422 1322 476 stultitiam
1367 439 1386 477 :

434 529 583 574 t‘tlm,
636 513 702 566 de
745 527 851 580 quo
905 513 1123 578 dicitur,
1173 514 1412 567 Christus
1475 513 1568 568 Dei
1606 516 1773 568 virtus
1804 526 1852 568 et
1912 515 2008 568 Dei

434 606 690 674 sapientia
724 602 778 671 (Ι
809 605 932 658 Cor.
972 622 1010 669 ι,
1038 605 1153 672 94).

512 695 690 761 (Vers.
731 695 843 765 i4.)
873 715 892 746 ι
936 697 997 750 Et
1029 696 1080 750 in
1118 698 1392 766 prophetis
1420 680 1723 751 Jerusalem
1774 697 1882 750 vidi
1933 697 2009 752 si-

447 786 806 838 militudinem
862 786 989 849 (sive
1050 786 1376 852 borrilvlia).
1425 786 1784 840 adulterium‘
1817 794 1871 839 et
1905 784 2010 839 iter

439 874 726 938 mendacii,
750 886 802 927 et
828 875 1269 928 confortaverunt
1324 893 1516 930 manus
1543 879 1924 946 pessimorum,
1954 885 2010 930 ut

441 981 544 1019 non
574 977 981 1019 converteretur
1008 967 1377 1035 unusquisque
1402 984 1432 1022 ιι
1467 969 1670 1022 maiitia
1697 984 1792 1022 sua
1823 970 1954 1040 (sive
1979 985 2008 1022 a

438 1060 524 1112 via
581 1075 674 1114 sua
714 1061 993 1132 pessima).
1054 1059 1202 1113 Facti
1236 1069 1364 1114 sunt
1422 1062 1556 1131 mihi
1611 1078 1803 1116 omnes
1853 1062 2011 1130 quasi

441 1151 712 1215 Sodoma,
750 1162 803 1205 ct
849 1152 1190 1207 habitatores
1246 1154 1364 1224 ejus
1420 1153 1572 1221 quasi
1624 1153 1948 1208 Gomorrha.
1987 1171 2004 1204 ι

441 1229 1047 1313 Νοητεοιυιη,’ἰιιιιιιῑι,
1095 1248 1148 1299 in
1201 1245 1583 1300 barreticorum
1636 1245 2013 1302 conciliabulis

445 1339 558 1390 haec
585 1347 798 1403 reperta
833 1348 962 1392 snnt
990 1338 1083 1399 sed
1115 1336 1168 1390 in
1221 1340 1507 1406 prophetis
1535 1353 1752 1408 quoque
1786 1337 2012 1393 Jerusa-

443 1426 570 1491 lem,
604 1426 656 1481 id
684 1437 789 1493 est,
833 1428 1151 1482 doctoribus
1183 1429 1389 1498 1001
1426 1429 1683 1484 Ecclesia:
1712 1429 1817 1483 vidi
1863 1430 2013 1484 simi-

443 1519 536 1580 lia,
568 1518 682 1577 sive
718 1519 1027 1585 horribilia,
1085 1520 1511 1575 adulterandum
1565 1521 1786 1574 verbum
1831 1521 1922 1574 Dei
1961 1531 2016 1576 ct

446 1611 868 1681 ingredientium
901 1627 998 1681 per
1025 1611 1169 1666 viam
1209 1612 1496 1675 mendacii,
1537 1623 1596 1665 ut
1634 1612 2012 1667 ha'rcticorum

444 1702 674 1757 fallaciis
705 1703 1137 1771 acquiescerent.
1185 1713 1239 1758 et
1269 1703 1640 1759 confortarent
1669 1719 1861 1757 manus
1898 1719 2017 1772 pes-

444 1795 732 1857 simorum,
765 1808 1067 1864 eorumque
1092 1797 1230 1849 mala
1275 1797 1392 1851 suis
1421 1797 1723 1853 sceleribus
1757 1799 2019 1869 adiunge—

445 1892 589 1946 rent,
619 1893 673 1938 et
708 1898 846 1951 quos
875 1886 1153 1952 corrigere
1190 1887 1519 1949 debuerant,
1555 1887 1816 1942 ducerent
1847 1889 1898 1941 in
1939 1888 2022 1942 iu-

445 1975 686 2031 teritum.
706 1974 808 2040 Qui
833 1975 933 2029 hoc
957 1974 1208 2040 iecerint,
1239 1992 1344 2030 non
1375 1993 1434 2030 se
1466 1977 1739 2032 mstiment
1787 1963 2028 2049 impuui-‘

449 2077 558 2120 tos.
599 2064 771 2122 Erunt
799 2067 942 2121 enim
975 2078 1027 2122 et
1063 2069 1163 2136 ipsi
1199 2079 1252 2122 et
1289 2069 1343 2122 hi
1375 2068 1570 2138 quibus
1630 2069 1833 2137 favent,
1868 2070 2021 2139 quasi

446 2159 702 2222 Sodoma,
753 2174 1050 2228 omnesque
1105 2160 1194 2229 qui
1254 2160 1575 2215 habitantur
1611 2176 1732 2214 cum
1765 2163 1870 2228 eis,
1923 2176 2023 2215 nec

449 2252 704 2304 recedent
736 2266 762 2302 a
799 2251 1015 2314 talibus,
1057 2251 1208 2319 quasi
1233 2250 1558 2306 Gomorrha.
1589 2251 1830 2308 Exsultet
1854 2254 2022 2323 igitur

446 2351 708 2408 quantum
745 2342 852 2396 vult
901 2344 1149 2398 doctrina
1194 2345 1454 2413 pessima,
1481 2356 1538 2400 et
1571 2345 1870 2416 glorientur
1899 2363 2024 2416 pro-

446 2437 622 2504 phetae
651 2432 950 2489 Jerusalem
973 2438 1115 2505 quod
1147 2438 1482 2493 obtinuerint
1522 2455 1620 2508 per
1649 2440 2019 2507 mendacium,

447 2533 500 2576 et
531 2523 962 2578 conlortaverint
998 2541 1191 2580 tuamts
1222 2528 1586 2596 pessimorum
1623 2544 1639 2583 :
1668 2528 1790 2584 linis
1835 2542 2020 2584 eorum

446 2615 551 2667 crit
577 2617 728 2684 quasi
769 2613 1002 2669 Sodoma
1037 2625 1090 2671 et
1119 2616 1449 2673 Gomorrha.

515 2704 698 2773 (νει-ε.
730 2704 843 2776 15.)
873 2724 890 2756 ι
913 2705 1205 2776 Propterea
1233 2708 1348 2762 hinc
1379 2709 1510 2763 dicit
1533 2708 1794 2764 Dominus
1816 2712 2025 2766 exerci-

446 2805 600 2850 tuum
633 2797 698 2850 ad
728 2796 1026 2866 Prophetas
1057 2815 1072 2853 z
1103 2799 1243 2854 Ecce
1268 2814 1366 2868 ego
1409 2800 1603 2856 cibabo
1633 2817 1727 2858 cos
1749 2805 2024 2858 absinthio

447 2890 575 2956 (sive
624 2890 920 2954 doloribus,
965 2899 1014 2942 et
1032 2891 1187 2958 juxta
1215 2890 1608 2962 Symmachum,
1636 2898 2023 2965 amaritudine)

446 2989 502 3034 et
529 2981 722 3048 potabo
743 2996 836 3037 eos
864 2981 983 3035 felle
1003 2985 1128 3052 (sive
1157 2999 1294 3050 aqua
1321 2987 1548 3056 amara),
1568 2988 1690 3055 quia
1711 3002 1926 3056 egressa
1945 3002 2026 3044 est

1597 312 1656 372 S.
1698 312 2013 373 EUSEBII
2083 317 2524 376 lllEllONYMl

1436 437 1545 475 non
1595 424 1741 476 enim
1796 423 2000 478 habent
2033 430 2076 486 Α
2106 428 2618 481 conruinationibus
2645 423 2959 478 terreatniui
3003 439 3016 477 :
3045 436 3147 487 pax
3180 418 3281 472 erit
3315 417 3468 472 vobis
3523 428 3690 484 Wl'"3

3578 299 3688 364 856

2115 520 2497 588 tranquillitas,
2525 530 2576 573 et
2601 515 2864 586 quidquid
2922 513 3156 566 dicimus
3185 520 3237 564 et
3298 507 3689 560 auutttttinutus

2111 613 2285 672 vobis,
2317 611 2531 665 locutus
2564 623 2646 663 est
2676 609 2937 663 Dominus
2967 622 2983 672 ;
3021 618 3120 656 nec
3149 603 3330 656 veniet
3383 615 3544 668 super
3583 612 3684 653 vos

2114 704 2337 771 malum,
2372 705 2515 772 quod
2537 703 2740 756 timetis
2781 701 2990 770 1002
3023 714 3118 764 pro
3147 697 3285 750 mala
3318 694 3689 758 conscientia;

2112 794 2211 847 sed
2233 774 2454 856 bonum,
2483 793 2625 861 quod
2658 792 2808 846 vobis
2827 792 3039 845 locutus
3071 799 3152 842 est
3191 787 3472 839 Dominus.

2189 904 2207 936 ι
2239 886 2371 950 Quis
2397 885 2540 940 enim
2581 884 2730 938 all'uit
2772 884 2826 936 in
2863 881 3090 937 consilio
3148 877 3396 940 Domini,
3439 885 3491 928 et
3529 873 3690 937 vidit,

2112 977 2384 1031 etaudivit
2411 990 2718 1030 sermonem
2750 975 2902 1044 ejus?
2927 973 3049 1042 quis
3077 967 3443 1024 consideravit
3465 966 3692 1018 verbum

2114 1066 2280 1124 illius.
2315 1077 2368 1120 et
2399 1065 2645 1119 audivit?
2685 1084 2701 1114 ι
2743 1063 2843 1118 Ubi
2866 1079 2966 1116 nos
2991 1057 3330 1126 interpretati
3356 1071 3563 1110 srunus.
3625 1054 3684 1105 in

2113 1157 2354 1224 consilio,
2392 1159 2520 1212 etin
2551 1157 2812 1212 llebraico
2829 1157 3089 1222 scriptum
3119 1163 3203 1208 est
3227 1167 3389 1206 BASOD
3425 1148 3639 1219 (110:1)
3676 1165 3692 1201 :

2113 1249 2328 1317 Aquila,
2387 1259 2642 1304 secretum
2683 1247 3111 1318 :Symmachus,
3159 1258 3452 1298 sermonem
3479 1257 3497 1294 :
3551 1240 3690 1306 Sep-

2116 1339 2354 1407 ιυπιςὶηιει
2401 1351 2455 1394 et
2489 1338 2809 1402 Thcodotio,
2841 1338 3222 1398 substantiam,
3257 1335 3372 1389 sive
3405 1332 3697 1386 subsisten—

2116 1428 2243 1480 tiam
2275 1426 2612 1496 interpretati
2638 1437 2784 1482 sunt.
2822 1425 2887 1480 Et
2909 1435 2992 1482 est
3017 1439 3212 1480 sensus
3251 1421 3472 1478 :Nolite
3504 1422 3698 1472 crede—

2117 1533 2241 1583 t'e,o
2271 1518 2459 1587 vulgus
2477 1519 2772 1584 imloctum,
2802 1517 3106 1589 prophetis,
3135 1515 3291 1570 vobis
3321 1514 3453 1566 falsa
3481 1526 3702 1565 annun-

2117 1609 2397 1674 tiautibus,
2429 1611 2521 1679 qui
2547 1608 2754 1673 dicunt,
2793 1609 2908 1663 haec
2938 1609 3153 1662 locutus
3183 1615 3264 1660 est
3285 1604 3697 1670 Dontinns.pax

2118 1705 2221 1756 erit
2264 1702 2456 1757 Vobis:
2498 1717 2604 1756 non
2665 1703 2852 1756 veniet
2903 1715 3071 1770 super
3126 1713 3220 1753 vos
3269 1697 3491 1750 malum.
3531 1694 3695 1750 Unde

2119 1794 2263 1848 enim
2291 1804 2515 1863 possunt
2539 1793 2628 1845 Dei
2667 1809 2827 1848 nosse
2853 1801 3086 1855 secreta,
3120 1798 3212 1843 aut
3233 1804 3342 1859 quo
3362 1788 3705 1841 annuntian-

2122 1891 2174 1935 te
2206 1881 2294 1934 Dei
2330 1883 2568 1938 didicere
2599 1883 2889 1939 consilium
2915 1880 3237 1951 ‘tquomodo
3269 1879 3331 1933 ad
3358 1893 3453 1932 eos
3495 1877 3704 1932 divinae

2120 1972 2493 2040 dispositionis
2554 1989 2736 2029 sernzo
2778 1973 3020 2043 pervenit
3052 1972 3074 2025 ?
3103 1968 3333 2038 Quidam
3383 1981 3702 2023 nostrorum

2121 2065 2172 2119 in
2198 2066 2303 2120 hoc
2330 2066 2450 2121 loco
2478 2065 2746 2138 reperisse
2775 2080 2835 2121 se
2866 2071 3081 2134 putant,
3105 2064 3193 2117 ubi
3225 2061 3318 2116 Dei
3351 2060 3702 2116 describatur

2121 2157 2448 2213 substantia.

2192 2247 2372 2318 (Vers.
2402 2249 2484 2314 l9,
2519 2248 2635 2316 ΞΟ.)
2677 2266 2695 2300 ι
2723 2247 2860 2302 Ecce
2891 2246 3050 2300 turbo
3075 2245 3199 2316 (sive
3249 2253 3580 2310 tempestas,
3639 2251 3698 2296 et

2120 2340 2460 2410 commodo)
2495 2340 2786 2394 Dominicae
2823 2338 3208 2408 indignationis
3231 2337 3568 2407 egredietur.
3633 2344 3695 2388 et

2125 2441 2418 2500 tempestas
2446 2445 2738 2499 erumpens
2765 2445 2929 2498 super
2959 2440 3122 2498 caput
3161 2429 3447 2498 impiorum
3473 2427 3687 2493 veniet,

2123 2532 2173 2576 et
2201 2539 2308 2577 non
2335 2532 2639 2576 revertetur
2665 2521 2818 2576 furor
2846 2521 3058 2576 Domini
3096 2535 3271 2591 usque
3323 2521 3448 2575 dum
3496 2522 3698 2583 faciat,

2124 2623 2176 2667 et
2217 2629 2386 2683 usque
2415 2615 2542 2667 dum
2573 2612 2850 2682 compleat
2883 2613 3240 2681 cogitationes
3273 2613 3459 2666 cordis
3485 2612 3594 2666 sui.
3631 2610 3700 2664 lu

2125 2704 2435 2758 novissimis
2493 2703 2685 2758 diebus
2752 2703 3065 2773 intelligetis
3136 2700 3433 2758 consilium
3475 2701 3615 2771 ejus.
3673 2718 3694 2754 ι

2124 2796 2223 2862 Qui
2254 2809 2417 2864 supra
2444 2795 2724 2851 dixerant:
2755 2795 2985 2848 Locutus
3009 2805 3084 2850 est
3110 2794 3258 2848 nobis
3283 2793 3569 2852 Dominus.
3594 2807 3706 2862 pax

2126 2889 2223 2942 erit
2268 2888 2429 2954 vobis,
2463 2897 2522 2943 et
2553 2902 2692 2957 quos
2752 2889 3096 2958 corripuerat
3130 2885 3274 2956 quod
3327 2901 3434 2940 non
3479 2894 3705 2954 possent

2129 2985 2352 3031 ventura
2378 2991 2727 3046 cognoscere,
2754 2991 2853 3031 nec
2883 2975 2973 3030 Dei
3007 2991 3164 3029 nosse
3188 2976 3535 3038 sententiam,
3559 2987 3708 3026 nunc

449 3089 480 3126 a
511 3073 788 3142 prOphetis
824 3072 1120 3128 JeruSalem
1158 3077 1380 3146 pollutio
1409 3078 1462 3130 in
1493 3093 1709 3134 omnem
1745 3091 1962 3136 terram.
1993 3098 2020 3137 ν
2049 3111 2092 3170 C
2131 3069 2370 3125 οδῑειιάῖι
2425 3085 2520 3139 Per
2559 3069 2854 3135 ουιιῑτδτίδν
2906 3084 3001 3123 e05
3054 3067 3278 3123 οιιιιιίηο
3340 3066 3576 3122 ηθδοίνθο
3601 3063 3708 3120 Pr“

447 3164 672 3221 Utamur
704 3165 806 3220 hoc
841 3167 1152 3220 testimonio
1178 3169 1466 3223 adversum
1500 3185 1613 3234 eos,
1645 3173 1732 3238 qui
1763 3174 2020 3242 epistolas

451 3258 642 3323 plenas
670 3259 1071 3312 mendaciorum
1109 3269 1163 3313 et
1203 3260 1576 3314 fraudulentth
1605 3271 1770 3332 atque
1796 3265 2018 3334 perjurii

450 3350 506 3403 in
539 3351 724 3404 orbem
752 3351 1011 3418 dirigunt,
1061 3365 1117 3404 ut
1145 3363 1196 3406 et
1233 3368 1392 3408 aures
1420 3353 1660 3421 polluant
1691 3357 2020 3412 audientium

449 3450 506 3496 et
535 3441 990 3496 existimationem
1019 3443 1343 3510 simplicium
1369 3445 1588 3506 hedaut,
1621 3449 1766 3515 quod
1798 3447 2022 3516 implea-

452 3549 540 3588 tur
580 3534 634 3588 in
673 3535 754 3588 eis
805 3534 905 3587 hoc
953 3535 1097 3604 quod
1161 3538 1422 3606 scriptum
1473 3549 1556 3590 est
1599 3555 1613 3594 :
1661 3539 1704 3592 Α
1759 3541 2022 3608 prophetis

449 3624 748 3680 Jerusalem
787 3635 862 3679 est
913 3643 1122 3695 egressa
1168 3627 1392 3693 pollutio
1449 3630 1500 3681 in
1561 3645 1764 3683 omnem
1799 3639 2017 3685 tetram.

447 3715 567 3772 Non
595 3718 741 3771 enim
770 3718 850 3772 eis
882 3718 1077 3772 sullicit
1105 3718 1450 3788 iniquitatem
1483 3723 1754 3789 propriam
1785 3723 2020 3777 devora-

450 3824 532 3874 re,
565 3819 620 3862 et
653 3810 927 3879 proximos
957 3809 1152 3864 Iazdere
1186 3827 1202 3867 :
1235 3812 1326 3865 sed
1362 3827 1498 3881 quos
1549 3814 1722 3868 semel
1763 3815 2018 3879 oderunt,

451 3916 549 3969 per
572 3901 881 3954 universum
904 3901 1088 3954 orbem
1124 3901 1388 3958 infamare
1425 3915 1717 3974 conantur,
1747 3915 1798 3960 et
1824 3908 2024 3976 ubique

452 3992 724 4047 seminare
761 3993 813 4046 bl
832 3993 1141 4062 uspbemias.

522 4083 702 4154 (Vers.
738 4084 818 4145 l6.
858 4085 968 4152 l7.)
1007 4101 1024 4134 ι
1067 4083 1193 4138 llaec
1223 4085 1353 4139 dicit
1386 4085 1644 4140 Dominus
1663 4089 2023 4145 exercituum:

449 4174 628 4231 Nolite
666 4176 854 4229 audire
879 4176 1042 4229 verba
1076 4177 1498 4244 prOpbctarum,
1548 4180 1637 4246 qui
1697 4181 2026 4249 prophetam

450 4267 629 4334 vobis,
660 4276 712 4320 et
736 4267 1009 4334 deripiunt
1037 4282 1164 4322 vos:
1189 4269 1454 4323 visionem
1480 4273 1661 4324 cordis
1691 4273 1771 4325 sui
1795 4273 2026 4341 loquun-

453 4365 563 4420 tur,
595 4365 650 4409 et
680 4357 877 4409 nonde
901 4371 994 4408 ore
1031 4353 1262 4409 Domini.
1301 4357 1497 4410 Dicunt
1535 4357 1729 4424 bisqui
1772 4358 2025 4427 blasphe-

2125 3178 2254 3232 pace
2270 3163 2411 3217 enim
2443 3172 2499 3217 et
2524 3165 2840 3230 securitate,
2872 3170 3253 3231 tempestatem
3277 3161 3489 3215 .veuire
3524 3157 3705 3230 Baby-

2125 3255 2348 3318 loniam,
2387 3264 2442 3308 et
2472 3255 2658 3310 venire
2685 3269 2788 3309 non
2843 3270 3009 3323 super
3041 3253 3340 3322 quoslibet,
3403 3252 3499 3305 sed
3540 3265 3707 3320 super

2122 3347 2298 3414 Capita
2346 3343 2659 3415 impiorum,
2693 3347 2775 3400 vel
2836 3345 3070 3398 universi
3125 3343 3331 3414 populi,
3384 3343 3470 3396 vel
3504 3357 3697 3396 eorum

2122 3437 2213 3506 qui
2250 3435 2386 3491 falsa
2418 3435 2614 3506 p0pulo
2654 3435 3000 3491 nuntiabant.
3033 3434 3144 3490 Nec
3181 3435 3324 3490 sicut
3360 3435 3411 3488 in
3443 3435 3696 3501 prseteri-

2125 3528 2194 3582 tis
2224 3527 2559 3596 temporibus
2582 3528 2675 3582 Dei
2699 3529 2832 3581 iram
2855 3527 3205 3595 furoremque
3231 3526 3581 3595 placandum,
3609 3522 3705 3578 sed

2123 3621 2264 3689 quod
2288 3621 2538 3690 praedixit
2567 3631 2620 3676 et
2643 3620 2944 3691 saepissime
2978 3622 3344 3674 comminatus
3374 3627 3458 3672 est
3479 3658 3494 3683 ,
3539 3631 3707 3684 opere

2123 3713 2524 3778 complendum,
2547 3722 2599 3767 et
2621 3713 3006 3783 cogitationem
3027 3711 3170 3766 illius
3196 3720 3356 3779 atque
3374 3711 3707 3764 sententiam

2123 3803 2411 3872 impiorum
2459 3803 2740 3874 suppliciis
2769 3803 3253 3872 comprobandum.
3303 3801 3465 3864 Cum,
3503 3800 3706 3870 inquit,

2123 3905 2426 3950 extremum
2477 3895 2807 3965 captivitatis
2849 3906 3063 3964 tempus
3114 3894 3426 3959 advenerit,
3475 3903 3529 3946 et
3563 3891 3708 3946 obtio

2126 3986 2306 4040 nuerit
2329 4003 2425 4042 vos
2455 3987 2627 4042 victor
2656 3985 2957 4052 exsultans,
2991 3995 3044 4041 et
3083 3999 3276 4038 utanus
3307 3984 3547 4038 stridore
3573 3983 3699 4036 vin-

2128 4079 2605 4132 xeritcatenarum
2643 4094 2658 4132 :
2711 4087 2843 4132 tunc
2872 4076 3189 4146 intelligetis
3239 4074 3527 4130 consilium
3560 4073 3707 4143 ejus,

2127 4171 2270 4240 quod
2303 4185 2398 4224 vos
2437 4159 2816 4224 fruStra‘nunc
2851 4169 2993 4224 scire
3018 4168 3260 4238 iactatis.

2204 4259 2383 4333 (Vers.
2419 4260 2510 4326 2|,
2545 4260 2660 4332 se.)
2695 4278 2714 4311 ι
2751 4259 2864 4314 Non
2921 4261 3201 4323 mittebam
3263 4258 3596 4329 prophetas,
3653 4265 3712 4309 et

2131 4354 2231 4422 ipsi
2301 4355 2593 4408 currebant
2633 4367 2786 4408 :uon
2855 4352 3117 4421 loquebar
3175 4356 3241 4405 ad
3289 4368 3381 4408 eos
3410 4395 3426 4419 ,
3473 4361 3528 4405 et
3596 4349 3708 4417 ipsi

454 4454 605 4499 mant
638 4462 723 4500 me
753 4447 880 4517 (sive
911 4447 1174 4516 abjiciuul
1205 4451 1427 4502 verbum
1455 4448 1683 4515 meum),
1708 4449 1916 4503 locutus
1943 4462 2024 4505 est
2059 4456 2101 4510 ι)
2133 4445 2551 4514 prophetahaut.
2579 4445 2635 4498 Si
2675 4445 2960 4500 stetissent
2982 4445 3037 4497 in
3066 4443 3292 4496 consilio
3324 4458 3467 4507 meo,
3497 4452 3550 4496 et
3576 4453 3707 4496 nota

457 4536 736 4602 Dominus,
767 4553 871 4607 pax
903 4538 1003 4590 erit
1032 4538 1204 4592 vobis.
1253 4537 1317 4592 Et
1355 4541 1498 4592 omni
1555 4541 1645 4609 qni
1682 4541 1925 4596 ambulat
1971 4543 2023 4596 iu

454 4627 722 4696 pravitate
754 4627 942 4682 cordis
967 4627 1070 4688 sui.
1104 4627 1360 4682 dixerunt
1391 4645 1404 4684 ;
1433 4645 1539 4682 non
1583 4630 1804 4683 venient
1859 4646 2025 4699 super

453 4735 554 4774 vos
593 4719 754 4773 mala.
788 4737 807 4771 ι
844 4719 919 4773 Nc
957 4729 1176 4788 putaret
1213 4736 1270 4775 se
1293 4722 1519 4790 populus
1547 4720 1780 4775 alienum
1833 4736 1957 4776 esse
1992 4738 2020 4775 a

453 4812 611 4881 culpa
640 4812 683 4867 si
722 4813 994 4881 perversis
1020 4813 1392 4880 acquiesceret
1421 4813 1742 4867 doctoribus
1770 4831 1783 4867 :
1818 4813 2021 4877 Nolite,

453 4904 648 4971 inquit,
675 4905 860 4957 audire
895 4907 1047 4958 rerlra
1085 4903 1487 4972 Prw/telarum,
1519 4907 1607 4975 qui
1637 4907 1772 4959 vobis
1796 4906 2021 4974 prop/te-

457 5002 575 5044 tant
619 4994 971 5051 mendacium.
1031 5006 1076 5046 et
1108 4995 1373 5063 decipiunt
1405 5011 1510 5046 vos.
1578 4994 1683 5048 Par
1713 4997 1859 5048 enim
1921 4997 2026 5050 crit

451 5099 614 5152 ruina
650 5093 702 5136 ct
729 5102 848 5153 mag
874 5095 987 5138 stto
1027 5096 1082 5138 et
1113 5086 1396 5154 discipulo.
1453 5086 1570 5139 Non
1604 5086 1899 5154 loquuntur
1956 5105 2020 5141 ex

451 5191 545 5229 ore
580 5174 809 5234 Domini.
841 5180 934 5229 sed
983 5193 1043 5230 ea
1081 5193 1198 5243 mue
1239 5179 1289 5229 in
1346 5194 1444 5231 suo
1482 5179 1646 5231 corde
1669 5180 2015 5233 sinutlarunt.

455 5264 650 5318 Dicunt
689 5265 772 5317 his
810 5268 901 5330 qui
931 5269 1311 5336 blaspltemant
1344 5286 1449 5331 me,
1474 5269 1742 5324 hrreticis
1770 5271 2026 5326 videlicet

457 5365 620 5425 atque
685 5359 998 5424 perversis,
1067 5361 1180 5410 sive
1237 5361 1328 5427 qui
1399 5361 1662 5430 abjiriunt
1718 5377 2025 5416 sermonem

452 5462 634 5501 meum
674 5465 687 5500 :
739 5449 866 5516 quid
916 5451 1165 5504 dicunt?
1202 5453 1428 5504 Locutus
1467 5469 1540 5507 est
1600 5455 1873 5517 Dominus,
1923 5471 2027 5523 pus:

455 5542 552 5593 erit
589 5538 749 5595 vobis.
801 5541 880 5593 Ne
913 5542 1147 5597 linteatis
1194 5545 1324 5596 dum
1381 5547 1675 5615 supplicia,
1728 5564 1824 5600 nec
1877 5550 2030 5601 vanis

2133 4534 2391 4590 fecissent
2415 4537 2577 4590 verba
2614 4551 2736 4590 mea
2766 4536 2961 4606 p0pulo
2991 4551 3131 4597 meo,
3156 4536 3471 4588 avertissent
3513 4535 3711 4602 utique

2132 4642 2228 4682 eos
2261 4643 2289 4680 a
2339 4629 2419 4679 via
2452 4642 2548 4681 sua
2587 4627 2745 4693 mala,
2799 4637 2853 4681 et
2892 4641 2919 4680 a
2979 4627 3239 4695 pessimis
3284 4625 3711 4696 cogitatiodiltns

2131 4721 2268 4774 Suis.
2314 4737 2332 4769 ι
2378 4719 2530 4772 llunc
2558 4734 2776 4772 sensum
2805 4729 2858 4773 et
2903 4718 3194 4786 Apostolus
3221 4719 3454 4786 explicat
3492 4717 3558 4768 ad
3596 4717 3712 4768 lto-

2133 4828 2323 4864 tuanos
2357 4829 2369 4864 :
2410 4810 2477 4863 Et
2510 4812 2643 4863 sicut
2679 4827 2783 4864 tum
2821 4811 3169 4878 probaverunt
3213 4809 3381 4863 Deum
3418 4809 3610 4862 habere
3655 4810 3710 4860 iu

2132 4905 2349 4968 notitia,
2377 4904 2603 4956 tradidit
2651 4920 2738 4956 eos
2785 4903 2921 4957 Deus
2971 4904 3024 4956 in
3054 4904 3330 4970 reprobum
3383 4917 3613 4959 sensum,
3651 4911 3711 4952 ut

2130 4998 2330 5062 faciant
2353 5013 2470 5067 qua:
2501 5012 2604 5050 non
2638 4997 2971 5059 conveniunt,
2995 4997 3213 5065 repletos
3237 4997 3377 5049 omni
3406 4993 3712 5060 iniquitate,

2131 5092 2364 5158 malitia,
2409 5093 2776 5160 fornicatione,
2806 5093 3059 5161 nequitia,
3081 5091 3305 5144 avaritia
3331 5089 3498 5158 (Rom.
3542 5104 3585 5152 ι,
3612 5088 3712 5152 28,

2128 5183 2246 5249 29),
2279 5191 2335 5236 et
2390 5183 2622 5238 cancris.
2670 5183 2804 5236 Cum
2847 5185 2990 5237 enim
3041 5181 3210 5236 semel
3270 5197 3329 5236 se
3382 5180 3716 5236 tradiderint

2130 5273 2247 5328 falsi
2284 5273 2543 5330 doctores
2567 5275 2864 5330 mendaciis
2890 5285 3051 5343 atque
3082 5274 3336 5343 perjuriis
3356 5283 3411 5327 et
3435 5272 3717 5326 mortibus

2131 5368 2504 5433 deceptorum,
2553 5382 2654 5421 non
2688 5369 3038 5436 pedetentim.
3078 5366 3288 5437 1003
3335 5380 3431 5420 nec
3455 5363 3715 5418 conside-

2135 5469 2250 5511 rato
2280 5460 2469 5525 gradu,
2499 5461 2592 5513 sed
2622 5462 2927 5528 pt'mcipites
2957 5473 3178 5511 currunt
3217 5459 3283 5512 ad
3334 5458 3612 5511 interitum
3657 5468 3716 5512 et

2135 5565 2290 5601 suum
2322 5561 2376 5602 et
2411 5566 2598 5603 eorum
2642 5569 2777 5621 quos
2824 5555 3155 5621 deceperint.
3190 5550 3300 5605 Nec
3347 5549 3583 5619 loquitur
3626 5553 3718 5606 cis

530 5721 549 5754 ⁸
579 5722 638 5778 lu
674 5741 780 5781 uno
822 5741 924 5781 ms.
959 5742 1020 5782 ac
1053 5743 1218 5799 penes
1257 5730 1564 5796 Rabanum,
1595 5746 1712 5785 cum
1760 5731 1961 5799 Vulgtt.
1987 5739 2037 5783 ct
2077 5730 2503 5802 Ilictonymiana
2538 5734 2795 5799 editione,
2834 5733 3265 5788 actuttemutimu.
3303 5731 3465 5788 Hebr.
