3950 6180
177 4666 202 4687 Ο

261 328 370 391 857

698 328 1194 392 COMMENTAR.
1247 329 1324 389 IN
1366 331 1768 394 JEIIEMIAM
1805 331 2268 396 PROPIIETAM
2327 335 2472 398 LIB.
2518 335 2617 407 IV,
2656 333 2811 395 CAP.
2841 329 3064 394 XXIII.

3434 332 3541 396 8'58

264 448 551 511 Dominus,
581 447 675 502 sed
704 447 804 515 ipsi
849 448 1145 518 loquuntur
1177 449 1330 518 quasi
1364 463 1431 501 ex
1473 448 1582 503 ore
1615 449 1850 514 Domini,
1884 457 1927 511 Α
1961 466 2046 504 eos
2103 451 2288 518 (Amos
2322 466 2396 514 ix,
2430 448 2484 515 Ξ,
2517 449 2611 515 ’5);
2651 463 2976 516 rursumque
3012 449 3063 501 in
3102 448 3363 516 superiori
3403 447 3550 502 Psal-

267 542 330 594 de.
362 540 558 606 quibus
591 548 645 592 et
680 541 876 594 dicitur
909 581 924 595 .
958 540 1018 594 Si
1059 543 1327 594 stetissent
1365 543 1417 595 in
1444 543 1670 595 consilio
1711 559 1846 609 meo,

269 633 375 688 hoc
401 641 506 698 est,
539 633 582 686 si
635 648 768 687 mea:
810 633 1119 688 voluissent
1167 635 1523 704 acquiescere
1559 635 1850 700 voluntati,

269 737 320 779 et
348 735 471 779 nota
508 727 767 781 fecissent
799 727 961 780 verba
1001 742 1117 779 mea
1148 729 1346 796 populo
1374 744 1513 791 meo,
1550 745 1658 783 non
1701 728 1853 782 blanv

270 817 483 871 dientes
517 817 597 870 eis
641 827 696 869 et
758 816 1074 872 adulatione
1123 820 1433 884 perdentes.
1469 829 1526 874 ut
1585 820 1854 886 dicerent,

270 926 378 964 non
411 911 624 964 habetis
645 918 898 978 peccata;
927 909 1221 980 perfectam
1245 911 1516 976 justitiam
1543 912 1852 980 possidetis;

270 1004 542 1060 sanctitas
563 1012 616 1057 et
640 1003 900 1071 pudicitia
931 1011 1096 1072 atque
1123 1003 1336 1072 justitia
1369 1007 1421 1059 in
1450 1006 1605 1061 vobis
1627 1015 1863 1060 tantum-

271 1091 436 1144 modo
469 1093 821 1158 reperinntur
862 1102 958 1146 :et
986 1106 1086 1163 ego
1116 1109 1221 1146 non
1259 1095 1604 1149 tiadidisscm
1658 1109 1754 1150 eos
1803 1096 1858 1148 in

271 1177 678 1234 immunditiam
717 1190 772 1234 et
803 1179 1184 1250 ignominiam,
1222 1193 1281 1237 ut
1328 1182 1576 1239 iacerent
1605 1200 1726 1255 quae
1755 1200 1862 1240 non

269 1272 628 1333 conveniunt,
658 1281 712 1326 et
746 1285 1109 1342 sequerentur
1137 1274 1499 1343 cOgitationes
1532 1291 1664 1332 suas
1695 1277 1867 1346 pessi-

273 1378 408 1418 mas.
471 1363 922 1434 Contemplemur
981 1366 1307 1433 liiereticos,
1371 1372 1646 1438 quomodo
1699 1370 1864 1425 semel

274 1456 633 1524 desperantes
674 1457 928 1524 salutem,
965 1460 1104 1529 gulae
1162 1476 1224 1514 se
1271 1461 1490 1516 tradant
1533 1473 1587 1517 et
1636 1464 1866 1529 deliciis,

272 1557 566 1602 vescantur
583 1549 842 1605 carnibus
863 1549 1175 1620 frequenter
1202 1550 1656 1626 [AlJ'requentes]
1674 1557 1872 1610 adeant

273 1638 532 1703 balneas;
579 1655 765 1696 musco
801 1643 1082 1711 ﬁagrent;
1111 1648 1404 1712 unguentis
1440 1649 1606 1700 variis
1640 1648 1865 1702 delibuti

275 1742 524 1799 quatraut
585 1747 873 1802 corporum
931 1735 1415 1803 pulchritudinem.
1481 1737 1662 1793 Semel
1721 1740 1863 1792 enim

1959 561 2046 596 nio
2084 563 2098 599 :
2136 543 2272 608 Quia
2311 545 2554 606 tenebrae,
2593 542 2689 608 ait,
2723 559 2824 596 non
2866 541 3291 594 obscurabuntur
3319 558 3347 592 a
3382 551 3469 602 te;
3499 548 3552 594 et

1957 653 2061 690 πολε
2096 639 2227 690 sicut
2260 638 2368 690 dies
2402 637 2792 689 illuminabitur
2821 650 2838 687 :
2865 635 3001 687 sicut
3039 633 3264 687 tenebrn:
3293 634 3433 701 ejus,
3469 634 3549 686 ita

1955 739 2006 782 et
2043 729 2218 782 lumen
2254 729 2368 799 ejus
2403 729 2577 798 (Psal.
2613 742 2876 789 CXXXVIII,
2915 724 3025 792 Η).
3063 721 3216 791 Quod
3269 735 3447 777 autem
3499 724 3554 777 in

1960 817 2246 889 Prophetis
2281 821 2477 874 crebro
2510 819 2730 881 dicitur,
2772 816 2896 871 Itwc
2944 816 3072 869 dicit
3115 815 3397 879 Dominus,
3429 829 3557 881 pro-

1961 923 2146 982 pterea
2209 927 2424 982 semper
2473 910 2730 974 infertur,
2798 924 2868 963 ne
2923 917 3345 963 contemnantur
3396 906 3550 975 quasi

1963 1006 2126 1060 verba
2163 1006 2579 1074 Prophetarum,
2627 1003 2722 1058 sed
2769 1004 3168 1056 admoneantur
3211 999 3416 1071 iugiter
3462 997 3555 1053 Dei

1962 1110 2086 1150 esse
2120 1110 2402 1148 sermones
2438 1108 2575 1163 quos
2608 1093 2921 1162 loquuntur.

2040 1186 2220 1260 (Vers.
2253 1186 2326 1239 9.5
2356 1185 2536 1254 seqq.)
2581 1203 2599 1235 ι
2641 1183 2834 1238 Audivi
2872 1198 2992 1253 qua:
3028 1183 3290 1238 dixerunt
3320 1179 3560 1252 prophe-

1973 1292 2038 1335 tae
2073 1281 2094 1311 ⁸
2136 1279 2528 1348 prophetantes
2572 1277 2625 1330 in
2673 1275 2894 1330 nomine
2931 1290 3050 1330 meo
3095 1275 3438 1330 mendacium
3470 1281 3560 1328 at-

1969 1389 2076 1443 que
2105 1371 2347 1426 dicentes
2372 1387 2386 1424 :
2413 1369 2690 1424 Somniavi
2715 1368 2841 1437 (sire
2859 1367 2964 1421 vidi
2999 1365 3320 1436 somnium).
3352 1366 3562 1436 Usque-

1969 1480 2078 1534 qno
2113 1463 2258 1517 istud
2297 1471 2380 1516 est
2427 1464 2479 1515 in
2524 1463 2688 1514 corde
2721 1458 2832 1531 [ΑΙ.
2869 1459 2923 1513 in
2951 1455 3236 1529 cordibus]
3269 1457 3563 1526 propheta-

1973 1548 2092 1611 rum
2144 1554 2558 1610 vaticinantium
2602 1552 2971 1615 mendacium,
3017 1559 3070 1604 et
3119 1550 3565 1620 pr0phetantium

1974 1649 2326 1704 seductiones
2357 1647 2487 1716 (sive
2519 1645 2827 1699 voluntates
2856 1643 3042 1698 cordis
3070 1643 3216 1712 sui)?
3246 1644 3348 1708 Qui
3379 1641 3567 1696 volunt

1975 1744 2106 1812 (sive
2135 1739 2402 1807 cogitant)
2435 1736 2617 1791 facere
2655 1745 2713 1790 ut
2747 1735 3107 1790 obliviscatur
3149 1734 3380 1804 populus
3412 1746 3565 1786 meus

275 1823 459 1878 futura
499 1841 606 1878 oon
637 1838 889 1894 sperant,
931 1844 1108 1898 neque
1141 1831 1372 1885 credunt
1403 1831 1455 1885 in
1508 1833 1867 1885 resurrectio-
1908 1801 1950 1858 Β
1983 1834 2222 1890 ιιοιιιὶιιῑε
2255 1833 2360 1887 mei
2401 1845 2414 1883 :
2449 1839 2673 1901 propter
2715 1829 2926 1884 somnia
2967 1842 3178 1889 eorum,
3215 1840 3334 1895 quae
3379 1835 3568 1880 narrat

281 1933 428 1972 nem.
481 1919 630 1984 Quod
664 1935 785 1974 cum
841 1937 1094 1976 sermone
1143 1939 1250 1977 non
1287 1925 1547 1993 pandant,
1579 1925 1871 1978 ostendunt

278 2010 560 2076 oneribus.
595 2010 651 2063 Si
685 2015 829 2064 enim
865 2013 1174 2080 crederent,
1209 2014 1310 2068 ista
1365 2031 1470 2067 non
1499 2013 1762 2068 facerent.
1809 2015 1873 2068 Et

285 2101 340 2155 in
377 2107 475 2155 hoc
514 2103 633 2158 loco
669 2103 757 2155 ubi
784 2103 1048 2173 scriptum
1078 2115 1160 2160 est
1194 2121 1210 2162 :
1242 2105 1298 2159 Si
1330 2109 1594 2160 stetissent
1634 2107 1688 2160 in
1739 2123 1864 2159 con-

281 2195 404 2249 siiio
435 2212 570 2257 meo,
602 2196 819 2265 Aquila,
851 2207 906 2250 et
935 2196 1315 2266 Symmachus,
1364 2207 1419 2250 et
1450 2196 1781 2264 Theodotio,
1815 2208 1870 2254 et

285 2287 664 2356 Septuaginta,
700 2302 756 2342 ut
778 2304 938 2358 supra
980 2291 1232 2344 similiter
1257 2291 1677 2346 trans-tulerunt.

360 2378 538 2448 (γυνθ.
569 2380 662 2444 25,
685 2379 801 2448 '24.)
854 2398 872 2430 i
910 2378 1187 2449 Numquid
1219 2379 1407 2452 [γυιρ.
1440 2381 1700 2454 Putasne]
1736 2381 1877 2436 Deus

285 2487 318 2524 e
351 2472 526 2523 vicino
564 2485 665 2540 ego
699 2487 842 2535 sum,
877 2472 1012 2525 dicit
1058 2471 1343 2538 Dominus,
1378 2484 1432 2526 et
1477 2488 1583 2527 non
1631 2474 1773 2528 Deus
1810 2475 1876 2528 de

286 2562 488 2630 longe?
528 2561 583 2616 Si
626 2563 993 2618 occultabitur
1037 2565 1121 2617 vir
1163 2563 1218 2617 in
1267 2565 1636 2630 absmuditis,
1684 2577 1739 2620 et
1778 2581 1877 2634 ego

289 2666 398 2704 non
452 2651 641 2708 videbo
694 2652 856 2707 eum?
911 2653 1050 2708 Dicit
1107 2652 1392 2722 Dominus.
1437 2652 1710 2724 Numquid
1767 2671 1876 2710 non

291 2746 492 2798 cwlum
549 2756 604 2800 et
651 2753 853 2802 terram
906 2761 1006 2816 ego
1058 2747 1291 2816 impleo?
1336 2748 1469 2802 dicit
1521 2748 1802 2803 Dominus.
1855 2768 1874 2801 ι

293 2833 437 2890 LXX
471 2853 485 2888 :
528 2854 545 2886 ι
583 2834 727 2888 Deus
772 2835 1220 2906 appropinquans
1267 2851 1388 2905 ego,
1423 2837 1554 2891 dicit
1593 2836 1876 2900 Dominus,

292 2939 348 2984 et
395 2945 503 2982 non
557 2928 698 2982 Dens
749 2928 819 2982 de
865 2927 1044 2998 longe.
1098 2929 1155 2983 Si
1199 2929 1569 2983 abscondetur
1613 2929 1777 2983 homo
1825 2929 1878 2982 in

293 3021 653 3085 absconditis,
676 3030 730 3075 et
750 3036 850 3091 ego
876 3037 984 3076 non
1017 3021 1211 3077 videbo
1235 3039 1358 3077 cum
1381 3023 1563 3092 {dicit
1589 3021 1879 3086 Dominus;

1980 1925 2359 1996 unusquisque
2393 1923 2461 1978 ad
2494 1922 2802 1991 proximum
2852 1936 3040 1986 suum;
3074 1921 3215 1974 sicut
3247 1917 3400 1973 obliti
3438 1928 3564 1973 sunt

1977 2030 2161 2089 patres
2207 2031 2399 2070 eorum
2457 2013 2696 2069 nominis
2746 2013 2852 2066 mei
2899 2022 3121 2082 propter
3169 2011 3295 2064 Baal
3339 2013 3468 2079 (sive
3510 2013 3564 2066 in

1978 2111 2152 2180 Βωι).
2190 2127 2210 2162 s
2250 2109 2386 2174 Quia
2423 2109 2673 2178 superior
2711 2105 2900 2159 titulus
2931 2115 3116 2158 contra
3157 2103 3438 2173 prophetas
3466 2113 3566 2167 est,

1980 2207 2095 2259 sive
2126 2203 2194 2256 ad
2226 2203 2535 2271 prophetas,
2566 2213 2704 2267 quos
2751 2197 3036 2266 perspicue
3065 2197 3573 2266 pseudoprophetis

1981 2297 2338 2362 intelliginms
2367 2295 2519 2364 (sunt
2546 2303 2725 2346 autem
2753 2292 2919 2343 multa
2948 2305 3146 2358 genera
3172 2287 3565 2356 prOphclandi:

1980 2406 2210 2460 quorum
2259 2402 2424 2439 unum
2470 2394 2557 2461 est
2603 2383 2963 2447 sonmiorum,
3002 2380 3162 2448 quale
3214 2379 3318 2434 fuit
3364 2379 3416 2434 in
3461 2379 3567 2432 Da-

1982 2484 2176 2552 niele),
2212 2481 2419 2535 ideirco
2452 2487 2507 2533 et
2550 2475 2618 2530 ad
2663 2491 2757 2530 eos
2803 2472 3141 2544 proplietalis
3172 2485 3351 2525 sermo
3383 2470 3572 2539 dirigi-

1983 2589 2094 2636 tur,
2131 2575 2224 2642 qui
2275 2571 2508 2627 credunt
2553 2567 2804 2631 somniis,
2838 2574 2893 2618 et
2927 2563 3111 2617 omnia
3156 2579 3278 2632 qlia:
3321 2577 3570 2624 ceruum,

1986 2675 2178 2737 putant
2234 2662 2620 2718 revelationem
2653 2673 2795 2713 esse
2848 2656 3126 2720 divinam,
3181 2669 3301 2724 qua:
3351 2655 3571 2723 proprie

1983 2759 2192 2814 Sanctis
2241 2767 2296 2811 et
2346 2755 2521 2810 servis
2571 2750 2666 2806 Dci
2719 2752 2983 2820 aperitur.
3031 2747 3187 2814 Quod
3239 2747 3286 2802 si
3338 2747 3572 2813 legimus

1984 2850 2202 2904 Ptiarao
2251 2846 2406 2919 (Gen.
2461 2847 2572 2914 XLI)
2621 2853 2678 2898 et
2729 2841 3240 2896 Nabuchodonosor
3291 2837 3456 2910 (Dan.
3509 2836 3573 2905 It)

1986 2945 2185 3013 impios
2241 2957 2396 3010 reges
2443 2939 2648 2993 vidisse
2699 2937 2910 2992 somnia
2964 2951 3086 3004 qua:
3136 2949 3262 2988 vera
3313 2933 3512 2986 fuerim
3553 2967 3572 2992 .

1989 3054 2095 3092 non
2142 3050 2333 3092 eorum
2384 3033 2484 3088 fuit
2535 3030 2714 3086 meriti
2772 3029 2866 3098 qui
2914 3027 3204 3092 viderunt;
3239 3025 3333 3079 scd
3383 3036 3440 3077 nt
3482 3037 3581 3093 per

294 3116 560 3184 numquid
590 3117 607 3147 ί
647 3132 753 3170 non
785 3115 1006 3181 caelum,
1037 3128 1092 3171 et
1119 3125 1322 3171 terram
1345 3131 1445 3186 ego
1477 3116 1718 3186 impleo?
1753 3116 1884 3170 dicit
1907 3149 1956 3207 ο
1988 3145 2175 3185 eorum
2225 3129 2575 3180 occasionem
2627 3119 2802 3176 sancti
2848 3118 2949 3172 viri
2993 3115 3193 3184 Joseph
3216 3155 3232 3180 ,
3285 3114 3582 3182 Danielqne

295 3209 582 3264 Dominus.
623 3226 643 3260 ι
683 3209 879 3278 Aquila
914 3217 970 3262 et
1004 3209 1368 3279 Symmachus
1413 3208 1663 3279 similiter
1707 3209 1874 3262 inter-

293 3303 490 3372 pretati
525 3310 652 3355 sunt
681 3318 696 3356 :
732 3298 1004 3370 Numquid
1046 3299 1184 3353 Deus
1219 3298 1284 3351 de
1303 3301 1622 3368 propinquo,
1658 3297 1774 3352 sive
1814 3298 1879 3349 de

293 3395 464 3446 uicino
501 3409 594 3461 ego
627 3409 768 3456 sum,
801 3403 848 3445 et
892 3407 993 3445 non
1030 3391 1169 3444 Deus
1203 3391 1265 3444 de
1297 3390 1491 3458 longe?
1523 3388 1876 3460 Sethaginta

293 3499 428 3539 vero
450 3495 501 3538 et
535 3485 837 3538 Theodotio
865 3498 1031 3537 sensu
1067 3491 1279 3536 vertere
1310 3483 1610 3547 contrario,
1645 3492 1702 3535 ut
1731 3481 1882 3536 dice-

305 3585 426 3628 rent
465 3591 480 3628 :
523 3574 662 3628 Deus
711 3578 1142 3643 appropinquans
1190 3591 1303 3643 ego,
1344 3575 1472 3627 dicit
1520 3573 1799 3639 Dominus,
1834 3583 1882 3626 et

302 3683 411 3722 non
444 3667 582 3721 Deus
626 3669 689 3722 de
739 3668 906 3737 longe.
939 3667 1093 3734 Quod
1133 3668 1343 3724 scilicet
1383 3666 1695 3734 superiores
1731 3682 1883 3720 asse-

302 3771 429 3815 rant
459 3761 624 3816 Deum
661 3776 769 3815 non
801 3770 1011 3815 tantum
1041 3761 1245 3826 vicina,
1276 3759 1373 3816 sed
1404 3770 1460 3816 et
1484 3776 1546 3816 ea
1579 3774 1700 3830 quae
1732 3759 1887 3824 longe

300 3865 435 3911 sunt
477 3869 844 3923 cognoscere;
883 3869 984 3909 nec
1031 3856 1344 3924 praesentia,
1385 3854 1480 3910 sed
1525 3852 1703 3908 futura
1750 3867 1887 3907 con-

303 3947 538 4014 δνίοετθ.
569 3945 663 4000 Isti
699 3961 830 4000 vero
862 3946 1064 4016 ubique
1099 3945 1264 4001 Demu
1298 3948 1577 4001 aestimant
1604 3959 1724 3999 esse
1755 3959 1891 4014 pra:-

303 4051 537 4105 sentem,
563 4056 662 4094 nec
688 4041 925 4110 aliquem
951 4056 1072 4095 esse
1099 4041 1274 4094 locum
1304 4040 1392 4094 ubi
1421 4055 1527 4094 non
1555 4039 1700 4094 adsit
1726 4037 1888 4092 Dens.

305 4133 572 4188 Omnibus
616 4133 761 4186 enim
811 4143 866 4188 et
920 4133 1192 4202 praecipue
1241 4132 1447 4187 sanctis
1489 4132 1894 4202 appropinquat

317 4225 496 4288 Deus,
547 4225 820 4294 quomodo
875 4228 921 4280 si
976 4227 1364 4280 vestimentum
1423 4223 1699 4278 adhaereat
1755 4224 1891 4277 cuti.

317 4315 642 4373 Peccatores
667 4329 849 4372 autem
880 4321 1037 4386 longe
1067 4317 1383 4372 recedentes
1409 4317 1478 4370 ab
1504 4332 1592 4380 eo,
1617 4315 1892 4385 peribunt.

318 4414 476 4468 Ilunc
508 4429 722 4466 sensum
756 4422 810 4466 ct
840 4413 890 4465 in
918 4411 1144 4482 psalmis
1171 4409 1404 4476 legimus
1433 4427 1449 4463 :
1480 4407 1596 4473 Quo
1625 4407 1710 4460 ibo
1729 4425 1761 4460 a
1791 4408 1898 4475 spi-

1986 3227 2374 3286 clarescerent,
2410 3230 2464 3274 et
2502 3221 2637 3272 dura
2676 3215 2841 3270 corda
2881 3223 3048 3274 atque
3097 3207 3448 3266 indomabilia
3484 3218 3580 3277 ty-

1988 3330 2282 3370 rannorum
2347 3312 2566 3383 propria
2630 3308 2964 3364 conscientia
3025 3310 3297 3358 sentirent
3357 3295 3578 3352 Domini

1989 3410 2358 3480 tltajestatetn.
2417 3403 2557 3468 Sunt
2615 3401 2777 3455 hodie
2829 3412 3046 3466 quoque
3099 3394 3468 3450 somniatores
3521 3390 3580 3444 in

1992 3503 2256 3563 Ecclesia,
2295 3508 2349 3552 et
2398 3496 2634 3551 maxime
2680 3493 2734 3545 in
2786 3499 2976 3545 nostro
3015 3501 3198 3557 grege,
3232 3485 3322 3554 qui
3365 3496 3586 3537 errores

1992 3611 2123 3652 suos
2169 3589 2380 3648 Domini
2429 3593 2645 3657 jactant
2697 3579 3064 3654 prophetiam,
3099 3586 3156 3632 et
3197 3575 3390 3630 crebro
3429 3573 3581 3641 inge-

1995 3697 2122 3742 runt
2163 3684 2418 3740 somniavi
2449 3683 2491 3744 ³,
2531 3677 2831 3733 somniavi;
2877 3687 3016 3742 quos
3051 3668 3278 3738 corripit
3319 3664 3590 3720 Dominus

1998 3781 2182 3836 dicens
2213 3795 2226 3832 :
2264 3775 2540 3845 Usquequo
2584 3770 2728 3824 istud
2760 3776 2836 3822 est
2869 3766 2926 3818 in
2957 3763 3111 3817 corde
3129 3757 3585 3830 prophetamium,

1999 3875 2399 3932 uaticinantium
2460 3865 2818 3928 mendacium,
2861 3871 2909 3914 et
2955 3855 3377 3928 prop/tetantinm
3425 3851 3586 3905 sedu-

1998 3969 2196 4023 ctiones
2232 3961 2548 4018 cordissui?
2578 3956 2691 4012 lloc
2723 3963 2902 4009 autem
2940 3951 3170 4016 iaciunt,
3201 3955 3261 4001 ut
3299 3943 3576 4014 quomodo

2001 4062 2268 4129 antiquus
2302 4053 2554 4125 populus,
2583 4050 2672 4122 qni
2703 4049 2771 4103 de
2803 4045 3036 4115 )Egyplo
3064 4052 3340 4109 egressus,
3373 4032 3593 4129 1005

2001 4123 2204 4205 oblitus
2250 4123 2335 4202 est
2376 4123 2620 4200 hominis
2665 4138 2762 4193 Dei
2809 4134 2920 4208 [ΑΙ.
2955 4131 3115 4203 inci];
3157 4130 3236 4183 sic
3279 4134 3334 4180 et
3382 4123 3592 4192 posteri

2004 4257 2194 4298 eorum
2228 4238 2626 4293 obliviscantur
2658 4232 2788 4287 mei.
2827 4223 3212 4296 llujuscemodi
3245 4231 3424 4274 autem
3460 4229 3589 4286 pro-

2005 4335 2254 4406 phetatio
2288 4348 2395 4386 non
2425 4340 2509 4384 est
2541 4329 2592 4381 in
2631 4324 2849 4380 nomine
2875 4318 3114 4383 Domini,
3147 4317 3240 4370 sed
3281 4313 3335 4367 in
3367 4308 3596 4367 nomine

2008 4399 2160 4491 Daal,
2208 4421 2353 4490 quod
2409 4416 2628 4490 pmprie
2679 4413 2882 4468 idolum
2935 4406 3280 4463 Sidoniorum
3331 4412 3438 4471 est,
3476 4399 3598 4453 sive

320 4509 428 4560 ritu
458 4519 570 4569 tuo,
601 4516 650 4558 et
680 4522 711 4556 a
742 4504 876 4574 [acie
906 4517 996 4558 tua
1030 4520 1131 4574 quo
1168 4503 1414 4573 fugiam?
1445 4501 1501 4557 Si
1533 4502 1813 4555 ascendere
1843 4502 1898 4554 in
1933 4509 1974 4564 ο
2009 4515 2390 4586 Babylonium,
2419 4519 2475 4566 ει
2508 4509 2689 4563 vicino
2723 4505 2943 4558 nomine
2977 4498 3282 4570 appellatur
3310 4496 3429 4552 Bel.

323 4600 536 4671 1004
573 4600 780 4665 caelum,
817 4609 871 4652 tu
918 4601 1028 4653 illic
1071 4614 1125 4653 es
1156 4614 1174 4652 .‘
1206 4598 1251 4650 si
1286 4597 1600 4652 descendere
1634 4596 1704 4648 ad
1733 4595 1898 4664 infer-

315 4712 464 4756 num,
494 4704 548 4745 tu
581 4700 726 4745 ades.
761 4689 818 4745 Si
851 4706 1120 4757 sumpsero
1146 4705 1347 4759 pennas
1388 4705 1530 4740 ineas
1559 4688 1820 4751 diluculo,
1853 4695 1901 4738 et

318 4789 619 4842 Imbiturero
667 4787 722 4839 in
765 4786 1011 4838 extremis
1057 4786 1220 4836 maris
1255 4797 1274 4834 :
1309 4785 1501 4836 etenim
1545 4782 1672 4834 illuc
1711 4797 1902 4834 manus

321 4891 412 4936 tua
450 4882 668 4934 deducet
720 4895 820 4942 me,
859 4890 906 4932 et
956 4879 1147 4932 tenebit
1202 4894 1280 4930 me
1329 4876 1546 4930 dextera
1596 4885 1691 4928 tua
1731 4874 1901 4942 (Psal.

321 4992 586 5040 cuium,
628 4974 769 5042 7-9).
808 4977 972 5028 Amos
1019 4987 1241 5046 quoque
1297 4973 1348 5024 in
1399 4973 1511 5024 haec
1564 4973 1725 5024 verba
1768 4986 1906 5026 con-

321 5071 512 5133 sentit,
547 5069 731 5122 dicens
766 5084 780 5123 :
820 5067 878 5121 Si
920 5067 1282 5119 descenderint
1317 5079 1478 5134 usque
1511 5065 1580 5115 ad
1619 5063 1904 5130 infernum,

322 5165 445 5217 inde
471 5179 656 5215 manus
693 5179 806 5214 mea
843 5161 952 5233 [AL
985 5160 1099 5230 tua]
1130 5161 1312 5212 educet
1343 5175 1465 5222 eos;
1503 5166 1550 5208 et
1576 5158 1622 5208 si
1653 5155 1907 5208 ascende-

326 5259 432 5310 rint
465 5254 720 5322 usquead
753 5253 962 5314 coelum,
990 5254 1112 5305 inde
1149 5251 1424 5305 detraham
1462 5266 1573 5303 eos.
1607 5246 1674 5300 Et
1703 5248 1747 5299 si
1784 5246 1910 5299 abs-

328 5349 529 5402 conditi
584 5347 781 5416 fuerint
833 5349 888 5398 in
939 5348 1126 5398 rertice
1177 5341 1446 5406 Carmeli,
1496 5340 1616 5392 inde
1665 5348 1910 5392 scrutatis

325 5441 572 5509 auferam
619 5457 726 5492 eos.
769 5437 836 5491 Et
880 5440 924 5492 si
973 5439 1255 5490 celaverint
1296 5452 1349 5488 se
1385 5436 1451 5486 ab
1489 5432 1657 5486 oculis
1696 5431 1824 5485 meis
1856 5433 1911 5483 in

325 5535 592 5605 profundo
641 5536 827 5594 maris,
871 5531 942 5585 ibi
991 5529 1255 5582 mandabo
1295 5528 1523 5594 serpenti
1567 5536 1614 5578 et
1658 5525 1912 5577 mordebit

400 5673 416 5703 ¹
463 5671 615 5724 Ilnnc
662 5669 1028 5727 versiculum,
1069 5665 1342 5730 Numquid
1393 5680 1494 5715 non
1523 5661 1742 5722 (telum,
1783 5672 1912 5725 ctc.,

328 5749 586 5810 supplent
624 5757 754 5792 mss.
796 5742 991 5810 nostri.

405 5802 627 5868 {Verba
659 5815 844 5866 iatbacc
880 5809 1087 5880 priora,
1121 5805 1314 5859 Audivi
1352 5822 1467 5874 quia
1502 5803 1744 5857 dixerunt
1784 5802 1915 5854 Pro-

2081 4607 2256 4680 (Vers.
2281 4604 2374 4668 28,
2401 4603 2516 4670 29.)
2545 4597 2840 4668 «Propheta
2859 4594 2950 4665 qui
2970 4593 3132 4648 habet
3150 4589 3439 4646 somnium.
3470 4602 3598 4641 nar-

2010 4697 2375 4758 retsomnium
2397 4703 2450 4749 et
2468 4690 2558 4762 qui
2593 4690 2758 4744 habet
2783 4700 3088 4742 sermonem
3122 4697 3322 4746 meum,
3343 4681 3600 4748 loquatur

2005 4808 2313 4852 sermonem
2351 4801 2531 4843 meum
2550 4799 2696 4839 vere.
2714 4779 2853 4848 Quid
2877 4779 3044 4850 paleis
3060 4776 3126 4830 ad
3163 4771 3444 4829 triticum?
3465 4771 3599 4825 dicit

2012 4885 2292 4938 Dominus.
2323 4875 2597 4946 Numquid
2631 4887 2736 4928 non
2770 4874 2932 4924 verba
2967 4882 3084 4922 mea
3104 4874 3231 4920 sunt
3261 4863 3404 4920 sicut
3436 4862 3598 4931 ignis,

2009 4971 2140 5026 dicit
2177 4969 2463 5031 Dominus,
2490 4974 2544 5019 ct
2572 4961 2727 5034 quasi
2763 4959 2989 5014 malleus
3020 4955 3150 5024 (sive
3171 4953 3381 5010 securis
3399 4963 3593 5007 conte-

2011 5077 2139 5117 rens
2170 5058 2437 5130 petram)?
2472 5075 2490 5108 ο
2523 5055 2724 5111 Eorum
2747 5061 2831 5105 est
2853 5062 3126 5117 exponere
3165 5045 3438 5101 somnium
3492 5045 3588 5112 qui

2015 5154 2106 5208 Dei
2134 5162 2412 5206 merentur
2435 5148 2633 5201 habere
2657 5155 2983 5204 sermonem,
3012 5146 3067 5192 et
3101 5139 3280 5192 dicere
3305 5151 3322 5192 :
3357 5133 3484 5190 ιιωε
3507 5137 3593 5188 di-

2013 5257 2081 5299 cit
2121 5243 2412 5306 Dominus;
2446 5237 2643 5308 quibus
2664 5235 2875 5288 locutus
2895 5242 2970 5285 est
2999 5228 3282 5291 Dominus,
3319 5227 3372 5282 in
3397 5227 3598 5296 quibus

2015 5338 2220 5392 veritas
2251 5346 2356 5400 est,
2389 5343 2444 5386 et
2473 5345 2579 5384 non
2619 5325 2958 5382 mendacium
2991 5321 3418 5376 fraudulentum.
3455 5319 3599 5385 Quid

2017 5429 2120 5483 sibi
2163 5428 2347 5478 volunt.
2387 5421 2768 5477 hazrcticorum
2805 5415 2971 5485 palea:
3011 5417 3078 5467 ad
3126 5413 3366 5466 triticum
3407 5408 3599 5464 Eccle-

2018 5521 2152 5576 sim?
2207 5520 2275 5572 dc
2328 5531 2438 5585 quo
2493 5512 2736 5568 Joannes
2791 5507 3030 5576 Βανιὶδιει
3095 5505 3305 5575 plenius
3364 5503 3605 5574 loquitur

2021 5659 2209 5728 νήσων,
2241 5657 2291 5707 in
2331 5654 2560 5706 Cisterc.
2601 5665 2702 5701 ins.
2741 5654 3035 5726 t-itnsunl.
3073 5714 3080 5721 .

2094 5731 2111 5758 ³
2148 5729 2290 5781 luem
2329 5727 2582 5784 UialtJI'C.,
2621 5719 2878 5772 somniavi
2915 5719 3142 5768 scutata.
