3966 6176
411 288 513 353 853

1574 296 1636 358 S.
1674 294 1986 356 E'USElill
2046 293 2489 357 lllERiJNYMl

3559 294 3585 352 ξ
3597 291 3681 353 f0"

405 411 627 478 (Matth.
670 411 776 481 ιιι),
812 415 957 484 quod
1010 424 1203 485 purget
1256 414 1521 471 Dominus
1574 432 1756 472 aream
1807 433 1983 482 suam,
2015 415 2065 476 Α
2094 428 2254 485 atque
2291 418 2591 472 terroribus
2623 415 2776 479 suis),
2812 430 2930 468 cum
2964 427 3061 482 ego
3098 428 3204 466 non
3242 411 3509 465 misissem
3542 428 3657 475 eos,

402 510 461 554 ct’
488 502 787 558 ventilabro
826 504 1013 573 paleas
1052 515 1333 560 ventorum
1366 507 1381 537 ¹
1415 505 1630 561 ﬂatibus
1665 508 1975 577 diSpergen-

404 592 528 657 das,
560 594 901 664 urendasque
936 595 1153 663 ignibus
1187 598 1522 667 derelinquat
1554 617 1566 651 :
1605 599 1849 653 triticum
1884 615 1979 653 au-

405 692 512 738 tem
558 686 755 740 condat
798 686 852 739 in
897 688 1117 754 horrea,
1160 700 1215 743 ut
1267 688 1358 743 fiat
1410 690 1648 746 cmlestis
1687 693 1878 761 panis;
1926 700 1979 745 et

403 774 658 845 loquatur
704 778 1079 847 unusquisque
1118 781 1451 835 credentium
1493 799 1507 836 :
1550 782 1775 837 Custote
1812 792 1862 837 et
1904 784 1979 836 vi-

402 863 540 931 dete,
572 868 819 935 quoniam
853 870 1029 922 suavis
1059 880 1135 923 est
1170 870 1427 925 Dominus
1461 871 1635 942 (Psal.
1670 888 1865 939 xxxut,
1898 874 1976 942 9).

403 954 471 1008 Et
516 957 741 1025 pulchre
790 960 1039 1015 doctrina
1086 976 1343 1028 perversa
1398 964 1567 1033 paleis
1607 976 1976 1034 comparatur,

404 1062 525 1117 qua:
570 1050 859 1104 medullam
908 1069 1016 1107 non
1066 1054 1299 1118 habent,
1353 1072 1451 1111 nec
1495 1067 1723 1127 possunt
1775 1060 1981 1113 nutrire

406 1139 746 1195 credentium
785 1145 1036 1214 populos,
1076 1148 1169 1202 sed
1210 1150 1275 1201 de
1316 1148 1568 1203 inanibus
1604 1151 1817 1220 stipulis
1849 1165 1979 1205 con-

405 1236 676 1284 teruntur.
713 1230 780 1286 Et
814 1234 939 1303 quia
972 1235 1147 1290 solent
1179 1239 1416 1292 haeretici
1467 1255 1682 1309 semper
1720 1256 1977 1310 prospera

405 1320 669 1387 polliceri,
702 1331 756 1375 et
786 1325 1051 1379 caelorum
1095 1343 1255 1397 regna
1290 1332 1667 1398 peccatoribus
1700 1334 1976 1400 pandere:

408 1420 468 1462 ut
499 1410 702 1479 dicant,
741 1426 923 1482 parata
965 1427 1092 1470 sunt
1147 1419 1241 1472 tibi
1296 1435 1459 1487 regna
1506 1423 1790 1487 cmlorum,
1826 1433 1979 1492 potes

408 1502 611 1558 imitari
660 1507 999 1575 majestatem
1055 1509 1184 1576 Dei,
1242 1523 1298 1565 ut
1347 1515 1553 1583 absque
1595 1527 1814 1583 peccato
1863 1519 1975 1583 sis;

409 1597 663 1663 accepisti
713 1600 855 1652 enim
904 1601 1059 1657 liberi
1110 1605 1324 1659 arbitrii
1376 1592 1717 1675 potestatem,
1752 1618 1805 1661 et
1850 1609 1978 1678 legis

405 1688 711 1755 scientiam,
752 1706 850 1761 per
894 1708 1055 1762 quam
1105 1709 1459 1766 consequaris
1514 1701 1653 1768 quod
1700 1700 1975 1769 volueris;

406 1779 793 1851 decipiantque
823 1784 1099 1840 blanditiis
1133 1790 1381 1854 miseros,
1412 1800 1465 1844 et
1497 1793 1729 1846 maxime
1759 1794 1979 1847 mulier-
2015 1769 2057 1824 Β

405 1873 558 1926 culas
586 1883 841 1931 oneratas
877 1878 1135 1944 peccatis,
1165 1894 1287 1948 qua:
1332 1880 1792 1936 circumferuntur
1828 1884 1975 1938 oumi

403 1972 569 2015 vento
620 1963 885 2018 doctrina:
942 1965 1152 2035 (Ep/res.
1205 1970 1304 2042 tv),
1350 1985 1564 2041 semper
1609 1974 1877 2028 discentes
1923 1984 1979 2028 et

407 2068 701 2121 numquam
741 2055 807 2109 ad
854 2056 1139 2111 scientiam
1179 2062 1424 2116 veritatis
1463 2064 1879 2131 pervenientes,
1924 2074 1976 2118 et

402 2159 594 2198 omnes
629 2146 905 2203 auditores
942 2164 1071 2204 suos
1111 2152 1420 2208 adulatione
1441 2155 1743 2224 decipiunt;
1774 2157 1977 2210 idcirco

405 2233 665 2291 Dominus
702 2237 867 2292 verba
902 2254 998 2293 sua
1039 2240 1416 2296 haereticorum
1456 2245 1626 2312 paleis
1657 2261 1977 2314 comparans

403 2324 533 2380 dicit
559 2342 573 2379 :
600 2326 874 2398 Numquid
900 2347 999 2385 non
1023 2333 1176 2385 verba
1202 2350 1316 2387 mea
1339 2344 1463 2387 sunt
1484 2338 1636 2405 quasi
1660 2338 1819 2407 ignis,
1847 2340 1975 2392 dicit

400 2417 683 2484 Dominus,
716 2430 764 2474 et
802 2424 953 2492 quasi
988 2424 1211 2479 malleus
1248 2438 1519 2482 conterens
1548 2431 1798 2498 petram?
1827 2430 1977 2485 Meus

400 2511 582 2577 enim,
626 2512 831 2582 inquit,
874 2530 1056 2571 sermo
1102 2519 1315 2574 nuntiat
1369 2520 1546 2575 futura
1581 2523 1876 2592 SUpplit‘ia,
1921 2533 1976 2577 nt

400 2604 671 2660 deterreat
709 2608 955 2663 homines
997 2625 1026 2662 a
1073 2614 1385 2680 peceaindo;
1423 2624 1474 2667 et
1523 2615 1689 2683 paleis
1724 2629 1975 2687 peccato-

399 2703 521 2748 rum
549 2700 915 2753 comminatur
949 2701 1280 2768 incendium,
1315 2715 1374 2759 ut
1407 2707 1783 2763 hzereticorum
1813 2712 1975 2766 corda

400 2789 534 2843 dura
583 2800 638 2845 et
686 2793 857 2846 instar
912 2794 1080 2850 silicis
1131 2798 1512 2864 iudomabilia,
1568 2804 1837 2857 sermonis
1892 2804 1973 2858 sui

400 2883 598 2935 malleo
657 2894 1010 2939 conterantur
1046 2905 1060 2942 ;
1101 2891 1350 2945 auferens
1409 2908 1504 2946 cor
1557 2895 1861 2963 lapideum,
1915 2906 1974 2950 ut

401 2984 564 3041 ponat
615 2990 713 3043 pro
757 2990 823 3030 eo
878 2992 972 3031 cor
1019 2994 1313 3049 carnenm,
1370 2984 1528 3038 molle
1583 2986 1865 3050 videlicet,
1920 2998 1974 3041 et

401 3066 544 3133 quod
579 3069 748 3135 possit
776 3069 867 3122 Dei
895 3070 1174 3139 suscipere
1202 3082 1255 3127 et
1283 3076 1484 3129 sentire
1515 3089 1806 3147 praecepta.
1842 3078 1971 3133 Tale

398 3156 527 3225 quid
566 3165 620 3209 et
660 3172 756 3225 per
800 3159 1137 3213 Ezechielem
1179 3160 1440 3217 Dominus
1480 3163 1719 3235 loquitur
1758 3166 1969 3238 (lixae/1.

400 3246 542 3317 xm),
578 3250 707 3316 quia
760 3252 1243 3321 pseudoprophette
1293 3254 1575 3310 blanditiis
1616 3258 1730 3312 suis
1779 3259 1973 3314 liniant

403 3337 620 3407 1006
656 3340 912 3406 parietem
949 3341 1152 3410 absque
1185 3352 1630 3410 temperamento,
1660 3347 1748 3416 qui
1785 3358 1968 3417 postea

398 3428 573 3482 imbre
611 3429 913 3484 vehementi
966 3441 1021 3484 et
1062 3433 1292 3487 veritate
1322 3433 1511 3500 iudicii
1555 3437 1866 3490 subruatur.
1905 3437 1971 3492 Et

395 3523 886 3591 psemlopropheue
921 3535 1185 3578 coasuant
1230 3528 1521 3580 cervicalia
1558 3528 1656 3582 sub
1694 3531 1841 3583 onmi
1880 3546 1974 3583 cn-

394 3614 509 3668 bito
552 3630 765 3679 manus,
808 3625 864 3668 nt
911 3616 1111 3671 faciant
1154 3632 1471 3685 peccatores
1517 3620 1882 3687 requiescere,
1917 3634 1971 3676 et

395 3722 737 3775 nequaquam
766 3708 898 3761 iram
929 3709 1018 3763 Dei
1046 3709 1299 3779 lacrymis
1324 3710 1594 3780 mitigare.
1627 3710 1730 3767 Pro
1758 3714 1967 3779 malleo,

394 3799 747 3868 Septuaginta
792 3803 1015 3854 securim
1066 3802 1406 3870 interpretati
1448 3814 1595 3867 sunt,
1634 3804 1778 3858 illam
1819 3808 1969 3861 iide-

393 3888 539 3954 licet,
583 3893 648 3944 de
691 3906 795 3958 qua
843 3890 1079 3959 Baptista
1129 3890 1368 3947 Joannes
1412 3893 1649 3961 loquitur
1682 3914 1694 3948 :
1725 3894 1851 3948 lam
1892 3913 1970 3949 se-

392 3983 535 4035 curis
567 3982 635 4033 ad
668 3984 870 4037 radices
904 3984 1151 4037 arborum
1186 3986 1357 4053 posita
1389 3996 1463 4039 est
1496 3984 1713 4056 (Matth.
1744 4004 1821 4051 ιιι,
1859 3988 1967 4057 10).

395 4069 521 4126 Πωο
569 4075 779 4127 securis
828 4074 1197 4131 infructuosas
1234 4078 1463 4131 succidit
1508 4078 1749 4140 arbores,
1789 4088 1841 4133 et
1882 4080 1968 4134 hic

396 4160 627 4217 malleus
671 4165 905 4217 centerit
950 4166 1276 4221 durissimos
1326 4165 1548 4235 lapides.
1589 4166 1743 4223 Unde
1778 4180 1830 4224 et
1863 4169 1971 4225 Na-

398 4253 527 4305 hum
564 4258 824 4323 propheta
863 4258 1100 4327 loquitur
1136 4276 1149 4313 :
1190 4258 1361 4313 Furor
1391 4263 1527 4331 ejus,
1566 4262 1704 4317 baud
1743 4263 1966 4318 dubium

394 4344 524 4409 quin
571 4346 660 4399 Dei
721 4360 985 4402 consumet
1020 4353 1375 4419 principatus,
1410 4363 1459 4407 et
1498 4363 1660 4423 petra:
1697 4367 1967 4410 conteren-

2087 522 2186 562 nec
2233 507 2572 561 mandassem
2621 506 2721 569 eis,
2759 504 2852 571 qui
2907 503 3045 556 nihil
3102 502 3419 570 profuerunt
3468 502 3662 568 populo

2086 598 2237 662 huic,
2264 598 2398 651 dicit
2423 596 2705 650 Dominus.
2739 614 2756 647 ι
2796 593 3021 662 Semper
3051 593 3292 646 imitatur
3315 592 3657 644 mendacium

2086 691 2392 753 veritatem,
2427 697 2481 741 et
2528 688 2631 742 nisi
2678 685 2926 740 habuerit
2970 684 3207 752 aliquam
3250 684 3473 737 similitn
3501 683 3658 733 'iuetn

2085 781 2254 843 recti,
2307 779 2560 850 decipere
2611 794 2713 832 non
2766 787 2946 847 potest
2994 778 3330 831 innocentes.
3380 774 3683 837 Quomodo

2088 873 2252 942 igitur
2287 872 2341 926 in
2388 872 2556 943 priori
2592 871 2788 941 populo
2836 870 3232 925 mentiebantur
3264 867 3548 934 Prophetze
3585 874 3665 916 at-

2088 980 2191 1033 que
2221 965 2475 1019 dicebant
2505 980 2518 1019 :
2550 962 2673 1017 Ha'c
2707 964 2832 1015 dicit
2865 961 3144 1014 Dominus.
3190 959 3277 1025 Et,
3326 956 3443 1010 Vidi
3483 957 3663 1009 Domi-

2086 1074 2247 1121 num;
2281 1066 2356 1120 et,
2399 1056 2621 1111 Verbum
2654 1054 2865 1109 Domini
2892 1053 3030 1122 quod
3058 1052 3257 1120 factum
3288 1061 3358 1103 est
3394 1049 3659 1112 ad‘illum,

2086 1149 2200 1204 sive
2239 1149 2385 1202 illum
2422 1163 2438 1205 :
2471 1148 2547 1201 sic
2578 1146 2812 1201 haretici
2850 1152 3132 1199 assumunt
3170 1142 3479 1196 testimonia
3518 1139 3669 1191 Scri-

2088 1252 2368 1311 pturarum
2401 1238 2468 1293 de
2499 1238 2680 1293 Veteri
2713 1246 2766 1291 et
2797 1236 2949 1291 Novo
2982 1236 3353 1299 Testamento,
3383 1243 3437 1285 et
3474 1232 3661 1285 furan-

2092 1344 2180 1387 tur
2214 1332 2375 1387 verba
2418 1331 2718 1386 Salvatoris
2759 1329 3135 1397 unusquisque
3175 1341 3205 1379 a
3252 1327 3502 1396 proximo
3542 1340 3661 1386 suo,

2090 1424 2367 1493 prophetis
2393 1433 2445 1477 et
2472 1423 2755 1492 apoStolis,
2794 1430 2848 1477 et
2880 1419 3227 1489 evangelistis
3259 1436 3273 1471 :
3306 1427 3358 1471 et
3383 1426 3663 1469 assumunt

2090 1517 2298 1585 linguas
2332 1533 2480 1577 suas,
2520 1528 2577 1569 ut
2609 1517 2789 1570 cordis
2832 1528 3037 1569 venena
3073 1527 3168 1566 ore
3202 1510 3574 1580 pronuntient,
3609 1518 3663 1562 et

2091 1610 2389 1663 dormitaut
2439 1608 2905 1671 dormitationem,
2944 1608 3009 1661 de
3048 1605 3245 1674 quibus
3290 1617 3413 1656 vere
3458 1602 3662 1655 dictum

2090 1711 2166 1753 est
2206 1718 2219 1753 :
2260 1701 2687 1753 Dormitarerunt
2722 1715 2962 1753 somnum
2996 1714 3168 1761 suum,
3203 1708 3249 1751 et
3286 1696 3413 1749 nihil
3452 1695 3663 1747 invene-

2088 1803 2205 1846 runt
2258 1793 2432 1863 (Psal.
2481 1809 2642 1857 Lxxv,
2685 1792 2763 1861 6).
2807 1791 2943 1846 Sive
2979 1790 3132 1859 juxta
3189 1788 3507 1844 llebraicum
3548 1787 3663 1838 εει

2087 1885 2230 1937 aiunt
2266 1885 2414 1949 dicit,
2452 1892 2508 1937 ut
2544 1883 2901 1939 subaudiatur
2933 1882 3210 1947 Dominus,
3245 1890 3334 1935 aut
3366 1888 3514 1934 certe
3550 1877 3659 1950 [AL

2086 1976 2273 2049 forte],
2308 1994 2478 2032 sermo
2510 1973 2738 2030 divinus.
2775 1974 3153 2028 Comminatur
3185 1973 3369 2041 itaque
3402 1971 3662 2026 Dominus

2087 2066 2198 2139 [.tl.
2232 2068 2383 2119 addit
2425 2065 2591 2137 nunc]
2622 2065 2861 2134 seipsum
2903 2072 3092 2127 contra
3134 2062 3505 2130 hujuscemodi
3544 2075 3661 2113 ma-

2084 2158 2280 2226 gistros
2312 2172 2430 2211 esse
2468 2166 2775 2219 ventorum,
2811 2155 2905 2224 qui
2947 2155 3212 2209 seducunt
3252 2154 3661 2224 pepulunrejus

2085 2250 2138 2302 in
2174 2249 2467 2303 mendaciis
2517 2248 2630 2301 suis
2668 2255 2722 2301 et
2769 2248 2821 2300 in
2869 2246 3182 2314 stuporibus
3226 2256 3386 2314 atque
3426 2246 3661 2299 miracu-

2084 2342 2170 2395 lis.
2206 2340 2395 2407 Magna
2429 2340 2571 2393 enim
2607 2348 2659 2393 et
2701 2339 3039 2393 incredibilia
3072 2349 3125 2393 et
3154 2339 3392 2408 ingentia
3426 2337 3540 2410 [ΑΙ.
3575 2338 3658 2391 in-

2084 2431 2387 2505 sensibilia]
2431 2432 2836 2501 repromittunt,
2870 2441 2926 2483 ut
2958 2431 3219 2484 seducant
3260 2432 3491 2484 miseros
3524 2446 3540 2486 :
3571 2432 3671 2499 qui

2085 2525 2216 2578 nihil
2243 2526 2553 2594 profuerunt
2579 2523 2769 2591 populo
2796 2522 2911 2575 Dei.
2942 2521 3009 2574 Et
3036 2521 3165 2574 illud
3198 2521 3422 2590 implent
3446 2532 3658 2587 aposto-

2081 2612 2266 2673 licum,
2297 2611 2536 2664 docentes
2566 2624 2682 2678 qua:
2711 2625 2811 2662 non
2845 2618 3053 2675 oportet
3078 2610 3244 2678 turpis
3282 2609 3419 2661 lucri
3445 2611 3617 2679 gratia
3637 2624 3663 2671 ξ

2084 2703 2172 2772 qui
2206 2702 2382 2757 solent
2410 2700 2573 2756 malis
2599 2715 2885 2772 prospera,
2920 2712 2971 2755 et
3004 2700 3165 2755 bonis
3199 2702 3470 2756 contraria
3514 2718 3656 2755 inin-

2085 2793 2242 2848 tiare.

2154 2885 2332 2955 (Vers.
2362 2888 2430 2942 35
2468 2893 2646 2955 seqq.)
2684 2885 2895 2954 1007
2932 2902 2951 2936 ι
2989 2883 3047 2938 Si
3083 2888 3250 2954 igitur
3282 2885 3665 2952 interrogavev

2082 2979 2156 3034 rit
2189 2989 2238 3033 te
2275 2980 2503 3049 populus
2548 2980 2668 3043 iste,
2698 2978 2781 3032 vel
2822 2978 3103 3046 pmpbeta,
3136 2986 3228 3031 aut
3266 2976 3541 3038 sacerdos,
3575 2977 3667 3029 di-

2082 3085 2209 3125 cens
2238 3086 2253 3125 :
2285 3073 2427 3141 quod
2476 3080 2559 3125 est
2600 3085 2735 3124 onus
2778 3070 2869 3124 Dei
2904 3069 3028 3139 (sive
3069 3084 3186 3136 qua:
3225 3078 3308 3123 est
3353 3070 3656 3136 assimiptiu

2001 3122 2044 3180 ϐ
2077 3158 2354 3229 Domini)?
2389 3161 2537 3215 dices
2580 3161 2646 3214 ad
2693 3174 2833 3215 eos:
2872 3157 2978 3213 Vos
3021 3160 3156 3213 estis
3201 3173 3339 3214 onus
3386 3158 3518 3229 (sive
3565 3174 3659 3213 as-

2075 3252 2358 3320 sumptio).
2391 3251 2681 3321 Prujiciam
2717 3252 2916 3321 quippe
2946 3251 3075 3322 (sive
3107 3250 3348 3317 allidam)
3377 3265 3493 3314 vos,
3526 3250 3658 3304 dicit

2074 3342 2355 3399 Dominus.
2391 3341 2457 3395 Et
2498 3343 2756 3410 propheta
2788 3349 2841 3394 et
2870 3340 3127 3394 sacerdos
3172 3349 3226 3393 et
3262 3339 3494 3409 populus
3539 3340 3652 3409 [ΑΙ.

2073 3438 2393 3507 prophetam
2445 3445 2498 3489 et
2538 3434 2849 3489 sacerdotes
2902 3442 2957 3487 et
3004 3432 3313 3503 populum],
3357 3434 3445 3499 qui
3499 3434 3657 3497 dicit,

2073 3542 2210 3581 onus
2256 3526 2381 3595 (sive
2424 3522 2743 3596 assumptio)
2787 3522 3019 3587 Domini,
3056 3522 3284 3576 visitabo
3317 3523 3443 3591 (sive
3489 3523 3658 3598 ulcis-

2073 3620 2191 3687 car)
2218 3633 2384 3688 super
2415 3617 2589 3671 virmu
2626 3617 2799 3681 illum,
2829 3624 2880 3670 et
2911 3631 3073 3683 super
3103 3616 3317 3669 domum
3350 3616 3489 3682 ejus.
3528 3614 3660 3667 llaec

2072 3711 2267 3765 dicetis
2302 3711 2678 3779 unusquisque
2718 3708 2782 3761 ad
2815 3707 3048 3761 amicum
3086 3704 3274 3777 [γαίῃ.
3312 3703 3653 3776 proximum]

2072 3818 2227 3857 suum
2260 3818 2272 3856 :
2303 3802 2428 3872 quid
2461 3800 2741 3869 respondit
2772 3799 3055 3864 Dominus,
3086 3808 3140 3852 et
3164 3797 3294 3866 quid
3331 3798 3540 3850 locutus
3566 3807 3658 3851 est

2076 3894 2379 3949 Dominus?
2411 3893 2476 3946 Et
2519 3906 2660 3947 onus
2700 3892 2830 3961 (sive
2878 3888 3200 3958 assumptio)
3249 3889 3460 3942 Domini
3510 3889 3660 3942 ultra

2073 4002 2180 4041 non
2217 3986 2629 4047 memorabitur,
2663 3983 2789 4053 quia
2838 3997 2976 4036 onus
3022 3982 3153 4051 (sive
3192 3983 3512 4050 assumptio)
3543 3982 3659 4035 erit

2072 4078 2366 4145 unicuique
2414 4090 2592 4129 sermo
2640 4089 2770 4128 suus
2824 4074 2935 4145 lAl.
2982 4073 3144 4144 ejus].
3186 4091 3206 4125 ι
3254 4072 3488 4127 Verbum
3539 4073 3660 4126 lle-

2072 4169 2319 4225 braicum
2353 4182 2515 4221 mssa
2547 4167 2753 4235 (sum),
2781 4166 2971 4234 Aquila
3007 4164 3180 4235 ἅρμα,
3211 4165 3263 4217 id
3295 4176 3404 4228 est,
3438 4182 3564 4217 onus
3597 4174 3657 4218 et

2069 4264 2275 4331 pondus
2312 4260 2702 4328 interpretatur
2740 4273 2753 4313 :
2787 4256 3171 4326 Symmachus,
3204 4254 3552 4326 Septuaginta
3593 4267 3656 4310 et

2071 4351 2392 4413 Theodotio,
2431 4348 2870 4417 assumptionem.
2921 4346 3262 4415 Ubicumque
3305 4363 3433 4415 ergo
3481 4363 3657 4414 grave

390 4442 481 4485 tur
504 4435 565 4487 ab
587 4451 645 4487 eo
674 4435 925 4506 (Na/tum,
952 4454 990 4501 ι,
1013 4440 1091 4506 6).
1118 4440 1227 4495 lloc
1252 4452 1438 4496 contra
1464 4442 1772 4498 haereticos.
1799 4447 1970 4499 Ctete—
2001 4470 2043 4525 υ
2072 4453 2177 4508 est,
2209 4444 2352 4511 quod
2384 4441 2645 4494 Dominus
2676 4438 3062 4503 comminatur,
3092 4448 3148 4491 et
3185 4437 3402 4507 plenum
3440 4439 3659 4505 ponde-

391 4542 513 4581 rum
546 4528 612 4582 de
638 4529 1034 4584 Ecclesiasticis
1071 4533 1201 4586 viris
1229 4536 1488 4603 scriptum
1522 4546 1623 4598 est,
1651 4538 1795 4606 quod
1836 4539 1968 4589 ntal-

390 4618 504 4671 lens
553 4630 609 4672 et
651 4623 861 4675 securis
911 4636 1014 4676 non
1064 4624 1175 4678 sint
1221 4627 1403 4681 audita
1452 4627 1503 4681 in
1544 4628 1707 4683 domo
1751 4628 1966 4684 Domini

390 4711 506 4781 (111
541 4711 669 4783 Reg.
704 4712 797 4783 v1).

464 4804 642 4874 (Vers.
694 4807 762 4861 50
808 4804 986 4875 seqq.)
1031 4824 1049 4857 ‹
1085 4807 1379 4877 Propterea
1429 4824 1556 4865 ecce
1600 4828 1700 4880 ego
1738 4813 1804 4866 ad
1846 4828 1970 4882 pro-

388 4897 615 4966 phetas,
668 4900 803 4953 dicit
856 4899 1146 4965 Dominus,
1197 4901 1287 4969 qui
1336 4900 1587 4957 furantur
1635 4905 1794 4959 verba
1846 4920 1965 4960 mea

392 4992 761 5060 unusquisque
813 5008 842 5045 a
902 4995 1150 5061 proximo
1204 5009 1303 5049 suo
1362 4994 1472 5066 [ΑΙ.
1525 4997 1590 5051 ad
1660 4999 1964 5066 proximum

392 5083 602 5155 suum].
638 5083 773 5140 Ecce
803 5100 901 5153 ego
939 5088 1003 5140 ad
1038 5085 1358 5156 PrOphetas,
1390 5089 1521 5143 dicit
1559 5089 1836 5154 Dominus,
1873 5091 1963 5159 qui

346 5172 348 5176 ’
393 5185 679 5229 assumunt
723 5177 937 5246 linguas
978 5186 1033 5231 et
1084 5180 1256 5243 aiunt,
1290 5180 1465 5234 dicit'
1499 5180 1625 5250 (sive
1672 5182 1967 5236 dormitaut

390 5268 883 5338 dormitationem).
918 5268 1056 5323 Ecce
1088 5286 1187 5337 ego
1216 5272 1281 5325 ad
1316 5274 1604 5342 prophetas
1633 5274 1965 5328 somniantes

389 5355 759 5421 mendacium,
794 5357 869 5409 ait
914 5356 1195 5420 Dominus,
1230 5361 1321 5429 qui
1356 5371 1580 5414 narrant
1609 5378 1693 5428 ea,
1722 5372 1775 5416 et
1808 5367 1967 5416 sedu-

392 5446 651 5519 cunt[Al.
678 5460 1036 5503 narraverunt
1056 5462 1109 5504 et
1128 5450 1482 5523 seduxerunt]
1504 5453 1757 5522 populum
1784 5469 1963 5508 meum

392 5540 447 5592 in
492 5541 792 5597 mendaciis
828 5540 940 5596 suis
979 5551 1030 5597 et
1079 5542 1128 5595 iu
1169 5543 1446 5597 miraculis
1489 5545 1616 5613 (sive
1655 5547 1964 5613 stuporibus

465 5719 491 5789 ι,
511 5718 626 5778 Duo
657 5736 789 5794 mss.
820 5724 996 5779 ualeas
1027 5728 1316 5782 verborum.

2074 4536 2149 4589 ris
2171 4548 2234 4588 ac
2258 4531 2483 4595 laboris,
2509 4541 2564 4586 et
2589 4529 2955 4598 importabile,
2976 4529 3027 4581 iu
3058 4528 3215 4582 titulo
3238 4543 3446 4596 quoque
3471 4526 3656 4596 ἅρμα,

2073 4627 2175 4681 hoc
2198 4634 2301 4690 est,
2325 4623 2529 4693 pondus
2554 4621 2776 4676 dicitur.
2809 4619 3147 4687 Ubicumque
3174 4630 3352 4672 autem
3382 4635 3657 4688 prospera

2072 4720 2331 4773 Dominus
2364 4715 2669 4786 pollicetur,
2705 4715 2820 4767 sive
2857 4722 2977 4782 post
3010 4712 3486 4766 comminationem
3527 4728 3659 4765 me—

2071 4811 2208 4864 liora
2254 4808 2540 4878 promittit,
2574 4805 2644 4859 ibi
2703 4803 2849 4858 Visio
2881 4805 3104 4869 dicitur,
3134 4804 3219 4858 vel
3251 4813 3397 4858 certe
3432 4805 3661 4857 verbum

2072 4903 2326 4966 Domini;
2356 4909 2410 4953 et
2439 4899 2789 4969 perspicuum
2830 4905 2947 4949 erat
2982 4912 3045 4950 ex
3081 4897 3195 4965 ipso
3228 4896 3381 4950 titulo
3412 4899 3665 4964 prophe-

2072 4997 2159 5049 tiae
2184 4992 2458 5065 ponderis,
2485 4992 2599 5046 sive
2627 4989 2876 5055 visionis,
2902 4998 2956 5043 et
2981 4987 3143 5043 Verbi
3169 4990 3285 5054 Dei,
3311 4990 3480 5057 qualis
3508 4989 3665 5041 vati-

2069 5092 2269 5146 cinatio
2302 5095 2642 5159 sequeretur.
2687 5084 2826 5150 Quia
2866 5085 3031 5154 igitur
3073 5084 3357 5155 PrOphetae
3395 5084 3665 5139 sidebant

2071 5183 2266 5251 pupulo
2318 5180 2591 5252 peccaturi
2647 5178 2823 5233 tristia
2877 5178 3159 5244 nuntiare,
3215 5188 3269 5232 et
3321 5180 3664 5233 commirmri

2070 5276 2378 5346 supplicia,
2438 5284 2497 5327 ut
2550 5287 2645 5328 eos
2702 5272 3043 5325 retraherent
3093 5272 3158 5324 ad
3216 5272 3595 5339 pteuitemiam
3643 5288 3661 5327 :

2069 5370 2307 5423 clemens
2349 5378 2528 5421 autem
2569 5375 2624 5420 et
2689 5366 2974 5418 miserator
3034 5363 3292 5417 Dominus
3359 5365 3445 5417 diu
3509 5377 3666 5415 seu-

2072 5460 2294 5511 tentiam
2343 5457 2669 5520 differebat,
2726 5454 2951 5522 putabat
3005 5456 3260 5523 deceptus
3315 5453 3542 5522 populus
3600 5462 3669 5507 et

2070 5550 2657 5620 pscmlolirtipbetarum
2712 5546 2901 5600 fraude
2946 5548 3224 5611 seductus,
3262 5562 3367 5601 non
3415 5553 3666 5600 ventura

2141 5733 2160 5762 ‘
2196 5729 2358 5786 Addit
2400 5729 2567 5785 Vatic.
2604 5729 2690 5785 hic
2728 5741 2940 5798 quoque
2979 5727 3251 5781 Dominus.
