3966 6176
295 366 393 433 861

760 367 1254 430 COMMENTAR.
1295 366 1378 427 IN
1421 366 1815 428 .IEREMIAM
1845 363 2311 427 PROPHETAM
2351 363 2494 425 LIB.
2534 363 2600 433 V,
2641 361 2801 420 CAP.
2844 361 3067 421 XXIII.

3442 357 3550 421 8(‘9.

294 498 413 549 quae
467 481 726 534 Dominus
772 481 1102 544 minabatur,
1148 488 1201 534 et
1236 493 1346 534 rem
1394 493 1659 540 severam,
1696 477 1749 531 in
1785 477 1864 532 ιιι-
1893 479 1936 535 Α
1967 490 2086 544 qua:
2117 489 2389 543 nunquam
2440 471 2714 527 oblivione
2770 469 3058 525 deleltitur.
3097 488 3114 519 ι
3154 469 3410 541 Praecepit
3445 477 3552 526 ltu-

296 577 425 630 dum
476 584 528 630 et
574 575 756 644 jocum
788 582 1092 639 verterant;
1147 571 1704 640 pr0pbetantibnsqne
1747 584 1867 636 pro-

295 666 475 735 phetis
531 666 682 734 quasi
746 663 1076 727 irridentes,
1133 664 1382 717 dicebant
1432 676 1447 717 :
1494 660 1726 714 Rursum
1784 657 1873 712 hic

298 755 443 810 videt
498 757 706 820 pondus
754 765 807 810 et
858 769 997 809 onus
1036 753 1270 807 Domini.
1319 755 1493 822 Atque
1549 751 1619 804 ita
1675 749 1870 814 ﬁebat,

297 857 358 904 ut
406 863 752 919 nequaquam
802 849 943 901 ultra
1003 845 1167 911 Visio,
1201 846 1295 900 sed
1349 860 1447 915 per
1487 843 1668 910 locum
1710 852 1873 911 atque

299 943 578 1007 derisum,
636 958 768 996 onus
820 950 872 995 et
922 941 1127 1009 pondus
1179 939 1560 1008 appellaretur.
1616 933 1875 1002 Praecepit

300 1047 432 1103 ergo
461 1033 743 1095 Dominus,
776 1041 836 1086 ut
877 1032 988 1086 sive
1020 1030 1271 1101 populus,
1304 1029 1418 1083 sive
1449 1026 1728 1098 propheta,
1760 1027 1875 1079 sive

300 1126 564 1180 sacerdos
612 1123 1072 1193 interrogavorint
1117 1121 1428 1186 Jeremiam,
1461 1119 1587 1186 quiti
1629 1117 1699 1172 sit
1745 1131 1876 1185 pon-

301 1214 552 1287 dus,[Al.
576 1212 740 1286 unus]
774 1214 854 1268 vel
896 1229 1020 1282 qua:
1054 1213 1352 1281 assumptio
1386 1209 1617 1273 Domini,
1650 1223 1874 1276 respon-

302 1309 423 1364 deat
453 1309 532 1363 eis
561 1317 615 1362 et
647 1309 789 1361 dicat
824 1323 839 1362 :
885 1305 987 1360 Vos
1027 1308 1150 1360 estis
1193 1321 1348 1369 onus,
1373 1317 1420 1357 et
1452 1321 1536 1356 vos
1567 1301 1873 1368 assumptio.

303 1399 594 1451 Assumam
636 1397 780 1451 enim
814 1412 906 1451 vos
937 1406 990 1451 et
1020 1396 1325 1464 projiciant,
1359 1394 1670 1460 illidamque
1711 1403 1762 1445 et
1793 1394 1875 1444 in-

303 1485 472 1540 terire
505 1485 724 1538 faciam.
760 1483 816 1538 Si
850 1484 972 1554 quis
1003 1493 1180 1540 autem
1215 1487 1486 1552 deinceps,
1520 1483 1602 1536 vel
1640 1483 1877 1551 prophe-

303 1581 512 1640 tarum,
555 1576 640 1631 vel
689 1577 1055 1640 sacerdotum,
1103 1577 1184 1630 vel
1243 1575 1446 1645 pepuli,
1498 1591 1663 1630 ausus
1721 1575 1880 1629 fuerit

305 1683 450 1723 onus
496 1676 550 1722 et
601 1671 810 1738 pondus
857 1667 1070 1723 Domini
1127 1669 1462 1723 nominare:
1510 1665 1767 1730 Visitnbo,
1801 1667 1880 1720 in-

306 1759 447 1827 quit,
481 1774 638 1826 super
675 1759 843 1812 virum
893 1758 1067 1822 illum,
1101 1767 1149 1811 et
1186 1772 1342 1825 super
1373 1759 1586 1810 (tantum
1620 1757 1796 1822 illius;
1827 1765 1880 1810 et

306 1865 432 1905 eum
479 1851 672 1906 delebo
703 1851 755 1904 in
789 1859 1130 1919 perpetuum.
1181 1849 1334 1902 Dicat
1374 1847 1554 1916 itaque
1592 1848 1882 1913 unusquis-
1911 1826 1957 1886 Β

308 1958 417 2014 que
463 1945 708 2015 proximo
748 1951 803 1996 et
831 1945 1004 1997 amico
1058 1956 1178 2005 suo,
1220 1957 1561 2010 nequaquam
1613 1940 1754 2010 quod
1802 1949 1886 1994 est

313 2039 535 2109 1008
563 2053 702 2092 onus
731 2036 978 2091 Domini?
1007 2037 1100 2089 sed
1123 2035 1252 2106 quid
1283 2034 1562 2103 respondit
1595 2034 1886 2088 Dominus?

298 2142 364 2185 et
389 2131 516 2198 quid
545 2130 754 2183 locutus
782 2136 863 2182 est
891 2127 1189 2182 Dominus?
1223 2125 1434 2180 Veteris
1461 2124 1883 2179 οὺιὶνὶεεὶιιιῑιιὶε

309 2236 478 2286 onus,
505 2229 559 2274 et
584 2220 818 2288 pondus,
847 2218 962 2274 sive
993 2216 1291 2286 assumptio
1323 2216 1373 2269 in
1408 2230 1502 2269 ore
1532 2225 1709 2269 vestro
1745 2215 1884 2267 ultra

309 2327 422 2368 non
455 2320 670 2368 resonet
697 2326 712 2367 :
742 2313 866 2379 quia
895 2309 1123 2380 singulis
1148 2309 1458 2364 hominibus
1484 2323 1662 2363 sermo
1683 2321 1814 2380 suus
1834 2317 1888 2362 et

313 2419 455 2473 opus
492 2420 648 2457 suum
695 2404 749 2456 in
781 2417 919 2457 onus
949 2403 1271 2472 pondusque
1306 2401 1660 2469 reputabitur,
1693 2373 1889 2455 secim-

314 2497 447 2551 dum
479 2496 606 2550 illud
632 2497 773 2565 quod
803 2495 1060 2564 scriptum
1089 2503 1169 2550 est
1198 2508 1213 2550 :
1240 2492 1322 2547 Ea:
1345 2509 1432 2547 ore
1460 2503 1548 2546 tuo
1566 2493 1891 2562 justiﬁcabe-

315 2591 416 2654 ris,
447 2597 497 2642 et
528 2603 594 2641 ex
623 2603 711 2640 ore
739 2595 830 2640 tuo
857 2585 1292 2640 condemnaberis
1323 2583 1532 2655 (Matth.
1568 2586 1681 2652 xv).

389 2680 567 2751 (Vers.
598 2679 668 2734 57
707 2679 886 2748 seqq.)
923 2695 941 2729 ι
982 2675 1047 2730 Ει
1073 2676 1384 2746 pervertitis
1410 2674 1520 2747 [AL
1559 2671 1890 2745 pervenisti]

315 2775 488 2826 verba
517 2770 610 2824 Dei
644 2769 876 2824 viventis
910 2787 924 2825 :
952 2767 1166 2822 Domini
1192 2768 1554 2834 exercituum,
1585 2766 1677 2820 Dei
1702 2765 1892 2820 nostri.

318 2863 450 2920 “me
479 2865 627 2919 dices
660 2864 788 2931 (sive
821 2861 1018 2917 dicetis
1054 2860 1165 2932 [ΑΙ.
1190 2857 1417 2933 dicitis])
1440 2860 1504 2912 ad
1530 2859 1848 2929 prophetam
1878 2873 1893 2913 :

319 2961 460 3026 Quid
493 2955 774 3026 respondit
814 2953 926 3026 [AL
976 2950 1345 3024 respondebit]
1383 2952 1476 3006 tibi
1514 2951 1810 3016 Dominus,
1843 2957 1896 3002 et

319 3052 450 3124 quid
488 3051 706 3105 loculus
753 3058 835 3103 est
866 3046 1128 3101 Dominus
1156 3045 1178 3099 ?
1211 3043 1266 3098 Si
1301 3055 1480 3098 autem
1515 3059 1650 3097 ututs
1680 3039 1894 3095 Domini

320 3144 592 3201 dixeritis.
632 3161 652 3194 ι
681 3139 972 3209 Hucusqne
996 3140 1050 3193 in
1083 3135 1220 3192 LXX
1249 3153 1355 3192 non
1388 3137 1617 3191 habetur
1651 3135 1688 3200 ί,
1717 3146 1770 3188 et
1816 3148 1898 3188 se-

319 3237 507 3306 quitur
540 3250 554 3286 :
593 3251 612 3285 t
649 3231 880 3301 PrOpter
912 3229 1016 3284 hoc
1069 3228 1183 3282 haec
1233 3227 1365 3282 dicit
1411 3225 1670 3278 Dominus
1705 3238 1719 3279 z
1756 3221 1894 3287 Quia

320 3328 536 3384 dixistis
587 3337 892 3380 sermonem
952 3321 1142 3386 istum,
1203 3333 1342 3373 onus
1392 3317 1516 3386 (sive
1567 3311 1896 3382 assumptio)

321 3418 561 3482 Domini,
591 3428 642 3471 et
673 3415 792 3468 misi
826 3414 894 3469 ad
926 3428 1043 3477 vos,
1069 3411 1257 3466 dicens
1287 3425 1302 3464 :
1337 3409 1504 3463 nolite
1535 3408 1735 3471 dicere,
1761 3419 1897 3459 onus

322 3511 456 3585 (sive
501 3505 950 3577 assumptionem)
994 3503 1253 3558 Domini:
1307 3511 1590 3572 pt0pterea
1632 3514 1758 3553 ecce
1799 3511 1898 3566 ego

325 3609 510 3662 Iollam
573 3606 700 3674 (sive
739 3601 1034 3669 assmnam)
1079 3615 1172 3654 vos
1229 3607 1474 3666 portans,
1501 3604 1555 3650 ct
1617 3593 1896 3664 projiciam

327 3698 514 3771 [Vulg].
544 3693 872 3766 relinquam]
905 3708 999 3748 vos
1032 3701 1086 3746 et
1119 3691 1422 3755 civitatem,
1455 3704 1615 3757 quam
1652 3687 1772 3741 dedi
1804 3701 1896 3738 vo-

326 3794 407 3847 ltis
433 3803 491 3846 et
522 3792 766 3861 patribus
800 3787 1015 3848 vestris,
1050 3803 1078 3840 a
1112 3786 1249 3840 facie
1297 3799 1437 3845 mea,
1464 3794 1516 3835 et
1550 3782 1688 3834 dabo
1719 3794 1815 3834 vos
1847 3779 1901 3830 in

327 3875 688 3957 opprobrium
725 3883 1145 3952 sempiternum,
1169 3889 1220 3934 et
1247 3876 1594 3946 ignominiam
1621 3886 1901 3938 aeternam,

405 4046 420 4076 ¹
449 4043 702 4097 Clausula
753 4042 963 4102 isthaac,
990 4039 1272 4106 [lucusque
1289 4038 1339 4090 in
1367 4033 1513 4087 LXX
1541 4051 1640 4087 non
1668 4035 1906 4097 habetur,

332 4133 436 4170 tton
479 4117 564 4166 hic.
615 4114 715 4165 loci
765 4122 920 4164 antea
972 4119 1108 4171 crat,
1146 4110 1239 4162 sed
1269 4110 1334 4160 ad
1370 4111 1530 4159 linem
1569 4119 1740 4171 usque
1766 4106 1907 4156 sacri

334 4197 515 4239 textas
574 4184 944 4235 dttlerebntur.
1002 4178 1158 4232 Falso
1194 4190 1374 4231 autem
1417 4186 1542 4227 tunc
1591 4175 1912 4226 dicebantur

331 4255 590 4309 YCI'slt‘llit
623 4255 711 4315 5‘5,
769 4255 836 4306 '59
868 4262 919 4304 ct
954 4251 1043 4308 40.
1071 4249 1161 4316 qui
1220 4249 1345 4301 hinc
1393 4241 1910 4316 Subseqttunturhin

334 4311 849 4394 Septuagintavirali
911 4311 1159 4373 versione
1195 4315 1508 4380 desiderati,
1531 4311 1648 4366 cum
1681 4311 1914 4372 manife-

1979 567 2177 631 minus,
2229 576 2287 620 ut
2333 578 2676 633 nequaquam
2730 563 2951 626 oneris,
2983 571 3035 616 et
3081 563 3355 630 ponderis,
3384 577 3437 616 et
3469 580 3550 616 as.

1981 651 2305 728 sumptiohis
2334 673 2516 714 sermo
2545 659 2819 712 diceretur
2843 657 2895 710 in
2922 655 3142 726 populo,
3189 659 3283 710 scd
3327 672 3551 723 respon-

1979 753 2152 808 sionis
2203 762 2258 806 ct
2294 751 2444 805 verbi
2497 749 2644 806 Dei:
2685 751 2828 821 quod
2876 748 3005 818 quia
3056 747 3283 818 pepnlus
3331 749 3555 817 implere

1979 853 2401 913 contempserat,
2437 845 2610 912 ipsum
2661 843 2890 897 verbum
2946 841 3340 911 interpretatur
3393 856 3556 909 super

1980 939 2080 1002 eis,
2113 946 2168 993 et
2219 938 2354 992 dicit
2386 953 2402 996 :
2430 937 2694 1003 Quoniam
2740 936 2954 992 dixistis
2988 935 3132 1006 quod
3170 934 3336 1000 nolui,
3366 945 3420 987 et
3452 933 3554 987 hoc

1982 1047 2102 1086 cum
2141 1046 2283 1097 szepe
2332 1029 2630 1096 PrOpbetas
2680 1028 2976 1093 mitterem,
3006 1026 3326 1094 etjuberem
3363 1040 3433 1079 ne
3471 1023 3554 1078 di-

1983 1125 2179 1179 ceretis
2204 1139 2218 1177 :
2241 1132 2524 1192 propterea
2553 1135 2858 1174 sermonem
2882 1128 3114 1174 vestrum
3140 1116 3550 1184 assumptionis,

1983 1216 2164 1270 oneris
2199 1225 2250 1269 et
2282 1212 2535 1282 ponderis
2572 1211 2625 1265 in
2666 1211 2816 1266 vobis
2849 1224 3013 1280 opere
3047 1209 3348 1278 complebo.
3384 1210 3554 1262 Assu-

1986 1323 2126 1360 mam
2174 1305 2374 1374 quippe
2408 1318 2502 1357 vos
2540 1314 2593 1357 et
2633 1301 2812 1354 tollam
2865 1311 3025 1372 atque
3072 1301 3318 1368 portabo,
3344 1308 3398 1352 et
3435 1297 3556 1351 alli-

1987 1399 2128 1456 dam.
2167 1412 2229 1450 ac
2264 1396 2325 1448 de
2357 1395 2679 1449 soblimibus
2709 1394 2763 1446 in
2804 1402 3003 1446 terram
3053 1407 3310 1446 corruere
3339 1386 3554 1444 iaciant.

1987 1485 2101 1540 Non
2138 1485 2307 1540 solum
2340 1493 2521 1537 autem
2556 1499 2672 1544 vos,
2700 1483 2793 1536 sed
2814 1492 2867 1536 et
2891 1482 3080 1535 urbem
3113 1489 3372 1544 vestram,
3394 1494 3559 1547 qttam

1987 1577 2108 1630 dedi
2146 1577 2388 1644 patribus
2419 1575 2634 1627 vestris.
2671 1570 2738 1624 Et
2775 1573 2931 1636 dabo,
2959 1572 3150 1639 inquit,
3174 1586 3258 1623 vos
3291 1570 3342 1622 in
3373 1582 3562 1635 oppro-

1989 1666 2182 1731 brium,
2222 1679 2268 1718 et
2320 1664 2660 1733 ignominiam
2705 1664 3098 1730 sempiternam,
3133 1675 3251 1731 qua:
3305 1658 3562 1712 oblivione

1990 1757 2265 1810 delebitur.
2303 1753 2418 1808 Hoc
2449 1765 2628 1808 autem
2677 1763 2731 1808 et
2777 1764 3024 1822 tempore
3055 1750 3361 1820 Babylonia
3391 1747 3560 1814 capti-

1989 1844 2172 1898 vitatis
2224 1843 2426 1897 lactum
2484 1858 2603 1897 esse
2661 1843 2955 1906 novimus;
2992 1842 3085 1896 sed
3146 1839 3356 1906 plenius
3399 1846 3564 1905 atque

1988 1937 2284 2006 perfectius
2339 1946 2462 2005 post
2504 1933 2801 1987 Salvatoris
2853 1933 3158 2001 passionem
3212 1929 3564 1983 resurrectio—

1991 2043 2222 2096 nemqne
2251 2027 2576 2095 completur,
2613 2024 2830 2093 quando
2865 2023 3078 2078 locutus
3116 2031 3198 2076 est
3253 2021 3513 2075 Dominus
3547 2033 3562 2073 :

1989 2118 2332 2189 Relinquetur
2382 2117 2524 2172 vobis
2575 2117 2760 2169 domus
2810 2125 2984 2169 vestra
3031 2115 3233 2168 deserta
3263 2113 3414 2182 (Luc.
3447 2127 3564 2176 xttt,

1991 2210 2082 2282 55)
2113 2220 2205 2266 :et
2238 2225 2408 2281 usque
2441 2209 2508 2263 ad
2556 2209 2714 2262 linem
2751 2208 2867 2278 ejus
2903 2207 3169 2262 sententia
3207 2206 3568 2276 permanebit.

1992 2305 2247 2358 Dicamus
2305 2311 2362 2357 et
2409 2301 2567 2356 aliter
2619 2301 2903 2354 dumtaxat
2965 2300 3118 2369 juxta
3169 2297 3518 2367 Septuaginta
3552 2309 3592 2351 :‘

1989 2393 2188 2463 λῆμμα
2219 2407 2325 2446 non
2349 2390 2524 2445 solum
2557 2391 2992 2458 assumptionem,
3015 2389 3108 2443 sed
3138 2396 3190 2442 et
3216 2388 3432 2450 donum,
3455 2403 3571 2438 mu-

1993 2499 2202 2554 nusque
2229 2482 2522 2553 signiﬁcat.
2552 2480 2689 2547 Quia
2730 2482 2894 2550 igitur
2922 2480 3023 2534 sibi
3075 2479 3306 2548 populus
3356 2491 3574 2545 semper

1992 2588 2252 2646 prOSpera
2301 2572 2679 2644 promittebat,
2717 2572 2865 2636 dicit,
2901 2584 2994 2624 eos
3031 2584 3374 2639 nequaquam
3428 2568 3570 2621 ultra

1996 2670 2100 2724 hoc
2135 2667 2334 2723 debere
2366 2666 2568 2720 dicere.
2617 2666 2872 2734 indignos
2926 2663 3068 2717 enim
3121 2677 3242 2716 esse
3290 2677 3384 2715 eos
3415 2661 3574 2714 donis

1995 2761 2090 2816 Dei
2109 2769 2270 2838 atque
2287 2759 2626 2822 muneribus,
2641 2756 2770 2826 quin
2801 2755 2980 2824 potius
2997 2754 3335 2822 abjiciendos
3362 2752 3577 2820 1009

1997 2863 2052 2907 et
2101 2867 2132 2904 a
2182 2849 2275 2905 Dei
2331 2849 2533 2904 auxilio
2581 2848 2798 2916 penitus
2845 2846 3252 2914 relinquendos.
3285 2843 3361 2895 Ex
3398 2843 3578 2895 verbis

2001 2952 2182 2997 autem
2221 2949 2276 2995 et
2309 2937 2759 3008 interpretatione
2794 2935 3072 2988 nominum
3105 2948 3256 3000 saepe
3281 2946 3368 2984 res
3398 2940 3579 2984 osten-

2002 3034 2224 3098 duntur,
2254 3042 2310 3086 ut
2347 3028 2829 3095 Abraham,Sara:,
2854 3037 2909 3081 et
2930 3025 3102 3088 Petri,
3133 3033 3187 3078 ct
3220 3023 3454 3076 ﬁliorum
3480 3021 3579 3075 Ze-

2005 3125 2169 3179 bedrei
2203 3121 2463 3178 vocabula
2495 3128 2830 3175 commutata
2883 3116 3192 3186 signiﬁcant
3222 3128 3401 3167 rerum
3460 3127 3579 3163 nm-

2003 3218 2308 3272 tationem:
2341 3225 2395 3268 et
2435 3215 2486 3266 in
2525 3212 2626 3267 hoc
2667 3210 2858 3266 eodem
2907 3209 3168 3277 propheta
3213 3205 3432 3276 (Jerem.
3466 3205 3580 3270 xx),

2003 3308 2218 3363 Phasur
2248 3305 2356 3377 IAI.
2406 3305 2613 3358 Pltasor
2640 3313 2695 3357 et
2726 3300 2984 3372 I’Itascor]
3019 3301 3219 3354 dicitur
3265 3313 3448 3366 pavor,
3469 3296 3586 3347 sive

2014 3399 2324 3464 translatio,
2372 3407 2426 3453 et
2471 3396 2712 3460 colonus,
2754 3395 2868 3447 sive
2908 3394 3233 3461 peregrinus.
3279 3388 3584 3464 Notandum

1999 3495 2144 3562 quod
2174 3490 2361 3554 verba,
2409 3487 2509 3542 Dei
2559 3486 2797 3552 viventis,
2833 3483 3046 3538 Domini
3097 3482 3448 3542 exercituum,
3487 3462 3585 3529 υιί

2005 3587 2198 3650 nostri,
2259 3583 2439 3637 Latini
2492 3589 2548 3636 et
2606 3579 2778 3634 (lt-reci
2834 3579 3050 3633 codices
3100 3591 3206 3630 non
3259 3574 3498 3632 habent;
3535 3581 3590 3622 et

2009 3675 2218 3730 Hebraei
2294 3674 2348 3727 in
2403 3675 2521 3728 suis
2601 3671 2966 3726 voluminibus
3023 3679 3212 3720 contra
3275 3679 3334 3720 se
3387 3663 3585 3732 legant,

2011 3771 2152 3839 quod
2195 3767 2412 3838 ptoprie
2449 3766 2762 3836 mysterium
2799 3761 3070 3828 signiﬁcat
3101 3755 3408 3811 Trinitatis.

2020 4045 2104 4089 stu
2127 4034 2430 4086 habeantur
2461 4031 2780 4085 hodiernum
2824 4028 2922 4080 Διὰ
2949 4027 3104 4080 τοῦτο
3133 4024 3255 4079 τάδε
3289 4023 3438 4087 λέγει
3475 4020 3587 4071 Κύ-

2023 4121 2159 4174 ριος,
2193 4117 2300 4158 etc.
2332 4141 2347 4162 ,
2379 4116 2474 4155 nec
2505 4104 2604 4153 nisi
2646 4102 2890 4166 superior
2931 4099 3079 4174 ‘dcsil
3120 4096 3387 4174 periculis.
3425 4107 3588 4166 quam

2023 4164 2156 4229 huc"
2181 4186 2430 4227 revocata
2484 4164 2763 4224 annotatio
2790 4165 3087 4222 concludit.
3117 4165 3225 4218 Nos
3260 4172 3322 4213 tlc
3346 4164 3464 4213 loco
3495 4164 3587 4224 lla,

1983 4267 2004 4280 ε
2027 4261 2083 4298 ut
2115 4243 2362 4309 iecimus,
2398 4241 2730 4296 restituendo
2765 4254 2894 4292 mss.
2923 4252 3140 4306 quoque
3172 4244 3518 4287 tttUttut'l'unt.

1154 4463 3567 4503 ..___________,___________________.._______.____—

1474 4645 1824 4733 LIBER
1919 4641 2496 4748 QUINTUS.

1925 4851 1994 4864 —

422 4995 638 5064 1010
664 4991 897 5059 Quintus
927 4985 1456 5044 Commentariorum
1523 4983 1578 5036 in
1637 4979 1924 5036 Jercmiam
1961 4984 2004 5041 ί)
2037 4975 2189 5046 xtux)
2221 4992 2236 5032 :
2269 4985 2449 5029 tamen
2487 4974 2690 5029 veritas
2722 4968 2899 5025 claudi
2954 4977 3008 5022 et
3039 4966 3187 5036 ligari
3238 4974 3434 5034 potest,
3464 4965 3602 5018 vinci

288 5112 304 5125 °
350 5093 524 5157 libu‘,
570 5110 596 5143 a
647 5089 892 5153 duobus,
950 5087 1115 5139 itater
1174 5083 1366 5136 Eusebi
1397 5121 1411 5145 ,
1465 5078 1693 5134 calathis
1751 5077 1922 5130 liabe-

354 5191 431 5243 bit
485 5185 807 5244 exordium,
852 5194 1080 5250 quorum
1137 5177 1274 5230 alter
1333 5185 1493 5226 rcctzc
1548 5170 1670 5223 ﬁdei
1742 5168 1927 5220 dulce-

353 5283 558 5342 dinem,
606 5277 742 5329 aler
799 5272 1172 5325 lH'l'L'litIOHIIII
1233 5266 1472 5336 periitlitc
1509 5259 1927 5315 amaritudinem

354 5371 624 5425 dentnnstt
641 5369 772 5421 abit.
799 5364 1056 5431 Quamvis
1077 5360 1315 5415 Ananias
1339 5360 1477 5412 illius
1504 5357 1647 5416 Aznr
1668 5360 1930 5421 repugnet

356 5461 630 5525 Ieremia),
659 5469 712 5513 et
756 5458 997 5512 Semcias
1030 5452 1392 5517 Neltelamites
1422 5449 1747 5518 Pt‘OleClatll
1794 5443 1932 5497 mitti

361 5558 548 5625 cupiat
586 5557 602 5585 ¹
651 5554 1032 5613 incarcerem,
1081 5555 1135 5599 et
1194 5541 1502 5610 SophOnias
1564 5536 1824 5591 sacerdos
1878 5535 1932 5586 itt

363 5645 952 5720 pseudopmpbetarum
989 5639 1151 5694 verba
1211 5636 1456 5706 conjuret
1486 5631 1703 5702 (Jerem.
1740 5642 1936 5692 xxvtts,

438 5803 455 5836 ¹
483 5803 600 5860 Duo
628 5820 756 5858 mss.
797 5813 957 5870 atque
993 5800 1118 5855 olim
1154 5796 1527 5865 edit‘,jubeat.

2038 5087 2143 5124 non
2174 5079 2373 5138 potest,
2401 5084 2520 5137 qua:
2558 5077 2612 5120 ct
2657 5079 2874 5119 suorum
2917 5061 3188 5129 paucitate
3218 5069 3468 5112 contenta
3498 5070 3603 5123 esr,

2036 5174 2089 5214 et
2128 5161 2474 5214 multitudine
2511 5158 2745 5211 hostium
2793 5169 2898 5208 non
2935 5162 3189 5205 terretur.
3233 5151 3387 5216 litigo
3426 5151 3608 5215 itaque

2041 5270 2162 5307 cum
2196 5253 2374 5322 Moyse
2402 5254 2466 5304 ad
2496 5251 2689 5303 uelum
2728 5263 2939 5311 manus,
2972 5256 3024 5298 et
3051 5245 3330 5311 antiquum
3382 5259 3606 5309 serpen-

2039 5353 2144 5397 tem
2181 5347 2232 5396 itt
2262 5358 2445 5397 eremo
2478 5337 2765 5407 5tt5pende,
2797 5339 3088 5405 statimque
3136 5346 3185 5388 et
3221 5334 3440 5387 Amalec
3465 5333 3615 5386 dele-

2039 5439 2200 5504 bitttr,
2232 5449 2284 5490 et
2319 5436 2569 5491 venenati
2628 5449 2838 5487 morsus
2891 5449 2996 5486 non
3035 5431 3422 5501 prtevalebunt,
3456 5443 3611 5479 secu-

2041 5546 2239 5598 Insqne
2269 5528 2497 5600 populus
2529 5526 2739 5581 Domini
2783 5539 2906 5578 cum
2941 5521 3066 5576 Jesu
3114 5520 3368 5575 Iordanis
3407 5517 3611 5570 ﬂuenta

2042 5623 2317 5688 ltitilsibil,
2346 5631 2395 5676 ct
2427 5630 2547 5691 post
2589 5628 2798 5672 vastam
2831 5613 3198 5679 solitudinem,
3225 5611 3470 5667 comedet
3513 5623 3612 5676 pa-
