3966 6176
766 288 773 292 .
804 288 848 317 .’
875 284 1229 297 --.οηη..,,...-,-,,ρ
1252 284 1263 291 ρ

363 350 378 407 t
396 340 475 409 63'

1564 336 1622 401 S.
1670 336 1979 401 EUSEBII
2038 335 2487 405 IllEllONYMf

2166 205 2205 215 κεῖ

3539 339 3648 406 8δᾷ

364 456 619 523 nent,qui
645 454 695 508 in
730 453 1001 509 Bethleem
1032 462 1218 507 nostro
1244 462 1400 506 n..t::s
1427 461 1509 507 cst
1537 442 1935 522 viculo(l£.rod.
1967 464 2014 520 Α
2046 456 2346 510 tradiderat
2382 458 2494 527 regi
2530 453 2827 526 Babylonio
2858 471 2872 513 :
2909 456 2997 510 cui
3024 464 3358 527 etprospera
3380 455 3647 513 Dominus

362 567 498 615 xvu;
535 547 703 603 Nunt.
740 549 877 617 nt).

439 643 595 711 (Cap.
642 639 833 695 XXIV.
870 671 936 682 —
987 640 1139 694 Vers.
1190 638 1417 709 lseqq.)
1449 657 1467 691 ι
1510 638 1761 695 Ostendit
1816 641 1948 695 mihi

364 734 649 798 Dominus,
671 741 724 786 et
763 748 890 787 ecce
920 736 1027 785 duo
1081 732 1281 785 calathi
1314 734 1441 802 (sive
1475 734 1697 802 cophini
1729 733 1772 803 ')
1807 734 1951 802 pleni

369 830 419 881 tit
439 829 506 890 is,
535 826 690 895 positi
722 836 846 878 ante
892 824 1145 892 templum
1177 823 1389 878 Domini
1418 842 1431 877 :
1461 834 1746 894 postquam
1776 835 1954 879 trans-

368 922 487 972 tttlit
546 916 1046 971 Nabuchodonosor
1140 932 1231 970 rex
1287 916 1577 988 Babylonis
1634 918 1951 971 Jecboniant

370 1014 537 1065 tilium
592 1008 802 1063 Joaeim
861 1025 1041 1079 regem
1088 1008 1227 1063 Juda
1277 1017 1330 1061 et
1381 1009 1659 1079 principes
1712 1009 1850 1076 ejus,
1902 1018 1955 1062 et

371 1103 605 1163 fabrum,
657 1112 713 1154 ct
763 1101 1092 1155 inclusorcm
1142 1102 1210 1156 de
1258 1099 1584 1167 Jerusalem,
1628 1109 1681 1154 et
1727 1101 1955 1154 adduxit

368 1212 464 1250 eos
494 1196 545 1248 in
583 1194 935 1266 Babylonem.
965 1194 1227 1249 Calatbtts
1254 1211 1392 1249 unus
1416 1198 1549 1248 ﬁcus
1578 1194 1749 1247 bonas
1788 1194 1955 1246 hahe-

370 1290 461 1343 bat
492 1288 677 1354 nimis,
711 1298 767 1342 ut
794 1289 972 1342 solent
1025 1288 1158 1341 ﬁcus
1206 1302 1328 1342 esse
1376 1288 1535 1355 primi
1569 1286 1828 1357 temporis
1857 1303 1871 1341 :
1903 1293 1955 1339 et

371 1381 619 1434 calathus
651 1396 787 1433 unus
837 1381 966 1433 ﬁcus
1015 1378 1247 1432 habebat
1282 1378 1452 1430 malas
1488 1366 1671 1439 nimis,
1704 1394 1825 1447 qua:
1860 1392 1954 1429 co-

374 1472 516 1525 tttedi
562 1488 665 1525 non
717 1481 991 1541 poterant,
1022 1485 1085 1523 eo
1114 1471 1253 1538 quod
1284 1479 1468 1524 essent
1503 1469 1676 1523 malae.
1713 1470 1778 1522 Et
1820 1468 1957 1522 dixit

376 1565 637 1620 Dominus
665 1568 730 1618 ad
762 1581 883 1619 me:
925 1563 1064 1629 Quid
1098 1574 1152 1615 ιιι
1192 1563 1364 1627 vides,
1391 1562 1671 1618 Jeremia?
1704 1562 1771 1616 Et.
1803 1562 1910 1615 diti
1940 1578 1956 1618 ;

376 1659 512 1711 ﬁcus
567 1659 758 1721 bonas,
789 1659 958 1711 bonas
1010 1656 1208 1722 valde;
1247 1664 1302 1710 et
1333 1656 1523 1721 malas,
1552 1655 1726 1709 malas
1778 1654 1953 1718 valde,

375 1764 494 1818 qua:
546 1750 757 1805 comedi
816 1765 921 1802 non
978 1760 1226 1817 possunt,
1260 1764 1325 1804 eo
1358 1749 1502 1816 quod
1544 1748 1697 1801 mala?
1730 1749 1858 1801 sint.
1894 1746 1956 1800 Et

2057 550 2343 619 pollicetur
2371 566 2385 605 :
2416 550 2680 605 lllalarunt
2717 562 2900 604 autem
2952 549 3256 616 Sedeciam,
3287 551 3376 617 qui
3427 563 3645 605 contra-

2057 645 2246 696 dicens
2287 644 2567 697 scutetttim
2609 644 2703 698 Dei
2736 654 2927 714 raptus
2977 644 3070 709 sit,
3099 656 3445 712 necatusque
3478 645 3650 696 oculis

2056 735 2255 787 ductus
2285 746 2366 787 est
2421 736 2471 787 in
2530 736 2881 807 Babylonem,
2908 735 3089 805 ibique
3126 745 3375 790 mortuus
3418 746 3499 788 est
3539 733 3649 804 (IV

2056 824 2185 895 Reg.
2244 828 2390 896 xxv).
2440 827 2498 881 ιιι
2556 841 2764 882 tantum
2820 840 3003 883 autem
3048 828 3183 882 Deus
3243 828 3425 897 posuit
3464 830 3650 882 oculos

2054 934 2183 975 suos
2222 922 2274 974 in
2305 922 2504 975 bonum
2544 922 2630 977 his
2678 922 2771 989 qui
2828 923 3062 989 imperio
3095 922 3217 991 cjus
3251 922 3647 989 acquieverunt

2059 1008 2279 1077 (Jercm.
2334 1014 2492 1081 XLII),
2516 1022 2570 1066 et
2633 1011 2849 1065 reduxit
2883 1012 3005 1066 illos
3038 1013 3092 1064 in
3145 1021 3347 1065 terram
3385 1026 3565 1073 suam,
3596 1020 3651 1062 ct

2058 1102 2342 1156 aediﬁcavit
2366 1114 2420 1158 et
2445 1120 2549 1157 nou
2583 1104 2870 1167 destruxit,
2894 1116 2943 1158 et
2978 1104 3242 1173 plantavit
3278 1113 3332 1158 et
3362 1120 3466 1157 non
3497 1104 3650 1157 evul-

2058 1194 2151 1254 sit,
2182 1194 2432 1261 deditque
2466 1194 2544 1247 cis
2575 1209 2671 1248 cor
2702 1204 2759 1247 ιιι
2792 1199 2997 1248 scirent
3018 1208 3165 1257 eum,
3191 1196 3336 1263 quod
3365 1196 3482 1264 ipse
3504 1205 3648 1249 essi-t

2061 1284 2342 1348 Dominus,
2362 1292 2416 1338 et
2452 1284 2642 1338 ﬁerent
2672 1286 2747 1339 illi
2785 1286 2836 1338 itt
2869 1285 3147 1354 populum,
3174 1297 3227 1340 et
3253 1287 3369 1356 ipse
3393 1289 3473 1341 eis
3503 1299 3649 1341 esset

2061 1378 2112 1432 in
2150 1378 2320 1432 Deum
2354 1397 2365 1431 :
2403 1388 2461 1431 ut
2497 1379 2662 1431 etiam
2698 1379 2751 1431 in
2803 1379 3127 1447 captivitate
3184 1380 3426 1446 posuerit
3464 1382 3651 1433 oculos

2060 1485 2188 1523 s-uos
2218 1486 2379 1538 super
2412 1472 2554 1535 illos,
2586 1481 2640 1524 et
2692 1486 2952 1527 exercere
3006 1480 3229 1534 terram,
3252 1471 3525 1525 mdilicare
3553 1470 3652 1525 do-

2062 1578 2198 1624 tttos,
2231 1562 2477 1631 plantare
2508 1565 2750 1633 pomaria
2790 1563 2900 1635 [ΑΙ.
2968 1563 3235 1637 pomeria]
3268 1565 3320 1618 itt
3359 1564 3649 1635 Babylonia

2062 1656 2279 1722 regione
2313 1657 2665 1725 permiserit:
2709 1656 2895 1711 Daniel
2940 1660 3217 1727 signorum
3257 1659 3559 1723 miraculis,
3588 1660 3653 1713 de

2060 1746 2272 1812 captivo
2302 1747 2488 1800 subito
2524 1748 2773 1816 princeps
2809 1748 2983 1801 factus
3036 1749 3109 1802 sit
3154 1747 3317 1819 (Dan.
3353 1747 3432 1817 v),
3455 1759 3509 1801 et
3540 1760 3654 1803 tres

373 1844 575 1897 tactum
612 1853 693 1897 est
725 1844 947 1895 verbum
988 1842 1197 1896 Domini
1229 1842 1292 1896 ad
1326 1858 1433 1904 me,
1468 1843 1696 1896 dicens:
1731 1842 1958 1895 llaeedi-
1992 1836 2031 1889 Β
2063 1839 2213 1903 pueri
2265 1838 2508 1907 gloriose
2560 1840 2630 1893 de
2683 1840 2920 1893 fornacis
2973 1840 3225 1893 incendio
3280 1840 3491 1894 liberati
3544 1842 3655 1893 sint

372 1938 451 1990 cit
478 1935 737 1990 Dominus
772 1936 911 1989 Deus
948 1934 1113 1989 Israel
1146 1953 1157 1987 :
1198 1935 1350 1989 Sicut
1386 1936 1519 1987 tit-us
1564 1934 1644 1987 ha:
1676 1933 1852 1995 bome,
1880 1932 1958 1986 sic

373 2044 702 2095 cognoscam
741 2030 1278 2097 transmigratiouem
1322 2026 1483 2090 Juda,
1515 2042 1676 2094 quant
1709 2026 1864 2081 emisi
1894 2028 1959 2081 de

376 2122 498 2175 loco
525 2122 631 2174 isto
660 2122 711 2173 itt
747 2131 948 2173 terrant
978 2119 1383 2183 Chaldaeorum,
1410 2119 1461 2171 itt
1494 2119 1715 2172 boumn.
1761 2118 1823 2171 Et
1858 2134 1958 2187 po-

377 2230 503 2267 nam
531 2214 717 2267 oculos
750 2228 901 2267 meos
926 2228 1087 2280 super
1108 2228 1202 2265 eos
1237 2211 1289 2265 itt
1326 2214 1528 2265 bonum
1554 2212 1598 2277 ’,
1623 2219 1675 2265 et
1704 2211 1959 2264 reducam

375 2320 472 2360 eos
506 2307 558 2359 in
599 2316 796 2360 terram
850 2308 1006 2369 hanc,
1037 2316 1091 2360 et
1140 2306 1424 2359 mdilicabo
1456 2320 1575 2367 eos,
1610 2315 1664 2359 et
1697 2320 1803 2357 non
1863 2306 1953 2358 de-

378 2415 405 2453 s
432 2416 580 2452 ruam
612 2416 625 2453 :
653 2412 708 2453 et
742 2401 997 2468 plantaho
1027 2415 1143 2462 eos,
1184 2410 1238 2453 et
1280 2416 1387 2453 non
1436 2399 1689 2451 evellam.
1729 2398 1793 2450 Et
1826 2399 1963 2451 dabo

378 2496 460 2549 eis
494 2510 589 2549 cor
623 2504 681 2547 ut
727 2496 901 2548 sciant
952 2510 1056 2555 me,
1095 2494 1221 2562 quia
1273 2508 1374 2562 ego
1415 2507 1533 2545 sum
1578 2490 1838 2544 Dominus
1867 2506 1881 2555 ;
1909 2498 1965 2543 et

378 2597 538 2641 erunt
568 2587 698 2640 mihi
731 2587 782 2639 in
825 2587 1103 2655 pepulnm,
1139 2595 1193 2639 et
1238 2600 1337 2655 ego
1371 2600 1468 2640 ero
1512 2585 1591 2639 eis
1638 2583 1689 2637 in
1740 2581 1909 2635 Deum
1944 2597 1960 2637 :

379 2680 503 2745 quia
536 2688 879 2733 revertentur
913 2679 980 2732 ad
1021 2694 1108 2733 me
1144 2679 1196 2731 in
1228 2688 1342 2732 toto
1372 2676 1542 2731 corde
1572 2690 1695 2731 suo.
1717 2673 1786 2727 Et
1821 2673 1964 2727 sicut

380 2774 517 2826 ﬁcus
558 2774 823 2839 pessinne.
857 2786 977 2839 qum
1018 2770 1230 2826 comedi
1285 2785 1389 2823 non
1441 2776 1694 2838 possunt,
1723 2780 1789 2820 eo
1822 2763 1965 2833 quod

380 2870 489 2921 sint
532 2865 684 2919 malae
718 2881 732 2923 :
770 2866 883 2919 lucc
920 2865 1045 2918 dicit
1092 2863 1377 2929 Dominus,
1410 2865 1491 2918 sic
1524 2862 1662 2917 dabo
1702 2861 1814 2932 [ΑΙ.
1848 2860 1963 2914 cla-

370 2950 566 3027 mabo]
601 2957 727 3022 (sive
760 2956 994 3022 tradant)
1028 2955 1313 3011 Sedet-iam
1353 2969 1534 3022 regem
1561 2951 1699 3007 Juda
1730 2961 1785 3005 et
1817 2950 1965 3017 prin-

378 3050 532 3117 cipes
561 3047 696 3116 ejus,
726 3060 778 3103 et
827 3048 1066 3117 reliquos
1098 3048 1166 3102 de
1199 3047 1527 3108 Jerusalem,
1556 3045 1646 3115 qui
1696 3056 1967 3099 remanse-

382 3151 514 3194 runt
554 3141 607 3193 in
650 3142 781 3193 urbe
815 3140 937 3200 hae,
967 3148 1022 3193 et
1051 3138 1142 3208 qui
1185 3137 1433 3191 habitant
1462 3136 1516 3190 in
1551 3145 1691 3189 terra
1723 3132 1962 3203 ngypti.

384 3235 450 3286 Et
478 3231 619 3285 dabo
643 3246 735 3285 eos
769 3231 823 3283 in
850 3231 1215 3293 vexationem,
1245 3227 1702 3295 atllietiouemque
1727 3225 1855 3293 (sire
1885 3223 1961 3275 di-

381 3325 743 3392 spersiouem)
774 3323 1031 3377 omnibus
1065 3321 1247 3392 regnis
1304 3328 1463 3375 terra:
1491 3321 1544 3373 in
1585 3318 1963 3389 opprobrium,

384 3428 442 3468 ct
471 3418 520 3467 iit
566 3416 900 3484 parabolaut,
944 3427 997 3469 ct
1038 3416 1089 3468 in
1146 3414 1517 3485 proverbium,
1550 3422 1604 3467 et
1645 3412 1698 3465 itt
1742 3411 1966 3465 maledi-

381 3508 621 3562 ctionem
661 3511 713 3561 in
753 3509 1025 3561 universis
1060 3509 1219 3571 locis,
1258 3507 1323 3559 ad
1385 3520 1505 3574 qua:
1558 3504 1693 3573 ejeci
1755 3516 1867 3557 eos.
1904 3502 1967 3554 Et

384 3604 600 3655 mittam
640 3602 693 3655 in
733 3618 829 3655 eos
859 3602 1122 3670 gladium,
1157 3610 1210 3654 et
1256 3603 1475 3663 famem,
1509 3607 1565 3652 et
1599 3606 1831 3666 pestem,
1867 3595 1966 3648 do-

383 3707 488 3748 nec
515 3707 905 3746 consuman'ur
929 3692 996 3747 de
1021 3701 1164 3745 terra
1189 3706 1350 3757 quant
1382 3689 1505 3743 dedi
1535 3688 1615 3743 eis
1641 3697 1693 3743 ct
1725 3686 1968 3757 patribus

384 3801 596 3839 eorum.
635 3803 654 3835 ι
720 3785 864 3838 Duos
902 3784 1190 3854 cophinos,
1220 3783 1336 3837 sive
1399 3780 1647 3837 calathos
1702 3783 1966 3832 honorum

382 3878 728 3931 etmalorum
784 3876 897 3948 [Αἰ.
949 3878 1212 3929 bonarum
1259 3884 1313 3928 et
1372 3871 1659 3942 malarum]
1718 3870 1967 3931 ﬁcorum,

383 3971 610 4036 quidam
642 3970 1067 4039 interpretantur
1105 3968 1160 4021 ιιι
1200 3967 1364 4037 Lege,
1413 3975 1468 4019 et
1518 3967 1570 4018 in
1628 3962 1920 4029 Evangelio
1950 4000 1965 4025 ,

387 4061 694 4131 Syuagoga,
741 4069 799 4114 et
845 4058 1139 4124 Ecclesia;
1179 4069 1234 4111 et
1282 4055 1591 4109 Juda'orum
1646 4052 1865 4121 populo,
1916 4058 1971 4104 et

391 4154 848 4217 Christianorum;
897 4151 1168 4221 gebenna,
1205 4158 1258 4203 et
1300 4162 1467 4217 regno
1522 4144 1809 4208 ccelorum,
1836 4159 1971 4209 quo-

389 4259 507 4296 rum
546 4244 775 4296 alterum
830 4244 895 4295 ad
947 4238 1274 4309 supplicium
1318 4236 1554 4305 pertinet
1594 4245 1977 4304 peccatorum,

392 4334 619 4386 alterum
678 4333 744 4387 ad
797 4344 1108 4386 sanctorum
1170 4330 1378 4399 1011
1423 4327 1812 4382 habitaculum.
1866 4327 1969 4415 Sfd

389 4442 492 4480 nos
545 4425 779 4479 scientes
832 4424 985 4494 juxta
1038 4424 1339 4493 apostolum
1395 4422 1621 4477 Paulum
1658 4419 1833 4493 (Rom.
1872 4418 1969 4490 vn)

389 4519 561 4587 legent
616 4521 809 4572 bonam
846 4528 898 4572 et
932 4528 1202 4579 sanctam,
1232 4526 1289 4571 ct
1330 4516 1642 4568 mandatum
1686 4516 1887 4569 bonum
1914 4520 1968 4567 et

388 4622 664 4676 sanctum,
687 4621 740 4663 et
768 4624 933 4662 ιιιιιιιιι
959 4624 1079 4663 esse
1108 4608 1388 4677 utriusque
1408 4608 1743 4662 Testamenti
1774 4608 1969 4669 Deum,

388 4702 473 4755 vel
509 4706 573 4755 ad
607 4718 703 4758 eos
734 4702 905 4771 magis
936 4700 1261 4767 reteramus,
1288 4702 1377 4768 qui
1409 4702 1461 4753 itt
1496 4700 1726 4753 adventu
1755 4700 1973 4751 Domini

392 4795 693 4849 Salvatoris
718 4795 1087 4856 crediderunt,
1118 4805 1173 4846 et
1219 4808 1323 4846 non
1352 4792 1745 4846 crediderunt:
1786 4802 1839 4843 Ill
1882 4793 1973 4859 qui

390 4904 421 4942 a
483 4889 691 4945 Scribis
726 4899 779 4943 et
816 4887 1197 4943 Sacerdotibus
1258 4884 1519 4940 concitati
1577 4884 1972 4945 clamaverunt,

391 4983 675 5038 dicentes:
702 4980 984 5051 Crucifige,
1009 4979 1255 5048 cruciﬁge
1281 4977 1440 5031 tatem
1474 4974 1626 5047 (Luc.
1667 4990 1826 5039 uin,
1860 4975 1975 5043 21),

391 5076 505 5127 sint
535 5075 786 5127 calathus
823 5076 1050 5127 ﬁcorum
1099 5072 1366 5127 malorum
1398 5087 1413 5136 ;
1450 5068 1545 5138 qui
1587 5082 1715 5122 vero
1748 5078 1868 5136 post
1895 5082 1977 5120 as-

388 5169 705 5223 censionem
754 5165 873 5235 ejus
913 5167 980 5220 de
1018 5166 1217 5234 populo
1268 5162 1647 5225 crediderunt,
1679 5159 1747 5214 ad
1805 5159 1977 5213 bonas

391 5260 550 5325 ﬁcus,
576 5268 628 5312 et
668 5259 733 5311 ad
766 5258 1042 5312 ealatltum
1085 5257 1489 5327 cophinumque
1536 5254 1801 5322 optimum
1835 5251 1975 5306 rele-

389 5364 606 5407 rantnr.
636 5349 947 5419 Simpliccm
972 5360 1151 5405 autem
1177 5359 1229 5404 et
1260 5364 1441 5403 veram
1475 5361 1771 5415 sequamur
1803 5344 1979 5399 histo-

392 5443 553 5502 tiatu,
582 5443 724 5511 quod
759 5442 1022 5496 honorant
1067 5441 1289 5495 ﬁcorum
1334 5440 1608 5495 calathum
1655 5438 1854 5492 dixerit
1888 5435 1978 5491 le-

394 5537 673 5600 cltouiaut,
705 5537 797 5604 qtti
831 5550 890 5590 se
918 5532 1170 5589 Ieremia:
1210 5533 1466 5596 consilio,
1501 5543 1555 5586 et
1602 5533 1828 5602 imperio
1863 5531 1977 5596 llei,

472 5670 488 5699 ¹
524 5670 859 5725 lntcrserunt
892 5670 1059 5723 nostri
1092 5685 1219 5723 mss.
1248 5681 1299 5723 et
1336 5668 1602 5722 vetustior
1639 5684 1779 5719 unus
1816 5683 1980 5735 penes

399 5738 808 5811 Monttaucon.,
848 5741 1080 5811 denique
1134 5740 1331 5806 vulgati
1392 5741 1595 5804 aliquot
1652 5738 1979 5806 libti,jaa‘lu

403 5810 803 5883 Symmachum.
864 5810 1003 5880 quas
1073 5827 1229 5866 voces
1316 5812 1369 5863 in
1454 5821 1655 5864 lCX’Ultl
1741 5826 1979 5878 tempore

2064 1929 2226 1999 (Dan.
2256 1930 2337 1997 ιιι)
2370 1947 2383 1985 :
2422 1942 2475 1983 et
2500 1932 2732 1999 expletis
2763 1935 2921 1985 anuis
2989 1933 3336 2002 septuaginta
3364 1934 3463 1986 sub
3486 1931 3656 1985 Zoro-

2064 2023 2220 2077 bahet
2252 2034 2308 2077 et
2340 2022 2467 2078 .lesu
2502 2026 2789 2077 sacerdote
2821 2039 3015 2093 magno
3042 2035 3096 2079 et
3124 2024 3260 2078 Ezra
3297 2042 3361 2079 ac
3404 2025 3652 2090 Neemia,

2064 2116 2297 2184 plurima
2348 2130 2475 2185 pars
2512 2131 2728 2169 reversa
2773 2116 2839 2169 sit
2890 2115 3242 2171 Jerusalem:
3282 2134 3512 2186 quorum
3554 2136 3655 2173 nu-

2065 2225 2248 2263 merus
2274 2208 2324 2261 in
2356 2207 2595 2275 ejusdem
2627 2208 2777 2262 Em:
2810 2209 3083 2263 volumine
3118 2209 3521 2280 contineturU
3560 2211 3657 2266 Es-

2063 2303 2175 2357 dra:
2203 2304 2283 2369 ιι).
2321 2301 2627 2356 Notandum
2680 2318 2896 2372 quoque
2943 2303 3051 2373 [ΑΙ.
3106 2304 3325 2374 quippe]
3357 2306 3497 2372 quod
3542 2304 3657 2360 haec

2064 2395 2203 2449 visio
2258 2396 2499 2450 Sedecim
2535 2397 2871 2465 tetttporibus
2921 2398 3060 2451 facta
3092 2398 3163 2451 sit
3196 2399 3261 2451 ad
3302 2397 3653 2465 Prophetatn,

2066 2497 2354 2556 postquam
2402 2487 2693 2542 Jechouias
2747 2490 2944 2544 ductus
2989 2500 3075 2545 est
3124 2490 3178 2542 in
3220 2491 3658 2560 transmigratio-

2066 2591 2187 2628 nem
2219 2593 2233 2631 :
2266 2574 2383 2629 Non
2440 2577 2584 2630 enim
2636 2578 2773 2631 dixit
2828 2579 3225 2646 captivitatem,
3255 2579 3379 2649 quia
3418 2596 3476 2634 se
3515 2580 3660 2633 ultro

2068 2670 2386 2724 tradiderat.
2444 2669 2648 2725 Fabros
2688 2681 2867 2725 autem
2920 2683 2974 2726 et
3023 2672 3466 2737 inclusores,vel
3528 2674 3660 2743 legis

2068 2758 2392 2830 interpretes
2440 2770 2599 2830 atque
2658 2761 2912 2816 doctores
2954 2763 3212 2817 debemus
3254 2766 3528 2833 accipere,
3578 2765 3661 2818 vel

2066 2849 2307 2904 artiﬁces
2342 2850 2756 2921 iuclusorcsque
2791 2850 2903 2923 [ιιι.
2933 2852 3310 2924 tlusorcsque]
3342 2856 3458 2907 :tttt'i
3495 2866 3661 2923 atque

2068 2956 2427 3008 gmnmarum,
2457 2956 2577 3010 qua:
2609 2958 2698 2995 ars
2732 2942 2876 3011 apud
2929 2944 3193 2998 barbaras
3236 2948 3483 2999 nationes
3542 2960 3666 3012 pre-

2070 3031 2363 3084 tiosissinta
2394 3042 2501 3086 est.
2524 3031 2628 3087 l’ro
2666 3032 3033 3089 iuclusorihus
3060 3033 3413 3104 Septuaginta
3448 3036 3658 3088 vinctos

2074 3123 2411 3192 interpretati
2449 3133 2596 3189 sunt,
2634 3134 2689 3179 ut
2745 3126 3083 3194 captivitatis
3134 3126 3511 3195 signiﬁcarent
3546 3143 3658 3179 ma-

2070 3216 2177 3269 lnnt
2205 3232 2222 3282 ;
2258 3227 2313 3271 et
2342 3217 2408 3271 de
2438 3232 2538 3272 suo
2569 3217 2847 3283 addidere,
2882 3219 3094 3281 divites,
3120 3219 3266 3287 quod
3302 3220 3354 3271 iu
3390 3217 3666 3272 llehraicu

2070 3323 2176 3361 non
2211 3308 2466 3362 habetur.
2501 3308 2796 3377 Comparat
2825 3320 3007 3363 autem
3040 3308 3313 3363 calathum
3348 3309 3440 3379 qui
3495 3311 3670 3363 booas

2072 3397 2206 3451 licus
2231 3398 2469 3453 habebat
2504 3409 2559 3453 ct
2595 3400 2766 3454 bonas
2809 3400 2994 3463 nimis,
3031 3401 3149 3455 ﬁcis
3180 3401 3339 3470 primi
3376 3403 3667 3469 temporis,

2070 3506 2189 3559 qua:
2231 3489 2418 3546 Graece
2468 3492 2814 3560 appellantur
2846 3492 3098 3560 πρώϊμα,
3125 3493 3353 3546 Abrahzr
3385 3494 3671 3561 videlicet,

2072 3579 2246 3646 lsaac,
2271 3592 2324 3634 ct
2351 3580 2538 3644 Jacob,
2569 3593 2623 3636 et
2663 3580 2857 3652 Moysi,
2884 3593 2938 3636 et
2986 3584 3189 3649 Aaron,
3230 3595 3281 3638 et
3308 3583 3433 3650 Job,
3476 3596 3531 3638 et
3566 3601 3672 3638 cae-

2075 3674 2203 3725 teris
2245 3674 2451 3726 sanctis
2485 3674 2641 3737 viris,
2691 3674 2760 3729 de
2814 3675 3009 3744 quibus
3064 3691 3205 3729 unus
3258 3677 3325 3730 de
3374 3678 3673 3731 duodecim

2078 3766 2289 3834 1012
2327 3766 2564 3834 loquitur
2617 3767 3011 3835 PrOpltetarunt
3048 3784 3061 3822 :
3098 3767 3242 3822 Sicut
3292 3785 3447 3822 uram
3484 3771 3541 3822 iu
3583 3773 3673 3822 de-

2074 3870 2213 3911 serto
2250 3859 2444 3925 ,inveni
2500 3858 2700 3924 Israel,
2726 3870 2775 3913 et
2806 3862 2939 3914 sicut
2971 3862 3106 3930 ﬁcus
3156 3865 3205 3916 in
3237 3863 3465 3931 [iculum
3497 3865 3676 3918 inveni

2073 3961 2251 4018 patres
2281 3966 2458 4003 eorum
2491 3950 2647 4018 (Osee
2674 3968 2748 4014 ιι,
2789 3953 2898 4022 10).
2931 3952 3085 4006 Unde
3115 3966 3171 4009 et
3203 3970 3299 4008 nos
3328 3956 3678 4023 appellamur

2077 4042 2167 4093 lilii
2201 4042 2499 4095 Abraham.
2523 4041 2589 4095 Et
2622 4046 2933 4098 econtrario
2970 4047 3172 4098 dicitur
3206 4048 3271 4097 ad
3302 4045 3522 4101 .lud.eos
3567 4066 3583 4100 :
3618 4048 3677 4098 Si

2076 4144 2227 4201 pater
2274 4144 2441 4187 vester
2502 4144 2634 4188 esset
2694 4134 2985 4201 Abraham,
3039 4137 3286 4204 faceretis
3349 4154 3511 4202 opera
3560 4142 3679 4206 ejus

2080 4223 2264 4294 (Junii.
2300 4240 2417 4287 Vttt,
2449 4225 2563 4295 59).
2590 4224 2651 4278 lli
2690 4237 2873 4280 autem
2924 4227 3148 4291 calathi,
3174 4229 3264 4298 qui
3300 4230 3472 4282 bonas
3506 4230 3679 4283 habe-

2078 4322 2209 4372 bant
2232 4326 2287 4372 ct
2323 4320 2493 4372 malas
2534 4318 2693 4384 ﬁcus,
2721 4336 2826 4374 non
2868 4332 3026 4375 erant
3059 4320 3190 4377 furis
3215 4333 3267 4376 et
3286 4333 3439 4377 extra
3482 4324 3679 4377 Eccle-

2081 4410 2243 4476 siaut,
2297 4411 2392 4464 sed
2444 4419 2567 4463 ante
2620 4412 2880 4480 templum
2928 4411 3165 4479 Domini,
3205 4428 3268 4467 co
3299 4414 3442 4481 quod
3475 4430 3679 4469 cuncta

2010 4526 2053 4580 ο
2086 4499 2233 4554 illius
2260 4501 2505 4555 scicntitc
2535 4512 2750 4572 pateant
2776 4519 2790 4556 :
2828 4519 2927 4558 nec
2950 4514 3152 4557 tantam
3178 4504 3379 4560 habent
3410 4510 3686 4561 amaritu-

2080 4596 2263 4649 dinem
2304 4595 2386 4648 ha:
2418 4590 2551 4650 ﬁcus
2584 4611 2705 4665 qua:
2753 4596 2887 4651 foris
2939 4606 3089 4664 sunt,
3119 4608 3373 4667 quantam
3415 4600 3525 4652 illa:
3560 4615 3685 4669 quae

2081 4700 2201 4759 post
2264 4688 2665 4743 confessionem
2748 4688 2872 4742 ﬁdei
2936 4690 3388 4757 praevaricatione
3454 4702 3687 4745 mutata:

2082 4794 2229 4835 sunt.
2265 4778 2375 4834 Nec
2429 4788 2633 4833 tantam
2684 4780 3007 4834 suavitatem
3045 4779 3199 4833 bomc
3231 4780 3386 4843 licus,
3414 4797 3542 4849 qua:
3574 4796 3684 4836 ιιοιι

2081 4874 2285 4933 suntin
2310 4880 2613 4941 conspectu
2647 4873 2829 4941 templi
2860 4872 2953 4926 Dei
2989 4888 3003 4927 :
3037 4873 3466 4941 qualesl'uerunt
3489 4879 3686 4931 mundi

2086 4964 2422 5035 philosophi,
2457 4966 2549 5034 qui
2582 4965 2817 5017 naturali
2843 4964 2987 5018 bono
3019 4974 3074 5019 et
3114 4966 3477 5035 intelligentia
3508 4968 3688 5022 Crea-

2083 5062 2238 5123 toris,
2266 5075 2371 5111 ttun
2404 5068 2511 5111 tam
2552 5058 2649 5113 visi
2684 5068 2815 5112 sunt
2845 5058 3022 5126 sequi,
3054 5075 3214 5126 quam
3243 5060 3470 5113 laudare
3506 5061 3689 5114 virtu-

2086 5159 2164 5203 tes
2208 5166 2222 5203 ;
2260 5162 2519 5217 quautam
2560 5150 2762 5203 habent
2797 5149 3120 5202 suavitatem
3181 5149 3338 5212 ﬁcus,
3367 5166 3494 5219 qua:
3554 5163 3690 5204 sunt

2084 5242 2141 5294 itt
2176 5241 2373 5308 templo
2399 5239 2519 5304 Dei,
2543 5256 2774 5308 quarum
2806 5239 3028 5293 fuerunt
3056 5242 3401 5309 propheta‘et
3421 5245 3687 5309 apostoli,

2083 5336 2151 5389 de
2206 5336 2404 5404 quibus
2438 5349 2541 5386 una
2597 5332 2730 5387 ﬁcus
2778 5332 3096 5400 loquebatur
3135 5332 3291 5387 :Lac
3336 5334 3483 5387 robis
3543 5338 3687 5399 dedi,

2087 5443 2188 5479 non
2222 5427 2451 5479 solidum
2487 5424 2658 5477 cibum
2711 5421 2758 5491 (I
2803 5422 2931 5478 Cor.
2963 5438 3045 5483 In,
3072 5422 3148 5492 9.).
3179 5421 3242 5475 Et
3272 5440 3286 5478 ;
3327 5421 3520 5476 Filioli
3557 5427 3687 5490 mei,

2088 5538 2219 5591 quos
2248 5524 2436 5573 ilcrnm
2464 5519 2707 5588 parturio
2726 5518 2887 5571 donec
2915 5515 3153 5572 Christus
3180 5517 3343 5587 [etme
3370 5532 3435 5567 ur
3459 5522 3514 5569 in
3544 5522 3687 5573 rubis

2104 5678 2179 5717 tt)?
2205 5680 2309 5717 Ittt‘.

2104 5680 2179 5717 tt)?
2205 5680 2309 5717 lttt‘.
3203 5680 3218 5697 ‘

2083 5680 2098 5733 1
2157 5738 2175 5765 ²
2215 5736 2272 5787 ltt
2308 5750 2412 5788 uno
2444 5733 2615 5789 Vatie.
2649 5732 2717 5784 ad
2738 5730 3063 5800 plorandum
3093 5730 3123 5783 lc
3144 5728 3309 5798 gitur,
3348 5743 3446 5797 pro
3492 5727 3553 5782 in
3596 5728 3691 5781 bo-

2087 5822 2231 5859 ιειιιιι.
