3966 6176
270 262 391 327 863

749 254 1269 319 "COMMENTAR.
1311 253 1393 315 IN
1437 251 1839 315 JEREMiAM

1984 253 2344 315 ΠΙἮΕΤΛΜ
2391 252 2536 314 LIB.
2581 254 2647 324 V,
2685 250 2842 315 CAP.
2887 249 3099 315 XXIV.

3422 247 3532 316 8⁵8

274 377 480 442 (Colat.
522 390 593 438 tv,
652 372 756 444 l9).
794 372 949 429 Unde
984 371 1203 435 dicitur,
1252 369 1395 438 quod
1453 369 1505 422 in
1560 378 1851 437 censpeetu
1884 375 1928 429 Α
1958 369 2133 422 tribus
2186 378 2394 423 tantum
2445 376 2566 436 post
2620 365 3055 419 interfectionem
3108 364 3277 435 patris
3320 367 3531 421 Joacim

277 469 460 536 templi
496 468 613 533 Dei,
650 468 780 521 ficus
807 465 964 519 home
995 463 1195 518 fuerint
1228 464 1379 516 home
1403 462 1556 516 valde
1582 477 1597 526 ;
1637 474 1689 515 et
1719 461 1854 516 ﬁcus

275 562 430 617 malae
447 561 653 615 fuerint
675 558 830 613 mala:
851 557 1019 611 valde.
1031 554 1105 609 Ac
1122 570 1189 609 ne
1206 565 1458 623 putemur
1479 560 1722 606 nostrum
1739 569 1857 607 sen-

275 668 397 709 sum
436 663 662 721 ponere,
683 648 795 718 ipsa
837 646 1117 718 Scriptura
1145 659 1206 702 se
1235 646 1440 716 pandit.
1466 643 1635 711 Sicut,
1656 644 1852 714 inquit,

275 748 409 816 ﬁcus
430 745 513 798 In
545 742 786 798 bantusi
811 755 1118 810 cognoscam
1145 739 1664 808 transmigrationcm
1686 736 1854 800 Inda,

274 855 437 909 quant
460 834 690 892 smiside
708 832 822 889 loco
857 835 960 888 isto
990 833 1045 886 in
1071 842 1268 886 terram
1289 830 1656 885 Cltaldceorum
1684 830 1737 885 in
1762 837 1859 882 bo-

272 945 452 986 num:
494 929 813 985 Jechoniam
850 938 905 983 et
953 926 1251 998 principes,
1278 926 1371 996 qui
1421 939 1545 979 cum
1596 940 1660 980 eo
1711 922 1856 992 capti

275 1032 427 1088 sunt,
457 1021 796 1092 signiﬁcans.
816 1020 883 1074 Et
901 1018 1212 1073 econtrario
1236 1017 1301 1071 de
1322 1016 1554 1082 calatho,
1576 1015 1667 1084 qui
1691 1017 1860 1070 malas

279 1113 518 1169 trahebat
540 1113 676 1167 ficus
702 1120 784 1179 ;ct
812 1111 946 1165 sicut
973 1110 1130 1181 ﬁcus,
1159 1109 1253 1173 ait,
1284 1109 1531 1176 pessima:
1553 1105 1660 1180 [ΔΙ.
1685 1109 1856 1176 pessi-

276 1204 423 1277 mos]
451 1222 566 1274 qut:
592 1204 793 1258 comedi
812 1219 915 1257 non
931 1210 1169 1270 possunt,
1191 1218 1249 1257 eo
1270 1202 1409 1272 quod
1432 1202 1538 1255 sint
1566 1199 1722 1255 mala:
1746 1216 1765 1255 :
1783 1199 1860 1253 sic

276 1295 418 1348 dabo
452 1291 723 1348 Scdcciam
766 1307 937 1360 regem
966 1289 1113 1346 Juda
1145 1300 1192 1344 et
1224 1291 1485 1359 principes
1510 1290 1646 1358 ejus,
1675 1298 1724 1342 et
1769 1303 1858 1343 eos

274 1384 379 1452 qui
408 1385 464 1436 in
498 1380 1251 1454 Aigyptum~translugerunt,
1275 1394 1324 1434 ct
1354 1380 1447 1450 qui
1491 1387 1859 1433 remanserunt

277 1477 331 1530 in
358 1476 489 1530 urbe
514 1475 611 1528 hac
640 1475 696 1529 in
720 1474 1045 1529 vexationem
1077 1472 1507 1543 aﬂiictioncmque
1523 1471 1761 1526 omnibus
1778 1487 1861 1526 re-

270 1569 401 1639 gnis
458 1582 613 1623 terra:
660 1566 803 1638 (cap.
855 1565 1012 1629 mil,
1042 1565 1258 1635 quando
1288 1566 1340 1620 in
1370 1564 1604 1636 Egypto
1646 1579 1862 1634 quoque

270 1662 427 1730 capti
477 1668 623 1727 sunt,
653 1670 710 1716 et
737 1658 1245 1715 Nabuchodonosor
1296 1662 1480 1727 posuit
1527 1658 1581 1711 in
1621 1657 1862 1726 Taphnis

270 1754 486 1809 solium
515 1768 699 1817 suum,
724 1753 981 1822 misitque
1012 1767 1176 1820 super
1198 1766 1291 1805 eos
1317 1750 1577 1805 Dominus
1597 1750 1857 1820 gladium,
1896 1730 1935 1785 Β

272 1844 509 1908 famem,
555 1853 609 1898 et
658 1851 886 1912 pestem,
914 1842 1089 1897 donec
1126 1850 1577 1897 consumerentur
1614 1841 1683 1895 de
1716 1851 1859 1895 terra

277 1952 448 2007 quam
499 1938 646 1991 dedit
683 1937 927 2005 patrihus
965 1951 1180 1991 eorum.
1211 1935 1365 2001 Quod
1397 1946 1578 1989 autem
1628 1935 1764 1988 dixit
1798 1935 1863 1987 de

281 2030 407 2084 ﬁcis
434 2029 593 2085 bonis
625 2044 643 2085 :
679 2027 826 2083 Dabo
860 2028 934 2082 eis
970 2043 1060 2081 cor
1118 2036 1179 2081 ut
1232 2029 1405 2082 sciant
1452 2043 1552 2094 me,
1585 2027 1711 2096 quia
1772 2041 1863 2095 ego

277 2137 405 2175 sam
446 2120 727 2186 Dominus;
749 2119 826 2174 illi
877 2119 1057 2175 simile
1102 2129 1188 2175 est
1237 2120 1580 2188 apostolico:
1611 2118 1750 2173 Deus
1788 2125 1865 2172 est

272 2211 376 2281 qui
408 2220 661 2279 operatur
691 2211 747 2264 in
780 2210 922 2264 vobis
950 2220 996 2264 et
1028 2209 1176 2273 velle,
1210 2218 1262 2263 et
1309 2209 1557 2279 perﬁcere
1604 2207 1861 2277 (Philipp.

278 2316 349 2367 tt,
400 2302 493 2369 15)
525 2318 540 2355 :
578 2301 719 2370 quod
772 2315 878 2355 non
943 2300 1117 2355 solum
1154 2314 1341 2371 opera,
1368 2301 1462 2354 sed
1497 2308 1550 2354 et
1615 2299 1867 2355 voluntas

283 2404 483 2447 nostra
517 2393 609 2448 Dei
650 2393 856 2449 nitatur
892 2394 1119 2452 auxilio.
1169 2394 1370 2450 Delirat
1401 2395 1454 2448 in
1496 2394 1600 2448 hoc
1632 2392 1751 2448 loco
1789 2393 1870 2447 al-

281 2484 562 2555 legoricus
588 2500 806 2556 semper
852 2487 1142 2557 interpres,
1175 2495 1231 2540 et
1280 2486 1387 2540 vim
1430 2485 1656 2556 cupiens
1694 2483 1867 2539 histo-

266 2577 422 2632 rica:
453 2576 637 2632 facere
685 2577 927 2642 veritati,
959 2579 1024 2634 de
1075 2577 1289 2633 coelein
1321 2575 1622 2632 Jerusalem
1681 2586 1868 2646 captos

281 2673 485 2733 te'ert,
527 2678 689 2739 atque
735 2670 1030 2727 translatos
1063 2671 1118 2726 in
1181 2680 1383 2726 terram
1436 2669 1867 2726 Chaldaeorum:

264 2777 624 2831 rursumque
654 2766 718 2817 ad
743 2762 923 2817 locum
951 2763 1243 2834 pristinum
1278 2777 1613 2829 reversuros,
1645 2774 1701 2815 ιιι
1720 2760 1871 2816 Jure-

280 2859 459 2911 miam
500 2867 557 2911 et
609 2869 835 2912 caeteros
888 2868 1112 2912 sanctos
1169 2857 1458 2927 prophetas
1495 2871 1510 2921 ;
1557 2856 1693 2910 alios
1738 2870 1870 2909 vero

277 2949 383 3017 qui
415 2957 730 3016 peccatores
762 2946 984 3012 fuerint,
1021 2949 1074 3002 in
1106 2957 1249 3003 terra
1279 2948 1380 3002 hac
1429 2954 1483 3000 et
1524 2946 1576 3001 in
1607 2945 1748 3000 valle
1791 2946 1868 2998 la-

256 3056 605 3111 -crymarum
663 3054 788 3097 esse
838 3041 1152 3095 morituros.
1189 3040 1382 3094 Totam
1436 3037 1663 3093 visionis
1708 3035 1869 3105 hujus

254 3134 458 3189 simul
511 3133 667 3203 posui
700 3133 1027 3203 περικοπὴν,
1067 3132 1278 3202 1013
1313 3146 1380 3187 ne
1413 3146 1632 3186 sensum
1667 3130 1718 3183 in
1772 3145 1868 3184 ex-

280 3229 573 3299 positione
611 3226 932 3282 dividerem.
1418 3255 1423 3260 ι

344 3320 524 3391 (Cap.
561 3319 724 3376 XXV.
749 3350 818 3362 ——
841 3317 994 3374 Vers.
1028 3317 1106 3387 1.)
1141 3334 1161 3368 ι
1196 3315 1433 3371 Verbum
1482 3313 1626 3384 quod
1672 3312 1872 3366 factum

250 3426 380 3468 est
409 3414 481 3467 ad
513 3411 803 3466 Jerrtniam
847 3412 916 3465 de
959 3410 1109 3464 omni
1158 3407 1360 3479 populo
1389 3405 1526 3461 Juda
1556 3405 1682 3473 (sive
1711 3420 1876 3472 super

276 3520 519 3559 omnem
553 3504 810 3574 populum
841 3501 1003 3567 Juda)
1048 3502 1100 3555 in
1147 3513 1289 3554 anno
1321 3507 1516 3569 quarto
1541 3495 1744 3551 Joacim
1779 3494 1875 3549 ﬁlii

276 3596 463 3652 δαείω
500 3614 537 3649 ι’.
560 3596 642 3664 gis
674 3593 836 3649 Juda.
878 3612 898 3645 ι
929 3594 1059 3647 Haec
1106 3591 1286 3660 priora
1333 3599 1459 3644 sunt
1494 3587 1760 3658 praeterita
1800 3587 1878 3641 vi-

278 3689 457 3743 sione
486 3725 503 3751 ,
555 3686 645 3741 illa
675 3686 819 3740 enim
866 3684 970 3738 sub
1000 3681 1225 3738 Sedecia
1258 3679 1400 3734 facta
1433 3690 1541 3742 est,
1587 3689 1876 3748 postquam

278 3779 599 3836 Scchonias
624 3779 919 3833 translatus
943 3786 1028 3832 est
1048 3775 1372 3847 Babylonem
1394 3789 1410 3840 ;
1435 3774 1551 3827 haec
1572 3782 1750 3826 autem
1777 3771 1879 3823 sub

277 3873 509 3931 Joaeim
562 3872 671 3927 tilio
719 3870 903 3935 Josiae,
953 3881 1008 3926 et
1056 3877 1210 3939 patre
1238 3866 1533 3923 Jecboniae.
1579 3863 1696 3918 Non
1733 3864 1876 3918 enim

280 3981 454 4023 cura:
485 3974 604 4020 erat
646 3965 730 4034 (ut
775 3971 901 4018 ante
940 3961 1053 4032 jam
1093 3958 1225 4030 dixi)
1262 3957 1544 4029 prophetis
1584 3954 1696 4029 [ΑΙ.
1748 3968 1875 4025 pro-

279 4061 525 4131 plactis]
555 4067 801 4127 tempora
827 4068 1174 4118 conservare,
1205 4067 1326 4123 qua:
1354 4049 1590 4104 historia:
1620 4048 1764 4118 leges
1787 4048 1881 4103 de-

275 4154 585 4215 siderant;
618 4148 713 4204 sed
763 4146 1003 4204 scribere
1031 4154 1306 4216 utcunque
1339 4141 1687 4198 audientibus
1719 4151 1883 4211 atque

271 4244 531 4301 lecturis
562 4242 695 4296 utile
732 4247 1017 4296 noverant.
1062 4237 1216 4293 Unde
1264 4248 1319 4293 et
1349 4236 1404 4291 in
1447 4233 1711 4289 Psalterio
1743 4232 1883 4287 male

270 4337 526 4407 quidam
549 4335 703 4405 juxta
734 4341 937 4387 textura
964 4314 1207 4385 historia:
1229 4328 1559 4399 psalmorum
1593 4326 1882 4396 requirunt

238 4433 575 4494 .orutinem,
603 4428 748 4498 quod
780 4428 833 4480 in
860 4425 1032 4496 iyrico
1059 4424 1300 4479 carmine
1329 4434 1436 4474 non
1465 4419 1806 4474 observatur.

360 4523 555 4593 (Vera.
587 4520 673 4592 2.)
707 4537 728 4572 ι
766 4518 887 4588 ipse
932 4524 1017 4572 cst
1064 4532 1240 4571 annos
1287 4515 1495 4584 primus
1527 4512 1884 4566 Nabuchodo-

1962 472 2218 528 rt-gnarat
2265 460 2560 515 mensibus.
2611 457 2936 512 Interfectus
2982 466 3065 511 est
3110 468 3285 511 autem
3331 458 3537 512 Joacim

1962 552 2252 605 undecimo
2291 564 2436 604 anno
2479 552 2626 622 regni
2684 551 2768 605 sui
2818 550 2871 603 in
2920 547 3221 605 Jerusalem
3251 548 3360 617 (IV
3410 548 3537 621 Reg.

1963 640 2133 705 xxxv.)

2034 730 2212 800 (Vers.
2262 731 2342 801 5.)
2395 750 2414 784 ι
2470 731 2512 787 Α
2566 732 2728 787 tertio
2779 731 2994 786 decimo
3045 747 3188 787 anno
3240 732 3402 788 Josiaa
3446 732 3540 787 ﬁlii

1963 819 2194 876 Ammon
2232 824 2376 893 regis
2408 822 2544 878 Juda
2593 840 2764 895 usque
2815 828 2882 880 ad
2932 825 3073 879 diem
3112 826 3269 888 hanc,
3313 826 3416 881 iste
3457 836 3536 880 est

1968 915 2160 969 tertius
2195 926 2249 970 et
2281 916 2574 971 vicesimus
2600 931 2797 982 annus,
2834 916 3038 970 factum
3071 928 3154 971 est
3178 917 3402 971 verbum
3436 917 3544 973 Do-

1968 1005 2098 1059 mini
2145 1006 2211 1061 ad
2247 1022 2349 1073 me,
2397 1017 2452 1062 et
2483 1007 2697 1065 locutus
2746 1023 2867 1063 sum
2908 1012 2974 1063 ad
3006 1025 3100 1063 vos
3130 1009 3198 1064 de
3227 1020 3383 1066 um-te
3410 1027 3546 1067 con-

1966 1113 2197 1167 surgens
2226 1108 2281 1155 et
2302 1100 2552 1168 loquens,
2580 1111 2633 1155 et
2652 1117 2758 1155 non
2793 1103 3076 1157 audistis.)
3116 1102 3302 1158 Tertio
3331 1104 3545 1158 decimo

1969 1196 2286 1264 anno-regis
2318 1196 2429 1270 [ΑΙ.
2478 1194 2653 1269 regni]
2678 1196 2842 1252 .Iosias
2889 1199 2981 1266 qui
3032 1201 3272 1270 regnavit
3306 1200 3356 1253 in
3385 1199 3543 1254 Jeru-

1967 1284 2133 1340 salem
2169 1288 2327 1343 annis
2376 1289 2595 1358 triginta
2635 1299 2689 1345 et
2720 1305 2831 1343 uno
2854 1293 2895 1354 ⁸,
2924 1289 3191 1347 Jeremias
3222 1292 3545 1361 prOphetare

1968 1391 2199 1434 exorsus
2228 1389 2329 1444 est,
2370 1388 2423 1436 et
2454 1382 2802 1451 prophetavit
2829 1382 2934 1437 sub
2964 1398 3028 1437 ro
3059 1383 3214 1438 annis
3257 1384 3443 1438 decem
3491 1392 3546 1438 et

1971 1485 2186 1535 norem,
2212 1472 2300 1527 cui
2327 1473 2588 1528 successit
2615 1475 2667 1529 in
2693 1489 2919 1545 regnum
2956 1475 3099 1530 ﬁlius
3126 1475 3246 1545 ejus
3270 1475 3503 1531 Joacbaz
3528 1495 3544 1533 ;

1970 1578 2079 1631 quo
2130 1566 2312 1620 statim
2351 1566 2513 1622 ducto
2564 1567 2619 1622 in
2676 1569 3039 1636 captivitatem
3088 1585 3117 1624 a
3152 1568 3373 1626 Nechao
3423 1586 3547 1640 rege

1973 1654 2373 1727 Egyptiorum,
2411 1674 2635 1730 regnum
2667 1662 2901 1716 obtinuit
2949 1660 3157 1717 Joacim
3208 1663 3378 1717 frater
3425 1662 3548 1732 rjus

1969 1746 2081 1816 (iV
2107 1748 2233 1818 Reg.
2266 1749 2442 1817 xxttt).
2475 1751 2529 1804 In
2561 1752 2718 1818 cujus
2751 1754 2899 1821 regni
2931 1764 3124 1824 quarto
3149 1770 3310 1821 anno,
3345 1756 3444 1811 iste
3472 1756 3544 1811 ad

1969 1839 2256 1895 Jeremiam
2294 1842 2349 1896 iit
2385 1841 2494 1914 [ΑΙ.
2544 1843 2669 1917 fuit]
2718 1859 2897 1900 sermo
2932 1846 3166 1911 Domini,
3201 1862 3265 1902 ac
3308 1864 3408 1918 per
3442 1850 3548 1903 hoc

1968 1932 2268 2003 vigesiutus
2295 1936 2486 1989 tertius
2519 1951 2691 1990 annus
2722 1948 2839 1991 erat
2871 1935 3122 1994 Jeremite
3155 1941 3448 2008 prophetae,
3479 1957 3549 1996 ex

1970 2037 2081 2092 quo
2116 2025 2259 2095 loqui
2291 2029 2355 2079 ad
2397 2027 2653 2097 populum
2687 2029 2854 2098 carpit
2874 2045 2891 2096 ;
2924 2039 2977 2082 et
3023 2045 3302 2100 nunquam
3355 2033 3552 2099 pra-di-

1971 2130 2099 2172 care
2146 2117 2403 2184 cessavit,
2439 2118 2531 2174 sed
2580 2120 2810 2190 singulis
2856 2121 3052 2177 diebus
3098 2122 3341 2178 diluculo
3383 2132 3440 2178 et
3485 2124 3555 2180 de

1972 2221 2133 2264 nocte
2163 2225 2521 2278 eonsnrgrns,
2557 2212 2880 2280 loquebatur
2907 2213 2972 2268 ad
3006 2214 3283 2282 populum.
3320 2215 3382 2267 Et
3422 2232 3550 2279 non,

1973 2298 2169 2369 inquit,
2206 2299 2453 2355 audistis.
2508 2301 2605 2357 Sin
2658 2311 2861 2365 autem,
2913 2312 2973 2357 ut
3018 2302 3241 2358 lintriex
3276 2306 3554 2360 veteribus

1974 2390 2212 2445 haeretici
2248 2390 2463 2463 1015
2508 2392 2717 2456 volunt,
2770 2393 2852 2448 lex
2901 2393 3067 2449 semel
3118 2394 3171 2449 ia
3220 2396 3551 2463 adjutorium

1973 2481 2096 2536 data
2128 2491 2232 2545 est,
2266 2492 2320 2535 et
2347 2482 2641 2536 COIISlilllla
2672 2491 2940 2553 prtecepta
2976 2497 3097 2552 quae
3130 2484 3303 2539 nostri
3340 2485 3552 2539 arbitrii

1973 2575 2250 2629 voluntate
2280 2572 2363 2627 vel
2416 2575 2666 2641 facimus,
2712 2574 2796 2630 vel
2845 2590 2951 2630 non
2987 2574 3246 2642 facimus;
3279 2576 3556 2646 quomodo

1964 2665 2243 2735 Propheta
2279 2681 2338 2720 se
2384 2682 2601 2737 semper
2650 2668 2877 2738 ingerit.
2924 2660 2980 2723 et
3036 2669 3279 2737 quntidie
3330 2669 3556 2738 replicut

1975 2758 2227 2813 mandata
2264 2757 2382 2824 Dei,
2414 2774 2535 2828 quae
2584 2759 2770 2825 utique
2817 2760 2986 2813 semel
3034 2770 3281 2828 accepta,
3324 2761 3559 2819 sum-ce-

1977 2858 2100 2902 rant
2133 2850 2214 2903 eis
2258 2850 2459 2920 quibus
2490 2851 2613 2905 data
2638 2851 2888 2920 fuerant;
2921 2851 3022 2907 nisi
3059 2862 3116 2907 ut
3151 2853 3255 2907 hoc
3279 2853 3556 2920 Ostendat,

1981 2940 2071 2995 Dei
2104 2955 2205 2994 nos
2237 2957 2452 3011 semper
2480 2942 2724 3013 indigere
2748 2945 2984 3010 auxilio;
3010 2957 3064 2999 et
3091 2962 3368 3014 nunquam
3398 2960 3560 3015 posse

1977 3032 2247 3101 sufﬁcere,
2284 3035 2429 3104 quod
2477 3035 2646 3090 semel
2681 3036 2864 3090 datum
2895 3048 2999 3103 eat,
3039 3038 3140 3093 nisi
3175 3039 3417 3110 quotidie
3451 3039 3557 3094 Do-

1980 3125 2110 3179 mini
2146 3126 2520 3180 admonitione
2555 3127 2888 3183 renovetur?

2055 3236 2073 3269 ι
2113 3217 2181 3271 Et
2226 3217 2377 3296 misit
2414 3218 2675 3274 Dominus
2724 3221 2792 3275 ad
2841 3236 2936 3276 vos
2968 3238 3158 3279 omnes
3193 3239 3379 3281 servos
3428 3238 3562 3281 suos

1979 3311 2308 3380 prophetas,
2361 3323 2699 3379 consurgens
2750 3313 3031 3376 diluculo,
3085 3317 3415 3387 mittensqtte
3446 3358 3460 3381 ,
3505 3327 3562 3374 et

1980 3417 2086 3456 non
2125 3403 2368 3457 audistis.
2408 3420 2429 3454 ι
2468 3403 2587 3460 Non
2619 3418 2718 3474 per
2750 3421 2916 3459 unum
2957 3408 3300 3475 prophetam,
3331 3410 3423 3464 sed
3461 3426 3560 3479 per

1966 3507 2170 3549 omnes
2207 3494 2463 3564 populum
2511 3510 2670 3551 suum
2706 3495 2850 3551 Deus
2896 3511 3112 3565 semper
3147 3503 3450 3566 admonuit,
3504 3510 3561 3557 et

1982 3587 2138 3656 quasi
2188 3588 2303 3654 ipse
2353 3587 2405 3642 in
2441 3588 2664 3658 vigiliis,
2713 3597 2879 3658 atque
2928 3592 3176 3646 excubiis
3224 3593 3559 3648 constitutus

1971 3681 2221 3734 surrexit
2265 3679 2527 3747 diluculo,
2556 3689 2616 3735 ut
2657 3696 2817 3736 suum
2867 3685 3127 3753 populum
3161 3693 3557 3741 eommoneret.

1982 3772 2052 3827 Et
2094 3788 2222 3835 non,
2249 3771 2449 3843 inquit,
2477 3774 2735 3839 audistis;
2765 3785 2823 3829 ut
2849 3786 3055 3843 quanto
3088 3777 3332 3832 crebrior
3363 3779 3556 3835 admo-

1986 3866 2151 3931 nitio,
2200 3873 2350 3922 tanto
2398 3868 2868 3923 contemnendum
2922 3869 3125 3926 fuerint
3172 3881 3390 3941 peccata
3443 3886 3560 3926 ma-

1978 3963 2136 4035 jora?

2055 4055 2239 4124 (Vers.
2266 4055 2320 4122 4,
2352 4055 2431 4127 5.)
2469 4072 2489 4107 ι
2518 4052 2706 4123 Neque
2729 4054 3031 4110 iuclinastis
3058 4069 3218 4111 aures
3247 4065 3476 4119 vestras,
3502 4066 3559 4113 ut

1984 4148 2272 4211 audiretis,
2318 4162 2441 4201 cum
2488 4147 2727 4202 dicerem
2762 4144 2948 4219 [Vulg.
2985 4144 3259 4215 diceret]:
3307 4145 3562 4204 Reverti-

1987 4240 2117 4295 ruiui
2148 4242 2213 4295 ad
2248 4256 2333 4296 'ne
2364 4241 2739 4309 unusquisque
2761 4254 2790 4293 a
2821 4240 2903 4294 ria
2930 4255 3026 4294 sua
3057 4239 3220 4306 mala,
3248 4249 3306 4295 et
3331 4256 3360 4293 ιι
3393 4242 3567 4310 pessi-

1988 4335 2091 4388 mis
2123 4334 2544 4403 cogitationihns
2579 4333 2820 4388 vestris:
2859 4343 2914 4387 ct
2942 4333 3261 4389 habitabitis
3303 4335 3356 4389 in
3396 4345 3563 4399 terra,

1913 4426 2147 4496 D‘qnam
2195 4426 2342 4481 dedit
2385 4427 2644 4481 Dominus
2699 4426 2853 4482 vobis
2887 4436 2942 4482 et
2990 4427 3240 4497 patribus
3286 4429 3485 4483 vestris
3532 4445 3565 4484 ει

1985 4518 2183 4573 sat-cuin
2207 4533 2379 4586 usque
2412 4517 2466 4570 in
2513 4517 2792 4572 saeculum.
2837 4535 2855 4568 ι
2895 4515 3069 4572 Tanta
3108 4518 3208 4571 fttit
3242 4519 3437 4572 duritia
3470 4533 3565 4589 po-

1987 4611 2119 4679 puli,
2150 4619 2207 4663 ut
2240 4625 2307 4664 ne
2336 4608 2581 4663 habitum
2612 4609 2829 4676 quidem
2860 4610 3129 4664 audientis
3155 4620 3478 4675 assumeret,
3511 4620 3565 4663 et

267 4630 476 4672 nosor
505 4614 650 4684 regis
680 4610 970 4682 Babylonis
994 4608 1161 4681 (quod
1214 4607 1265 4661 in
1314 4604 1453 4661 LXX
1489 4620 1597 4659 non
1628 4603 1879 4659 habetur.

265 4712 359 4767 Et
407 4703 771 4776 scquilur‘):
823 4700 976 4767 Quod
1034 4701 1248 4755 locutus
1300 4707 1386 4753 est
1432 4696 1698 4752 Jeremias
1747 4695 1883 4751 Pro-

264 4803 472 4874 pheta
501 4800 568 4852 ad
600 4807 817 4851 onmem
867 4793 1122 4863 populum
1171 4789 1334 4855 Juda,
1381 4802 1437 4846 et
1485 4791 1553 4844 ad
1601 4790 1886 4844 universos

264 4892 650 4949 habitatores
682 4885 985 4942 Jerusalem
1019 4883 1206 4938 dicens
1232 4894 1247 4936 :
1278 4900 1296 4934 ι
1335 4880 1538 4948 Quarto
1569 4896 1714 4935 attuo
1746 4881 1887 4951 regis

260 4983 542 5047 Joacim,
564 4980 657 5035 lilii
678 4978 844 5035 Josia‘.
868 4976 1040 5046 patris
1062 4973 1356 5039 Jechonite,
1381 4972 1884 5028 Nabuchodonosor

264 5082 342 5132 in
394 5073 672 5144 Babylone
718 5068 958 5138 suscepit
1009 5066 1319 5136 imperium,
1365 5074 1531 5135 atque
1573 5068 1645 5119 ita
1682 5065 1883 5120 factum

256 5179 413 5230 est,
451 5175 509 5219 ut
555 5178 731 5219 annus
769 5161 859 5231 qni
894 5160 1106 5230 primus
1136 5169 1254 5213 erat
1286 5156 1797 5213 Nabuchodonosor
1833 5158 1889 5212 in

256 5258 606 5329 Batiylone,
637 5264 870 5327 quartus
892 5262 1041 5308 esset
1075 5252 1127 5307 in
1153 5251 1454 5307 Jerusalem
1490 5252 1632 5321 regis
1655 5250 1887 5306 Juaeim.

254 5352 555 5420 Denique
598 5356 796 5404 octavo
834 5360 983 5401 anno
1032 5346 1180 5415 regni
1234 5345 1341 5408 sui,
1391 5343 1709 5399 Jeeboniam
1761 5359 1888 5398 cum

252 5453 492 5502 matre
536 5452 591 5497 et
638 5439 978 5511 principibus
1028 5440 1182 5493 duxit
1233 5439 1283 5492 iu
1340 5439 1745 5507 captivitatem,
1795 5442 1892 5506 qui

1986 4702 2273 4758 inclinaret
2301 4719 2488 4757 aurem
2538 4718 2716 4765 suam,
2753 4701 3018 4771 praecipue
3038 4702 3284 4765 ‘Domiuo
3318 4716 3565 4755 conuiu-

1986 4807 2167 4861 nente,
2205 4805 2265 4852 ut
2296 4806 2669 4873 revorteretur
2702 4796 3078 4866 unusquisque
3114 4810 3142 4846 a
3173 4795 3256 4847 via
3287 4808 3384 4847 sua
3421 4795 3559 4848 mala

1966 4900 2041 4945 et
2088 4905 2119 4944 a
2167 4891 2421 4960 pessimis
2476 4889 2901 4959 cogitationibus
2953 4888 3088 4947 suis,
3143 4885 3226 4950 Et,
3277 4900 3311 4939 ο
3353 4886 3563 4939 infinita

1989 4983 2300 5049 clementia,
2337 4998 2441 5038 non
2491 4982 2812 5051 supplicium
2848 4978 3048 5034 inferre
3078 4994 3176 5048 pro
3205 4980 3435 5042 scelere,
3470 4980 3566 5033 se.l

1991 5074 2057 5128 ad
2088 5074 2464 5142 paenitentiam
2511 5086 2831 5142 provocare,
2869 5080 2976 5125 tam
3016 5070 3281 5123 malorum
3314 5086 3564 5138 operum,

1990 5181 2111 5236 quae
2155 5165 2423 5234 significat
2454 5167 2539 5218 via
2586 5164 2751 5229 mala,
2780 5178 2941 5233 quam
2977 5165 3336 5231 pessimarum
3367 5164 3569 5232 cogita-

1996 5260 2226 5323 tionum,
2261 5274 2383 5328 qua:
2420 5269 2474 5312 et
2526 5258 2641 5325 ipse
2691 5259 2898 5326 absque
2931 5271 3095 5327 opere
3145 5266 3464 5326 reputentur
3511 5255 3565 5310 iu

1992 5360 2297 5418 peccaturo.
2334 5347 2399 5404 Et
2431 5348 2697 5418 promittit
2727 5352 3035 5417 prmntium,
3070 5349 3115 5402 si
3165 5349 3393 5402 fecerint
3423 5348 3567 5414 quoi

1994 5451 2320 5510 praeceptum
2351 5448 2455 5508 est,
2487 5450 2542 5495 ut
2595 5441 2839 5495 habitent
2871 5440 2926 5494 in
2964 5449 3135 5505 terra,
3178 5453 3301 5509 qua:
3343 5439 3466 5493 data
3499 5440 3573 5496 sit

2037 5623 2208 5677 abrri.

2037 5626 2208 5677 ahrri.

1997 5626 2029 5680 h
2070 5699 2090 5727 ³
2121 5696 2351 5749 Cistcrc.
2388 5709 2517 5763 ms.,
2552 5691 2703 5748 mntis
2728 5692 2912 5761 viginti
2941 5702 2989 5747 ct
3022 5707 3144 5748 uno.

367 5625 392 5656 ⁸
446 5620 647 5677 Virtor.
702 5622 819 5677 lucc
872 5621 1032 5676 verba
1073 5620 1410 5691 parenthesi
1462 5619 1888 5691 inclusa_delut,

251 5696 521 5770 quippe
552 5710 673 5747 cum
724 5693 920 5747 falsum
958 5696 1047 5755 sit,
1083 5689 1293 5746 column
1331 5692 1457 5744 illud
1500 5698 1550 5745 tn
1593 5689 1731 5744 LXX
1784 5708 1889 5746 non
