4004 6182
428 291 542 358 86’!

1596 281 1667 341 ‘S.
1702 278 2012 340 EUSEBII
2056 278 2492 346 HIEBONYMI
2565 321 2573 327 -

2738 200 2744 208 .
2779 210 2857 226 ..ουτ
2874 209 3008 227 ⁸⁹⁶¹υκ⁴ι
3024 209 3206 237 δὴῖέιρ.

3589 276 3698 343 868

434 404 709 476 patribus,
741 409 795 454 et
820 407 1041 470 propter
1071 396 1303 453 ﬁliorum
1328 393 1461 450 vi'tia
1488 371 1723 451 sublata.
1749 393 2016 461 Quodque
2040 444 2041 447 η

2146 407 2305 450 οεειιι
2358 395 2534 458 molae,
2569 402 2627 450 et
2667 392 2848 451 lumen
2899 392 3155 449 lucernaz.
3189 387 3254 444 Et
3284 390 3391 446 erit
3440 389 3701 443 universa

441 500 519 550 ait
550 512 565 552 :
600 496 639 551 Α
672 492 866 549 trecqu
894 502 944 546 et
978 506 1140 560 usque
1174 489 1230 543 in
1260 487 1534 551 sa'culum,
1564 486 1698 552 sive,
1729 484 1794 538 ab
1823 495 2017 538 wterno

436 600 490 645 et
520 603 684 657 usque
709 586 762 639 in
793 592 1065 647 cateruam,
1099 581 1335 636 ostendit
1365 577 1458 633 Dei
1487 579 1624 633 dona
1655 587 1941 648 perpetua,
1970 574 2017 630 si

445 682 589 751 digni
626 676 931 734 exstiterint
960 675 1011 728 hi
1043 673 1242 743 quibus
1271 673 1395 726 data
1423 679 1570 725 sunt.

510 769 700 841 (Vera.
732 768 787 834 6,
815 767 893 837 7.)
927 784 945 817 ι
979 766 1048 820 Ει
1079 763 1245 819 nolite
1273 763 1354 817 ire
1386 769 1511 832 post
1539 761 1672 816 deos
1700 760 1924 820 alienos,
1963 768 2023 814 ut

446 863 697 919 serviatis
726 860 827 925 eis,
855 857 1203 926 adoretisque
1232 870 1364 921 eos;
1394 868 1569 922 neque
1596 868 1681 908 me
1711 853 1777 907 ad
1809 858 2023 908 iracun-

448 957 591 1011 diam
624 952 929 1025 provocetis
965 950 1018 1004 in
1051 948 1305 1018 operibus
1333 962 1594 1002 manuum
1624 955 1946 1012 vestrarum,
1968 952 2026 1000 et

444 1065 559 1105 {non
607 1046 838 1118 aﬂligam
873 1060 990 1101 vos.
1019 1044 1087 1099 Et
1136 1058 1244 1098 non
1279 1040 1506 1095 audistis
1538 1054 1648 1109 me,
1676 1039 1810 1094 dicit
1844 1039 2026 1094 Domi.

444 1156 555 1195 nus
583 1139 628 1202 ⁸,
663 1149 723 1193 ut
744 1144 850 1192 'me
883 1136 949 1190 ad
987 1134 1321 1191 iracundiam
1352 1132 1729 1202 provocaretis
1762 1130 1816 1185 in
1847 1130 2027 1201 operi-

450 1234 553 1289 bus
588 1246 841 1286 manuum
879 1236 1179 1301 vestrarum
1222 1225 1276 1279 in
1327 1223 1533 1278 malum
1578 1229 1841 1277 vestrum.
1893 1239 1913 1272 ι
1962 1220 2029 1276 Et

446 1328 591 1390 haec,
626 1324 825 1393 inquit,
875 1319 1159 1375 monebam
1210 1332 1336 1372 eum
1391 1313 1792 1384 superioribus,
1824 1328 1890 1368 ne
1922 1312 2029 1369 diis

443 1418 647 1473 alienis
681 1414 979 1477 serviretis,
1013 1421 1069 1467 et
1097 1410 1396 1465 adoraretis
1431 1423 1548 1475 eos,
1578 1417 1631 1462 et
1678 1420 1747 1462 ne
1792 1407 1892 1460 ista
1947 1405 2029 1459 fa-

446 1511 650 1567 ciendo
704 1523 792 1563 me
845 1504 1216 1577 provocaretis
1284 1501 1353 1557 ad
1423 1502 1759 1557 iracundiam
1813 1510 2032 1570 propter

450 1619 621 1672 opera
661 1616 915 1657 manuum
962 1608 1290 1660 vestrarum,
1327 1603 1386 1649 ut
1426 1593 1668 1649 facerem
1699 1593 1844 1664 quod
1884 1592 2033 1648 nole-

456 1699 603 1760 bam,
634 1705 689 1750 et
716 1694 1008 1764 afﬂiget-em
1042 1688 1253 1760 1015
1288 1702 1404 1752 vos,
1432 1696 1490 1742 et
1525 1701 1630 1741 nOu
1664 1685 1897 1740 audistis
1925 1699 2029 1740 me.

457 1790 721 1858 Quodque
752 1786 1034 1855 sequitur:
1066 1785 1202 1837 Dicit
1227 1781 1510 1845 Dominus,
1542 1790 1597 1832 ut
1625 1794 1705 1831 me
1728 1781 1797 1832 ad
1821 1779 2033 1832 iracun-

448 1883 600 1936 diam
633 1879 983 1949 provocaretis
1010 1892 1065 1929 in
1098 1873 1337 1945 operibus
1369 1889 1623 1927 manuum
1646 1880 1947 1926 uestrarum
1977 1871 2031 1926 in

454 1974 662 2027 malum
697 1978 949 2027 vestrum,
979 1966 1036 2019 in
1070 1964 1426 2036 Septuaginta
1460 1979 1569 2018 non
1605 1964 1856 2019 habetur.

531 2063 710 2132 (Vcrs.
755 2056 832 2129 8.)
873 2075 891 2109 ι
933 2055 1232 2126 Propterea
1278 2055 1394 2110 haec
1423 2055 1555 2109 dicit
1590 2054 1851 2110 Dominus
1880 2068 2037 2111 exer—

450 2155 665 2209 cituum
700 2168 713 2205 :
748 2164 846 2220 pro
871 2163 935 2203 eo
966 2147 1111 2217 quod
1143 2160 1246 2200 non
1282 2146 1510 2200 audistis
1539 2145 1703 2200 verba
1741 2160 1878 2211 mea,
1907 2160 2037 2202 ecce

456 2261 563 2316 ego
628 2244 841 2299 mittam
900 2250 956 2295 et
1003 2253 1275 2296 assumatn
1337 2241 1624 2294 universas
1684 2240 2036 2309 cognationes

458 2336 766 2407 Aquilonis,
797 2334 873 2387 ait
904 2332 1207 2400 Dominus;
1234 2340 1290 2387 et
1321 2330 1819 2387 Nabuchodonosor
1858 2346 2035 2402 regem

458 2428 752 2500 Babylonis
783 2440 999 2481 servum
1032 2439 1235 2479 meum.
1269 2441 1288 2475 ι
1321 2422 1455 2489 Quia
1486 2437 1571 2476 me
1597 2424 1662 2477 ad
1694 2423 2035 2478 iracundiam

459 2520 818 2591 provocastis,
844 2528 899 2573 et
916 2516 1125 2572 fecistis
1152 2516 1351 2570 malum
1386 2516 1438 2571 in
1468 2514 1747 2571 interi-tum
1773 2527 2035 2584 vestrum,

459 2626 510 2668 et
532 2619 927 2681 provocantem
975 2612 1042 2663 ad
1082 2607 1487 2678 paenitentiam,
1521 2608 1758 2678 superbo
1786 2608 2039 2664 calcastis

455 2707 617 2774 .prilt‘,
676 2705 911 2767 mittam,
962 2701 1158 2772 inquit,
1212 2702 1278 2756 ad
1332 2703 1619 2758 universas
1667 2701 2036 2770 cognationes,

463 2801 579 2851 sive
607 2796 858 2850 nationes
882 2793 1190 2863 Aquilonis,
1221 2802 1276 2849 et
1307 2793 1573 2848 adducam
1618 2792 1914 2862 principem
1949 2806 2042 2847 ea-

472 2905 590 2943 rum
648 2887 1161 2942 Nabuchodonosor
1220 2901 1396 2954 regem
1461 2884 1755 2956 Babylonis
1820 2899 2037 2940 servum

442 2996 673 3037 .aneum.
710 2978 875 3033 Mittit
906 2989 1080 3032 autem
1110 2977 1370 3031 Dominus
1396 2978 1479 3032 vel
1506 2977 1747 3048 angi-los,
1774 2987 1831 3031 ut
1860 2979 2043 3031 conci-

2124 494 2264 538 terra
2298 484 2421 554 ejus
2449 483 2627 555 [Vulg].
2679 482 2819 558 hiec]
2862 486 2915 540 in
2947 483 3289 540 solitudinem
3320 493 3375 537 et
3422 483 3476 536 in
3510 492 3701 549 stupo-

2122 591 2256 632 rem.
2298 595 2318 630 ›
2360 575 2475 632 Hoc
2506 578 2559 632 in
2609 577 2967 634 conciliabulo
2999 574 3411 645 malignantium
3456 585 3514 628 et
3545 574 3704 628 hodie

2123 671 2550 738 coinprohatur;
2587 679 2646 723 ut
2688 670 2931 739 magistri
2967 684 3153 723 eorum
3189 685 3291 721 nou
3325 668 3557 722 doceant
3586 682 3705 720 ver-

2124 763 2248 817 bum
2295 762 2410 829 Dei,
2462 763 2557 818 sed
2606 763 2779 818 instar
2824 761 3030 818 colubri
3081 762 3322 816 sibilent.
3356 760 3616 830 Peritque
3649 761 3701 812 in

2123 857 2206 911 eis
2250 872 2353 912 vox
2397 857 2601 926 gaudii,
2635 871 2849 927 voxque
2895 858 3117 922 laetitiae,
3150 869 3208 914 ut
3258 874 3561 927 numquam
3610 872 3704 909 au-

2124 944 2277 997 diant
2313 943 2444 998 illud
2477 945 2719 1014 Apostoli
2752 964 2766 1001 :
2797 945 3054 1012 Gaudete,
3095 948 3283 1001 iterum
3318 948 3436 1001 dico
3475 949 3705 1018 gaudete

2127 1030 2388 1101 (Philipp.
2418 1050 2496 1099 tv,
2528 1035 2607 1101 4).
2639 1033 2755 1089 Vox
2788 1050 3006 1106 quoque
3047 1051 3281 1106 sppnsae,
3315 1038 3705 1093 ecclesiastica:

2128 1125 2286 1188 ﬁdei;
2322 1137 2373 1180 et
2408 1141 2510 1181 vox
2556 1129 2765 1197 sponsi,
2798 1128 3014 1183 Domini
3062 1090 3359 1185 SAvatnris
3389 1146 3406 1183 :
3436 1129 3541 1196 Qui
3566 1135 3705 1185 enim

2127 1216 2277 1271 habet
2304 1234 2571 1284 sponsam,
2608 1236 2828 1289 sponsus
2870 1231 2946 1275 est
2983 1221 3167 1292 (Joan.
3214 1237 3297 1286 tu,
3333 1222 3450 1291 29).
3486 1224 3709 1293 1016

2130 1308 2242 1363 Vox
2279 1309 2457 1374 mohr,
2491 1321 2547 1363 ut
2597 1326 2704 1365 non
2737 1321 3090 1374 conterantur
3135 1313 3186 1367 in
3217 1329 3278 1368 ea
3324 1312 3624 1377 frumenta,
3652 1326 3708 1368 et

2131 1401 2343 1471 populis
2395 1403 2659 1457 vesceuda
2707 1405 3143 1459 tribuantur:et
3195 1405 3376 1460 lumen
3429 1406 3706 1473 lucerna,

2133 1495 2379 1547 doctrina
2435 1495 2687 1549 videlicet
2740 1507 2795 1550 et
2847 1499 3077 1552 scientia
3135 1497 3251 1568 [ΑΙ.
3307 1499 3614 1553 doctrinam
3659 1508 3708 1555 et

2131 1586 2444 1660 scientiam]
2504 1590 2915 1659 prophetarum.
2974 1590 3213 1660 Denique
3263 1602 3320 1647 et
3383 1594 3454 1646 de
3497 1590 3711 1648 Joanne

2137 1677 2377 1744 Baptista
2424 1680 2623 1734 dicitur
2667 1697 2683 1734 :
2720 1679 2822 1734 Ille
2866 1692 2980 1735 erat
3026 1684 3242 1737 lucerna
3290 1682 3472 1739 lucem
3525 1682 3707 1753 (Jou.

2137 1788 2190 1835 v,
2222 1771 2339 1839 55).
2370 1769 2437 1825 Ει
2468 1772 2608 1827 alios
2640 1772 2946 1844 Propheta:
2972 1773 3236 1840 Lucerna,
3266 1776 3463 1845 inquit,
3492 1777 3711 1838 pedibus

2137 1865 2265 1916 meis
2309 1862 2518 1916 verbum
2572 1873 2758 1926 tuum,
2798 1864 3056 1931 Domine,
3103 1875 3152 1919 et
3200 1865 3294 1920 lux
3336 1868 3541 1920 semitis
3588 1867 3714 1920 meis

2136 1958 2313 2029 (Psal.
2342 1973 2529 2026 cxvtu,
2562 1959 2707 2029 105).
2741 1958 3025 2028 Universa,
3072 1958 3274 2031 inquit,
3308 1970 3454 2016 terra
3487 1961 3712 2016 hmreti-

2137 2065 2327 2106 eorum
2374 2052 2480 2107 erit
2532 2052 2584 2106 in
2635 2052 3006 2119 solitudinem,
3055 2063 3110 2109 et
3155 2054 3210 2109 in
3251 2061 3555 2124 stuporem,
3590 2070 3710 2110 cum

2138 2143 2491 2198 novissimum
2525 2142 2641 2213 ejus
2669 2145 2931 2213 insipiens
2960 2145 3121 2201 fuerit
3149 2147 3607 2204 demonstratum.

2209 2235 2386 2304 (Vers.
2426 2238 2484 2292 11
2524 2236 2702 2308 seqq.)
2731 2256 2751 2289 ι
2783 2237 2846 2293 Et
2876 2240 3118 2295 servient
3151 2254 3342 2297 omnes
3371 2254 3563 2312 gentes
3596 2242 3716 2298 inc

2144 2327 2252 2396 regi
2286 2325 2957 2402 Babylonis‘septuaginta
3004 2330 3183 2386 anuis.
3211 2331 3462 2401 Cumque
3510 2334 3713 2401 impleti

2140 2416 2342 2472 fuerint
2372 2421 2495 2474 anui
2539 2421 2902 2491 septuaginta,
2935 2422 3172 2479 visitabo
3203 2438 3368 2494 super
3395 2441 3577 2493 regem
3607 2425 3716 2479 Ba-

2141 2510 2375 2581 bylonis,
2410 2521 2465 2566 et
2499 2528 2663 2581 super
2694 2524 2908 2583 gentem
2939 2515 3109 2582 illam,
3139 2517 3273 2572 dicit
3298 2517 3587 2584 Dominus,
3618 2520 3717 2574 iui-

2141 2605 2379 2675 quitates
2409 2620 2621 2671 eorum,
2652 2614 2710 2660 et
2756 2622 2923 2676 super
2969 2617 3169 2665 terram
3219 2610 3619 2677 Chaldaeorum,
3663 2623 3721 2668 et

2142 2711 2342 2765 portam
2378 2696 2522 2750 illam
2568 2697 2620 2751 in
2672 2697 2995 2756 solitudines
3023 2703 3406 2771 sempiternas.
3440 2704 3506 2759 Et
3552 2705 3723 2760 addu-

2143 2804 2261 2843 cant
2298 2804 2459 2860 super
2481 2800 2679 2845 terram
2703 2792 2850 2847 illam
2883 2796 3063 2848 omnia
3090 2797 3254 2851 verba
3282 2812 3398 2852 mea
3431 2815 3551 2870 qua
3572 2802 3726 2856 locu—

2146 2890 2233 2935 tus
2262 2896 2382 2935 sum
2429 2894 2615 2939 contra
2660 2899 2779 2938 eam
2808 2898 2824 2937 :
2853 2900 3013 2941 omne
3061 2888 3205 2957 quod
3251 2890 3514 2960 scriptum
3550 2902 3637 2948 est
3668 2895 3727 2949 in

2146 2971 2285 3027 libro
2337 2973 2464 3038 isto,
2517 2988 2872 3046 quiscumque
2921 2980 3263 3048 pr0pheiavit
3308 2981 3577 3041 Jeremias
3629 2987 3731 3041 ad—

463 3086 580 3131 ιυιιι
603 3081 813 3145 gentes,
841 3071 920 3126 vel
949 3082 1096 3126 certe
1119 3070 1430 3139 huiusmodi
1458 3079 1637 3124 movet
1665 3068 2039 3139 cognationes,
2070 3075 2116 3139 ο
2149 3081 2365 3121 versum
2401 3084 2591 3123 omnes
2620 3080 2828 3141 gentes.
2871 3090 2890 3125 ι
2928 3073 3079 3128 Sicut
3128 3072 3430 3131 Jerusalem
3471 3089 3592 3147 post
3636 3094 3731 3134 se-

464 3178 530 3223 ut
563 3167 761 3221 iaciant
794 3162 1008 3217 Domini
1047 3162 1401 3217 voluntatem.
1439 3162 1700 3232 Quodque
1735 3173 1892 3216 vocat
1928 3177 2046 3218 ser-

467 3274 596 3313 vum
624 3274 779 3312 suum
810 3254 1328 3318 Nabuchodonosor,
1361 3270 1465 3307 non
1493 3254 1572 3308 sic
1601 3269 1792 3309 servus
1821 3265 2047 3309 vocatur

469 3361 531 3406 ut
557 3350 841 3419 Propheta:
871 3358 925 3403 ct
949 3361 1140 3403 omnes
1170 3348 1364 3410 sancti,
1396 3347 1488 3416 qui
1519 3361 1645 3402 vere
1672 3346 1915 3401 serviunt
1942 3346 2049 3402 Do.

446 3444 649 3511 .tnino;
697 3444 791 3497 sed
844 3456 953 3512 quo
1010 3440 1064 3495 in
1123 3439 1407 3495 eversione
1448 3437 1778 3506 Jerusalem,
1832 3438 2045 3494 Demini

464 3534 671 3591 serviat
725 3534 986 3588 voluntati
1031 3570 1048 3594 ,
1085 3532 1388 3587 secundum
1446 3532 1589 3600 quod
1649 3540 1704 3586 et
1757 3532 2047 3600 Apostolus

468 3629 706 3698 loquitur
741 3643 757 3684 :
796 3625 938 3691 Quos
975 3626 1176 3679 tradidi
1216 3624 1455 3690 Solam,
1484 3633 1539 3677 ut
1564 3624 1772 3679 discant
1803 3641 1905 3678 non
1936 3624 2050 3680 bla-

466 3720 739 3787 spltemare
767 3716 818 3785 (1
856 3717 987 3771 Tim.
1024 3733 1065 3781 1,
1108 3715 1226 3789 20).
1267 3716 1321 3770 In
1352 3717 1641 3785 Aquilonis
1685 3726 1865 3772 autem
1897 3727 2049 3784 parte

467 3828 589 3867 esse
635 3812 941 3875 Chaldaeos,
975 3811 1131 3880 juxta
1189 3811 1355 3865 situm
1404 3808 1707 3865 Jerusalem
1766 3810 1899 3865 nulli
1949 3810 2051 3865 dun

466 3904 616 3959 binm
651 3913 755 3959 est.

539 3994 722 4064 (Vers.
754 3993 831 4055 9.)
865 4013 883 4047 ‹
923 3994 987 4049 Ει
1015 3993 1279 4049 adducam
1320 4008 1414 4050 eos
1439 4008 1603 4065 super
1631 4004 1832 4050 terram
1864 3993 2047 4057 istam,

468 4097 515 4141 et
554 4103 719 4158 super
752 4086 1093 4142 habitatores
1125 4087 1270 4157 ejus,
1307 4096 1362 4142 et
1391 4101 1555 4156 super
1583 4087 1830 4142 nationes
1861 4099 2052 4141 omnes

470 4195 590 4249 quae
637 4181 688 4234 in
738 4181 974 4234 circuitu
1027 4179 1175 4233 illius
1206 4188 1372 4246 sunt;
1405 4190 1459 4234 et
1505 4178 1827 4233 interllciam
1854 4193 1970 4244 eos,
1998 4186 2054 4233 et

448 4286 663 4343 ponam
696 4284 793 4325 eos
825 4272 877 4324 in
915 4281 1214 4341 stuporem,
1246 4277 1302 4324 et
1338 4270 1394 4324 in
1422 4268 1667 4336 sibilum,
1693 4277 1748 4324 et
1778 4269 1832 4323 in
1866 4268 2054 4324 solitu-

470 4362 626 4417 dines
671 4362 1057 4432 scmpiternas.
1096 4380 1116 4415 ι
1152 4360 1257 4417 lsta
1289 4369 1418 4418 sunt
1460 4363 1680 4433 praemia
1711 4370 2049 4430 contempto-

2147 3159 2431 3230 ptuaginta
2462 3177 2634 3217 annos
2660 3162 2853 3231 recipit
2880 3162 2993 3235 [ΑΙ.
3027 3165 3254 3239 recepit]
3286 3167 3546 3238 pristinos
3575 3171 3732 3227 habi-

2150 3259 2372 3317 tatores,
2429 3259 2484 3305 et
2530 3251 2762 3320 expletis
2809 3252 3113 3333 suppliciis,
3150 3256 3276 3325 quia
3312 3256 3554 3312 obedivit
3602 3274 3736 3314 sen-

2148 3344 2327 3397 [cutim
2375 3342 2492 3410 Dei,
2544 3344 2801 3399 felicitate
2842 3345 3078 3412 pristina
3123 3347 3454 3418 perfruitur;
3499 3349 3583 3404 sic
3632 3364 3735 3405 rex

2147 3436 2435 3509 Babylonis
2466 3438 2554 3507 qui
2593 3438 2765 3494 elatus
2792 3439 2846 3494 in
2877 3442 3212 3511 superbiam,
3243 3455 3299 3499 et
3326 3460 3551 3498 suarum
3578 3446 3737 3500 arbi-

2148 3539 2325 3585 tratus
2348 3542 2434 3585 est
2455 3533 2674 3598 virium,
2707 3533 2849 3603 quod
2884 3534 3130 3603 regnavit
3157 3518 3215 3590 in
3245 3536 3515 3606 gentibus,
3541 3547 3735 3592 etnon

2149 3620 2362 3676 Domini
2423 3624 2752 3689 voluntatis,
2807 3624 2978 3680 Medis
3042 3626 3331 3698 Persisque
3382 3630 3737 3686 venientibus

2150 3716 2478 3771 destruetur.
2520 3715 2763 3799 Denique
2810 3733 2983 3787 usque
3029 3719 3191 3776 hodie
3238 3721 3390 3777 urbis
3439 3721 3738 3795 Babylonis

2150 3808 2392 3878 reliquim
2424 3817 2632 3861 tantum
2665 3818 2907 3863 manent.
2940 3808 3007 3864 Et
3053 3809 3237 3880 posuit
3286 3810 3434 3865 illam
3468 3811 3739 3868 Dominus

2151 3898 2205 3954 in
2259 3897 2606 3954 solitudinem
2654 3899 3078 3968 sempiternam,
3132 3908 3187 3954 et
3250 3901 3495 3971 implevit
3542 3903 3738 3957 omnia

2148 3986 2355 4053 verba,
2404 4002 2524 4058 quae
2578 3988 2632 4042 in
2688 3987 2848 4045 istius
2899 3990 3065 4058 ipsius
3121 3988 3408 4061 Propheta:
3459 3992 3741 4048 volumine

2152 4082 2524 4138 continentur.
2576 4079 2712 4137 Nam
2769 4081 2824 4136 in
2864 4085 3363 4152 consequentibus,
3417 4099 3538 4154 qua»
3589 4084 3741 4142 mala

2151 4187 2376 4244 passura
2411 4173 2483 4228 sit
2514 4172 2780 4244 Babylon,
2811 4172 3059 4231 Ieremia:
3091 4190 3272 4231 sermo
3302 4177 3584 4231 describit.

2223 4265 2404 4339 (Vers.
2435 4266 2546 4338 14.)
2586 4286 2605 4320 ‹
2634 4267 2770 4334 Quia
2803 4268 3116 4323 servierunt
3144 4270 3224 4325 eis
3248 4284 3369 4325 cum
3395 4282 3577 4325 essent
3597 4287 3743 4343 gen-

2154 4368 2237 4415 tes
2267 4359 2469 4425 multae,
2497 4370 2553 4416 et
2578 4376 2735 4431 reges
2764 4363 2982 4432 magni;
3006 4371 3060 4419 et
3084 4366 3301 4418 reddam
3325 4363 3407 4419 eis
3431 4366 3740 4419 secundum

469 4469 615 4519 rum,
643 4463 697 4508 et
738 4428 828 4508 Dei
861 4455 1027 4509 verba
1060 4455 1247 4510 audire
1282 4428 1599 4510 nolentium.
1645 4428 2051 4524 Quidquid—igi-
2083 4428 2127 4485 θ
2156 4470 2319 4523 opera
2342 4468 2554 4523 eorum,
2580 4428 2957 4511 et'secund'um
2985 4457 3129 4512 facta
3154 4472 3407 4511 manuum
3431 4470 3680 4513 suarum.
3717 4477 3739 4512 ι

473 4557 563 4601 tur
592 4545 716 4599 mali
761 4561 924 4615 super
954 4560 1055 4601 nos
1091 4545 1401 4612 adducitur,
1436 4558 1619 4602 nostra
1652 4554 1874 4616 peccata
1907 4544 2052 4601 fece-

470 4647 621 4692 runt.
653 4638 964 4708 Omnesque
990 4649 1173 4709 gentes
1205 4648 1265 4693 ut
1294 4648 1418 4695 tunc
1448 4641 1691 4694 adducta:
1715 4649 1840 4695 sunt
1861 4646 2053 4696 contra

454 4729 766 4805 Jerusalem
799 4747 813 4786 :
848 4730 928 4785 sic
963 4730 1120 4785 hodie
1150 4731 1497 4785 adducuntur
1519 4743 1709 4786 contra
1747 4730 2051 4788 Ecclesiam

468 4823 847 4893 negligentem,
882 4820 1280 4877 ut‘interliciat
1312 4836 1430 4885 eos,
1464 4834 1519 4876 et
1552 4831 1717 4892 ponat
1761 4823 1813 4878 in
1864 4832 2055 4893 stupo-

471 4930 610 4977 rem,
640 4925 693 4969 et
726 4915 779 4969 in
817 4913 1063 4979 sibilum,
1095 4923 1146 4968 et
1197 4914 1251 4968 in
1299 4913 1622 4970 solitudines
1669 4915 2054 4987 sempiternas,

471 5015 529 5057 ut
562 5006 612 5058 in
643 5005 891 5077 exemplo
922 5006 1033 5060 sint
1062 5005 1308 5061 omnium
1338 5015 1504 5075 atque
1531 5007 1818 5063 miraculo.
1852 5006 2056 5063 Sibilus

475 5109 651 5150 autem
678 5098 920 5154 miraculi
944 5108 999 5154 et
1022 5098 1264 5170 stuporis
1290 5098 1556 5154 indicium
1583 5108 1703 5167 est;
1739 5107 1794 5154 et
1822 5100 2061 5155 solitudo

474 5194 801 5259 sempiterna
830 5193 884 5249 in
916 5194 1003 5250 his
1027 5193 1478 5265 deprehenditur,
1509 5193 1600 5264 qui
1637 5194 1923 5265 praesidem
1953 5210 2058 5251 non

477 5283 684 5339 habent
711 5283 902 5340 Deutu.

546 5377 725 5451 (Vers.
776 5378 889 5448 10.)
930 5397 950 5432 ι
992 5378 1335 5452 Perdamque
1380 5397 1451 5437 ex
1503 5383 1584 5438 eis
1625 5397 1816 5439 vocem
1850 5382 2058 5453 gaudii,

475 5484 524 5528 et
560 5488 746 5529 vocent
777 5473 978 5529 limitis:
997 5493 1013 5541 ;
1047 5488 1232 5530 vocem
1265 5476 1474 5546 sponsi,
1507 5485 1561 5531 et
1590 5490 1775 5532 vocem
1803 5489 2057 5546 sponsae;

2160 4547 2277 4603 Hoc
2308 4549 2361 4602 in
2401 4545 2755 4618 Septuaginta
2792 4563 2900 4603 non
2933 4548 3190 4604 habetur.
3232 4548 3512 4619 Signiﬁcat
3551 4558 3743 4604 autem

2160 4642 2306 4713 quod
2353 4658 2460 4696 non
2508 4641 2680 4695 solum
2715 4651 2902 4696 contra
2948 4640 3279 4713 Babylonem
3330 4641 3749 4712 pr0phetaverit

2159 4733 2447 4803 Jeremias,
2480 4736 2573 4790 sed
2608 4745 2795 4790 contra
2824 4744 3048 4790 eteteras
3074 4742 3285 4806 gentes,
3321 4749 3443 4802 qua:
3481 4733 3535 4788 in
3568 4731 3751 4803 Baby-

2159 4824 2304 4880 lonio
2348 4823 2566 4879 fuerant
2596 4823 2862 4892 exercitu,
2895 4833 2948 4879 et
2981 4832 3169 4879 contra
3217 4822 3429 4878 Domini
3481 4822 3747 4892 populum

2131 4964 2135 4971 .
2164 4919 2519 4975 dimicarunt.
2561 4918 2803 4988 Denique
2849 4919 2902 4973 iu
2938 4918 3295 4985 sequentibus
3326 4916 3521 4971 dicitur
3546 4928 3747 4971 contra

2165 5008 2485 5080 Egyptum,
2511 5021 2567 5065 et
2593 5009 2950 5074 Philisthiim,
2986 5019 3042 5064 et
3077 5010 3256 5075 Moab,
3300 5018 3356 5063 et
3398 5012 3657 5069 Ammon.
3688 5018 3753 5064 et

2158 5101 2471 5167 lduma-am,
2502 5111 2556 5157 et
2598 5103 2944 5170 Damascum,
2979 5113 3032 5157 et
3059 5102 3253 5169 Cedar,
3292 5110 3345 5155 et
3381 5115 3541 5171 regna
3578 5101 3749 5168 Asor,

2159 5196 2336 5263 Elam,
2379 5205 2435 5251 et
2469 5195 2533 5249 ad
2566 5205 2874 5250 extremum
2909 5203 3101 5249 contra
3133 5194 3463 5265 Babylonem
3511 5202 3752 5247 terram-

2162 5307 2267 5359 que.
2309 5290 2639 5354 Chaldaeum.

2233 5383 2416 5456 (Vers.
2453 5383 2521 5439 15
2567 5383 2749 5455 seqq.)
2786 5402 2804 5436 ι
2838 5382 2974 5451 Quia
3026 5382 3108 5440 sic
3167 5383 3243 5437 ait
3292 5380 3553 5436 Dominus
3600 5377 3756 5437 Deus

2161 5476 2327 5533 Israel
2366 5479 2431 5531 ad
2456 5492 2541 5532 me
2590 5476 2778 5550 [ναις.
2818 5476 2968 5531 addit
3019 5476 3380 5541 exercituum,
3418 5482 3469 5527 et
3510 5472 3631 5527 silet
3679 5474 3755 5527 ad

551 5659 566 5690 ¹
591 5660 733 5737 Quae
765 5661 892 5714 hinc
934 5661 1346 5737 subsequuntur
1376 5662 1517 5717 sacri
1558 5673 1737 5720 textus
1780 5666 1968 5729 verba.
2000 5663 2050 5720 in
2092 5665 2443 5725 Cistcrciensi
2478 5681 2578 5737 ms.
2614 5663 2703 5722 hic
2733 5664 2834 5721 loci
2865 5679 2968 5721 nou
3007 5664 3296 5733 habentur,
3366 5661 3567 5733 quippe
3629 5677 3759 5732 qua

478 5730 638 5797 paulo
680 5743 796 5800 post
830 5732 1049 5802 proprio
1083 5730 1202 5787 loco
1235 5736 1555 5789 recitantur.
