4004 6182
352 304 486 391 εδδ)

840 338 1330 406 COMMENTAB.
1372 342 1455 405 IN
1498 344 1895 409 ‘J‘EREMIAM
1936 351 2400 417 PROPHETAM
2434 358 2583 422 LIB.
2620 362 2691 434 "V,
2719 360 2875 425 CAP.
2924 363 3141 427 XXIV.

3518 306 3637 437 87:0

381 443 493 516 me]
524 462 539 498 :
571 460 722 502 smne
755 449 980 506 calicem
1031 451 1138 507 vini
1178 452 1306 517 (sive
1357 456 1515 526 meri)
1550 456 1752 513 furoris
1800 459 1961 530 hujus
1994 472 2033 526 Α
2067 471 2121 517 et
2155 464 2459 534 Ascalouis,
2492 468 2672 533 Gazte.
2706 471 3031 536 Accaronis,
3059 483 3114 528 et
3149 475 3392 545 reliquiis
3419 477 3628 536 Azotm

379 536 450 591 de
483 555 642 593 manu
676 555 813 606 mea,
846 552 900 598 et
944 546 1257 615 propinabis
1289 549 1357 602 de
1393 549 1487 604 illo
1521 555 1731 608 cunctis
1779 554 1955 623 genti-

380 629 508 692 bus,
540 634 603 683 ad
637 647 775 699 quas
811 648 911 700 ego
958 636 1167 692 mittam
1199 646 1273 704 te,
1303 648 1358 695 et
1391 640 1597 707 bibent,
1630 651 1685 699 et
1718 645 1953 699 ineltriao

380 720 803 792 bunttterulg.
835 726 1222 801 turbabuntur]
1253 729 1380 800 (sive
1421 732 1658 805 vomant)
1683 751 1698 798 ;
1727 745 1782 788 et
1813 735 1952 791 insa-

378 812 534 865 nient
567 829 594 865 a
634 813 772 869 facie
807 815 1009 883 gladii,
1056 833 1215 886 quem
1263 834 1365 890 ego
1414 824 1624 876 mittam
1662 824 1803 878 inter
1836 840 1949 881 eos.

382 904 442 955 Et
482 905 662 971 accepi
714 906 940 960 calicem
993 907 1060 961 de
1095 923 1260 963 manu
1301 911 1535 975 Domini,
1566 923 1621 968 et
1668 913 1950 983 prepinavi

376 995 594 1049 eunetis
628 998 882 1065 gentibus
904 999 1130 1068 adqnas
1155 1002 1304 1055 misit
1336 1018 1421 1057 nte
1455 1003 1737 1061 Dominus.
1776 1025 1796 1058 ι
1825 1006 1955 1061 Pro-

379 1086 586 1152 pinatio
636 1088 843 1154 calicis,
877 1099 933 1144 et
978 1092 1189 1162 1017
1232 1093 1420 1149 calicis
1474 1099 1632 1163 meri,
1683 1101 1796 1151 sive
1844 1112 1949 1152 non

380 1174 688 1250 misti'[Al.
739 1184 1039 1256 commisti]
1064 1222 1082 1248 ,
1137 1201 1257 1254 quae
1297 1186 1495 1243 Graece
1535 1189 1735 1244 dicitur
1774 1191 1955 1260 ἀκρά·

376 1285 496 1331 του,
535 1270 797 1327 Dontinici
835 1276 1039 1330 luroris
1083 1277 1336 1331 indicium
1372 1289 1480 1343 est,
1511 1290 1570 1334 ut
1603 1296 1792 1336 omnes
1822 1299 1954 1353 gen-

378 1366 461 1413 tes
494 1361 535 1426 ¹,
568 1375 687 1430 qua:
720 1377 915 1417 comra
969 1366 1059 1421 Dei
1095 1368 1346 1438 p0pulum
1397 1370 1717 1435 militaruut,
1763 1374 1953 1429 bibant

380 1452 450 1504 de
480 1452 649 1506 calice
676 1452 877 1510 luroris
911 1458 1142 1524 Domini,
1169 1460 1236 1513 de
1263 1475 1372 1529 quo
1401 1462 1590 1517 scribit
1614 1463 1792 1519 .lsaias
1822 1480 1954 1520 con-

382 1551 465 1594 tra
500 1539 801 1598 Jerusalem
850 1569 863 1601 ;
911 1546 1178 1618 Scyphum
1228 1551 1465 1619 fruaris,
1518 1554 1731 1608 calicem
1783 1557 1952 1611 ηιξκιε

378 1634 584 1687 ebibisti
605 1645 654 1689 at
676 1641 969 1705 evacuaui,
993 1650 1267 1711 propterea
1293 1659 1548 1716 consurge
1570 1644 1711 1714 (Isa.
1736 1664 1811 1713 ιι,
1843 1649 1948 1718 l7).

380 1726 488 1781 lste
520 1740 701 1784 autem
735 1731 870 1784 calix
906 1732 1108 1788 idcirco
1144 1735 1347 1790 bibitur
1373 1750 1404 1789 a
1434 1738 1645 1792 cunctis
1674 1741 1947 1809 gentibus,

380 1830 442 1873 ut
474 1831 694 1875 vomant
738 1832 794 1878 et
839 1825 1132 1880 insaniant.
1182 1824 1340 1892 Quod
1379 1829 1596 1897 quidam
1635 1846 1834 1900 pravus
1872 1833 1952 1886 itt-

382 1921 592 1982 terpres
626 1914 678 1968 in
714 1916 912 1970 bonam
945 1928 1149 1985 partem
1184 1920 1429 1991 accipit:
1458 1932 1512 1976 ut
1538 1923 1709 1977 instar
1735 1927 1955 1981 cathar-

380 2006 500 2059 tica:
533 2010 769 2074 potionis
800 2009 1061 2079 quidquid
1099 2005 1331 2066 cholerae
1378 2022 1435 2067 et
1478 2012 1687 2083 pituita:
1716 2025 1770 2069 et
1805 2017 1951 2070 noxii

381 2099 627 2153 humoris
675 2101 728 2154 itt
771 2113 997 2170 pectore
1018 2114 1134 2167 est,
1190 2104 1335 2159 foras
1375 2105 1524 2160 exire
1556 2107 1868 2176 compellat,
1898 2117 1954 2163 ct

380 2194 635 2246 restituat
667 2194 949 2261 pristinam
986 2196 1297 2252 sanitatem.
1333 2195 1438 2251 Pro
1470 2196 1702 2253 Jeremia
1730 2214 1952 2271 quoque

379 2283 718 2339 Saliatoreut
775 2270 1041 2357 accipit“,
1090 2290 1232 2358 quod
1281 2291 1393 2358 ipse
1440 2292 1669 2347 cunctis.
1702 2270 1953 2362 gentibus

378 2380 684 2449 propinarit
730 2382 795 2435 ad
825 2397 963 2449 quas
997 2392 1052 2436 et
1083 2383 1279 2437 missus
1312 2384 1406 2448 sit,
1440 2393 1497 2436 ut
1532 2382 1743 2453 abjerta
1781 2386 1952 2441 idolo-

377 2470 557 2536 latria,
597 2471 688 2526 Dei
733 2489 791 2529 se
830 2473 997 2527 cultui
1046 2474 1382 2530 dedicarem.
1429 2474 1580 2541 Quod
1618 2478 1951 2531 contrarium

376 2577 497 2617 esse
520 2562 813 2633 Scriptura:
836 2575 1060 2627 sanctae.
1088 2566 1464 2621 manstrabunt
1500 2568 1803 2636 sequentia.
1831 2566 1951 2622 Non

375 2654 524 2707 enim
555 2669 656 2722 pro
705 2655 965 2722 remedio,
1000 2666 1057 2709 ut
1089 2656 1179 2711 ille
1212 2655 1348 2720 vult,
1381 2655 1475 2709 sed
1523 2671 1621 2726 pro
1651 2671 1811 2727 pteua
1842 2673 1954 2712 me-

378 2759 506 2799 raco
537 2745 706 2800 calice
737 2747 1112 2815 prOpiuautur.

441 2834 632 2907 (Vera.
697 2838 809 2906 18.)
855 2838 1195 2895 «Jerusalem
1248 2849 1305 2895 et
1355 2840 1673 2898 civitatibus
1709 2842 1952 2910 Juda,et

379 2930 603 2998 regibus
627 2930 767 2998 ejus,
801 2939 855 2984 et
882 2932 1223 3000 principibus
1270 2932 1410 3002 ejus,
1446 2945 1505 2988 ut
1545 2935 1734 2990 darem
1768 2952 1862 2990 cos
1894 2936 1949 2991 itt

375 3023 750 3084 solitudinem,
783 3033 839 3077 et
894 3024 947 3076 itt
998 3033 1298 3093 stuporem,
1332 3034 1388 3079 et
1440 3024 1494 3080 in
1540 3027 1784 3090 sibilum,
1813 3037 1867 3082 ct
1894 3030 1950 3081 itt

368 3113 843 3180 maledietionem,
876 3116 1021 3170 sicut
1051 3125 1135 3170 est
1168 3117 1282 3170 dies
1319 3117 1443 3171 ista.
1478 3136 1497 3168 ι
1544 3119 1836 3180 Putabam.
1868 3120 1950 3172 itt-

375 3209 515 3279 quit,
551 3210 693 3277 quod
739 3208 872 3263 solis
911 3209 1164 3277 gentibus
1206 3210 1581 3278 prapinarem,
1622 3221 1681 3266 et
1711 3211 1832 3266 ideo
1863 3229 1950 3267 tne

376 3300 503 3354 ltuic
539 3298 845 3354 ministerio
869 3300 1022 3355 laetus
1040 3299 1349 3354 obtuleratn
1381 3317 1400 3367 ;
1430 3301 1522 3356 sed
1556 3306 1700 3358 inter
1720 3315 1950 3375 cmteras

374 3404 586 3464 gentes,
635 3393 744 3445 imo
801 3402 928 3446 ante
954 3398 1209 3457 caeteras,
1239 3393 1527 3461 propinavi
1547 3392 1858 3450 Jerusalem
1897 3406 1951 3451 et

374 3486 692 3540 civitatibus
720 3483 881 3548 Juda,
907 3495 961 3538 et
988 3484 1209 3552 regibus
1240 3484 1382 3553 ejus,
1410 3495 1465 3540 et
1486 3486 1851 3558 principibus,
1892 3500 1951 3544 ut

376 3577 565 3631 darent
616 3592 718 3631 eos
777 3576 830 3629 itt
891 3588 1189 3645 stuporem,
1221 3589 1277 3631 et
1314 3578 1365 3632 itt
1400 3579 1767 3647 solitudinem,
1796 3593 1851 3637 et
1892 3584 1948 3638 in

378 3668 619 3733 sibilum,
663 3678 718 3722 et
779 3668 832 3721 in
888 3669 1353 3735 maledictiouem,
1391 3670 1535 3725 sicut
1592 3684 1646 3727 et
1693 3677 1948 3744 praiscnti

376 3761 637 3831 prob..tur
678 3759 949 3828 exemplo.
988 3759 1145 3815 Unde
1187 3760 1318 3814 dicit
1343 3772 1399 3816 et
1427 3777 1591 3833 supra
1628 3762 1948 3822 :Seduxisti

377 3871 479 3913 me.
514 3854 751 3917 Domine,
782 3865 831 3908 et
862 3854 1109 3908 seductus
1131 3870 1247 3908 sunt
1283 3854 1601 3911 :Vinvaluisti
1640 3868 1689 3912 et
1731 3861 1951 3929 potuisti

375 3944 597 4018 (Jerem.
644 3961 736 4010 xx,
770 3944 846 4017 7).

446 4035 630 4109 (Vers.
658 4037 765 4109 l9.)
802 4058 821 4090 ι
849 4038 1119 4096 Pharaoni
1153 4042 1259 4112 rogi
1284 4041 1508 4114 Egypti
1536 4056 1591 4098 et
1613 4046 1786 4099 servis
1809 4045 1948 4114 ejus,

373 4139 429 4183 et
463 4130 805 4200 principibus
838 4133 972 4201 ejus,
1004 4143 1059 4188 et
1111 4136 1255 4188 omni
1296 4139 1492 4206 populo
1543 4138 1684 4207 ejus,
1718 4145 1773 4191 ct
1829 4140 1951 4193 uni-

374 4223 546 4275 versis
574 4222 934 4290 generaliter.
962 4244 982 4277 ι
1036 4223 1165 4279 Post
1213 4223 1517 4280 Jerusalem
1558 4228 1697 4283 bibit
1738 4228 1950 4283 Pharao

375 4329 466 4367 rex
498 4312 717 4385 [Egypti
776 4326 832 4369 et
885 4317 1016 4370 socii
1041 4317 1163 4386 ejus
1202 4332 1217 4371 ε
1250 4318 1507 4373 biberunt
1568 4321 1844 4390 principes
1895 4330 1952 4376 et

374 4410 666 4463 universus
730 4409 1375 4480 pupulus,cuuctusque,
1417 4412 1508 4480 qui
1571 4427 1680 4466 tton
1727 4415 1946 4482 quidem

2064 554 2280 625 1018
2338 557 2687 615 Generaliter
2734 564 2915 632 posuit
2962 564 3310 629 Pbilistltiim,
3360 568 3465 623 hoc
3525 582 3632 635 est,

2065 655 2262 700 terram
2304 647 2741 719 Palestinorum,
2770 664 2827 709 et
2884 656 3195 724 specialiter
3260 658 3421 715 urbes
3445 676 3635 717 eorum

2058 741 2403 806 Ascalonem,
2433 742 2659 810 Gazam,
2694 747 3281 817 Accaron,-Azotum;
3327 752 3499 805 solam
3554 763 3637 807 ta-

2061 832 2174 884 cuit
2229 830 2396 895 tht,
2429 850 2550 903 qua:
2595 839 2908 892 continetur
2974 842 3025 893 in
3080 841 3346 907 reliquiis.
3404 842 3517 898 lluc
3555 853 3638 900 est

2056 925 2205 978 enim
2239 926 2382 994 quod
2411 926 2673 998 scriptum
2710 940 2794 985 est
2822 947 2843 984 τ
2875 930 2943 984 Et
2977 932 3211 1003 reliquiis
3240 933 3431 989 Azoti:
3459 938 3636 991 vicina

2077 1015 2223 1069 enim
2264 1027 2427 1087 atque.
2454 1020 2684 1073 confinis
2715 1032 2802 1077 est
2829 1021 3020 1086 Azoto,
3040 1039 3170 1099 qua:
3203 1023 3468 1080 llcbraice
3496 1027 3636 1080 dici-

2061 1116 2145 1160 tur
2167 1123 2334 1163 ESDOD
2356 1109 2603 1181 (πητγκ),
2638 1113 2788 1182 regio
2815 1114 2967 1168 urbis
3003 1113 3166 1169 Getb.
3196 1114 3513 1171 Palzestinos
3537 1134 3633 1170 au—

2054 1208 2168 1253 tem
2218 1214 2250 1254 a
2297 1199 2615 1272 Babyloniis
2655 1213 2853 1275 captos
2907 1215 3072 1275 atque
3123 1217 3384 1274 vastatos,
3443 1210 3636 1265 scribit

2058 1291 2248 1346 Isaias.

2121 1384 2311 1455 (Vers.
2342 1386 2458 1456 2|.)
2487 1407 2505 1439 ι
2532 1387 2805 1455 ldutmeae,
2843 1397 2896 1443 ct
2920 1389 3097 1456 Moab,
3121 1401 3177 1445 et
3213 1391 3341 1446 ﬁliis
3374 1392 3632 1456 Ammon,

2057 1486 2113 1531 et
2144 1480 2357 1533 cunctis
2389 1479 2606 1545 regibus
2629 1479 2781 1549 'l‘yri,
2815 1490 2870 1535 et
2911 1482 3190 1536 universis
3223 1483 3441 1549 regibus
3470 1482 3634 1536 Sido-

2024 1569 2165 1626 ‘nis.
2194 1588 2212 1621 ι
2250 1570 2486 1625 Ιιιιιηιεεε
2545 1572 2598 1625 itt
2634 1587 2739 1640 qua
2780 1585 2906 1628 sunt
2962 1583 3176 1628 montes
3236 1572 3379 1641 Seir,
3404 1584 3461 1627 et
3515 1589 3637 1644 qua;

2056 1660 2325 1717 Hebraice
2372 1663 2681 1733 appellatur
2732 1679 2871 1718 soon
2914 1664 3097 1734 (arm)
3131 1682 3145 1721 :
3175 1664 3346 1731 Moab,
3398 1678 3450 1720 et
3505 1666 3637 1721 Am-

2054 1768 2209 1818 mon,
2245 1753 2344 1821 ipsi
2365 1764 2494 1809 sunt
2524 1754 2615 1807 filii
2648 1753 2769 1821 Lot,
2790 1755 3029 1823 proximi
3064 1756 3231 1809 maris
3260 1755 3476 1809 Mortui.
3513 1753 3628 1824 Ty-

1985 1837 2027 1895 Β
2058 1860 2151 1900 rus
2174 1856 2227 1900 et
2247 1844 2414 1901 Sidon
2442 1846 2494 1900 in
2531 1846 2812 1902 Phrenicis
2835 1848 3019 1902 littore
3044 1849 3323 1918 principes
3351 1849 3629 1910 civitates.

2053 1951 2175 2007 qua:
2202 1945 2256 1992 et
2279 1938 2410 2008 ipsa:
2461 1937 2756 2008 Babylonio
2809 1940 3059 1994 veniente
3120 1950 3393 2008 superata:
3424 1952 3553 1993 sunt
3584 1938 3631 2001 ³,

2054 2039 2306 2097 quartum
2333 2029 2616 2100 Carthago
2648 2031 2886 2086 colonia.
2919 2029 3074 2085 Unde
3103 2039 3159 2085 et
3187 2030 3338 2085 Poeni
3376 2046 3632 2086 sermone

2056 2130 2316 2191 corrupto
2334 2123 2495 2190 quasi
2524 2122 2715 2177 Phaeni
2764 2123 3104 2192 appellantur
3136 2141 3161 2189 :_
3177 2138 3409 2193 quorum
3448 2124 3633 2192 lingea

2055 2211 2299 2268 Hebraeae
2333 2213 2529 2282 linguae
2565 2230 2761 2285 magna
2792 2230 2862 2269 ex
2888 2230 3044 2285 parte
3068 2216 3303 2270 conlinis
3331 2230 3434 2271 est.

2127 2303 2308 2375 (γεγε.
2344 2304 2463 2375 22.)
2510 2324 2529 2357 ι
2562 2305 2624 2359 Ει
2676 2305 2896 2374 regibus
2942 2307 3244 2361 insularum
3267 2307 3310 2371 δ,
3337 2322 3459 2376 quze
3502 2318 3634 2363 sunt

2056 2406 2209 2452 trans
2244 2413 2411 2452 mare.
2438 2417 2462 2449 ι
2500 2398 2673 2452 Trans
2699 2397 2807 2470 [Αι.
2841 2398 3059 2471 transit]
3109 2399 3371 2468 Cyprum,
3398 2408 3453 2454 et
3479 2400 3629 2455 Rho-

2057 2494 2207 2555 dum,
2241 2502 2297 2546 et
2329 2492 2559 2556 insulas,
2594 2508 2712 2559 qum
2752 2493 3091 2562 appellantur
3117 2492 3419 2556 Κυκλάδες.
3458 2495 3522 2546 Et
3545 2496 3628 2549 lia

2054 2584 2202 2637 enim
2236 2601 2266 2639 a
2291 2584 2604 2656 Babyloniis
2634 2595 2912 2655 occupata:
2944 2594 3091 2640 sunt.

2126 2695 2306 2765 (Vers.
2329 2698 2473 2763 25.):
2501 2697 2565 2751 Et
2594 2698 2793 2759 Dedan,
2825 2707 2877 2752 et
2900 2698 3166 2765 Tueman,
3195 2711 3247 2753 et
3275 2701 3404 2765 Buz,
3434 2711 3490 2756 et
3512 2703 3634 2756 titti-

2055 2790 2230 2844 versis
2266 2790 2360 2859 qui
2392 2791 2595 2844 attousi
2628 2799 2754 2845 sunt
2789 2792 2840 2844 in
2881 2806 3115 2845 comam.
3145 2809 3163 2841 ι
3202 2790 3294 2846 lla:
3338 2804 3529 2859 gentes
3576 2793 3631 2848 in

2056 2881 2350 2935 solitudine
2380 2892 2533 2948 sunt,
2558 2881 2748 2934 vicina:
2779 2891 2835 2935 et
2863 2883 3047 2935 mixta:
3081 2881 3400 2949 regionibus
3435 2884 3633 2937 Ismae-

2055 2969 2305 3034 Harum,
2335 2986 2473 3039 quos
2501 2987 2646 3024 nunc
2674 2971 2978 3027 Saracenos
3010 2980 3233 3038 vocant,
3260 2984 3313 3027 et
3343 2977 3407 3029 de
3437 2974 3634 3044 quibus

2055 3065 2255 3120 dicitur
2292 3081 2311 3121 ξ
2341 3066 2445 3133 Qui
2476 3068 2677 3120 attonsi
2705 3076 2829 3120 sunt
2861 3068 2912 3121 in
2943 3083 3171 3122 comam.

2122 3180 2302 3252 (Vers.
2333 3182 2450 3252 24.)
2479 3201 2497 3234 ι
2525 3182 2587 3236 Ει
2615 3184 2828 3238 cunctis
2859 3185 3077 3255 regibus
3101 3186 3317 3240 Arabia:
3343 3204 3357 3239 :
3398 3196 3451 3241 et
3497 3202 3634 3241 run.

2056 3273 2157 3327 etis
2190 3273 2409 3339 regibus
2445 3274 2781 3339 Occidentis,
2814 3277 2906 3344 qui
2961 3276 3208 3331 ltabitaut
3236 3277 3289 3331 iu
3339 3277 3577 3333 deserto.
3605 3298 3625 3330 ι

2054 3364 2166 3418 Hoc
2192 3365 2244 3417 in
2291 3362 2431 3417 LXX
2459 3380 2565 3418 non
2606 3366 2856 3420 habetur.
2883 3366 3008 3421 Post
3037 3369 3145 3439 [ΑΙ.
3203 3368 3458 3443 Propter]
3527 3370 3630 3424 De-

2053 3458 2156 3510 dau
2189 3456 2374 3527 igitur,
2405 3464 2459 3511 et
2491 3457 2759 3521 'l‘ltetnan.
2784 3466 2837 3514 et
2860 3458 2991 3527 Buz,
3015 3468 3069 3514 et
3094 3460 3426 3528 lsmaelitas,
3461 3463 3635 3532 regio-

2054 3565 2179 3603 num
2209 3549 2457 3605 ordinem
2488 3552 2757 3620 sequitur.

2129 3659 2147 3690 ι
2173 3640 2239 3694 Ει
2269 3639 2483 3694 cunctis
2512 3648 2729 3710 rcgttms
2757 3639 2960 3695 Zamri.
2993 3658 3011 3692 ι
3036 3639 3150 3696 lloc
3179 3656 3393 3712 quoque
3415 3643 3466 3697 in
3491 3642 3633 3699 LXX

2053 3746 2162 3785 non
2199 3733 2452 3785 habetur.

2126 3846 2307 3918 (ναῖε.
2338 3845 2456 3917 25.)
2493 3864 2511 3898 ‹
2544 3844 2613 3902 Ει
2655 3846 2870 3902 cunctis
2902 3847 3126 3919 regibus
3175 3848 3349 3912 Elam,
3386 3850 3634 3906 cunctis-

2053 3956 2160 4010 quc
2189 3940 2410 4008 regibus
2443 3938 2745 3995 Medorum.
2777 3958 2796 3991 ι
2831 3939 2908 3992 Ex
2935 3955 3000 3993 eo
3044 3941 3187 4010 quod
3224 3941 3401 3996 Zamri
3451 3945 3636 4013 sequi-

2056 4044 2141 4087 tur
2170 4032 2326 4087 Elam
2360 4046 2621 4102 rogesque
2653 4030 2962 4094 Medmum.
2995 4033 3324 4087 arbitramur
3362 4044 3415 4089 et
3452 4035 3630 4090 Zamri

2056 4127 2331 4197 regionem
2363 4140 2487 4185 esse
2510 4123 2776 4188 Persidis,
2805 4124 2910 4178 nisi
2950 4123 3182 4179 forte-.ex
3226 4141 3293 4179 eo
3323 4127 3464 4195 quod
3491 4144 3631 4196 prae-

2053 4218 2219 4272 cessit
2266 4217 2492 4281 Arabia,
2527 4225 2584 4270 et
2646 4216 2700 4269 bi
2758 4230 2911 4284 rcges
2966 4214 3280 4269 solitudinis
3323 4216 3631 4285 accipiendi

2056 4320 2210 4366 sunt.
2234 4310 2388 4365 Eiam
2417 4320 2596 4363 autem
2636 4309 2784 4376 regio
2816 4307 3057 4361 Persidis
3091 4318 3239 4361 trans
3279 4308 3630 4379 Babylonem,

2055 4402 2197 4456 unde
2229 4415 2284 4457 et
2340 4401 2610 4456 Elamitze.
2672 4398 2812 4454 Medi
2872 4414 3115 4473 quoque,
3148 4408 3314 4469 atque
3368 4399 3567 4466 Persae,
3600 4416 3633 4455 a

372 4507 455 4552 cst
486 4496 797 4570 :Egyptius,
828 4501 922 4551 sed
970 4502 1021 4552 itt
1049 4498 1169 4565 ejus
1201 4500 1515 4569 regionibus
1537 4516 1946 4577 commoratur:

2067 4490 2253 4557 ’lllilllls
2302 4501 2459 4558 capta
2520 4499 2574 4543 et
2632 4491 2909 4543 destructa
2974 4502 3053 4542 est
3094 4488 3357 4561 Babylon.
3405 4489 3472 4543 Et
3525 4491 3628 4558 ipsi

370 4606 506 4659 quos
539 4593 896 4660 Septuaginta
934 4600 1146 4646 vertere
1192 4594 1556 4662 συμμίκτους,
1587 4596 1639 4649 id
1677 4604 1783 4659 est,
1812 4599 1950 4649 mia:-

372 4677 536 4744 titius,
570 4678 765 4747 vulgus
812 4694 917 4732 non
964 4677 1232 4748 Aigyptiae
1281 4684 1538 4750 regionis,
1569 4684 1663 4738 sed
1708 4684 1949 4754 peregri-

371 4782 498 4819 ttunt
526 4777 581 4822 et
605 4770 989 4825 adventitiurn.

444 4877 463 4910 ι
505 4857 571 4912 Et
636 4863 848 4917 cunctis
875 4864 1093 4933 regibus
1129 4874 1284 4920 terra:
1314 4864 1599 4923 Ausitidis.
1630 4885 1649 4920 ι
1679 4866 1808 4934 Quae
1838 4867 1948 4923 He-

372 4952 557 5007 bratce
612 4954 913 5024 appellatur
974 4972 1044 5013 us
1088 4958 1257 5043 (Vw),
1289 4959 1356 5023 de
1384 4974 1488 5028 qua
1547 4969 1601 5013 et
1646 4960 1748 5014 Job
1779 4960 1947 5016 fuisse

372 5054 558 5097 narrat
595 5046 825 5101 historia
855 5061 872 5103 :
907 5048 1075 5104 Homo
1100 5054 1321 5121 quidam
1354 5063 1469 5107 erat
1498 5055 1552 5107 in
1593 5056 1800 5124 regione
1831 5055 1946 5109 Att-

368 5136 543 5200 sititli,
602 5138 811 5191 nomine
866 5140 967 5194 Job
1024 5140 1146 5211 (Job
1194 5143 1255 5214 t).
1300 5145 1365 5199 Et
1412 5154 1593 5200 tamen
1660 5152 1944 5202 Sciendum

372 5227 518 5280 hunc
576 5230 908 5285 versiculum
955 5233 1011 5287 in
1050 5231 1194 5287 LXX
1227 5251 1331 5290 non
1372 5237 1584 5301 haberi,
1614 5236 1946 5293 Tlicodotio-

371 5333 602 5387 nemque
637 5336 733 5387 pro
766 5320 859 5386 Us,
885 5324 1304 5394 interpretatum
1334 5343 1457 5383 esse
1486 5331 1743 5384 inanium.

443 5408 626 5475 (νει-ει
654 5409 768 5481 20.)
790 5431 810 5464 ι
844 5412 907 5468 Ει
934 5417 1149 5472 cunctis
1181 5419 1403 5488 regibus
1431 5430 1586 5474 terra:
1608 5420 1942 5478 Pliilistltiim

438 5570 455 5600 ¹
488 5569 773 5653 [interserit
805 5574 1081 5643 Rabanus,
1103 5577 1193 5653 _De
1223 5595 1324 5648 quo
1353 5582 1402 5634 in
1438 5581 1656 5635 Psalmo
1688 5585 1941 5653 scriptum

365 5649 445 5721 est
487 5657 506 5693 :
548 5640 701 5695 Culta:
756 5646 809 5699 in
873 5663 1033 5701 manu
1068 5640 1344 5713 'Domini,
1402 5655 1508 5707 viui
1570 5656 1698 5706 meri
1756 5640 1942 5721 picum

366 5728 412 5761 m
421 5721 529 5764 sxto
539 5756 551 5767 .

433 5782 465 5846 ιι
497 5782 695 5841 Confer
724 5782 971 5856 Origcnis
1002 5788 1290 5847 Ilotuiliam
1329 5794 1380 5849 in
1416 5796 1556 5852 hunc
1595 5794 1795 5851 lo.unt.

2051 4582 2194 4631 enim
2233 4594 2508 4633 meracum
2552 4580 2803 4643 calicem,
2838 4579 3150 4636 AleXandro
3201 4594 3326 4650 rege
3377 4580 3629 4636 Maccdo-

2051 4688 2178 4724 ttum
2206 4673 2550 4741 propinante,
2574 4685 2852 4744 potarum.

2127 4805 2146 4837 ι
2170 4784 2238 4840 Et
2264 4785 2479 4840 cunctis
2520 4787 2735 4856 regibus
2762 4786 3045 4856 Aquilonis
3084 4785 3193 4860 [ΑΙ.
3224 4785 3541 4859 Babylonis]
3565 4788 3631 4842 de

2050 4893 2222 4948 prope
2262 4888 2314 4932 et
2363 4880 2427 4933 de
2471 4879 2648 4949 longe.
2681 4898 2701 4931 ι
2740 4880 2876 4945 Quia
2922 4879 3167 4935 Persidis
3198 4890 3252 4933 et
3306 4879 3628 4951 Bablenis.

2052 4969 2203 5022 Elam
2269 4980 2432 5036 atque
2493 4968 2772 5023 Medorum
2844 4981 3261 5024 enumeraverat
3325 4974 3626 5038 regiones:

2054 5077 2199 5114 nunc
2225 5061 2556 5132 generaliter
2584 5063 2735 5128 ponit
2773 5079 2962 5117 omnes
3016 5078 3171 5133 rcges
3196 5065 3505 5133 Aquilonis,
3536 5070 3627 5135 qui

2052 5168 2223 5222 prope
2245 5162 2394 5221 sunt,
2419 5165 2473 5207 et
2502 5153 2723 5223 1019
2749 5157 2842 5221 qui
2873 5154 3054 5223 longe.
3085 5155 3192 5210 Pro
3218 5158 3508 5227 Aquilone.
3532 5160 3625 5227 qui

2055 5243 2319 5297 tlebraice
2369 5245 2568 5298 dicitur
2594 5259 2788 5299 saeuos
2839 5254 3028 5331 (ἶπες),
3062 5246 3205 5302 LXX
3241 5264 3456 5303 venere
3487 5253 3628 5320 dm-

2051 5333 2276 5404 λιώτην,
2304 5349 2463 5404 quem
2500 5350 2598 5389 nos
2623 5336 2966 5390 subsolanum
2995 5354 3286 5408 possumus
3311 5340 3513 5394 dicere.

2122 5425 2302 5493 (Vers.
2338 5426 2454 5480 26.)
2499 5445 2517 5478 ι
2546 5428 2856 5501 Unicuique
2888 5440 3079 5486 contra
3113 5430 3334 5486 fratrem
3367 5446 3547 5496 suum,
3570 5447 3627 5488 et

2120 5588 2141 5620 ⁸
2174 5588 2329 5643 Addit
2355 5588 2528 5645 Vatic.
2554 5593 2807 5645 exercitu.
3345 5651 3350 5655 ,

2120 5658 2143 5732 ἦ
2168 5657 2404 5732 liursum
2432 5659 2606 5732 V'atic.
2632 5664 2779 5717 addit
2819 5673 2990 5729 terrm,
3014 5662 3155 5732 quod
3178 5678 3372 5719 nomen
3394 5664 3509 5730 ipsa
3540 5665 3629 5720 hic

2048 5730 2447 5783 rctinctversio
2491 5731 2944 5804 llierouymiana,
2978 5730 3075 5806 pro
3121 5752 3226 5803 quo
3285 5751 3340 5791 tu
3397 5735 3630 5791 llebrmo

2051 5808 2261 5854 tantum
2286 5809 2366 5855 cst
2393 5808 2520 5863 vnn.
