  <div class='ocr_page' id='page_1' title='image "/cluster/home/n/w/nwhite01/storage/ocr_20150623/24/hvd.32044096580485/441.png"; bbox 0 0 3966 6176; ppageno 0'>
   <div class='ocr_carea' id='block_1_1' title="bbox 386 298 495 415">
    <p class='ocr_par' dir='ltr' id='par_1_1' title="bbox 386 298 495 415">
     <span class='ocr_line' id='line_1_1' title="bbox 386 298 495 415; baseline 0 -2"><span class='ocrx_word' id='word_1_1' title='bbox 386 298 495 415; x_wconf 65' lang='lat' dir='ltr'><strong>stt</strong></span> 
     </span>
    </p>
   </div>
   <div class='ocr_carea' id='block_1_2' title="bbox 1548 330 2487 398">
    <p class='ocr_par' dir='ltr' id='par_1_2' title="bbox 1548 330 2487 398">
     <span class='ocr_line' id='line_1_2' title="bbox 1548 330 2487 398; baseline -0.001 -3"><span class='ocrx_word' id='word_1_2' title='bbox 1548 336 1619 397; x_wconf 70' lang='grc' dir='ltr'><strong>Β.</strong></span> <span class='ocrx_word' id='word_1_3' title='bbox 1672 332 1992 398; x_wconf 76' lang='lat' dir='ltr'><strong>EUSEBII</strong></span> <span class='ocrx_word' id='word_1_4' title='bbox 2050 330 2487 396; x_wconf 55' lang='lat' dir='ltr'><strong>liIERtiNYMI</strong></span> 
     </span>
    </p>
   </div>
   <div class='ocr_carea' id='block_1_3' title="bbox 3569 333 3723 431">
    <p class='ocr_par' dir='ltr' id='par_1_3' title="bbox 3569 333 3723 431">
     <span class='ocr_line' id='line_1_3' title="bbox 3569 333 3723 431; baseline -0.013 -32"><span class='ocrx_word' id='word_1_5' title='bbox 3569 333 3677 399; x_wconf 71' lang='lat'><strong>379.</strong></span> <span class='ocrx_word' id='word_1_6' title='bbox 3706 414 3723 431; x_wconf 29' lang='grc' dir='ltr'>ι</span> 
     </span>
    </p>
   </div>
   <div class='ocr_carea' id='block_1_4' title="bbox 399 444 3676 527">
    <p class='ocr_par' dir='ltr' id='par_1_4' title="bbox 399 444 3676 527">
     <span class='ocr_line' id='line_1_4' title="bbox 399 444 3676 527; baseline -0.005 -13"><span class='ocrx_word' id='word_1_7' title='bbox 399 461 655 517; x_wconf 79' lang='lat' dir='ltr'><strong>tuttnibns</strong></span> <span class='ocrx_word' id='word_1_8' title='bbox 685 455 866 527; x_wconf 74' lang='lat' dir='ltr'><strong>regnis</strong></span> <span class='ocrx_word' id='word_1_9' title='bbox 893 463 1053 510; x_wconf 73' lang='lat' dir='ltr'><strong>terra:</strong></span> <span class='ocrx_word' id='word_1_10' title='bbox 1083 465 1202 524; x_wconf 70' lang='lat' dir='ltr'><strong>qua:</strong></span> <span class='ocrx_word' id='word_1_11' title='bbox 1225 460 1383 519; x_wconf 86' lang='lat' dir='ltr'><strong>super</strong></span> <span class='ocrx_word' id='word_1_12' title='bbox 1404 447 1596 502; x_wconf 80' lang='lat' dir='ltr'><strong>faciem</strong></span> <span class='ocrx_word' id='word_1_13' title='bbox 1615 449 1736 516; x_wconf 83' lang='lat' dir='ltr'><strong>ejus</strong></span> <span class='ocrx_word' id='word_1_14' title='bbox 1761 457 1887 501; x_wconf 87' lang='lat' dir='ltr'><strong>sunt</strong></span> <span class='ocrx_word' id='word_1_15' title='bbox 1908 446 1978 498; x_wconf 85' lang='grc' dir='ltr'><strong>¹.ι</strong></span> <span class='ocrx_word' id='word_1_16' title='bbox 2015 461 2059 516; x_wconf 66' lang='grc' dir='ltr'><strong>Α</strong></span> <span class='ocrx_word' id='word_1_17' title='bbox 2090 446 2322 516; x_wconf 74' lang='lat' dir='ltr'><strong>iniquus,</strong></span> <span class='ocrx_word' id='word_1_18' title='bbox 2361 463 2508 517; x_wconf 86' lang='lat' dir='ltr'><strong>quem</strong></span> <span class='ocrx_word' id='word_1_19' title='bbox 2538 445 2795 499; x_wconf 86' lang='lat' dir='ltr'><strong>Dominus</strong></span> <span class='ocrx_word' id='word_1_20' title='bbox 2826 444 2979 499; x_wconf 68' lang='lat' dir='ltr'><strong>Iesus</strong></span> <span class='ocrx_word' id='word_1_21' title='bbox 3023 446 3300 515; x_wconf 82' lang='lat' dir='ltr'><strong>interﬁciet</strong></span> <span class='ocrx_word' id='word_1_22' title='bbox 3346 447 3537 513; x_wconf 74' lang='lat' dir='ltr'><strong>spiritu</strong></span> <span class='ocrx_word' id='word_1_23' title='bbox 3566 449 3676 499; x_wconf 82' lang='lat' dir='ltr'><strong>oris</strong></span> 
     </span>
    </p>
   </div>
   <div class='ocr_carea' id='block_1_5' title="bbox 399 541 1980 616">
    <p class='ocr_par' dir='ltr' id='par_1_5' title="bbox 399 541 1980 616">
     <span class='ocr_line' id='line_1_5' title="bbox 399 541 1980 616; baseline -0.012 -5"><span class='ocrx_word' id='word_1_24' title='bbox 399 556 479 610; x_wconf 77' lang='lat' dir='ltr'><strong>Ne</strong></span> <span class='ocrx_word' id='word_1_25' title='bbox 507 562 735 607; x_wconf 88' lang='lat' dir='ltr'><strong>cunctas</strong></span> <span class='ocrx_word' id='word_1_26' title='bbox 771 548 1070 605; x_wconf 72' lang='lat' dir='ltr'><strong>Orientalis</strong></span> <span class='ocrx_word' id='word_1_27' title='bbox 1096 541 1394 616; x_wconf 72' lang='lat' dir='ltr'><strong>provincia:</strong></span> <span class='ocrx_word' id='word_1_28' title='bbox 1444 542 1705 611; x_wconf 84' lang='lat' dir='ltr'><strong>regiones</strong></span> <span class='ocrx_word' id='word_1_29' title='bbox 1752 553 1980 594; x_wconf 81' lang='lat' dir='ltr'><strong>eumne—</strong></span> 
     </span>
    </p>
   </div>
   <div class='ocr_carea' id='block_1_6' title="bbox 403 632 1984 716">
    <p class='ocr_par' dir='ltr' id='par_1_6' title="bbox 403 632 1984 716">
     <span class='ocr_line' id='line_1_6' title="bbox 403 632 1984 716; baseline -0.012 -14"><span class='ocrx_word' id='word_1_30' title='bbox 403 662 525 701; x_wconf 83' lang='lat' dir='ltr'><strong>rare</strong></span> <span class='ocrx_word' id='word_1_31' title='bbox 552 659 647 716; x_wconf 90' lang='lat' dir='ltr'><strong>per</strong></span> <span class='ocrx_word' id='word_1_32' title='bbox 682 651 864 712; x_wconf 84' lang='lat' dir='ltr'><strong>partes</strong></span> <span class='ocrx_word' id='word_1_33' title='bbox 916 639 1137 709; x_wconf 76' lang='lat' dir='ltr'><strong>lotigum</strong></span> <span class='ocrx_word' id='word_1_34' title='bbox 1199 634 1380 699; x_wconf 84' lang='lat' dir='ltr'><strong>fieret,</strong></span> <span class='ocrx_word' id='word_1_35' title='bbox 1414 632 1751 703; x_wconf 85' lang='lat' dir='ltr'><strong>generaliter</strong></span> <span class='ocrx_word' id='word_1_36' title='bbox 1804 632 1984 700; x_wconf 75' lang='lat' dir='ltr'><strong>posuit</strong></span> 
     </span>
    </p>
   </div>
   <div class='ocr_carea' id='block_1_7' title="bbox 402 721 1980 802">
    <p class='ocr_par' dir='ltr' id='par_1_7' title="bbox 402 721 1980 802">
     <span class='ocr_line' id='line_1_7' title="bbox 402 721 1980 802; baseline -0.014 -10"><span class='ocrx_word' id='word_1_37' title='bbox 402 737 591 791; x_wconf 82' lang='lat' dir='ltr'><strong>omnia</strong></span> <span class='ocrx_word' id='word_1_38' title='bbox 644 746 809 802; x_wconf 85' lang='lat' dir='ltr'><strong>regna</strong></span> <span class='ocrx_word' id='word_1_39' title='bbox 855 739 1036 791; x_wconf 42' lang='lat' dir='ltr'><strong>terra;</strong></span> <span class='ocrx_word' id='word_1_40' title='bbox 1080 740 1199 793; x_wconf 76' lang='lat' dir='ltr'><strong>qttte</strong></span> <span class='ocrx_word' id='word_1_41' title='bbox 1261 729 1637 777; x_wconf 70' lang='lat' dir='ltr'><strong>memorantur</strong></span> <span class='ocrx_word' id='word_1_42' title='bbox 1697 721 1751 774; x_wconf 86' lang='lat' dir='ltr'><strong>in</strong></span> <span class='ocrx_word' id='word_1_43' title='bbox 1815 730 1980 772; x_wconf 70' lang='lat' dir='ltr'><strong>tcr&#39;a.</strong></span> 
     </span>
    </p>
   </div>
   <div class='ocr_carea' id='block_1_8' title="bbox 405 804 1997 895">
    <p class='ocr_par' dir='ltr' id='par_1_8' title="bbox 405 804 1997 895">
     <span class='ocr_line' id='line_1_8' title="bbox 405 804 1997 895; baseline -0.011 -15"><span class='ocrx_word' id='word_1_44' title='bbox 405 828 776 895; x_wconf 78' lang='lat' dir='ltr'><strong>Quod&#39;autem</strong></span> <span class='ocrx_word' id='word_1_45' title='bbox 825 821 964 876; x_wconf 80' lang='lat' dir='ltr'><strong>dixit</strong></span> <span class='ocrx_word' id='word_1_46' title='bbox 1009 826 1196 872; x_wconf 84' lang='lat' dir='ltr'><strong>contra</strong></span> <span class='ocrx_word' id='word_1_47' title='bbox 1227 814 1458 870; x_wconf 79' lang='lat' dir='ltr'><strong>iratrem</strong></span> <span class='ocrx_word' id='word_1_48' title='bbox 1508 828 1690 879; x_wconf 84' lang='lat' dir='ltr'><strong>suum,</strong></span> <span class='ocrx_word' id='word_1_49' title='bbox 1726 804 1997 866; x_wconf 60' lang='lat' dir='ltr'><strong>sul»audi-°</strong></span> 
     </span>
    </p>
   </div>
   <div class='ocr_carea' id='block_1_9' title="bbox 408 902 1985 982">
    <p class='ocr_par' dir='ltr' id='par_1_9' title="bbox 408 902 1985 982">
     <span class='ocr_line' id='line_1_9' title="bbox 408 902 1985 982; baseline -0.011 -9"><span class='ocrx_word' id='word_1_50' title='bbox 408 929 521 982; x_wconf 90' lang='lat' dir='ltr'><strong>tur,</strong></span> <span class='ocrx_word' id='word_1_51' title='bbox 579 915 699 969; x_wconf 86' lang='lat' dir='ltr'><strong>dedi</strong></span> <span class='ocrx_word' id='word_1_52' title='bbox 751 925 1018 965; x_wconf 79' lang='lat' dir='ltr'><strong>meracam</strong></span> <span class='ocrx_word' id='word_1_53' title='bbox 1075 909 1358 978; x_wconf 75' lang='lat' dir='ltr'><strong>potionem,</strong></span> <span class='ocrx_word' id='word_1_54' title='bbox 1392 915 1449 957; x_wconf 88' lang='lat' dir='ltr'><strong>ut</strong></span> <span class='ocrx_word' id='word_1_55' title='bbox 1495 919 1684 960; x_wconf 82' lang='lat' dir='ltr'><strong>omnes</strong></span> <span class='ocrx_word' id='word_1_56' title='bbox 1723 902 1985 967; x_wconf 72' lang='lat' dir='ltr'><strong>(urerent,</strong></span> 
     </span>
    </p>
   </div>
   <div class='ocr_carea' id='block_1_10' title="bbox 405 995 1988 1069">
    <p class='ocr_par' dir='ltr' id='par_1_10' title="bbox 405 995 1988 1069">
     <span class='ocr_line' id='line_1_10' title="bbox 405 995 1988 1069; baseline -0.008 -6"><span class='ocrx_word' id='word_1_57' title='bbox 405 1014 711 1069; x_wconf 77' lang='lat' dir='ltr'><strong>vomerent,</strong></span> <span class='ocrx_word' id='word_1_58' title='bbox 746 1003 1075 1065; x_wconf 88' lang='lat' dir='ltr'><strong>insanirent,</strong></span> <span class='ocrx_word' id='word_1_59' title='bbox 1104 1010 1166 1055; x_wconf 85' lang='lat' dir='ltr'><strong>et</strong></span> <span class='ocrx_word' id='word_1_60' title='bbox 1225 997 1430 1054; x_wconf 90' lang='lat' dir='ltr'><strong>mutuis</strong></span> <span class='ocrx_word' id='word_1_61' title='bbox 1472 995 1616 1050; x_wconf 90' lang='lat' dir='ltr'><strong>inter</strong></span> <span class='ocrx_word' id='word_1_62' title='bbox 1672 1010 1731 1051; x_wconf 89' lang='lat' dir='ltr'><strong>se</strong></span> <span class='ocrx_word' id='word_1_63' title='bbox 1787 995 1988 1064; x_wconf 56' lang='lat' dir='ltr'><strong>pra‘liis</strong></span> 
     </span>
    </p>
   </div>
   <div class='ocr_carea' id='block_1_11' title="bbox 407 1089 1319 1161">
    <p class='ocr_par' dir='ltr' id='par_1_11' title="bbox 407 1089 1319 1161">
     <span class='ocr_line' id='line_1_11' title="bbox 407 1089 1319 1161; baseline -0.011 -7"><span class='ocrx_word' id='word_1_64' title='bbox 407 1098 763 1154; x_wconf 79' lang='lat' dir='ltr'><strong>dimicarent.</strong></span> <span class='ocrx_word' id='word_1_65' title='bbox 795 1094 1061 1161; x_wconf 81' lang='lat' dir='ltr'><strong>Quodque</strong></span> <span class='ocrx_word' id='word_1_66' title='bbox 1095 1089 1319 1144; x_wconf 88' lang='lat' dir='ltr'><strong>intulit:</strong></span> 
     </span>
    </p>
   </div>
   <div class='ocr_carea' id='block_1_12' title="bbox 481 1175 1989 1254">
    <p class='ocr_par' dir='ltr' id='par_1_12' title="bbox 481 1175 1989 1254">
     <span class='ocr_line' id='line_1_12' title="bbox 481 1175 1989 1254; baseline -0.008 -12"><span class='ocrx_word' id='word_1_67' title='bbox 481 1210 499 1242; x_wconf 78' lang='grc' dir='ltr'><strong>ι</strong></span> <span class='ocrx_word' id='word_1_68' title='bbox 530 1192 595 1245; x_wconf 83' lang='lat' dir='ltr'><strong>Et</strong></span> <span class='ocrx_word' id='word_1_69' title='bbox 637 1206 729 1243; x_wconf 81' lang='lat' dir='ltr'><strong>rex</strong></span> <span class='ocrx_word' id='word_1_70' title='bbox 782 1186 987 1242; x_wconf 84' lang='lat' dir='ltr'><strong>Sesach</strong></span> <span class='ocrx_word' id='word_1_71' title='bbox 1041 1183 1196 1254; x_wconf 79' lang='lat' dir='ltr'><strong>bibet</strong></span> <span class='ocrx_word' id='word_1_72' title='bbox 1244 1188 1369 1252; x_wconf 87' lang='lat' dir='ltr'><strong>post</strong></span> <span class='ocrx_word' id='word_1_73' title='bbox 1396 1195 1512 1235; x_wconf 87' lang='lat' dir='ltr'><strong>eos.</strong></span> <span class='ocrx_word' id='word_1_74' title='bbox 1545 1199 1563 1232; x_wconf 82' lang='lat' dir='ltr'><strong>s</strong></span> <span class='ocrx_word' id='word_1_75' title='bbox 1603 1180 1659 1233; x_wconf 81' lang='grc' dir='ltr'><strong>ιιι</strong></span> <span class='ocrx_word' id='word_1_76' title='bbox 1701 1175 1844 1232; x_wconf 76' lang='lat' dir='ltr'><strong>LXX</strong></span> <span class='ocrx_word' id='word_1_77' title='bbox 1878 1191 1989 1231; x_wconf 89' lang='lat' dir='ltr'><strong>non</strong></span> 
     </span>
    </p>
   </div>
   <div class='ocr_carea' id='block_1_13' title="bbox 404 1268 1988 1345">
    <p class='ocr_par' dir='ltr' id='par_1_13' title="bbox 404 1268 1988 1345">
     <span class='ocr_line' id='line_1_13' title="bbox 404 1268 1988 1345; baseline -0.013 -5"><span class='ocrx_word' id='word_1_78' title='bbox 404 1285 662 1345; x_wconf 85' lang='lat' dir='ltr'><strong>habetur,</strong></span> <span class='ocrx_word' id='word_1_79' title='bbox 696 1281 842 1335; x_wconf 92' lang='lat' dir='ltr'><strong>hunc</strong></span> <span class='ocrx_word' id='word_1_80' title='bbox 899 1277 1064 1333; x_wconf 82' lang='lat' dir='ltr'><strong>habet</strong></span> <span class='ocrx_word' id='word_1_81' title='bbox 1122 1290 1352 1330; x_wconf 87' lang='lat' dir='ltr'><strong>sensum</strong></span> <span class='ocrx_word' id='word_1_82' title='bbox 1388 1273 1659 1334; x_wconf 85' lang='lat' dir='ltr'><strong>:Omnes,</strong></span> <span class='ocrx_word' id='word_1_83' title='bbox 1699 1270 1894 1338; x_wconf 84' lang='lat' dir='ltr'><strong>inquit,</strong></span> <span class='ocrx_word' id='word_1_84' title='bbox 1936 1268 1988 1322; x_wconf 87' lang='lat' dir='ltr'><strong>in</strong></span> 
     </span>
    </p>
   </div>
   <div class='ocr_carea' id='block_1_14' title="bbox 405 1359 1989 1436">
    <p class='ocr_par' dir='ltr' id='par_1_14' title="bbox 405 1359 1989 1436">
     <span class='ocr_line' id='line_1_14' title="bbox 405 1359 1989 1436; baseline -0.012 -6"><span class='ocrx_word' id='word_1_85' title='bbox 405 1375 640 1430; x_wconf 80' lang='lat' dir='ltr'><strong>circuitu</strong></span> <span class='ocrx_word' id='word_1_86' title='bbox 673 1372 925 1426; x_wconf 86' lang='lat' dir='ltr'><strong>nationes</strong></span> <span class='ocrx_word' id='word_1_87' title='bbox 971 1365 1276 1436; x_wconf 88' lang='lat' dir='ltr'><strong>Babylonio</strong></span> <span class='ocrx_word' id='word_1_88' title='bbox 1324 1362 1553 1433; x_wconf 84' lang='lat' dir='ltr'><strong>imperio</strong></span> <span class='ocrx_word' id='word_1_89' title='bbox 1599 1359 1989 1431; x_wconf 84' lang='lat' dir='ltr'><strong>subjat-ebnnt,</strong></span> 
     </span>
    </p>
   </div>
   <div class='ocr_carea' id='block_1_15' title="bbox 403 1452 1990 1527">
    <p class='ocr_par' dir='ltr' id='par_1_15' title="bbox 403 1452 1990 1527">
     <span class='ocr_line' id='line_1_15' title="bbox 403 1452 1990 1527; baseline -0.013 -5"><span class='ocrx_word' id='word_1_90' title='bbox 403 1477 461 1522; x_wconf 91' lang='lat' dir='ltr'><strong>et</strong></span> <span class='ocrx_word' id='word_1_91' title='bbox 485 1475 682 1521; x_wconf 79' lang='lat' dir='ltr'><strong>cuncta</strong></span> <span class='ocrx_word' id='word_1_92' title='bbox 737 1477 849 1517; x_wconf 69' lang='lat' dir='ltr'><strong>sure</strong></span> <span class='ocrx_word' id='word_1_93' title='bbox 910 1459 1163 1527; x_wconf 74' lang='lat' dir='ltr'><strong>subiiciet</strong></span> <span class='ocrx_word' id='word_1_94' title='bbox 1212 1454 1488 1525; x_wconf 89' lang='lat' dir='ltr'><strong>potestati,</strong></span> <span class='ocrx_word' id='word_1_95' title='bbox 1516 1455 1590 1508; x_wconf 91' lang='lat' dir='ltr'><strong>ita</strong></span> <span class='ocrx_word' id='word_1_96' title='bbox 1622 1452 1990 1516; x_wconf 69' lang='lat' dir='ltr'><strong>utuniversae,</strong></span> 
     </span>
    </p>
   </div>
   <div class='ocr_carea' id='block_1_16' title="bbox 404 1542 1996 1628">
    <p class='ocr_par' dir='ltr' id='par_1_16' title="bbox 404 1542 1996 1628">
     <span class='ocr_line' id='line_1_16' title="bbox 404 1542 1996 1628; baseline -0.013 -14"><span class='ocrx_word' id='word_1_97' title='bbox 404 1573 545 1628; x_wconf 76' lang='lat' dir='ltr'><strong>quas</strong></span> <span class='ocrx_word' id='word_1_98' title='bbox 577 1555 886 1627; x_wconf 65' lang='lat' dir='ltr'><strong>praeteritus</strong></span> <span class='ocrx_word' id='word_1_99' title='bbox 943 1565 1132 1607; x_wconf 85' lang='lat' dir='ltr'><strong>sermo</strong></span> <span class='ocrx_word' id='word_1_100' title='bbox 1167 1546 1413 1603; x_wconf 82' lang='lat' dir='ltr'><strong>narravit</strong></span> <span class='ocrx_word' id='word_1_101' title='bbox 1474 1556 1687 1616; x_wconf 84' lang='lat' dir='ltr'><strong>gentes,</strong></span> <span class='ocrx_word' id='word_1_102' title='bbox 1716 1542 1817 1612; x_wconf 88' lang='lat' dir='ltr'><strong>ipsi</strong></span> <span class='ocrx_word' id='word_1_103' title='bbox 1848 1596 1853 1601; x_wconf 82' lang='grc'><strong>,</strong></span> <span class='ocrx_word' id='word_1_104' title='bbox 1880 1555 1996 1596; x_wconf 83' lang='lat' dir='ltr'><strong>ser-</strong></span> 
     </span>
    </p>
   </div>
   <div class='ocr_carea' id='block_1_17' title="bbox 407 1633 1995 1711">
    <p class='ocr_par' dir='ltr' id='par_1_17' title="bbox 407 1633 1995 1711">
     <span class='ocr_line' id='line_1_17' title="bbox 407 1633 1995 1711; baseline -0.011 -6"><span class='ocrx_word' id='word_1_105' title='bbox 407 1655 560 1705; x_wconf 86' lang='lat' dir='ltr'><strong>viant</strong></span> <span class='ocrx_word' id='word_1_106' title='bbox 587 1661 641 1705; x_wconf 90' lang='lat' dir='ltr'><strong>et</strong></span> <span class='ocrx_word' id='word_1_107' title='bbox 674 1649 861 1703; x_wconf 86' lang='lat' dir='ltr'><strong>bibant</strong></span> <span class='ocrx_word' id='word_1_108' title='bbox 894 1648 959 1700; x_wconf 88' lang='lat' dir='ltr'><strong>dc</strong></span> <span class='ocrx_word' id='word_1_109' title='bbox 994 1642 1169 1699; x_wconf 87' lang='lat' dir='ltr'><strong>calice</strong></span> <span class='ocrx_word' id='word_1_110' title='bbox 1215 1640 1357 1711; x_wconf 72' lang='lat' dir='ltr'><strong>ejus.</strong></span> <span class='ocrx_word' id='word_1_111' title='bbox 1397 1637 1556 1693; x_wconf 87' lang='lat' dir='ltr'><strong>Unde</strong></span> <span class='ocrx_word' id='word_1_112' title='bbox 1591 1647 1649 1693; x_wconf 88' lang='lat' dir='ltr'><strong>et</strong></span> <span class='ocrx_word' id='word_1_113' title='bbox 1693 1636 1747 1690; x_wconf 91' lang='lat' dir='ltr'><strong>in</strong></span> <span class='ocrx_word' id='word_1_114' title='bbox 1781 1633 1995 1689; x_wconf 84' lang='lat' dir='ltr'><strong>visione</strong></span> 
     </span>
    </p>
   </div>
   <div class='ocr_carea' id='block_1_18' title="bbox 406 1726 1991 1811">
    <p class='ocr_par' dir='ltr' id='par_1_18' title="bbox 406 1726 1991 1811">
     <span class='ocr_line' id='line_1_18' title="bbox 406 1726 1991 1811; baseline -0.012 -12"><span class='ocrx_word' id='word_1_115' title='bbox 406 1753 596 1799; x_wconf 89' lang='lat' dir='ltr'><strong>contra</strong></span> <span class='ocrx_word' id='word_1_116' title='bbox 625 1740 959 1811; x_wconf 76' lang='lat' dir='ltr'><strong>Babylonem</strong></span> <span class='ocrx_word' id='word_1_117' title='bbox 993 1735 1253 1793; x_wconf 82' lang='lat' dir='ltr'><strong>scribitur</strong></span> <span class='ocrx_word' id='word_1_118' title='bbox 1276 1752 1291 1789; x_wconf 87' lang='lat'><strong>:</strong></span> <span class='ocrx_word' id='word_1_119' title='bbox 1314 1731 1473 1788; x_wconf 76' lang='lat' dir='ltr'><strong>Calia:</strong></span> <span class='ocrx_word' id='word_1_120' title='bbox 1504 1747 1699 1785; x_wconf 85' lang='lat' dir='ltr'><strong>aureus</strong></span> <span class='ocrx_word' id='word_1_121' title='bbox 1730 1726 1991 1798; x_wconf 81' lang='lat' dir='ltr'><strong>Babylon,</strong></span> 
     </span>
    </p>
   </div>
   <div class='ocr_carea' id='block_1_19' title="bbox 2084 535 3677 606">
    <p class='ocr_par' dir='ltr' id='par_1_19' title="bbox 2084 535 3677 606">
     <span class='ocr_line' id='line_1_19' title="bbox 2084 535 3677 606; baseline -0.001 -16"><span class='ocrx_word' id='word_1_122' title='bbox 2084 539 2191 601; x_wconf 88' lang='lat' dir='ltr'><strong>sui,</strong></span> <span class='ocrx_word' id='word_1_123' title='bbox 2226 549 2272 592; x_wconf 91' lang='lat' dir='ltr'><strong>et</strong></span> <span class='ocrx_word' id='word_1_124' title='bbox 2298 543 2526 591; x_wconf 81' lang='lat' dir='ltr'><strong>destruet</strong></span> <span class='ocrx_word' id='word_1_125' title='bbox 2552 536 2949 591; x_wconf 82' lang='lat' dir='ltr'><strong>illuminatione</strong></span> <span class='ocrx_word' id='word_1_126' title='bbox 2984 537 3240 591; x_wconf 77' lang='lat' dir='ltr'><strong>adventus</strong></span> <span class='ocrx_word' id='word_1_127' title='bbox 3262 537 3345 590; x_wconf 87' lang='lat' dir='ltr'><strong>sui</strong></span> <span class='ocrx_word' id='word_1_128' title='bbox 3377 535 3462 606; x_wconf 83' lang='grc'><strong>(11</strong></span> <span class='ocrx_word' id='word_1_129' title='bbox 3492 536 3677 589; x_wconf 81' lang='lat' dir='ltr'><strong>Thess.</strong></span> 
     </span>
    </p>
   </div>
   <div class='ocr_carea' id='block_1_20' title="bbox 2086 630 3675 704">
    <p class='ocr_par' dir='ltr' id='par_1_20' title="bbox 2086 630 3675 704">
     <span class='ocr_line' id='line_1_20' title="bbox 2086 630 3675 704; baseline -0.003 -18"><span class='ocrx_word' id='word_1_130' title='bbox 2086 647 2149 698; x_wconf 89' lang='grc' dir='ltr'><strong>ιι,</strong></span> <span class='ocrx_word' id='word_1_131' title='bbox 2178 631 2423 704; x_wconf 77' lang='lat' dir='ltr'><strong>5seqq.).</strong></span> <span class='ocrx_word' id='word_1_132' title='bbox 2466 631 2602 686; x_wconf 85' lang='lat' dir='ltr'><strong>Eum</strong></span> <span class='ocrx_word' id='word_1_133' title='bbox 2639 632 2730 701; x_wconf 87' lang='lat' dir='ltr'><strong>qui</strong></span> <span class='ocrx_word' id='word_1_134' title='bbox 2787 641 2958 696; x_wconf 87' lang='lat' dir='ltr'><strong>tenet,</strong></span> <span class='ocrx_word' id='word_1_135' title='bbox 3010 631 3323 687; x_wconf 81' lang='lat' dir='ltr'><strong>Romanum</strong></span> <span class='ocrx_word' id='word_1_136' title='bbox 3379 630 3675 699; x_wconf 89' lang='lat' dir='ltr'><strong>imperium</strong></span> 
     </span>
    </p>
   </div>
   <div class='ocr_carea' id='block_1_21' title="bbox 2087 719 3679 787">
    <p class='ocr_par' dir='ltr' id='par_1_21' title="bbox 2087 719 3679 787">
     <span class='ocr_line' id='line_1_21' title="bbox 2087 719 3679 787; baseline -0.003 -8"><span class='ocrx_word' id='word_1_137' title='bbox 2087 724 2331 779; x_wconf 88' lang='lat' dir='ltr'><strong>ostendit</strong></span> <span class='ocrx_word' id='word_1_138' title='bbox 2363 740 2379 778; x_wconf 91' lang='lat'>:</span> <span class='ocrx_word' id='word_1_139' title='bbox 2428 725 2533 778; x_wconf 87' lang='lat' dir='ltr'><strong>nisi</strong></span> <span class='ocrx_word' id='word_1_140' title='bbox 2575 725 2721 779; x_wconf 85' lang='lat' dir='ltr'><strong>enim</strong></span> <span class='ocrx_word' id='word_1_141' title='bbox 2777 725 2880 779; x_wconf 89' lang='lat' dir='ltr'><strong>hoc</strong></span> <span class='ocrx_word' id='word_1_142' title='bbox 2906 724 3241 778; x_wconf 88' lang='lat' dir='ltr'><strong>destructum</strong></span> <span class='ocrx_word' id='word_1_143' title='bbox 3276 723 3459 787; x_wconf 89' lang='lat' dir='ltr'><strong>fuerit,</strong></span> <span class='ocrx_word' id='word_1_144' title='bbox 3491 719 3679 777; x_wconf 81' lang='lat' dir='ltr'><strong>subla-</strong></span> 
     </span>
    </p>
   </div>
   <div class='ocr_carea' id='block_1_22' title="bbox 2089 814 3675 887">
    <p class='ocr_par' dir='ltr' id='par_1_22' title="bbox 2089 814 3675 887">
     <span class='ocr_line' id='line_1_22' title="bbox 2089 814 3675 887; baseline -0.002 -17"><span class='ocrx_word' id='word_1_145' title='bbox 2089 826 2315 883; x_wconf 85' lang='lat' dir='ltr'><strong>tumque</strong></span> <span class='ocrx_word' id='word_1_146' title='bbox 2354 817 2422 871; x_wconf 87' lang='lat' dir='ltr'><strong>de</strong></span> <span class='ocrx_word' id='word_1_147' title='bbox 2450 816 2649 883; x_wconf 76' lang='lat' dir='ltr'><strong>lllt‘tiio,</strong></span> <span class='ocrx_word' id='word_1_148' title='bbox 2682 815 2840 886; x_wconf 59' lang='lat' dir='ltr'><strong>juxta</strong></span> <span class='ocrx_word' id='word_1_149' title='bbox 2874 818 3220 887; x_wconf 82' lang='lat' dir='ltr'><strong>prophetiam</strong></span> <span class='ocrx_word' id='word_1_150' title='bbox 3257 816 3519 880; x_wconf 89' lang='lat' dir='ltr'><strong>Danielis,</strong></span> <span class='ocrx_word' id='word_1_151' title='bbox 3558 814 3675 869; x_wconf 83' lang='lat' dir='ltr'><strong>An-</strong></span> 
     </span>
    </p>
   </div>
   <div class='ocr_carea' id='block_1_23' title="bbox 2089 908 3675 979">
    <p class='ocr_par' dir='ltr' id='par_1_23' title="bbox 2089 908 3675 979">
     <span class='ocr_line' id='line_1_23' title="bbox 2089 908 3675 979; baseline 0 -16"><span class='ocrx_word' id='word_1_152' title='bbox 2089 908 2375 964; x_wconf 79' lang='lat' dir='ltr'><strong>ticliristus</strong></span> <span class='ocrx_word' id='word_1_153' title='bbox 2405 919 2534 964; x_wconf 85' lang='lat' dir='ltr'><strong>ante</strong></span> <span class='ocrx_word' id='word_1_154' title='bbox 2567 923 2672 962; x_wconf 85' lang='lat' dir='ltr'><strong>non</strong></span> <span class='ocrx_word' id='word_1_155' title='bbox 2727 908 2932 965; x_wconf 85' lang='lat' dir='ltr'><strong>veniet.</strong></span> <span class='ocrx_word' id='word_1_156' title='bbox 2967 909 3123 977; x_wconf 87' lang='lat' dir='ltr'><strong>Quod</strong></span> <span class='ocrx_word' id='word_1_157' title='bbox 3177 910 3223 963; x_wconf 88' lang='lat' dir='ltr'><strong>si</strong></span> <span class='ocrx_word' id='word_1_158' title='bbox 3272 918 3460 979; x_wconf 87' lang='lat' dir='ltr'><strong>aperte</strong></span> <span class='ocrx_word' id='word_1_159' title='bbox 3489 910 3675 963; x_wconf 86' lang='lat' dir='ltr'><strong>dicere</strong></span> 
     </span>
    </p>
   </div>
   <div class='ocr_carea' id='block_1_24' title="bbox 2092 1000 3677 1070">
    <p class='ocr_par' dir='ltr' id='par_1_24' title="bbox 2092 1000 3677 1070">
     <span class='ocr_line' id='line_1_24' title="bbox 2092 1000 3677 1070; baseline -0.001 -16"><span class='ocrx_word' id='word_1_160' title='bbox 2092 1001 2378 1067; x_wconf 81' lang='lat' dir='ltr'><strong>voluisset,</strong></span> <span class='ocrx_word' id='word_1_161' title='bbox 2404 1001 2571 1055; x_wconf 87' lang='lat' dir='ltr'><strong>stulte</strong></span> <span class='ocrx_word' id='word_1_162' title='bbox 2590 1003 2991 1070; x_wconf 83' lang='lat' dir='ltr'><strong>persecutionis</strong></span> <span class='ocrx_word' id='word_1_163' title='bbox 3008 1001 3306 1057; x_wconf 85' lang='lat' dir='ltr'><strong>adversum</strong></span> <span class='ocrx_word' id='word_1_164' title='bbox 3332 1000 3677 1057; x_wconf 87' lang='lat' dir='ltr'><strong>Christianos</strong></span> 
     </span>
    </p>
   </div>
   <div class='ocr_carea' id='block_1_25' title="bbox 2091 1089 3675 1147">
    <p class='ocr_par' dir='ltr' id='par_1_25' title="bbox 2091 1089 3675 1147">
     <span class='ocr_line' id='line_1_25' title="bbox 2091 1089 3675 1147; baseline -0.002 0"><span class='ocrx_word' id='word_1_165' title='bbox 2091 1102 2147 1147; x_wconf 86' lang='lat' dir='ltr'><strong>et</strong></span> <span class='ocrx_word' id='word_1_166' title='bbox 2171 1100 2303 1146; x_wconf 85' lang='lat' dir='ltr'><strong>tunc</strong></span> <span class='ocrx_word' id='word_1_167' title='bbox 2356 1103 2674 1145; x_wconf 77' lang='lat' dir='ltr'><strong>nascentem</strong></span> <span class='ocrx_word' id='word_1_168' title='bbox 2706 1090 3012 1146; x_wconf 79' lang='lat' dir='ltr'><strong>Et-clesiatn</strong></span> <span class='ocrx_word' id='word_1_169' title='bbox 3064 1092 3272 1145; x_wconf 80' lang='lat' dir='ltr'><strong>rabiem</strong></span> <span class='ocrx_word' id='word_1_170' title='bbox 3320 1089 3675 1145; x_wconf 78' lang='lat' dir='ltr'><strong>concitasset.</strong></span> 
     </span>
    </p>
   </div>
   <div class='ocr_carea' id='block_1_26' title="bbox 2093 1182 3675 1254">
    <p class='ocr_par' dir='ltr' id='par_1_26' title="bbox 2093 1182 3675 1254">
     <span class='ocr_line' id='line_1_26' title="bbox 2093 1182 3675 1254; baseline 0 -17"><span class='ocrx_word' id='word_1_171' title='bbox 2093 1182 2334 1252; x_wconf 75' lang='lat' dir='ltr'><strong>Longius</strong></span> <span class='ocrx_word' id='word_1_172' title='bbox 2363 1199 2526 1254; x_wconf 90' lang='lat' dir='ltr'><strong>quam</strong></span> <span class='ocrx_word' id='word_1_173' title='bbox 2553 1184 3088 1241; x_wconf 79' lang='lat' dir='ltr'><strong>Commentariorum</strong></span> <span class='ocrx_word' id='word_1_174' title='bbox 3145 1183 3387 1239; x_wconf 85' lang='lat' dir='ltr'><strong>brevitas</strong></span> <span class='ocrx_word' id='word_1_175' title='bbox 3437 1185 3675 1252; x_wconf 81' lang='lat' dir='ltr'><strong>patitur.</strong></span> 
     </span>
    </p>
   </div>
   <div class='ocr_carea' id='block_1_27' title="bbox 2094 1273 3677 1348">
    <p class='ocr_par' dir='ltr' id='par_1_27' title="bbox 2094 1273 3677 1348">
     <span class='ocr_line' id='line_1_27' title="bbox 2094 1273 3677 1348; baseline -0.002 -17"><span class='ocrx_word' id='word_1_176' title='bbox 2094 1278 2161 1331; x_wconf 89' lang='lat' dir='ltr'><strong>de</strong></span> <span class='ocrx_word' id='word_1_177' title='bbox 2188 1277 2293 1332; x_wconf 87' lang='lat' dir='ltr'><strong>hoc</strong></span> <span class='ocrx_word' id='word_1_178' title='bbox 2327 1277 2573 1345; x_wconf 88' lang='lat' dir='ltr'><strong>capitqu</strong></span> <span class='ocrx_word' id='word_1_179' title='bbox 2601 1278 2861 1341; x_wconf 81' lang='lat' dir='ltr'><strong>diximus,</strong></span> <span class='ocrx_word' id='word_1_180' title='bbox 2902 1278 3050 1348; x_wconf 87' lang='lat' dir='ltr'><strong>quod</strong></span> <span class='ocrx_word' id='word_1_181' title='bbox 3098 1276 3272 1332; x_wconf 74' lang='lat' dir='ltr'><strong>Cra-ci</strong></span> <span class='ocrx_word' id='word_1_182' title='bbox 3303 1275 3539 1331; x_wconf 82' lang='lat' dir='ltr'><strong>forsitan</strong></span> <span class='ocrx_word' id='word_1_183' title='bbox 3573 1273 3677 1328; x_wconf 82' lang='lat' dir='ltr'><strong>La-</strong></span> 
     </span>
    </p>
   </div>
   <div class='ocr_carea' id='block_1_28' title="bbox 2096 1367 3680 1440">
    <p class='ocr_par' dir='ltr' id='par_1_28' title="bbox 2096 1367 3680 1440">
     <span class='ocr_line' id='line_1_28' title="bbox 2096 1367 3680 1440; baseline -0.001 -18"><span class='ocrx_word' id='word_1_184' title='bbox 2096 1369 2303 1439; x_wconf 87' lang='lat' dir='ltr'><strong>tinique</strong></span> <span class='ocrx_word' id='word_1_185' title='bbox 2335 1367 2639 1436; x_wconf 87' lang='lat' dir='ltr'><strong>fastidieut,</strong></span> <span class='ocrx_word' id='word_1_186' title='bbox 2673 1370 2801 1440; x_wconf 85' lang='lat' dir='ltr'><strong>quia</strong></span> <span class='ocrx_word' id='word_1_187' title='bbox 2829 1370 2883 1425; x_wconf 90' lang='lat' dir='ltr'><strong>in</strong></span> <span class='ocrx_word' id='word_1_188' title='bbox 2915 1372 3032 1426; x_wconf 86' lang='lat' dir='ltr'><strong>suis</strong></span> <span class='ocrx_word' id='word_1_189' title='bbox 3060 1369 3340 1425; x_wconf 86' lang='lat' dir='ltr'><strong>codicibus</strong></span> <span class='ocrx_word' id='word_1_190' title='bbox 3371 1384 3480 1424; x_wconf 90' lang='lat' dir='ltr'><strong>non</strong></span> <span class='ocrx_word' id='word_1_191' title='bbox 3511 1368 3680 1423; x_wconf 87' lang='lat' dir='ltr'><strong>babe-</strong></span> 
     </span>
    </p>
   </div>
   <div class='ocr_carea' id='block_1_29' title="bbox 2095 1459 3679 1532">
    <p class='ocr_par' dir='ltr' id='par_1_29' title="bbox 2095 1459 3679 1532">
     <span class='ocr_line' id='line_1_29' title="bbox 2095 1459 3679 1532; baseline -0.001 -16"><span class='ocrx_word' id='word_1_192' title='bbox 2095 1469 2202 1516; x_wconf 91' lang='lat' dir='ltr'><strong>tnr.</strong></span> <span class='ocrx_word' id='word_1_193' title='bbox 2237 1459 2344 1516; x_wconf 88' lang='lat' dir='ltr'><strong>Sed</strong></span> <span class='ocrx_word' id='word_1_194' title='bbox 2371 1460 2503 1532; x_wconf 88' lang='lat' dir='ltr'><strong>quid</strong></span> <span class='ocrx_word' id='word_1_195' title='bbox 2542 1462 2785 1531; x_wconf 88' lang='lat' dir='ltr'><strong>proderit</strong></span> <span class='ocrx_word' id='word_1_196' title='bbox 2820 1477 2946 1517; x_wconf 88' lang='lat' dir='ltr'><strong>cum</strong></span> <span class='ocrx_word' id='word_1_197' title='bbox 2976 1462 3031 1516; x_wconf 93' lang='lat' dir='ltr'><strong>in</strong></span> <span class='ocrx_word' id='word_1_198' title='bbox 3072 1461 3542 1531; x_wconf 86' lang='lat' dir='ltr'><strong>consequentibus</strong></span> <span class='ocrx_word' id='word_1_199' title='bbox 3591 1460 3679 1515; x_wconf 87' lang='lat' dir='ltr'><strong>hic</strong></span> 
     </span>
    </p>
   </div>
   <div class='ocr_carea' id='block_1_30' title="bbox 2067 1550 3677 1635">
    <p class='ocr_par' dir='ltr' id='par_1_30' title="bbox 2067 1550 3677 1635">
     <span class='ocr_line' id='line_1_30' title="bbox 2067 1550 3677 1635; baseline -0.001 -28"><span class='ocrx_word' id='word_1_200' title='bbox 2067 1553 2216 1635; x_wconf 79' lang='lat' dir='ltr'><strong>ipse</strong></span> <span class='ocrx_word' id='word_1_201' title='bbox 2271 1552 2547 1625; x_wconf 87' lang='lat' dir='ltr'><strong>Propheta</strong></span> <span class='ocrx_word' id='word_1_202' title='bbox 2583 1555 2733 1609; x_wconf 83' lang='lat' dir='ltr'><strong>dicat</strong></span> <span class='ocrx_word' id='word_1_203' title='bbox 2777 1566 2792 1608; x_wconf 88' lang='lat'><strong>:</strong></span> <span class='ocrx_word' id='word_1_204' title='bbox 2824 1552 3102 1620; x_wconf 84' lang='lat' dir='ltr'><strong>Quomodo</strong></span> <span class='ocrx_word' id='word_1_205' title='bbox 3134 1562 3293 1620; x_wconf 80' lang='lat' dir='ltr'><strong>capta</strong></span> <span class='ocrx_word' id='word_1_206' title='bbox 3324 1560 3403 1607; x_wconf 87' lang='lat' dir='ltr'><strong>est</strong></span> <span class='ocrx_word' id='word_1_207' title='bbox 3456 1550 3677 1616; x_wconf 79' lang='lat' dir='ltr'><strong>Sesacb,</strong></span> 
     </span>
    </p>
   </div>
   <div class='ocr_carea' id='block_1_31' title="bbox 2096 1645 3679 1717">
    <p class='ocr_par' dir='ltr' id='par_1_31' title="bbox 2096 1645 3679 1717">
     <span class='ocr_line' id='line_1_31' title="bbox 2096 1645 3679 1717; baseline 0 -18"><span class='ocrx_word' id='word_1_208' title='bbox 2096 1656 2143 1699; x_wconf 86' lang='lat' dir='ltr'><strong>et</strong></span> <span class='ocrx_word' id='word_1_209' title='bbox 2168 1646 2542 1712; x_wconf 82' lang='lat' dir='ltr'><strong>comprehensa</strong></span> <span class='ocrx_word' id='word_1_210' title='bbox 2573 1656 2646 1700; x_wconf 84' lang='lat' dir='ltr'><strong>est</strong></span> <span class='ocrx_word' id='word_1_211' title='bbox 2673 1645 2881 1717; x_wconf 77' lang='lat' dir='ltr'><strong>inclyta</strong></span> <span class='ocrx_word' id='word_1_212' title='bbox 2913 1646 3169 1700; x_wconf 76' lang='lat' dir='ltr'><strong>universa:</strong></span> <span class='ocrx_word' id='word_1_213' title='bbox 3191 1655 3348 1701; x_wconf 70' lang='lat' dir='ltr'><strong>tet-rte</strong></span> <span class='ocrx_word' id='word_1_214' title='bbox 3373 1646 3400 1698; x_wconf 79' lang='lat'><strong><em>?</em></strong></span> <span class='ocrx_word' id='word_1_215' title='bbox 3416 1648 3679 1716; x_wconf 75' lang='lat' dir='ltr'><strong>quomodo</strong></span> 
     </span>
    </p>
   </div>
   <div class='ocr_carea' id='block_1_32' title="bbox 2100 1735 3682 1807">
    <p class='ocr_par' dir='ltr' id='par_1_32' title="bbox 2100 1735 3682 1807">
     <span class='ocr_line' id='line_1_32' title="bbox 2100 1735 3682 1807; baseline -0.002 -18"><span class='ocrx_word' id='word_1_216' title='bbox 2100 1737 2245 1807; x_wconf 77' lang='lat' dir='ltr'><strong>facta</strong></span> <span class='ocrx_word' id='word_1_217' title='bbox 2272 1746 2352 1791; x_wconf 89' lang='lat' dir='ltr'><strong>est</strong></span> <span class='ocrx_word' id='word_1_218' title='bbox 2381 1738 2435 1792; x_wconf 88' lang='lat' dir='ltr'><strong>in</strong></span> <span class='ocrx_word' id='word_1_219' title='bbox 2468 1745 2736 1805; x_wconf 73' lang='lat' dir='ltr'><strong>stuporem</strong></span> <span class='ocrx_word' id='word_1_220' title='bbox 2784 1735 3026 1807; x_wconf 78' lang='lat' dir='ltr'><strong>Babylon</strong></span> <span class='ocrx_word' id='word_1_221' title='bbox 3056 1736 3193 1791; x_wconf 85' lang='lat' dir='ltr'><strong>inter</strong></span> <span class='ocrx_word' id='word_1_222' title='bbox 3211 1746 3390 1807; x_wconf 78' lang='lat' dir='ltr'><strong>gentes</strong></span> <span class='ocrx_word' id='word_1_223' title='bbox 3415 1736 3443 1789; x_wconf 70' lang='lat'><strong>2‘</strong></span> <span class='ocrx_word' id='word_1_224' title='bbox 3461 1736 3682 1804; x_wconf 72' lang='lat' dir='ltr'><strong>Allege-</strong></span> 
     </span>
    </p>
   </div>
   <div class='ocr_carea' id='block_1_33' title="bbox 406 1818 3683 1903">
    <p class='ocr_par' dir='ltr' id='par_1_33' title="bbox 406 1818 3683 1903">
     <span class='ocr_line' id='line_1_33' title="bbox 406 1818 3683 1903; baseline -0.002 -12"><span class='ocrx_word' id='word_1_225' title='bbox 406 1834 679 1890; x_wconf 82' lang='lat' dir='ltr'><strong>inebrians</strong></span> <span class='ocrx_word' id='word_1_226' title='bbox 725 1846 933 1886; x_wconf 84' lang='lat' dir='ltr'><strong>onmem</strong></span> <span class='ocrx_word' id='word_1_227' title='bbox 999 1841 1194 1884; x_wconf 79' lang='lat' dir='ltr'><strong>terram</strong></span> <span class='ocrx_word' id='word_1_228' title='bbox 1225 1824 1450 1898; x_wconf 63' lang='lat' dir='ltr'><strong>(lenm.</strong></span> <span class='ocrx_word' id='word_1_229' title='bbox 1507 1838 1582 1888; x_wconf 71' lang='lat' dir='ltr'><strong>LI.</strong></span> <span class='ocrx_word' id='word_1_230' title='bbox 1613 1823 1691 1891; x_wconf 85' lang='lat'><strong>7)-</strong></span> <span class='ocrx_word' id='word_1_231' title='bbox 1752 1818 1992 1874; x_wconf 63' lang='grc' dir='ltr'><strong>Νονίεδίν</strong></span> <span class='ocrx_word' id='word_1_232' title='bbox 2024 1843 2071 1903; x_wconf 77' lang='grc' dir='ltr'><strong>Β</strong></span> <span class='ocrx_word' id='word_1_233' title='bbox 2101 1829 2200 1884; x_wconf 94' lang='lat' dir='ltr'><strong>rici</strong></span> <span class='ocrx_word' id='word_1_234' title='bbox 2239 1829 2571 1900; x_wconf 84' lang='lat' dir='ltr'><strong>interpretes</strong></span> <span class='ocrx_word' id='word_1_235' title='bbox 2600 1830 2762 1884; x_wconf 86' lang='lat' dir='ltr'><strong>ismm</strong></span> <span class='ocrx_word' id='word_1_236' title='bbox 2805 1843 3024 1883; x_wconf 88' lang='lat' dir='ltr'><strong>omnem</strong></span> <span class='ocrx_word' id='word_1_237' title='bbox 3086 1828 3263 1883; x_wconf 89' lang='lat' dir='ltr'><strong>locum</strong></span> <span class='ocrx_word' id='word_1_238' title='bbox 3324 1827 3389 1884; x_wconf 87' lang='lat' dir='ltr'><strong>ad</strong></span> <span class='ocrx_word' id='word_1_239' title='bbox 3455 1840 3683 1884; x_wconf 85' lang='lat' dir='ltr'><strong>cunctas</strong></span> 
     </span>
    </p>
   </div>
   <div class='ocr_carea' id='block_1_34' title="bbox 407 1912 1991 1989">
    <p class='ocr_par' dir='ltr' id='par_1_34' title="bbox 407 1912 1991 1989">
     <span class='ocr_line' id='line_1_34' title="bbox 407 1912 1991 1989; baseline -0.012 -8"><span class='ocrx_word' id='word_1_240' title='bbox 407 1941 534 1981; x_wconf 86' lang='lat' dir='ltr'><strong>mus</strong></span> <span class='ocrx_word' id='word_1_241' title='bbox 582 1935 764 1978; x_wconf 88' lang='lat' dir='ltr'><strong>autem</strong></span> <span class='ocrx_word' id='word_1_242' title='bbox 825 1938 917 1976; x_wconf 90' lang='lat' dir='ltr'><strong>rex</strong></span> <span class='ocrx_word' id='word_1_243' title='bbox 969 1917 1264 1989; x_wconf 82' lang='lat' dir='ltr'><strong>Babylonis</strong></span> <span class='ocrx_word' id='word_1_244' title='bbox 1325 1917 1477 1972; x_wconf 88' lang='lat' dir='ltr'><strong>bibet</strong></span> <span class='ocrx_word' id='word_1_245' title='bbox 1523 1917 1665 1968; x_wconf 78' lang='lat' dir='ltr'><strong>hanc</strong></span> <span class='ocrx_word' id='word_1_246' title='bbox 1692 1912 1991 1981; x_wconf 82' lang='lat' dir='ltr'><strong>potionem,</strong></span> 
     </span>
    </p>
   </div>
   <div class='ocr_carea' id='block_1_35' title="bbox 407 2003 1994 2089">
    <p class='ocr_par' dir='ltr' id='par_1_35' title="bbox 407 2003 1994 2089">
     <span class='ocr_line' id='line_1_35' title="bbox 407 2003 1994 2089; baseline -0.011 -16"><span class='ocrx_word' id='word_1_247' title='bbox 407 2017 737 2089; x_wconf 78' lang='lat' dir='ltr'><strong>propinante</strong></span> <span class='ocrx_word' id='word_1_248' title='bbox 790 2014 893 2069; x_wconf 86' lang='lat' dir='ltr'><strong>sibi</strong></span> <span class='ocrx_word' id='word_1_249' title='bbox 938 2026 1231 2068; x_wconf 87' lang='lat' dir='ltr'><strong>ascensore</strong></span> <span class='ocrx_word' id='word_1_250' title='bbox 1259 2008 1423 2078; x_wconf 66' lang='lat' dir='ltr'><strong>bigae,</strong></span> <span class='ocrx_word' id='word_1_251' title='bbox 1470 2007 1689 2074; x_wconf 88' lang='lat' dir='ltr'><strong>cameli,</strong></span> <span class='ocrx_word' id='word_1_252' title='bbox 1722 2016 1777 2061; x_wconf 92' lang='lat' dir='ltr'><strong>et</strong></span> <span class='ocrx_word' id='word_1_253' title='bbox 1829 2003 1994 2068; x_wconf 82' lang='lat' dir='ltr'><strong>asini,</strong></span> 
     </span>
    </p>
   </div>
   <div class='ocr_carea' id='block_1_36' title="bbox 406 2096 1996 2181">
    <p class='ocr_par' dir='ltr' id='par_1_36' title="bbox 406 2096 1996 2181">
     <span class='ocr_line' id='line_1_36' title="bbox 406 2096 1996 2181; baseline -0.009 -15"><span class='ocrx_word' id='word_1_254' title='bbox 406 2111 553 2181; x_wconf 81' lang='lat' dir='ltr'><strong>Cyro</strong></span> <span class='ocrx_word' id='word_1_255' title='bbox 612 2123 739 2177; x_wconf 80' lang='lat' dir='ltr'><strong>rege</strong></span> <span class='ocrx_word' id='word_1_256' title='bbox 778 2106 1085 2168; x_wconf 76' lang='lat' dir='ltr'><strong>Medorum,</strong></span> <span class='ocrx_word' id='word_1_257' title='bbox 1140 2114 1306 2173; x_wconf 88' lang='lat' dir='ltr'><strong>atque</strong></span> <span class='ocrx_word' id='word_1_258' title='bbox 1347 2099 1665 2156; x_wconf 80' lang='lat' dir='ltr'><strong>Persarum.</strong></span> <span class='ocrx_word' id='word_1_259' title='bbox 1711 2096 1996 2181; x_wconf 75' lang='lat' dir='ltr'><strong>Quomodo</strong></span> 
     </span>
    </p>
   </div>
   <div class='ocr_carea' id='block_1_37' title="bbox 409 2172 1995 2271">
    <p class='ocr_par' dir='ltr' id='par_1_37' title="bbox 409 2172 1995 2271">
     <span class='ocr_line' id='line_1_37' title="bbox 409 2172 1995 2271; baseline -0.007 -12"><span class='ocrx_word' id='word_1_260' title='bbox 409 2172 594 2259; x_wconf 74' lang='lat' dir='ltr'><strong>autem</strong></span> <span class='ocrx_word' id='word_1_261' title='bbox 628 2172 888 2271; x_wconf 68' lang='lat' dir='ltr'><strong>Babylon,</strong></span> <span class='ocrx_word' id='word_1_262' title='bbox 933 2212 1056 2268; x_wconf 69' lang='lat' dir='ltr'><strong>quae</strong></span> <span class='ocrx_word' id='word_1_263' title='bbox 1109 2194 1380 2252; x_wconf 85' lang='lat' dir='ltr'><strong>Hebraice</strong></span> <span class='ocrx_word' id='word_1_264' title='bbox 1402 2194 1600 2249; x_wconf 88' lang='lat' dir='ltr'><strong>dicitur</strong></span> <span class='ocrx_word' id='word_1_265' title='bbox 1628 2206 1795 2245; x_wconf 72' lang='lat' dir='ltr'><strong>BABEL</strong></span> <span class='ocrx_word' id='word_1_266' title='bbox 1821 2172 1995 2261; x_wconf 63' lang='lat'><strong>(5:12),</strong></span> 
     </span>
    </p>
   </div>
   <div class='ocr_carea' id='block_1_38' title="bbox 412 2281 1995 2373">
    <p class='ocr_par' dir='ltr' id='par_1_38' title="bbox 412 2281 1995 2373">
     <span class='ocr_line' id='line_1_38' title="bbox 412 2281 1995 2373; baseline -0.011 -23"><span class='ocrx_word' id='word_1_267' title='bbox 412 2295 744 2363; x_wconf 75' lang='lat' dir='ltr'><strong>intelligatur</strong></span> <span class='ocrx_word' id='word_1_268' title='bbox 765 2306 960 2346; x_wconf 70' lang='lat' dir='ltr'><strong>snsscn</strong></span> <span class='ocrx_word' id='word_1_269' title='bbox 975 2292 1187 2373; x_wconf 63' lang='grc' dir='ltr'>(πω),</span> <span class='ocrx_word' id='word_1_270' title='bbox 1215 2302 1322 2343; x_wconf 92' lang='lat' dir='ltr'><strong>non</strong></span> <span class='ocrx_word' id='word_1_271' title='bbox 1353 2299 1683 2356; x_wconf 81' lang='lat' dir='ltr'><strong>magnopere</strong></span> <span class='ocrx_word' id='word_1_272' title='bbox 1701 2281 1995 2345; x_wconf 86' lang='lat' dir='ltr'><strong>laborabit,</strong></span> 
     </span>
    </p>
   </div>
   <div class='ocr_carea' id='block_1_39' title="bbox 410 2374 1999 2456">
    <p class='ocr_par' dir='ltr' id='par_1_39' title="bbox 410 2374 1999 2456">
     <span class='ocr_line' id='line_1_39' title="bbox 410 2374 1999 2456; baseline -0.01 -16"><span class='ocrx_word' id='word_1_273' title='bbox 410 2386 505 2456; x_wconf 89' lang='lat' dir='ltr'><strong>qui</strong></span> <span class='ocrx_word' id='word_1_274' title='bbox 539 2385 783 2439; x_wconf 63' lang='lat' dir='ltr'><strong>Hebraeae</strong></span> <span class='ocrx_word' id='word_1_275' title='bbox 815 2383 1018 2452; x_wconf 64' lang='lat' dir='ltr'><strong>linguae</strong></span> <span class='ocrx_word' id='word_1_276' title='bbox 1050 2394 1274 2450; x_wconf 87' lang='lat' dir='ltr'><strong>parvam</strong></span> <span class='ocrx_word' id='word_1_277' title='bbox 1296 2377 1489 2433; x_wconf 85' lang='lat' dir='ltr'><strong>saltem</strong></span> <span class='ocrx_word' id='word_1_278' title='bbox 1521 2375 1777 2430; x_wconf 89' lang='lat' dir='ltr'><strong>habuerit</strong></span> <span class='ocrx_word' id='word_1_279' title='bbox 1819 2374 1999 2427; x_wconf 82' lang='lat' dir='ltr'><strong>scien-</strong></span> 
     </span>
    </p>
   </div>
   <div class='ocr_carea' id='block_1_40' title="bbox 412 2466 1997 2543">
    <p class='ocr_par' dir='ltr' id='par_1_40' title="bbox 412 2466 1997 2543">
     <span class='ocr_line' id='line_1_40' title="bbox 412 2466 1997 2543; baseline -0.013 -10"><span class='ocrx_word' id='word_1_280' title='bbox 412 2475 762 2533; x_wconf 77' lang='lat' dir='ltr'><strong>tiam.‘Sicut</strong></span> <span class='ocrx_word' id='word_1_281' title='bbox 807 2471 950 2543; x_wconf 88' lang='lat' dir='ltr'><strong>apud</strong></span> <span class='ocrx_word' id='word_1_282' title='bbox 985 2485 1084 2526; x_wconf 91' lang='lat' dir='ltr'><strong>nos</strong></span> <span class='ocrx_word' id='word_1_283' title='bbox 1116 2468 1370 2524; x_wconf 68' lang='lat' dir='ltr'><strong>Graecum</strong></span> <span class='ocrx_word' id='word_1_284' title='bbox 1416 2466 1768 2536; x_wconf 87' lang='lat' dir='ltr'><strong>alphabetum</strong></span> <span class='ocrx_word' id='word_1_285' title='bbox 1825 2475 1997 2531; x_wconf 84' lang='lat' dir='ltr'><strong>usque</strong></span> 
     </span>
    </p>
   </div>
   <div class='ocr_carea' id='block_1_41' title="bbox 413 2556 1997 2631">
    <p class='ocr_par' dir='ltr' id='par_1_41' title="bbox 413 2556 1997 2631">
     <span class='ocr_line' id='line_1_41' title="bbox 413 2556 1997 2631; baseline -0.01 -5"><span class='ocrx_word' id='word_1_286' title='bbox 413 2574 482 2626; x_wconf 88' lang='lat' dir='ltr'><strong>ad</strong></span> <span class='ocrx_word' id='word_1_287' title='bbox 516 2569 871 2624; x_wconf 87' lang='lat' dir='ltr'><strong>novissimam</strong></span> <span class='ocrx_word' id='word_1_288' title='bbox 931 2566 1171 2619; x_wconf 74' lang='lat' dir='ltr'><strong>litttram</strong></span> <span class='ocrx_word' id='word_1_289' title='bbox 1205 2577 1301 2631; x_wconf 88' lang='lat' dir='ltr'><strong>per</strong></span> <span class='ocrx_word' id='word_1_290' title='bbox 1331 2561 1579 2616; x_wconf 86' lang='lat' dir='ltr'><strong>ordinem</strong></span> <span class='ocrx_word' id='word_1_291' title='bbox 1635 2559 1854 2629; x_wconf 79' lang='lat' dir='ltr'><strong>legitur,</strong></span> <span class='ocrx_word' id='word_1_292' title='bbox 1892 2556 1997 2610; x_wconf 88' lang='lat' dir='ltr'><strong>hoc</strong></span> 
     </span>
    </p>
   </div>
   <div class='ocr_carea' id='block_1_42' title="bbox 411 2653 1998 2731">
    <p class='ocr_par' dir='ltr' id='par_1_42' title="bbox 411 2653 1998 2731">
     <span class='ocr_line' id='line_1_42' title="bbox 411 2653 1998 2731; baseline -0.011 -13"><span class='ocrx_word' id='word_1_293' title='bbox 411 2673 520 2726; x_wconf 88' lang='lat' dir='ltr'><strong>est,</strong></span> <span class='ocrx_word' id='word_1_294' title='bbox 545 2661 741 2731; x_wconf 79' lang='lat' dir='ltr'><strong>Alplta,</strong></span> <span class='ocrx_word' id='word_1_295' title='bbox 777 2658 967 2723; x_wconf 86' lang='lat' dir='ltr'><strong>Betlta,</strong></span> <span class='ocrx_word' id='word_1_296' title='bbox 1002 2667 1058 2713; x_wconf 88' lang='lat' dir='ltr'><strong>et</strong></span> <span class='ocrx_word' id='word_1_297' title='bbox 1086 2668 1285 2712; x_wconf 71' lang='lat' dir='ltr'><strong>ctetera</strong></span> <span class='ocrx_word' id='word_1_298' title='bbox 1328 2670 1501 2724; x_wconf 88' lang='lat' dir='ltr'><strong>usque</strong></span> <span class='ocrx_word' id='word_1_299' title='bbox 1531 2653 1600 2709; x_wconf 90' lang='lat' dir='ltr'><strong>ad</strong></span> <span class='ocrx_word' id='word_1_300' title='bbox 1631 2670 1677 2705; x_wconf 88' lang='grc' dir='ltr'>ω</span> <span class='ocrx_word' id='word_1_301' title='bbox 1703 2671 1716 2706; x_wconf 89' lang='lat'><strong>:</strong></span> <span class='ocrx_word' id='word_1_302' title='bbox 1748 2665 1998 2705; x_wconf 82' lang='lat' dir='ltr'><strong>rttt‘sttnt-</strong></span> 
     </span>
    </p>
   </div>
   <div class='ocr_carea' id='block_1_43' title="bbox 412 2743 1999 2828">
    <p class='ocr_par' dir='ltr' id='par_1_43' title="bbox 412 2743 1999 2828">
     <span class='ocr_line' id='line_1_43' title="bbox 412 2743 1999 2828; baseline -0.007 -18"><span class='ocrx_word' id='word_1_303' title='bbox 412 2770 522 2828; x_wconf 88' lang='lat' dir='ltr'><strong>que</strong></span> <span class='ocrx_word' id='word_1_304' title='bbox 554 2764 776 2825; x_wconf 82' lang='lat' dir='ltr'><strong>propter</strong></span> <span class='ocrx_word' id='word_1_305' title='bbox 824 2749 1146 2807; x_wconf 86' lang='lat' dir='ltr'><strong>memoriam</strong></span> <span class='ocrx_word' id='word_1_306' title='bbox 1215 2748 1568 2819; x_wconf 89' lang='lat' dir='ltr'><strong>parvulorum</strong></span> <span class='ocrx_word' id='word_1_307' title='bbox 1628 2745 1872 2800; x_wconf 82' lang='lat' dir='ltr'><strong>solemus</strong></span> <span class='ocrx_word' id='word_1_308' title='bbox 1922 2743 1999 2799; x_wconf 89' lang='lat' dir='ltr'><strong>le-</strong></span> 
     </span>
    </p>
   </div>
   <div class='ocr_carea' id='block_1_44' title="bbox 416 2838 2000 2911">
    <p class='ocr_par' dir='ltr' id='par_1_44' title="bbox 416 2838 2000 2911">
     <span class='ocr_line' id='line_1_44' title="bbox 416 2838 2000 2911; baseline -0.008 -8"><span class='ocrx_word' id='word_1_309' title='bbox 416 2848 625 2903; x_wconf 86' lang='lat' dir='ltr'><strong>ctionis</strong></span> <span class='ocrx_word' id='word_1_310' title='bbox 646 2846 895 2900; x_wconf 80' lang='lat' dir='ltr'><strong>ordinem</strong></span> <span class='ocrx_word' id='word_1_311' title='bbox 926 2844 1221 2907; x_wconf 89' lang='lat' dir='ltr'><strong>invertere,</strong></span> <span class='ocrx_word' id='word_1_312' title='bbox 1249 2853 1302 2896; x_wconf 89' lang='lat' dir='ltr'><strong>et</strong></span> <span class='ocrx_word' id='word_1_313' title='bbox 1322 2840 1508 2911; x_wconf 78' lang='lat' dir='ltr'><strong>primis</strong></span> <span class='ocrx_word' id='word_1_314' title='bbox 1530 2847 1775 2893; x_wconf 80' lang='lat' dir='ltr'><strong>extrema</strong></span> <span class='ocrx_word' id='word_1_315' title='bbox 1805 2838 2000 2891; x_wconf 70' lang='lat' dir='ltr'><strong>iniece-</strong></span> 
     </span>
    </p>
   </div>
   <div class='ocr_carea' id='block_1_45' title="bbox 414 2929 1998 3007">
    <p class='ocr_par' dir='ltr' id='par_1_45' title="bbox 414 2929 1998 3007">
     <span class='ocr_line' id='line_1_45' title="bbox 414 2929 1998 3007; baseline -0.008 -12"><span class='ocrx_word' id='word_1_316' title='bbox 414 2955 495 3006; x_wconf 82' lang='lat' dir='ltr'><strong>te,</strong></span> <span class='ocrx_word' id='word_1_317' title='bbox 529 2951 588 2994; x_wconf 92' lang='lat' dir='ltr'><strong>ut</strong></span> <span class='ocrx_word' id='word_1_318' title='bbox 617 2940 864 2994; x_wconf 86' lang='lat' dir='ltr'><strong>dicamus</strong></span> <span class='ocrx_word' id='word_1_319' title='bbox 895 2937 1091 3007; x_wconf 79' lang='lat' dir='ltr'><strong>Alplta,</strong></span> <span class='ocrx_word' id='word_1_320' title='bbox 1127 2934 1197 3000; x_wconf 92' lang='lat'><strong>0,</strong></span> <span class='ocrx_word' id='word_1_321' title='bbox 1236 2934 1430 2998; x_wconf 86' lang='lat' dir='ltr'><strong>Betha,</strong></span> <span class='ocrx_word' id='word_1_322' title='bbox 1472 2931 1566 2985; x_wconf 82' lang='lat' dir='ltr'><strong>Psi</strong></span> <span class='ocrx_word' id='word_1_323' title='bbox 1606 2947 1623 2988; x_wconf 86' lang='lat'><strong>:</strong></span> <span class='ocrx_word' id='word_1_324' title='bbox 1658 2931 1736 2984; x_wconf 87' lang='lat' dir='ltr'><strong>sic</strong></span> <span class='ocrx_word' id='word_1_325' title='bbox 1763 2939 1814 2985; x_wconf 90' lang='lat' dir='ltr'><strong>et</strong></span> <span class='ocrx_word' id='word_1_326' title='bbox 1856 2929 1998 3000; x_wconf 86' lang='lat' dir='ltr'><strong>apud</strong></span> 
     </span>
    </p>
   </div>
   <div class='ocr_carea' id='block_1_46' title="bbox 414 3025 1998 3098">
    <p class='ocr_par' dir='ltr' id='par_1_46' title="bbox 414 3025 1998 3098">
     <span class='ocr_line' id='line_1_46' title="bbox 414 3025 1998 3098; baseline -0.007 -15"><span class='ocrx_word' id='word_1_327' title='bbox 414 3029 677 3086; x_wconf 67' lang='lat' dir='ltr'><strong>Hebraeos</strong></span> <span class='ocrx_word' id='word_1_328' title='bbox 740 3029 974 3098; x_wconf 88' lang='lat' dir='ltr'><strong>primum</strong></span> <span class='ocrx_word' id='word_1_329' title='bbox 1020 3036 1105 3080; x_wconf 83' lang='lat' dir='ltr'><strong>est</strong></span> <span class='ocrx_word' id='word_1_330' title='bbox 1158 3039 1329 3079; x_wconf 71' lang='lat' dir='ltr'><strong>ALEPB</strong></span> <span class='ocrx_word' id='word_1_331' title='bbox 1373 3034 1413 3081; x_wconf 72' lang='grc' dir='ltr'>ει</span> <span class='ocrx_word' id='word_1_332' title='bbox 1454 3025 1756 3076; x_wconf 87' lang='lat' dir='ltr'><strong>secundum</strong></span> <span class='ocrx_word' id='word_1_333' title='bbox 1783 3035 1918 3073; x_wconf 79' lang='grc' dir='ltr'>ιιετιι</span> <span class='ocrx_word' id='word_1_334' title='bbox 1946 3029 1998 3082; x_wconf 66' lang='grc' dir='ltr'>λ,</span> 
     </span>
    </p>
   </div>
   <div class='ocr_carea' id='block_1_47' title="bbox 418 3113 1998 3185">
    <p class='ocr_par' dir='ltr' id='par_1_47' title="bbox 418 3113 1998 3185">
     <span class='ocr_line' id='line_1_47' title="bbox 418 3113 1998 3185; baseline -0.009 -8"><span class='ocrx_word' id='word_1_335' title='bbox 418 3124 640 3178; x_wconf 86' lang='lat' dir='ltr'><strong>tertium</strong></span> <span class='ocrx_word' id='word_1_336' title='bbox 667 3134 867 3175; x_wconf 74' lang='lat' dir='ltr'><strong>cntum.</strong></span> <span class='ocrx_word' id='word_1_337' title='bbox 907 3129 972 3182; x_wconf 75' lang='grc' dir='ltr'>η,</span> <span class='ocrx_word' id='word_1_338' title='bbox 1006 3131 1176 3185; x_wconf 85' lang='lat' dir='ltr'><strong>usque</strong></span> <span class='ocrx_word' id='word_1_339' title='bbox 1226 3117 1294 3169; x_wconf 87' lang='lat' dir='ltr'><strong>ad</strong></span> <span class='ocrx_word' id='word_1_340' title='bbox 1324 3115 1643 3182; x_wconf 86' lang='lat' dir='ltr'><strong>vigesimam</strong></span> <span class='ocrx_word' id='word_1_341' title='bbox 1677 3113 1998 3173; x_wconf 77' lang='lat' dir='ltr'><strong>secundam,</strong></span> 
     </span>
    </p>
   </div>
   <div class='ocr_carea' id='block_1_48' title="bbox 2102 1919 3684 1990">
    <p class='ocr_par' dir='ltr' id='par_1_48' title="bbox 2102 1919 3684 1990">
     <span class='ocr_line' id='line_1_48' title="bbox 2102 1919 3684 1990; baseline 0.001 -14"><span class='ocrx_word' id='word_1_342' title='bbox 2102 1923 2353 1978; x_wconf 86' lang='lat' dir='ltr'><strong>referunt</strong></span> <span class='ocrx_word' id='word_1_343' title='bbox 2376 1923 2651 1988; x_wconf 85' lang='lat' dir='ltr'><strong>nationes,</strong></span> <span class='ocrx_word' id='word_1_344' title='bbox 2677 1936 2816 1990; x_wconf 86' lang='lat' dir='ltr'><strong>quas</strong></span> <span class='ocrx_word' id='word_1_345' title='bbox 2843 1921 3205 1975; x_wconf 87' lang='lat' dir='ltr'><strong>inebriaverit</strong></span> <span class='ocrx_word' id='word_1_346' title='bbox 3225 1919 3481 1977; x_wconf 82' lang='lat' dir='ltr'><strong>diabolus</strong></span> <span class='ocrx_word' id='word_1_347' title='bbox 3512 1922 3684 1977; x_wconf 73' lang='lat' dir='ltr'><strong>calice</strong></span> 
     </span>
    </p>
   </div>
   <div class='ocr_carea' id='block_1_49' title="bbox 2102 2013 3683 2086">
    <p class='ocr_par' dir='ltr' id='par_1_49' title="bbox 2102 2013 3683 2086">
     <span class='ocr_line' id='line_1_49' title="bbox 2102 2013 3683 2086; baseline -0.001 -14"><span class='ocrx_word' id='word_1_348' title='bbox 2102 2023 2453 2086; x_wconf 86' lang='lat' dir='ltr'><strong>peccatorum</strong></span> <span class='ocrx_word' id='word_1_349' title='bbox 2501 2016 2904 2070; x_wconf 88' lang='lat' dir='ltr'><strong>meracissimo.</strong></span> <span class='ocrx_word' id='word_1_350' title='bbox 2969 2013 3035 2069; x_wconf 84' lang='lat' dir='ltr'><strong>Et</strong></span> <span class='ocrx_word' id='word_1_351' title='bbox 3098 2016 3457 2071; x_wconf 86' lang='lat' dir='ltr'><strong>novissimum</strong></span> <span class='ocrx_word' id='word_1_352' title='bbox 3517 2019 3683 2072; x_wconf 87' lang='lat' dir='ltr'><strong>etiam</strong></span> 
     </span>
    </p>
   </div>
   <div class='ocr_carea' id='block_1_50' title="bbox 2103 2108 3685 2179">
    <p class='ocr_par' dir='ltr' id='par_1_50' title="bbox 2103 2108 3685 2179">
     <span class='ocr_line' id='line_1_50' title="bbox 2103 2108 3685 2179; baseline 0.001 -15"><span class='ocrx_word' id='word_1_353' title='bbox 2103 2110 2279 2179; x_wconf 86' lang='lat' dir='ltr'><strong>ipsum</strong></span> <span class='ocrx_word' id='word_1_354' title='bbox 2328 2109 2631 2164; x_wconf 88' lang='lat' dir='ltr'><strong>bibiturum</strong></span> <span class='ocrx_word' id='word_1_355' title='bbox 2661 2108 2929 2179; x_wconf 83' lang='lat' dir='ltr'><strong>supplicia</strong></span> <span class='ocrx_word' id='word_1_356' title='bbox 2956 2118 3119 2178; x_wconf 88' lang='lat' dir='ltr'><strong>atque</strong></span> <span class='ocrx_word' id='word_1_357' title='bbox 3151 2110 3455 2176; x_wconf 84' lang='lat' dir='ltr'><strong>cruciatus,</strong></span> <span class='ocrx_word' id='word_1_358' title='bbox 3487 2112 3555 2165; x_wconf 85' lang='lat' dir='ltr'><strong>de</strong></span> <span class='ocrx_word' id='word_1_359' title='bbox 3577 2127 3685 2178; x_wconf 89' lang='lat' dir='ltr'><strong>quo</strong></span> 
     </span>
    </p>
   </div>
   <div class='ocr_carea' id='block_1_51' title="bbox 2102 2201 3682 2273">
    <p class='ocr_par' dir='ltr' id='par_1_51' title="bbox 2102 2201 3682 2273">
     <span class='ocr_line' id='line_1_51' title="bbox 2102 2201 3682 2273; baseline -0.003 -13"><span class='ocrx_word' id='word_1_360' title='bbox 2102 2203 2295 2260; x_wconf 89' lang='lat' dir='ltr'><strong>scriblt</strong></span> <span class='ocrx_word' id='word_1_361' title='bbox 2323 2202 2621 2273; x_wconf 83' lang='lat' dir='ltr'><strong>Apostolus</strong></span> <span class='ocrx_word' id='word_1_362' title='bbox 2659 2203 2873 2268; x_wconf 77' lang='lat' dir='ltr'><strong>:;Quem</strong></span> <span class='ocrx_word' id='word_1_363' title='bbox 2918 2201 3177 2257; x_wconf 85' lang='lat' dir='ltr'><strong>Dominus</strong></span> <span class='ocrx_word' id='word_1_364' title='bbox 3208 2202 3366 2257; x_wconf 71' lang='lat' dir='ltr'><strong>Iesus</strong></span> <span class='ocrx_word' id='word_1_365' title='bbox 3404 2203 3682 2273; x_wconf 72' lang='lat' dir='ltr'><strong>interﬁciet</strong></span> 
     </span>
    </p>
   </div>
   <div class='ocr_carea' id='block_1_52' title="bbox 2099 2291 3680 2367">
    <p class='ocr_par' dir='ltr' id='par_1_52' title="bbox 2099 2291 3680 2367">
     <span class='ocr_line' id='line_1_52' title="bbox 2099 2291 3680 2367; baseline 0 -18"><span class='ocrx_word' id='word_1_366' title='bbox 2099 2295 2291 2357; x_wconf 81' lang='lat' dir='ltr'><strong>spiritu</strong></span> <span class='ocrx_word' id='word_1_367' title='bbox 2316 2295 2426 2348; x_wconf 82' lang='lat' dir='ltr'><strong>oris</strong></span> <span class='ocrx_word' id='word_1_368' title='bbox 2447 2294 2532 2347; x_wconf 85' lang='lat' dir='ltr'><strong>sui</strong></span> <span class='ocrx_word' id='word_1_369' title='bbox 2562 2291 2650 2365; x_wconf 77' lang='lat' dir='ltr'><strong>(Il</strong></span> <span class='ocrx_word' id='word_1_370' title='bbox 2680 2293 2855 2348; x_wconf 83' lang='lat' dir='ltr'><strong>Thess.</strong></span> <span class='ocrx_word' id='word_1_371' title='bbox 2899 2308 2959 2358; x_wconf 92' lang='grc' dir='ltr'><strong>ιι,</strong></span> <span class='ocrx_word' id='word_1_372' title='bbox 2993 2293 3071 2364; x_wconf 93' lang='lat'><strong>8).</strong></span> <span class='ocrx_word' id='word_1_373' title='bbox 3105 2293 3174 2348; x_wconf 87' lang='lat' dir='ltr'><strong>Et</strong></span> <span class='ocrx_word' id='word_1_374' title='bbox 3198 2292 3311 2366; x_wconf 68' lang='grc' dir='ltr'><strong>[Δί.</strong></span> <span class='ocrx_word' id='word_1_375' title='bbox 3341 2295 3498 2352; x_wconf 88' lang='lat' dir='ltr'><strong>Unde</strong></span> <span class='ocrx_word' id='word_1_376' title='bbox 3528 2298 3610 2367; x_wconf 72' lang='lat' dir='ltr'><strong>et}</strong></span> <span class='ocrx_word' id='word_1_377' title='bbox 3630 2298 3680 2349; x_wconf 91' lang='lat' dir='ltr'><strong>in</strong></span> 
     </span>
    </p>
   </div>
   <div class='ocr_carea' id='block_1_53' title="bbox 2104 2385 3683 2442">
    <p class='ocr_par' dir='ltr' id='par_1_53' title="bbox 2104 2385 3683 2442">
     <span class='ocr_line' id='line_1_53' title="bbox 2104 2385 3683 2442; baseline 0.001 -1"><span class='ocrx_word' id='word_1_378' title='bbox 2104 2387 2211 2442; x_wconf 88' lang='lat' dir='ltr'><strong>alio</strong></span> <span class='ocrx_word' id='word_1_379' title='bbox 2238 2386 2358 2442; x_wconf 89' lang='lat' dir='ltr'><strong>loco</strong></span> <span class='ocrx_word' id='word_1_380' title='bbox 2391 2387 2521 2442; x_wconf 88' lang='lat' dir='ltr'><strong>dicit</strong></span> <span class='ocrx_word' id='word_1_381' title='bbox 2556 2402 2569 2442; x_wconf 90' lang='lat'><strong>:</strong></span> <span class='ocrx_word' id='word_1_382' title='bbox 2607 2385 2944 2441; x_wconf 78' lang='lat' dir='ltr'><strong>Novissimus</strong></span> <span class='ocrx_word' id='word_1_383' title='bbox 2967 2396 3146 2441; x_wconf 83' lang='lat' dir='ltr'><strong>autem</strong></span> <span class='ocrx_word' id='word_1_384' title='bbox 3168 2387 3416 2442; x_wconf 85' lang='lat' dir='ltr'><strong>inimicus</strong></span> <span class='ocrx_word' id='word_1_385' title='bbox 3448 2391 3683 2442; x_wconf 81' lang='lat' dir='ltr'><strong>destrue-</strong></span> 
     </span>
    </p>
   </div>
   <div class='ocr_carea' id='block_1_54' title="bbox 2104 2478 3678 2550">
    <p class='ocr_par' dir='ltr' id='par_1_54' title="bbox 2104 2478 3678 2550">
     <span class='ocr_line' id='line_1_54' title="bbox 2104 2478 3678 2550; baseline 0.002 -18"><span class='ocrx_word' id='word_1_386' title='bbox 2104 2490 2191 2533; x_wconf 86' lang='lat' dir='ltr'><strong>tur</strong></span> <span class='ocrx_word' id='word_1_387' title='bbox 2221 2496 2363 2533; x_wconf 86' lang='lat' dir='ltr'><strong>mors</strong></span> <span class='ocrx_word' id='word_1_388' title='bbox 2388 2479 2435 2548; x_wconf 86' lang='grc'><strong>(1</strong></span> <span class='ocrx_word' id='word_1_389' title='bbox 2463 2478 2588 2537; x_wconf 87' lang='lat' dir='ltr'><strong>Cor.</strong></span> <span class='ocrx_word' id='word_1_390' title='bbox 2616 2495 2709 2546; x_wconf 86' lang='lat' dir='ltr'><strong>xv,</strong></span> <span class='ocrx_word' id='word_1_391' title='bbox 2748 2480 2865 2548; x_wconf 73' lang='lat'><strong>26).</strong></span> <span class='ocrx_word' id='word_1_392' title='bbox 2897 2479 3052 2546; x_wconf 85' lang='lat' dir='ltr'><strong>Quod</strong></span> <span class='ocrx_word' id='word_1_393' title='bbox 3106 2496 3424 2550; x_wconf 82' lang='lat' dir='ltr'><strong>magnarum</strong></span> <span class='ocrx_word' id='word_1_394' title='bbox 3484 2483 3678 2535; x_wconf 83' lang='lat' dir='ltr'><strong>virium</strong></span> 
     </span>
    </p>
   </div>
   <div class='ocr_carea' id='block_1_55' title="bbox 2102 2572 3682 2640">
    <p class='ocr_par' dir='ltr' id='par_1_55' title="bbox 2102 2572 3682 2640">
     <span class='ocr_line' id='line_1_55' title="bbox 2102 2572 3682 2640; baseline 0.003 -16"><span class='ocrx_word' id='word_1_395' title='bbox 2102 2581 2189 2627; x_wconf 85' lang='lat' dir='ltr'><strong>est</strong></span> <span class='ocrx_word' id='word_1_396' title='bbox 2214 2585 2377 2640; x_wconf 85' lang='lat' dir='ltr'><strong>posse</strong></span> <span class='ocrx_word' id='word_1_397' title='bbox 2410 2572 2751 2627; x_wconf 86' lang='lat' dir='ltr'><strong>diversarum</strong></span> <span class='ocrx_word' id='word_1_398' title='bbox 2785 2572 3053 2627; x_wconf 86' lang='lat' dir='ltr'><strong>vocabula</strong></span> <span class='ocrx_word' id='word_1_399' title='bbox 3081 2574 3357 2628; x_wconf 87' lang='lat' dir='ltr'><strong>nationum</strong></span> <span class='ocrx_word' id='word_1_400' title='bbox 3384 2572 3682 2629; x_wconf 83' lang='lat' dir='ltr'><strong>transferre</strong></span> 
     </span>
    </p>
   </div>
   <div class='ocr_carea' id='block_1_56' title="bbox 2103 2664 3683 2739">
    <p class='ocr_par' dir='ltr' id='par_1_56' title="bbox 2103 2664 3683 2739">
     <span class='ocr_line' id='line_1_56' title="bbox 2103 2664 3683 2739; baseline 0.001 -19"><span class='ocrx_word' id='word_1_401' title='bbox 2103 2664 2204 2720; x_wconf 87' lang='lat' dir='ltr'><strong>sub</strong></span> <span class='ocrx_word' id='word_1_402' title='bbox 2239 2664 2586 2736; x_wconf 78' lang='lat' dir='ltr'><strong>etymolOgiis</strong></span> <span class='ocrx_word' id='word_1_403' title='bbox 2611 2665 2751 2732; x_wconf 86' lang='lat' dir='ltr'><strong>suis,</strong></span> <span class='ocrx_word' id='word_1_404' title='bbox 2785 2676 2841 2721; x_wconf 87' lang='lat' dir='ltr'><strong>et</strong></span> <span class='ocrx_word' id='word_1_405' title='bbox 2881 2666 3095 2737; x_wconf 86' lang='lat' dir='ltr'><strong>singula</strong></span> <span class='ocrx_word' id='word_1_406' title='bbox 3130 2667 3284 2733; x_wconf 83' lang='lat' dir='ltr'><strong>vitia,</strong></span> <span class='ocrx_word' id='word_1_407' title='bbox 3322 2667 3554 2739; x_wconf 75' lang='lat' dir='ltr'><strong>singulis</strong></span> <span class='ocrx_word' id='word_1_408' title='bbox 3589 2684 3683 2722; x_wconf 82' lang='lat' dir='ltr'><strong>no-</strong></span> 
     </span>
    </p>
   </div>
   <div class='ocr_carea' id='block_1_57' title="bbox 2106 2757 2683 2830">
    <p class='ocr_par' dir='ltr' id='par_1_57' title="bbox 2106 2757 2683 2830">
     <span class='ocr_line' id='line_1_57' title="bbox 2106 2757 2683 2830; baseline 0.005 -19"><span class='ocrx_word' id='word_1_409' title='bbox 2106 2757 2348 2813; x_wconf 88' lang='lat' dir='ltr'><strong>minibus</strong></span> <span class='ocrx_word' id='word_1_410' title='bbox 2400 2768 2683 2830; x_wconf 79' lang='lat' dir='ltr'><strong>coaptare.</strong></span> 
     </span>
    </p>
   </div>
   <div class='ocr_carea' id='block_1_58' title="bbox 2179 2848 3679 2921">
    <p class='ocr_par' dir='ltr' id='par_1_58' title="bbox 2179 2848 3679 2921">
     <span class='ocr_line' id='line_1_58' title="bbox 2179 2848 3679 2921; baseline 0.004 -19"><span class='ocrx_word' id='word_1_411' title='bbox 2179 2848 2491 2921; x_wconf 76' lang='lat' dir='ltr'><strong>(Vers.27.)</strong></span> <span class='ocrx_word' id='word_1_412' title='bbox 2531 2869 2551 2904; x_wconf 86' lang='grc' dir='ltr'><strong>ι</strong></span> <span class='ocrx_word' id='word_1_413' title='bbox 2583 2851 2650 2907; x_wconf 86' lang='grc' dir='ltr'>Ει</span> <span class='ocrx_word' id='word_1_414' title='bbox 2677 2851 2825 2908; x_wconf 87' lang='lat' dir='ltr'><strong>dices</strong></span> <span class='ocrx_word' id='word_1_415' title='bbox 2852 2854 2920 2909; x_wconf 89' lang='lat' dir='ltr'><strong>ad</strong></span> <span class='ocrx_word' id='word_1_416' title='bbox 2950 2867 3079 2920; x_wconf 88' lang='lat' dir='ltr'><strong>eos;</strong></span> <span class='ocrx_word' id='word_1_417' title='bbox 3104 2852 3230 2909; x_wconf 71' lang='lat' dir='ltr'><strong>ﬂare</strong></span> <span class='ocrx_word' id='word_1_418' title='bbox 3260 2854 3390 2909; x_wconf 87' lang='lat' dir='ltr'><strong>dicit</strong></span> <span class='ocrx_word' id='word_1_419' title='bbox 3422 2851 3679 2909; x_wconf 86' lang='lat' dir='ltr'><strong>Dominus</strong></span> 
     </span>
    </p>
   </div>
   <div class='ocr_carea' id='block_1_59' title="bbox 2105 2940 3681 3005">
    <p class='ocr_par' dir='ltr' id='par_1_59' title="bbox 2105 2940 3681 3005">
     <span class='ocr_line' id='line_1_59' title="bbox 2105 2940 3681 3005; baseline 0.002 -11"><span class='ocrx_word' id='word_1_420' title='bbox 2105 2940 2445 2995; x_wconf 79' lang='lat' dir='ltr'><strong>exercituum</strong></span> <span class='ocrx_word' id='word_1_421' title='bbox 2497 2943 2637 2998; x_wconf 86' lang='lat' dir='ltr'><strong>Dens</strong></span> <span class='ocrx_word' id='word_1_422' title='bbox 2672 2942 2878 3001; x_wconf 89' lang='lat' dir='ltr'><strong>Israel:</strong></span> <span class='ocrx_word' id='word_1_423' title='bbox 2925 2943 3100 2999; x_wconf 84' lang='lat' dir='ltr'><strong>Bibite</strong></span> <span class='ocrx_word' id='word_1_424' title='bbox 3144 2957 3199 2998; x_wconf 87' lang='lat' dir='ltr'><strong>et</strong></span> <span class='ocrx_word' id='word_1_425' title='bbox 3232 2945 3601 3005; x_wconf 82' lang='lat' dir='ltr'><strong>inebriamini.</strong></span> <span class='ocrx_word' id='word_1_426' title='bbox 3628 2954 3681 2997; x_wconf 85' lang='lat' dir='ltr'><strong>et</strong></span> 
     </span>
    </p>
   </div>
   <div class='ocr_carea' id='block_1_60' title="bbox 2107 3031 3695 3108">
    <p class='ocr_par' dir='ltr' id='par_1_60' title="bbox 2107 3031 3695 3108">
     <span class='ocr_line' id='line_1_60' title="bbox 2107 3031 3695 3108; baseline 0.005 -27"><span class='ocrx_word' id='word_1_427' title='bbox 2107 3033 2329 3097; x_wconf 89' lang='lat' dir='ltr'><strong>vomite,</strong></span> <span class='ocrx_word' id='word_1_428' title='bbox 2357 3040 2410 3086; x_wconf 90' lang='lat' dir='ltr'><strong>et</strong></span> <span class='ocrx_word' id='word_1_429' title='bbox 2433 3031 2632 3098; x_wconf 88' lang='lat' dir='ltr'><strong>cadite,</strong></span> <span class='ocrx_word' id='word_1_430' title='bbox 2655 3043 2712 3088; x_wconf 88' lang='lat' dir='ltr'><strong>et</strong></span> <span class='ocrx_word' id='word_1_431' title='bbox 2741 3034 2906 3090; x_wconf 86' lang='lat' dir='ltr'><strong>nolite</strong></span> <span class='ocrx_word' id='word_1_432' title='bbox 2936 3049 3266 3105; x_wconf 87' lang='lat' dir='ltr'><strong>consurgere</strong></span> <span class='ocrx_word' id='word_1_433' title='bbox 3292 3033 3483 3108; x_wconf 65' lang='grc' dir='ltr'><strong>[ναις.</strong></span> <span class='ocrx_word' id='word_1_434' title='bbox 3512 3051 3577 3091; x_wconf 89' lang='lat' dir='ltr'><strong>ue</strong></span> <span class='ocrx_word' id='word_1_435' title='bbox 3598 3032 3695 3103; x_wconf 61' lang='lat' dir='ltr'><strong>iue&#39;</strong></span> 
     </span>
    </p>
   </div>
   <div class='ocr_carea' id='block_1_61' title="bbox 2111 3125 3679 3203">
    <p class='ocr_par' dir='ltr' id='par_1_61' title="bbox 2111 3125 3679 3203">
     <span class='ocr_line' id='line_1_61' title="bbox 2111 3125 3679 3203; baseline 0.004 -26"><span class='ocrx_word' id='word_1_436' title='bbox 2111 3125 2383 3196; x_wconf 80' lang='lat' dir='ltr'><strong>surgatis]</strong></span> <span class='ocrx_word' id='word_1_437' title='bbox 2411 3143 2439 3179; x_wconf 88' lang='lat' dir='ltr'><strong>a</strong></span> <span class='ocrx_word' id='word_1_438' title='bbox 2476 3126 2618 3182; x_wconf 85' lang='lat' dir='ltr'><strong>facie</strong></span> <span class='ocrx_word' id='word_1_439' title='bbox 2674 3128 2863 3197; x_wconf 84' lang='lat' dir='ltr'><strong>gladii,</strong></span> <span class='ocrx_word' id='word_1_440' title='bbox 2900 3143 3058 3199; x_wconf 87' lang='lat' dir='ltr'><strong>quem</strong></span> <span class='ocrx_word' id='word_1_441' title='bbox 3115 3143 3217 3198; x_wconf 88' lang='lat' dir='ltr'><strong>ego</strong></span> <span class='ocrx_word' id='word_1_442' title='bbox 3245 3132 3454 3186; x_wconf 85' lang='lat' dir='ltr'><strong>mittam</strong></span> <span class='ocrx_word' id='word_1_443' title='bbox 3488 3132 3540 3184; x_wconf 91' lang='lat' dir='ltr'><strong>in</strong></span> <span class='ocrx_word' id='word_1_444' title='bbox 3571 3130 3679 3203; x_wconf 65' lang='grc' dir='ltr'><strong>[Αἰ.</strong></span> 
     </span>
    </p>
   </div>
   <div class='ocr_carea' id='block_1_62' title="bbox 413 3203 2000 3294">
    <p class='ocr_par' dir='ltr' id='par_1_62' title="bbox 413 3203 2000 3275">
     <span class='ocr_line' id='line_1_62' title="bbox 413 3203 2000 3275; baseline -0.009 -4"><span class='ocrx_word' id='word_1_445' title='bbox 413 3228 471 3272; x_wconf 90' lang='lat' dir='ltr'><strong>et</strong></span> <span class='ocrx_word' id='word_1_446' title='bbox 513 3222 819 3270; x_wconf 79' lang='lat' dir='ltr'><strong>extremam</strong></span> <span class='ocrx_word' id='word_1_447' title='bbox 873 3213 1111 3265; x_wconf 77' lang='lat' dir='ltr'><strong>litteram</strong></span> <span class='ocrx_word' id='word_1_448' title='bbox 1168 3221 1312 3262; x_wconf 70' lang='grc' dir='ltr'>τιιιιυ</span> <span class='ocrx_word' id='word_1_449' title='bbox 1363 3215 1439 3273; x_wconf 71' lang='lat' dir='ltr'><strong>tv,</strong></span> <span class='ocrx_word' id='word_1_450' title='bbox 1462 3205 1550 3259; x_wconf 91' lang='lat' dir='ltr'><strong>cui</strong></span> <span class='ocrx_word' id='word_1_451' title='bbox 1587 3203 1887 3275; x_wconf 90' lang='lat' dir='ltr'><strong>peuultima</strong></span> <span class='ocrx_word' id='word_1_452' title='bbox 1921 3211 2000 3257; x_wconf 88' lang='lat' dir='ltr'><strong>cst</strong></span> 
     </span>
    </p>
   </div>
   <div class='ocr_carea' id='block_1_63' title="bbox 2105 3203 3681 3294">
    <p class='ocr_par' dir='ltr' id='par_1_63' title="bbox 2111 3212 3681 3294">
     <span class='ocr_line' id='line_1_63' title="bbox 2111 3212 3681 3294; baseline 0.003 -21"><span class='ocrx_word' id='word_1_453' title='bbox 2111 3218 2278 3290; x_wconf 82' lang='lat' dir='ltr'><strong>inter]</strong></span> <span class='ocrx_word' id='word_1_454' title='bbox 2338 3234 2457 3274; x_wconf 83' lang='lat' dir='ltr'><strong>vos.</strong></span> <span class='ocrx_word' id='word_1_455' title='bbox 2487 3212 2888 3291; x_wconf 75' lang='lat' dir='ltr'><strong>s&#39;Postquam,</strong></span> <span class='ocrx_word' id='word_1_456' title='bbox 2939 3221 3137 3292; x_wconf 89' lang='lat' dir='ltr'><strong>inquit,</strong></span> <span class='ocrx_word' id='word_1_457' title='bbox 3172 3224 3387 3278; x_wconf 88' lang='lat' dir='ltr'><strong>cunctis</strong></span> <span class='ocrx_word' id='word_1_458' title='bbox 3434 3227 3681 3294; x_wconf 87' lang='lat' dir='ltr'><strong>gentibus</strong></span> 
     </span>
    </p>
   </div>
   <div class='ocr_carea' id='block_1_64' title="bbox 416 3305 2000 3376">
    <p class='ocr_par' dir='ltr' id='par_1_64' title="bbox 416 3305 2000 3376">
     <span class='ocr_line' id='line_1_64' title="bbox 416 3305 2000 3376; baseline -0.009 -11"><span class='ocrx_word' id='word_1_459' title='bbox 416 3324 502 3365; x_wconf 80' lang='lat' dir='ltr'><strong>snt</strong></span> <span class='ocrx_word' id='word_1_460' title='bbox 544 3317 620 3368; x_wconf 72' lang='lat' dir='ltr'><strong>ut.</strong></span> <span class='ocrx_word' id='word_1_461' title='bbox 663 3306 924 3376; x_wconf 81' lang='lat' dir='ltr'><strong>Legimus</strong></span> <span class='ocrx_word' id='word_1_462' title='bbox 970 3305 1156 3374; x_wconf 89' lang='lat' dir='ltr'><strong>itaque</strong></span> <span class='ocrx_word' id='word_1_463' title='bbox 1206 3317 1395 3366; x_wconf 71' lang='lat' dir='ltr'><strong>stara,</strong></span> <span class='ocrx_word' id='word_1_464' title='bbox 1426 3315 1563 3355; x_wconf 67' lang='lat' dir='ltr'><strong>suae</strong></span> <span class='ocrx_word' id='word_1_465' title='bbox 1610 3309 1670 3367; x_wconf 81' lang='lat'><strong>:1,</strong></span> <span class='ocrx_word' id='word_1_466' title='bbox 1724 3312 1885 3362; x_wconf 71' lang='lat' dir='ltr'><strong>eam,</strong></span> <span class='ocrx_word' id='word_1_467' title='bbox 1917 3312 2000 3352; x_wconf 79' lang='lat' dir='ltr'><strong>sm</strong></span> 
     </span>
    </p>
   </div>
   <div class='ocr_carea' id='block_1_65' title="bbox 413 3392 2000 3468">
    <p class='ocr_par' dir='ltr' id='par_1_65' title="bbox 413 3392 2000 3468">
     <span class='ocr_line' id='line_1_65' title="bbox 413 3392 2000 3468; baseline -0.012 -5"><span class='ocrx_word' id='word_1_468' title='bbox 413 3411 459 3462; x_wconf 80' lang='grc' dir='ltr'>Π</span> <span class='ocrx_word' id='word_1_469' title='bbox 486 3415 527 3462; x_wconf 75' lang='grc' dir='ltr'><strong>ιι</strong></span> <span class='ocrx_word' id='word_1_470' title='bbox 552 3411 589 3462; x_wconf 70' lang='grc' dir='ltr'><strong>’τ</strong></span> <span class='ocrx_word' id='word_1_471' title='bbox 617 3408 672 3459; x_wconf 70' lang='grc' dir='ltr'>ω</span> <span class='ocrx_word' id='word_1_472' title='bbox 741 3437 757 3453; x_wconf 92' lang='grc'><strong>.</strong></span> <span class='ocrx_word' id='word_1_473' title='bbox 784 3399 1033 3468; x_wconf 84' lang='lat' dir='ltr'><strong>Cumque</strong></span> <span class='ocrx_word' id='word_1_474' title='bbox 1063 3396 1374 3451; x_wconf 88' lang='lat' dir='ltr'><strong>veneriums</strong></span> <span class='ocrx_word' id='word_1_475' title='bbox 1419 3394 1487 3449; x_wconf 91' lang='lat' dir='ltr'><strong>ad</strong></span> <span class='ocrx_word' id='word_1_476' title='bbox 1538 3392 1798 3457; x_wconf 91' lang='lat' dir='ltr'><strong>medium,</strong></span> <span class='ocrx_word' id='word_1_477' title='bbox 1826 3406 2000 3447; x_wconf 75' lang='lat' dir='ltr'><strong>LAIED</strong></span> 
     </span>
    </p>
   </div>
   <div class='ocr_carea' id='block_1_66' title="bbox 414 3477 2004 3561">
    <p class='ocr_par' dir='ltr' id='par_1_66' title="bbox 414 3477 2004 3561">
     <span class='ocr_line' id='line_1_66' title="bbox 414 3477 2004 3561; baseline -0.005 -13"><span class='ocrx_word' id='word_1_478' title='bbox 414 3477 471 3561; x_wconf 67' lang='lat'><strong>5,</strong></span> <span class='ocrx_word' id='word_1_479' title='bbox 511 3496 708 3549; x_wconf 60' lang='lat' dir='ltr'><strong>litterae</strong></span> <span class='ocrx_word' id='word_1_480' title='bbox 738 3492 979 3549; x_wconf 64' lang='lat' dir='ltr'><strong>octurrit</strong></span> <span class='ocrx_word' id='word_1_481' title='bbox 1007 3503 1176 3545; x_wconf 71' lang='lat' dir='ltr'><strong>CRAPII</strong></span> <span class='ocrx_word' id='word_1_482' title='bbox 1205 3502 1245 3548; x_wconf 72' lang='lat' dir='ltr'><strong>si</strong></span> <span class='ocrx_word' id='word_1_483' title='bbox 1277 3504 1293 3543; x_wconf 87' lang='lat'><strong>:</strong></span> <span class='ocrx_word' id='word_1_484' title='bbox 1321 3496 1373 3542; x_wconf 88' lang='lat' dir='ltr'><strong>et</strong></span> <span class='ocrx_word' id='word_1_485' title='bbox 1404 3499 1483 3552; x_wconf 86' lang='lat' dir='ltr'><strong>ut,</strong></span> <span class='ocrx_word' id='word_1_486' title='bbox 1518 3487 1561 3541; x_wconf 88' lang='lat' dir='ltr'><strong>si</strong></span> <span class='ocrx_word' id='word_1_487' title='bbox 1590 3483 1701 3557; x_wconf 78' lang='lat' dir='ltr'><strong>[AL</strong></span> <span class='ocrx_word' id='word_1_488' title='bbox 1730 3484 1832 3558; x_wconf 90' lang='lat' dir='ltr'><strong>sic]</strong></span> <span class='ocrx_word' id='word_1_489' title='bbox 1858 3496 2004 3540; x_wconf 89' lang='lat' dir='ltr'><strong>recte</strong></span> 
     </span>
    </p>
   </div>
   <div class='ocr_carea' id='block_1_67' title="bbox 418 3566 2004 3656">
    <p class='ocr_par' dir='ltr' id='par_1_67' title="bbox 418 3566 2004 3656">
     <span class='ocr_line' id='line_1_67' title="bbox 418 3566 2004 3656; baseline -0.007 -15"><span class='ocrx_word' id='word_1_490' title='bbox 418 3587 688 3656; x_wconf 81' lang='lat' dir='ltr'><strong>leganms,</strong></span> <span class='ocrx_word' id='word_1_491' title='bbox 723 3585 954 3655; x_wconf 85' lang='lat' dir='ltr'><strong>legimus</strong></span> <span class='ocrx_word' id='word_1_492' title='bbox 987 3597 1152 3637; x_wconf 74' lang='lat' dir='ltr'><strong>BABEL</strong></span> <span class='ocrx_word' id='word_1_493' title='bbox 1183 3566 1331 3651; x_wconf 53' lang='lat' dir='ltr'><strong>than)</strong></span> <span class='ocrx_word' id='word_1_494' title='bbox 1371 3596 1387 3633; x_wconf 91' lang='lat'><strong>:</strong></span> <span class='ocrx_word' id='word_1_495' title='bbox 1416 3580 1490 3634; x_wconf 91' lang='lat' dir='ltr'><strong>ita</strong></span> <span class='ocrx_word' id='word_1_496' title='bbox 1540 3579 1733 3633; x_wconf 84' lang='lat' dir='ltr'><strong>ordine</strong></span> <span class='ocrx_word' id='word_1_497' title='bbox 1760 3594 2004 3633; x_wconf 85' lang='lat' dir='ltr'><strong>eoannu-</strong></span> 
     </span>
    </p>
   </div>
   <div class='ocr_carea' id='block_1_68' title="bbox 419 3672 2005 3757">
    <p class='ocr_par' dir='ltr' id='par_1_68' title="bbox 419 3672 2005 3757">
     <span class='ocr_line' id='line_1_68' title="bbox 419 3672 2005 3757; baseline -0.008 -20"><span class='ocrx_word' id='word_1_498' title='bbox 419 3689 556 3745; x_wconf 77' lang='lat' dir='ltr'><strong>tato,</strong></span> <span class='ocrx_word' id='word_1_499' title='bbox 582 3679 813 3749; x_wconf 86' lang='lat' dir='ltr'><strong>legimus</strong></span> <span class='ocrx_word' id='word_1_500' title='bbox 842 3692 1036 3732; x_wconf 74' lang='lat' dir='ltr'><strong>SESACII</strong></span> <span class='ocrx_word' id='word_1_501' title='bbox 1067 3677 1277 3757; x_wconf 63' lang='grc' dir='ltr'><strong>(πω).</strong></span> <span class='ocrx_word' id='word_1_502' title='bbox 1331 3672 1560 3728; x_wconf 79' lang='lat' dir='ltr'><strong>Vocales</strong></span> <span class='ocrx_word' id='word_1_503' title='bbox 1583 3683 1766 3727; x_wconf 84' lang='lat' dir='ltr'><strong>autem</strong></span> <span class='ocrx_word' id='word_1_504' title='bbox 1809 3672 2005 3726; x_wconf 66' lang='lat' dir='ltr'><strong>litterae</strong></span> 
     </span>
    </p>
   </div>
   <div class='ocr_carea' id='block_1_69' title="bbox 419 3766 2002 3837">
    <p class='ocr_par' dir='ltr' id='par_1_69' title="bbox 419 3766 2002 3837">
     <span class='ocr_line' id='line_1_69' title="bbox 419 3766 2002 3837; baseline -0.006 -10"><span class='ocrx_word' id='word_1_505' title='bbox 419 3774 563 3828; x_wconf 87' lang='lat' dir='ltr'><strong>inter</strong></span> <span class='ocrx_word' id='word_1_506' title='bbox 591 3787 736 3826; x_wconf 74' lang='lat' dir='ltr'><strong>Bern</strong></span> <span class='ocrx_word' id='word_1_507' title='bbox 772 3782 827 3826; x_wconf 87' lang='lat' dir='ltr'><strong>et</strong></span> <span class='ocrx_word' id='word_1_508' title='bbox 858 3785 995 3824; x_wconf 80' lang='lat' dir='ltr'><strong>BETII</strong></span> <span class='ocrx_word' id='word_1_509' title='bbox 1026 3770 1047 3800; x_wconf 78' lang='grc'>⁸</span> <span class='ocrx_word' id='word_1_510' title='bbox 1080 3779 1137 3823; x_wconf 89' lang='lat' dir='ltr'><strong>et</strong></span> <span class='ocrx_word' id='word_1_511' title='bbox 1180 3766 1406 3831; x_wconf 65' lang='grc' dir='ltr'>μηδ’,</span> <span class='ocrx_word' id='word_1_512' title='bbox 1443 3766 1601 3837; x_wconf 89' lang='lat' dir='ltr'><strong>juxta</strong></span> <span class='ocrx_word' id='word_1_513' title='bbox 1655 3766 1864 3819; x_wconf 84' lang='lat' dir='ltr'><strong>idioma</strong></span> <span class='ocrx_word' id='word_1_514' title='bbox 1896 3766 2002 3819; x_wconf 91' lang='lat' dir='ltr'><strong>lin-</strong></span> 
     </span>
    </p>
   </div>
   <div class='ocr_carea' id='block_1_70' title="bbox 419 3858 2006 3938">
    <p class='ocr_par' dir='ltr' id='par_1_70' title="bbox 419 3858 2006 3938">
     <span class='ocr_line' id='line_1_70' title="bbox 419 3858 2006 3938; baseline -0.005 -19"><span class='ocrx_word' id='word_1_515' title='bbox 419 3882 538 3938; x_wconf 72' lang='lat' dir='ltr'><strong>gnae</strong></span> <span class='ocrx_word' id='word_1_516' title='bbox 572 3864 812 3920; x_wconf 71' lang='lat' dir='ltr'><strong>Hebraeae</strong></span> <span class='ocrx_word' id='word_1_517' title='bbox 840 3864 897 3918; x_wconf 91' lang='lat' dir='ltr'><strong>in</strong></span> <span class='ocrx_word' id='word_1_518' title='bbox 927 3864 1031 3917; x_wconf 88' lang='lat' dir='ltr'><strong>hoc</strong></span> <span class='ocrx_word' id='word_1_519' title='bbox 1072 3860 1299 3917; x_wconf 87' lang='lat' dir='ltr'><strong>nomine</strong></span> <span class='ocrx_word' id='word_1_520' title='bbox 1357 3875 1464 3914; x_wconf 87' lang='lat' dir='ltr'><strong>non</strong></span> <span class='ocrx_word' id='word_1_521' title='bbox 1516 3870 1815 3928; x_wconf 88' lang='lat' dir='ltr'><strong>ponuntur.</strong></span> <span class='ocrx_word' id='word_1_522' title='bbox 1847 3858 2006 3911; x_wconf 81' lang='lat' dir='ltr'><strong>Arbi-</strong></span> 
     </span>
    </p>
   </div>
   <div class='ocr_carea' id='block_1_71' title="bbox 422 3953 2005 4031">
    <p class='ocr_par' dir='ltr' id='par_1_71' title="bbox 422 3953 2005 4031">
     <span class='ocr_line' id='line_1_71' title="bbox 422 3953 2005 4031; baseline -0.008 -14"><span class='ocrx_word' id='word_1_523' title='bbox 422 3977 647 4031; x_wconf 85' lang='lat' dir='ltr'><strong>trorque</strong></span> <span class='ocrx_word' id='word_1_524' title='bbox 693 3976 722 4014; x_wconf 90' lang='lat' dir='ltr'><strong>a</strong></span> <span class='ocrx_word' id='word_1_525' title='bbox 750 3969 943 4017; x_wconf 85' lang='lat' dir='ltr'><strong>sancto</strong></span> <span class='ocrx_word' id='word_1_526' title='bbox 979 3958 1252 4028; x_wconf 84' lang='lat' dir='ltr'><strong>Propheta</strong></span> <span class='ocrx_word' id='word_1_527' title='bbox 1304 3956 1608 4025; x_wconf 87' lang='lat' dir='ltr'><strong>prudenter</strong></span> <span class='ocrx_word' id='word_1_528' title='bbox 1659 3955 1828 4010; x_wconf 84' lang='lat' dir='ltr'><strong>fuisse</strong></span> <span class='ocrx_word' id='word_1_529' title='bbox 1861 3953 2005 4007; x_wconf 85' lang='lat' dir='ltr'><strong>cela-</strong></span> 
     </span>
    </p>
   </div>
   <div class='ocr_carea' id='block_1_72' title="bbox 422 4046 2003 4122">
    <p class='ocr_par' dir='ltr' id='par_1_72' title="bbox 422 4046 2003 4122">
     <span class='ocr_line' id='line_1_72' title="bbox 422 4046 2003 4122; baseline -0.008 -12"><span class='ocrx_word' id='word_1_530' title='bbox 422 4065 559 4120; x_wconf 90' lang='lat' dir='ltr'><strong>tum,</strong></span> <span class='ocrx_word' id='word_1_531' title='bbox 592 4068 663 4108; x_wconf 90' lang='lat' dir='ltr'><strong>ne</strong></span> <span class='ocrx_word' id='word_1_532' title='bbox 696 4061 889 4122; x_wconf 85' lang='lat' dir='ltr'><strong>aperte</strong></span> <span class='ocrx_word' id='word_1_533' title='bbox 920 4065 1112 4105; x_wconf 91' lang='lat' dir='ltr'><strong>eorum</strong></span> <span class='ocrx_word' id='word_1_534' title='bbox 1138 4059 1332 4104; x_wconf 88' lang='lat' dir='ltr'><strong>contra</strong></span> <span class='ocrx_word' id='word_1_535' title='bbox 1355 4064 1416 4104; x_wconf 90' lang='lat' dir='ltr'><strong>se</strong></span> <span class='ocrx_word' id='word_1_536' title='bbox 1448 4046 1719 4102; x_wconf 88' lang='lat' dir='ltr'><strong>insaniam</strong></span> <span class='ocrx_word' id='word_1_537' title='bbox 1763 4061 2003 4100; x_wconf 81' lang='lat' dir='ltr'><strong>commo-</strong></span> 
     </span>
    </p>
   </div>
   <div class='ocr_carea' id='block_1_73' title="bbox 422 4138 2007 4214">
    <p class='ocr_par' dir='ltr' id='par_1_73' title="bbox 422 4138 2007 4214">
     <span class='ocr_line' id='line_1_73' title="bbox 422 4138 2007 4214; baseline -0.006 -13"><span class='ocrx_word' id='word_1_538' title='bbox 422 4158 597 4213; x_wconf 79' lang='lat' dir='ltr'><strong>veret,</strong></span> <span class='ocrx_word' id='word_1_539' title='bbox 627 4148 719 4214; x_wconf 91' lang='lat' dir='ltr'><strong>qui</strong></span> <span class='ocrx_word' id='word_1_540' title='bbox 778 4142 1100 4199; x_wconf 89' lang='lat' dir='ltr'><strong>obsidebant</strong></span> <span class='ocrx_word' id='word_1_541' title='bbox 1145 4139 1472 4205; x_wconf 82' lang='lat' dir='ltr'><strong>Jerusalem,</strong></span> <span class='ocrx_word' id='word_1_542' title='bbox 1502 4149 1557 4194; x_wconf 90' lang='lat' dir='ltr'><strong>et</strong></span> <span class='ocrx_word' id='word_1_543' title='bbox 1619 4139 1732 4208; x_wconf 86' lang='lat' dir='ltr'><strong>jam</strong></span> <span class='ocrx_word' id='word_1_544' title='bbox 1781 4138 2007 4208; x_wconf 83' lang='lat' dir='ltr'><strong>jamque</strong></span> 
     </span>
    </p>
   </div>
   <div class='ocr_carea' id='block_1_74' title="bbox 419 4232 2006 4309">
    <p class='ocr_par' dir='ltr' id='par_1_74' title="bbox 419 4232 2006 4309">
     <span class='ocr_line' id='line_1_74' title="bbox 419 4232 2006 4309; baseline -0.005 -16"><span class='ocrx_word' id='word_1_545' title='bbox 419 4239 540 4309; x_wconf 86' lang='lat' dir='ltr'><strong>ejus</strong></span> <span class='ocrx_word' id='word_1_546' title='bbox 562 4237 786 4307; x_wconf 79' lang='lat' dir='ltr'><strong>petituri</strong></span> <span class='ocrx_word' id='word_1_547' title='bbox 816 4245 996 4291; x_wconf 89' lang='lat' dir='ltr'><strong>erant.</strong></span> <span class='ocrx_word' id='word_1_548' title='bbox 1036 4233 1253 4305; x_wconf 79' lang='lat'><strong>1020</strong></span> <span class='ocrx_word' id='word_1_549' title='bbox 1282 4232 1438 4300; x_wconf 85' lang='lat' dir='ltr'><strong>Quod</strong></span> <span class='ocrx_word' id='word_1_550' title='bbox 1456 4241 1511 4287; x_wconf 90' lang='lat' dir='ltr'><strong>et</strong></span> <span class='ocrx_word' id='word_1_551' title='bbox 1537 4232 1857 4303; x_wconf 86' lang='lat' dir='ltr'><strong>Apostolum</strong></span> <span class='ocrx_word' id='word_1_552' title='bbox 1875 4246 2006 4286; x_wconf 87' lang='lat' dir='ltr'><strong>cou-</strong></span> 
     </span>
    </p>
   </div>
   <div class='ocr_carea' id='block_1_75' title="bbox 422 4323 2006 4398">
    <p class='ocr_par' dir='ltr' id='par_1_75' title="bbox 422 4323 2006 4398">
     <span class='ocr_line' id='line_1_75' title="bbox 422 4323 2006 4398; baseline -0.005 -13"><span class='ocrx_word' id='word_1_553' title='bbox 422 4340 511 4385; x_wconf 88' lang='lat' dir='ltr'><strong>tra</strong></span> <span class='ocrx_word' id='word_1_554' title='bbox 555 4330 845 4398; x_wconf 88' lang='lat' dir='ltr'><strong>imperium</strong></span> <span class='ocrx_word' id='word_1_555' title='bbox 903 4327 1210 4382; x_wconf 80' lang='lat' dir='ltr'><strong>Romanum</strong></span> <span class='ocrx_word' id='word_1_556' title='bbox 1245 4327 1445 4382; x_wconf 82' lang='lat' dir='ltr'><strong>fecisse</strong></span> <span class='ocrx_word' id='word_1_557' title='bbox 1475 4325 1728 4395; x_wconf 85' lang='lat' dir='ltr'><strong>legimus,</strong></span> <span class='ocrx_word' id='word_1_558' title='bbox 1757 4323 2006 4378; x_wconf 86' lang='lat' dir='ltr'><strong>scriben-</strong></span> 
     </span>
    </p>
   </div>
   <div class='ocr_carea' id='block_1_76' title="bbox 426 4418 2005 4489">
    <p class='ocr_par' dir='ltr' id='par_1_76' title="bbox 426 4418 2005 4489">
     <span class='ocr_line' id='line_1_76' title="bbox 426 4418 2005 4489; baseline -0.006 -12"><span class='ocrx_word' id='word_1_559' title='bbox 426 4433 534 4478; x_wconf 88' lang='lat' dir='ltr'><strong>tem</strong></span> <span class='ocrx_word' id='word_1_560' title='bbox 580 4422 650 4477; x_wconf 91' lang='lat' dir='ltr'><strong>de</strong></span> <span class='ocrx_word' id='word_1_561' title='bbox 695 4421 1080 4479; x_wconf 84' lang='lat' dir='ltr'><strong>Antichristo:</strong></span> <span class='ocrx_word' id='word_1_562' title='bbox 1129 4418 1257 4474; x_wconf 84' lang='lat' dir='ltr'><strong>Non</strong></span> <span class='ocrx_word' id='word_1_563' title='bbox 1324 4419 1635 4474; x_wconf 80' lang='lat' dir='ltr'><strong>meministis</strong></span> <span class='ocrx_word' id='word_1_564' title='bbox 1688 4418 1831 4489; x_wconf 84' lang='lat' dir='ltr'><strong>quod</strong></span> <span class='ocrx_word' id='word_1_565' title='bbox 1884 4432 2005 4469; x_wconf 86' lang='lat' dir='ltr'><strong>cum</strong></span> 
     </span>
    </p>
   </div>
   <div class='ocr_carea' id='block_1_77' title="bbox 422 4506 2006 4585">
    <p class='ocr_par' dir='ltr' id='par_1_77' title="bbox 422 4506 2006 4585">
     <span class='ocr_line' id='line_1_77' title="bbox 422 4506 2006 4585; baseline -0.004 -18"><span class='ocrx_word' id='word_1_566' title='bbox 422 4513 570 4585; x_wconf 81' lang='lat' dir='ltr'><strong>apud</strong></span> <span class='ocrx_word' id='word_1_567' title='bbox 603 4528 690 4565; x_wconf 83' lang='lat' dir='ltr'><strong>ros</strong></span> <span class='ocrx_word' id='word_1_568' title='bbox 726 4526 889 4565; x_wconf 83' lang='lat' dir='ltr'><strong>essem</strong></span> <span class='ocrx_word' id='word_1_569' title='bbox 918 4511 1111 4578; x_wconf 83' lang='lat' dir='ltr'><strong>adhuc,</strong></span> <span class='ocrx_word' id='word_1_570' title='bbox 1145 4511 1257 4565; x_wconf 73' lang='lat' dir='ltr'><strong>licet:</strong></span> <span class='ocrx_word' id='word_1_571' title='bbox 1275 4511 1517 4565; x_wconf 83' lang='lat' dir='ltr'><strong>dicebam</strong></span> <span class='ocrx_word' id='word_1_572' title='bbox 1546 4511 1691 4565; x_wconf 85' lang='lat' dir='ltr'><strong>vobis</strong></span> <span class='ocrx_word' id='word_1_573' title='bbox 1713 4509 1738 4561; x_wconf 76' lang='lat'><strong>1’</strong></span> <span class='ocrx_word' id='word_1_574' title='bbox 1775 4506 1843 4562; x_wconf 85' lang='lat' dir='ltr'><strong>Et</strong></span> <span class='ocrx_word' id='word_1_575' title='bbox 1868 4523 2006 4561; x_wconf 84' lang='lat' dir='ltr'><strong>nunc</strong></span> 
     </span>
    </p>
   </div>
   <div class='ocr_carea' id='block_1_78' title="bbox 421 4602 2004 4675">
    <p class='ocr_par' dir='ltr' id='par_1_78' title="bbox 421 4602 2004 4675">
     <span class='ocr_line' id='line_1_78' title="bbox 421 4602 2004 4675; baseline -0.001 -20"><span class='ocrx_word' id='word_1_576' title='bbox 421 4605 550 4675; x_wconf 84' lang='lat' dir='ltr'><strong>quid</strong></span> <span class='ocrx_word' id='word_1_577' title='bbox 569 4604 801 4659; x_wconf 86' lang='lat' dir='ltr'><strong>detineat</strong></span> <span class='ocrx_word' id='word_1_578' title='bbox 819 4605 990 4667; x_wconf 82' lang='lat' dir='ltr'><strong>scitis,</strong></span> <span class='ocrx_word' id='word_1_579' title='bbox 1013 4613 1067 4656; x_wconf 89' lang='lat' dir='ltr'><strong>ut</strong></span> <span class='ocrx_word' id='word_1_580' title='bbox 1105 4602 1364 4657; x_wconf 80' lang='lat' dir='ltr'><strong>reveletur</strong></span> <span class='ocrx_word' id='word_1_581' title='bbox 1382 4605 1437 4656; x_wconf 87' lang='lat' dir='ltr'><strong>in</strong></span> <span class='ocrx_word' id='word_1_582' title='bbox 1468 4619 1564 4657; x_wconf 85' lang='lat' dir='ltr'><strong>suo</strong></span> <span class='ocrx_word' id='word_1_583' title='bbox 1600 4614 1854 4672; x_wconf 81' lang='lat' dir='ltr'><strong>tempore,</strong></span> <span class='ocrx_word' id='word_1_584' title='bbox 1874 4606 2004 4656; x_wconf 89' lang='lat' dir='ltr'><strong>sub-</strong></span> 
     </span>
    </p>
   </div>
   <div class='ocr_carea' id='block_1_79' title="bbox 423 4692 2011 4765">
    <p class='ocr_par' dir='ltr' id='par_1_79' title="bbox 423 4692 2011 4765">
     <span class='ocr_line' id='line_1_79' title="bbox 423 4692 2011 4765; baseline -0.003 -14"><span class='ocrx_word' id='word_1_585' title='bbox 423 4697 649 4751; x_wconf 89' lang='lat' dir='ltr'><strong>auditur</strong></span> <span class='ocrx_word' id='word_1_586' title='bbox 699 4695 1097 4750; x_wconf 84' lang='lat' dir='ltr'><strong>Anticbristus.</strong></span> <span class='ocrx_word' id='word_1_587' title='bbox 1145 4692 1275 4749; x_wconf 74' lang='lat' dir='ltr'><strong>1am</strong></span> <span class='ocrx_word' id='word_1_588' title='bbox 1305 4698 1446 4749; x_wconf 87' lang='lat' dir='ltr'><strong>enim</strong></span> <span class='ocrx_word' id='word_1_589' title='bbox 1479 4696 1788 4765; x_wconf 82' lang='lat' dir='ltr'><strong>mysterium</strong></span> <span class='ocrx_word' id='word_1_590' title='bbox 1815 4694 2011 4761; x_wconf 86' lang='lat' dir='ltr'><strong>iniqui-</strong></span> 
     </span>
    </p>
   </div>
   <div class='ocr_carea' id='block_1_80' title="bbox 426 4787 2009 4862">
    <p class='ocr_par' dir='ltr' id='par_1_80' title="bbox 426 4787 2009 4862">
     <span class='ocr_line' id='line_1_80' title="bbox 426 4787 2009 4862; baseline -0.003 -16"><span class='ocrx_word' id='word_1_591' title='bbox 426 4793 551 4847; x_wconf 87' lang='lat' dir='ltr'><strong>tatis</strong></span> <span class='ocrx_word' id='word_1_592' title='bbox 579 4800 837 4862; x_wconf 79' lang='lat' dir='ltr'><strong>Operatur</strong></span> <span class='ocrx_word' id='word_1_593' title='bbox 864 4805 884 4845; x_wconf 86' lang='lat'><strong>.&#39;</strong></span> <span class='ocrx_word' id='word_1_594' title='bbox 915 4799 1125 4843; x_wconf 88' lang='lat' dir='ltr'><strong>tantum</strong></span> <span class='ocrx_word' id='word_1_595' title='bbox 1155 4788 1245 4859; x_wconf 78' lang='lat' dir='ltr'><strong>qui</strong></span> <span class='ocrx_word' id='word_1_596' title='bbox 1271 4790 1386 4860; x_wconf 79' lang='lat' dir='ltr'><strong>[AL</strong></span> <span class='ocrx_word' id='word_1_597' title='bbox 1418 4798 1474 4842; x_wconf 85' lang='lat' dir='ltr'><strong>ut</strong></span> <span class='ocrx_word' id='word_1_598' title='bbox 1499 4787 1613 4861; x_wconf 84' lang='lat' dir='ltr'><strong>qui]</strong></span> <span class='ocrx_word' id='word_1_599' title='bbox 1644 4797 1781 4842; x_wconf 86' lang='lat' dir='ltr'><strong>tenet</strong></span> <span class='ocrx_word' id='word_1_600' title='bbox 1828 4787 2009 4853; x_wconf 83' lang='lat' dir='ltr'><strong>modo,</strong></span> 
     </span>
    </p>
   </div>
   <div class='ocr_carea' id='block_1_81' title="bbox 426 4882 2012 4951">
    <p class='ocr_par' dir='ltr' id='par_1_81' title="bbox 426 4882 2012 4951">
     <span class='ocr_line' id='line_1_81' title="bbox 426 4882 2012 4951; baseline -0.003 -11"><span class='ocrx_word' id='word_1_601' title='bbox 426 4894 600 4940; x_wconf 81' lang='lat' dir='ltr'><strong>teneat</strong></span> <span class='ocrx_word' id='word_1_602' title='bbox 649 4887 815 4939; x_wconf 87' lang='lat' dir='ltr'><strong>donec</strong></span> <span class='ocrx_word' id='word_1_603' title='bbox 853 4882 921 4937; x_wconf 84' lang='lat' dir='ltr'><strong>de</strong></span> <span class='ocrx_word' id='word_1_604' title='bbox 952 4883 1124 4936; x_wconf 88' lang='lat' dir='ltr'><strong>medio</strong></span> <span class='ocrx_word' id='word_1_605' title='bbox 1151 4882 1273 4951; x_wconf 79' lang='lat' dir='ltr'><strong>ﬁat,</strong></span> <span class='ocrx_word' id='word_1_606' title='bbox 1299 4890 1349 4935; x_wconf 84' lang='lat' dir='ltr'><strong>et</strong></span> <span class='ocrx_word' id='word_1_607' title='bbox 1380 4891 1505 4935; x_wconf 88' lang='lat' dir='ltr'><strong>tunc</strong></span> <span class='ocrx_word' id='word_1_608' title='bbox 1557 4882 1877 4935; x_wconf 81' lang='lat' dir='ltr'><strong>revelabitur</strong></span> <span class='ocrx_word' id='word_1_609' title='bbox 1924 4882 2012 4935; x_wconf 81' lang='lat' dir='ltr'><strong>ille</strong></span> 
     </span>
    </p>
   </div>
   <div class='ocr_carea' id='block_1_82' title="bbox 499 5016 2010 5089">
    <p class='ocr_par' dir='ltr' id='par_1_82' title="bbox 499 5016 2010 5089">
     <span class='ocr_line' id='line_1_82' title="bbox 499 5016 2010 5089; baseline 0 -15"><span class='ocrx_word' id='word_1_610' title='bbox 499 5022 517 5052; x_wconf 77' lang='grc'>⁸</span> <span class='ocrx_word' id='word_1_611' title='bbox 555 5021 669 5075; x_wconf 65' lang='lat' dir='ltr'><strong>Non</strong></span> <span class='ocrx_word' id='word_1_612' title='bbox 704 5022 1006 5089; x_wconf 74' lang='lat' dir='ltr'><strong>incongrue</strong></span> <span class='ocrx_word' id='word_1_613' title='bbox 1039 5020 1126 5074; x_wconf 87' lang='lat' dir='ltr'><strong>hic</strong></span> <span class='ocrx_word' id='word_1_614' title='bbox 1171 5019 1383 5089; x_wconf 90' lang='lat' dir='ltr'><strong>supplet</strong></span> <span class='ocrx_word' id='word_1_615' title='bbox 1415 5016 1534 5074; x_wconf 85' lang='lat' dir='ltr'><strong>Vat.</strong></span> <span class='ocrx_word' id='word_1_616' title='bbox 1575 5019 1806 5073; x_wconf 87' lang='lat' dir='ltr'><strong>alteram</strong></span> <span class='ocrx_word' id='word_1_617' title='bbox 1837 5020 2010 5076; x_wconf 89' lang='lat' dir='ltr'><strong>versi-</strong></span> 
     </span>
    </p>
   </div>
   <div class='ocr_carea' id='block_1_83' title="bbox 427 5089 1706 5160">
    <p class='ocr_par' dir='ltr' id='par_1_83' title="bbox 427 5089 1706 5160">
     <span class='ocr_line' id='line_1_83' title="bbox 427 5089 1706 5160; baseline -0.002 -13"><span class='ocrx_word' id='word_1_618' title='bbox 427 5093 535 5147; x_wconf 90' lang='lat' dir='ltr'><strong>culi</strong></span> <span class='ocrx_word' id='word_1_619' title='bbox 571 5101 802 5160; x_wconf 89' lang='lat' dir='ltr'><strong>partem,</strong></span> <span class='ocrx_word' id='word_1_620' title='bbox 835 5091 896 5145; x_wconf 77' lang='lat' dir='ltr'><strong>Et</strong></span> <span class='ocrx_word' id='word_1_621' title='bbox 928 5107 1022 5144; x_wconf 74' lang='lat' dir='ltr'><strong>rex</strong></span> <span class='ocrx_word' id='word_1_622' title='bbox 1061 5089 1257 5145; x_wconf 80' lang='lat' dir='ltr'><strong>Sesactt</strong></span> <span class='ocrx_word' id='word_1_623' title='bbox 1284 5091 1415 5144; x_wconf 82' lang='lat' dir='ltr'><strong>bibet</strong></span> <span class='ocrx_word' id='word_1_624' title='bbox 1446 5101 1564 5160; x_wconf 85' lang='lat' dir='ltr'><strong>post</strong></span> <span class='ocrx_word' id='word_1_625' title='bbox 1596 5106 1706 5145; x_wconf 83' lang='lat' dir='ltr'><strong>eos.</strong></span> 
     </span>
    </p>
   </div>
   <div class='ocr_carea' id='block_1_84' title="bbox 499 5161 2011 5229">
    <p class='ocr_par' dir='ltr' id='par_1_84' title="bbox 499 5161 2011 5229">
     <span class='ocr_line' id='line_1_84' title="bbox 499 5161 2011 5229; baseline 0.003 -16"><span class='ocrx_word' id='word_1_626' title='bbox 499 5163 518 5191; x_wconf 79' lang='lat'>&#39;</span> <span class='ocrx_word' id='word_1_627' title='bbox 539 5162 691 5213; x_wconf 79' lang='lat' dir='ltr'><strong>Inter</strong></span> <span class='ocrx_word' id='word_1_628' title='bbox 712 5177 851 5215; x_wconf 76' lang='lat' dir='ltr'><strong>ae&#39;ru</strong></span> <span class='ocrx_word' id='word_1_629' title='bbox 877 5172 924 5213; x_wconf 87' lang='lat' dir='ltr'><strong>et</strong></span> <span class='ocrx_word' id='word_1_630' title='bbox 943 5176 1101 5217; x_wconf 75' lang='lat' dir='ltr'><strong>nam.</strong></span> <span class='ocrx_word' id='word_1_631' title='bbox 1135 5161 1421 5229; x_wconf 74' lang='lat' dir='ltr'><strong>Supernae</strong></span> <span class='ocrx_word' id='word_1_632' title='bbox 1453 5167 1508 5216; x_wconf 87' lang='lat' dir='ltr'><strong>in</strong></span> <span class='ocrx_word' id='word_1_633' title='bbox 1536 5163 1794 5218; x_wconf 77' lang='lat' dir='ltr'><strong>oninibus</strong></span> <span class='ocrx_word' id='word_1_634' title='bbox 1825 5177 2011 5218; x_wconf 81' lang='lat' dir='ltr'><strong>exem-</strong></span> 
     </span>
    </p>
   </div>
   <div class='ocr_carea' id='block_1_85' title="bbox 428 5231 2005 5304">
    <p class='ocr_par' dir='ltr' id='par_1_85' title="bbox 428 5231 2005 5304">
     <span class='ocr_line' id='line_1_85' title="bbox 428 5231 2005 5304; baseline 0.003 -21"><span class='ocrx_word' id='word_1_635' title='bbox 428 5233 675 5304; x_wconf 78' lang='lat' dir='ltr'><strong>plaribus</strong></span> <span class='ocrx_word' id='word_1_636' title='bbox 731 5249 863 5304; x_wconf 60' lang='lat' dir='ltr'><strong>llle_.</strong></span> <span class='ocrx_word' id='word_1_637' title='bbox 894 5235 1116 5304; x_wconf 86' lang='lat' dir='ltr'><strong>addt_tur</strong></span> <span class='ocrx_word' id='word_1_638' title='bbox 1146 5244 1194 5285; x_wconf 87' lang='lat' dir='ltr'><strong>et</strong></span> <span class='ocrx_word' id='word_1_639' title='bbox 1263 5231 1448 5297; x_wconf 83' lang='lat' dir='ltr'><strong>Caplt;</strong></span> <span class='ocrx_word' id='word_1_640' title='bbox 1481 5233 1552 5287; x_wconf 88' lang='lat' dir='ltr'><strong>ibi</strong></span> <span class='ocrx_word' id='word_1_641' title='bbox 1584 5233 1730 5286; x_wconf 86' lang='lat' dir='ltr'><strong>enim</strong></span> <span class='ocrx_word' id='word_1_642' title='bbox 1784 5236 2005 5302; x_wconf 87' lang='lat' dir='ltr'><strong>legitur,</strong></span> 
     </span>
    </p>
   </div>
   <div class='ocr_carea' id='block_1_86' title="bbox 429 5300 2010 5370">
    <p class='ocr_par' dir='ltr' id='par_1_86' title="bbox 429 5300 2010 5370">
     <span class='ocr_line' id='line_1_86' title="bbox 429 5300 2010 5370; baseline 0 -14"><span class='ocrx_word' id='word_1_643' title='bbox 429 5300 567 5357; x_wconf 80' lang='lat' dir='ltr'><strong>inter</strong></span> <span class='ocrx_word' id='word_1_644' title='bbox 596 5301 727 5356; x_wconf 75' lang='lat' dir='ltr'><strong>Betlt</strong></span> <span class='ocrx_word' id='word_1_645' title='bbox 746 5314 792 5354; x_wconf 91' lang='lat' dir='ltr'><strong>et</strong></span> <span class='ocrx_word' id='word_1_646' title='bbox 821 5301 974 5363; x_wconf 81' lang='lat' dir='ltr'><strong>Betlt,</strong></span> <span class='ocrx_word' id='word_1_647' title='bbox 1005 5300 1204 5357; x_wconf 81' lang='lat' dir='ltr'><strong>Lantetl</strong></span> <span class='ocrx_word' id='word_1_648' title='bbox 1237 5314 1283 5356; x_wconf 89' lang='lat' dir='ltr'><strong>et</strong></span> <span class='ocrx_word' id='word_1_649' title='bbox 1326 5305 1472 5370; x_wconf 73' lang='lat' dir='ltr'><strong>Capit</strong></span> <span class='ocrx_word' id='word_1_650' title='bbox 1505 5320 1521 5369; x_wconf 87' lang='lat'><strong>;</strong></span> <span class='ocrx_word' id='word_1_651' title='bbox 1548 5319 1670 5359; x_wconf 90' lang='lat' dir='ltr'><strong>cum</strong></span> <span class='ocrx_word' id='word_1_652' title='bbox 1709 5307 1779 5359; x_wconf 83' lang='lat' dir='ltr'><strong>sit</strong></span> <span class='ocrx_word' id='word_1_653' title='bbox 1828 5300 2010 5358; x_wconf 75' lang='lat' dir='ltr'><strong>sermo</strong></span> 
     </span>
    </p>
   </div>
   <div class='ocr_carea' id='block_1_87' title="bbox 427 5378 2009 5464">
    <p class='ocr_par' dir='ltr' id='par_1_87' title="bbox 427 5378 2009 5464">
     <span class='ocr_line' id='line_1_87' title="bbox 427 5378 2009 5464; baseline -0.001 -13"><span class='ocrx_word' id='word_1_654' title='bbox 427 5398 496 5451; x_wconf 87' lang='lat' dir='ltr'><strong>de</strong></span> <span class='ocrx_word' id='word_1_655' title='bbox 526 5400 750 5450; x_wconf 90' lang='lat' dir='ltr'><strong>nomine</strong></span> <span class='ocrx_word' id='word_1_656' title='bbox 798 5378 929 5459; x_wconf 60' lang='lat'><strong>52:1.</strong></span> <span class='ocrx_word' id='word_1_657' title='bbox 975 5395 1132 5464; x_wconf 89' lang='lat' dir='ltr'><strong>cujus</strong></span> <span class='ocrx_word' id='word_1_658' title='bbox 1169 5398 1310 5453; x_wconf 88' lang='lat' dir='ltr'><strong>inter</strong></span> <span class='ocrx_word' id='word_1_659' title='bbox 1350 5405 1722 5452; x_wconf 85' lang='lat' dir='ltr'><strong>consonantes</strong></span> <span class='ocrx_word' id='word_1_660' title='bbox 1769 5396 2009 5461; x_wconf 84' lang='lat' dir='ltr'><strong>litteras,</strong></span> 
     </span>
    </p>
   </div>
   <div class='ocr_carea' id='block_1_88' title="bbox 431 5468 2011 5537">
    <p class='ocr_par' dir='ltr' id='par_1_88' title="bbox 431 5468 2011 5537">
     <span class='ocr_line' id='line_1_88' title="bbox 431 5468 2011 5537; baseline 0.001 -17"><span class='ocrx_word' id='word_1_661' title='bbox 431 5485 537 5520; x_wconf 88' lang='lat' dir='ltr'><strong>non</strong></span> <span class='ocrx_word' id='word_1_662' title='bbox 567 5469 844 5537; x_wconf 79' lang='lat' dir='ltr'><strong>adduntur</strong></span> <span class='ocrx_word' id='word_1_663' title='bbox 898 5472 1112 5521; x_wconf 83' lang='lat' dir='ltr'><strong>vocales</strong></span> <span class='ocrx_word' id='word_1_664' title='bbox 1139 5469 1519 5535; x_wconf 55' lang='lat' dir='ltr'><strong>litterte‘juxta</strong></span> <span class='ocrx_word' id='word_1_665' title='bbox 1572 5468 1778 5522; x_wconf 79' lang='lat' dir='ltr'><strong>idioma</strong></span> <span class='ocrx_word' id='word_1_666' title='bbox 1812 5469 2011 5537; x_wconf 68' lang='lat' dir='ltr'><strong>lingua:</strong></span> 
     </span>
    </p>
   </div>
   <div class='ocr_carea' id='block_1_89' title="bbox 432 5534 2012 5593">
    <p class='ocr_par' dir='ltr' id='par_1_89' title="bbox 432 5534 2012 5593">
     <span class='ocr_line' id='line_1_89' title="bbox 432 5534 2012 5593; baseline 0.001 -3"><span class='ocrx_word' id='word_1_667' title='bbox 432 5540 690 5592; x_wconf 74' lang='lat' dir='ltr'><strong>“ulmeae.</strong></span> <span class='ocrx_word' id='word_1_668' title='bbox 728 5534 890 5589; x_wconf 76' lang='lat' dir='ltr'><strong>Baias</strong></span> <span class='ocrx_word' id='word_1_669' title='bbox 922 5548 1133 5592; x_wconf 79' lang='lat' dir='ltr'><strong>vocant.</strong></span> <span class='ocrx_word' id='word_1_670' title='bbox 1181 5534 1417 5593; x_wconf 81' lang='lat' dir='ltr'><strong>Consule</strong></span> <span class='ocrx_word' id='word_1_671' title='bbox 1468 5540 1560 5592; x_wconf 86' lang='lat' dir='ltr'><strong>lib.</strong></span> <span class='ocrx_word' id='word_1_672' title='bbox 1598 5534 1912 5593; x_wconf 61' lang='lat' dir='ltr'><strong>Notninunr</strong></span> <span class='ocrx_word' id='word_1_673' title='bbox 1944 5540 2012 5592; x_wconf 85' lang='lat' dir='ltr'><strong>ad</strong></span> 
     </span>
    </p>
   </div>
   <div class='ocr_carea' id='block_1_90' title="bbox 430 5606 1130 5662">
    <p class='ocr_par' dir='ltr' id='par_1_90' title="bbox 430 5606 1130 5662">
     <span class='ocr_line' id='line_1_90' title="bbox 430 5606 1130 5662; baseline 0.004 -3"><span class='ocrx_word' id='word_1_674' title='bbox 430 5624 617 5661; x_wconf 72' lang='lat' dir='ltr'><strong>vocem</strong></span> <span class='ocrx_word' id='word_1_675' title='bbox 656 5607 828 5661; x_wconf 79' lang='lat' dir='ltr'><strong>Luzn.</strong></span> <span class='ocrx_word' id='word_1_676' title='bbox 860 5606 1130 5662; x_wconf 68' lang='lat' dir='ltr'><strong>Maurus.</strong></span> 
     </span>
    </p>
   </div>
   <div class='ocr_carea' id='block_1_91' title="bbox 504 5678 2014 5745">
    <p class='ocr_par' dir='ltr' id='par_1_91' title="bbox 504 5678 2014 5745">
     <span class='ocr_line' id='line_1_91' title="bbox 504 5678 2014 5745; baseline 0.006 -18"><span class='ocrx_word' id='word_1_677' title='bbox 504 5679 523 5708; x_wconf 92' lang='grc'><em>³</em></span> <span class='ocrx_word' id='word_1_678' title='bbox 556 5678 612 5728; x_wconf 91' lang='lat' dir='ltr'><strong>In</strong></span> <span class='ocrx_word' id='word_1_679' title='bbox 639 5682 869 5732; x_wconf 69' lang='lat' dir='ltr'><strong>Cisterc.</strong></span> <span class='ocrx_word' id='word_1_680' title='bbox 910 5679 1367 5745; x_wconf 84' lang='lat' dir='ltr'><strong>quemadmodum</strong></span> <span class='ocrx_word' id='word_1_681' title='bbox 1422 5686 1479 5732; x_wconf 90' lang='lat' dir='ltr'><strong>et</strong></span> <span class='ocrx_word' id='word_1_682' title='bbox 1513 5679 1565 5732; x_wconf 88' lang='lat' dir='ltr'><strong>in</strong></span> <span class='ocrx_word' id='word_1_683' title='bbox 1613 5679 1729 5735; x_wconf 84' lang='lat' dir='ltr'><strong>suis</strong></span> <span class='ocrx_word' id='word_1_684' title='bbox 1759 5695 1890 5734; x_wconf 85' lang='lat' dir='ltr'><strong>mss.</strong></span> <span class='ocrx_word' id='word_1_685' title='bbox 1926 5696 2014 5735; x_wconf 85' lang='lat' dir='ltr'><strong>re-</strong></span> 
     </span>
    </p>
   </div>
   <div class='ocr_carea' id='block_1_92' title="bbox 433 5748 2015 5818">
    <p class='ocr_par' dir='ltr' id='par_1_92' title="bbox 433 5748 2015 5818">
     <span class='ocr_line' id='line_1_92' title="bbox 433 5748 2015 5818; baseline 0.003 -18"><span class='ocrx_word' id='word_1_686' title='bbox 433 5748 573 5818; x_wconf 84' lang='lat' dir='ltr'><strong>perit</strong></span> <span class='ocrx_word' id='word_1_687' title='bbox 607 5749 975 5812; x_wconf 61' lang='lat' dir='ltr'><strong>blattiameus,</strong></span> <span class='ocrx_word' id='word_1_688' title='bbox 1009 5752 1230 5803; x_wconf 84' lang='lat' dir='ltr'><strong>additur</strong></span> <span class='ocrx_word' id='word_1_689' title='bbox 1279 5760 1327 5801; x_wconf 90' lang='lat' dir='ltr'><strong>et</strong></span> <span class='ocrx_word' id='word_1_690' title='bbox 1380 5748 1606 5816; x_wconf 83' lang='lat' dir='ltr'><strong>Cltoplt:</strong></span> <span class='ocrx_word' id='word_1_691' title='bbox 1658 5755 1760 5805; x_wconf 83' lang='lat' dir='ltr'><strong>hoc</strong></span> <span class='ocrx_word' id='word_1_692' title='bbox 1806 5752 2015 5805; x_wconf 69' lang='lat' dir='ltr'><strong>scilicet</strong></span> 
     </span>
    </p>
   </div>
   <div class='ocr_carea' id='block_1_93' title="bbox 437 5819 2009 5891">
    <p class='ocr_par' dir='ltr' id='par_1_93' title="bbox 437 5819 2009 5891">
     <span class='ocr_line' id='line_1_93' title="bbox 437 5819 2009 5891; baseline 0 -16"><span class='ocrx_word' id='word_1_693' title='bbox 437 5831 627 5883; x_wconf 72' lang='lat' dir='ltr'><strong>sensu,</strong></span> <span class='ocrx_word' id='word_1_694' title='bbox 669 5820 813 5886; x_wconf 74' lang='grc' dir='ltr'>ιιιιυιι</span> <span class='ocrx_word' id='word_1_695' title='bbox 845 5821 1007 5874; x_wconf 80' lang='lat' dir='ltr'><strong>sicuti</strong></span> <span class='ocrx_word' id='word_1_696' title='bbox 1046 5821 1097 5874; x_wconf 89' lang='lat' dir='ltr'><strong>in</strong></span> <span class='ocrx_word' id='word_1_697' title='bbox 1130 5819 1349 5875; x_wconf 86' lang='lat' dir='ltr'><strong>nomine</strong></span> <span class='ocrx_word' id='word_1_698' title='bbox 1388 5821 1576 5889; x_wconf 75' lang='lat' dir='ltr'><strong>b&#39;ttbel,</strong></span> <span class='ocrx_word' id='word_1_699' title='bbox 1606 5823 1806 5891; x_wconf 78' lang='lat' dir='ltr'><strong>duplici</strong></span> <span class='ocrx_word' id='word_1_700' title='bbox 1852 5821 2009 5891; x_wconf 74' lang='lat' dir='ltr'><strong>Bt&#39;llt,</strong></span> 
     </span>
    </p>
   </div>
   <div class='ocr_carea' id='block_1_94' title="bbox 2105 3314 3679 3387">
    <p class='ocr_par' dir='ltr' id='par_1_94' title="bbox 2105 3314 3679 3387">
     <span class='ocr_line' id='line_1_94' title="bbox 2105 3314 3679 3387; baseline 0.003 -21"><span class='ocrx_word' id='word_1_701' title='bbox 2105 3314 2526 3383; x_wconf 83' lang='lat' dir='ltr'><strong>prepinaveris,</strong></span> <span class='ocrx_word' id='word_1_702' title='bbox 2589 3324 2644 3368; x_wconf 91' lang='lat' dir='ltr'><strong>et</strong></span> <span class='ocrx_word' id='word_1_703' title='bbox 2697 3314 3012 3384; x_wconf 77' lang='lat' dir='ltr'><strong>impleveris</strong></span> <span class='ocrx_word' id='word_1_704' title='bbox 3062 3325 3390 3387; x_wconf 62' lang='lat' dir='ltr'><strong>praeceptum</strong></span> <span class='ocrx_word' id='word_1_705' title='bbox 3450 3316 3679 3383; x_wconf 76' lang='grc' dir='ltr'><strong>ὓοιηίιιί,</strong></span> 
     </span>
    </p>
   </div>
   <div class='ocr_carea' id='block_1_95' title="bbox 2104 3404 3675 3479">
    <p class='ocr_par' dir='ltr' id='par_1_95' title="bbox 2104 3404 3675 3479">
     <span class='ocr_line' id='line_1_95' title="bbox 2104 3404 3675 3479; baseline 0.003 -19"><span class='ocrx_word' id='word_1_706' title='bbox 2104 3419 2322 3460; x_wconf 89' lang='lat' dir='ltr'><strong>rursum</strong></span> <span class='ocrx_word' id='word_1_707' title='bbox 2370 3404 2485 3461; x_wconf 64' lang='lat' dir='ltr'><strong>ba&#39;c</strong></span> <span class='ocrx_word' id='word_1_708' title='bbox 2514 3406 2694 3461; x_wconf 87' lang='lat' dir='ltr'><strong>verbis</strong></span> <span class='ocrx_word' id='word_1_709' title='bbox 2740 3406 2951 3463; x_wconf 83' lang='lat' dir='ltr'><strong>Domini</strong></span> <span class='ocrx_word' id='word_1_710' title='bbox 2987 3407 3282 3479; x_wconf 86' lang='lat' dir='ltr'><strong>imperabis</strong></span> <span class='ocrx_word' id='word_1_711' title='bbox 3316 3410 3364 3474; x_wconf 75' lang='grc'>⁵,</span> <span class='ocrx_word' id='word_1_712' title='bbox 3391 3419 3449 3465; x_wconf 88' lang='lat' dir='ltr'><strong>et</strong></span> <span class='ocrx_word' id='word_1_713' title='bbox 3491 3410 3675 3465; x_wconf 83' lang='lat' dir='ltr'><strong>dices:</strong></span> 
     </span>
    </p>
   </div>
   <div class='ocr_carea' id='block_1_96' title="bbox 2103 3494 3680 3570">
    <p class='ocr_par' dir='ltr' id='par_1_96' title="bbox 2103 3494 3680 3570">
     <span class='ocr_line' id='line_1_96' title="bbox 2103 3494 3680 3570; baseline 0.005 -20"><span class='ocrx_word' id='word_1_714' title='bbox 2103 3494 2275 3552; x_wconf 68' lang='lat' dir='ltr'><strong>liibite</strong></span> <span class='ocrx_word' id='word_1_715' title='bbox 2303 3509 2354 3552; x_wconf 88' lang='lat' dir='ltr'><strong>et</strong></span> <span class='ocrx_word' id='word_1_716' title='bbox 2398 3498 2754 3567; x_wconf 85' lang='lat' dir='ltr'><strong>inebriamini,</strong></span> <span class='ocrx_word' id='word_1_717' title='bbox 2782 3510 2832 3556; x_wconf 87' lang='lat' dir='ltr'><strong>et</strong></span> <span class='ocrx_word' id='word_1_718' title='bbox 2876 3503 3089 3570; x_wconf 80' lang='lat' dir='ltr'><strong>vomite,</strong></span> <span class='ocrx_word' id='word_1_719' title='bbox 3123 3513 3172 3558; x_wconf 85' lang='lat' dir='ltr'><strong>et</strong></span> <span class='ocrx_word' id='word_1_720' title='bbox 3217 3504 3413 3569; x_wconf 73' lang='lat' dir='ltr'><strong>cedite,</strong></span> <span class='ocrx_word' id='word_1_721' title='bbox 3445 3513 3496 3559; x_wconf 89' lang='lat' dir='ltr'><strong>et</strong></span> <span class='ocrx_word' id='word_1_722' title='bbox 3529 3503 3680 3558; x_wconf 81' lang='lat' dir='ltr'><strong>nolite</strong></span> 
     </span>
    </p>
   </div>
   <div class='ocr_carea' id='block_1_97' title="bbox 2106 3592 3672 3662">
    <p class='ocr_par' dir='ltr' id='par_1_97' title="bbox 2106 3592 3672 3662">
     <span class='ocr_line' id='line_1_97' title="bbox 2106 3592 3672 3662; baseline 0.004 -20"><span class='ocrx_word' id='word_1_723' title='bbox 2106 3604 2442 3661; x_wconf 82' lang='lat' dir='ltr'><strong>consurgere.</strong></span> <span class='ocrx_word' id='word_1_724' title='bbox 2477 3592 2535 3647; x_wconf 84' lang='lat' dir='ltr'><strong>Si</strong></span> <span class='ocrx_word' id='word_1_725' title='bbox 2574 3593 2763 3650; x_wconf 86' lang='lat' dir='ltr'><strong>bibere</strong></span> <span class='ocrx_word' id='word_1_726' title='bbox 2812 3604 2868 3649; x_wconf 88' lang='lat' dir='ltr'><strong>et</strong></span> <span class='ocrx_word' id='word_1_727' title='bbox 2917 3595 3197 3662; x_wconf 89' lang='lat' dir='ltr'><strong>inebriari,</strong></span> <span class='ocrx_word' id='word_1_728' title='bbox 3230 3609 3472 3662; x_wconf 87' lang='lat' dir='ltr'><strong>vomere,</strong></span> <span class='ocrx_word' id='word_1_729' title='bbox 3498 3609 3552 3650; x_wconf 85' lang='lat' dir='ltr'><strong>ct</strong></span> <span class='ocrx_word' id='word_1_730' title='bbox 3588 3610 3672 3650; x_wconf 86' lang='lat' dir='ltr'><strong>ea-</strong></span> 
     </span>
    </p>
   </div>
   <div class='ocr_carea' id='block_1_98' title="bbox 2106 3682 3677 3758">
    <p class='ocr_par' dir='ltr' id='par_1_98' title="bbox 2106 3682 3677 3758">
     <span class='ocr_line' id='line_1_98' title="bbox 2106 3682 3677 3758; baseline 0.005 -23"><span class='ocrx_word' id='word_1_731' title='bbox 2106 3682 2236 3736; x_wconf 88' lang='lat' dir='ltr'><strong>dere</strong></span> <span class='ocrx_word' id='word_1_732' title='bbox 2279 3683 2475 3739; x_wconf 85' lang='lat' dir='ltr'><strong>salutis</strong></span> <span class='ocrx_word' id='word_1_733' title='bbox 2532 3685 2794 3741; x_wconf 90' lang='lat' dir='ltr'><strong>iudicium</strong></span> <span class='ocrx_word' id='word_1_734' title='bbox 2835 3696 2942 3753; x_wconf 90' lang='lat' dir='ltr'><strong>est,</strong></span> <span class='ocrx_word' id='word_1_735' title='bbox 2973 3698 3030 3742; x_wconf 93' lang='lat' dir='ltr'><strong>ut</strong></span> <span class='ocrx_word' id='word_1_736' title='bbox 3057 3689 3230 3743; x_wconf 87' lang='lat' dir='ltr'><strong>instar</strong></span> <span class='ocrx_word' id='word_1_737' title='bbox 3253 3687 3550 3744; x_wconf 70' lang='lat' dir='ltr'><strong>catharica:</strong></span> <span class='ocrx_word' id='word_1_738' title='bbox 3586 3704 3677 3758; x_wconf 86' lang='lat' dir='ltr'><strong>po-</strong></span> 
     </span>
    </p>
   </div>
   <div class='ocr_carea' id='block_1_99' title="bbox 2108 3773 3673 3852">
    <p class='ocr_par' dir='ltr' id='par_1_99' title="bbox 2108 3773 3673 3852">
     <span class='ocr_line' id='line_1_99' title="bbox 2108 3773 3673 3852; baseline 0.005 -26"><span class='ocrx_word' id='word_1_739' title='bbox 2108 3773 2273 3830; x_wconf 88' lang='lat' dir='ltr'><strong>tionis</strong></span> <span class='ocrx_word' id='word_1_740' title='bbox 2307 3775 2471 3832; x_wconf 84' lang='lat' dir='ltr'><strong>noxia</strong></span> <span class='ocrx_word' id='word_1_741' title='bbox 2509 3792 2741 3848; x_wconf 65' lang='lat' dir='ltr'><strong>quaeque</strong></span> <span class='ocrx_word' id='word_1_742' title='bbox 2764 3779 3039 3850; x_wconf 88' lang='lat' dir='ltr'><strong>pellantur</strong></span> <span class='ocrx_word' id='word_1_743' title='bbox 3070 3799 3083 3835; x_wconf 87' lang='lat'><strong>:</strong></span> <span class='ocrx_word' id='word_1_744' title='bbox 3109 3782 3386 3852; x_wconf 88' lang='lat' dir='ltr'><strong>quomodo</strong></span> <span class='ocrx_word' id='word_1_745' title='bbox 3417 3782 3673 3851; x_wconf 87' lang='lat' dir='ltr'><strong>sequitur,</strong></span> 
     </span>
    </p>
   </div>
   <div class='ocr_carea' id='block_1_100' title="bbox 2106 3856 3675 3947">
    <p class='ocr_par' dir='ltr' id='par_1_100' title="bbox 2106 3856 3675 3947">
     <span class='ocr_line' id='line_1_100' title="bbox 2106 3856 3675 3947; baseline 0.006 -28"><span class='ocrx_word' id='word_1_746' title='bbox 2106 3878 2155 3920; x_wconf 82' lang='lat' dir='ltr'><strong>et</strong></span> <span class='ocrx_word' id='word_1_747' title='bbox 2180 3867 2342 3922; x_wconf 88' lang='lat' dir='ltr'><strong>nolite</strong></span> <span class='ocrx_word' id='word_1_748' title='bbox 2355 3871 2722 3942; x_wconf 78' lang='lat' dir='ltr'><strong>consurgere!</strong></span> <span class='ocrx_word' id='word_1_749' title='bbox 2750 3874 2882 3941; x_wconf 80' lang='lat' dir='ltr'><strong>Quae</strong></span> <span class='ocrx_word' id='word_1_750' title='bbox 2916 3875 2987 3930; x_wconf 91' lang='lat' dir='ltr'><strong>sit</strong></span> <span class='ocrx_word' id='word_1_751' title='bbox 3020 3856 3201 3929; x_wconf 82' lang='lat' dir='ltr'><strong>autem</strong></span> <span class='ocrx_word' id='word_1_752' title='bbox 3241 3875 3414 3944; x_wconf 71' lang='lat' dir='ltr'><strong>pono,</strong></span> <span class='ocrx_word' id='word_1_753' title='bbox 3447 3891 3565 3947; x_wconf 77' lang='lat' dir='ltr'><strong>qua:</strong></span> <span class='ocrx_word' id='word_1_754' title='bbox 3586 3889 3675 3929; x_wconf 80' lang='lat' dir='ltr'><strong>eos</strong></span> 
     </span>
    </p>
   </div>
   <div class='ocr_carea' id='block_1_101' title="bbox 2109 3958 3669 4034">
    <p class='ocr_par' dir='ltr' id='par_1_101' title="bbox 2109 3958 3669 4034">
     <span class='ocr_line' id='line_1_101' title="bbox 2109 3958 3669 4034; baseline 0.001 -21"><span class='ocrx_word' id='word_1_755' title='bbox 2109 3958 2302 4013; x_wconf 87' lang='lat' dir='ltr'><strong>cadere</strong></span> <span class='ocrx_word' id='word_1_756' title='bbox 2330 3958 2494 4016; x_wconf 83' lang='lat' dir='ltr'><strong>faciat</strong></span> <span class='ocrx_word' id='word_1_757' title='bbox 2525 3962 2578 4016; x_wconf 89' lang='lat' dir='ltr'><strong>in</strong></span> <span class='ocrx_word' id='word_1_758' title='bbox 2607 3973 2872 4017; x_wconf 76' lang='lat' dir='ltr'><strong>teter-num</strong></span> <span class='ocrx_word' id='word_1_759' title='bbox 2896 4002 2912 4029; x_wconf 93' lang='lat'><strong>,</strong></span> <span class='ocrx_word' id='word_1_760' title='bbox 2938 3962 3091 4034; x_wconf 89' lang='lat' dir='ltr'><strong>ponit</strong></span> <span class='ocrx_word' id='word_1_761' title='bbox 3113 3965 3475 4029; x_wconf 79' lang='lat' dir='ltr'><strong>inanifestius,</strong></span> <span class='ocrx_word' id='word_1_762' title='bbox 3496 3964 3547 4019; x_wconf 89' lang='lat' dir='ltr'><strong>id</strong></span> <span class='ocrx_word' id='word_1_763' title='bbox 3572 3974 3669 4028; x_wconf 82' lang='lat' dir='ltr'><strong>est,</strong></span> 
     </span>
    </p>
   </div>
   <div class='ocr_carea' id='block_1_102' title="bbox 2113 4051 3584 4127">
    <p class='ocr_par' dir='ltr' id='par_1_102' title="bbox 2113 4051 3584 4127">
     <span class='ocr_line' id='line_1_102' title="bbox 2113 4051 3584 4127; baseline 0 -18"><span class='ocrx_word' id='word_1_764' title='bbox 2113 4051 2321 4121; x_wconf 78' lang='lat'><strong>1021</strong></span> <span class='ocrx_word' id='word_1_765' title='bbox 2351 4071 2383 4107; x_wconf 87' lang='lat' dir='ltr'><strong>a</strong></span> <span class='ocrx_word' id='word_1_766' title='bbox 2412 4054 2549 4123; x_wconf 85' lang='lat' dir='ltr'><strong>[acie</strong></span> <span class='ocrx_word' id='word_1_767' title='bbox 2575 4055 2743 4125; x_wconf 80' lang='lat' dir='ltr'><strong>gladii</strong></span> <span class='ocrx_word' id='word_1_768' title='bbox 2774 4072 2925 4126; x_wconf 79' lang='lat' dir='ltr'><strong>quem</strong></span> <span class='ocrx_word' id='word_1_769' title='bbox 2956 4071 3050 4127; x_wconf 88' lang='lat' dir='ltr'><strong>ego</strong></span> <span class='ocrx_word' id='word_1_770' title='bbox 3072 4059 3284 4112; x_wconf 86' lang='lat' dir='ltr'><strong>mittam</strong></span> <span class='ocrx_word' id='word_1_771' title='bbox 3313 4059 3451 4112; x_wconf 87' lang='lat' dir='ltr'><strong>inter</strong></span> <span class='ocrx_word' id='word_1_772' title='bbox 3482 4071 3584 4111; x_wconf 74' lang='lat' dir='ltr'><strong>eos.</strong></span> 
     </span>
    </p>
   </div>
   <div class='ocr_carea' id='block_1_103' title="bbox 2179 4143 3672 4223">
    <p class='ocr_par' dir='ltr' id='par_1_103' title="bbox 2179 4143 3672 4223">
     <span class='ocr_line' id='line_1_103' title="bbox 2179 4143 3672 4223; baseline 0.003 -25"><span class='ocrx_word' id='word_1_773' title='bbox 2179 4143 2362 4214; x_wconf 83' lang='lat' dir='ltr'><strong>(Vers.</strong></span> <span class='ocrx_word' id='word_1_774' title='bbox 2395 4147 2512 4218; x_wconf 70' lang='lat'><strong>28.)</strong></span> <span class='ocrx_word' id='word_1_775' title='bbox 2553 4167 2571 4200; x_wconf 82' lang='grc' dir='ltr'><strong>ι</strong></span> <span class='ocrx_word' id='word_1_776' title='bbox 2599 4147 2845 4218; x_wconf 82' lang='lat' dir='ltr'><strong>Cumque</strong></span> <span class='ocrx_word' id='word_1_777' title='bbox 2877 4149 3156 4205; x_wconf 87' lang='lat' dir='ltr'><strong>noluerint</strong></span> <span class='ocrx_word' id='word_1_778' title='bbox 3184 4151 3436 4223; x_wconf 85' lang='lat' dir='ltr'><strong>accipere</strong></span> <span class='ocrx_word' id='word_1_779' title='bbox 3463 4150 3672 4206; x_wconf 81' lang='lat' dir='ltr'><strong>calicem</strong></span> 
     </span>
    </p>
   </div>
   <div class='ocr_carea' id='block_1_104' title="bbox 2107 4229 3675 4308">
    <p class='ocr_par' dir='ltr' id='par_1_104' title="bbox 2107 4229 3675 4308">
     <span class='ocr_line' id='line_1_104' title="bbox 2107 4229 3675 4308; baseline 0.002 -15"><span class='ocrx_word' id='word_1_780' title='bbox 2107 4238 2177 4294; x_wconf 87' lang='lat' dir='ltr'><strong>de</strong></span> <span class='ocrx_word' id='word_1_781' title='bbox 2210 4253 2375 4294; x_wconf 72' lang='lat' dir='ltr'><strong>malm</strong></span> <span class='ocrx_word' id='word_1_782' title='bbox 2418 4248 2509 4295; x_wconf 88' lang='lat' dir='ltr'><strong>tua</strong></span> <span class='ocrx_word' id='word_1_783' title='bbox 2563 4249 2624 4296; x_wconf 90' lang='lat' dir='ltr'><strong>ut</strong></span> <span class='ocrx_word' id='word_1_784' title='bbox 2678 4229 2889 4308; x_wconf 65' lang='lat' dir='ltr'><strong>biba&#39;ut,</strong></span> <span class='ocrx_word' id='word_1_785' title='bbox 2922 4242 3075 4298; x_wconf 77' lang='lat' dir='ltr'><strong>dices</strong></span> <span class='ocrx_word' id='word_1_786' title='bbox 3120 4245 3189 4298; x_wconf 81' lang='lat' dir='ltr'><strong>ad</strong></span> <span class='ocrx_word' id='word_1_787' title='bbox 3215 4257 3309 4299; x_wconf 88' lang='lat' dir='ltr'><strong>eos</strong></span> <span class='ocrx_word' id='word_1_788' title='bbox 3344 4259 3360 4298; x_wconf 88' lang='lat'><strong>:</strong></span> <span class='ocrx_word' id='word_1_789' title='bbox 3396 4242 3523 4298; x_wconf 70' lang='lat' dir='ltr'><strong>llaec</strong></span> <span class='ocrx_word' id='word_1_790' title='bbox 3558 4244 3675 4296; x_wconf 85' lang='lat' dir='ltr'><strong>dicit</strong></span> 
     </span>
    </p>
   </div>
   <div class='ocr_carea' id='block_1_105' title="bbox 2110 4330 3676 4404">
    <p class='ocr_par' dir='ltr' id='par_1_105' title="bbox 2110 4330 3676 4404">
     <span class='ocr_line' id='line_1_105' title="bbox 2110 4330 3676 4404; baseline 0 -19"><span class='ocrx_word' id='word_1_791' title='bbox 2110 4330 2372 4386; x_wconf 88' lang='lat' dir='ltr'><strong>Dominus</strong></span> <span class='ocrx_word' id='word_1_792' title='bbox 2401 4331 2740 4387; x_wconf 81' lang='lat' dir='ltr'><strong>exercituum</strong></span> <span class='ocrx_word' id='word_1_793' title='bbox 2777 4351 2791 4388; x_wconf 90' lang='lat'><strong>:</strong></span> <span class='ocrx_word' id='word_1_794' title='bbox 2830 4330 3090 4389; x_wconf 87' lang='lat' dir='ltr'><strong>Bibentes</strong></span> <span class='ocrx_word' id='word_1_795' title='bbox 3123 4332 3326 4389; x_wconf 83' lang='lat' dir='ltr'><strong>bibctis</strong></span> <span class='ocrx_word' id='word_1_796' title='bbox 3359 4350 3375 4389; x_wconf 89' lang='lat'><strong>:</strong></span> <span class='ocrx_word' id='word_1_797' title='bbox 3402 4334 3529 4404; x_wconf 82' lang='lat' dir='ltr'><strong>quia</strong></span> <span class='ocrx_word' id='word_1_798' title='bbox 3561 4348 3676 4386; x_wconf 72' lang='lat' dir='ltr'><strong>ceae</strong></span> 
     </span>
    </p>
   </div>
   <div class='ocr_carea' id='block_1_106' title="bbox 2111 4421 3679 4495">
    <p class='ocr_par' dir='ltr' id='par_1_106' title="bbox 2111 4421 3679 4495">
     <span class='ocr_line' id='line_1_106' title="bbox 2111 4421 3679 4495; baseline 0.001 -19"><span class='ocrx_word' id='word_1_799' title='bbox 2111 4421 2166 4477; x_wconf 90' lang='lat' dir='ltr'><strong>in</strong></span> <span class='ocrx_word' id='word_1_800' title='bbox 2192 4421 2437 4491; x_wconf 84' lang='lat' dir='ltr'><strong>civitate,</strong></span> <span class='ocrx_word' id='word_1_801' title='bbox 2462 4424 2516 4478; x_wconf 92' lang='lat' dir='ltr'><strong>in</strong></span> <span class='ocrx_word' id='word_1_802' title='bbox 2542 4438 2648 4495; x_wconf 89' lang='lat' dir='ltr'><strong>qua</strong></span> <span class='ocrx_word' id='word_1_803' title='bbox 2675 4423 2985 4480; x_wconf 88' lang='lat' dir='ltr'><strong>invocatum</strong></span> <span class='ocrx_word' id='word_1_804' title='bbox 3017 4434 3106 4483; x_wconf 89' lang='lat' dir='ltr'><strong>est</strong></span> <span class='ocrx_word' id='word_1_805' title='bbox 3129 4440 3330 4483; x_wconf 90' lang='lat' dir='ltr'><strong>nomen</strong></span> <span class='ocrx_word' id='word_1_806' title='bbox 3365 4440 3567 4491; x_wconf 88' lang='lat' dir='ltr'><strong>meum,</strong></span> <span class='ocrx_word' id='word_1_807' title='bbox 3588 4438 3679 4492; x_wconf 69' lang='lat' dir='ltr'><strong>rgo</strong></span> 
     </span>
    </p>
   </div>
   <div class='ocr_carea' id='block_1_107' title="bbox 2040 4513 3682 4608">
    <p class='ocr_par' dir='ltr' id='par_1_107' title="bbox 2040 4513 3682 4608">
     <span class='ocr_line' id='line_1_107' title="bbox 2040 4513 3682 4608; baseline 0.002 -40"><span class='ocrx_word' id='word_1_808' title='bbox 2040 4552 2086 4608; x_wconf 64' lang='grc' dir='ltr'><strong>υ</strong></span> <span class='ocrx_word' id='word_1_809' title='bbox 2112 4514 2311 4584; x_wconf 88' lang='lat' dir='ltr'><strong>incipio</strong></span> <span class='ocrx_word' id='word_1_810' title='bbox 2331 4513 2520 4608; x_wconf 53' lang='grc' dir='ltr'><strong>[ναις.</strong></span> <span class='ocrx_word' id='word_1_811' title='bbox 2555 4515 2838 4589; x_wconf 88' lang='lat' dir='ltr'><strong>incipiam]</strong></span> <span class='ocrx_word' id='word_1_812' title='bbox 2864 4517 3124 4590; x_wconf 74' lang='lat' dir='ltr'><strong>afﬂigere,</strong></span> <span class='ocrx_word' id='word_1_813' title='bbox 3154 4529 3209 4575; x_wconf 91' lang='lat' dir='ltr'><strong>et</strong></span> <span class='ocrx_word' id='word_1_814' title='bbox 3235 4534 3331 4575; x_wconf 90' lang='lat' dir='ltr'><strong>vos</strong></span> <span class='ocrx_word' id='word_1_815' title='bbox 3354 4521 3509 4589; x_wconf 87' lang='lat' dir='ltr'><strong>quasi</strong></span> <span class='ocrx_word' id='word_1_816' title='bbox 3541 4522 3682 4574; x_wconf 84' lang='lat' dir='ltr'><strong>inno-</strong></span> 
     </span>
    </p>
   </div>
   <div class='ocr_carea' id='block_1_108' title="bbox 2114 4605 3680 4679">
    <p class='ocr_par' dir='ltr' id='par_1_108' title="bbox 2114 4605 3680 4679">
     <span class='ocr_line' id='line_1_108' title="bbox 2114 4605 3680 4679; baseline 0.004 -20"><span class='ocrx_word' id='word_1_817' title='bbox 2114 4615 2300 4661; x_wconf 81' lang='lat' dir='ltr'><strong>centes</strong></span> <span class='ocrx_word' id='word_1_818' title='bbox 2329 4605 2598 4663; x_wconf 88' lang='lat' dir='ltr'><strong>immunes</strong></span> <span class='ocrx_word' id='word_1_819' title='bbox 2640 4608 2797 4664; x_wconf 87' lang='lat' dir='ltr'><strong>eritis</strong></span> <span class='ocrx_word' id='word_1_820' title='bbox 2827 4610 2954 4679; x_wconf 82' lang='lat' dir='ltr'><strong>(sive</strong></span> <span class='ocrx_word' id='word_1_821' title='bbox 2987 4620 3039 4666; x_wconf 86' lang='lat' dir='ltr'><strong>et</strong></span> <span class='ocrx_word' id='word_1_822' title='bbox 3086 4627 3177 4667; x_wconf 76' lang='lat' dir='ltr'><strong>vos</strong></span> <span class='ocrx_word' id='word_1_823' title='bbox 3208 4613 3470 4666; x_wconf 81' lang='lat' dir='ltr'><strong>munditia</strong></span> <span class='ocrx_word' id='word_1_824' title='bbox 3512 4613 3680 4666; x_wconf 70' lang='lat' dir='ltr'><strong>utendi</strong></span> 
     </span>
    </p>
   </div>
   <div class='ocr_carea' id='block_1_109' title="bbox 2112 4700 3677 4777">
    <p class='ocr_par' dir='ltr' id='par_1_109' title="bbox 2112 4700 3677 4777">
     <span class='ocr_line' id='line_1_109' title="bbox 2112 4700 3677 4777; baseline 0.001 -22"><span class='ocrx_word' id='word_1_825' title='bbox 2112 4700 2308 4765; x_wconf 70' lang='lat' dir='ltr'><strong>eritis)?</strong></span> <span class='ocrx_word' id='word_1_826' title='bbox 2332 4716 2437 4757; x_wconf 91' lang='lat' dir='ltr'><strong>non</strong></span> <span class='ocrx_word' id='word_1_827' title='bbox 2459 4700 2617 4757; x_wconf 90' lang='lat' dir='ltr'><strong>eritis</strong></span> <span class='ocrx_word' id='word_1_828' title='bbox 2645 4701 2914 4759; x_wconf 83' lang='lat' dir='ltr'><strong>immunes</strong></span> <span class='ocrx_word' id='word_1_829' title='bbox 2953 4703 3081 4774; x_wconf 81' lang='lat' dir='ltr'><strong>(sive</strong></span> <span class='ocrx_word' id='word_1_830' title='bbox 3109 4722 3213 4759; x_wconf 87' lang='lat' dir='ltr'><strong>non</strong></span> <span class='ocrx_word' id='word_1_831' title='bbox 3243 4708 3391 4761; x_wconf 85' lang='lat' dir='ltr'><strong>eritis</strong></span> <span class='ocrx_word' id='word_1_832' title='bbox 3423 4707 3677 4777; x_wconf 69' lang='lat' dir='ltr'><strong>mundi).-</strong></span> 
     </span>
    </p>
   </div>
   <div class='ocr_carea' id='block_1_110' title="bbox 2114 4791 3684 4869">
    <p class='ocr_par' dir='ltr' id='par_1_110' title="bbox 2114 4791 3684 4869">
     <span class='ocr_line' id='line_1_110' title="bbox 2114 4791 3684 4869; baseline 0.004 -23"><span class='ocrx_word' id='word_1_833' title='bbox 2114 4791 2372 4848; x_wconf 84' lang='lat' dir='ltr'><strong>Latenter</strong></span> <span class='ocrx_word' id='word_1_834' title='bbox 2424 4793 2692 4858; x_wconf 89' lang='lat' dir='ltr'><strong>ostendit,</strong></span> <span class='ocrx_word' id='word_1_835' title='bbox 2722 4807 3059 4866; x_wconf 70' lang='lat' dir='ltr'><strong>prmeeptum</strong></span> <span class='ocrx_word' id='word_1_836' title='bbox 3122 4796 3242 4863; x_wconf 87' lang='lat' dir='ltr'><strong>Dei,</strong></span> <span class='ocrx_word' id='word_1_837' title='bbox 3279 4798 3374 4869; x_wconf 91' lang='lat' dir='ltr'><strong>qui</strong></span> <span class='ocrx_word' id='word_1_838' title='bbox 3418 4800 3684 4853; x_wconf 85' lang='lat' dir='ltr'><strong>voluntate</strong></span> 
     </span>
    </p>
   </div>
   <div class='ocr_carea' id='block_1_111' title="bbox 2112 4884 3684 4959">
    <p class='ocr_par' dir='ltr' id='par_1_111' title="bbox 2112 4884 3684 4959">
     <span class='ocr_line' id='line_1_111' title="bbox 2112 4884 3684 4959; baseline 0.004 -20"><span class='ocrx_word' id='word_1_839' title='bbox 2112 4884 2295 4941; x_wconf 87' lang='lat' dir='ltr'><strong>facere</strong></span> <span class='ocrx_word' id='word_1_840' title='bbox 2337 4885 2634 4956; x_wconf 88' lang='lat' dir='ltr'><strong>noluerint,</strong></span> <span class='ocrx_word' id='word_1_841' title='bbox 2660 4896 3017 4958; x_wconf 84' lang='lat' dir='ltr'><strong>suscepturos</strong></span> <span class='ocrx_word' id='word_1_842' title='bbox 3064 4891 3411 4959; x_wconf 87' lang='lat' dir='ltr'><strong>necessitate,</strong></span> <span class='ocrx_word' id='word_1_843' title='bbox 3438 4901 3496 4947; x_wconf 88' lang='lat' dir='ltr'><strong>et</strong></span> <span class='ocrx_word' id='word_1_844' title='bbox 3534 4890 3684 4947; x_wconf 84' lang='lat' dir='ltr'><strong>sudi-</strong></span> 
     </span>
    </p>
   </div>
   <div class='ocr_carea' id='block_1_112' title="bbox 2114 5024 3685 5096">
    <p class='ocr_par' dir='ltr' id='par_1_112' title="bbox 2114 5024 3685 5096">
     <span class='ocr_line' id='line_1_112' title="bbox 2114 5024 3685 5096; baseline 0.006 -20"><span class='ocrx_word' id='word_1_845' title='bbox 2114 5038 2234 5091; x_wconf 69' lang='lat' dir='ltr'><strong>quae</strong></span> <span class='ocrx_word' id='word_1_846' title='bbox 2262 5025 2319 5079; x_wconf 89' lang='lat' dir='ltr'><strong>in</strong></span> <span class='ocrx_word' id='word_1_847' title='bbox 2367 5024 2663 5094; x_wconf 87' lang='lat' dir='ltr'><strong>alphabeto</strong></span> <span class='ocrx_word' id='word_1_848' title='bbox 2701 5025 2895 5084; x_wconf 71' lang='lat' dir='ltr'><strong>Graeco</strong></span> <span class='ocrx_word' id='word_1_849' title='bbox 2940 5029 3184 5086; x_wconf 86' lang='lat' dir='ltr'><strong>secunda</strong></span> <span class='ocrx_word' id='word_1_850' title='bbox 3219 5042 3307 5087; x_wconf 87' lang='lat' dir='ltr'><strong>est</strong></span> <span class='ocrx_word' id='word_1_851' title='bbox 3358 5030 3568 5096; x_wconf 88' lang='lat' dir='ltr'><strong>littera,</strong></span> <span class='ocrx_word' id='word_1_852' title='bbox 3592 5032 3685 5085; x_wconf 78' lang='lat' dir='ltr'><strong>tiu-</strong></span> 
     </span>
    </p>
   </div>
   <div class='ocr_carea' id='block_1_113' title="bbox 2117 5096 3684 5172">
    <p class='ocr_par' dir='ltr' id='par_1_113' title="bbox 2117 5096 3684 5172">
     <span class='ocr_line' id='line_1_113' title="bbox 2117 5096 3684 5172; baseline 0.004 -25"><span class='ocrx_word' id='word_1_853' title='bbox 2117 5097 2237 5172; x_wconf 78' lang='lat' dir='ltr'><strong>plex</strong></span> <span class='ocrx_word' id='word_1_854' title='bbox 2269 5099 2327 5150; x_wconf 91' lang='lat' dir='ltr'><strong>in</strong></span> <span class='ocrx_word' id='word_1_855' title='bbox 2385 5098 2606 5172; x_wconf 27' lang='lat' dir='ltr'><strong>no‘tnine</strong></span> <span class='ocrx_word' id='word_1_856' title='bbox 2634 5096 2835 5172; x_wconf 74' lang='lat' dir='ltr'><strong>Sesaclt</strong></span> <span class='ocrx_word' id='word_1_857' title='bbox 2865 5103 3165 5172; x_wconf 77' lang='lat' dir='ltr'><strong>respOndet</strong></span> <span class='ocrx_word' id='word_1_858' title='bbox 3187 5100 3311 5164; x_wconf 85' lang='lat' dir='ltr'><strong>Sin,</strong></span> <span class='ocrx_word' id='word_1_859' title='bbox 3330 5116 3467 5172; x_wconf 69' lang='lat' dir='ltr'><strong>qua:</strong></span> <span class='ocrx_word' id='word_1_860' title='bbox 3508 5101 3684 5172; x_wconf 81' lang='lat' dir='ltr'><strong>penul-</strong></span> 
     </span>
    </p>
   </div>
   <div class='ocr_carea' id='block_1_114' title="bbox 2118 5168 3686 5247">
    <p class='ocr_par' dir='ltr' id='par_1_114' title="bbox 2118 5168 3686 5247">
     <span class='ocr_line' id='line_1_114' title="bbox 2118 5168 3686 5247; baseline 0.004 -29"><span class='ocrx_word' id='word_1_861' title='bbox 2118 5168 2247 5247; x_wconf 72' lang='lat' dir='ltr'><strong>titna</strong></span> <span class='ocrx_word' id='word_1_862' title='bbox 2273 5173 2359 5247; x_wconf 77' lang='lat' dir='ltr'><strong>est</strong></span> <span class='ocrx_word' id='word_1_863' title='bbox 2376 5183 2411 5246; x_wconf 12' lang='grc' dir='ltr'>,ι</span> <span class='ocrx_word' id='word_1_864' title='bbox 2450 5169 2523 5221; x_wconf 91' lang='lat' dir='ltr'><strong>ita</strong></span> <span class='ocrx_word' id='word_1_865' title='bbox 2549 5169 2760 5247; x_wconf 89' lang='lat' dir='ltr'><strong>eodem_</strong></span> <span class='ocrx_word' id='word_1_866' title='bbox 2791 5168 2990 5247; x_wconf 81' lang='lat' dir='ltr'><strong>ordine</strong></span> <span class='ocrx_word' id='word_1_867' title='bbox 3012 5171 3109 5247; x_wconf 70' lang='grc' dir='ltr'><strong>Δτῷ</strong></span> <span class='ocrx_word' id='word_1_868' title='bbox 3142 5170 3340 5247; x_wconf 77' lang='lat' dir='ltr'><strong>Lantetl</strong></span> <span class='ocrx_word' id='word_1_869' title='bbox 3365 5168 3686 5247; x_wconf 75' lang='lat' dir='ltr'><strong>reSpondeat</strong></span> 
     </span>
    </p>
   </div>
   <div class='ocr_carea' id='block_1_115' title="bbox 2117 5240 3682 5316">
    <p class='ocr_par' dir='ltr' id='par_1_115' title="bbox 2117 5240 3682 5316">
     <span class='ocr_line' id='line_1_115' title="bbox 2117 5240 3682 5316; baseline 0.003 -28"><span class='ocrx_word' id='word_1_870' title='bbox 2117 5240 2318 5316; x_wconf 48' lang='lat' dir='ltr'><strong>tilium}:</strong></span> <span class='ocrx_word' id='word_1_871' title='bbox 2350 5241 2646 5316; x_wconf 46' lang='lat' dir='ltr'><strong>Lfnntnvct‘o</strong></span> <span class='ocrx_word' id='word_1_872' title='bbox 2667 5240 2761 5316; x_wconf 67' lang='lat' dir='ltr'><strong>qui</strong></span> <span class='ocrx_word' id='word_1_873' title='bbox 2802 5242 2980 5316; x_wconf 80' lang='lat' dir='ltr'><strong>locum</strong></span> <span class='ocrx_word' id='word_1_874' title='bbox 3010 5240 3091 5298; x_wconf 44' lang='lat' dir='ltr'><strong>ita&#39;</strong></span> <span class='ocrx_word' id='word_1_875' title='bbox 3116 5244 3477 5316; x_wconf 68' lang='lat' dir='ltr'><strong>supplendum</strong></span> <span class='ocrx_word' id='word_1_876' title='bbox 3506 5244 3682 5316; x_wconf 77' lang='lat' dir='ltr'><strong>velint,</strong></span> 
     </span>
    </p>
   </div>
   <div class='ocr_carea' id='block_1_116' title="bbox 2116 5308 3680 5380">
    <p class='ocr_par' dir='ltr' id='par_1_116' title="bbox 2116 5308 3680 5380">
     <span class='ocr_line' id='line_1_116' title="bbox 2116 5308 3680 5380; baseline 0.006 -23"><span class='ocrx_word' id='word_1_877' title='bbox 2116 5308 2252 5380; x_wconf 74' lang='lat' dir='ltr'><strong>inter</strong></span> <span class='ocrx_word' id='word_1_878' title='bbox 2265 5308 2395 5361; x_wconf 75' lang='lat' dir='ltr'><strong>Belli</strong></span> <span class='ocrx_word' id='word_1_879' title='bbox 2416 5319 2465 5363; x_wconf 90' lang='lat' dir='ltr'><strong>et</strong></span> <span class='ocrx_word' id='word_1_880' title='bbox 2484 5308 2612 5362; x_wconf 78' lang='lat' dir='ltr'><strong>Betlt</strong></span> <span class='ocrx_word' id='word_1_881' title='bbox 2632 5308 2904 5365; x_wconf 25' lang='lat' dir='ltr'><strong>et’Lametl</strong></span> <span class='ocrx_word' id='word_1_882' title='bbox 2922 5326 2942 5366; x_wconf 91' lang='lat'><strong><em>:</em></strong></span> <span class='ocrx_word' id='word_1_883' title='bbox 2962 5312 3100 5367; x_wconf 85' lang='lat' dir='ltr'><strong>inter</strong></span> <span class='ocrx_word' id='word_1_884' title='bbox 3121 5308 3283 5369; x_wconf 61' lang='lat' dir='ltr'><strong>sm:</strong></span> <span class='ocrx_word' id='word_1_885' title='bbox 3306 5312 3404 5369; x_wconf 86' lang='lat' dir='ltr'><strong>Sin</strong></span> <span class='ocrx_word' id='word_1_886' title='bbox 3422 5322 3472 5366; x_wconf 84' lang='lat' dir='ltr'><strong>et</strong></span> <span class='ocrx_word' id='word_1_887' title='bbox 3490 5312 3680 5380; x_wconf 66' lang='lat' dir='ltr'><strong>cum.</strong></span> 
     </span>
    </p>
   </div>
   <div class='ocr_carea' id='block_1_117' title="bbox 2120 5376 3679 5453">
    <p class='ocr_par' dir='ltr' id='par_1_117' title="bbox 2120 5376 3679 5453">
     <span class='ocr_line' id='line_1_117' title="bbox 2120 5376 3679 5453; baseline 0.006 -24"><span class='ocrx_word' id='word_1_888' title='bbox 2120 5376 2295 5453; x_wconf 72' lang='lat' dir='ltr'><strong>llnjus</strong></span> <span class='ocrx_word' id='word_1_889' title='bbox 2317 5390 2501 5453; x_wconf 85' lang='lat' dir='ltr'><strong>autem</strong></span> <span class='ocrx_word' id='word_1_890' title='bbox 2525 5383 2895 5437; x_wconf 68' lang='lat' dir='ltr'><strong>cahbatisticm</strong></span> <span class='ocrx_word' id='word_1_891' title='bbox 2925 5387 3372 5452; x_wconf 81' lang='lat' dir='ltr'><strong>permutationis,</strong></span> <span class='ocrx_word' id='word_1_892' title='bbox 3403 5398 3525 5452; x_wconf 72' lang='lat' dir='ltr'><strong>Qua:</strong></span> <span class='ocrx_word' id='word_1_893' title='bbox 3551 5376 3679 5453; x_wconf 79' lang='lat' dir='ltr'><strong>apud</strong></span> 
     </span>
    </p>
   </div>
   <div class='ocr_carea' id='block_1_118' title="bbox 2114 5444 3676 5525">
    <p class='ocr_par' dir='ltr' id='par_1_118' title="bbox 2114 5444 3676 5525">
     <span class='ocr_line' id='line_1_118' title="bbox 2114 5444 3676 5525; baseline 0.004 -27"><span class='ocrx_word' id='word_1_894' title='bbox 2114 5444 2361 5525; x_wconf 64' lang='lat' dir='ltr'><strong>lenaeus</strong></span> <span class='ocrx_word' id='word_1_895' title='bbox 2394 5452 2626 5512; x_wconf 88' lang='lat' dir='ltr'><strong>obtinet.</strong></span> <span class='ocrx_word' id='word_1_896' title='bbox 2667 5444 2990 5525; x_wconf 79' lang='lat' dir='ltr'><strong>volgarique</strong></span> <span class='ocrx_word' id='word_1_897' title='bbox 3040 5456 3262 5510; x_wconf 88' lang='lat' dir='ltr'><strong>nomine</strong></span> <span class='ocrx_word' id='word_1_898' title='bbox 3317 5444 3613 5525; x_wconf 62' lang='lat' dir='ltr'><strong>appeuatu&#39;r</strong></span> <span class='ocrx_word' id='word_1_899' title='bbox 3649 5466 3676 5504; x_wconf 85' lang='lat' dir='ltr'><strong>s</strong></span> 
     </span>
    </p>
   </div>
   <div class='ocr_carea' id='block_1_119' title="bbox 2118 5519 3677 5598">
    <p class='ocr_par' dir='ltr' id='par_1_119' title="bbox 2118 5519 3677 5598">
     <span class='ocr_line' id='line_1_119' title="bbox 2118 5519 3677 5598; baseline 0.004 -29"><span class='ocrx_word' id='word_1_900' title='bbox 2118 5519 2311 5598; x_wconf 73' lang='lat' dir='ltr'><strong>primis</strong></span> <span class='ocrx_word' id='word_1_901' title='bbox 2348 5520 2548 5598; x_wconf 65' lang='lat' dir='ltr'><strong>litteris</strong></span> <span class='ocrx_word' id='word_1_902' title='bbox 2582 5519 2807 5590; x_wconf 67' lang='lat' dir='ltr'><strong>Atltbai,</strong></span> <span class='ocrx_word' id='word_1_903' title='bbox 2832 5519 2946 5580; x_wconf 73' lang='lat' dir='ltr'><strong>tota</strong></span> <span class='ocrx_word' id='word_1_904' title='bbox 2991 5525 3044 5578; x_wconf 76' lang='grc' dir='ltr'><strong>ιιι</strong></span> <span class='ocrx_word' id='word_1_905' title='bbox 3071 5519 3406 5596; x_wconf 68' lang='lat' dir='ltr'><strong>alphabetho</strong></span> <span class='ocrx_word' id='word_1_906' title='bbox 3445 5527 3581 5580; x_wconf 79' lang='lat' dir='ltr'><strong>ratio</strong></span> <span class='ocrx_word' id='word_1_907' title='bbox 3604 5529 3677 5578; x_wconf 82' lang='lat' dir='ltr'><strong>est</strong></span> 
     </span>
    </p>
   </div>
   <div class='ocr_carea' id='block_1_120' title="bbox 2118 5590 2488 5657">
    <p class='ocr_par' dir='ltr' id='par_1_120' title="bbox 2118 5590 2488 5657">
     <span class='ocr_line' id='line_1_120' title="bbox 2118 5590 2488 5657; baseline 0.008 -17"><span class='ocrx_word' id='word_1_908' title='bbox 2118 5590 2430 5657; x_wconf 79' lang='lat' dir='ltr'><strong>bujnstnodi</strong></span> <span class='ocrx_word' id='word_1_909' title='bbox 2463 5592 2488 5643; x_wconf 82' lang='lat'><strong>?</strong></span> 
     </span>
    </p>
   </div>
   <div class='ocr_carea' id='block_1_121' title="bbox 2364 5689 3428 5801">
    <p class='ocr_par' dir='ltr' id='par_1_121' title="bbox 2364 5689 3428 5801">
     <span class='ocr_line' id='line_1_121' title="bbox 2364 5689 3428 5801; baseline 0.014 -34"><span class='ocrx_word' id='word_1_910' title='bbox 2364 5689 2428 5767; x_wconf 70' lang='lat'><strong>5:</strong></span> <span class='ocrx_word' id='word_1_911' title='bbox 2458 5718 2717 5797; x_wconf 53' lang='lat' dir='ltr'><strong>nigram</strong></span> <span class='ocrx_word' id='word_1_912' title='bbox 2743 5724 2809 5777; x_wconf 73' lang='lat' dir='ltr'><strong>rt</strong></span> <span class='ocrx_word' id='word_1_913' title='bbox 2837 5723 2901 5801; x_wconf 72' lang='lat' dir='ltr'><strong>rp</strong></span> <span class='ocrx_word' id='word_1_914' title='bbox 2932 5722 3428 5799; x_wconf 61' lang='lat' dir='ltr'><strong>vnpwumm</strong></span> 
     </span>
    </p>
   </div>
   <div class='ocr_carea' id='block_1_122' title="bbox 2190 5822 3377 5905">
    <p class='ocr_par' dir='ltr' id='par_1_122' title="bbox 2190 5822 3377 5905">
     <span class='ocr_line' id='line_1_122' title="bbox 2190 5822 3377 5905; baseline 0.01 -28"><span class='ocrx_word' id='word_1_915' title='bbox 2190 5822 2210 5853; x_wconf 74' lang='grc'><strong><em>³</em></strong></span> <span class='ocrx_word' id='word_1_916' title='bbox 2244 5824 2476 5884; x_wconf 76' lang='lat' dir='ltr'><strong>Cistelc.</strong></span> <span class='ocrx_word' id='word_1_917' title='bbox 2506 5828 2908 5900; x_wconf 78' lang='lat' dir='ltr'><strong>intproperabis,</strong></span> <span class='ocrx_word' id='word_1_918' title='bbox 2935 5849 3035 5904; x_wconf 86' lang='lat' dir='ltr'><strong>pro</strong></span> <span class='ocrx_word' id='word_1_919' title='bbox 3070 5834 3377 5905; x_wconf 80' lang='lat' dir='ltr'><strong>imperabis.</strong></span> 
     </span>
    </p>
   </div>
  </div>
