4004 6182
332 241 445 309 873

809 239 1310 304 COMMENTAR.
1353 237 1432 298 IN
1475 233 1869 298 JEREMIAM
1914 233 2374 296 PllOPIlETAM
2407 235 2558 296 LIB.
2597 235 2664 306 V,
2698 237 2852 297 CAP.
2889 238 3064 299 XXV.

3480 234 3588 300 87L

333 374 486 415 turos
521 375 537 412 :
568 355 832 418 Bibentes,
873 355 1081 408 bibetis.
1113 353 1333 417 Velitis,
1353 351 1553 420 inquit,
1582 351 1788 416 nolitis,
1817 349 1910 404 Dei
1943 365 1990 417 Α
2017 349 2163 404 rium
2205 350 2414 405 Domini
2447 366 2569 405 cum
2598 352 2852 420 gentibus
2877 349 3034 420 (Osee
3081 351 3179 422 tv).
3214 351 3269 407 Si
3297 364 3473 410 autem
3518 355 3603 425 ju‘

331 451 605 507 sententia
637 447 958 517 complenda
986 457 1091 501 est.
1115 445 1172 500 Si
1197 445 1342 500 enim
1371 445 1562 499 civitas
1587 443 1909 508 Jerusalem,

334 543 392 595 in
419 554 526 610 qua
559 549 749 594 natum
805 537 909 591 fuit
948 551 1152 590 nomen
1191 536 1311 602 Dei,
1333 536 1547 590 dicente
1595 534 1864 603 Propheta
1897 552 1914 588 :

336 631 513 686 Notus
542 631 597 683 in
646 628 840 683 ludam
868 628 1009 682 Deus
1046 644 1066 682 :
1111 630 1165 681 in
1213 626 1387 681 Israel
1431 642 1619 682 nomen
1667 638 1916 695 magnum

335 727 452 793 ejus
489 721 662 781 (Psal.
694 736 860 788 Lxxv,
894 720 972 790 l),
1007 721 1143 775 bibit
1178 734 1452 774 meracum
1501 719 1726 773 calicem
1773 717 1917 773 furo-

342 819 685 882 riszquanto
732 811 910 880 magis
950 826 1046 866 vos
1081 827 1186 867 non
1229 811 1384 866 eritis
1435 811 1646 875 mundi,
1677 810 1768 880 qui
1821 825 1918 880 pro

342 905 439 960 υιςί
473 905 698 960 nomine
725 905 866 959 idola
902 903 1114 958 colitisl

415 1037 595 1107 (Vers.
623 1037 738 1108 29.)
769 1055 788 1090 t
815 1037 1063 1092 Gladium
1102 1036 1248 1092 enim
1279 1052 1380 1108 ego
1428 1051 1564 1091 voco
1593 1051 1762 1106 super
1798 1051 1919 1091 om-

345 1143 445 1182 nes
479 1127 812 1182 habitatores
848 1138 1026 1194 terrze,
1052 1128 1187 1182 dicit
1213 1128 1474 1182 Dominus
1495 1129 1860 1182 exercituum.
1890 1145 1908 1178 ι

349 1225 459 1276 Ista
486 1231 570 1276 est
603 1221 756 1290 potio
779 1221 1173 1282 meracissima,
1202 1220 1306 1274 iste
1330 1221 1472 1274 calix
1509 1219 1711 1274 furoris
1742 1217 1925 1273 Domi~

348 1320 426 1380 ni,
453 1314 545 1386 qui
576 1330 686 1369 non
713 1329 877 1383 super
908 1313 1078 1368 solam
1116 1311 1446 1378 Jerusalem,
1476 1315 1571 1369 sed
1605 1327 1770 1382 super
1802 1327 1922 1366 om-

348 1425 470 1462 nem
499 1417 726 1462 vocatur
763 1415 991 1470 terram,
1021 1416 1079 1459 et
1121 1415 1347 1461 cunctas
1381 1406 1434 1460 in
1470 1406 1702 1460 circuitu
1750 1406 1926 1458 natio-

348 1515 467 1554 nes.
518 1498 594 1552 De
633 1513 744 1567 quo
779 1512 940 1566 supra
990 1498 1239 1552 dixerat:
1282 1496 1347 1550 Et
1383 1499 1596 1551 mittam
1627 1497 1696 1550 ad
1729 1495 1923 1550 Nabu-

346 1593 680 1645 chodonosor
712 1606 880 1660 regem
919 1589 1209 1658 Babylonis
1254 1605 1464 1644 servum
1494 1606 1690 1653 meum,
1729 1600 1778 1643 et
1823 1590 1924 1642 ad-

345 1683 538 1736 ducam
560 1698 680 1736 eum
714 1696 870 1749 super
897 1691 1094 1736 terram
1121 1681 1307 1745 istam,
1341 1690 1391 1735 et
1422 1697 1578 1747 super
1604 1682 1925 1734 habitatores
1960 1706 2000 1758 Β

347 1775 484 1844 ejus,
515 1783 563 1829 et
601 1788 756 1842 super
785 1789 964 1828 omnes
993 1773 1232 1827 nationes
1260 1789 1376 1842 qua:
1433 1773 1489 1827 in
1527 1773 1748 1829 circuitu
1775 1773 1924 1826 illius

345 1879 492 1923 sunt.

426 2004 603 2074 (Vers.
635 2002 730 2068 '50,
754 2001 872 2069 5i.)
901 2019 919 2053 ι
948 1999 1015 2053 Ει
1048 2009 1101 2055 ιιι
1135 1998 1487 2069 prophetabis
1521 1998 1589 2053 ad
1624 2012 1718 2053 eos
1746 1999 1928 2052 omnia

350 2099 519 2151 verba
549 2095 685 2158 haec,
717 2103 770 2149 et
796 2095 946 2148 dices
977 2093 1042 2146 ad
1084 2093 1206 2147 illos
1239 2109 1254 2146 :
1296 2090 1556 2146 Dominus
1601 2091 1669 2145 de
1713 2091 1931 2146 excelso

354 2190 532 2259 rugiet
556 2188 684 2258 (sive
711 2201 1016 2254 responsum
1037 2185 1235 2252 dabit),
1252 2186 1389 2238 etde
1414 2184 1722 2238 liabitaculo
1744 2193 1932 2236 sancto

349 2296 453 2335 suo
483 2279 634 2334 dabit
661 2293 848 2333 vocem
875 2292 1049 2330 suam.
1083 2275 1322 2345 Rngiens
1362 2276 1541 2342 rugiet
1576 2288 1741 2344 super
1769 2273 1930 2327 deco-

354 2391 470 2429 rem
501 2389 657 2428 suum
680 2374 805 2441 (sive
835 2371 1365 2441 respondebitsuper
1387 2369 1560 2424 locum
1585 2367 1791 2437 suum),
1828 2383 1934 2422 ce-

355 2466 532 2519 leuma
558 2466 710 2535 quasi
736 2464 1063 2519 calcantium
1088 2462 1406 2518 concinetur
1432 2461 1721 2516 adversum
1745 2476 1935 2515 omnes

357 2559 690 2613 habitatores
725 2565 904 2612 terrae.
940 2555 1187 2610 Pervenit
1247 2554 1460 2610 sonitus
1491 2555 1619 2624 (sive
1654 2552 1933 2622 interitus)

358 2665 536 2718 usque
554 2650 620 2703 ad
658 2659 900 2702 extrema
934 2648 1066 2719 (sive
1115 2661 1282 2716 super
1313 2649 1550 2715 partem)
1581 2657 1738 2701 terrre
1767 2665 1780 2701 :
1810 2645 1935 2714 quia

354 2741 618 2810 judicium
655 2739 881 2795 Domino
911 2753 1034 2792 cum
1065 2739 1316 2807 gentibus
1337 2753 1352 2791 :
1374 2737 1650 2806 judicatur
1671 2736 1786 2806 ipse
1812 2751 1934 2791 cum

358 2833 507 2886 onmi
559 2847 768 2887 carne:
805 2832 1006 2900 impios
1064 2829 1258 2884 tradidi
1312 2827 1419 2902 [ΑΙ.
1460 2827 1711 2900 tradidit]
1740 2829 1935 2898 gladio,

359 2924 493 2978 dicit
520 2921 800 2977 Dominus.
832 2939 852 2974 ι
889 2921 1128 2974 Primum
1172 2919 1419 2974 dicamus
1467 2929 1525 2973 ut
1556 2934 1616 2974 se
1660 2922 1935 2987 interpre-

363 3015 586 3070 tationis
641 3014 842 3069 veritas
899 3012 1085 3066 habet.
1126 3011 1374 3076 Cunctis,
1433 3011 1629 3080 inquit,
1680 3010 1930 3080 gentibus

2021 443 2222 496 dieiuni
2257 441 2469 496 Domini
2507 457 2632 496 cum
2669 441 2922 508 gentibus
2957 452 3060 502 est.
3094 451 3224 496 sunt
3271 453 3326 498 et
3352 446 3596 514 gentium

2023 537 2218 589 merita
2272 535 2512 590 diversa.
2545 533 2627 588 Ad
2684 534 3062 602 exponendum
3114 534 3265 589 illum
3303 535 3508 604 locum,
3536 546 3594 594 ut

2023 627 2240 696 quidam
2279 627 2517 682 volunt:
2568 624 2674 690 Qui
2717 640 2820 679 non
2855 625 3040 690 credit,
3053 627 3175 697 jam
3215 626 3483 690 iudicatus
3531 640 3606 682 cst

2022 718 2209 788 (Joan.
2246 734 2329 780 ιιι,
2371 718 2481 789 18).
2518 716 2806 772 Judicatus
2845 719 3063 786 quidem
3114 719 3283 774 estin
3345 734 3412 774 eo
3453 722 3600 789 quod

2026 827 2131 866 non
2194 809 2470 876 credidit;
2501 811 2595 864 sed
2651 809 2754 880 ipsi
2789 811 2881 879 qui
2935 826 3042 865 non
3085 811 3321 867 credunt
3347 812 3488 867 inter
3520 827 3600 874 se.

2025 902 2258 959 diversis
2289 901 2588 956 adicientur
2617 901 2923 970 suppliciis.
2979 902 3266 959 iudicatur
3312 905 3425 972 ipse
3475 919 3601 959 cum

2025 996 2176 1048 omni
2242 1008 2431 1059 carne,
2465 1003 2525 1048 ut
2594 992 2781 1048 nullus
2820 993 3154 1062 injudicatus
3192 995 3372 1050 abeat.
3400 995 3604 1066 impios

2025 1094 2227 1150 autem,
2261 1085 2366 1137 hoc
2393 1093 2497 1149 cst,
2533 1083 2625 1154 qui
2651 1083 2884 1138 Domino
2917 1084 3024 1156 [ΑΙ.
3059 1086 3112 1140 in
3134 1085 3326 1159 Deum]
3358 1103 3460 1141 non
3486 1103 3608 1142 cre—

2027 1176 2190 1238 dunt,
2220 1175 2389 1229 tradit
2413 1175 2594 1245 gladio
2621 1175 2973 1245 sempiterno.
3006 1176 3299 1244 Allegorici
3329 1178 3605 1248 interpre-

2029 1277 2110 1322 tes
2137 1267 2291 1336 juxta
2343 1265 2486 1322 LXX
2548 1266 2693 1321 hunc
2735 1268 2916 1322 locum
2949 1268 3027 1322 sic
3075 1268 3407 1337 edisserunt,
3438 1279 3494 1323 ut
3539 1272 3605 1323 ad

2028 1363 2226 1416 bonam
2250 1369 2455 1430 partem
2488 1359 2730 1416 referant
2766 1369 3012 1429 apertam
3051 1360 3266 1416 Domini
3304 1365 3604 1416 commina-

2028 1457 2253 1508 ticnem.
2292 1453 2576 1518 Dominus,
2617 1453 2895 1523 inquiunt,
2925 1454 2990 1508 de
3035 1454 3252 1508 excelso
3281 1469 3604 1524 responsum

2030 1546 2196 1610 dabit,
2234 1547 2319 1602 his
2351 1546 2602 1602 videlicet
2637 1561 2773 1615 quos
2807 1546 3119 1601 salvatnrus
3154 1558 3256 1601 est.
3284 1547 3351 1601 Et
3383 1547 3452 1602 de
3485 1548 3606 1602 loco

2029 1648 2217 1694 sancto
2248 1653 2350 1693 suo
2375 1638 2540 1693 dabit
2569 1653 2754 1693 vocem
2787 1653 2966 1704 suam,
2997 1639 3452 1709 rcspondeliitque
3490 1655 3605 1694 ser-

2032 1747 2249 1786 nionem
2285 1730 2341 1784 in
2375 1731 2498 1784 loco
2524 1744 2644 1784 suo.
2691 1729 2772 1784 Illi
2808 1741 2988 1785 autem
3017 1733 3172 1800 quasi
3210 1730 3610 1785 vindeniiantes

2030 1823 2172 1891 pleni
2201 1821 2493 1886 fructibus,
2518 1821 2664 1876 illius
2716 1823 3003 1876 sententia:
3039 1823 3438 1891 respondebunt
3467 1839 3481 1875 :
3511 1822 3614 1877 Su-

2032 1929 2130 1982 per
2159 1928 2351 1968 omnes
2395 1913 2728 1968 habitatores
2767 1922 2927 1967 terra:
2958 1913 3136 1968 veniet
3179 1913 3434 1968 interitus
3461 1927 3477 1966 :
3503 1929 3607 1967 non

2033 2021 2198 2076 super
2232 2007 2545 2060 universam
2581 2014 2811 2070 terram,
2846 2007 2942 2059 sed
2979 2019 3142 2074 super
3184 2015 3393 2075 partem
3427 2014 3608 2068 terrae,

2032 2116 2222 2155 eorum
2245 2099 2497 2154 videlicet
2540 2101 2632 2169 qui
2667 2115 2772 2154 non
2827 2094 3081 2152 credunt.
3113 2096 3387 2152 Judieium
3423 2098 3529 2152 erit
3559 2097 3612 2150 in

2035 2193 2314 2262 gentibus,
2341 2193 2532 2261 etipse
2561 2190 3040 2261 jndicabiturcum
3074 2190 3223 2243 omni
3245 2205 3430 2245 carne.
3459 2190 3613 2260 impii

2036 2293 2215 2336 autem
2255 2283 2542 2337 tradentur
2579 2282 2782 2352 gladio.

2108 2371 2287 2441 (Vers.
2320 2373 2410 2440 52,
2439 2374 2560 2438 ‘55.)
2591 2390 2610 2423 ‹
2636 2371 2760 2427 Ηειε
2791 2372 2924 2427 dicit
2959 2363 3218 2427 Domitius
3251 2370 3610 2426 exercituum:

2039 2465 2180 2520 Ecce
2210 2464 2431 2518 afﬂictio
2486 2465 2617 2534 (sive
2648 2463 2873 2534 malum)
2918 2464 3231 2533 egredietur
3259 2464 3322 2515 de
3353 2470 3510 2531 gente
3561 2463 3614 2515 in

2038 2565 2275 2626 gentem,
2295 2566 2348 2609 et
2366 2556 2522 2610 turbo
2550 2568 2778 2624 magnus
2809 2556 2938 2624 (sive
2963 2555 3283 2622 tempestas)
3304 2555 3616 2623 egredietur

2042 2666 2070 2702 a
2104 2648 2513 2703 summitatibus
2547 2649 2674 2718 (sive
2705 2647 2984 2714 extremis)
3016 2657 3202 2701 terra.
3235 2646 3302 2699 Et
3331 2655 3492 2700 erunt
3531 2647 3615 2700 in-

2041 2739 2257 2794 terfecti
2313 2739 2527 2794 Domini
2585 2741 2710 2809 (sive
2757 2739 3025 2794 vulnerati
3068 2753 3096 2791 ο
3131 2737 3379 2808 Domino)
3420 2739 3472 2793 in
3527 2739 3613 2792 die

2043 2831 2130 2884 illa
2163 2846 2190 2883 a
2227 2845 2443 2885 summo
2476 2840 2632 2884 terra;
2664 2845 2837 2900 usque
2869 2831 2934 2884 ad
2994 2845 3269 2884 summum
3324 2829 3466 2900 ejus.
3500 2828 3615 2884 Non

2045 2923 2405 2992 piangentur:
2443 2932 2497 2977 et
2524 2937 2630 2976 non
2654 2923 3002 2991 colligentur,
3051 2937 3226 2992 neque
3253 2923 3615 2988 sepeliantur:

2042 3017 2095 3068 in
2149 3015 2552 3084 sterquilinium
2616 3029 2780 3083 super
2835 3015 3030 3070 faciem
3078 3024 3238 3070 terra:
3271 3016 3546 3084 jacebunt.
3592 3036 3610 3066 ι

365 3107 738 3178 prophetabis,
762 3113 818 3160 et
847 3106 995 3159 dices
1021 3103 1167 3173 quod
1201 3101 1466 3157 Dominus
1504 3079 1570 3156 de
1593 3079 1812 3158 excelso
1845 3117 1936 3154 ru-
1961 3079 2005 3135 θ
2044 3107 2253 3176 ιο23
2284 3079 2640 3162 -Ειιιώθδοιιιιι
2670 3079 2763 3177 qui
2823 3108 2926 3162 vim
2971 3079 3499 3179 Scriptum-sancire
3537 3107 3619 3162 fa-

359 3203 493 3270 giat,
523 3201 627 3254 hoc
659 3207 762 3263 est,
803 3197 897 3253 det
937 3199 1022 3252 sui
1055 3195 1254 3251 furoris
1304 3195 1560 3249 indicium
1582 3211 1598 3257 ;
1621 3191 1769 3260 juxta
1804 3193 1934 3267 illud

360 3295 506 3364 quod
539 3292 802 3360 scriptum
833 3301 916 3344 est
944 3307 960 3345 :
989 3289 1091 3343 Leo
1122 3289 1314 3357 rugiet,
1342 3294 1392 3340 et
1427 3286 1638 3354 1022
1683 3286 1799 3354 quis
1831 3301 1935 3338 non

363 3380 605 3435 timebit?
643 3380 900 3433 Dominus
928 3379 1134 3431 locutus
1166 3386 1266 3439 est.
1299 3385 1348 3429 et
1383 3377 1497 3445 quis
1531 3390 1632 3427 non
1655 3375 1934 3443 prop/teta-

362 3473 434 3524 bit
463 3473 645 3542 (Amos
675 3485 758 3532 tu,
783 3468 865 3538 8)?
901 3467 961 3521 Et
997 3467 1064 3521 de
1095 3465 1404 3520 habitaculo
1427 3473 1616 3519 sancto
1651 3479 1750 3517 suo
1786 3463 1934 3517 dabit

363 3577 552 3615 vocem
596 3576 772 3622 suam,
801 3568 858 3612 ut
913 3568 1139 3613 cunctos
1170 3563 1379 3611 terreat
1407 3555 1710 3610 audientes.
1738 3553 1936 3621 Rugiet

361 3663 542 3708 autem
587 3665 749 3719 super
801 3653 1053 3706 decorem
1081 3648 1404 3711 suum,.hoc
1458 3657 1561 3713 est,
1586 3661 1748 3715 super
1798 3656 1933 3699 tem-

362 3745 534 3813 plum.
557 3743 801 3812 Cumque
831 3741 920 3795 ille
947 3740 1174 3809 rngierit
1197 3740 1368 3793 instar
1389 3737 1719 3792 calcantium
1743 3737 1792 3789 in
1824 3745 1934 3790 tor-

360 3837 639 3891 cularibus
697 3833 937 3889 celeuma
991 3834 1008 3864 ί
1071 3832 1401 3895 cantabitur,
1457 3839 1510 3886 et
1561 3831 1613 3883 in
1667 3827 1936 3883 infusione

361 3930 647 4000 sanguinis
679 3927 846 3980 mutui
880 3925 992 3998 (Al.
1027 3923 1262 3994 mutuo],
1289 3939 1509 3978 carnem
1538 3925 1763 3991 lugubre
1803 3937 1930 3976 eon-

359 4026 573 4080 cinetur
631 4022 775 4090 quod
845 4019 1225 4088 Symmachus,
1304 4015 1675 4085 xaedlnvuz;
1713 4015 1930 4083 Aquila,

361 4114 565 4183 ἰασμὺν
597 4116 617 4144 ’
643 4121 820 4167 vocat.
855 4110 1022 4179 Cujus
1045 4109 1360 4163 celeumatis
1381 4117 1435 4161 et
1493 4107 1752 4161 carminis
1783 4105 1934 4160 soni-

361 4217 451 4263 tus
485 4222 659 4278 usque
697 4208 764 4262 ad
794 4217 952 4260 terrm
982 4214 1224 4258 extrema
1282 4201 1584 4272 perveniet,
1624 4203 1748 4269 quia
1789 4200 1934 4269 judi-

2039 3213 2162 3252 cere
2196 3209 2483 3263 conantur,
2527 3199 2579 3253 in
2615 3199 2811 3254 bonam
2871 3210 3077 3270 partem
3116 3216 3178 3255 ea
3212 3216 3330 3270 quae
3389 3203 3617 3259 comini-

2041 3288 2278 3343 nationis
2350 3290 2509 3357 plena
2567 3298 2713 3353 sunt,
2775 3289 3130 3345 disserentes.
3189 3291 3262 3345 De
3297 3292 3401 3347 hoc
3432 3304 3613 3347 autem

2044 3382 2167 3436 loco
2200 3394 2332 3450 puto
2367 3383 2572 3435 dixisse
2602 3391 2656 3435 et
2691 3382 2976 3436 Dciuinum
3007 3398 3022 3437 :
3053 3383 3340 3453 Consurch
3364 3403 3486 3454 gens
3523 3391 3622 3439 atl-

2039 3488 2214 3526 t-ersus
2239 3483 2462 3542 gentem,
2497 3482 2544 3526 et
2581 3489 2800 3542 regnum
2829 3483 3016 3527 contra
3050 3491 3268 3544 regnum
3307 3475 3460 3542 (Luc.
3491 3494 3608 3538 χιι.

2039 3564 2154 3633 10);
2190 3573 2241 3618 et
2274 3573 2470 3618 cratera
2523 3581 2648 3634 qua:
2693 3567 2744 3619 in
2793 3566 2964 3632 ipsius
3012 3564 3288 3636 Evangelii
3339 3569 3610 3625 sententia

2037 3656 2406 3709 continentur.
2467 3656 2834 3723 Intelligamus
2893 3667 3071 3711 autem
3134 3657 3248 3712 haec
3302 3657 3412 3730 [ΑΙ.
3471 3659 3612 3730 ipsa]

2039 3748 2180 3801 facta
2239 3748 2392 3818 juxta
2455 3749 2762 3812 historiam,
2816 3749 3035 3816 quando
3094 3765 3121 3803 a
3156 3766 3282 3820 rege
3310 3750 3614 3822 Babylonio

2037 3849 2243 3893 cuncta:
2299 3842 2550 3894 nationes
2599 3841 2652 3892 in
2704 3841 2939 3894 circuitu
2996 3842 3295 3911 subjugalaz
3338 3856 3494 3898 sunt:
3559 3857 3614 3899 et

2037 3927 2325 3996 imperium
2357 3928 2477 3998 ejus
2505 3944 2724 3983 sensere
2761 3930 3005 3984 crudele.
3057 3929 3151 3984 Vel
3182 3932 3340 4000 juxta
3374 3935 3612 4002 prophe-

2041 4018 2171 4071 tiam
2207 4017 2365 4087 longo
2399 4029 2521 4086 post
2549 4027 2789 4087 tempore
2832 4019 2886 4072 in
2916 4021 3388 4075 constrmmatione
3423 4022 3607 4076 mundi

2040 4112 2244 4165 futura.
2277 4111 2650 4181 Dicunturque
2682 4111 2964 4166 interfecti
3002 4128 3029 4164 a
3059 4112 3306 4178 Domino,
3338 4129 3442 4168 non
3466 4115 3610 4184 quod

2040 4201 2304 4256 Dominus
2372 4202 2488 4272 ipse
2570 4203 2884 4271 percutiat:
2949 4205 3217 4272 sedquod
3274 4206 3328 4259 ιιι
3389 4206 3610 4262 itiletitu

431 4414 450 4445 ¹
477 4411 680 4465 Malunt
723 4411 811 4464 alii
835 4409 1121 4480 celeusma,
1150 4400 1240 4460 sed
1288 4414 1342 4460 et
1374 4405 1608 4480 celemna
1648 4405 1787 4480 bene
1817 4418 1922 4459 ρει.
1958 4414 2002 4467 ῐ)
2033 4425 2214 4461 canere
2245 4373 2470 4462 verbum
2501 4408 2807 4480 significet.
2839 4408 3054 4476 Ὶασμδς
3081 4409 3265 4480 itaque
3292 4420 3375 4464 est
3407 4420 3604 4465 cantus

359 4485 595 4537 Rutilius
627 4482 720 4535 lib.
759 4497 796 4542 I,
849 4477 984 4532 Dum
1047 4485 1256 4532 resonat
1318 4477 1480 4529 variis
1531 4476 1631 4528 vile
1687 4475 1926 4528 celeuma

361 4554 553 4614 modis,
573 4562 628 4606 et
649 4560 733 4607 est
758 4549 946 4602 Graece
961 4549 1225 4616 κέλευμα,
1261 4560 1358 4611 pro
1390 4546 1691 4612 κέλευσμα.
1721 4544 1925 4599 Notum

358 4629 441 4677 sic
473 4623 728 4690 appellari
762 4629 1004 4690 cantum,
1042 4621 1137 4690 qui
1170 4630 1364 4690 magno
1379 4618 1632 4690 Aclamore
1665 4616 1926 4690 effereba-

361 4685 715 4746 tnrf'unde
780 4685 1075 4752 Macarius,
1128 4688 1312 4742 bomil.
1372 4685 1403 4736 6
1453 4700 1570 4750 eos,
1627 4685 1716 4750 qui
1785 4686 1928 4739 inter

359 4762 690 4830 precandum
721 4758 1114 4830 vociferantur,
1149 4755 1408 4830 celeustis
1453 4767 1800 4830 cotttparans,
1830 4757 1926 4830 ‘Oi

359 4825 492 4903 λίὰρ,
525 4829 1029 4903 ἱιιᾳυνὶιηκρριυζαῖς
1083 4827 1415 4903 κξχρῃμένρι
1453 4825 1772 4903 κελευςὶταῖς
1825 4826 1930 4903 ξρε-

358 4893 515 4955 ὲαὲέ.
549 4893 872 4954 ιιιἈ‹έιίς’8.
907 4893 1433 4964 ϐεηονθῐάένιιεςίη.
1470 4908 1592 4962 cap.
1636 4893 1665 4944 7
1702 4909 1717 4948 :
1779 4912 1798 4944 ι
1831 4895 1930 4948 Pa-

360 4985 602 5040 riterque
629 4983 821 5040 omnes
849 4982 973 5021 cum
1006 4981 1071 5020 eo
1095 4965 1399 5040 in_modu_tu
1435 4966 1695 5040 celeuma:
1723 4966 1929 5040 _conci-

361 5035 575 5104 nentes,
611 5039 1109 5109 magnificaverunt-
1145 5037 1312 5089 Deum
1343 5037 1396 5088 in
1448 5035 1644 5090 caelum
1688 5035 1929 5089 clamore

356 5116 624 5164 sublato.)

430 5183 450 5210 ²
484 5182 622 5246 Quid
651 5178 743 5241 sit,
790 5179 964 5249 inquit
1002 5177 1455 5249 Montfanconius,
1513 5175 1730 5244 ἰασμὺς,
1758 5174 1928 5249 expli-
1975 5193 1981 5198 τ

357 5245 523 5306 catur
573 5264 636 5304 ex
700 5245 1156 5320 interpretatione
1208 5248 1351 5318 Syri,
1383 5245 1585 5301 Jeretn.
1620 5259 1805 5310 xuttt,
1834 5245 1924 5309 55,

359 5325 450 5374 nni
487 5325 601 5373 haec
633 5320 896 5372 Hebraica
926 5322 1115 5383 Verba,

357 5411 439 5446 su;
470 5407 501 5444 a
537 5393 673 5459 Syro
707 5393 1000 5456 interprete
1037 5392 1350 5453 redduntur,
1387 5385 1663 5459 elixi-sici
1696 5383 1928 5459 liquefa-

361 5453 593 5523 ςνύντεξ
643 5453 926 5511 κελεὺοὖσι
981 5459 1230 5526 λέγοντες
1285 5458 1359 5519 ἴα,
1423 5458 1496 5517 ἴα,
1551 5456 1601 5507 id
1654 5453 1758 5519 est,
1810 5453 1928 5526 Non

363 5534 595 5596 miti-lius
625 5531 893 5582 calcantes
916 5530 969 5582 in
995 5524 1464 5594 torcularijnbent
1491 5526 1717 5578 dicentes
1741 5527 1818 5585 ia,
1850 5524 1927 5586 ia,

361 5603 707 5655 lieddidcrim
733 5615 850 5668 ego,
871 5598 1401 5652 cantabttntdicentes
1425 5599 1499 5661 ia,
1531 5599 1617 5648 ia:
1653 5608 1710 5649 ut
1741 5609 1929 5668 quem-

352 5672 651 5727 admodum
723 5664 916 5724 nomen
989 5670 1232 5736 κέλευμα
1286 5677 1525 5734 cantant,
1589 5668 1660 5721 ita
1722 5664 1928 5718 κῖὶεύω

797 5764 1048 5823 ΡΑΤιιοι.
1113 5759 1341 5821 XXlV.

2028 4479 2371 4546 jubilationis
2403 4493 2468 4532 ex
2507 4477 2741 4532 vocibus
2793 4479 2869 4541 ia,
2930 4480 3008 4539 ia,
3043 4481 3135 4548 qtti
3171 4477 3432 4535 solemnis
3491 4493 3611 4534 erat

2031 4548 2369 4602 calcantibus
2395 4550 2444 4600 in
2474 4548 2755 4612 torculari,
2789 4563 3101 4615 expressus.
3131 4549 3397 4605 Caeterum
3432 4559 3604 4604 totum

2032 4618 2173 4671 hunc
2237 4617 2549 4686 Hieronymi
2596 4617 2819 4688 locum,
2876 4618 2973 4685 qui
3031 4629 3087 4673 et
3140 4637 3335 4688 magno
3407 4620 3606 4688 Drusio

2030 4696 2316 4754 suspectus
2347 4689 2412 4741 de
2446 4687 2642 4741 mendo
2673 4687 2799 4740 olim
2843 4688 2962 4752 fuit,
2994 4687 3247 4743 emendat
3276 4687 3606 4742 Lambertus

2033 4755 2137 4810 Bos
2205 4758 2340 4810 satis
2407 4757 2618 4811 erudite
2672 4773 2735 4810 ex
2765 4759 3007 4826 ingenio.
3041 4757 3282 4810 Primum
3313 4773 3410 4824 pro
3438 4761 3607 4809 κατά-

2031 4828 2241 4894 ληγμα,
2273 4825 2487 4895 reponit
2521 4825 2851 4895 κατάλεγμά
2887 4843 2982 4894 per
3005 4845 3051 4889 ε,
3081 4827 3224 4893 quod
3261 4842 3479 4879 carmen
3516 4829 3602 4879 lu-

2029 4897 2192 4963 gubre
2275 4896 2546 4965 significat
2619 4897 2726 4948 ἀπὸ
2779 4896 2874 4948 τοῦ
2966 4897 3394 4962 καταλέγεσθαι,
3455 4899 3600 4964 quod

2033 4966 2338 5035 Hesychius
2369 4967 2594 5036 exponit
2639 4966 2934 5035 ὀδύρεσθαι
2975 4966 3071 5036 τὸν
3101 4967 3397 5031 τεθνεῶτα,
3437 4975 3602 5032 atque

2033 5039 2102 5089 ita
2141 5049 2287 5089 recte
2321 5035 2516 5100 legitur
2553 5039 2668 5088 haec
2701 5052 2800 5087 vox
2847 5037 2986 5102 apud
3027 5035 3317 5104 Origenem
3359 5038 3425 5089 ad
3469 5037 3605 5091 Eze-

2031 5106 2221 5159 chielis
2247 5121 2324 5171 XI,
2362 5105 2450 5171 10,
2485 5105 2570 5158 ubi
2599 5104 2739 5166 LXX
2772 5105 2971 5171 Θρῆνος
3010 5107 3104 5157 καὶ
3138 5106 3301 5175 μέλος
3326 5110 3420 5158 καὶ
3453 5107 3598 5170 οὐαὶ,

2031 5176 2602 5247 (intret_Symmacbum
2653 5175 3002 5247 transtulisse
3037 5178 3223 5247 Θρῆνοι
3258 5179 3353 5230 καὶ
3385 5176 3601 5231 KATA-

2029 5245 2261 5299 AEFMA
2298 5247 2391 5298 καὶ
2426 5248 2588 5314 μέλος
2620 5245 2904 5297 πενθικόν.
2969 5244 3085 5300 Pro
3130 5244 3439 5315 posteriore
3474 5262 3600 5300 vero

2035 5317 2230 5382 ἰασμὸς
2280 5317 2381 5381 legi
2417 5317 2533 5367 vult
2583 5316 2839 5383 αῖαςμδς,
2891 5319 3034 5384 quod
3068 5318 3232 5371 etiam
3263 5318 3603 5369 lamentatio-

2031 5401 2148 5435 nem
2201 5397 2244 5436 et
2277 5385 2552 5454 lugubrem
2583 5395 2798 5436 cantum
2833 5386 3146 5453 significat,
3185 5389 3291 5438 ἀπὸ
3339 5386 3432 5436 τοῦ
3473 5388 3597 5438 αἰά-

2030 5455 2164 5526 ζειν,
2196 5455 2496 5519 lamentari,
2525 5461 2664 5523 quod
2702 5458 2767 5506 ab
2803 5456 2858 5506 αῖ
2891 5455 3032 5526 (lien)
3088 5458 3388 5510 deducitur.
3421 5457 3598 5522 Atque

2033 5529 2104 5577 ita
2131 5525 2250 5576 dine
2283 5540 2439 5577 voces
2469 5535 2767 5591 corruptze,
2820 5525 2938 5592 qua:
2974 5529 3136 5580 etiam
3179 5528 3350 5578 lexiva
3389 5543 3451 5579 ex
3488 5541 3598 5578 uno

2033 5593 2490 5673 hoe'llteronymi
2518 5595 2831 5650 teetintonio
2863 5608 3243 5664 pervaserttnt,
3299 5597 3598 5665 integritati

2031 5676 2409 5719 restituuntur.
3230 5717 3234 5719 ἓ
3420 5684 3425 5689 .

3217 5757 3292 5817 28
