3966 6176
465 249 576 320 875

1647 250 1707 310 S.
1749 249 2054 310 EUSEBII
2116 249 2411 308 lllEllON
2425 250 2560 308 YMl

3623 253 3730 317 876

467 366 851 438 pessimorum,
915 365 1164 420 voluntas
1197 373 1252 420 et
1279 363 1566 434 Imperium
1625 363 1835 418 Domini
1873 375 2036 415 com-
2073 382 2112 434 Α
2145 362 2239 415 ira:
2271 361 2286 392 ¹
2320 360 2524 416 luroris
2554 363 2785 416 Domini.
2831 382 2849 414 ι
2895 362 3159 418 Dominus
3189 365 3254 418 dc
3290 379 3400 434 quo
3445 381 3608 436 supra
3644 369 3727 422 di.

464 460 699 527 pleatur.

537 553 710 620 (γυνθ.
755 551 842 615 ὅιὶ,
866 550 980 622 55.)
1016 567 1038 604 s
1070 548 1282 605 Ululate
1317 551 1444 620 (sive
1481 549 1726 620 jubilatc)
1766 563 2033 620 pastores,

463 657 511 699 et
545 648 800 709 clamate,
839 657 892 697 et
927 646 1195 714 aspergite
1226 660 1320 700 vos
1348 646 1529 698 cinere
1568 654 1865 713 eptimates
1895 665 2032 717 gre-

462 738 543 806 gis
605 738 729 804 (sive
774 735 1014 804 plangite
1047 737 1246 790 arietes
1277 738 1487 805 ovium)
1546 757 1559 791 :
1600 742 1723 807 quia
1783 742 2034 804 completi

463 841 588 884 sunt
637 832 748 884 dies
804 831 963 885 vestri
996 841 1050 886 ut
1083 831 1514 897 interliciamini,
1565 845 1618 887 et
1649 835 2034 904 dissipationcs

467 935 679 986 vestrae,
743 932 795 977 ct
831 923 1042 977 cadetis
1072 923 1228 990 quasi
1269 939 1394 977 vasa
1432 926 1664 993 pretiosa
1701 927 1828 991 (sive
1879 930 2031 994 quasi

462 1015 661 1068 arietes
699 1013 906 1080 electi).
939 1012 1002 1067 Et
1034 1013 1233 1081 peribit
1265 1015 1384 1080 luga
1417 1030 1445 1066 a
1479 1016 1808 1082 pastoribus,
1845 1030 1898 1068 et
1923 1015 2033 1069 salo

464 1107 604 1160 vatio
685 1105 754 1159 ab
803 1104 1157 1172 cptimatibus
1217 1108 1342 1172 (sive
1409 1106 1692 1174 arietibus)
1761 1110 1964 1177 gregis.
2007 1127 2026 1158 ι

461 1196 767 1250 Notandum
799 1197 940 1265 quod
975 1199 1027 1250 in
1070 1199 1172 1252 hoc
1217 1207 1419 1250 tantum
1449 1199 1569 1254 loco
1613 1198 1750 1252 LXX
1792 1200 2026 1268 jubilum

467 1292 518 1342 in
584 1290 777 1344 malam
833 1299 1037 1355 partem
1100 1292 1383 1358 posuerint
1419 1308 1432 1344 :
1475 1305 1573 1360 pro
1601 1291 1820 1358 quoalii
1861 1293 2030 1345 inter~

461 1395 643 1449 prctes
678 1382 939 1437 ululatum
975 1384 1054 1448 (ut
1087 1385 1136 1436 in
1167 1381 1397 1436 llebra-o
1423 1384 1688 1452 scriptum
1720 1385 1824 1452 est)
1849 1393 2028 1437 trans-

456 1474 652 1528 tulere.
708 1474 854 1527 Inter
915 1484 1162 1542 pastores
1221 1484 1275 1527 et
1329 1473 1550 1536 arietes,
1577 1477 1692 1527 sive
1743 1475 2032 1542 optimates

462 1565 663 1633 gregis,
691 1565 793 1618 ista
819 1564 1078 1619 distantia
1106 1574 1208 1628 est,
1238 1565 1381 1635 quod
1409 1575 1654 1634 pastores
1682 1566 2028 1619 rationalium

459 1667 617 1722 sunt;
652 1656 857 1710 arietes
888 1666 1145 1711 autemet
1195 1656 1483 1724 Optimates
1513 1655 1820 1711 referuntur
1855 1657 1920 1710 ad
1953 1659 2030 1710 di-

2143 468 2292 505 xerat
2317 470 2330 506 :
2375 454 2447 506 De
2475 454 2676 506 excelso
2703 456 2890 523 rugict,
2922 466 2969 508 et
3001 459 3064 509 de
3092 457 3393 510 habitacula
3419 468 3604 512 sancto
3632 476 3727 512 suo

2138 549 2280 600 dabit
2308 547 2497 600 'vocem
2531 565 2702 602 suout.
2773 547 3000 617 Rugiens
3056 552 3224 619 rugiet
3272 567 3428 620 super
3475 554 3711 606 decorem

2137 655 2313 703 suum,
2370 641 2478 707 ipse
2527 642 2787 709 relinquet
2842 643 3240 695 tabernaculum
3279 660 3457 708 suum,
3508 644 3577 698 de
3608 660 3713 714 quo

2138 729 2402 798 scriptum
2449 742 2567 786 est:
2629 732 2829 784 Factus
2857 745 2931 785 est
2959 735 3011 786 in
3065 750 3214 800 pace,
3258 735 3372 788 sive
3423 737 3476 787 in
3511 735 3716 802 Salem,

2139 821 2286 874 locus
2312 823 2426 890 ejus
2452 839 2469 876 :
2499 835 2545 876 et
2571 825 2828 879 habitatio
2855 825 2969 893 ejus
2994 827 3044 878 in
3077 824 3204 879 Sion
3231 823 3405 896 (I’sal.
3438 842 3605 893 uxv,
3627 828 3714 898 5):

2140 921 2254 988 ipse
2297 920 2563 986 relinquet
2590 920 2774 972 sedem
2805 934 2982 983 suam,
3015 928 3070 971 et
3111 918 3409 985 complebit
3432 919 3576 986 quod
3623 935 3718 986 per

2137 1015 2385 1066 eumdem
2423 1015 2564 1064 hunc
2611 1013 2923 1078 prophetam
2976 1011 3190 1064 locutus
3229 1019 3350 1064 est:
3388 1009 3579 1062 Dimisi
3620 1012 3719 1063 do-

2140 1123 2276 1158 mum
2328 1118 2520 1165 meam,
2561 1101 2819 1168 dereliqui
2859 1101 3220 1154 hwreditatem
3283 1117 3450 1154 meam
3493 1099 3713 1169 (Jerem.

2141 1213 2238 1263 itit,
2299 1196 2379 1264 7).
2432 1193 2674 1262 Reliquit
2697 1206 2879 1246 autem
2910 1192 3069 1261 quasi
3103 1193 3187 1244 leo
3219 1192 3398 1246 cubile
3423 1207 3607 1255 suum,
3660 1203 3717 1245 ut

2137 1303 2328 1346 OIIHICS
2365 1287 2577 1350 bestiaz,
2641 1285 2887 1340 vastandi
2935 1293 3137 1338 terram
3174 1286 3291 1353 ejus
3326 1284 3562 1338 habeant
3617 1299 3716 1354 po.

2137 1360 2406 1438 te‘statem.
2471 1378 2653 1434 Leone
2683 1379 2827 1432 enim
2875 1380 3098 1432 custode
3125 1387 3179 1431 et
3231 1378 3483 1446 pra-side,
3531 1379 3713 1434 nullus

2135 1475 2476 1527 aii-eamdem
2513 1472 2676 1525 audet
2706 1470 2984 1525 accedere.
3017 1469 3185 1523 Facta
3210 1481 3309 1538 est,
3344 1470 3542 1538 inquit,
3569 1481 3709 1524 terra

2135 1582 2336 1628 eorum,
2368 1565 2509 1620 haud
2538 1563 2761 1619 dubiutn
2789 1562 2918 1632 quin
2947 1563 3029 1615 vel
3061 1563 3244 1632 pepuli
3269 1560 3601 1628 Iudaeorum,
3624 1562 3711 1617 vel

2135 1669 2283 1714 certe
2317 1661 2694 1712 universarum
2727 1657 2990 1728 gentium,
3023 1657 3080 1708 in
3125 1656 3528 1720 desolationem,
3566 1666 3622 1710 et
3651 1658 3707 1709 in

462 1749 618 1813 vites,
651 1750 826 1817 quiet
859 1750 958 1818 ipsi
997 1765 1123 1819 pars
1146 1751 1323 1820 gregis
1369 1750 1734 1819 appellantur.
1766 1750 2028 1820 Quodque
2061 1755 2100 1810 Β
2137 1753 2332 1806 invium
2376 1767 2408 1804 a
2447 1751 2583 1821 facie
2628 1751 2719 1803 ira:
2766 1749 3042 1802 columba’.
3100 1748 3218 1802 Non
3273 1749 3560 1805 mirabitur
3616 1767 3708 1802 ωε

458 1839 654 1893 infert:
690 1839 943 1908 Completi
969 1851 1091 1894 sunt
1151 1842 1262 1896 dies
1296 1842 1476 1907 vestri,
1509 1851 1560 1893 ut
1594 1841 2028 1906 interﬁciamini:

461 1944 590 1987 tunc
639 1934 1055 2002 complcbuntur
1119 1934 1235 1988 dies
1290 1950 1505 1998 eorum,
1555 1931 1774 2002 quando
1828 1931 2030 1985 iuerint

461 2036 680 2095 peccata
713 2026 1006 2094 completa:
1037 2035 1089 2080 et
1126 2027 1505 2096 dispergentur
1535 2039 1590 2080 et
1623 2026 1838 2090 cadent,
1889 2030 2029 2081 sicut

458 2134 585 2173 vasa
622 2121 880 2188 pretiosa,
915 2129 971 2172 ut
1005 2117 1288 2172 confracta
1316 2135 1422 2172 non
1449 2119 1665 2174 valeant
1705 2121 2025 2174 instaurari:

457 2219 511 2263 ct
565 2217 766 2277 quanto
815 2215 942 2262 ante
997 2206 1149 2261 luere
1202 2207 1524 2275 pretiosiora
1578 2206 1683 2278 [Αι.
1745 2203 2027 2277 pretiosa],

458 2311 608 2355 tanto
659 2300 828 2366 majus
852 2313 1038 2353 corum
1099 2299 1150 2351 iu
1195 2297 1576 2352 coniraCtione
1605 2300 1672 2350 sit
1724 2297 2022 2350 damnum:

455 2395 571 2448 sive
599 2393 753 2462 quasi
809 2394 1007 2447 arietes
1051 2391 1234 2454 electi,
1274 2402 1335 2445 ut
1367 2390 1584 2462 pinguis
1617 2390 1791 2443 hostia
1825 2390 1897 2444 sit
1930 2389 2025 2442 de-

455 2499 649 2538 vorare
685 2483 1044 2551 cupientium.
1081 2481 1302 2545 Peribit,
1361 2482 1551 2549 inquit,
1590 2483 1714 2551 fuga
1767 2497 1800 2533 a
1846 2491 2027 2549 pasto-

453 2581 622 2640 ribus,
655 2576 870 2646 quando
904 2590 1011 2629 uon
1068 2575 1277 2638 egerint
1333 2574 1733 2643 paenitentiam.
1782 2574 2027 2644 Denique

453 2672 657 2725 dicitur
690 2671 756 2725 ad
779 2668 1123 2724 Pharisaeos:
1149 2662 1425 2723 Genimina
1445 2669 1765 2736 viperarum,
1797 2671 1915 2738 quis
1943 2685 2028 2722 os-

455 2764 619 2817 tendit
672 2762 817 2817 vobis
868 2763 1054 2833 fugere
1080 2777 1112 2814 a
1144 2775 1369 2816 ventura
1415 2762 1495 2815 ira
1528 2760 1682 2827 (Luc.
1716 2777 1794 2828 ut,
1834 2762 1928 2831 7)?
1961 2762 2027 2814 Et

458 2860 510 2910 iu
567 2856 792 2925 psalmis
829 2855 1056 2924 legimus
1084 2869 1099 2908 :
1152 2852 1321 2906 Periit
1349 2854 1474 2924 fuga
1503 2870 1536 2907 a
1570 2869 1647 2906 me
1676 2852 1848 2922 (Psal.
1881 2869 2022 2918 cxm,

453 2945 530 3013 5).
560 2948 627 2996 Et
671 2944 918 3009 saluatio,
951 2944 1148 3012 inquit,
1181 2945 1244 2997 ab
1288 2942 1631 3008 optimatibus
1681 2943 1867 3011 gregis,
1912 2945 2026 2999 sive

457 3037 752 3092 arietibus:
789 3034 897 3088 ἀπὸ
932 3035 1135 3098 κοινοῦ,
1157 3035 1474 3089 subauditur
1501 3034 1712 3102 peribit.

2137 1843 2377 1898 lumbam
2412 1843 2629 1897 Domini
2667 1842 2891 1914 intelligi
2927 1841 3448 1909 Nabuchodonosor,
3477 1845 3567 1912 qui
3609 1860 3704 1897 su-

2135 1950 2228 2004 pra
2257 1949 2382 1989 eum
2419 1934 2601 1988 vocari
2642 1948 2861 1988 servum
2907 1933 3120 1988 Domini
3181 1934 3391 2004 legerit.
3449 1936 3556 1990 Pro
3587 1951 3696 2004 quo

2134 2026 2488 2096 Septuaginta
2534 2027 2955 2090 transtulerunt,
2989 2026 3226 2095 gladium
3262 2043 3530 2096 maguum.
3559 2027 3707 2082 Licet

2133 2117 2439 2172 columbam
2471 2125 2525 2170 et
2554 2116 2606 2169 in
2633 2131 2864 2185 persona
2899 2115 3205 2171 Jerusalem
3254 2119 3527 2185 possimus
3555 2134 3633 2171 ac.
3657 2124 3700 2172 i-

2133 2223 2282 2280 pere,
2320 2209 2464 2279 quod
2486 2208 2751 2264 irascatur
2765 2219 2819 2264 et
2847 2209 3019 2264 tristis
3039 2209 3131 2274 sit,
3164 2223 3224 2263 se
3261 2208 3434 2264 leonis
3464 2211 3548 2264 sui
3579 2227 3701 2280 per-

2132 2303 2338 2358 didisse
2369 2301 2702 2367 custodiam,
2759 2311 2814 2358 et
2865 2312 3062 2357 terram
3102 2315 3254 2355 suam
3287 2303 3500 2356 venisse
3528 2303 3580 2356 in
3613 2305 3700 2356 de-

2133 2389 2483 2446 solutionem.

2202 2477 2360 2549 (Cap.
2429 2478 2624 2534 XXVI.
2686 2509 2752 2522 --
2790 2479 2944 2536 Vers.
2987 2482 3004 2534 Ι
3044 2483 3223 2552 seqq.)
3264 2501 3282 2533 ι
3317 2483 3370 2536 In
3433 2485 3702 2554 principio

2132 2573 2282 2642 regni
2319 2571 2507 2645 [γαίῃ.
2560 2572 2724 2645 regis]
2755 2573 2985 2640 Joacim,
3043 2575 3139 2628 lilii
3172 2575 3338 2631 Josia:
3369 2579 3512 2648 regis
3539 2575 3695 2641 Juda,

2131 2664 2334 2719 factum
2375 2675 2460 2720 est
2501 2667 2723 2720 verhom
2771 2667 2916 2720 istud
2960 2681 2989 2719 a
3047 2667 3274 2723 Domino
3317 2669 3544 2724 dicens:
3581 2669 3706 2723 llazc

2131 2757 2261 2810 dicit
2310 2757 2606 2810 Dominus:
2665 2757 2758 2811 Sta
2810 2758 2862 2810 in
2913 2757 3052 2811 atrio
3115 2760 3311 2813 domus
3368 2760 3604 2821 Domini,
3651 2772 3703 2813 et

2127 2847 2370 2917 loqueris
2426 2848 2494 2902 ad
2554 2862 2743 2903 omnes
2785 2847 3036 2903 civitates
3075 2849 3240 2916 ltitia,
3271 2852 3337 2905 de
3371 2850 3562 2918 quibus
3609 2866 3697 2905 ve-

2130 2942 2284 2996 niunt
2315 2950 2372 2994 ut
2402 2942 2632 2995 adorent
2657 2941 2711 2995 iri
2747 2942 2907 2996 domo
2949 2942 3190 3010 Domini,
3242 2945 3528 2999 universos
3589 2961 3698 2999 ser-

2131 3050 2342 3101 mones,
2378 3051 2515 3106 quos
2541 3051 2641 3106 ego
2663 3037 2913 3091 mandavi
2951 3038 3071 3102 tibi,
3109 3049 3164 3092 ut
3195 3040 3431 3109 loquaris
3466 3042 3531 3093 ad
3567 3055 3694 3095 eos:

527 3129 704 3198 (νει-ε.
740 3129 856 3195 56.)
892 3145 910 3178 ι
949 3126 1058 3180 Vox
1093 3125 1348 3188 clamoris
1379 3134 1679 3192 pastorum,
1708 3137 1759 3180 et
1783 3125 2019 3181 ululatus
2050 3097 2091 3152 ο
2125 3126 2248 3181 Noli
2309 3128 2637 3184 subtrahere
2690 3131 2950 3197 verbum,
3016 3132 3061 3184 si
3115 3130 3257 3185 forte
3323 3133 3562 3197 audiam,
3643 3145 3697 3187 et

452 3226 774 3294 optimatum
830 3220 1009 3290 gregis
1069 3219 1196 3289 (sive
1241 3217 1472 3287 jubilum
1532 3218 1832 3286 arietum):
1893 3219 2021 3286 quia

457 3319 690 3372 vastavit
717 3313 979 3368 Dominus
1031 3325 1232 3382 pascua
1263 3324 1477 3365 eorum.
1536 3309 1604 3362 Et
1639 3312 2022 3364 conticuerunt

455 3427 582 3464 arva
605 3408 730 3476 (sive
759 3403 1026 3473 Speciosa)
1075 3403 1219 3469 pacis
1247 3415 1277 3454 a
1335 3399 1474 3455 l‘acie
1530 3404 1624 3455 ira-
1666 3401 1867 3455 iuroris
1914 3401 2020 3456 Do-

453 3503 606 3557 mini.
643 3520 660 3552 ι
696 3497 760 3554 Et
785 3497 878 3553 hic
922 3495 1218 3550 notandum
1247 3494 1390 3562 quod
1421 3495 1559 3562 apud
1597 3492 1740 3546 LXX
1783 3493 2014 3560 jubilum

452 3611 548 3666 pro
583 3593 794 3646 ululatu
841 3588 1074 3660 positum
1131 3585 1225 3640 sit.
1276 3585 1421 3639 inter
1458 3595 1704 3652 pastores
1752 3597 1931 3640 autem
1967 3596 2022 3641 et

457 3690 655 3742 arietes
682 3686 784 3740 ista
813 3681 1109 3738 diversitas
1134 3688 1235 3743 est,
1258 3679 1400 3747 quod
1423 3687 1664 3745 pastores
1687 3687 1942 3746 putentur
1965 3680 2018 3732 in

453 3782 726 3847 Ecclesia,
765 3777 858 3849 qui
898 3780 1137 3846 praesunt
1166 3768 1316 3840 gregi
1345 3783 1468 3823 cum
1503 3767 1767 3836 sapientia
1801 3779 1852 3821 et
1893 3783 2017 3821 cru-

447 3877 654 3931 ditione
695 3882 857 3940 atque
899 3865 1166 3922 doctrina.
1220 3862 1433 3916 Arietes
1492 3874 1622 3915 vero
1658 3859 1875 3931 1024
1925 3859 2016 3927 qui

452 3966 730 4038 principes
760 3961 979 4032 quidem
1010 3957 1266 4011 videntur
1291 3953 1346 4009 in
1371 3954 1590 4024 populo,
1628 3953 1721 4006 sed
1755 3952 1886 4005 nihil
1917 3952 2015 4004 ha-

448 4065 577 4117 bent
608 4060 662 4112 in
698 4070 758 4111 se
779 4052 1038 4109 doctrina:
1067 4058 1228 4118 atque
1253 4045 1556 4115 sapientiae,
1587 4051 1642 4098 et
1671 4058 1766 4112 per
1795 4044 2016 4096 nimiam

447 4149 852 4219 simplicitatem
906 4139 1296 4214 propemodum
1333 4135 1581 4191 stultitiae
1649 4135 1811 4188 vicini
1870 4144 2018 4189 sunt.

450 4237 675 4302 Quando
702 4243 879 4287 autem
911 4228 1260 4284 habuerimus
1311 4239 1518 4294 pacem,
1561 4233 1616 4277 et
1647 4237 1754 4278 non
1808 4224 2019 4278 intelle-

458 4330 699 4382 xerimus
729 4325 812 4378 vel
847 4322 1006 4388 bona,
1032 4319 1118 4373 vel
1168 4318 1412 4387 speciosa
1447 4315 1615 4385 pacis,
1659 4317 1752 4369 sed
1785 4314 2018 4369 luxuriae

2131 3229 2516 3272 convertantur
2572 3222 2947 3291 unusquisque
2971 3237 3000 3275 a
3032 3223 3113 3276 via
3143 3237 3240 3276 sua
3273 3225 3451 3276 mala:
3478 3233 3530 3278 et
3573 3239 3687 3292 pos-

2129 3312 2301 3366 niteat
2333 3327 2420 3368 me
2443 3313 2569 3368 mali
2603 3315 2732 3384 (sive
2761 3329 3037 3384 quiescant
3067 3333 3094 3370 a
3128 3317 3309 3386 malm,
3339 3324 3485 3388 quod
3515 3318 3691 3388 cogito
3764 3325 3769 3328 ’

2129 3400 2310 3456 facere
2341 3403 2422 3458 eis
2451 3416 2672 3474 propter
2726 3406 2965 3462 malitias
3023 3405 3200 3477 [γαίῃ.
3253 3407 3537 3480 malitiam]
3581 3422 3694 3462 stu-

2129 3495 2346 3549 diorum
2375 3510 2588 3551 eorum.
2614 3515 2634 3548 ι
2670 3495 2794 3553 Haec
2821 3499 3109 3567 prophetia
3142 3508 3396 3568 superior
3425 3507 3445 3537 ³
3479 3511 3561 3557 est
3582 3503 3692 3571 pri—

2128 3600 2265 3640 ore:
2326 3586 2538 3656 1025
2585 3587 2708 3644 licet
2759 3589 2860 3644 sub
2919 3589 3106 3644 eodem
3151 3607 3274 3660 rege
3305 3595 3375 3646 sit
3407 3594 3563 3648 facta.
3603 3593 3692 3648 Illa

2127 3680 2271 3732 enim
2322 3677 2462 3735 faeta
2513 3691 2598 3734 est
2639 3681 2702 3735 :in
2734 3695 2878 3740 anno
2902 3692 3098 3752 quarto
3146 3682 3358 3738 Joacim
3386 3686 3480 3738 lilii
3531 3684 3694 3740 Josia:

2133 3771 2272 3838 regis
2304 3768 2442 3825 Juda
2468 3789 2481 3826 :
2523 3771 2638 3826 haec
2675 3782 2855 3829 autem
2887 3776 2939 3828 in
2976 3776 3242 3845 principio
3261 3776 3502 3846 ejusdem
3533 3783 3692 3848 regis,

2130 3859 2411 3931 Scriptura
2459 3863 2674 3919 dicente
2725 3862 2841 3918 :ln
2869 3865 3128 3934 principio
3158 3867 3293 3936 regis
3338 3867 3543 3922 Joacim
3593 3870 3694 3937 ﬁlii

2126 3953 2293 4008 Josia:
2339 3956 2473 4021 regis
2519 3953 2686 4020 Iuda,
2723 3955 2924 4024 {aetum
2967 3968 3046 4012 est
3096 3958 3305 4011 verbum
3340 3961 3484 4013 istud
3519 3981 3550 4016 a
3585 3963 3692 4014 Uo-

2127 4045 2290 4098 mino.
2323 4042 2439 4098 Non
2469 4028 2632 4116 igitur
2661 4051 2742 4115 (ut
2761 4062 2903 4116 saepe
2918 4047 3032 4115 jam
3056 4049 3317 4118 diximus)
3339 4051 3392 4104 in
3419 4053 3692 4121 pl‘OpllellS

2129 4135 2370 4190 historice
2393 4140 2528 4193 ordo
2569 4141 2828 4206 texendus
2877 4149 2981 4205 est,
3013 4156 3136 4195 cum
3173 4141 3224 4195 iti
3283 4147 3688 4210 praesentiarum

2127 4229 2227 4283 sub
2264 4231 2454 4284 eodem
2491 4245 2614 4300 rege
2643 4232 2820 4300 priora
2853 4241 3060 4301 postea,
3106 4245 3162 4288 et
3205 4236 3510 4303 posteriora
3559 4251 3688 4291 ante

2127 4319 2400 4378 dicantur.
2434 4323 2533 4389 Qui
2570 4335 2749 4378 autem
2783 4328 3011 4380 verbum
3037 4327 3283 4382 dicturus
3333 4341 3413 4382 est
3455 4330 3685 4392 Dommi,

453 4435 551 4475 nos
577 4429 630 4472 et
660 4416 795 4478 ctio,
833 4421 888 4467 et
920 4410 1290 4477 voluptatibus
1323 4407 1668 4463 dederimus:
1733 4417 1861 4462 tunc
1887 4423 2012 4462 con-
2051 4414 2096 4471 ι)
2127 4418 2284 4470 debet
2314 4427 2457 4470 stare
2487 4431 2608 4470 cum
2669 4416 2852 4488 Moyse
2910 4419 3092 4486 (Deut.
3131 4421 3207 4489 v),
3236 4431 3290 4474 et
3343 4423 3534 4475 audire
3570 4407 3687 4476 cum

448 4514 750 4580 quiescent,
781 4507 894 4559 sive
915 4503 1279 4558 conticescent
1307 4502 1444 4554 bona
1471 4503 1645 4570 pacis,
1674 4510 1726 4552 et
1752 4499 2010 4552 auferen-

450 4616 537 4656 tur
574 4619 601 4655 ιι
633 4601 787 4654 nobis
813 4606 1038 4667 propter
1087 4595 1222 4648 iram
1284 4593 1486 4646 furoris
1534 4592 1771 4656 Domini,
1815 4602 1869 4644 et
1915 4593 2019 4644 int-

450 4695 684 4763 plebitur
743 4691 868 4742 illud
919 4688 1060 4752 quod
1097 4685 1358 4751 scriptum
1411 4695 1532 4735 est:
1570 4683 1704 4735 Cum
1759 4683 2012 4747 dixerint,

441 4787 560 4839 Pas:
607 4794 653 4837 et
683 4780 960 4843 securitas,
997 4788 1117 4828 tunc
1149 4775 1444 4842 repentinus
1468 4790 1541 4826 eis
1570 4775 1897 4842 superveniet
1933 4776 2015 4825 in-

451 4878 634 4932 teritus
669 4873 713 4942 (l
743 4872 923 4927 Thess.
958 4887 1012 4932 v,
1051 4870 1129 4937 3),
1163 4884 1268 4936 quo
1315 4869 1592 4930 veniente,
1647 4869 1826 4921 omnia
1883 4882 2015 4921 con—

451 4977 816 5128 mzﬁils‘lb'l,
847 5055 959 5120 58.)
996 5071 1012 5103 t
1046 5052 1339 5119 Dereliquit
1361 5051 1512 5120 quasi
1533 5051 1614 5105 leo
1642 5050 2013 5103 umbrticulum

449 5152 579 5222 (sive
609 5149 810 5216 cubile)
835 5165 1010 5201 suum.
1041 5148 1132 5216 (Et
1163 5156 1217 5198 ut
1248 5145 1416 5214 verius
1450 5155 1546 5210 est,
1586 5144 2013 5197 tabernaculum:

449 5246 546 5297 hoc
566 5242 702 5296 enim
726 5253 920 5292 succno
949 5240 1092 5308 (120i
1129 5237 1446 5290 llebraicum
1477 5239 1676 5304 sonat.)
1703 5238 1840 5300 Quia
1879 5236 2014 5289 facta

446 5346 530 5389 cst
565 5345 702 5386 terra
737 5345 920 5382 carum
955 5331 1004 5380 in
1037 5329 1426 5382 desolationem
1477 5327 1576 5396 (vel
1605 5329 1769 5396 invia)
1806 5344 1831 5377 a
1876 5327 2014 5380 facie

450 5429 540 5480 ira:
575 5421 988 5488 columbariaive
1013 5435 1041 5471 a
1078 5421 1214 5473 facie
1245 5420 1407 5487 gladii
1445 5420 1647 5487 magni)
1678 5430 1728 5470 et
1781 5435 1808 5468 a
1876 5419 2017 5470 l'acie

521 5647 537 5676 ¹
578 5645 780 5698 Vocem
829 5646 923 5698 ἐγω
978 5645 1184 5712 supplet
1248 5643 1492 5697 Vatican.
1535 5642 1802 5696 llebraico
1860 5653 2009 5697 textu

454 5719 799 5771 assentiente.

2121 4505 2444 4560 Psalmista:
2484 4507 2586 4572 Qui
2618 4511 2770 4561 statis
2801 4511 2853 4562 in
2883 4511 3038 4564 domo
3062 4511 3296 4578 Domini,
3332 4516 3384 4565 in
3409 4517 3565 4568 atriis
3597 4517 3692 4566 do-

2122 4613 2235 4652 nius
2266 4597 2361 4652 Dei
2394 4602 2562 4652 nostri
2595 4598 2768 4668 (Psal.
2799 4617 3019 4666 custv,
3044 4604 3122 4675 2).
3160 4604 3220 4658 Et
3266 4609 3583 4675 praecipitur
3608 4607 3684 4658 illi

2124 4701 2180 4742 ut
2211 4689 2458 4759 loquatur
2487 4693 2551 4745 ad
2576 4707 2765 4746 onmes
2789 4693 3038 4748 civitates
3085 4693 3220 4748 Juda
3245 4714 3259 4749 :
3300 4698 3426 4751 licet
3455 4699 3687 4752 civitates

2119 4781 2262 4837 LXX
2301 4799 2404 4838 non
2431 4785 2826 4849 transtulerint,
2862 4802 2928 4840 ne
2983 4787 3296 4842 indecorum
3349 4789 3494 4844 forte
3548 4793 3689 4844 vidc-

2123 4886 2291 4939 retur,
2323 4876 2376 4930 iu
2403 4876 2543 4930 atrio
2572 4878 2764 4930 domus
2810 4877 3024 4931 Domini
3069 4880 3217 4949 loqui
3268 4881 3336 4934 ad
3383 4884 3546 4936 urbes
3571 4901 3598 4950 q
3623 4903 3690 4934 ut:

2121 4981 2300 5020 coram
2335 4982 2439 5020 nou
2481 4978 2668 5032 erant;
2732 4972 2825 5024 sed
2862 4971 3080 5040 quando
3116 4970 3182 5024 ad
3231 4974 3510 5040 populum,
3535 4987 3582 5026 et
3617 4979 3690 5023 ad

2122 5058 2268 5114 cives
2327 5060 2585 5128 loquitur,
2619 5061 2749 5129 ipsis
2779 5061 3093 5116 civitatibus
3153 5063 3413 5132 loquitur.
3461 5065 3687 5119 Pulchre

2121 5162 2299 5205 autem
2330 5161 2434 5206 stat
2464 5153 2517 5205 in
2547 5154 2686 5206 atrio
2722 5163 2884 5222 atque
2913 5155 3176 5209 vestibulo
3208 5157 3390 5226 templi
3425 5161 3628 5213 Domini
3664 5177 3680 5211 :

2124 5255 2180 5296 ut
2227 5257 2320 5311 per
2352 5246 2694 5299 occasionem
2729 5246 2997 5301 orationis
3050 5247 3285 5312 Domini,
3339 5259 3393 5303 et
3428 5252 3684 5304 adorandi

2122 5332 2227 5403 [ΑΙ.
2269 5333 2484 5399 orandi]
2537 5353 2682 5401 cuni,
2723 5353 3004 5394 sermones
3038 5341 3314 5408 prophetae
3359 5344 3546 5397 audire
3583 5356 3693 5396 co-

2117 5436 2335 5493 gantur.
2358 5424 2506 5491 Noli,
2543 5429 2736 5496 iuqud,
2764 5432 3068 5485 subtrahere
3097 5436 3305 5486 rerbuut
3329 5449 3346 5487 :
3379 5434 3507 5490 licet
3531 5433 3691 5487 triste

2191 5657 2209 5685 ²
2243 5652 2575 5707 ιῖυιιείηιιὶιιε
2609 5656 2661 5708 in
2700 5653 2898 5722 Vatic.,
2938 5661 3206 5726 superiore
3237 5672 3310 5715 est
3342 5663 3504 5729 prior.
