4004 6182
460 196 569 266 8Ί7

933 173 1431 262 COMMENTAR.
1471 199 1551 258 1N
1592 192 1989 266 JEREMIAM
2036 188 2495 258 PROPllE’l‘AM
2541 186 2685 254 LIB.
2730 194 2797 263 ν,
2862 188 3021 253 CAI‘.
3060 190 3271 253 xxvr.

3619 183 3727 257 878

459 319 553 384 sit,
583 316 710 370 licet
751 314 1041 369 adversum
1077 323 1130 368 te
1158 312 1499 367 audientium
1527 311 1707 365 rabies
1726 308 2045 371 concitetur,
2078 317 2125 374 Α
2156 307 2417 361 ιεωοιιίω
2445 314 2499 359 et
2521 306 2646 359 data
2675 313 2759 358 est
2786 304 2916 358 urbs
2940 301 3258 358 Iudaeorum
3290 303 3345 356 in
3378 300 3726 358 maledictio-

459 417 643 464 tamen
675 406 843 461 dicito
882 404 1029 475 quod
1067 403 1164 460 tibi
1193 404 1522 473 imperatum
1552 413 1637 455 est
1665 418 1680 455 :
1713 416 1820 455 non
1854 398 2045 455 formi-

462 501 598 554 dans
626 496 1037 567 persecutiones
1060 508 1274 558 eorum,
1305 492 1399 563 qui
1426 491 1718 548 adversum
1768 502 1821 546 te
1854 491 2040 553 conci-

462 591 609 645 tandi
637 597 789 653 sunt,
822 589 917 644 sed
954 586 1169 641 Domini
1193 585 1439 656 jubentis
1484 583 1793 652 imperium.
1838 579 1899 636 Si
1929 581 2037 650 [or-

462 685 630 747 sitan,
675 681 874 752 inquit,
948 681 1196 743 audiant,
1246 688 1297 733 et
1345 686 1744 732 convertantur.
1807 674 2040 729 Verbum

459 777 799 846 ambiguum,
846 773 1097 844 forsitan,
1154 770 1427 839 maiestati
1479 768 1694 823 Domini
1728 782 1835 822 non
1864 775 2044 836 potest

463 865 786 931 convenire,
836 864 931 919 sed
958 862 1404 931 nostroluqnitur
1437 858 1672 914 allectu:
1714 868 1772 911 ut
1809 856 2039 911 liberum

464 957 668 1011 homini
696 964 948 1012 servetur
976 955 1287 1018 arbitrium,
1325 967 1393 1007 ne
1417 965 1488 1007 ex
1517 946 1863 1022 praescientia
1894 945 2036 1016 ejus,

462 1049 614 1116 quasi
658 1049 980 1104 necessitate
1035 1047 1117 1099 vel
1147 1045 1329 1101 facere
1384 1044 1536 1115 quid.
1566 1042 1649 1098 vel
1696 1055 1804 1096 non
1858 1038 2042 1094 facere

464 1151 719 1213 cogatur.
745 1139 865 1195 Non
896 1140 1042 1194 enim
1077 1153 1142 1193 ex
1169 1152 1255 1202 eo,
1290 1138 1437 1207 quod
1467 1134 1609 1191 Deus
1658 1134 1763 1189 scit
1793 1134 2040 1188 futurum

462 1233 689 1304 aliquid,
719 1231 926 1287 idcirco
946 1230 1186 1285 futurum
1218 1239 1341 1284 est:
1376 1228 1472 1283 sed
1501 1225 1624 1295 quia
1655 1224 1904 1279 futurum
1940 1232 2046 1287 est,

468 1328 608 1383 Deus
638 1326 810 1390 novit,
838 1325 991 1395 quasi
1047 1324 1305 1393 praescius
1349 1320 1680 1376 iuturorum.
1740 1316 1807 1387 Et
1857 1325 2041 1373 tamen

467 1419 754 1476 sciendum
778 1418 931 1484 juxta
964 1418 1107 1470 hunc
1122 1415 1371 1469 eumdem
1396 1410 1696 1467 Jeremiam
1726 1423 1743 1462 :
1781 1408 2049 1464 etsimala

470 1511 780 1583 praedixerit
817 1509 1099 1574 Dominus,
1133 1517 1190 1562 et
1214 1500 2042 1575 egeritpepuluspmnitentism,

467 1603 612 1674 quod
635 1611 688 1657 et
718 1602 837 1672 ipse
867 1610 1093 1654 acturus
1107 1598 1181 1654 sit
1201 1597 1575 1668 penitentiam
1604 1608 1770 1663 super
1798 1593 1905 1659 his,
1924 1607 2047 1662 qua:

475 1669 659 1750 facere
707 1669 1074 1748 comminatus
1114 1699 1219 1745 est.
1255 1689 1321 1744 Et
1368 1689 1412 1745 si
1457 1698 1717 1759 prospera
1775 1684 2051 1755 pollicitus
2083 1669 2126 1724 Β

474 1787 661 1852 fuerit,
692 1794 749 1842 et
795 1785 968 1857 egerit
1018 1783 1249 1854 populus
1313 1781 1666 1849 negligenter,
1699 1786 1869 1832 mutet
1898 1776 2051 1855 Deus

471 1854 910 1941 sententiamiet
973 1888 1073 1945 pro
1126 1872 1296 1927 bonis
1347 1867 1734 1924 malainlerat.
1766 1854 1901 1920 Tale
1924 1865 2052 1934 quid

473 1979 528 2026 ct
561 1970 690 2025 illud
746 1968 798 2022 in
840 1966 1135 2035 Evangelia
1196 1974 1316 2019 est:
1379 1960 1592 2016 Mittam
1640 1959 1813 2029 ﬁlium
1853 1972 2052 2023 meum,

474 2065 697 2134 forsitan
715 2060 1033 2116 verebuntur
1078 2073 1196 2113 cum
1230 2055 1385 2127 (Luc.
1419 2070 1509 2120 xx,
1547 2054 1657 2123 15).
1687 2052 1840 2118 Quod
1870 2050 2057 2119 utique

475 2171 543 2210 ex
574 2167 806 2223 persona
847 2150 937 2206 Dei
969 2149 1359 2219 omnipotentis
1380 2147 1601 2202 dicitur.
1639 2144 1885 2213 Denique
1914 2153 1970 2197 et
1994 2144 2048 2195 in

474 2247 725 2319 praesenti
759 2245 836 2299 ait
861 2243 957 2301 :Si
985 2246 1119 2314 forte
1140 2242 1384 2303 audiant,
1403 2248 1450 2291 ct
1481 2245 1856 2292 convertantur
1877 2251 2047 2288 unus-

474 2340 693 2411 quisque
723 2353 756 2392 a
782 2338 867 2391 via
910 2351 1012 2390 sua
1045 2333 1223 2388 mala:
1281 2341 1341 2386 ut
1371 2345 1496 2386 cum
1538 2329 1614 2382 illi
1644 2326 1898 2382 conversi
1934 2325 2053 2379 fue-

478 2431 608 2491 rint,
643 2438 699 2483 et
735 2441 869 2482 inea
891 2423 1178 2481 sententiae
1196 2436 1282 2477 me
1313 2419 1597 2490 poeniteat,
1625 2426 1685 2472 et
1706 2432 1815 2473 non
1837 2416 2057 2479 faciam,

478 2519 622 2586 quod
655 2517 734 2572 eis
760 2515 940 2570 facere
968 2514 1168 2585 cogito.
1193 2512 1390 2581 Cogito
1419 2519 1605 2563 autem
1634 2506 1817 2562 facere
1836 2516 2058 2576 prOpter

483 2611 721 2664 malitias
758 2607 1065 2664 studiorum
1103 2605 1343 2666 illorum,
1370 2616 1494 2671 qua:
1522 2601 1567 2655 si
1603 2599 1809 2653 fuerint
1861 2601 2055 2651 immu-

480 2711 624 2768 tatte,
657 2709 709 2756 et
743 2711 861 2753 mea
881 2698 1150 2753 sententia
1180 2691 1628 2750 commutabitur.
1657 2689 1927 2758 Legamus
1948 2689 2057 2741 his-

483 2792 678 2849 toriam
698 2789 850 2847 Iona:
874 2801 929 2844 et
976 2787 1194 2843 Ninive.

551 2885 734 2955 (Vera.
766 2883 800 2937 4
829 2880 1009 2951 seqq.)
1049 2881 1143 2937 «Et
1175 2880 1328 2935 dices
1367 2879 1433 2931 ad
1466 2891 1598 2933 eos:
1629 2874 1754 2929 llaec
1789 2872 1918 2928 dicit
1954 2871 2054 2927 Do-

484 2978 702 3031 minus:
739 2975 796 3032 Si
849 2973 1066 3045 1026
1113 2987 1223 3028 non
1250 2971 1542 3027 audieritis
1576 2984 1687 3033 me,
1722 2977 1776 3023 et
1820 2965 1931 3040 [ΑΙ.
1970 2963 2056 3036 ιιι]

2150 413 2274 453 nem
2306 398 2521 451 cunctis
2546 395 2803 467 gentibus
2861 393 2971 467 [ΑΙ.
3005 394 3251 466 regibus]
3288 405 3483 467 terrae:
3516 395 3581 450 de
3619 408 3726 464 qua

2153 501 2251 542 nos
2291 462 3106 549 Dominusliberavit,'dieente
3150 462 3449 553 Apostolit:
3486 462 3730 538 Christus

2151 579 2367 635 redemit
2400 595 2493 633 nos
2516 577 2583 633 de
2621 576 2989 633 maledictione
3022 576 3195 647 Legit,
3233 576 3409 646 [actus
3438 592 3532 644 pro
3579 577 3730 631 nobis

2150 671 2456 725 maledictio
2483 669 2688 741 (Galat.
2726 686 2809 735 ιιι,
2843 670 2954 739 15).

2224 763 2402 831 (Vers.
2440 764 2584 832 7-9.)
2626 781 2646 815 ι
2683 762 2749 817 Et
2798 762 3095 817 audierunt
3129 763 3470 828 sacerdotes,
3501 773 3558 818 et
3607 778 3731 832 pro-

2156 854 2333 923 phcta:
2383 856 2518 925 (sive
2577 856 3109 925 pseudOpropbetm),
3160 861 3216 911 et
3267 854 3451 911 amnis
3501 855 3733 925 populus

2149 945 2447 1002 Jercmiam
2485 946 2797 1018 loquentem
2852 949 3013 1002 verba
3062 946 3181 1003 haec
3211 947 3265 1002 in
3290 948 3450 1004 domo
3490 946 3730 1002 Domini.

2150 1039 2404 1109 Cumque
2431 1039 2760 1110 complesset
2787 1037 3055 1095 Jeremias
3094 1042 3326 1111 loquens
3375 1041 3558 1095 omnia
3610 1056 3733 1111 quae

2155 1141 2494 1203 praeceperat
2544 1132 2596 1187 ei
2631 1130 2897 1187 Dominus
2926 1140 2985 1186 ut
3015 1132 3336 1203 loqueretur
3383 1132 3454 1187 ad
3510 1133 3735 1187 univer-

2153 1238 2273 1277 sum
2298 1223 2587 1293 populum,
2615 1223 3101 1293 apprehenderunt
3143 1239 3271 1279 eum
3315 1226 3632 1279 sacerdotes
3679 1234 3735 1280 et

2156 1316 2438 1385 prophetae
2462 1316 2587 1387 (sive
2614 1314 3155 1386 pscudoprophetaa),
3179 1325 3234 1371 et
3258 1318 3443 1371 omnis
3478 1318 3732 1386 populus,

2157 1405 2348 1461 dicens
2377 1419 2394 1460 :
2419 1405 2594 1461 Morte
2633 1404 2906 1462 moriatur
2939 1423 2952 1459 :
2999 1408 3127 1475 quia
3162 1404 3341 1477 [Vulg.
3367 1405 3560 1476 quare]
3605 1421 3736 1477 pro-

2157 1498 2398 1567 phetavit
2448 1495 2947 1561 nomine'Domini,
3002 1497 3187 1551 dicens
3224 1511 3240 1552 :
3274 1495 3429 1551 Sicut
3475 1494 3591 1551 Silo
3633 1499 3737 1551 erit

2156 1591 2356 1646 domus
2387 1589 2500 1645 haec
2531 1598 2588 1644 et
2616 1589 2749 1644 urbs
2796 1598 2898 1644 ista
2941 1588 3305 1656 desolabitur,
3349 1604 3415 1644 eo
3447 1590 3591 1658 quod
3628 1601 3737 1643 non

2157 1684 2227 1738 sit
2287 1683 2583 1738 habitator.
2645 1700 2664 1734 ι
2730 1682 3083 1749 Sacerdotes,
3126 1691 3181 1736 et
3233 1683 3539 1753 prophetae,
3599 1697 3741 1750 quos

2157 1774 2660 1845 pseudoprophetas
2717 1774 3064 1830 manifestius
3108 1773 3249 1829 LXX
3307 1775 3733 1837 transtulerunt,

2159 1868 2471 1922 irascuntur
2501 1864 2778 1931 Jeremiae,
2831 1865 2976 1935 quod
3027 1881 3155 1921 vera
3217 1866 3499 1935 praedicat,
3527 1876 3581 1919 et
3611 1870 3739 1920 sntia

2157 1972 2322 2014 verso
2349 1958 2601 2027 Temple,
2640 1966 2695 2013 et
2713 1959 2939 2014 civitate
2971 1957 3211 2021 deserta,
3247 1959 3319 2012 sit
3368 1958 3611 2026 peritura
3650 1971 3735 2011 re-

2157 2051 2307 2119 ligio,
2330 2060 2390 2105 et
2412 2052 2564 2105 lucra
2593 2066 2661 2104 ex
2688 2050 2954 2120 religione
2981 2050 3288 2114 venientia;
3315 2048 3523 2104 idcirco
3543 2063 3740 2117 appre-

2160 2145 2407 2199 hendnnt
2453 2157 2601 2207 eum,
2639 2152 2696 2197 et
2748 2142 3129 2197 consentiente
3167 2141 3273 2197 sibi
3325 2141 3545 2210 populo,
3574 2143 3738 2196 morti

2157 2239 2457 2303 destinant,
2494 2251 2666 2306 quare
2690 2237 2892 2293 dixerit
2923 2238 2976 2292 in
3015 2237 3237 2291 nomine
3268 2235 3488 2291 Domini
3530 2251 3545 2291 :
3586 2236 3738 2291 Sicut

2159 2331 2272 2387 Silo
2314 2334 2411 2387 erit
2444 2333 2635 2387 domus
2664 2334 2798 2394 lucc,
2837 2342 2887 2385 et
2934 2333 3056 2386 urbs
3106 2330 3459 2395 decolabitur,
3488 2347 3550 2385 eo
3594 2331 3743 2401 quod

2158 2441 2262 2479 non
2291 2427 2362 2479 sit
2396 2425 2686 2480 habitator.
2715 2425 2771 2481 Si
2806 2426 3025 2493 quando
3050 2423 3216 2494 igitur
3240 2431 3466 2491 propter
3489 2424 3740 2476 mandata

2162 2516 2375 2587 1027
2411 2515 2652 2582 Domini,
2695 2526 2751 2571 et
2784 2515 2909 2570 lidei
2945 2516 3256 2580 veritatem,
3292 2513 3380 2568 vel
3428 2513 3741 2568 sacerdotes

2160 2608 2337 2673 nol-is,
2393 2607 2480 2663 vel
2529 2608 3042 2678 pseudoprOphetar,
3084 2606 3167 2661 vel
3214 2605 3475 2675 deceptus
3510 2605 3742 2676 populus

2160 2701 2438 2765 irascitur,
2480 2717 2594 2756 non
2650 2715 2979 2771 magnopere
3024 2712 3319 2755 curemus:
3348 2696 3443 2752 sed
3471 2711 3741 2765 exseqttae

2162 2807 2282 2845 mur
2319 2792 2650 2847 sententiam
2698 2793 2817 2856 Dei,
2850 2805 3193 2863 nequaquam
3229 2789 3521 2860 praesentia
3573 2788 3739 2854 mala,

2159 2882 2252 2936 sed
2279 2884 2462 2938 futura
2492 2885 2632 2939 bona
2659 2886 2842 2939 animo
2867 2885 3198 2953 COgitantes.

2239 2977 2418 3046 (Veis.
2448 2976 2562 3045 l0.)
2604 2995 2623 3029 ι
2672 2975 2740 3032 Et
2769 2987 3129 3045 congregatus
3163 2987 3246 3030 est
3280 2976 3462 3033 omnis
3515 2980 3742 3044 pepulus

482 3040 1005 3133 ambuletisin—le-g;
1022 3040 1160 3133 mea,
1194 3080 1357 3134 quam
1382 3062 1506 3118 dedi
1533 3062 1705 3126 vobis,
1740 3069 1799 3115 ut
1826 3059 2057 3114 audiatis

2168 3074 2430 3127 adversus
2468 3070 2761 3127 Jeremiatn
2819 3070 2872 3123 in
2928 3070 3148 3122 domum
3187 3066 3424 3132 Domini,
3459 3078 3516 3123 et
3559 3068 3743 3121 audie-

480 3175 761 3218 sermones
814 3172 1099 3214 Serrorum
1159 3171 1404 3211 meorum
1459 3155 1884 3224 prophetarum,
1920 3167 2060 3221 quos

481 3269 582 3327 ego
614 3253 735 3309 misi
767 3253 837 3308 ad
868 3265 967 3308 vos
994 3251 1063 3306 de
1097 3259 1256 3305 nocte
1296 3262 1656 3318 consurgens,
1709 3255 1763 3301 et
1795 3244 2057 3314 dirigens,

482 3358 536 3404 'et
562 3364 668 3403 non
697 3347 962 3405 audistis:
999 3346 1140 3401 dabo
1168 3345 1390 3400 domum
1438 3344 1601 3398 istam
1642 3343 1786 3397 sicut
1834 3339 1974 3404 Silo,
2005 3348 2062 3392 et

485 3444 673 3497 urbem
695 3442 836 3497 hanc
863 3442 1004 3496 dabo
1033 3440 1086 3494 in
1113 3438 1548 3493 maledictionent
1575 3437 1788 3490 cunctis
1804 3431 2059 3503 gentibus

487 3545 700 3589 terret.)
737 3533 796 3587 In
831 3541 1014 3588 nostra
1039 3545 1169 3601 ergo
1188 3528 1422 3599 positum
1457 3538 1543 3582 est
1573 3514 1842 3597 potestate
1872 3525 1955 3581 vel
1979 3524 2060 3578 fa-

486 3640 612 3680 cere
644 3623 795 3693 quid,
834 3624 915 3678 vel
962 3637 1067 3676 non
1109 3624 1318 3676 facere:
1364 3624 1438 3673 ita
1472 3619 1768 3674 dumtaxat
1801 3626 1857 3671 ut
1899 3616 2061 3685 quid-

486 3716 615 3786 quid
643 3714 768 3770 boni
797 3715 977 3784 operis
1001 3715 1271 3776 volumus,
1300 3711 1623 3780 appetituros,
1657 3710 1959 3778 explcmus,
1995 3709 2061 3761 ad

491 3805 586 3860 Dei
620 3805 849 3876 gratiam
891 3803 1212 3867 referamus,
1250 3807 1344 3871 qui
1375 3802 1527 3871 juxta
1554 3800 1877 3869 Apostolum
1915 3797 2063 3852 dedit

490 3897 645 3954 nobis
676 3906 732 3952 et
763 3895 919 3965 velle,
956 3906 1011 3949 et
1043 3893 1305 3964 perlicere
1332 3893 1589 3962 (Philipp.
1626 3892 1709 3963 ιι).
1746 3892 1840 3945 Sin
1877 3903 2057 3947 autem

491 3992 689 4047 sullicit
717 3991 890 4047 semel
923 3991 1206 4050 ambulare
1238 3989 1291 4041 in
1325 3989 1458 4058 lege,
1494 4003 1613 4055 qua:
1644 3988 1802 4039 nobis
1833 3987 1961 4038 data
1979 3994 2063 4039 est

493 4098 588 4152 per
614 4072 863 4151 Moysen,
892 4089 949 4133 ut
975 4080 1140 4135 stulta
1168 4078 1391 4132 haeresis
1416 4079 1753 4145 suspicatur,
1781 4075 2058 4144 quomodo

434 4210 439 4213 -
493 4175 732 4231 addidit:
778 4171 848 4227 Ut
901 4172 1136 4227 audiatis
1174 4185 1438 4225 sermones
1493 4184 1758 4223 servorum
1829 4183 2064 4221 meorum

492 4267 883 4337 prophetarum.
918 4264 1020 4331 Qui
1051 4264 1239 4333 utique
1260 4271 1383 4332 post
1414 4260 1586 4329 legem
1617 4259 1770 4314 missi
1822 4270 1975 4324 sunt,
2012 4268 2067 4313 et

2167 3170 2297 3216 runt
2347 3162 2624 3237 principes
2680 3158 2819 3215 Juda
2873 3162 3041 3224 verba
3090 3160 3227 3221 haec,
3281 3168 3336 3214 et
3379 3157 3745 3213 ascenderunt

2167 3256 2235 3308 de
2269 3258 2428 3308 domo
2478 3255 2619 3322 regis
2669 3252 2723 3307 in
2772 3255 2992 3307 domum
3043 3251 3281 3318 Domini,
3316 3261 3372 3306 ct
3399 3250 3660 3307 sederunt
3689 3253 3740 3303 in

2165 3348 2395 3401 introitu
2480 3355 2649 3415 portu:
2707 3344 2921 3399 Domini
2987 3343 3181 3417 [Vulg.
3234 3347 3428 3401 domus
3498 3345 3743 3417 Domini}

2166 3453 2335 3493 norm.
2384 3455 2403 3489 ι
2439 3436 2703 3493 Jeremias
2736 3438 2788 3491 in
2827 3439 3031 3507 templo
3061 3438 3274 3493 Domini
3310 3444 3475 3494 verba
3508 3447 3743 3509 propin:-

2164 3532 2337 3596 tabat,
2373 3541 2424 3585 et
2454 3529 2667 3584 dixerat
2696 3546 2710 3583 :
2748 3528 2901 3584 Dabo
2926 3530 2943 3560 ¹
2976 3529 3192 3583 domum
3215 3532 3398 3592 istam,
3431 3533 3568 3584 sicut
3610 3530 3744 3593 Silo,

2164 3635 2212 3679 et
2236 3624 2411 3679 urbem
2431 3625 2568 3677 hanc
2591 3623 2646 3676 in
2670 3622 3094 3676 maledictionem
3128 3623 3263 3676 dabo
3284 3624 3491 3677 cunctis
3504 3625 3746 3693 gentibus

2167 3729 2352 3784 terris,-
2389 3718 2686 3786 statimque
2741 3732 2768 3767 a
2834 3714 3214 3769 sacerdotibus
3263 3724 3317 3768 et
3352 3715 3632 3784 prophetis
3692 3726 3747 3769 cl.

2168 3810 2366 3882 populo
2398 3810 2667 3864 seditione
2697 3816 2995 3871 commota,
3031 3821 3194 3861 omne
3236 3807 3431 3876 vulgus
3487 3810 3748 3863 adversus

2167 3901 2491 3971 PrOpbetam
2532 3901 2975 3971 congregaturin
3019 3899 3301 3966 templum,
3335 3898 3424 3953 ubi
3467 3910 3583 3953 erat
3617 3899 3748 3953 Pro-

2168 3985 2352 4064 pheta,
2376 4003 2430 4049 et
2451 3994 2823 4056 sacerdotum,
2844 4006 2909 4045 ac
2930 3991 3314 4061 prophetarum
3351 3991 3605 4059 vulgique
3636 4009 3750 4045 nia-

2167 4090 2325 4144 nibus
2362 4087 2668 4142 tenebatur.
2691 4085 2847 4151 Quod
2877 4099 3003 4138 cum
3036 4084 3316 4138 audissent
3352 4084 3628 4155 principes
3657 4088 3743 4140 ci-

2171 4182 2375 4249 vitatis,
2420 4180 2512 4251 qui
2554 4182 2607 4234 itt
2671 4178 2832 4232 domo
2893 4179 3042 4245 regia
3104 4180 3480 4244 versabantur,
3518 4181 3747 4232 transiu-

2173 4281 2334 4337 runt,
2372 4272 2488 4327 sive
2523 4271 2882 4325 ascenderunt
2944 4268 3008 4321 de
3066 4270 3224 4321 domo
3277 4270 3414 4340 regis
3445 4270 3497 4323 in
3537 4270 3749 4324 domum

495 4376 599 4413 nun
628 4358 815 4421 semel,
845 4357 937 4410 sed
976 4357 1320 4423 frequenter:
1357 4368 1459 4407 nec
1495 4354 1671 4405 Otiose
1692 4358 1748 4404 et
1774 4366 1804 4404 a
1838 4364 2057 4415 securo,

2177 4361 2411 4416 Domini.
2443 4360 2878 4428 Notandumqne,
2919 4358 3061 4427 quod
3085 4360 3166 4413 ire
3199 4360 3264 4412 ad
3289 4361 3507 4415 domum
3557 4363 3748 4417 Domi-

494 4452 587 4503 scd
612 4462 827 4516 semper
848 4455 949 4501 eta
973 4445 1231 4500 sollicito.
1263 4443 1414 4508 Misi,
1434 4443 1629 4511 inquit,
1670 4441 1740 4494 ad
1774 4456 1860 4493 vos
1891 4456 2065 4493 seruos

496 4558 633 4596 meos
664 4539 946 4611 prop/tetas
996 4538 1254 4608 quotidie,
1313 4547 1363 4591 et
1391 4539 1455 4590 de
1512 4543 1664 4589 nocte
1713 4550 2064 4604 consurgens:

495 4650 632 4703 quos
660 4635 708 4690 si
736 4634 923 4687 audire
953 4631 1259 4694 nolueritis,
1302 4630 1446 4684 dabo
1476 4628 1698 4682 domum
1736 4627 1922 4691 istam,
1967 4628 2070 4685 hoc

496 4737 601 4791 est,
639 4726 900 4796 templum
930 4725 1022 4779 Dei
1055 4726 1196 4778 sicut
1216 4722 1352 4787 Silo,
1382 4724 1470 4777 ubi
1498 4722 1601 4776 fuit
1631 4721 2068 4776 tabernaculum.

499 4820 748 4887 Cumque
778 4817 1035 4885 templum
1068 4818 1406 4869 destructum
1437 4814 1626 4882 fuerit,
1667 4825 2069 4882 consequenter

499 4926 554 4972 et
589 4915 783 4970 civitas
818 4914 922 4966 crit
972 4915 1026 4964 in
1086 4909 1525 4964 maledictionem
1570 4909 1787 4964 cunctis
1815 4910 2074 4977 gentibus

501 5018 674 5061 terrae.
712 5003 867 5060 Sicut
901 5017 1082 5058 autem
1108 5011 1390 5057 exstructo
1426 5004 1624 5070 templo
1652 5004 1704 5055 in
1728 5016 1857 5056 area
1882 5001 2072 5066 Ornos,

497 5110 552 5151 et
583 5099 635 5152 in
657 5079 844 5151 monte
873 5090 1069 5160 Maria,
1101 5094 1203 5148 hoc
1232 5104 1340 5159 est,
1375 5091 1620 5158 visionis,
1670 5092 1724 5144 in
1760 5107 1868 5161 quo
1902 5093 2074 5145 Abrae

502 5194 622 5246 ham
647 5192 814 5243 tilium
850 5203 1007 5243 suum
1041 5186 1194 5242 Isaac
1224 5187 1489 5241 obtulisse
1529 5194 1805 5251 narratur,
1840 5190 2076 5238 cessarit

499 5282 689 5369 religio
712 5280 849 5343 Silo,
884 5294 980 5333 nec
997 5290 1183 5347 postea
1221 5278 1290 5330 ibi
1315 5285 1442 5329 sunt
1468 5275 1745 5330 celebrata
1803 5278 2073 5329 sacriticia

500 5375 581 5448 (ΙΙ
609 5375 797 5429 Paral.
832 5386 954 5444 In);
987 5374 1068 5427 sic
1089 5382 1367 5428 exstructa
1398 5369 1669 5433 Ecclesia,
1702 5380 1757 5425 et
1796 5370 2064 5438 spiritus.

425 5502 435 5509 -
500 5471 642 5526 libus
670 5472 726 5525 in
759 5486 821 5525 ea
842 5469 1099 5524 ‘victimis
1128 5466 1446 5529 immolatis,
1478 5476 1769 5521 cessarunt
1805 5465 1939 5536 legis
1971 5479 2075 5518 cu:-

576 5652 595 5684 ί
626 5651 857 5707 Verbum
893 5648 1033 5704 dabo
1058 5648 1332 5704 Victorius
1362 5647 1597 5722 sullecit.

2173 4458 2252 4519 ni,
2266 4470 2482 4524 semper
2499 4466 2758 4509 ascensus
2785 4456 2877 4507 sit.
2897 4450 3257 4524 Sedet-uritque
3275 4453 3327 4508 in
3352 4455 3569 4509 introitu
3586 4466 3752 4525 portis

2172 4547 2386 4601 Domini
2412 4562 2576 4601 nam.
2603 4547 2912 4616 Principum
2945 4548 3089 4602 enim
3134 4557 3256 4601 erat
3286 4547 3524 4603 olliciuut
3559 4550 3755 4604 sedero

2174 4641 2228 4695 in
2256 4654 2410 4711 purta
2444 4642 2639 4695 domus
2659 4640 2970 4706 Domini,et
3009 4643 3078 4698 ibi
3120 4644 3325 4713 negetii
3372 4652 3425 4698 et
3472 4642 3755 4698 seditionis

2173 4748 2505 4803 cognoscere
2541 4733 2850 4788 veritatem.
2885 4735 3034 4790 Nova
3087 4746 3269 4790 autem
3319 4744 3475 4811 porta
3525 4730 3783 4801 dicitur,

2175 4829 2299 4897 quia
2322 4828 2413 4897 qui
2438 4828 2699 4893 sedebant
2717 4830 2771 4882 in
2795 4844 2858 4884 ea
2883 4839 2934 4883 et
2951 4827 3154 4900 judicio
3193 4838 3480 4897 praeerant,
3501 4831 3757 4884 sacerdo-

2179 4933 2289 4974 tum
2326 4931 2382 4974 et
2433 4921 3029 4990 pseudoprophetartnn
3063 4919 3350 4973 calumnia:
3407 4921 3752 4975 resistebant.

2250 5009 2432 5082 (Vers.
2457 5012 2567 5081 il.)
2592 5030 2610 5063 ι
2648 5011 2713 5065 Ει
2732 5012 2899 5066 locuti
2925 5021 3052 5065 sunt
3068 5010 3384 5066 sacerdotes
3405 5021 3455 5069 et
3480 5014 3759 5082 propheta:

2180 5103 2247 5156 ad
2313 5105 2610 5171 principes,
2660 5112 2715 5157 et
2764 5103 2829 5157 ad
2872 5117 3092 5157 onmem
3143 5094 3406 5173 populum
3459 5107 3756 5158 dicentes:

2178 5193 2450 5249 iudicium
2508 5197 2700 5251 mortis
2743 5208 2825 5250 cst
2876 5195 2994 5248 viro
3051 5195 3177 5250 huic
3231 5195 3359 5266 quia
3415 5196 3757 5267 prophetarit

2180 5290 2440 5343 adversus
2474 5289 2755 5342 civitatem
2812 5289 2998 5352 istam,
3044 5291 3187 5343 sicut
3255 5290 3489 5344 audistis
3532 5289 3761 5344 auribus

2183 5383 2405 5434 vestris.
2462 5398 2482 5432 ι
2517 5378 2845 5435 Sedentihus
2898 5384 3048 5438 urbis
3091 5383 3435 5453 principibus
3492 5382 3543 5436 in
3603 5390 3759 5451 porta

2185 5474 2383 5543 templi'
2409 5488 2461 5529 et
2503 5471 2557 5528 in
2595 5483 2751 5544 porta
2806 5492 2971 5543 nova,
3011 5479 3104 5547 qui
3133 5479 3197 5533 de
3244 5478 3391 5547 regis
3425 5476 3644 5552 palatio
3690 5477 3759 5529 ad
