  <div class='ocr_page' id='page_1' title='image "/cluster/home/n/w/nwhite01/storage/ocr_20150623/24/hvd.32044096580485/445.png"; bbox 0 0 4004 6182; ppageno 0'>
   <div class='ocr_carea' id='block_1_1' title="bbox 339 176 443 240">
    <p class='ocr_par' dir='ltr' id='par_1_1' title="bbox 339 176 443 240">
     <span class='ocr_line' id='line_1_1' title="bbox 339 176 443 240; baseline 0.029 -3"><span class='ocrx_word' id='word_1_1' title='bbox 339 176 443 240; x_wconf 83' lang='grc'><strong>879</strong></span> 
     </span>
    </p>
   </div>
   <div class='ocr_carea' id='block_1_2' title="bbox 1527 174 2412 246">
    <p class='ocr_par' dir='ltr' id='par_1_2' title="bbox 1527 174 2412 246">
     <span class='ocr_line' id='line_1_2' title="bbox 1527 174 2412 246; baseline -0.003 -10"><span class='ocrx_word' id='word_1_2' title='bbox 1527 179 1584 242; x_wconf 91' lang='lat' dir='ltr'><strong>S.</strong></span> <span class='ocrx_word' id='word_1_3' title='bbox 1623 174 1930 238; x_wconf 83' lang='lat' dir='ltr'><strong>EUSEBIl</strong></span> <span class='ocrx_word' id='word_1_4' title='bbox 1971 175 2412 246; x_wconf 76' lang='grc' dir='ltr'><strong>ΠΙΕΒΟΝΥΜΙ</strong></span> 
     </span>
    </p>
   </div>
   <div class='ocr_carea' id='block_1_3' title="bbox 3493 180 3600 241">
    <p class='ocr_par' dir='ltr' id='par_1_3' title="bbox 3493 180 3600 241">
     <span class='ocr_line' id='line_1_3' title="bbox 3493 180 3600 241; baseline -0.009 0"><span class='ocrx_word' id='word_1_5' title='bbox 3493 180 3600 241; x_wconf 80' lang='lat'><strong>880</strong></span> 
     </span>
    </p>
   </div>
   <div class='ocr_carea' id='block_1_4' title="bbox 338 290 3601 365">
    <p class='ocr_par' dir='ltr' id='par_1_4' title="bbox 338 290 3601 365">
     <span class='ocr_line' id='line_1_4' title="bbox 338 290 3601 365; baseline -0.001 -17"><span class='ocrx_word' id='word_1_6' title='bbox 338 293 594 363; x_wconf 86' lang='lat' dir='ltr'><strong>templum</strong></span> <span class='ocrx_word' id='word_1_7' title='bbox 637 302 1016 356; x_wconf 77' lang='lat' dir='ltr'><strong>cucurrerunt,</strong></span> <span class='ocrx_word' id='word_1_8' title='bbox 1059 302 1116 348; x_wconf 92' lang='lat' dir='ltr'><strong>ut</strong></span> <span class='ocrx_word' id='word_1_9' title='bbox 1157 293 1356 348; x_wconf 89' lang='lat' dir='ltr'><strong>seditio</strong></span> <span class='ocrx_word' id='word_1_10' title='bbox 1385 295 1564 365; x_wconf 82' lang='lat' dir='ltr'><strong>pepuli</strong></span> <span class='ocrx_word' id='word_1_11' title='bbox 1602 295 1910 360; x_wconf 75' lang='lat' dir='ltr'><strong>sedaretur,</strong></span> <span class='ocrx_word' id='word_1_12' title='bbox 1943 298 1990 354; x_wconf 74' lang='grc' dir='ltr'><strong>Α</strong></span> <span class='ocrx_word' id='word_1_13' title='bbox 2020 293 2238 346; x_wconf 89' lang='lat' dir='ltr'><strong>nomine</strong></span> <span class='ocrx_word' id='word_1_14' title='bbox 2273 291 2482 354; x_wconf 88' lang='lat' dir='ltr'><strong>Domini</strong></span> <span class='ocrx_word' id='word_1_15' title='bbox 2540 300 2591 344; x_wconf 88' lang='lat' dir='ltr'><strong>et</strong></span> <span class='ocrx_word' id='word_1_16' title='bbox 2623 305 2689 345; x_wconf 73' lang='lat' dir='ltr'><strong>ex</strong></span> <span class='ocrx_word' id='word_1_17' title='bbox 2725 305 2822 346; x_wconf 89' lang='lat' dir='ltr'><strong>ore</strong></span> <span class='ocrx_word' id='word_1_18' title='bbox 2869 290 3016 345; x_wconf 88' lang='lat' dir='ltr'><strong>illius</strong></span> <span class='ocrx_word' id='word_1_19' title='bbox 3070 292 3442 360; x_wconf 69' lang='lat' dir='ltr'><strong>prophetarit.</strong></span> <span class='ocrx_word' id='word_1_20' title='bbox 3476 292 3601 348; x_wconf 82' lang='lat' dir='ltr'><strong>Cito</strong></span> 
     </span>
    </p>
   </div>
   <div class='ocr_carea' id='block_1_5' title="bbox 336 385 1916 454">
    <p class='ocr_par' dir='ltr' id='par_1_5' title="bbox 336 385 1916 454">
     <span class='ocr_line' id='line_1_5' title="bbox 336 385 1916 454; baseline 0.001 -16"><span class='ocrx_word' id='word_1_21' title='bbox 336 396 382 438; x_wconf 91' lang='lat' dir='ltr'><strong>et</strong></span> <span class='ocrx_word' id='word_1_22' title='bbox 416 386 680 440; x_wconf 87' lang='lat' dir='ltr'><strong>concione</strong></span> <span class='ocrx_word' id='word_1_23' title='bbox 709 385 890 452; x_wconf 76' lang='lat' dir='ltr'><strong>populi</strong></span> <span class='ocrx_word' id='word_1_24' title='bbox 917 395 1274 454; x_wconf 83' lang='lat' dir='ltr'><strong>congregata,</strong></span> <span class='ocrx_word' id='word_1_25' title='bbox 1307 394 1570 439; x_wconf 88' lang='lat' dir='ltr'><strong>accusant</strong></span> <span class='ocrx_word' id='word_1_26' title='bbox 1601 385 1916 440; x_wconf 69' lang='lat' dir='ltr'><strong>sacerdotes</strong></span> 
     </span>
    </p>
   </div>
   <div class='ocr_carea' id='block_1_6' title="bbox 336 473 1921 546">
    <p class='ocr_par' dir='ltr' id='par_1_6' title="bbox 336 473 1921 546">
     <span class='ocr_line' id='line_1_6' title="bbox 336 473 1921 546; baseline 0.003 -17"><span class='ocrx_word' id='word_1_27' title='bbox 336 486 388 529; x_wconf 78' lang='lat' dir='ltr'><strong>et</strong></span> <span class='ocrx_word' id='word_1_28' title='bbox 439 473 926 546; x_wconf 58' lang='lat' dir='ltr'><strong>pseudoprophetis:</strong></span> <span class='ocrx_word' id='word_1_29' title='bbox 977 475 1325 531; x_wconf 81' lang='lat' dir='ltr'><strong>.leremiam:</strong></span> <span class='ocrx_word' id='word_1_30' title='bbox 1395 478 1738 546; x_wconf 82' lang='lat' dir='ltr'><strong>perieratque</strong></span> <span class='ocrx_word' id='word_1_31' title='bbox 1790 478 1921 534; x_wconf 83' lang='lat' dir='ltr'><strong>Pro-</strong></span> 
     </span>
    </p>
   </div>
   <div class='ocr_carea' id='block_1_7' title="bbox 337 568 1917 640">
    <p class='ocr_par' dir='ltr' id='par_1_7' title="bbox 337 568 1917 640">
     <span class='ocr_line' id='line_1_7' title="bbox 337 568 1917 640; baseline 0.003 -20"><span class='ocrx_word' id='word_1_32' title='bbox 337 570 521 637; x_wconf 86' lang='lat' dir='ltr'><strong>pheta,</strong></span> <span class='ocrx_word' id='word_1_33' title='bbox 555 579 819 638; x_wconf 87' lang='lat' dir='ltr'><strong>quantum</strong></span> <span class='ocrx_word' id='word_1_34' title='bbox 862 569 960 622; x_wconf 89' lang='lat' dir='ltr'><strong>fuit</strong></span> <span class='ocrx_word' id='word_1_35' title='bbox 1018 571 1071 623; x_wconf 85' lang='lat' dir='ltr'><strong>iit</strong></span> <span class='ocrx_word' id='word_1_36' title='bbox 1120 568 1498 625; x_wconf 81' lang='lat' dir='ltr'><strong>sacerdotibus</strong></span> <span class='ocrx_word' id='word_1_37' title='bbox 1541 581 1595 625; x_wconf 91' lang='lat' dir='ltr'><strong>et</strong></span> <span class='ocrx_word' id='word_1_38' title='bbox 1617 572 1917 640; x_wconf 87' lang='lat' dir='ltr'><strong>prophetis,</strong></span> 
     </span>
    </p>
   </div>
   <div class='ocr_carea' id='block_1_8' title="bbox 339 659 1915 732">
    <p class='ocr_par' dir='ltr' id='par_1_8' title="bbox 339 659 1915 732">
     <span class='ocr_line' id='line_1_8' title="bbox 339 659 1915 732; baseline 0.002 -18"><span class='ocrx_word' id='word_1_39' title='bbox 339 661 382 714; x_wconf 87' lang='lat' dir='ltr'><strong>si</strong></span> <span class='ocrx_word' id='word_1_40' title='bbox 418 669 770 732; x_wconf 82' lang='lat' dir='ltr'><strong>accusatores</strong></span> <span class='ocrx_word' id='word_1_41' title='bbox 820 659 922 729; x_wconf 85' lang='lat' dir='ltr'><strong>ipsi</strong></span> <span class='ocrx_word' id='word_1_42' title='bbox 956 660 1283 715; x_wconf 82' lang='lat' dir='ltr'><strong>habuissent</strong></span> <span class='ocrx_word' id='word_1_43' title='bbox 1315 661 1508 731; x_wconf 86' lang='lat' dir='ltr'><strong>jndicii</strong></span> <span class='ocrx_word' id='word_1_44' title='bbox 1568 671 1915 730; x_wconf 89' lang='lat' dir='ltr'><strong>potestatem.</strong></span> 
     </span>
    </p>
   </div>
   <div class='ocr_carea' id='block_1_9' title="bbox 340 749 1918 824">
    <p class='ocr_par' dir='ltr' id='par_1_9' title="bbox 340 749 1918 824">
     <span class='ocr_line' id='line_1_9' title="bbox 340 749 1918 824; baseline 0.001 -19"><span class='ocrx_word' id='word_1_45' title='bbox 340 751 416 805; x_wconf 70' lang='lat' dir='ltr'><strong>Es</strong></span> <span class='ocrx_word' id='word_1_46' title='bbox 450 766 558 819; x_wconf 90' lang='lat' dir='ltr'><strong>quo</strong></span> <span class='ocrx_word' id='word_1_47' title='bbox 587 749 944 819; x_wconf 78' lang='lat' dir='ltr'><strong>intelligimus</strong></span> <span class='ocrx_word' id='word_1_48' title='bbox 981 751 1320 807; x_wconf 84' lang='lat' dir='ltr'><strong>crudeliores</strong></span> <span class='ocrx_word' id='word_1_49' title='bbox 1362 753 1531 808; x_wconf 91' lang='lat' dir='ltr'><strong>fuisse</strong></span> <span class='ocrx_word' id='word_1_50' title='bbox 1583 754 1637 807; x_wconf 92' lang='lat' dir='ltr'><strong>in</strong></span> <span class='ocrx_word' id='word_1_51' title='bbox 1675 753 1918 824; x_wconf 79' lang='lat' dir='ltr'><strong>PrOphe-</strong></span> 
     </span>
    </p>
   </div>
   <div class='ocr_carea' id='block_1_10' title="bbox 342 843 1922 916">
    <p class='ocr_par' dir='ltr' id='par_1_10' title="bbox 342 843 1922 916">
     <span class='ocr_line' id='line_1_10' title="bbox 342 843 1922 916; baseline 0.003 -21"><span class='ocrx_word' id='word_1_52' title='bbox 342 857 448 896; x_wconf 88' lang='lat' dir='ltr'><strong>tam</strong></span> <span class='ocrx_word' id='word_1_53' title='bbox 470 858 568 912; x_wconf 87' lang='lat' dir='ltr'><strong>per</strong></span> <span class='ocrx_word' id='word_1_54' title='bbox 593 843 855 898; x_wconf 79' lang='lat' dir='ltr'><strong>invidiam</strong></span> <span class='ocrx_word' id='word_1_55' title='bbox 873 844 1181 900; x_wconf 86' lang='lat' dir='ltr'><strong>sanctitatis</strong></span> <span class='ocrx_word' id='word_1_56' title='bbox 1199 845 1292 914; x_wconf 85' lang='lat' dir='ltr'><strong>qui</strong></span> <span class='ocrx_word' id='word_1_57' title='bbox 1318 845 1567 916; x_wconf 78' lang='lat' dir='ltr'><strong>religioni</strong></span> <span class='ocrx_word' id='word_1_58' title='bbox 1595 847 1922 900; x_wconf 82' lang='lat' dir='ltr'><strong>videbantur</strong></span> 
     </span>
    </p>
   </div>
   <div class='ocr_carea' id='block_1_11' title="bbox 339 931 1921 1002">
    <p class='ocr_par' dir='ltr' id='par_1_11' title="bbox 339 931 1921 1002">
     <span class='ocr_line' id='line_1_11' title="bbox 339 931 1921 1002; baseline 0.001 -15"><span class='ocrx_word' id='word_1_59' title='bbox 339 931 538 995; x_wconf 88' lang='lat' dir='ltr'><strong>dediti,</strong></span> <span class='ocrx_word' id='word_1_60' title='bbox 567 947 728 1001; x_wconf 88' lang='lat' dir='ltr'><strong>quam</strong></span> <span class='ocrx_word' id='word_1_61' title='bbox 769 931 860 1001; x_wconf 85' lang='lat' dir='ltr'><strong>qui</strong></span> <span class='ocrx_word' id='word_1_62' title='bbox 923 934 1342 988; x_wconf 85' lang='lat' dir='ltr'><strong>necessitatibus</strong></span> <span class='ocrx_word' id='word_1_63' title='bbox 1377 935 1610 1002; x_wconf 88' lang='lat' dir='ltr'><strong>publicis</strong></span> <span class='ocrx_word' id='word_1_64' title='bbox 1634 942 1921 1002; x_wconf 61' lang='lat' dir='ltr'><strong>praeerant.</strong></span> 
     </span>
    </p>
   </div>
   <div class='ocr_carea' id='block_1_12' title="bbox 410 1023 1921 1095">
    <p class='ocr_par' dir='ltr' id='par_1_12' title="bbox 410 1023 1921 1095">
     <span class='ocr_line' id='line_1_12' title="bbox 410 1023 1921 1095; baseline 0.003 -17"><span class='ocrx_word' id='word_1_65' title='bbox 410 1024 593 1095; x_wconf 85' lang='lat' dir='ltr'><strong>(Vers.</strong></span> <span class='ocrx_word' id='word_1_66' title='bbox 639 1023 712 1078; x_wconf 74' lang='grc'><strong>’12</strong></span> <span class='ocrx_word' id='word_1_67' title='bbox 743 1024 926 1094; x_wconf 77' lang='lat' dir='ltr'><strong>chq.)</strong></span> <span class='ocrx_word' id='word_1_68' title='bbox 976 1044 993 1076; x_wconf 82' lang='lat' dir='ltr'><strong>r</strong></span> <span class='ocrx_word' id='word_1_69' title='bbox 1037 1025 1100 1078; x_wconf 87' lang='lat' dir='ltr'><strong>Et</strong></span> <span class='ocrx_word' id='word_1_70' title='bbox 1149 1027 1226 1079; x_wconf 88' lang='lat' dir='ltr'><strong>ait</strong></span> <span class='ocrx_word' id='word_1_71' title='bbox 1285 1024 1556 1080; x_wconf 89' lang='lat' dir='ltr'><strong>Jeremias</strong></span> <span class='ocrx_word' id='word_1_72' title='bbox 1602 1028 1670 1080; x_wconf 82' lang='lat' dir='ltr'><strong>ad</strong></span> <span class='ocrx_word' id='word_1_73' title='bbox 1727 1041 1921 1083; x_wconf 88' lang='lat' dir='ltr'><strong>omnes</strong></span> 
     </span>
    </p>
   </div>
   <div class='ocr_carea' id='block_1_13' title="bbox 340 1116 1924 1188">
    <p class='ocr_par' dir='ltr' id='par_1_13' title="bbox 340 1116 1924 1188">
     <span class='ocr_line' id='line_1_13' title="bbox 340 1116 1924 1188; baseline 0.002 -18"><span class='ocrx_word' id='word_1_74' title='bbox 340 1116 642 1186; x_wconf 79' lang='lat' dir='ltr'><strong>principes,</strong></span> <span class='ocrx_word' id='word_1_75' title='bbox 659 1125 712 1169; x_wconf 80' lang='lat' dir='ltr'><strong>et</strong></span> <span class='ocrx_word' id='word_1_76' title='bbox 736 1117 801 1170; x_wconf 86' lang='lat' dir='ltr'><strong>ad</strong></span> <span class='ocrx_word' id='word_1_77' title='bbox 821 1116 1133 1172; x_wconf 80' lang='lat' dir='ltr'><strong>universum</strong></span> <span class='ocrx_word' id='word_1_78' title='bbox 1155 1117 1432 1188; x_wconf 88' lang='lat' dir='ltr'><strong>populum,</strong></span> <span class='ocrx_word' id='word_1_79' title='bbox 1463 1119 1647 1173; x_wconf 89' lang='lat' dir='ltr'><strong>dicens</strong></span> <span class='ocrx_word' id='word_1_80' title='bbox 1663 1118 1924 1174; x_wconf 89' lang='lat' dir='ltr'><strong>Dominus</strong></span> 
     </span>
    </p>
   </div>
   <div class='ocr_carea' id='block_1_14' title="bbox 341 1209 1926 1280">
    <p class='ocr_par' dir='ltr' id='par_1_14' title="bbox 341 1209 1926 1280">
     <span class='ocr_line' id='line_1_14' title="bbox 341 1209 1926 1280; baseline 0 -16"><span class='ocrx_word' id='word_1_81' title='bbox 341 1209 490 1264; x_wconf 84' lang='lat' dir='ltr'><strong>misit</strong></span> <span class='ocrx_word' id='word_1_82' title='bbox 524 1223 630 1273; x_wconf 91' lang='lat' dir='ltr'><strong>me,</strong></span> <span class='ocrx_word' id='word_1_83' title='bbox 673 1218 733 1262; x_wconf 90' lang='grc' dir='ltr'><strong>ιιι</strong></span> <span class='ocrx_word' id='word_1_84' title='bbox 777 1209 1168 1278; x_wconf 85' lang='lat' dir='ltr'><strong>prephetarem</strong></span> <span class='ocrx_word' id='word_1_85' title='bbox 1216 1209 1282 1264; x_wconf 88' lang='lat' dir='ltr'><strong>ad</strong></span> <span class='ocrx_word' id='word_1_86' title='bbox 1345 1213 1562 1264; x_wconf 92' lang='lat' dir='ltr'><strong>domum</strong></span> <span class='ocrx_word' id='word_1_87' title='bbox 1599 1209 1726 1279; x_wconf 79' lang='lat' dir='ltr'><strong>(sive</strong></span> <span class='ocrx_word' id='word_1_88' title='bbox 1763 1225 1926 1280; x_wconf 86' lang='lat' dir='ltr'><strong>super</strong></span> 
     </span>
    </p>
   </div>
   <div class='ocr_carea' id='block_1_15' title="bbox 341 1298 1924 1374">
    <p class='ocr_par' dir='ltr' id='par_1_15' title="bbox 341 1298 1924 1374">
     <span class='ocr_line' id='line_1_15' title="bbox 341 1298 1924 1374; baseline -0.003 -16"><span class='ocrx_word' id='word_1_89' title='bbox 341 1298 582 1371; x_wconf 87' lang='lat' dir='ltr'><strong>domum)</strong></span> <span class='ocrx_word' id='word_1_90' title='bbox 604 1301 940 1365; x_wconf 82' lang='lat' dir='ltr'><strong>istam,etad</strong></span> <span class='ocrx_word' id='word_1_91' title='bbox 969 1301 1250 1355; x_wconf 83' lang='lat' dir='ltr'><strong>civitatem</strong></span> <span class='ocrx_word' id='word_1_92' title='bbox 1278 1302 1409 1373; x_wconf 91' lang='lat' dir='ltr'><strong>(sive</strong></span> <span class='ocrx_word' id='word_1_93' title='bbox 1433 1317 1600 1374; x_wconf 86' lang='lat' dir='ltr'><strong>super</strong></span> <span class='ocrx_word' id='word_1_94' title='bbox 1625 1302 1924 1374; x_wconf 85' lang='lat' dir='ltr'><strong>civitatein)</strong></span> 
     </span>
    </p>
   </div>
   <div class='ocr_carea' id='block_1_16' title="bbox 342 1379 1927 1466">
    <p class='ocr_par' dir='ltr' id='par_1_16' title="bbox 342 1379 1927 1466">
     <span class='ocr_line' id='line_1_16' title="bbox 342 1379 1927 1466; baseline 0.003 -19"><span class='ocrx_word' id='word_1_95' title='bbox 342 1393 488 1447; x_wconf 85' lang='lat' dir='ltr'><strong>hanc</strong></span> <span class='ocrx_word' id='word_1_96' title='bbox 509 1379 695 1445; x_wconf 80' lang='lat' dir='ltr'><strong>omnia</strong></span> <span class='ocrx_word' id='word_1_97' title='bbox 733 1392 899 1446; x_wconf 89' lang='lat' dir='ltr'><strong>verba</strong></span> <span class='ocrx_word' id='word_1_98' title='bbox 947 1408 1069 1461; x_wconf 75' lang='lat' dir='ltr'><strong>qua:</strong></span> <span class='ocrx_word' id='word_1_99' title='bbox 1100 1393 1355 1448; x_wconf 83' lang='lat' dir='ltr'><strong>audistis.</strong></span> <span class='ocrx_word' id='word_1_100' title='bbox 1383 1394 1561 1450; x_wconf 85' lang='lat' dir='ltr'><strong>.Nunc</strong></span> <span class='ocrx_word' id='word_1_101' title='bbox 1597 1410 1726 1466; x_wconf 83' lang='lat' dir='ltr'><strong>ergo</strong></span> <span class='ocrx_word' id='word_1_102' title='bbox 1758 1397 1927 1451; x_wconf 89' lang='lat' dir='ltr'><strong>bonas</strong></span> 
     </span>
    </p>
   </div>
   <div class='ocr_carea' id='block_1_17' title="bbox 347 1483 1924 1552">
    <p class='ocr_par' dir='ltr' id='par_1_17' title="bbox 347 1483 1924 1552">
     <span class='ocr_line' id='line_1_17' title="bbox 347 1483 1924 1552; baseline 0.002 -14"><span class='ocrx_word' id='word_1_103' title='bbox 347 1484 516 1539; x_wconf 88' lang='lat' dir='ltr'><strong>facite</strong></span> <span class='ocrx_word' id='word_1_104' title='bbox 549 1483 668 1538; x_wconf 85' lang='lat' dir='ltr'><strong>vias</strong></span> <span class='ocrx_word' id='word_1_105' title='bbox 698 1492 912 1537; x_wconf 84' lang='lat' dir='ltr'><strong>vestras</strong></span> <span class='ocrx_word' id='word_1_106' title='bbox 934 1494 987 1536; x_wconf 90' lang='lat' dir='ltr'><strong>et</strong></span> <span class='ocrx_word' id='word_1_107' title='bbox 1010 1484 1185 1538; x_wconf 88' lang='lat' dir='ltr'><strong>studia</strong></span> <span class='ocrx_word' id='word_1_108' title='bbox 1217 1495 1418 1552; x_wconf 86' lang='lat' dir='ltr'><strong>vestra,</strong></span> <span class='ocrx_word' id='word_1_109' title='bbox 1451 1498 1505 1541; x_wconf 92' lang='lat' dir='ltr'><strong>et</strong></span> <span class='ocrx_word' id='word_1_110' title='bbox 1538 1488 1719 1541; x_wconf 84' lang='lat' dir='ltr'><strong>audito</strong></span> <span class='ocrx_word' id='word_1_111' title='bbox 1738 1503 1924 1542; x_wconf 73' lang='lat' dir='ltr'><strong>vorem</strong></span> 
     </span>
    </p>
   </div>
   <div class='ocr_carea' id='block_1_18' title="bbox 346 1569 1925 1646">
    <p class='ocr_par' dir='ltr' id='par_1_18' title="bbox 346 1569 1925 1646">
     <span class='ocr_line' id='line_1_18' title="bbox 346 1569 1925 1646; baseline 0.004 -20"><span class='ocrx_word' id='word_1_112' title='bbox 346 1571 559 1628; x_wconf 87' lang='lat' dir='ltr'><strong>Domini</strong></span> <span class='ocrx_word' id='word_1_113' title='bbox 580 1569 673 1627; x_wconf 86' lang='lat' dir='ltr'><strong>Dei</strong></span> <span class='ocrx_word' id='word_1_114' title='bbox 699 1573 882 1636; x_wconf 83' lang='lat' dir='ltr'><strong>vestri,</strong></span> <span class='ocrx_word' id='word_1_115' title='bbox 915 1579 969 1627; x_wconf 91' lang='lat' dir='ltr'><strong>et</strong></span> <span class='ocrx_word' id='word_1_116' title='bbox 988 1574 1274 1643; x_wconf 69' lang='lat' dir='ltr'><strong>ptenitebit</strong></span> <span class='ocrx_word' id='word_1_117' title='bbox 1308 1575 1595 1630; x_wconf 88' lang='lat' dir='ltr'><strong>Dominum</strong></span> <span class='ocrx_word' id='word_1_118' title='bbox 1620 1579 1742 1631; x_wconf 90' lang='lat' dir='ltr'><strong>mali</strong></span> <span class='ocrx_word' id='word_1_119' title='bbox 1781 1578 1925 1646; x_wconf 86' lang='lat' dir='ltr'><strong>quod</strong></span> 
     </span>
    </p>
   </div>
   <div class='ocr_carea' id='block_1_19' title="bbox 345 1664 1929 1738">
    <p class='ocr_par' dir='ltr' id='par_1_19' title="bbox 345 1664 1929 1738">
     <span class='ocr_line' id='line_1_19' title="bbox 345 1664 1929 1738; baseline 0.003 -20"><span class='ocrx_word' id='word_1_120' title='bbox 345 1664 557 1719; x_wconf 88' lang='lat' dir='ltr'><strong>locutus</strong></span> <span class='ocrx_word' id='word_1_121' title='bbox 589 1673 676 1718; x_wconf 89' lang='lat' dir='ltr'><strong>est</strong></span> <span class='ocrx_word' id='word_1_122' title='bbox 702 1665 993 1719; x_wconf 85' lang='lat' dir='ltr'><strong>adversum</strong></span> <span class='ocrx_word' id='word_1_123' title='bbox 1024 1678 1120 1719; x_wconf 89' lang='lat' dir='ltr'><strong>vos</strong></span> <span class='ocrx_word' id='word_1_124' title='bbox 1163 1665 1292 1737; x_wconf 85' lang='lat' dir='ltr'><strong>(sive</strong></span> <span class='ocrx_word' id='word_1_125' title='bbox 1331 1667 1555 1738; x_wconf 78' lang='lat'><strong>1028</strong></span> <span class='ocrx_word' id='word_1_126' title='bbox 1585 1677 1641 1723; x_wconf 89' lang='lat' dir='ltr'><strong>et</strong></span> <span class='ocrx_word' id='word_1_127' title='bbox 1683 1669 1929 1738; x_wconf 80' lang='lat' dir='ltr'><strong>quiescet</strong></span> 
     </span>
    </p>
   </div>
   <div class='ocr_carea' id='block_1_20' title="bbox 348 1757 1928 1832">
    <p class='ocr_par' dir='ltr' id='par_1_20' title="bbox 348 1757 1928 1832">
     <span class='ocr_line' id='line_1_20' title="bbox 348 1757 1928 1832; baseline 0.001 -21"><span class='ocrx_word' id='word_1_128' title='bbox 348 1757 616 1813; x_wconf 79' lang='lat' dir='ltr'><strong>Dominus</strong></span> <span class='ocrx_word' id='word_1_129' title='bbox 645 1771 673 1810; x_wconf 84' lang='lat' dir='ltr'><strong>a</strong></span> <span class='ocrx_word' id='word_1_130' title='bbox 702 1757 866 1811; x_wconf 87' lang='lat' dir='ltr'><strong>malis</strong></span> <span class='ocrx_word' id='word_1_131' title='bbox 907 1771 1028 1826; x_wconf 64' lang='lat' dir='ltr'><strong>quae</strong></span> <span class='ocrx_word' id='word_1_132' title='bbox 1060 1757 1186 1812; x_wconf 86' lang='lat' dir='ltr'><strong>locu</strong></span> <span class='ocrx_word' id='word_1_133' title='bbox 1200 1769 1285 1812; x_wconf 85' lang='lat' dir='ltr'><strong>tus</strong></span> <span class='ocrx_word' id='word_1_134' title='bbox 1308 1772 1392 1814; x_wconf 88' lang='lat' dir='ltr'><strong>est</strong></span> <span class='ocrx_word' id='word_1_135' title='bbox 1425 1771 1614 1815; x_wconf 86' lang='lat' dir='ltr'><strong>contra</strong></span> <span class='ocrx_word' id='word_1_136' title='bbox 1645 1761 1785 1828; x_wconf 85' lang='lat' dir='ltr'><strong>vos).</strong></span> <span class='ocrx_word' id='word_1_137' title='bbox 1815 1760 1928 1832; x_wconf 82' lang='lat' dir='ltr'><strong>Ego</strong></span> 
     </span>
    </p>
   </div>
   <div class='ocr_carea' id='block_1_21' title="bbox 347 1837 1929 1908">
    <p class='ocr_par' dir='ltr' id='par_1_21' title="bbox 347 1837 1929 1908">
     <span class='ocr_line' id='line_1_21' title="bbox 347 1837 1929 1908; baseline 0.002 -6"><span class='ocrx_word' id='word_1_138' title='bbox 347 1859 533 1908; x_wconf 86' lang='lat' dir='ltr'><strong>autem</strong></span> <span class='ocrx_word' id='word_1_139' title='bbox 568 1861 699 1902; x_wconf 86' lang='lat' dir='ltr'><strong>ecce</strong></span> <span class='ocrx_word' id='word_1_140' title='bbox 727 1837 1060 1904; x_wconf 81' lang='lat' dir='ltr'><strong>inmanibus</strong></span> <span class='ocrx_word' id='word_1_141' title='bbox 1085 1850 1287 1905; x_wconf 84' lang='lat' dir='ltr'><strong>vestris</strong></span> <span class='ocrx_word' id='word_1_142' title='bbox 1328 1865 1490 1905; x_wconf 86' lang='lat' dir='ltr'><strong>sum:</strong></span> <span class='ocrx_word' id='word_1_143' title='bbox 1523 1851 1685 1907; x_wconf 85' lang='lat' dir='ltr'><strong>facite</strong></span> <span class='ocrx_word' id='word_1_144' title='bbox 1705 1851 1834 1905; x_wconf 91' lang='lat' dir='ltr'><strong>mihi</strong></span> <span class='ocrx_word' id='word_1_145' title='bbox 1874 1860 1929 1905; x_wconf 93' lang='lat' dir='ltr'><strong>ut</strong></span> 
     </span>
    </p>
   </div>
   <div class='ocr_carea' id='block_1_22' title="bbox 348 1941 1928 2013">
    <p class='ocr_par' dir='ltr' id='par_1_22' title="bbox 348 1941 1928 2013">
     <span class='ocr_line' id='line_1_22' title="bbox 348 1941 1928 2013; baseline 0.002 -18"><span class='ocrx_word' id='word_1_146' title='bbox 348 1943 553 1996; x_wconf 90' lang='lat' dir='ltr'><strong>bonum</strong></span> <span class='ocrx_word' id='word_1_147' title='bbox 587 1949 638 1996; x_wconf 93' lang='lat' dir='ltr'><strong>et</strong></span> <span class='ocrx_word' id='word_1_148' title='bbox 669 1948 878 1996; x_wconf 88' lang='lat' dir='ltr'><strong>rectum</strong></span> <span class='ocrx_word' id='word_1_149' title='bbox 910 1941 1072 1996; x_wconf 89' lang='lat' dir='ltr'><strong>estin</strong></span> <span class='ocrx_word' id='word_1_150' title='bbox 1103 1941 1284 1998; x_wconf 86' lang='lat' dir='ltr'><strong>oculis</strong></span> <span class='ocrx_word' id='word_1_151' title='bbox 1313 1944 1510 1999; x_wconf 89' lang='lat' dir='ltr'><strong>vestris</strong></span> <span class='ocrx_word' id='word_1_152' title='bbox 1534 1944 1660 2013; x_wconf 79' lang='lat' dir='ltr'><strong>(sive</strong></span> <span class='ocrx_word' id='word_1_153' title='bbox 1687 1954 1742 1998; x_wconf 91' lang='grc' dir='ltr'><strong>ιιι</strong></span> <span class='ocrx_word' id='word_1_154' title='bbox 1767 1958 1928 2013; x_wconf 84' lang='lat' dir='ltr'><strong>expe-</strong></span> 
     </span>
    </p>
   </div>
   <div class='ocr_carea' id='block_1_23' title="bbox 347 2032 1925 2105">
    <p class='ocr_par' dir='ltr' id='par_1_23' title="bbox 347 2032 1925 2105">
     <span class='ocr_line' id='line_1_23' title="bbox 347 2032 1925 2105; baseline 0.002 -18"><span class='ocrx_word' id='word_1_155' title='bbox 347 2035 429 2087; x_wconf 92' lang='lat' dir='ltr'><strong>dit</strong></span> <span class='ocrx_word' id='word_1_156' title='bbox 459 2032 661 2101; x_wconf 83' lang='lat' dir='ltr'><strong>vobis).</strong></span> <span class='ocrx_word' id='word_1_157' title='bbox 693 2033 1080 2088; x_wconf 80' lang='lat' dir='ltr'><strong>Verumtamen</strong></span> <span class='ocrx_word' id='word_1_158' title='bbox 1107 2035 1303 2089; x_wconf 89' lang='lat' dir='ltr'><strong>scitote</strong></span> <span class='ocrx_word' id='word_1_159' title='bbox 1329 2043 1380 2090; x_wconf 88' lang='lat' dir='ltr'><strong>et</strong></span> <span class='ocrx_word' id='word_1_160' title='bbox 1411 2037 1751 2105; x_wconf 81' lang='lat' dir='ltr'><strong>cognoscite,</strong></span> <span class='ocrx_word' id='word_1_161' title='bbox 1781 2036 1925 2105; x_wconf 84' lang='lat' dir='ltr'><strong>quod</strong></span> 
     </span>
    </p>
   </div>
   <div class='ocr_carea' id='block_1_24' title="bbox 349 2123 1930 2194">
    <p class='ocr_par' dir='ltr' id='par_1_24' title="bbox 349 2123 1930 2194">
     <span class='ocr_line' id='line_1_24' title="bbox 349 2123 1930 2194; baseline 0.003 -16"><span class='ocrx_word' id='word_1_162' title='bbox 349 2126 394 2178; x_wconf 88' lang='lat' dir='ltr'><strong>si</strong></span> <span class='ocrx_word' id='word_1_163' title='bbox 445 2123 766 2179; x_wconf 82' lang='lat' dir='ltr'><strong>occideritis</strong></span> <span class='ocrx_word' id='word_1_164' title='bbox 804 2137 915 2186; x_wconf 90' lang='lat' dir='ltr'><strong>me,</strong></span> <span class='ocrx_word' id='word_1_165' title='bbox 941 2124 1265 2194; x_wconf 84' lang='lat' dir='ltr'><strong>sanguinem</strong></span> <span class='ocrx_word' id='word_1_166' title='bbox 1317 2125 1664 2182; x_wconf 87' lang='lat' dir='ltr'><strong>innocentem</strong></span> <span class='ocrx_word' id='word_1_167' title='bbox 1701 2127 1930 2184; x_wconf 86' lang='lat' dir='ltr'><strong>tradetis</strong></span> 
     </span>
    </p>
   </div>
   <div class='ocr_carea' id='block_1_25' title="bbox 349 2211 1932 2282">
    <p class='ocr_par' dir='ltr' id='par_1_25' title="bbox 349 2211 1932 2282">
     <span class='ocr_line' id='line_1_25' title="bbox 349 2211 1932 2282; baseline 0.003 -15"><span class='ocrx_word' id='word_1_168' title='bbox 349 2222 543 2267; x_wconf 73' lang='lat' dir='ltr'><strong>contra</strong></span> <span class='ocrx_word' id='word_1_169' title='bbox 578 2211 966 2281; x_wconf 82' lang='lat' dir='ltr'><strong>vosmetipsos,</strong></span> <span class='ocrx_word' id='word_1_170' title='bbox 1017 2222 1072 2266; x_wconf 88' lang='lat' dir='ltr'><strong>et</strong></span> <span class='ocrx_word' id='word_1_171' title='bbox 1105 2221 1294 2267; x_wconf 89' lang='lat' dir='ltr'><strong>contra</strong></span> <span class='ocrx_word' id='word_1_172' title='bbox 1354 2215 1629 2271; x_wconf 76' lang='lat' dir='ltr'><strong>civitatem</strong></span> <span class='ocrx_word' id='word_1_173' title='bbox 1668 2217 1848 2282; x_wconf 85' lang='lat' dir='ltr'><strong>istam,</strong></span> <span class='ocrx_word' id='word_1_174' title='bbox 1878 2230 1932 2272; x_wconf 89' lang='lat' dir='ltr'><strong>et</strong></span> 
     </span>
    </p>
   </div>
   <div class='ocr_carea' id='block_1_26' title="bbox 353 2302 1930 2370">
    <p class='ocr_par' dir='ltr' id='par_1_26' title="bbox 353 2302 1930 2370">
     <span class='ocr_line' id='line_1_26' title="bbox 353 2302 1930 2370; baseline 0.002 -10"><span class='ocrx_word' id='word_1_175' title='bbox 353 2305 692 2360; x_wconf 81' lang='lat' dir='ltr'><strong>habitatores</strong></span> <span class='ocrx_word' id='word_1_176' title='bbox 719 2305 862 2370; x_wconf 83' lang='lat' dir='ltr'><strong>ejus.</strong></span> <span class='ocrx_word' id='word_1_177' title='bbox 899 2302 956 2357; x_wconf 84' lang='lat' dir='ltr'><strong>In</strong></span> <span class='ocrx_word' id='word_1_178' title='bbox 991 2305 1223 2360; x_wconf 84' lang='lat' dir='ltr'><strong>veritate</strong></span> <span class='ocrx_word' id='word_1_179' title='bbox 1269 2307 1412 2360; x_wconf 87' lang='lat' dir='ltr'><strong>enim</strong></span> <span class='ocrx_word' id='word_1_180' title='bbox 1445 2307 1600 2362; x_wconf 84' lang='lat' dir='ltr'><strong>misit</strong></span> <span class='ocrx_word' id='word_1_181' title='bbox 1632 2325 1716 2363; x_wconf 88' lang='lat' dir='ltr'><strong>tite</strong></span> <span class='ocrx_word' id='word_1_182' title='bbox 1746 2309 1930 2363; x_wconf 87' lang='lat' dir='ltr'><strong>Domi-</strong></span> 
     </span>
    </p>
   </div>
   <div class='ocr_carea' id='block_1_27' title="bbox 353 2395 1929 2464">
    <p class='ocr_par' dir='ltr' id='par_1_27' title="bbox 353 2395 1929 2464">
     <span class='ocr_line' id='line_1_27' title="bbox 353 2395 1929 2464; baseline 0.002 -14"><span class='ocrx_word' id='word_1_183' title='bbox 353 2412 460 2450; x_wconf 83' lang='lat' dir='ltr'><strong>nus</strong></span> <span class='ocrx_word' id='word_1_184' title='bbox 502 2395 568 2449; x_wconf 88' lang='lat' dir='ltr'><strong>ad</strong></span> <span class='ocrx_word' id='word_1_185' title='bbox 599 2410 720 2460; x_wconf 89' lang='lat' dir='ltr'><strong>vos,</strong></span> <span class='ocrx_word' id='word_1_186' title='bbox 752 2404 810 2448; x_wconf 92' lang='lat' dir='ltr'><strong>ut</strong></span> <span class='ocrx_word' id='word_1_187' title='bbox 859 2395 1112 2464; x_wconf 87' lang='lat' dir='ltr'><strong>loquerer</strong></span> <span class='ocrx_word' id='word_1_188' title='bbox 1158 2396 1210 2448; x_wconf 94' lang='lat' dir='ltr'><strong>in</strong></span> <span class='ocrx_word' id='word_1_189' title='bbox 1259 2397 1486 2452; x_wconf 84' lang='lat' dir='ltr'><strong>auribus</strong></span> <span class='ocrx_word' id='word_1_190' title='bbox 1519 2399 1715 2454; x_wconf 82' lang='lat' dir='ltr'><strong>vestris</strong></span> <span class='ocrx_word' id='word_1_191' title='bbox 1748 2401 1929 2455; x_wconf 87' lang='lat' dir='ltr'><strong>omnia</strong></span> 
     </span>
    </p>
   </div>
   <div class='ocr_carea' id='block_1_28' title="bbox 351 2484 1932 2558">
    <p class='ocr_par' dir='ltr' id='par_1_28' title="bbox 351 2484 1932 2558">
     <span class='ocr_line' id='line_1_28' title="bbox 351 2484 1932 2558; baseline 0.003 -18"><span class='ocrx_word' id='word_1_192' title='bbox 351 2486 515 2540; x_wconf 85' lang='lat' dir='ltr'><strong>verba</strong></span> <span class='ocrx_word' id='word_1_193' title='bbox 549 2486 687 2540; x_wconf 64' lang='grc' dir='ltr'>ιιιηε.</span> <span class='ocrx_word' id='word_1_194' title='bbox 737 2503 756 2536; x_wconf 81' lang='grc' dir='ltr'><strong>ι</strong></span> <span class='ocrx_word' id='word_1_195' title='bbox 814 2484 952 2540; x_wconf 90' lang='lat' dir='ltr'><strong>Cum</strong></span> <span class='ocrx_word' id='word_1_196' title='bbox 1004 2496 1275 2557; x_wconf 66' lang='lat' dir='ltr'><strong>praesente</strong></span> <span class='ocrx_word' id='word_1_197' title='bbox 1323 2487 1542 2558; x_wconf 90' lang='lat' dir='ltr'><strong>populo,</strong></span> <span class='ocrx_word' id='word_1_198' title='bbox 1569 2491 1823 2545; x_wconf 87' lang='lat' dir='ltr'><strong>sederent</strong></span> <span class='ocrx_word' id='word_1_199' title='bbox 1877 2491 1932 2544; x_wconf 90' lang='lat' dir='ltr'><strong>in</strong></span> 
     </span>
    </p>
   </div>
   <div class='ocr_carea' id='block_1_29' title="bbox 358 2579 1934 2650">
    <p class='ocr_par' dir='ltr' id='par_1_29' title="bbox 358 2579 1934 2650">
     <span class='ocr_line' id='line_1_29' title="bbox 358 2579 1934 2650; baseline 0.003 -16"><span class='ocrx_word' id='word_1_200' title='bbox 358 2591 515 2649; x_wconf 89' lang='lat' dir='ltr'><strong>porta</strong></span> <span class='ocrx_word' id='word_1_201' title='bbox 549 2580 797 2636; x_wconf 77' lang='lat' dir='ltr'><strong>civitatis</strong></span> <span class='ocrx_word' id='word_1_202' title='bbox 819 2579 1126 2650; x_wconf 90' lang='lat' dir='ltr'><strong>principes,</strong></span> <span class='ocrx_word' id='word_1_203' title='bbox 1163 2591 1218 2635; x_wconf 91' lang='lat' dir='ltr'><strong>et</strong></span> <span class='ocrx_word' id='word_1_204' title='bbox 1259 2593 1584 2638; x_wconf 84' lang='lat' dir='ltr'><strong>accusarent</strong></span> <span class='ocrx_word' id='word_1_205' title='bbox 1621 2584 1934 2638; x_wconf 80' lang='lat' dir='ltr'><strong>sacerdotes</strong></span> 
     </span>
    </p>
   </div>
   <div class='ocr_carea' id='block_1_30' title="bbox 355 2669 1932 2742">
    <p class='ocr_par' dir='ltr' id='par_1_30' title="bbox 355 2669 1932 2742">
     <span class='ocr_line' id='line_1_30' title="bbox 355 2669 1932 2742; baseline 0.002 -15"><span class='ocrx_word' id='word_1_206' title='bbox 355 2683 410 2727; x_wconf 84' lang='lat' dir='ltr'><strong>et</strong></span> <span class='ocrx_word' id='word_1_207' title='bbox 445 2673 722 2742; x_wconf 69' lang='lat' dir='ltr'><strong>propheta:</strong></span> <span class='ocrx_word' id='word_1_208' title='bbox 743 2669 1035 2725; x_wconf 84' lang='lat' dir='ltr'><strong>Jeremiam</strong></span> <span class='ocrx_word' id='word_1_209' title='bbox 1063 2672 1409 2742; x_wconf 84' lang='lat' dir='ltr'><strong>prophetam,</strong></span> <span class='ocrx_word' id='word_1_210' title='bbox 1435 2683 1486 2727; x_wconf 87' lang='lat' dir='ltr'><strong>et</strong></span> <span class='ocrx_word' id='word_1_211' title='bbox 1511 2677 1706 2731; x_wconf 89' lang='lat' dir='ltr'><strong>mortis</strong></span> <span class='ocrx_word' id='word_1_212' title='bbox 1727 2679 1932 2730; x_wconf 88' lang='lat' dir='ltr'><strong>crimen</strong></span> 
     </span>
    </p>
   </div>
   <div class='ocr_carea' id='block_1_31' title="bbox 356 2762 1933 2836">
    <p class='ocr_par' dir='ltr' id='par_1_31' title="bbox 356 2762 1933 2836">
     <span class='ocr_line' id='line_1_31' title="bbox 356 2762 1933 2836; baseline 0.003 -20"><span class='ocrx_word' id='word_1_213' title='bbox 356 2765 731 2826; x_wconf 86' lang='lat' dir='ltr'><strong>intenderent,</strong></span> <span class='ocrx_word' id='word_1_214' title='bbox 763 2762 1034 2818; x_wconf 81' lang='lat' dir='ltr'><strong>Jeremias</strong></span> <span class='ocrx_word' id='word_1_215' title='bbox 1067 2766 1134 2816; x_wconf 76' lang='lat' dir='ltr'><strong>atl</strong></span> <span class='ocrx_word' id='word_1_216' title='bbox 1165 2765 1440 2834; x_wconf 87' lang='lat' dir='ltr'><strong>principes</strong></span> <span class='ocrx_word' id='word_1_217' title='bbox 1477 2767 1739 2836; x_wconf 88' lang='lat' dir='ltr'><strong>loquitur.</strong></span> <span class='ocrx_word' id='word_1_218' title='bbox 1777 2776 1832 2821; x_wconf 89' lang='lat' dir='ltr'><strong>et</strong></span> <span class='ocrx_word' id='word_1_219' title='bbox 1865 2766 1933 2822; x_wconf 85' lang='lat' dir='ltr'><strong>ad</strong></span> 
     </span>
    </p>
   </div>
   <div class='ocr_carea' id='block_1_32' title="bbox 356 2855 1939 2929">
    <p class='ocr_par' dir='ltr' id='par_1_32' title="bbox 356 2855 1939 2929">
     <span class='ocr_line' id='line_1_32' title="bbox 356 2855 1939 2929; baseline 0.002 -19"><span class='ocrx_word' id='word_1_220' title='bbox 356 2857 674 2911; x_wconf 86' lang='lat' dir='ltr'><strong>universum</strong></span> <span class='ocrx_word' id='word_1_221' title='bbox 705 2855 981 2925; x_wconf 86' lang='lat' dir='ltr'><strong>populum,</strong></span> <span class='ocrx_word' id='word_1_222' title='bbox 1003 2871 1142 2924; x_wconf 86' lang='lat' dir='ltr'><strong>quos</strong></span> <span class='ocrx_word' id='word_1_223' title='bbox 1161 2856 1504 2911; x_wconf 86' lang='lat' dir='ltr'><strong>sacerdotum</strong></span> <span class='ocrx_word' id='word_1_224' title='bbox 1529 2867 1580 2912; x_wconf 88' lang='lat' dir='ltr'><strong>et</strong></span> <span class='ocrx_word' id='word_1_225' title='bbox 1603 2860 1939 2929; x_wconf 71' lang='lat' dir='ltr'><strong>pseudopro-</strong></span> 
     </span>
    </p>
   </div>
   <div class='ocr_carea' id='block_1_33' title="bbox 2019 382 3600 452">
    <p class='ocr_par' dir='ltr' id='par_1_33' title="bbox 2019 382 3600 452">
     <span class='ocr_line' id='line_1_33' title="bbox 2019 382 3600 452; baseline -0.001 -15"><span class='ocrx_word' id='word_1_226' title='bbox 2019 385 2163 437; x_wconf 90' lang='lat' dir='ltr'><strong>enim</strong></span> <span class='ocrx_word' id='word_1_227' title='bbox 2205 382 2393 450; x_wconf 83' lang='lat' dir='ltr'><strong>vulgus</strong></span> <span class='ocrx_word' id='word_1_228' title='bbox 2424 382 2699 436; x_wconf 89' lang='lat' dir='ltr'><strong>indoctum</strong></span> <span class='ocrx_word' id='word_1_229' title='bbox 2729 393 2955 452; x_wconf 87' lang='lat' dir='ltr'><strong>accepta</strong></span> <span class='ocrx_word' id='word_1_230' title='bbox 2991 385 3203 437; x_wconf 84' lang='lat' dir='ltr'><strong>ratione</strong></span> <span class='ocrx_word' id='word_1_231' title='bbox 3260 394 3438 438; x_wconf 82' lang='lat' dir='ltr'><strong>mutat</strong></span> <span class='ocrx_word' id='word_1_232' title='bbox 3471 401 3600 439; x_wconf 84' lang='lat' dir='ltr'><strong>sen-</strong></span> 
     </span>
    </p>
   </div>
   <div class='ocr_carea' id='block_1_34' title="bbox 2021 473 3605 545">
    <p class='ocr_par' dir='ltr' id='par_1_34' title="bbox 2021 473 3605 545">
     <span class='ocr_line' id='line_1_34' title="bbox 2021 473 3605 545; baseline 0.001 -17"><span class='ocrx_word' id='word_1_233' title='bbox 2021 475 2264 528; x_wconf 90' lang='lat' dir='ltr'><strong>tentiam.</strong></span> <span class='ocrx_word' id='word_1_234' title='bbox 2293 473 2454 527; x_wconf 92' lang='lat' dir='ltr'><strong>Dolor</strong></span> <span class='ocrx_word' id='word_1_235' title='bbox 2481 482 2661 528; x_wconf 89' lang='lat' dir='ltr'><strong>autem</strong></span> <span class='ocrx_word' id='word_1_236' title='bbox 2693 475 3091 538; x_wconf 87' lang='lat' dir='ltr'><strong>accusantium,</strong></span> <span class='ocrx_word' id='word_1_237' title='bbox 3123 476 3396 545; x_wconf 71' lang='lat' dir='ltr'><strong>prtecipue</strong></span> <span class='ocrx_word' id='word_1_238' title='bbox 3418 491 3605 529; x_wconf 86' lang='lat' dir='ltr'><strong>sacer-</strong></span> 
     </span>
    </p>
   </div>
   <div class='ocr_carea' id='block_1_35' title="bbox 2021 563 3603 634">
    <p class='ocr_par' dir='ltr' id='par_1_35' title="bbox 2021 563 3603 634">
     <span class='ocr_line' id='line_1_35' title="bbox 2021 563 3603 634; baseline 0.001 -17"><span class='ocrx_word' id='word_1_239' title='bbox 2021 565 2233 628; x_wconf 85' lang='lat' dir='ltr'><strong>dotum,</strong></span> <span class='ocrx_word' id='word_1_240' title='bbox 2279 573 2329 617; x_wconf 91' lang='lat' dir='ltr'><strong>et</strong></span> <span class='ocrx_word' id='word_1_241' title='bbox 2367 563 2963 633; x_wconf 82' lang='lat' dir='ltr'><strong>pseudoprophetarum</strong></span> <span class='ocrx_word' id='word_1_242' title='bbox 3017 580 3126 617; x_wconf 89' lang='lat' dir='ltr'><strong>non</strong></span> <span class='ocrx_word' id='word_1_243' title='bbox 3167 574 3350 634; x_wconf 88' lang='lat' dir='ltr'><strong>potest</strong></span> <span class='ocrx_word' id='word_1_244' title='bbox 3403 566 3603 620; x_wconf 86' lang='lat' dir='ltr'><strong>immu-</strong></span> 
     </span>
    </p>
   </div>
   <div class='ocr_carea' id='block_1_36' title="bbox 2021 655 3602 719">
    <p class='ocr_par' dir='ltr' id='par_1_36' title="bbox 2021 655 3602 719">
     <span class='ocr_line' id='line_1_36' title="bbox 2021 655 3602 719; baseline 0.004 -10"><span class='ocrx_word' id='word_1_245' title='bbox 2021 656 2146 709; x_wconf 87' lang='lat' dir='ltr'><strong>tari.</strong></span> <span class='ocrx_word' id='word_1_246' title='bbox 2191 656 2256 710; x_wconf 81' lang='lat' dir='ltr'><strong>Et</strong></span> <span class='ocrx_word' id='word_1_247' title='bbox 2290 656 2410 710; x_wconf 87' lang='lat' dir='ltr'><strong>ideo</strong></span> <span class='ocrx_word' id='word_1_248' title='bbox 2444 655 2549 709; x_wconf 85' lang='lat' dir='ltr'><strong>illis</strong></span> <span class='ocrx_word' id='word_1_249' title='bbox 2606 657 3019 719; x_wconf 84' lang='lat' dir='ltr'><strong>accusantibus,</strong></span> <span class='ocrx_word' id='word_1_250' title='bbox 3054 667 3102 711; x_wconf 91' lang='lat' dir='ltr'><strong>et</strong></span> <span class='ocrx_word' id='word_1_251' title='bbox 3143 658 3196 711; x_wconf 91' lang='lat' dir='ltr'><strong>in</strong></span> <span class='ocrx_word' id='word_1_252' title='bbox 3251 662 3602 715; x_wconf 81' lang='lat' dir='ltr'><strong>accusatione</strong></span> 
     </span>
    </p>
   </div>
   <div class='ocr_carea' id='block_1_37' title="bbox 2021 747 3598 820">
    <p class='ocr_par' dir='ltr' id='par_1_37' title="bbox 2021 747 3598 820">
     <span class='ocr_line' id='line_1_37' title="bbox 2021 747 3598 820; baseline 0.003 -20"><span class='ocrx_word' id='word_1_253' title='bbox 2021 748 2522 816; x_wconf 82' lang='lat' dir='ltr'><strong>perseverantibus,</strong></span> <span class='ocrx_word' id='word_1_254' title='bbox 2557 747 2792 817; x_wconf 86' lang='lat' dir='ltr'><strong>pupulus</strong></span> <span class='ocrx_word' id='word_1_255' title='bbox 2817 757 3190 802; x_wconf 89' lang='lat' dir='ltr'><strong>commutatur</strong></span> <span class='ocrx_word' id='word_1_256' title='bbox 3222 765 3238 804; x_wconf 89' lang='lat'><strong>:</strong></span> <span class='ocrx_word' id='word_1_257' title='bbox 3270 752 3414 819; x_wconf 92' lang='lat' dir='ltr'><strong>quod</strong></span> <span class='ocrx_word' id='word_1_258' title='bbox 3449 766 3598 820; x_wconf 87' lang='lat' dir='ltr'><strong>spem</strong></span> 
     </span>
    </p>
   </div>
   <div class='ocr_carea' id='block_1_38' title="bbox 2022 835 3600 906">
    <p class='ocr_par' dir='ltr' id='par_1_38' title="bbox 2022 835 3600 906">
     <span class='ocr_line' id='line_1_38' title="bbox 2022 835 3600 906; baseline 0.003 -16"><span class='ocrx_word' id='word_1_259' title='bbox 2022 836 2102 890; x_wconf 90' lang='lat' dir='ltr'><strong>eis</strong></span> <span class='ocrx_word' id='word_1_260' title='bbox 2131 835 2358 891; x_wconf 80' lang='lat' dir='ltr'><strong>dederat</strong></span> <span class='ocrx_word' id='word_1_261' title='bbox 2388 836 2740 906; x_wconf 73' lang='lat' dir='ltr'><strong>indulgentia:</strong></span> <span class='ocrx_word' id='word_1_262' title='bbox 2768 836 3056 901; x_wconf 79' lang='lat' dir='ltr'><strong>Dominus,</strong></span> <span class='ocrx_word' id='word_1_263' title='bbox 3083 839 3127 894; x_wconf 88' lang='lat' dir='ltr'><strong>si</strong></span> <span class='ocrx_word' id='word_1_264' title='bbox 3157 839 3331 894; x_wconf 85' lang='lat' dir='ltr'><strong>bonas</strong></span> <span class='ocrx_word' id='word_1_265' title='bbox 3356 840 3600 895; x_wconf 79' lang='lat' dir='ltr'><strong>lacerent</strong></span> 
     </span>
    </p>
   </div>
   <div class='ocr_carea' id='block_1_39' title="bbox 2028 927 3595 998">
    <p class='ocr_par' dir='ltr' id='par_1_39' title="bbox 2028 927 3595 998">
     <span class='ocr_line' id='line_1_39' title="bbox 2028 927 3595 998; baseline 0.004 -19"><span class='ocrx_word' id='word_1_266' title='bbox 2028 927 2243 998; x_wconf 71' lang='lat'><strong>1039</strong></span> <span class='ocrx_word' id='word_1_267' title='bbox 2280 928 2396 982; x_wconf 85' lang='lat' dir='ltr'><strong>vias</strong></span> <span class='ocrx_word' id='word_1_268' title='bbox 2447 933 2677 993; x_wconf 86' lang='lat' dir='ltr'><strong>suas,et</strong></span> <span class='ocrx_word' id='word_1_269' title='bbox 2724 927 2979 983; x_wconf 86' lang='lat' dir='ltr'><strong>audirent</strong></span> <span class='ocrx_word' id='word_1_270' title='bbox 3015 943 3202 984; x_wconf 87' lang='lat' dir='ltr'><strong>vocem</strong></span> <span class='ocrx_word' id='word_1_271' title='bbox 3249 929 3462 984; x_wconf 81' lang='lat' dir='ltr'><strong>Domini</strong></span> <span class='ocrx_word' id='word_1_272' title='bbox 3508 932 3595 985; x_wconf 88' lang='lat' dir='ltr'><strong>Dci</strong></span> 
     </span>
    </p>
   </div>
   <div class='ocr_carea' id='block_1_40' title="bbox 2025 1019 3494 1084">
    <p class='ocr_par' dir='ltr' id='par_1_40' title="bbox 2025 1019 3494 1084">
     <span class='ocr_line' id='line_1_40' title="bbox 2025 1019 3494 1084; baseline 0.001 -9"><span class='ocrx_word' id='word_1_273' title='bbox 2025 1021 2133 1084; x_wconf 83' lang='lat' dir='ltr'><strong>sui,</strong></span> <span class='ocrx_word' id='word_1_274' title='bbox 2177 1030 2235 1072; x_wconf 87' lang='grc' dir='ltr'><strong>ιιι</strong></span> <span class='ocrx_word' id='word_1_275' title='bbox 2263 1027 2318 1074; x_wconf 88' lang='lat' dir='ltr'><strong>et</strong></span> <span class='ocrx_word' id='word_1_276' title='bbox 2354 1019 2619 1074; x_wconf 82' lang='lat' dir='ltr'><strong>Dominus</strong></span> <span class='ocrx_word' id='word_1_277' title='bbox 2659 1034 2814 1073; x_wconf 87' lang='lat' dir='ltr'><strong>suam</strong></span> <span class='ocrx_word' id='word_1_278' title='bbox 2848 1021 3181 1075; x_wconf 86' lang='lat' dir='ltr'><strong>sententiam</strong></span> <span class='ocrx_word' id='word_1_279' title='bbox 3225 1021 3494 1077; x_wconf 84' lang='lat' dir='ltr'><strong>flecteret.</strong></span> 
     </span>
    </p>
   </div>
   <div class='ocr_carea' id='block_1_41' title="bbox 2096 1111 3597 1182">
    <p class='ocr_par' dir='ltr' id='par_1_41' title="bbox 2096 1111 3597 1182">
     <span class='ocr_line' id='line_1_41' title="bbox 2096 1111 3597 1182; baseline 0 -16"><span class='ocrx_word' id='word_1_280' title='bbox 2096 1112 2276 1181; x_wconf 81' lang='lat' dir='ltr'><strong>(Vers.</strong></span> <span class='ocrx_word' id='word_1_281' title='bbox 2335 1113 2402 1166; x_wconf 85' lang='grc'><strong>17</strong></span> <span class='ocrx_word' id='word_1_282' title='bbox 2434 1114 2614 1182; x_wconf 84' lang='lat' dir='ltr'><strong>seqq.)</strong></span> <span class='ocrx_word' id='word_1_283' title='bbox 2646 1131 2662 1164; x_wconf 83' lang='grc' dir='ltr'><strong>ι</strong></span> <span class='ocrx_word' id='word_1_284' title='bbox 2703 1111 3182 1181; x_wconf 78' lang='lat' dir='ltr'><strong>Surrexeruntque</strong></span> <span class='ocrx_word' id='word_1_285' title='bbox 3200 1114 3296 1169; x_wconf 84' lang='lat' dir='ltr'><strong>viri</strong></span> <span class='ocrx_word' id='word_1_286' title='bbox 3327 1114 3397 1168; x_wconf 79' lang='lat' dir='ltr'><strong>de</strong></span> <span class='ocrx_word' id='word_1_287' title='bbox 3424 1117 3597 1168; x_wconf 81' lang='lat' dir='ltr'><strong>senio-</strong></span> 
     </span>
    </p>
   </div>
   <div class='ocr_carea' id='block_1_42' title="bbox 2027 1201 3596 1276">
    <p class='ocr_par' dir='ltr' id='par_1_42' title="bbox 2027 1201 3596 1276">
     <span class='ocr_line' id='line_1_42' title="bbox 2027 1201 3596 1276; baseline 0.003 -21"><span class='ocrx_word' id='word_1_288' title='bbox 2027 1201 2179 1258; x_wconf 87' lang='lat' dir='ltr'><strong>ribus</strong></span> <span class='ocrx_word' id='word_1_289' title='bbox 2206 1215 2384 1270; x_wconf 68' lang='lat' dir='ltr'><strong>terrae,</strong></span> <span class='ocrx_word' id='word_1_290' title='bbox 2415 1216 2473 1259; x_wconf 89' lang='lat' dir='ltr'><strong>et</strong></span> <span class='ocrx_word' id='word_1_291' title='bbox 2511 1206 2769 1259; x_wconf 73' lang='lat' dir='ltr'><strong>dixerunt</strong></span> <span class='ocrx_word' id='word_1_292' title='bbox 2802 1205 2868 1258; x_wconf 88' lang='lat' dir='ltr'><strong>ad</strong></span> <span class='ocrx_word' id='word_1_293' title='bbox 2916 1220 3135 1260; x_wconf 88' lang='lat' dir='ltr'><strong>omnem</strong></span> <span class='ocrx_word' id='word_1_294' title='bbox 3172 1215 3376 1261; x_wconf 73' lang='lat' dir='ltr'><strong>emtum</strong></span> <span class='ocrx_word' id='word_1_295' title='bbox 3423 1208 3596 1276; x_wconf 82' lang='lat' dir='ltr'><strong>populi</strong></span> 
     </span>
    </p>
   </div>
   <div class='ocr_carea' id='block_1_43' title="bbox 2027 1296 3596 1368">
    <p class='ocr_par' dir='ltr' id='par_1_43' title="bbox 2027 1296 3596 1368">
     <span class='ocr_line' id='line_1_43' title="bbox 2027 1296 3596 1368; baseline 0.002 -19"><span class='ocrx_word' id='word_1_296' title='bbox 2027 1296 2314 1364; x_wconf 86' lang='lat' dir='ltr'><strong>loquentes</strong></span> <span class='ocrx_word' id='word_1_297' title='bbox 2352 1313 2370 1352; x_wconf 82' lang='lat'><strong>:</strong></span> <span class='ocrx_word' id='word_1_298' title='bbox 2407 1297 2665 1353; x_wconf 60' lang='lat' dir='ltr'><strong>Micha&#39;as</strong></span> <span class='ocrx_word' id='word_1_299' title='bbox 2693 1298 2762 1352; x_wconf 89' lang='lat' dir='ltr'><strong>de</strong></span> <span class='ocrx_word' id='word_1_300' title='bbox 2816 1297 3077 1353; x_wconf 82' lang='lat' dir='ltr'><strong>Morastbi</strong></span> <span class='ocrx_word' id='word_1_301' title='bbox 3131 1299 3230 1354; x_wconf 93' lang='lat' dir='ltr'><strong>fuit</strong></span> <span class='ocrx_word' id='word_1_302' title='bbox 3261 1300 3520 1368; x_wconf 85' lang='lat' dir='ltr'><strong>propheta</strong></span> <span class='ocrx_word' id='word_1_303' title='bbox 3547 1301 3596 1354; x_wconf 89' lang='lat' dir='ltr'><strong>in</strong></span> 
     </span>
    </p>
   </div>
   <div class='ocr_carea' id='block_1_44' title="bbox 2031 1387 3600 1458">
    <p class='ocr_par' dir='ltr' id='par_1_44' title="bbox 2031 1387 3600 1458">
     <span class='ocr_line' id='line_1_44' title="bbox 2031 1387 3600 1458; baseline 0 -16"><span class='ocrx_word' id='word_1_304' title='bbox 2031 1388 2224 1442; x_wconf 86' lang='lat' dir='ltr'><strong>diebus</strong></span> <span class='ocrx_word' id='word_1_305' title='bbox 2254 1387 2502 1443; x_wconf 75' lang='lat' dir='ltr'><strong>Ezechia:</strong></span> <span class='ocrx_word' id='word_1_306' title='bbox 2533 1389 2678 1458; x_wconf 79' lang='lat' dir='ltr'><strong>regis</strong></span> <span class='ocrx_word' id='word_1_307' title='bbox 2709 1387 2868 1453; x_wconf 85' lang='lat' dir='ltr'><strong>Juda,</strong></span> <span class='ocrx_word' id='word_1_308' title='bbox 2900 1399 2954 1443; x_wconf 89' lang='lat' dir='ltr'><strong>et</strong></span> <span class='ocrx_word' id='word_1_309' title='bbox 2988 1394 3065 1444; x_wconf 89' lang='lat' dir='ltr'><strong>ait</strong></span> <span class='ocrx_word' id='word_1_310' title='bbox 3096 1389 3162 1444; x_wconf 87' lang='lat' dir='ltr'><strong>ad</strong></span> <span class='ocrx_word' id='word_1_311' title='bbox 3193 1404 3410 1444; x_wconf 90' lang='lat' dir='ltr'><strong>omnem</strong></span> <span class='ocrx_word' id='word_1_312' title='bbox 3434 1404 3600 1458; x_wconf 85' lang='lat' dir='ltr'><strong>popu-</strong></span> 
     </span>
    </p>
   </div>
   <div class='ocr_carea' id='block_1_45' title="bbox 2031 1478 3599 1545">
    <p class='ocr_par' dir='ltr' id='par_1_45' title="bbox 2031 1478 3599 1545">
     <span class='ocr_line' id='line_1_45' title="bbox 2031 1478 3599 1545; baseline 0.002 -13"><span class='ocrx_word' id='word_1_313' title='bbox 2031 1479 2138 1532; x_wconf 88' lang='lat' dir='ltr'><strong>ltnn</strong></span> <span class='ocrx_word' id='word_1_314' title='bbox 2161 1478 2324 1545; x_wconf 77' lang='lat' dir='ltr'><strong>Juda,</strong></span> <span class='ocrx_word' id='word_1_315' title='bbox 2352 1481 2539 1536; x_wconf 87' lang='lat' dir='ltr'><strong>dicens</strong></span> <span class='ocrx_word' id='word_1_316' title='bbox 2567 1496 2580 1533; x_wconf 90' lang='lat'><strong>:</strong></span> <span class='ocrx_word' id='word_1_317' title='bbox 2616 1480 2740 1535; x_wconf 69' lang='lat' dir='ltr'><strong>Haec</strong></span> <span class='ocrx_word' id='word_1_318' title='bbox 2763 1481 2892 1536; x_wconf 90' lang='lat' dir='ltr'><strong>dicit</strong></span> <span class='ocrx_word' id='word_1_319' title='bbox 2925 1481 3182 1536; x_wconf 80' lang='lat' dir='ltr'><strong>Dominus</strong></span> <span class='ocrx_word' id='word_1_320' title='bbox 3218 1481 3555 1535; x_wconf 83' lang='lat' dir='ltr'><strong>exercituum</strong></span> <span class='ocrx_word' id='word_1_321' title='bbox 3584 1498 3599 1535; x_wconf 86' lang='lat'><strong>:</strong></span> 
     </span>
    </p>
   </div>
   <div class='ocr_carea' id='block_1_46' title="bbox 2035 1571 3600 1642">
    <p class='ocr_par' dir='ltr' id='par_1_46' title="bbox 2035 1571 3600 1642">
     <span class='ocr_line' id='line_1_46' title="bbox 2035 1571 3600 1642; baseline 0 -17"><span class='ocrx_word' id='word_1_322' title='bbox 2035 1571 2166 1625; x_wconf 66' lang='lat' dir='ltr'><strong>Sion</strong></span> <span class='ocrx_word' id='word_1_323' title='bbox 2199 1571 2358 1641; x_wconf 81' lang='lat' dir='ltr'><strong>quasi</strong></span> <span class='ocrx_word' id='word_1_324' title='bbox 2392 1585 2522 1642; x_wconf 76' lang='lat' dir='ltr'><strong>ager</strong></span> <span class='ocrx_word' id='word_1_325' title='bbox 2558 1573 2826 1639; x_wconf 84' lang='lat' dir='ltr'><strong>arabitur,</strong></span> <span class='ocrx_word' id='word_1_326' title='bbox 2858 1571 3230 1628; x_wconf 69' lang='lat' dir='ltr'><strong>etJerusalem</strong></span> <span class='ocrx_word' id='word_1_327' title='bbox 3263 1575 3317 1628; x_wconf 89' lang='lat' dir='ltr'><strong>in</strong></span> <span class='ocrx_word' id='word_1_328' title='bbox 3350 1589 3600 1628; x_wconf 86' lang='lat' dir='ltr'><strong>acervum</strong></span> 
     </span>
    </p>
   </div>
   <div class='ocr_carea' id='block_1_47' title="bbox 1956 1641 3600 1732">
    <p class='ocr_par' dir='ltr' id='par_1_47' title="bbox 1956 1641 3600 1732">
     <span class='ocr_line' id='line_1_47' title="bbox 1956 1641 3600 1732; baseline 0 -18"><span class='ocrx_word' id='word_1_329' title='bbox 1956 1641 2004 1700; x_wconf 76' lang='grc' dir='ltr'><strong>Β</strong></span> <span class='ocrx_word' id='word_1_330' title='bbox 2036 1663 2278 1732; x_wconf 80' lang='lat' dir='ltr'><strong>lapidum</strong></span> <span class='ocrx_word' id='word_1_331' title='bbox 2304 1663 2430 1726; x_wconf 88' lang='lat' dir='ltr'><strong>erit,</strong></span> <span class='ocrx_word' id='word_1_332' title='bbox 2461 1671 2517 1718; x_wconf 91' lang='lat' dir='ltr'><strong>et</strong></span> <span class='ocrx_word' id='word_1_333' title='bbox 2544 1677 2698 1716; x_wconf 88' lang='lat' dir='ltr'><strong>mons</strong></span> <span class='ocrx_word' id='word_1_334' title='bbox 2734 1667 2930 1716; x_wconf 88' lang='lat' dir='ltr'><strong>domus</strong></span> <span class='ocrx_word' id='word_1_335' title='bbox 2965 1663 3016 1716; x_wconf 85' lang='lat' dir='ltr'><strong>in</strong></span> <span class='ocrx_word' id='word_1_336' title='bbox 3060 1664 3270 1717; x_wconf 78' lang='lat' dir='ltr'><strong>excelsa</strong></span> <span class='ocrx_word' id='word_1_337' title='bbox 3317 1662 3600 1716; x_wconf 88' lang='lat' dir='ltr'><strong>silvarum.</strong></span> 
     </span>
    </p>
   </div>
   <div class='ocr_carea' id='block_1_48' title="bbox 2029 1753 3600 1823">
    <p class='ocr_par' dir='ltr' id='par_1_48' title="bbox 2029 1753 3600 1823">
     <span class='ocr_line' id='line_1_48' title="bbox 2029 1753 3600 1823; baseline -0.003 -14"><span class='ocrx_word' id='word_1_338' title='bbox 2029 1753 2283 1823; x_wconf 85' lang='lat' dir='ltr'><strong>Nunquid</strong></span> <span class='ocrx_word' id='word_1_339' title='bbox 2321 1761 2501 1808; x_wconf 88' lang='lat' dir='ltr'><strong>morte</strong></span> <span class='ocrx_word' id='word_1_340' title='bbox 2555 1753 2942 1808; x_wconf 85' lang='lat' dir='ltr'><strong>condemnavit</strong></span> <span class='ocrx_word' id='word_1_341' title='bbox 2992 1769 3118 1808; x_wconf 90' lang='lat' dir='ltr'><strong>cum</strong></span> <span class='ocrx_word' id='word_1_342' title='bbox 3181 1753 3445 1808; x_wconf 81' lang='lat' dir='ltr'><strong>Ezechias</strong></span> <span class='ocrx_word' id='word_1_343' title='bbox 3512 1768 3600 1808; x_wconf 84' lang='lat' dir='ltr'><strong>rex</strong></span> 
     </span>
    </p>
   </div>
   <div class='ocr_carea' id='block_1_49' title="bbox 2029 1843 3604 1914">
    <p class='ocr_par' dir='ltr' id='par_1_49' title="bbox 2029 1843 3604 1914">
     <span class='ocr_line' id='line_1_49' title="bbox 2029 1843 3604 1914; baseline 0 -15"><span class='ocrx_word' id='word_1_344' title='bbox 2029 1844 2203 1908; x_wconf 83' lang='lat' dir='ltr'><strong>Judae,</strong></span> <span class='ocrx_word' id='word_1_345' title='bbox 2238 1852 2291 1900; x_wconf 88' lang='lat' dir='ltr'><strong>et</strong></span> <span class='ocrx_word' id='word_1_346' title='bbox 2325 1845 2504 1900; x_wconf 89' lang='lat' dir='ltr'><strong>omnis</strong></span> <span class='ocrx_word' id='word_1_347' title='bbox 2535 1844 2718 1901; x_wconf 81' lang='lat' dir='ltr'><strong>Juda‘l</strong></span> <span class='ocrx_word' id='word_1_348' title='bbox 2744 1844 2998 1914; x_wconf 73' lang='lat' dir='ltr'><strong>Nunquid</strong></span> <span class='ocrx_word' id='word_1_349' title='bbox 3024 1859 3132 1898; x_wconf 90' lang='lat' dir='ltr'><strong>non</strong></span> <span class='ocrx_word' id='word_1_350' title='bbox 3172 1846 3469 1898; x_wconf 89' lang='lat' dir='ltr'><strong>timuerunt</strong></span> <span class='ocrx_word' id='word_1_351' title='bbox 3505 1843 3604 1899; x_wconf 83' lang='lat' dir='ltr'><strong>Do-</strong></span> 
     </span>
    </p>
   </div>
   <div class='ocr_carea' id='block_1_50' title="bbox 2032 1936 3578 2006">
    <p class='ocr_par' dir='ltr' id='par_1_50' title="bbox 2032 1936 3578 2006">
     <span class='ocr_line' id='line_1_50' title="bbox 2032 1936 3578 2006; baseline -0.001 -16"><span class='ocrx_word' id='word_1_352' title='bbox 2032 1940 2263 2000; x_wconf 90' lang='lat' dir='ltr'><strong>tninum,</strong></span> <span class='ocrx_word' id='word_1_353' title='bbox 2285 1936 2636 2006; x_wconf 86' lang='lat' dir='ltr'><strong>etdeprecati</strong></span> <span class='ocrx_word' id='word_1_354' title='bbox 2664 1946 2791 1990; x_wconf 87' lang='lat' dir='ltr'><strong>sunt</strong></span> <span class='ocrx_word' id='word_1_355' title='bbox 2819 1936 3014 1990; x_wconf 88' lang='lat' dir='ltr'><strong>faciem</strong></span> <span class='ocrx_word' id='word_1_356' title='bbox 3049 1937 3263 1991; x_wconf 88' lang='lat' dir='ltr'><strong>Domini</strong></span> <span class='ocrx_word' id='word_1_357' title='bbox 3288 1937 3310 1989; x_wconf 87' lang='lat'><strong>?</strong></span> <span class='ocrx_word' id='word_1_358' title='bbox 3343 1937 3408 1990; x_wconf 85' lang='lat' dir='ltr'><strong>Et</strong></span> <span class='ocrx_word' id='word_1_359' title='bbox 3435 1936 3578 2005; x_wconf 78' lang='lat' dir='ltr'><strong>pomi</strong></span> 
     </span>
    </p>
   </div>
   <div class='ocr_carea' id='block_1_51' title="bbox 2034 2023 3600 2092">
    <p class='ocr_par' dir='ltr' id='par_1_51' title="bbox 2034 2023 3600 2092">
     <span class='ocr_line' id='line_1_51' title="bbox 2034 2023 3600 2092; baseline 0 -14"><span class='ocrx_word' id='word_1_360' title='bbox 2034 2024 2135 2078; x_wconf 91' lang='lat' dir='ltr'><strong>tuit</strong></span> <span class='ocrx_word' id='word_1_361' title='bbox 2171 2023 2457 2078; x_wconf 88' lang='lat' dir='ltr'><strong>Dominum</strong></span> <span class='ocrx_word' id='word_1_362' title='bbox 2488 2023 2641 2090; x_wconf 90' lang='lat' dir='ltr'><strong>mali,</strong></span> <span class='ocrx_word' id='word_1_363' title='bbox 2671 2025 2816 2092; x_wconf 88' lang='lat' dir='ltr'><strong>qttod</strong></span> <span class='ocrx_word' id='word_1_364' title='bbox 2852 2025 3067 2080; x_wconf 83' lang='lat' dir='ltr'><strong>loeutus</strong></span> <span class='ocrx_word' id='word_1_365' title='bbox 3102 2025 3279 2078; x_wconf 88' lang='lat' dir='ltr'><strong>fuerat</strong></span> <span class='ocrx_word' id='word_1_366' title='bbox 3314 2027 3600 2079; x_wconf 85' lang='lat' dir='ltr'><strong>adversum</strong></span> 
     </span>
    </p>
   </div>
   <div class='ocr_carea' id='block_1_52' title="bbox 2031 2114 3600 2185">
    <p class='ocr_par' dir='ltr' id='par_1_52' title="bbox 2031 2114 3600 2185">
     <span class='ocr_line' id='line_1_52' title="bbox 2031 2114 3600 2185; baseline -0.001 -15"><span class='ocrx_word' id='word_1_367' title='bbox 2031 2129 2145 2170; x_wconf 87' lang='lat' dir='ltr'><strong>eos.</strong></span> <span class='ocrx_word' id='word_1_368' title='bbox 2175 2115 2364 2185; x_wconf 87' lang='lat' dir='ltr'><strong>Itaque</strong></span> <span class='ocrx_word' id='word_1_369' title='bbox 2396 2130 2496 2172; x_wconf 90' lang='lat' dir='ltr'><strong>nos</strong></span> <span class='ocrx_word' id='word_1_370' title='bbox 2520 2114 2758 2170; x_wconf 80' lang='lat' dir='ltr'><strong>facimus</strong></span> <span class='ocrx_word' id='word_1_371' title='bbox 2789 2116 2990 2170; x_wconf 90' lang='lat' dir='ltr'><strong>malum</strong></span> <span class='ocrx_word' id='word_1_372' title='bbox 3021 2117 3224 2183; x_wconf 80' lang='lat' dir='ltr'><strong>grande</strong></span> <span class='ocrx_word' id='word_1_373' title='bbox 3261 2124 3453 2169; x_wconf 88' lang='lat' dir='ltr'><strong>contra</strong></span> <span class='ocrx_word' id='word_1_374' title='bbox 3484 2117 3600 2169; x_wconf 69' lang='lat' dir='ltr'><strong>auio</strong></span> 
     </span>
    </p>
   </div>
   <div class='ocr_carea' id='block_1_53' title="bbox 2035 2206 3601 2276">
    <p class='ocr_par' dir='ltr' id='par_1_53' title="bbox 2035 2206 3601 2276">
     <span class='ocr_line' id='line_1_53' title="bbox 2035 2206 3601 2276; baseline -0.001 -16"><span class='ocrx_word' id='word_1_375' title='bbox 2035 2221 2152 2261; x_wconf 90' lang='lat' dir='ltr'><strong>mas</strong></span> <span class='ocrx_word' id='word_1_376' title='bbox 2195 2215 2432 2262; x_wconf 89' lang='lat' dir='ltr'><strong>nostras.</strong></span> <span class='ocrx_word' id='word_1_377' title='bbox 2477 2225 2495 2258; x_wconf 77' lang='grc' dir='ltr'><strong>ι</strong></span> <span class='ocrx_word' id='word_1_378' title='bbox 2543 2206 2825 2275; x_wconf 84' lang='lat' dir='ltr'><strong>Principes</strong></span> <span class='ocrx_word' id='word_1_379' title='bbox 2853 2206 3109 2276; x_wconf 48' lang='lat' dir='ltr'><strong>ﬁcivitatis</strong></span> <span class='ocrx_word' id='word_1_380' title='bbox 3157 2217 3214 2261; x_wconf 93' lang='lat' dir='ltr'><strong>et</strong></span> <span class='ocrx_word' id='word_1_381' title='bbox 3255 2208 3487 2275; x_wconf 87' lang='lat' dir='ltr'><strong>populus</strong></span> <span class='ocrx_word' id='word_1_382' title='bbox 3519 2207 3601 2259; x_wconf 84' lang='lat' dir='ltr'><strong>iu-</strong></span> 
     </span>
    </p>
   </div>
   <div class='ocr_carea' id='block_1_54' title="bbox 2036 2298 3598 2369">
    <p class='ocr_par' dir='ltr' id='par_1_54' title="bbox 2036 2298 3598 2369">
     <span class='ocr_line' id='line_1_54' title="bbox 2036 2298 3598 2369; baseline -0.003 -17"><span class='ocrx_word' id='word_1_383' title='bbox 2036 2299 2287 2369; x_wconf 82' lang='lat' dir='ltr'><strong>telligunt</strong></span> <span class='ocrx_word' id='word_1_384' title='bbox 2333 2298 2526 2366; x_wconf 87' lang='lat' dir='ltr'><strong>judicii</strong></span> <span class='ocrx_word' id='word_1_385' title='bbox 2566 2299 2877 2354; x_wconf 74' lang='lat' dir='ltr'><strong>veritatem.</strong></span> <span class='ocrx_word' id='word_1_386' title='bbox 2916 2298 3090 2354; x_wconf 86' lang='lat' dir='ltr'><strong>Senes</strong></span> <span class='ocrx_word' id='word_1_387' title='bbox 3131 2306 3330 2361; x_wconf 81' lang='lat' dir='ltr'><strong>autem,</strong></span> <span class='ocrx_word' id='word_1_388' title='bbox 3370 2313 3598 2367; x_wconf 90' lang='lat' dir='ltr'><strong>quorum</strong></span> 
     </span>
    </p>
   </div>
   <div class='ocr_carea' id='block_1_55' title="bbox 2033 2392 3605 2462">
    <p class='ocr_par' dir='ltr' id='par_1_55' title="bbox 2033 2392 3605 2462">
     <span class='ocr_line' id='line_1_55' title="bbox 2033 2392 3605 2462; baseline 0 -18"><span class='ocrx_word' id='word_1_389' title='bbox 2033 2393 2254 2460; x_wconf 86' lang='lat' dir='ltr'><strong>proprie</strong></span> <span class='ocrx_word' id='word_1_390' title='bbox 2300 2401 2422 2446; x_wconf 88' lang='lat' dir='ltr'><strong>crat</strong></span> <span class='ocrx_word' id='word_1_391' title='bbox 2501 2406 2670 2447; x_wconf 86' lang='lat' dir='ltr'><strong>nosse</strong></span> <span class='ocrx_word' id='word_1_392' title='bbox 2725 2402 2950 2456; x_wconf 88' lang='lat' dir='ltr'><strong>vetera,</strong></span> <span class='ocrx_word' id='word_1_393' title='bbox 3004 2392 3269 2462; x_wconf 61' lang='lat' dir='ltr'><strong>t&#39;eplicant</strong></span> <span class='ocrx_word' id='word_1_394' title='bbox 3329 2393 3605 2446; x_wconf 79' lang='lat' dir='ltr'><strong>historiam</strong></span> 
     </span>
    </p>
   </div>
   <div class='ocr_carea' id='block_1_56' title="bbox 2034 2482 3606 2554">
    <p class='ocr_par' dir='ltr' id='par_1_56' title="bbox 2034 2482 3606 2554">
     <span class='ocr_line' id='line_1_56' title="bbox 2034 2482 3606 2554; baseline -0.001 -17"><span class='ocrx_word' id='word_1_395' title='bbox 2034 2491 2090 2537; x_wconf 90' lang='lat' dir='ltr'><strong>et</strong></span> <span class='ocrx_word' id='word_1_396' title='bbox 2125 2483 2469 2553; x_wconf 89' lang='lat' dir='ltr'><strong>prophetiam</strong></span> <span class='ocrx_word' id='word_1_397' title='bbox 2514 2482 2759 2538; x_wconf 84' lang='lat' dir='ltr'><strong>Michaeae</strong></span> <span class='ocrx_word' id='word_1_398' title='bbox 2788 2483 2858 2539; x_wconf 89' lang='lat' dir='ltr'><strong>de</strong></span> <span class='ocrx_word' id='word_1_399' title='bbox 2897 2483 3183 2549; x_wconf 84' lang='lat' dir='ltr'><strong>Morasthi,</strong></span> <span class='ocrx_word' id='word_1_400' title='bbox 3236 2484 3327 2554; x_wconf 88' lang='lat' dir='ltr'><strong>qui</strong></span> <span class='ocrx_word' id='word_1_401' title='bbox 3381 2487 3606 2554; x_wconf 76' lang='lat' dir='ltr'><strong>prophe-</strong></span> 
     </span>
    </p>
   </div>
   <div class='ocr_carea' id='block_1_57' title="bbox 2036 2575 3603 2646">
    <p class='ocr_par' dir='ltr' id='par_1_57' title="bbox 2036 2575 3603 2646">
     <span class='ocr_line' id='line_1_57' title="bbox 2036 2575 3603 2646; baseline 0.002 -17"><span class='ocrx_word' id='word_1_402' title='bbox 2036 2577 2173 2630; x_wconf 82' lang='lat' dir='ltr'><strong>tavit</strong></span> <span class='ocrx_word' id='word_1_403' title='bbox 2195 2577 2295 2631; x_wconf 91' lang='lat' dir='ltr'><strong>sub</strong></span> <span class='ocrx_word' id='word_1_404' title='bbox 2322 2591 2448 2646; x_wconf 75' lang='lat' dir='ltr'><strong>rege</strong></span> <span class='ocrx_word' id='word_1_405' title='bbox 2480 2575 2738 2642; x_wconf 82' lang='lat' dir='ltr'><strong>Ezechia,</strong></span> <span class='ocrx_word' id='word_1_406' title='bbox 2781 2586 3098 2646; x_wconf 88' lang='lat' dir='ltr'><strong>comparant</strong></span> <span class='ocrx_word' id='word_1_407' title='bbox 3132 2577 3427 2646; x_wconf 77' lang='lat' dir='ltr'><strong>prophetia~</strong></span> <span class='ocrx_word' id='word_1_408' title='bbox 3457 2577 3603 2632; x_wconf 73' lang='lat' dir='ltr'><strong>lere-</strong></span> 
     </span>
    </p>
   </div>
   <div class='ocr_carea' id='block_1_58' title="bbox 2037 2669 3603 2740">
    <p class='ocr_par' dir='ltr' id='par_1_58' title="bbox 2037 2669 3603 2740">
     <span class='ocr_line' id='line_1_58' title="bbox 2037 2669 3603 2740; baseline 0.001 -17"><span class='ocrx_word' id='word_1_409' title='bbox 2037 2669 2182 2732; x_wconf 87' lang='lat' dir='ltr'><strong>miae,</strong></span> <span class='ocrx_word' id='word_1_410' title='bbox 2236 2684 2333 2740; x_wconf 90' lang='lat' dir='ltr'><strong>pro</strong></span> <span class='ocrx_word' id='word_1_411' title='bbox 2372 2685 2479 2739; x_wconf 87' lang='lat' dir='ltr'><strong>qua</strong></span> <span class='ocrx_word' id='word_1_412' title='bbox 2531 2671 2581 2724; x_wconf 88' lang='lat' dir='ltr'><strong>ei</strong></span> <span class='ocrx_word' id='word_1_413' title='bbox 2635 2669 2828 2724; x_wconf 88' lang='lat' dir='ltr'><strong>ntortis</strong></span> <span class='ocrx_word' id='word_1_414' title='bbox 2884 2670 3181 2724; x_wconf 84' lang='lat' dir='ltr'><strong>discrimen</strong></span> <span class='ocrx_word' id='word_1_415' title='bbox 3235 2671 3603 2736; x_wconf 85' lang='lat' dir='ltr'><strong>intendimur;</strong></span> 
     </span>
    </p>
   </div>
   <div class='ocr_carea' id='block_1_59' title="bbox 2035 2761 3604 2831">
    <p class='ocr_par' dir='ltr' id='par_1_59' title="bbox 2035 2761 3604 2831">
     <span class='ocr_line' id='line_1_59' title="bbox 2035 2761 3604 2831; baseline 0 -16"><span class='ocrx_word' id='word_1_416' title='bbox 2035 2762 2439 2830; x_wconf 84' lang='lat' dir='ltr'><strong>OStenduntque</strong></span> <span class='ocrx_word' id='word_1_417' title='bbox 2479 2761 2629 2814; x_wconf 87' lang='lat' dir='ltr'><strong>illuttt</strong></span> <span class='ocrx_word' id='word_1_418' title='bbox 2681 2762 2883 2816; x_wconf 81' lang='lat' dir='ltr'><strong>dixisse</strong></span> <span class='ocrx_word' id='word_1_419' title='bbox 2923 2764 3199 2831; x_wconf 80' lang='lat' dir='ltr'><strong>graviora,</strong></span> <span class='ocrx_word' id='word_1_420' title='bbox 3248 2771 3302 2818; x_wconf 89' lang='lat' dir='ltr'><strong>et</strong></span> <span class='ocrx_word' id='word_1_421' title='bbox 3360 2774 3543 2817; x_wconf 78' lang='lat' dir='ltr'><strong>tamen</strong></span> <span class='ocrx_word' id='word_1_422' title='bbox 3577 2780 3604 2815; x_wconf 86' lang='lat' dir='ltr'><strong>a</strong></span> 
     </span>
    </p>
   </div>
   <div class='ocr_carea' id='block_1_60' title="bbox 2033 2853 3612 2926">
    <p class='ocr_par' dir='ltr' id='par_1_60' title="bbox 2033 2853 3612 2926">
     <span class='ocr_line' id='line_1_60' title="bbox 2033 2853 3612 2926; baseline 0.002 -19"><span class='ocrx_word' id='word_1_423' title='bbox 2033 2855 2183 2923; x_wconf 91' lang='lat' dir='ltr'><strong>justo</strong></span> <span class='ocrx_word' id='word_1_424' title='bbox 2213 2869 2340 2924; x_wconf 77' lang='lat' dir='ltr'><strong>rege</strong></span> <span class='ocrx_word' id='word_1_425' title='bbox 2370 2853 2609 2908; x_wconf 85' lang='lat' dir='ltr'><strong>Ezeehia</strong></span> <span class='ocrx_word' id='word_1_426' title='bbox 2644 2854 2776 2908; x_wconf 90' lang='lat' dir='ltr'><strong>nihil</strong></span> <span class='ocrx_word' id='word_1_427' title='bbox 2798 2870 2920 2910; x_wconf 87' lang='lat' dir='ltr'><strong>esse</strong></span> <span class='ocrx_word' id='word_1_428' title='bbox 2947 2870 3267 2926; x_wconf 87' lang='lat' dir='ltr'><strong>perpessum</strong></span> <span class='ocrx_word' id='word_1_429' title='bbox 3300 2872 3314 2909; x_wconf 87' lang='lat'><strong>:</strong></span> <span class='ocrx_word' id='word_1_430' title='bbox 3359 2859 3453 2910; x_wconf 89' lang='lat' dir='ltr'><strong>sed</strong></span> <span class='ocrx_word' id='word_1_431' title='bbox 3487 2874 3612 2910; x_wconf 86' lang='lat' dir='ltr'><strong>eon-</strong></span> 
     </span>
    </p>
   </div>
   <div class='ocr_carea' id='block_1_61' title="bbox 356 2947 3608 3038">
    <p class='ocr_par' dir='ltr' id='par_1_61' title="bbox 356 2947 3608 3038">
     <span class='ocr_line' id='line_1_61' title="bbox 356 2947 3608 3038; baseline -0.002 -32"><span class='ocrx_word' id='word_1_432' title='bbox 356 2953 644 3022; x_wconf 76' lang='lat' dir='ltr'><strong>pltetarum</strong></span> <span class='ocrx_word' id='word_1_433' title='bbox 698 2949 863 3004; x_wconf 89' lang='lat' dir='ltr'><strong>factio</strong></span> <span class='ocrx_word' id='word_1_434' title='bbox 896 2948 1286 3012; x_wconf 79' lang='lat' dir='ltr'><strong>concitaverat,</strong></span> <span class='ocrx_word' id='word_1_435' title='bbox 1323 2950 1619 3017; x_wconf 88' lang='lat' dir='ltr'><strong>prudenter</strong></span> <span class='ocrx_word' id='word_1_436' title='bbox 1649 2951 1850 3019; x_wconf 89' lang='lat' dir='ltr'><strong>pariter</strong></span> <span class='ocrx_word' id='word_1_437' title='bbox 1880 2961 1933 3004; x_wconf 91' lang='lat' dir='ltr'><strong>et</strong></span> <span class='ocrx_word' id='word_1_438' title='bbox 1961 2979 2004 3038; x_wconf 71' lang='grc' dir='ltr'>ο</span> <span class='ocrx_word' id='word_1_439' title='bbox 2039 2961 2226 3002; x_wconf 88' lang='lat' dir='ltr'><strong>versos</strong></span> <span class='ocrx_word' id='word_1_440' title='bbox 2277 2950 2344 3000; x_wconf 88' lang='lat' dir='ltr'><strong>ad</strong></span> <span class='ocrx_word' id='word_1_441' title='bbox 2399 2949 2802 3017; x_wconf 72' lang='lat' dir='ltr'><strong>pmnitentiam,</strong></span> <span class='ocrx_word' id='word_1_442' title='bbox 2838 2947 3052 3002; x_wconf 88' lang='lat' dir='ltr'><strong>Domini</strong></span> <span class='ocrx_word' id='word_1_443' title='bbox 3091 2949 3143 3002; x_wconf 89' lang='lat' dir='ltr'><strong>iit</strong></span> <span class='ocrx_word' id='word_1_444' title='bbox 3181 2949 3376 3003; x_wconf 88' lang='lat' dir='ltr'><strong>bonam</strong></span> <span class='ocrx_word' id='word_1_445' title='bbox 3409 2963 3608 3018; x_wconf 85' lang='lat' dir='ltr'><strong>partem</strong></span> 
     </span>
    </p>
   </div>
   <div class='ocr_carea' id='block_1_62' title="bbox 358 3040 1933 3111">
    <p class='ocr_par' dir='ltr' id='par_1_62' title="bbox 358 3040 1933 3111">
     <span class='ocr_line' id='line_1_62' title="bbox 358 3040 1933 3111; baseline -0.002 -12"><span class='ocrx_word' id='word_1_446' title='bbox 358 3043 636 3099; x_wconf 77' lang='lat' dir='ltr'><strong>humiliter</strong></span> <span class='ocrx_word' id='word_1_447' title='bbox 706 3051 870 3111; x_wconf 88' lang='lat' dir='ltr'><strong>atque</strong></span> <span class='ocrx_word' id='word_1_448' title='bbox 941 3049 1276 3095; x_wconf 86' lang='lat' dir='ltr'><strong>constanter.</strong></span> <span class='ocrx_word' id='word_1_449' title='bbox 1323 3040 1659 3107; x_wconf 86' lang='lat' dir='ltr'><strong>Prudenter,</strong></span> <span class='ocrx_word' id='word_1_450' title='bbox 1712 3045 1855 3111; x_wconf 87' lang='lat' dir='ltr'><strong>quod</strong></span> <span class='ocrx_word' id='word_1_451' title='bbox 1903 3058 1933 3096; x_wconf 90' lang='lat' dir='ltr'><strong>a</strong></span> 
     </span>
    </p>
   </div>
   <div class='ocr_carea' id='block_1_63' title="bbox 358 3129 1932 3202">
    <p class='ocr_par' dir='ltr' id='par_1_63' title="bbox 358 3129 1932 3202">
     <span class='ocr_line' id='line_1_63' title="bbox 358 3129 1932 3202; baseline -0.003 -13"><span class='ocrx_word' id='word_1_452' title='bbox 358 3135 590 3191; x_wconf 87' lang='lat' dir='ltr'><strong>Domino</strong></span> <span class='ocrx_word' id='word_1_453' title='bbox 621 3134 846 3188; x_wconf 81' lang='lat' dir='ltr'><strong>missum</strong></span> <span class='ocrx_word' id='word_1_454' title='bbox 869 3146 991 3186; x_wconf 88' lang='lat' dir='ltr'><strong>esse</strong></span> <span class='ocrx_word' id='word_1_455' title='bbox 1021 3146 1081 3186; x_wconf 87' lang='lat' dir='ltr'><strong>se</strong></span> <span class='ocrx_word' id='word_1_456' title='bbox 1104 3129 1336 3196; x_wconf 87' lang='lat' dir='ltr'><strong>diceret,</strong></span> <span class='ocrx_word' id='word_1_457' title='bbox 1363 3142 1424 3185; x_wconf 93' lang='grc' dir='ltr'><strong>ιιι</strong></span> <span class='ocrx_word' id='word_1_458' title='bbox 1451 3143 1637 3187; x_wconf 85' lang='lat' dir='ltr'><strong>contra</strong></span> <span class='ocrx_word' id='word_1_459' title='bbox 1666 3134 1932 3202; x_wconf 86' lang='lat' dir='ltr'><strong>templum</strong></span> 
     </span>
    </p>
   </div>
   <div class='ocr_carea' id='block_1_64' title="bbox 365 3224 1935 3295">
    <p class='ocr_par' dir='ltr' id='par_1_64' title="bbox 365 3224 1935 3295">
     <span class='ocr_line' id='line_1_64' title="bbox 365 3224 1935 3295; baseline -0.001 -13"><span class='ocrx_word' id='word_1_460' title='bbox 365 3240 420 3282; x_wconf 90' lang='lat' dir='ltr'><strong>et</strong></span> <span class='ocrx_word' id='word_1_461' title='bbox 453 3226 730 3282; x_wconf 83' lang='lat' dir='ltr'><strong>civitatem</strong></span> <span class='ocrx_word' id='word_1_462' title='bbox 755 3225 1105 3294; x_wconf 87' lang='lat' dir='ltr'><strong>loqueretur,</strong></span> <span class='ocrx_word' id='word_1_463' title='bbox 1143 3224 1409 3294; x_wconf 83' lang='lat' dir='ltr'><strong>daretque</strong></span> <span class='ocrx_word' id='word_1_464' title='bbox 1441 3226 1752 3291; x_wconf 88' lang='lat' dir='ltr'><strong>consilium,</strong></span> <span class='ocrx_word' id='word_1_465' title='bbox 1789 3224 1935 3295; x_wconf 85' lang='lat' dir='ltr'><strong>quod</strong></span> 
     </span>
    </p>
   </div>
   <div class='ocr_carea' id='block_1_65' title="bbox 358 3316 1931 3387">
    <p class='ocr_par' dir='ltr' id='par_1_65' title="bbox 358 3316 1931 3387">
     <span class='ocr_line' id='line_1_65' title="bbox 358 3316 1931 3387; baseline -0.003 -14"><span class='ocrx_word' id='word_1_466' title='bbox 358 3323 405 3374; x_wconf 80' lang='lat' dir='ltr'><strong>si</strong></span> <span class='ocrx_word' id='word_1_467' title='bbox 442 3318 561 3387; x_wconf 89' lang='lat' dir='ltr'><strong>ejus</strong></span> <span class='ocrx_word' id='word_1_468' title='bbox 599 3317 802 3375; x_wconf 85' lang='lat' dir='ltr'><strong>vellent</strong></span> <span class='ocrx_word' id='word_1_469' title='bbox 835 3316 1026 3370; x_wconf 88' lang='lat' dir='ltr'><strong>audire</strong></span> <span class='ocrx_word' id='word_1_470' title='bbox 1055 3316 1373 3380; x_wconf 87' lang='lat' dir='ltr'><strong>consilium,</strong></span> <span class='ocrx_word' id='word_1_471' title='bbox 1407 3327 1461 3371; x_wconf 91' lang='lat' dir='ltr'><strong>et</strong></span> <span class='ocrx_word' id='word_1_472' title='bbox 1484 3332 1644 3387; x_wconf 84' lang='lat' dir='ltr'><strong>agere</strong></span> <span class='ocrx_word' id='word_1_473' title='bbox 1667 3319 1931 3386; x_wconf 66' lang='lat' dir='ltr'><strong>poeniten-</strong></span> 
     </span>
    </p>
   </div>
   <div class='ocr_carea' id='block_1_66' title="bbox 363 3407 1938 3478">
    <p class='ocr_par' dir='ltr' id='par_1_66' title="bbox 363 3407 1938 3478">
     <span class='ocr_line' id='line_1_66' title="bbox 363 3407 1938 3478; baseline -0.001 -15"><span class='ocrx_word' id='word_1_474' title='bbox 363 3409 519 3474; x_wconf 86' lang='lat' dir='ltr'><strong>tiam,</strong></span> <span class='ocrx_word' id='word_1_475' title='bbox 554 3407 817 3463; x_wconf 90' lang='lat' dir='ltr'><strong>Dominus</strong></span> <span class='ocrx_word' id='word_1_476' title='bbox 848 3421 1064 3478; x_wconf 90' lang='lat' dir='ltr'><strong>quoque</strong></span> <span class='ocrx_word' id='word_1_477' title='bbox 1088 3423 1241 3462; x_wconf 87' lang='lat' dir='ltr'><strong>suam</strong></span> <span class='ocrx_word' id='word_1_478' title='bbox 1274 3410 1604 3465; x_wconf 86' lang='lat' dir='ltr'><strong>sententiam</strong></span> <span class='ocrx_word' id='word_1_479' title='bbox 1635 3421 1938 3464; x_wconf 85' lang='lat' dir='ltr'><strong>commuta-</strong></span> 
     </span>
    </p>
   </div>
   <div class='ocr_carea' id='block_1_67' title="bbox 363 3499 1939 3569">
    <p class='ocr_par' dir='ltr' id='par_1_67' title="bbox 363 3499 1939 3569">
     <span class='ocr_line' id='line_1_67' title="bbox 363 3499 1939 3569; baseline 0.001 -15"><span class='ocrx_word' id='word_1_480' title='bbox 363 3510 466 3555; x_wconf 84' lang='lat' dir='ltr'><strong>ret.</strong></span> <span class='ocrx_word' id='word_1_481' title='bbox 503 3499 793 3555; x_wconf 83' lang='lat' dir='ltr'><strong>Hutniliter</strong></span> <span class='ocrx_word' id='word_1_482' title='bbox 819 3510 995 3554; x_wconf 88' lang='lat' dir='ltr'><strong>autem</strong></span> <span class='ocrx_word' id='word_1_483' title='bbox 1031 3501 1086 3553; x_wconf 91' lang='lat' dir='ltr'><strong>itt</strong></span> <span class='ocrx_word' id='word_1_484' title='bbox 1117 3515 1182 3554; x_wconf 90' lang='lat' dir='ltr'><strong>eo</strong></span> <span class='ocrx_word' id='word_1_485' title='bbox 1213 3502 1356 3569; x_wconf 85' lang='lat' dir='ltr'><strong>quod</strong></span> <span class='ocrx_word' id='word_1_486' title='bbox 1391 3502 1467 3555; x_wconf 88' lang='lat' dir='ltr'><strong>ait</strong></span> <span class='ocrx_word' id='word_1_487' title='bbox 1491 3516 1505 3555; x_wconf 89' lang='lat'>:</span> <span class='ocrx_word' id='word_1_488' title='bbox 1531 3501 1664 3556; x_wconf 82' lang='lat' dir='ltr'><strong>Ecce</strong></span> <span class='ocrx_word' id='word_1_489' title='bbox 1690 3503 1743 3555; x_wconf 85' lang='lat' dir='ltr'><strong>iu</strong></span> <span class='ocrx_word' id='word_1_490' title='bbox 1766 3503 1939 3566; x_wconf 80' lang='lat' dir='ltr'><strong>mani-</strong></span> 
     </span>
    </p>
   </div>
   <div class='ocr_carea' id='block_1_68' title="bbox 360 3592 1939 3662">
    <p class='ocr_par' dir='ltr' id='par_1_68' title="bbox 360 3592 1939 3662">
     <span class='ocr_line' id='line_1_68' title="bbox 360 3592 1939 3662; baseline 0.001 -16"><span class='ocrx_word' id='word_1_491' title='bbox 360 3595 456 3648; x_wconf 83' lang='lat' dir='ltr'><strong>bus</strong></span> <span class='ocrx_word' id='word_1_492' title='bbox 482 3592 662 3647; x_wconf 80' lang='lat' dir='ltr'><strong>vestris</strong></span> <span class='ocrx_word' id='word_1_493' title='bbox 687 3607 801 3646; x_wconf 84' lang='lat' dir='ltr'><strong>sunt</strong></span> <span class='ocrx_word' id='word_1_494' title='bbox 829 3592 985 3662; x_wconf 77' lang='lat' dir='ltr'><strong>facile</strong></span> <span class='ocrx_word' id='word_1_495' title='bbox 1008 3593 1138 3646; x_wconf 68' lang='lat' dir='ltr'><strong>milii</strong></span> <span class='ocrx_word' id='word_1_496' title='bbox 1169 3602 1226 3645; x_wconf 89' lang='lat' dir='ltr'><strong>ut</strong></span> <span class='ocrx_word' id='word_1_497' title='bbox 1248 3592 1439 3645; x_wconf 86' lang='lat' dir='ltr'><strong>bonum</strong></span> <span class='ocrx_word' id='word_1_498' title='bbox 1473 3603 1520 3647; x_wconf 91' lang='lat' dir='ltr'><strong>et</strong></span> <span class='ocrx_word' id='word_1_499' title='bbox 1550 3605 1749 3648; x_wconf 83' lang='lat' dir='ltr'><strong>rectum</strong></span> <span class='ocrx_word' id='word_1_500' title='bbox 1775 3605 1854 3648; x_wconf 88' lang='lat' dir='ltr'><strong>est</strong></span> <span class='ocrx_word' id='word_1_501' title='bbox 1885 3596 1939 3648; x_wconf 84' lang='lat' dir='ltr'><strong>in</strong></span> 
     </span>
    </p>
   </div>
   <div class='ocr_carea' id='block_1_69' title="bbox 361 3684 1939 3743">
    <p class='ocr_par' dir='ltr' id='par_1_69' title="bbox 361 3684 1939 3743">
     <span class='ocr_line' id='line_1_69' title="bbox 361 3684 1939 3743; baseline 0.002 -5"><span class='ocrx_word' id='word_1_502' title='bbox 361 3686 530 3740; x_wconf 85' lang='lat' dir='ltr'><strong>oculis</strong></span> <span class='ocrx_word' id='word_1_503' title='bbox 575 3687 785 3739; x_wconf 82' lang='lat' dir='ltr'><strong>vestris.</strong></span> <span class='ocrx_word' id='word_1_504' title='bbox 823 3684 995 3739; x_wconf 85' lang='lat' dir='ltr'><strong>Porro</strong></span> <span class='ocrx_word' id='word_1_505' title='bbox 1040 3694 1401 3739; x_wconf 84' lang='lat' dir='ltr'><strong>constanter:</strong></span> <span class='ocrx_word' id='word_1_506' title='bbox 1431 3685 1497 3740; x_wconf 85' lang='lat' dir='ltr'><strong>In</strong></span> <span class='ocrx_word' id='word_1_507' title='bbox 1533 3689 1754 3741; x_wconf 85' lang='lat' dir='ltr'><strong>veritate</strong></span> <span class='ocrx_word' id='word_1_508' title='bbox 1796 3689 1939 3743; x_wconf 84' lang='lat' dir='ltr'><strong>misit</strong></span> 
     </span>
    </p>
   </div>
   <div class='ocr_carea' id='block_1_70' title="bbox 361 3777 1940 3846">
    <p class='ocr_par' dir='ltr' id='par_1_70' title="bbox 361 3777 1940 3846">
     <span class='ocr_line' id='line_1_70' title="bbox 361 3777 1940 3846; baseline 0.002 -14"><span class='ocrx_word' id='word_1_509' title='bbox 361 3795 442 3833; x_wconf 87' lang='lat' dir='ltr'><strong>me</strong></span> <span class='ocrx_word' id='word_1_510' title='bbox 477 3778 734 3841; x_wconf 77' lang='lat' dir='ltr'><strong>Dominus</strong></span> <span class='ocrx_word' id='word_1_511' title='bbox 775 3777 845 3830; x_wconf 84' lang='lat' dir='ltr'><strong>ad</strong></span> <span class='ocrx_word' id='word_1_512' title='bbox 898 3792 1010 3840; x_wconf 78' lang='lat' dir='ltr'><strong>vos,</strong></span> <span class='ocrx_word' id='word_1_513' title='bbox 1043 3787 1098 3829; x_wconf 84' lang='lat' dir='ltr'><strong>ut</strong></span> <span class='ocrx_word' id='word_1_514' title='bbox 1144 3779 1384 3846; x_wconf 85' lang='lat' dir='ltr'><strong>loquerer</strong></span> <span class='ocrx_word' id='word_1_515' title='bbox 1419 3779 1472 3831; x_wconf 84' lang='lat' dir='ltr'><strong>in</strong></span> <span class='ocrx_word' id='word_1_516' title='bbox 1504 3778 1722 3832; x_wconf 78' lang='lat' dir='ltr'><strong>auribus</strong></span> <span class='ocrx_word' id='word_1_517' title='bbox 1755 3781 1940 3835; x_wconf 84' lang='lat' dir='ltr'><strong>vestris</strong></span> 
     </span>
    </p>
   </div>
   <div class='ocr_carea' id='block_1_71' title="bbox 363 3869 1939 3941">
    <p class='ocr_par' dir='ltr' id='par_1_71' title="bbox 363 3869 1939 3941">
     <span class='ocr_line' id='line_1_71' title="bbox 363 3869 1939 3941; baseline 0.002 -15"><span class='ocrx_word' id='word_1_518' title='bbox 363 3872 542 3926; x_wconf 85' lang='lat' dir='ltr'><strong>omnia</strong></span> <span class='ocrx_word' id='word_1_519' title='bbox 577 3869 736 3923; x_wconf 85' lang='lat' dir='ltr'><strong>verba</strong></span> <span class='ocrx_word' id='word_1_520' title='bbox 768 3871 897 3924; x_wconf 72' lang='lat' dir='ltr'><strong>lta&#39;c.</strong></span> <span class='ocrx_word' id='word_1_521' title='bbox 929 3869 1174 3938; x_wconf 75' lang='lat' dir='ltr'><strong>Aliisque</strong></span> <span class='ocrx_word' id='word_1_522' title='bbox 1203 3872 1548 3924; x_wconf 89' lang='lat' dir='ltr'><strong>sermonibus</strong></span> <span class='ocrx_word' id='word_1_523' title='bbox 1575 3870 1848 3941; x_wconf 88' lang='lat' dir='ltr'><strong>loquitur:</strong></span> <span class='ocrx_word' id='word_1_524' title='bbox 1884 3875 1939 3929; x_wconf 89' lang='lat' dir='ltr'><strong>Si</strong></span> 
     </span>
    </p>
   </div>
   <div class='ocr_carea' id='block_1_72' title="bbox 366 3960 1940 4033">
    <p class='ocr_par' dir='ltr' id='par_1_72' title="bbox 366 3960 1940 4033">
     <span class='ocr_line' id='line_1_72' title="bbox 366 3960 1940 4033; baseline 0.002 -15"><span class='ocrx_word' id='word_1_525' title='bbox 366 3962 671 4019; x_wconf 84' lang='lat' dir='ltr'><strong>irascimini</strong></span> <span class='ocrx_word' id='word_1_526' title='bbox 696 3960 841 4031; x_wconf 91' lang='lat' dir='ltr'><strong>quod</strong></span> <span class='ocrx_word' id='word_1_527' title='bbox 873 3960 1113 4032; x_wconf 77' lang='lat' dir='ltr'><strong>[ALcur]</strong></span> <span class='ocrx_word' id='word_1_528' title='bbox 1141 3971 1330 4016; x_wconf 88' lang='lat' dir='ltr'><strong>contra</strong></span> <span class='ocrx_word' id='word_1_529' title='bbox 1361 3965 1619 4033; x_wconf 89' lang='lat' dir='ltr'><strong>templum</strong></span> <span class='ocrx_word' id='word_1_530' title='bbox 1663 3977 1718 4019; x_wconf 92' lang='lat' dir='ltr'><strong>et</strong></span> <span class='ocrx_word' id='word_1_531' title='bbox 1747 3968 1940 4021; x_wconf 87' lang='lat' dir='ltr'><strong>urbem</strong></span> 
     </span>
    </p>
   </div>
   <div class='ocr_carea' id='block_1_73' title="bbox 365 4055 1944 4119">
    <p class='ocr_par' dir='ltr' id='par_1_73' title="bbox 365 4055 1944 4119">
     <span class='ocr_line' id='line_1_73' title="bbox 365 4055 1944 4119; baseline 0.003 -10"><span class='ocrx_word' id='word_1_532' title='bbox 365 4055 700 4110; x_wconf 90' lang='lat' dir='ltr'><strong>Dominisiut</strong></span> <span class='ocrx_word' id='word_1_533' title='bbox 730 4055 964 4119; x_wconf 87' lang='lat' dir='ltr'><strong>locutus,</strong></span> <span class='ocrx_word' id='word_1_534' title='bbox 995 4063 1049 4108; x_wconf 87' lang='lat' dir='ltr'><strong>et</strong></span> <span class='ocrx_word' id='word_1_535' title='bbox 1079 4068 1224 4108; x_wconf 73' lang='lat' dir='ltr'><strong>cura:</strong></span> <span class='ocrx_word' id='word_1_536' title='bbox 1246 4055 1399 4110; x_wconf 90' lang='lat' dir='ltr'><strong>vobis</strong></span> <span class='ocrx_word' id='word_1_537' title='bbox 1415 4064 1496 4110; x_wconf 87' lang='lat' dir='ltr'><strong>est</strong></span> <span class='ocrx_word' id='word_1_538' title='bbox 1519 4057 1669 4110; x_wconf 84' lang='lat' dir='ltr'><strong>salus</strong></span> <span class='ocrx_word' id='word_1_539' title='bbox 1703 4059 1855 4113; x_wconf 89' lang='lat' dir='ltr'><strong>urbis</strong></span> <span class='ocrx_word' id='word_1_540' title='bbox 1890 4069 1944 4114; x_wconf 90' lang='lat' dir='ltr'><strong>et</strong></span> 
     </span>
    </p>
   </div>
   <div class='ocr_carea' id='block_1_74' title="bbox 367 4145 1944 4217">
    <p class='ocr_par' dir='ltr' id='par_1_74' title="bbox 367 4145 1944 4217">
     <span class='ocr_line' id='line_1_74' title="bbox 367 4145 1944 4217; baseline 0.001 -16"><span class='ocrx_word' id='word_1_541' title='bbox 367 4148 576 4216; x_wconf 53' lang='lat' dir='ltr'><strong>templi,</strong></span> <span class='ocrx_word' id='word_1_542' title='bbox 594 4161 690 4201; x_wconf 88' lang='lat' dir='ltr'><strong>eur</strong></span> <span class='ocrx_word' id='word_1_543' title='bbox 714 4145 923 4214; x_wconf 80' lang='lat' dir='ltr'><strong>augetis</strong></span> <span class='ocrx_word' id='word_1_544' title='bbox 943 4155 1161 4214; x_wconf 86' lang='lat' dir='ltr'><strong>peccata</strong></span> <span class='ocrx_word' id='word_1_545' title='bbox 1185 4148 1443 4216; x_wconf 81' lang='lat' dir='ltr'><strong>peccatis,</strong></span> <span class='ocrx_word' id='word_1_546' title='bbox 1463 4159 1516 4202; x_wconf 89' lang='lat' dir='ltr'><strong>et</strong></span> <span class='ocrx_word' id='word_1_547' title='bbox 1540 4149 1816 4217; x_wconf 86' lang='lat' dir='ltr'><strong>sanguinis</strong></span> <span class='ocrx_word' id='word_1_548' title='bbox 1841 4149 1944 4202; x_wconf 90' lang='lat' dir='ltr'><strong>mei</strong></span> 
     </span>
    </p>
   </div>
   <div class='ocr_carea' id='block_1_75' title="bbox 367 4238 1947 4310">
    <p class='ocr_par' dir='ltr' id='par_1_75' title="bbox 367 4238 1947 4310">
     <span class='ocr_line' id='line_1_75' title="bbox 367 4238 1947 4310; baseline 0 -16"><span class='ocrx_word' id='word_1_549' title='bbox 367 4255 475 4294; x_wconf 76' lang='lat' dir='ltr'><strong>tum</strong></span> <span class='ocrx_word' id='word_1_550' title='bbox 522 4240 713 4292; x_wconf 89' lang='lat' dir='ltr'><strong>urbem</strong></span> <span class='ocrx_word' id='word_1_551' title='bbox 767 4252 930 4307; x_wconf 88' lang='lat' dir='ltr'><strong>quam</strong></span> <span class='ocrx_word' id='word_1_552' title='bbox 988 4239 1324 4294; x_wconf 86' lang='lat' dir='ltr'><strong>habitatores</strong></span> <span class='ocrx_word' id='word_1_553' title='bbox 1370 4239 1493 4310; x_wconf 84' lang='lat' dir='ltr'><strong>ejus</strong></span> <span class='ocrx_word' id='word_1_554' title='bbox 1543 4254 1669 4295; x_wconf 89' lang='lat' dir='ltr'><strong>reos</strong></span> <span class='ocrx_word' id='word_1_555' title='bbox 1717 4238 1947 4294; x_wconf 81' lang='lat' dir='ltr'><strong>facitis?</strong></span> 
     </span>
    </p>
   </div>
   <div class='ocr_carea' id='block_1_76' title="bbox 2039 3041 3612 3097">
    <p class='ocr_par' dir='ltr' id='par_1_76' title="bbox 2039 3041 3612 3097">
     <span class='ocr_line' id='line_1_76' title="bbox 2039 3041 3612 3097; baseline 0.001 -6"><span class='ocrx_word' id='word_1_556' title='bbox 2039 3041 2270 3094; x_wconf 80' lang='lat' dir='ltr'><strong>vertisse</strong></span> <span class='ocrx_word' id='word_1_557' title='bbox 2323 3041 2673 3095; x_wconf 87' lang='lat' dir='ltr'><strong>sententiam.</strong></span> <span class='ocrx_word' id='word_1_558' title='bbox 2736 3041 2990 3095; x_wconf 74' lang='lat' dir='ltr'><strong>Micbteas</strong></span> <span class='ocrx_word' id='word_1_559' title='bbox 3059 3042 3205 3094; x_wconf 87' lang='lat' dir='ltr'><strong>enim</strong></span> <span class='ocrx_word' id='word_1_560' title='bbox 3260 3043 3444 3095; x_wconf 77' lang='lat' dir='ltr'><strong>dixit:</strong></span> <span class='ocrx_word' id='word_1_561' title='bbox 3482 3043 3612 3097; x_wconf 84' lang='lat' dir='ltr'><strong>Sion</strong></span> 
     </span>
    </p>
   </div>
   <div class='ocr_carea' id='block_1_77' title="bbox 2039 3131 3609 3203">
    <p class='ocr_par' dir='ltr' id='par_1_77' title="bbox 2039 3131 3609 3203">
     <span class='ocr_line' id='line_1_77' title="bbox 2039 3131 3609 3203; baseline 0.003 -20"><span class='ocrx_word' id='word_1_562' title='bbox 2039 3132 2194 3200; x_wconf 84' lang='lat' dir='ltr'><strong>quasi</strong></span> <span class='ocrx_word' id='word_1_563' title='bbox 2231 3148 2357 3201; x_wconf 87' lang='lat' dir='ltr'><strong>ager</strong></span> <span class='ocrx_word' id='word_1_564' title='bbox 2393 3133 2658 3196; x_wconf 85' lang='lat' dir='ltr'><strong>arabitur,</strong></span> <span class='ocrx_word' id='word_1_565' title='bbox 2699 3141 2750 3185; x_wconf 82' lang='lat' dir='ltr'><strong>et</strong></span> <span class='ocrx_word' id='word_1_566' title='bbox 2779 3131 3078 3186; x_wconf 84' lang='lat' dir='ltr'><strong>Jerusalem</strong></span> <span class='ocrx_word' id='word_1_567' title='bbox 3120 3135 3174 3186; x_wconf 79' lang='lat' dir='ltr'><strong>in</strong></span> <span class='ocrx_word' id='word_1_568' title='bbox 3207 3149 3446 3186; x_wconf 80' lang='lat' dir='ltr'><strong>acervum</strong></span> <span class='ocrx_word' id='word_1_569' title='bbox 3479 3135 3609 3203; x_wconf 79' lang='lat' dir='ltr'><strong>lupi-</strong></span> 
     </span>
    </p>
   </div>
   <div class='ocr_carea' id='block_1_78' title="bbox 2041 3223 3610 3293">
    <p class='ocr_par' dir='ltr' id='par_1_78' title="bbox 2041 3223 3610 3293">
     <span class='ocr_line' id='line_1_78' title="bbox 2041 3223 3610 3293; baseline 0.002 -18"><span class='ocrx_word' id='word_1_570' title='bbox 2041 3223 2167 3276; x_wconf 85' lang='lat' dir='ltr'><strong>dtmt</strong></span> <span class='ocrx_word' id='word_1_571' title='bbox 2204 3225 2326 3285; x_wconf 86' lang='lat' dir='ltr'><strong>erit,</strong></span> <span class='ocrx_word' id='word_1_572' title='bbox 2355 3233 2402 3276; x_wconf 85' lang='lat' dir='ltr'><strong>et</strong></span> <span class='ocrx_word' id='word_1_573' title='bbox 2430 3240 2578 3278; x_wconf 85' lang='lat' dir='ltr'><strong>mons</strong></span> <span class='ocrx_word' id='word_1_574' title='bbox 2604 3223 2793 3277; x_wconf 83' lang='lat' dir='ltr'><strong>domus</strong></span> <span class='ocrx_word' id='word_1_575' title='bbox 2826 3225 2882 3277; x_wconf 87' lang='lat' dir='ltr'><strong>in</strong></span> <span class='ocrx_word' id='word_1_576' title='bbox 2923 3224 3129 3277; x_wconf 76' lang='lat' dir='ltr'><strong>excelsa</strong></span> <span class='ocrx_word' id='word_1_577' title='bbox 3156 3223 3408 3277; x_wconf 76' lang='lat' dir='ltr'><strong>silvarum</strong></span> <span class='ocrx_word' id='word_1_578' title='bbox 3436 3225 3610 3293; x_wconf 77' lang='lat' dir='ltr'><strong>(.lliclt.</strong></span> 
     </span>
    </p>
   </div>
   <div class='ocr_carea' id='block_1_79' title="bbox 2040 3315 3611 3386">
    <p class='ocr_par' dir='ltr' id='par_1_79' title="bbox 2040 3315 3611 3386">
     <span class='ocr_line' id='line_1_79' title="bbox 2040 3315 3611 3386; baseline -0.001 -17"><span class='ocrx_word' id='word_1_579' title='bbox 2040 3331 2123 3380; x_wconf 87' lang='grc' dir='ltr'>ιιι,</span> <span class='ocrx_word' id='word_1_580' title='bbox 2155 3319 2266 3386; x_wconf 72' lang='lat'><strong>12).</strong></span> <span class='ocrx_word' id='word_1_581' title='bbox 2292 3315 2748 3371; x_wconf 82' lang='lat' dir='ltr'><strong>PorroJeremias</strong></span> <span class='ocrx_word' id='word_1_582' title='bbox 2775 3331 2789 3369; x_wconf 92' lang='lat'>:</span> <span class='ocrx_word' id='word_1_583' title='bbox 2823 3315 2986 3380; x_wconf 82' lang='lat' dir='ltr'><strong>Dabo,</strong></span> <span class='ocrx_word' id='word_1_584' title='bbox 3015 3318 3210 3383; x_wconf 85' lang='lat' dir='ltr'><strong>inquit,</strong></span> <span class='ocrx_word' id='word_1_585' title='bbox 3231 3318 3440 3370; x_wconf 82' lang='lat' dir='ltr'><strong>domum</strong></span> <span class='ocrx_word' id='word_1_586' title='bbox 3462 3319 3611 3370; x_wconf 81' lang='lat' dir='ltr'><strong>istaut</strong></span> 
     </span>
    </p>
   </div>
   <div class='ocr_carea' id='block_1_80' title="bbox 2040 3406 3611 3474">
    <p class='ocr_par' dir='ltr' id='par_1_80' title="bbox 2040 3406 3611 3474">
     <span class='ocr_line' id='line_1_80' title="bbox 2040 3406 3611 3474; baseline -0.002 -13"><span class='ocrx_word' id='word_1_587' title='bbox 2040 3409 2174 3461; x_wconf 82' lang='lat' dir='ltr'><strong>sicut</strong></span> <span class='ocrx_word' id='word_1_588' title='bbox 2224 3406 2363 3474; x_wconf 87' lang='lat' dir='ltr'><strong>Silo,</strong></span> <span class='ocrx_word' id='word_1_589' title='bbox 2394 3418 2442 3461; x_wconf 89' lang='lat' dir='ltr'><strong>et</strong></span> <span class='ocrx_word' id='word_1_590' title='bbox 2493 3409 2675 3462; x_wconf 77' lang='lat' dir='ltr'><strong>urbem</strong></span> <span class='ocrx_word' id='word_1_591' title='bbox 2719 3411 2858 3460; x_wconf 80' lang='lat' dir='ltr'><strong>hanc</strong></span> <span class='ocrx_word' id='word_1_592' title='bbox 2905 3407 3045 3460; x_wconf 88' lang='lat' dir='ltr'><strong>dabo</strong></span> <span class='ocrx_word' id='word_1_593' title='bbox 3087 3408 3145 3462; x_wconf 87' lang='lat' dir='ltr'><strong>in</strong></span> <span class='ocrx_word' id='word_1_594' title='bbox 3194 3410 3611 3462; x_wconf 85' lang='lat' dir='ltr'><strong>maledictiouem</strong></span> 
     </span>
    </p>
   </div>
   <div class='ocr_carea' id='block_1_81' title="bbox 2043 3486 3614 3572">
    <p class='ocr_par' dir='ltr' id='par_1_81' title="bbox 2043 3486 3614 3572">
     <span class='ocr_line' id='line_1_81' title="bbox 2043 3486 3614 3572; baseline 0.003 -20"><span class='ocrx_word' id='word_1_595' title='bbox 2043 3500 2243 3552; x_wconf 85' lang='lat' dir='ltr'><strong>cunctis</strong></span> <span class='ocrx_word' id='word_1_596' title='bbox 2274 3500 2516 3570; x_wconf 81' lang='lat' dir='ltr'><strong>gentibus</strong></span> <span class='ocrx_word' id='word_1_597' title='bbox 2567 3509 2724 3554; x_wconf 84' lang='lat' dir='ltr'><strong>terra:</strong></span> <span class='ocrx_word' id='word_1_598' title='bbox 2771 3500 2996 3570; x_wconf 83' lang='lat' dir='ltr'><strong>(Supra,</strong></span> <span class='ocrx_word' id='word_1_599' title='bbox 3038 3517 3188 3565; x_wconf 78' lang='lat' dir='ltr'><strong>xxii,</strong></span> <span class='ocrx_word' id='word_1_600' title='bbox 3239 3501 3316 3569; x_wconf 85' lang='lat'><strong>6).</strong></span> <span class='ocrx_word' id='word_1_601' title='bbox 3373 3486 3614 3572; x_wconf 75' lang='lat' dir='ltr'><strong>Dunique</strong></span> 
     </span>
    </p>
   </div>
   <div class='ocr_carea' id='block_1_82' title="bbox 2043 3593 3613 3664">
    <p class='ocr_par' dir='ltr' id='par_1_82' title="bbox 2043 3593 3613 3664">
     <span class='ocr_line' id='line_1_82' title="bbox 2043 3593 3613 3664; baseline 0.003 -19"><span class='ocrx_word' id='word_1_602' title='bbox 2043 3593 2359 3651; x_wconf 86' lang='lat' dir='ltr'><strong>consilium.</strong></span> <span class='ocrx_word' id='word_1_603' title='bbox 2392 3602 2650 3660; x_wconf 80' lang='lat' dir='ltr'><strong>putantes</strong></span> <span class='ocrx_word' id='word_1_604' title='bbox 2683 3607 3024 3661; x_wconf 87' lang='lat' dir='ltr'><strong>nequaquam</strong></span> <span class='ocrx_word' id='word_1_605' title='bbox 3060 3593 3303 3648; x_wconf 87' lang='lat' dir='ltr'><strong>futurum</strong></span> <span class='ocrx_word' id='word_1_606' title='bbox 3336 3596 3482 3664; x_wconf 85' lang='lat' dir='ltr'><strong>quod</strong></span> <span class='ocrx_word' id='word_1_607' title='bbox 3516 3597 3613 3650; x_wconf 76' lang='lat' dir='ltr'><strong>Mi-</strong></span> 
     </span>
    </p>
   </div>
   <div class='ocr_carea' id='block_1_83' title="bbox 2044 3684 3618 3755">
    <p class='ocr_par' dir='ltr' id='par_1_83' title="bbox 2044 3684 3618 3755">
     <span class='ocr_line' id='line_1_83' title="bbox 2044 3684 3618 3755; baseline 0.004 -20"><span class='ocrx_word' id='word_1_608' title='bbox 2044 3684 2226 3739; x_wconf 68' lang='lat' dir='ltr'><strong>chmas</strong></span> <span class='ocrx_word' id='word_1_609' title='bbox 2261 3685 2612 3752; x_wconf 64' lang='lat' dir='ltr'><strong>praedixerat,</strong></span> <span class='ocrx_word' id='word_1_610' title='bbox 2642 3685 2770 3754; x_wconf 91' lang='lat' dir='ltr'><strong>quia</strong></span> <span class='ocrx_word' id='word_1_611' title='bbox 2810 3685 2980 3739; x_wconf 90' lang='lat' dir='ltr'><strong>multo</strong></span> <span class='ocrx_word' id='word_1_612' title='bbox 3013 3695 3260 3755; x_wconf 89' lang='lat' dir='ltr'><strong>tempore</strong></span> <span class='ocrx_word' id='word_1_613' title='bbox 3287 3703 3396 3741; x_wconf 90' lang='lat' dir='ltr'><strong>non</strong></span> <span class='ocrx_word' id='word_1_614' title='bbox 3431 3689 3500 3743; x_wconf 91' lang='lat' dir='ltr'><strong>sit</strong></span> <span class='ocrx_word' id='word_1_615' title='bbox 3544 3691 3618 3741; x_wconf 73' lang='lat' dir='ltr'><strong>fa-</strong></span> 
     </span>
    </p>
   </div>
   <div class='ocr_carea' id='block_1_84' title="bbox 2045 3777 3616 3849">
    <p class='ocr_par' dir='ltr' id='par_1_84' title="bbox 2045 3777 3616 3849">
     <span class='ocr_line' id='line_1_84' title="bbox 2045 3777 3616 3849; baseline 0.004 -20"><span class='ocrx_word' id='word_1_616' title='bbox 2045 3785 2190 3830; x_wconf 88' lang='lat' dir='ltr'><strong>ctum</strong></span> <span class='ocrx_word' id='word_1_617' title='bbox 2240 3787 2463 3845; x_wconf 85' lang='lat' dir='ltr'><strong>pmpter</strong></span> <span class='ocrx_word' id='word_1_618' title='bbox 2502 3777 2685 3846; x_wconf 87' lang='lat' dir='ltr'><strong>populi</strong></span> <span class='ocrx_word' id='word_1_619' title='bbox 2739 3777 3139 3845; x_wconf 71' lang='lat' dir='ltr'><strong>ptruitentiam.</strong></span> <span class='ocrx_word' id='word_1_620' title='bbox 3175 3779 3242 3833; x_wconf 85' lang='lat' dir='ltr'><strong>Et</strong></span> <span class='ocrx_word' id='word_1_621' title='bbox 3272 3780 3375 3834; x_wconf 84' lang='lat' dir='ltr'><strong>hoc</strong></span> <span class='ocrx_word' id='word_1_622' title='bbox 3401 3797 3616 3849; x_wconf 83' lang='lat' dir='ltr'><strong>quoque</strong></span> 
     </span>
    </p>
   </div>
   <div class='ocr_carea' id='block_1_85' title="bbox 2045 3868 3607 3940">
    <p class='ocr_par' dir='ltr' id='par_1_85' title="bbox 2045 3868 3607 3940">
     <span class='ocr_line' id='line_1_85' title="bbox 2045 3868 3607 3940; baseline 0.004 -19"><span class='ocrx_word' id='word_1_623' title='bbox 2045 3869 2186 3938; x_wconf 84' lang='lat' dir='ltr'><strong>quod</strong></span> <span class='ocrx_word' id='word_1_624' title='bbox 2246 3868 2514 3924; x_wconf 80' lang='lat' dir='ltr'><strong>Jeremias</strong></span> <span class='ocrx_word' id='word_1_625' title='bbox 2563 3870 2778 3924; x_wconf 89' lang='lat' dir='ltr'><strong>locutus</strong></span> <span class='ocrx_word' id='word_1_626' title='bbox 2816 3880 2919 3934; x_wconf 88' lang='lat' dir='ltr'><strong>est,</strong></span> <span class='ocrx_word' id='word_1_627' title='bbox 2972 3885 3314 3940; x_wconf 69' lang='lat' dir='ltr'><strong>nequaquam</strong></span> <span class='ocrx_word' id='word_1_628' title='bbox 3373 3873 3510 3939; x_wconf 84' lang='lat' dir='ltr'><strong>fore,</strong></span> <span class='ocrx_word' id='word_1_629' title='bbox 3565 3877 3607 3928; x_wconf 91' lang='lat' dir='ltr'><strong>si</strong></span> 
     </span>
    </p>
   </div>
   <div class='ocr_carea' id='block_1_86' title="bbox 2041 3961 3617 4030">
    <p class='ocr_par' dir='ltr' id='par_1_86' title="bbox 2041 3961 3617 4030">
     <span class='ocr_line' id='line_1_86' title="bbox 2041 3961 3617 4030; baseline 0.003 -17"><span class='ocrx_word' id='word_1_630' title='bbox 2041 3961 2202 4028; x_wconf 85' lang='lat' dir='ltr'><strong>juxta</strong></span> <span class='ocrx_word' id='word_1_631' title='bbox 2257 3961 2548 4016; x_wconf 91' lang='lat' dir='ltr'><strong>consilium</strong></span> <span class='ocrx_word' id='word_1_632' title='bbox 2583 3961 2704 4030; x_wconf 86' lang='lat' dir='ltr'><strong>ejus</strong></span> <span class='ocrx_word' id='word_1_633' title='bbox 2750 3961 2923 4016; x_wconf 84' lang='lat' dir='ltr'><strong>bonas</strong></span> <span class='ocrx_word' id='word_1_634' title='bbox 2976 3964 3184 4019; x_wconf 87' lang='lat' dir='ltr'><strong>faciant</strong></span> <span class='ocrx_word' id='word_1_635' title='bbox 3236 3965 3354 4020; x_wconf 85' lang='lat' dir='ltr'><strong>vias</strong></span> <span class='ocrx_word' id='word_1_636' title='bbox 3384 3981 3533 4030; x_wconf 86' lang='lat' dir='ltr'><strong>suas,</strong></span> <span class='ocrx_word' id='word_1_637' title='bbox 3567 3976 3617 4019; x_wconf 92' lang='lat' dir='ltr'><strong>et</strong></span> 
     </span>
    </p>
   </div>
   <div class='ocr_carea' id='block_1_87' title="bbox 2047 4053 3620 4122">
    <p class='ocr_par' dir='ltr' id='par_1_87' title="bbox 2047 4053 3620 4122">
     <span class='ocr_line' id='line_1_87' title="bbox 2047 4053 3620 4122; baseline 0.002 -14"><span class='ocrx_word' id='word_1_638' title='bbox 2047 4054 2229 4108; x_wconf 85' lang='lat' dir='ltr'><strong>smdia</strong></span> <span class='ocrx_word' id='word_1_639' title='bbox 2261 4067 2384 4119; x_wconf 86' lang='lat' dir='ltr'><strong>sua,</strong></span> <span class='ocrx_word' id='word_1_640' title='bbox 2437 4063 2492 4107; x_wconf 86' lang='lat' dir='ltr'><strong>et</strong></span> <span class='ocrx_word' id='word_1_641' title='bbox 2530 4053 2754 4108; x_wconf 87' lang='lat' dir='ltr'><strong>audiant</strong></span> <span class='ocrx_word' id='word_1_642' title='bbox 2800 4069 2986 4108; x_wconf 84' lang='lat' dir='ltr'><strong>vocem</strong></span> <span class='ocrx_word' id='word_1_643' title='bbox 3029 4055 3235 4109; x_wconf 87' lang='lat' dir='ltr'><strong>Domini</strong></span> <span class='ocrx_word' id='word_1_644' title='bbox 3277 4056 3367 4111; x_wconf 88' lang='lat' dir='ltr'><strong>Dei</strong></span> <span class='ocrx_word' id='word_1_645' title='bbox 3407 4060 3518 4122; x_wconf 88' lang='lat' dir='ltr'><strong>sui,</strong></span> <span class='ocrx_word' id='word_1_646' title='bbox 3566 4072 3620 4111; x_wconf 88' lang='grc' dir='ltr'><strong>ιιι</strong></span> 
     </span>
    </p>
   </div>
   <div class='ocr_carea' id='block_1_88' title="bbox 2053 4143 3620 4216">
    <p class='ocr_par' dir='ltr' id='par_1_88' title="bbox 2053 4143 3620 4216">
     <span class='ocr_line' id='line_1_88' title="bbox 2053 4143 3620 4216; baseline 0.004 -18"><span class='ocrx_word' id='word_1_647' title='bbox 2053 4144 2318 4199; x_wconf 87' lang='lat' dir='ltr'><strong>Dominus</strong></span> <span class='ocrx_word' id='word_1_648' title='bbox 2352 4160 2458 4200; x_wconf 91' lang='lat' dir='ltr'><strong>non</strong></span> <span class='ocrx_word' id='word_1_649' title='bbox 2487 4143 2684 4199; x_wconf 87' lang='lat' dir='ltr'><strong>inferat</strong></span> <span class='ocrx_word' id='word_1_650' title='bbox 2713 4145 2912 4198; x_wconf 89' lang='lat' dir='ltr'><strong>malum</strong></span> <span class='ocrx_word' id='word_1_651' title='bbox 2960 4148 3105 4216; x_wconf 89' lang='lat' dir='ltr'><strong>quod</strong></span> <span class='ocrx_word' id='word_1_652' title='bbox 3135 4149 3216 4202; x_wconf 89' lang='lat' dir='ltr'><strong>eis</strong></span> <span class='ocrx_word' id='word_1_653' title='bbox 3251 4149 3426 4203; x_wconf 85' lang='lat' dir='ltr'><strong>fuerat</strong></span> <span class='ocrx_word' id='word_1_654' title='bbox 3473 4166 3620 4205; x_wconf 83' lang='lat' dir='ltr'><strong>cont-</strong></span> 
     </span>
    </p>
   </div>
   <div class='ocr_carea' id='block_1_89' title="bbox 2053 4237 3620 4308">
    <p class='ocr_par' dir='ltr' id='par_1_89' title="bbox 2053 4237 3620 4308">
     <span class='ocr_line' id='line_1_89' title="bbox 2053 4237 3620 4308; baseline 0.003 -17"><span class='ocrx_word' id='word_1_655' title='bbox 2053 4239 2315 4293; x_wconf 84' lang='lat' dir='ltr'><strong>minatus.</strong></span> <span class='ocrx_word' id='word_1_656' title='bbox 2353 4237 2640 4307; x_wconf 89' lang='lat' dir='ltr'><strong>Simulque</strong></span> <span class='ocrx_word' id='word_1_657' title='bbox 2675 4237 2935 4308; x_wconf 80' lang='lat' dir='ltr'><strong>frangnnt</strong></span> <span class='ocrx_word' id='word_1_658' title='bbox 2963 4251 3350 4296; x_wconf 82' lang='lat' dir='ltr'><strong>accusatorum</strong></span> <span class='ocrx_word' id='word_1_659' title='bbox 3398 4247 3620 4305; x_wconf 88' lang='lat' dir='ltr'><strong>rabiem,</strong></span> 
     </span>
    </p>
   </div>
   <div class='ocr_carea' id='block_1_90' title="bbox 365 4321 3622 4402">
    <p class='ocr_par' dir='ltr' id='par_1_90' title="bbox 365 4321 3622 4402">
     <span class='ocr_line' id='line_1_90' title="bbox 365 4321 3622 4402; baseline 0.001 -18"><span class='ocrx_word' id='word_1_660' title='bbox 365 4333 421 4384; x_wconf 61' lang='grc' dir='ltr'>δι</span> <span class='ocrx_word' id='word_1_661' title='bbox 451 4329 670 4400; x_wconf 86' lang='lat' dir='ltr'><strong>quando</strong></span> <span class='ocrx_word' id='word_1_662' title='bbox 699 4329 862 4398; x_wconf 78' lang='lat' dir='ltr'><strong>igitur</strong></span> <span class='ocrx_word' id='word_1_663' title='bbox 881 4338 935 4384; x_wconf 89' lang='lat' dir='ltr'><strong>et</strong></span> <span class='ocrx_word' id='word_1_664' title='bbox 966 4328 1124 4384; x_wconf 90' lang='lat' dir='ltr'><strong>nobis</strong></span> <span class='ocrx_word' id='word_1_665' title='bbox 1159 4345 1258 4399; x_wconf 90' lang='lat' dir='ltr'><strong>pro</strong></span> <span class='ocrx_word' id='word_1_666' title='bbox 1286 4330 1632 4385; x_wconf 82' lang='lat' dir='ltr'><strong>necessitatis</strong></span> <span class='ocrx_word' id='word_1_667' title='bbox 1649 4331 1938 4401; x_wconf 81' lang='lat' dir='ltr'><strong>angustiis,</strong></span> <span class='ocrx_word' id='word_1_668' title='bbox 1977 4321 2018 4375; x_wconf 84' lang='grc' dir='ltr'><strong>Ι)</strong></span> <span class='ocrx_word' id='word_1_669' title='bbox 2052 4339 2104 4384; x_wconf 93' lang='lat' dir='ltr'><strong>et</strong></span> <span class='ocrx_word' id='word_1_670' title='bbox 2137 4347 2196 4384; x_wconf 86' lang='lat' dir='ltr'><strong>se</strong></span> <span class='ocrx_word' id='word_1_671' title='bbox 2218 4331 2447 4386; x_wconf 86' lang='lat' dir='ltr'><strong>miscent</strong></span> <span class='ocrx_word' id='word_1_672' title='bbox 2469 4348 2590 4386; x_wconf 89' lang='lat' dir='ltr'><strong>eum</strong></span> <span class='ocrx_word' id='word_1_673' title='bbox 2625 4332 2704 4386; x_wconf 88' lang='lat' dir='ltr'><strong>eis</strong></span> <span class='ocrx_word' id='word_1_674' title='bbox 2736 4333 2979 4386; x_wconf 87' lang='lat' dir='ltr'><strong>dicentes</strong></span> <span class='ocrx_word' id='word_1_675' title='bbox 3016 4349 3030 4384; x_wconf 89' lang='lat'><strong>:</strong></span> <span class='ocrx_word' id='word_1_676' title='bbox 3066 4333 3362 4400; x_wconf 84' lang='lat' dir='ltr'><strong>ltaquenos</strong></span> <span class='ocrx_word' id='word_1_677' title='bbox 3396 4335 3622 4402; x_wconf 75' lang='lat' dir='ltr'><strong>facimus</strong></span> 
     </span>
    </p>
   </div>
   <div class='ocr_carea' id='block_1_91' title="bbox 368 4423 1944 4492">
    <p class='ocr_par' dir='ltr' id='par_1_91' title="bbox 368 4423 1944 4492">
     <span class='ocr_line' id='line_1_91' title="bbox 368 4423 1944 4492; baseline -0.001 -14"><span class='ocrx_word' id='word_1_678' title='bbox 368 4423 673 4478; x_wconf 79' lang='lat' dir='ltr'><strong>humilitate</strong></span> <span class='ocrx_word' id='word_1_679' title='bbox 705 4435 843 4492; x_wconf 86' lang='lat' dir='ltr'><strong>opus</strong></span> <span class='ocrx_word' id='word_1_680' title='bbox 863 4432 944 4476; x_wconf 80' lang='lat' dir='ltr'><strong>est</strong></span> <span class='ocrx_word' id='word_1_681' title='bbox 978 4435 993 4476; x_wconf 88' lang='lat'>:</span> <span class='ocrx_word' id='word_1_682' title='bbox 1031 4423 1112 4477; x_wconf 89' lang='lat' dir='ltr'><strong>sic</strong></span> <span class='ocrx_word' id='word_1_683' title='bbox 1147 4437 1264 4476; x_wconf 90' lang='lat' dir='ltr'><strong>eam</strong></span> <span class='ocrx_word' id='word_1_684' title='bbox 1306 4437 1668 4488; x_wconf 86' lang='lat' dir='ltr'><strong>assumamus,</strong></span> <span class='ocrx_word' id='word_1_685' title='bbox 1707 4437 1773 4478; x_wconf 89' lang='lat' dir='ltr'><strong>ne</strong></span> <span class='ocrx_word' id='word_1_686' title='bbox 1803 4425 1944 4477; x_wconf 88' lang='lat' dir='ltr'><strong>veri-</strong></span> 
     </span>
    </p>
   </div>
   <div class='ocr_carea' id='block_1_92' title="bbox 371 4513 1942 4571">
    <p class='ocr_par' dir='ltr' id='par_1_92' title="bbox 371 4513 1942 4571">
     <span class='ocr_line' id='line_1_92' title="bbox 371 4513 1942 4571; baseline -0.001 -1"><span class='ocrx_word' id='word_1_687' title='bbox 371 4528 535 4571; x_wconf 85' lang='lat' dir='ltr'><strong>tatem</strong></span> <span class='ocrx_word' id='word_1_688' title='bbox 575 4524 630 4568; x_wconf 83' lang='lat' dir='ltr'><strong>et</strong></span> <span class='ocrx_word' id='word_1_689' title='bbox 670 4516 1039 4569; x_wconf 87' lang='lat' dir='ltr'><strong>constantiam</strong></span> <span class='ocrx_word' id='word_1_690' title='bbox 1095 4515 1438 4570; x_wconf 86' lang='lat' dir='ltr'><strong>deseramus.</strong></span> <span class='ocrx_word' id='word_1_691' title='bbox 1468 4513 1628 4568; x_wconf 84' lang='lat' dir='ltr'><strong>Aliud</strong></span> <span class='ocrx_word' id='word_1_692' title='bbox 1668 4525 1751 4568; x_wconf 88' lang='lat' dir='ltr'><strong>est</strong></span> <span class='ocrx_word' id='word_1_693' title='bbox 1800 4515 1942 4568; x_wconf 87' lang='lat' dir='ltr'><strong>enini</strong></span> 
     </span>
    </p>
   </div>
   <div class='ocr_carea' id='block_1_93' title="bbox 370 4607 1943 4678">
    <p class='ocr_par' dir='ltr' id='par_1_93' title="bbox 370 4607 1943 4678">
     <span class='ocr_line' id='line_1_93' title="bbox 370 4607 1943 4678; baseline -0.002 -16"><span class='ocrx_word' id='word_1_694' title='bbox 370 4609 603 4678; x_wconf 85' lang='lat' dir='ltr'><strong>superbe</strong></span> <span class='ocrx_word' id='word_1_695' title='bbox 635 4607 1019 4662; x_wconf 84' lang='lat' dir='ltr'><strong>contumeliam</strong></span> <span class='ocrx_word' id='word_1_696' title='bbox 1050 4607 1227 4662; x_wconf 84' lang='lat' dir='ltr'><strong>facere</strong></span> <span class='ocrx_word' id='word_1_697' title='bbox 1250 4607 1542 4675; x_wconf 83' lang='lat' dir='ltr'><strong>jndiranti,</strong></span> <span class='ocrx_word' id='word_1_698' title='bbox 1567 4607 1710 4674; x_wconf 84' lang='lat' dir='ltr'><strong>quod</strong></span> <span class='ocrx_word' id='word_1_699' title='bbox 1731 4607 1943 4675; x_wconf 78' lang='lat' dir='ltr'><strong>signum</strong></span> 
     </span>
    </p>
   </div>
   <div class='ocr_carea' id='block_1_94' title="bbox 370 4696 1942 4766">
    <p class='ocr_par' dir='ltr' id='par_1_94' title="bbox 370 4696 1942 4766">
     <span class='ocr_line' id='line_1_94' title="bbox 370 4696 1942 4766; baseline -0.004 -10"><span class='ocrx_word' id='word_1_700' title='bbox 370 4700 622 4756; x_wconf 70' lang='lat' dir='ltr'><strong>stultitiae</strong></span> <span class='ocrx_word' id='word_1_701' title='bbox 652 4704 760 4763; x_wconf 85' lang='lat' dir='ltr'><strong>est,</strong></span> <span class='ocrx_word' id='word_1_702' title='bbox 786 4698 933 4751; x_wconf 87' lang='lat' dir='ltr'><strong>aliud</strong></span> <span class='ocrx_word' id='word_1_703' title='bbox 967 4698 1044 4750; x_wconf 86' lang='lat' dir='ltr'><strong>sic</strong></span> <span class='ocrx_word' id='word_1_704' title='bbox 1076 4699 1393 4766; x_wconf 85' lang='lat' dir='ltr'><strong>impendens</strong></span> <span class='ocrx_word' id='word_1_705' title='bbox 1433 4700 1600 4751; x_wconf 84' lang='lat' dir='ltr'><strong>vitare</strong></span> <span class='ocrx_word' id='word_1_706' title='bbox 1625 4696 1942 4761; x_wconf 81' lang='lat' dir='ltr'><strong>discrimen,</strong></span> 
     </span>
    </p>
   </div>
   <div class='ocr_carea' id='block_1_95' title="bbox 371 4789 1298 4848">
    <p class='ocr_par' dir='ltr' id='par_1_95' title="bbox 371 4789 1298 4848">
     <span class='ocr_line' id='line_1_95' title="bbox 371 4789 1298 4848; baseline -0.005 0"><span class='ocrx_word' id='word_1_707' title='bbox 371 4805 428 4848; x_wconf 81' lang='lat' dir='ltr'><strong>ut</strong></span> <span class='ocrx_word' id='word_1_708' title='bbox 457 4794 520 4846; x_wconf 86' lang='lat' dir='ltr'><strong>tle</strong></span> <span class='ocrx_word' id='word_1_709' title='bbox 541 4791 770 4845; x_wconf 86' lang='lat' dir='ltr'><strong>veritate</strong></span> <span class='ocrx_word' id='word_1_710' title='bbox 807 4789 941 4842; x_wconf 86' lang='lat' dir='ltr'><strong>nihil</strong></span> <span class='ocrx_word' id='word_1_711' title='bbox 983 4790 1298 4843; x_wconf 81' lang='lat' dir='ltr'><strong>subtrahas.</strong></span> 
     </span>
    </p>
   </div>
   <div class='ocr_carea' id='block_1_96' title="bbox 443 4883 1948 4955">
    <p class='ocr_par' dir='ltr' id='par_1_96' title="bbox 443 4883 1948 4955">
     <span class='ocr_line' id='line_1_96' title="bbox 443 4883 1948 4955; baseline -0.003 -16"><span class='ocrx_word' id='word_1_712' title='bbox 443 4883 621 4955; x_wconf 86' lang='lat' dir='ltr'><strong>(Vers.</strong></span> <span class='ocrx_word' id='word_1_713' title='bbox 676 4884 789 4952; x_wconf 86' lang='grc'><strong>16.)</strong></span> <span class='ocrx_word' id='word_1_714' title='bbox 849 4901 868 4934; x_wconf 85' lang='grc' dir='ltr'><strong>ι</strong></span> <span class='ocrx_word' id='word_1_715' title='bbox 915 4883 978 4936; x_wconf 76' lang='lat' dir='ltr'><strong>Et</strong></span> <span class='ocrx_word' id='word_1_716' title='bbox 1031 4883 1295 4936; x_wconf 79' lang='lat' dir='ltr'><strong>dixerunt</strong></span> <span class='ocrx_word' id='word_1_717' title='bbox 1347 4884 1638 4951; x_wconf 81' lang='lat' dir='ltr'><strong>principes,</strong></span> <span class='ocrx_word' id='word_1_718' title='bbox 1669 4892 1723 4936; x_wconf 89' lang='lat' dir='ltr'><strong>ct</strong></span> <span class='ocrx_word' id='word_1_719' title='bbox 1771 4883 1948 4936; x_wconf 90' lang='lat' dir='ltr'><strong>omnis</strong></span> 
     </span>
    </p>
   </div>
   <div class='ocr_carea' id='block_1_97' title="bbox 374 4975 1950 5046">
    <p class='ocr_par' dir='ltr' id='par_1_97' title="bbox 374 4975 1950 5046">
     <span class='ocr_line' id='line_1_97' title="bbox 374 4975 1950 5046; baseline 0.001 -20"><span class='ocrx_word' id='word_1_720' title='bbox 374 4976 606 5046; x_wconf 75' lang='lat' dir='ltr'><strong>populus</strong></span> <span class='ocrx_word' id='word_1_721' title='bbox 653 4978 718 5029; x_wconf 89' lang='lat' dir='ltr'><strong>ad</strong></span> <span class='ocrx_word' id='word_1_722' title='bbox 767 4976 1074 5030; x_wconf 83' lang='lat' dir='ltr'><strong>sacerdotes</strong></span> <span class='ocrx_word' id='word_1_723' title='bbox 1102 4985 1154 5028; x_wconf 84' lang='lat' dir='ltr'><strong>et</strong></span> <span class='ocrx_word' id='word_1_724' title='bbox 1188 4975 1520 5043; x_wconf 82' lang='lat' dir='ltr'><strong>prophetas:</strong></span> <span class='ocrx_word' id='word_1_725' title='bbox 1559 4976 1672 5027; x_wconf 75' lang='lat' dir='ltr'><strong>Non</strong></span> <span class='ocrx_word' id='word_1_726' title='bbox 1707 4986 1792 5028; x_wconf 82' lang='lat' dir='ltr'><strong>est</strong></span> <span class='ocrx_word' id='word_1_727' title='bbox 1833 4978 1950 5027; x_wconf 85' lang='lat' dir='ltr'><strong>viro</strong></span> 
     </span>
    </p>
   </div>
   <div class='ocr_carea' id='block_1_98' title="bbox 378 5067 1947 5136">
    <p class='ocr_par' dir='ltr' id='par_1_98' title="bbox 378 5067 1947 5136">
     <span class='ocr_line' id='line_1_98' title="bbox 378 5067 1947 5136; baseline -0.001 -15"><span class='ocrx_word' id='word_1_728' title='bbox 378 5071 502 5122; x_wconf 90' lang='lat' dir='ltr'><strong>huic</strong></span> <span class='ocrx_word' id='word_1_729' title='bbox 529 5067 792 5136; x_wconf 82' lang='lat' dir='ltr'><strong>judicium</strong></span> <span class='ocrx_word' id='word_1_730' title='bbox 840 5068 1055 5131; x_wconf 86' lang='lat' dir='ltr'><strong>mortis,</strong></span> <span class='ocrx_word' id='word_1_731' title='bbox 1091 5067 1216 5134; x_wconf 85' lang='lat' dir='ltr'><strong>quia</strong></span> <span class='ocrx_word' id='word_1_732' title='bbox 1259 5069 1309 5120; x_wconf 91' lang='lat' dir='ltr'><strong>in</strong></span> <span class='ocrx_word' id='word_1_733' title='bbox 1350 5069 1567 5121; x_wconf 85' lang='lat' dir='ltr'><strong>nomine</strong></span> <span class='ocrx_word' id='word_1_734' title='bbox 1609 5067 1820 5120; x_wconf 90' lang='lat' dir='ltr'><strong>Domini</strong></span> <span class='ocrx_word' id='word_1_735' title='bbox 1857 5069 1947 5119; x_wconf 88' lang='lat' dir='ltr'><strong>Dei</strong></span> 
     </span>
    </p>
   </div>
   <div class='ocr_carea' id='block_1_99' title="bbox 376 5159 1947 5230">
    <p class='ocr_par' dir='ltr' id='par_1_99' title="bbox 376 5159 1947 5230">
     <span class='ocr_line' id='line_1_99' title="bbox 376 5159 1947 5230; baseline -0.002 -15"><span class='ocrx_word' id='word_1_736' title='bbox 376 5162 550 5215; x_wconf 83' lang='lat' dir='ltr'><strong>nostri</strong></span> <span class='ocrx_word' id='word_1_737' title='bbox 584 5161 800 5214; x_wconf 89' lang='lat' dir='ltr'><strong>locutus</strong></span> <span class='ocrx_word' id='word_1_738' title='bbox 844 5169 930 5215; x_wconf 84' lang='lat' dir='ltr'><strong>est</strong></span> <span class='ocrx_word' id='word_1_739' title='bbox 979 5162 1044 5214; x_wconf 90' lang='lat' dir='ltr'><strong>ad</strong></span> <span class='ocrx_word' id='word_1_740' title='bbox 1100 5176 1218 5214; x_wconf 91' lang='lat' dir='ltr'><strong>nos.</strong></span> <span class='ocrx_word' id='word_1_741' title='bbox 1260 5179 1278 5210; x_wconf 84' lang='grc' dir='ltr'><strong>ι</strong></span> <span class='ocrx_word' id='word_1_742' title='bbox 1317 5160 1553 5230; x_wconf 79' lang='lat' dir='ltr'><strong>Pupulus</strong></span> <span class='ocrx_word' id='word_1_743' title='bbox 1606 5161 1695 5229; x_wconf 89' lang='lat' dir='ltr'><strong>qui</strong></span> <span class='ocrx_word' id='word_1_744' title='bbox 1737 5159 1888 5229; x_wconf 86' lang='lat' dir='ltr'><strong>prius</strong></span> <span class='ocrx_word' id='word_1_745' title='bbox 1918 5174 1947 5212; x_wconf 90' lang='lat' dir='ltr'><strong>a</strong></span> 
     </span>
    </p>
   </div>
   <div class='ocr_carea' id='block_1_100' title="bbox 378 5250 1949 5321">
    <p class='ocr_par' dir='ltr' id='par_1_100' title="bbox 378 5250 1949 5321">
     <span class='ocr_line' id='line_1_100' title="bbox 378 5250 1949 5321; baseline -0.001 -16"><span class='ocrx_word' id='word_1_746' title='bbox 378 5250 754 5305; x_wconf 84' lang='lat' dir='ltr'><strong>sacerdotibus</strong></span> <span class='ocrx_word' id='word_1_747' title='bbox 789 5259 845 5305; x_wconf 88' lang='lat' dir='ltr'><strong>et</strong></span> <span class='ocrx_word' id='word_1_748' title='bbox 889 5253 1376 5321; x_wconf 76' lang='lat' dir='ltr'><strong>pseudOprophetis</strong></span> <span class='ocrx_word' id='word_1_749' title='bbox 1424 5254 1593 5307; x_wconf 83' lang='lat' dir='ltr'><strong>l&#39;uera;</strong></span> <span class='ocrx_word' id='word_1_750' title='bbox 1636 5251 1949 5319; x_wconf 86' lang='lat' dir='ltr'><strong>supplanta-</strong></span> 
     </span>
    </p>
   </div>
   <div class='ocr_carea' id='block_1_101' title="bbox 377 5345 1949 5416">
    <p class='ocr_par' dir='ltr' id='par_1_101' title="bbox 377 5345 1949 5416">
     <span class='ocr_line' id='line_1_101' title="bbox 377 5345 1949 5416; baseline 0.001 -20"><span class='ocrx_word' id='word_1_751' title='bbox 377 5355 486 5412; x_wconf 88' lang='lat' dir='ltr'><strong>tus,</strong></span> <span class='ocrx_word' id='word_1_752' title='bbox 507 5345 750 5416; x_wconf 70' lang='lat' dir='ltr'><strong>jungitur</strong></span> <span class='ocrx_word' id='word_1_753' title='bbox 778 5345 1119 5414; x_wconf 84' lang='lat' dir='ltr'><strong>principibus</strong></span> <span class='ocrx_word' id='word_1_754' title='bbox 1171 5347 1414 5400; x_wconf 87' lang='lat' dir='ltr'><strong>civitatis</strong></span> <span class='ocrx_word' id='word_1_755' title='bbox 1444 5364 1458 5406; x_wconf 83' lang='lat'><strong>;</strong></span> <span class='ocrx_word' id='word_1_756' title='bbox 1491 5357 1545 5399; x_wconf 93' lang='lat' dir='ltr'><strong>et</strong></span> <span class='ocrx_word' id='word_1_757' title='bbox 1574 5360 1672 5415; x_wconf 91' lang='lat' dir='ltr'><strong>pro</strong></span> <span class='ocrx_word' id='word_1_758' title='bbox 1715 5345 1949 5400; x_wconf 80' lang='lat' dir='ltr'><strong>Jeretnia</strong></span> 
     </span>
    </p>
   </div>
   <div class='ocr_carea' id='block_1_102' title="bbox 379 5438 1949 5516">
    <p class='ocr_par' dir='ltr' id='par_1_102' title="bbox 379 5438 1949 5516">
     <span class='ocr_line' id='line_1_102' title="bbox 379 5438 1949 5516; baseline -0.001 -25"><span class='ocrx_word' id='word_1_759' title='bbox 379 5439 645 5509; x_wconf 83' lang='lat' dir='ltr'><strong>loquitur,</strong></span> <span class='ocrx_word' id='word_1_760' title='bbox 674 5439 828 5516; x_wconf 76' lang='lat' dir='ltr'><strong>quod</strong></span> <span class='ocrx_word' id='word_1_761' title='bbox 859 5453 1200 5507; x_wconf 82' lang='lat' dir='ltr'><strong>nequaquam</strong></span> <span class='ocrx_word' id='word_1_762' title='bbox 1237 5455 1362 5494; x_wconf 88' lang='lat' dir='ltr'><strong>reus</strong></span> <span class='ocrx_word' id='word_1_763' title='bbox 1398 5439 1586 5494; x_wconf 84' lang='lat' dir='ltr'><strong>mortis</strong></span> <span class='ocrx_word' id='word_1_764' title='bbox 1620 5441 1712 5504; x_wconf 87' lang='lat' dir='ltr'><strong>sit,</strong></span> <span class='ocrx_word' id='word_1_765' title='bbox 1750 5440 1844 5494; x_wconf 70' lang='lat' dir='ltr'><strong>sed</strong></span> <span class='ocrx_word' id='word_1_766' title='bbox 1899 5438 1949 5491; x_wconf 80' lang='grc' dir='ltr'><strong>ιιι</strong></span> 
     </span>
    </p>
   </div>
   <div class='ocr_carea' id='block_1_103' title="bbox 454 5616 1310 5686">
    <p class='ocr_par' dir='ltr' id='par_1_103' title="bbox 454 5616 1310 5686">
     <span class='ocr_line' id='line_1_103' title="bbox 454 5616 1310 5686; baseline -0.001 -13"><span class='ocrx_word' id='word_1_767' title='bbox 454 5619 470 5650; x_wconf 80' lang='grc'>⁸</span> <span class='ocrx_word' id='word_1_768' title='bbox 509 5617 678 5673; x_wconf 78' lang='lat' dir='ltr'><strong>Vatic.</strong></span> <span class='ocrx_word' id='word_1_769' title='bbox 717 5616 784 5671; x_wconf 77' lang='lat' dir='ltr'><strong>Et</strong></span> <span class='ocrx_word' id='word_1_770' title='bbox 817 5633 994 5672; x_wconf 83' lang='lat' dir='ltr'><strong>omnes</strong></span> <span class='ocrx_word' id='word_1_771' title='bbox 1026 5618 1310 5686; x_wconf 75' lang='lat' dir='ltr'><strong>principes.</strong></span> 
     </span>
    </p>
   </div>
   <div class='ocr_carea' id='block_1_104' title="bbox 2052 4424 3623 4497">
    <p class='ocr_par' dir='ltr' id='par_1_104' title="bbox 2052 4424 3623 4497">
     <span class='ocr_line' id='line_1_104' title="bbox 2052 4424 3623 4497; baseline 0.001 -19"><span class='ocrx_word' id='word_1_772' title='bbox 2052 4424 2249 4478; x_wconf 80' lang='lat' dir='ltr'><strong>malum</strong></span> <span class='ocrx_word' id='word_1_773' title='bbox 2281 4427 2480 4494; x_wconf 86' lang='lat' dir='ltr'><strong>grande</strong></span> <span class='ocrx_word' id='word_1_774' title='bbox 2497 4437 2680 4481; x_wconf 81' lang='lat' dir='ltr'><strong>contra</strong></span> <span class='ocrx_word' id='word_1_775' title='bbox 2719 4429 2927 4481; x_wconf 84' lang='lat' dir='ltr'><strong>animas</strong></span> <span class='ocrx_word' id='word_1_776' title='bbox 2969 4435 3175 4480; x_wconf 77' lang='lat' dir='ltr'><strong>nostras</strong></span> <span class='ocrx_word' id='word_1_777' title='bbox 3198 4442 3218 4482; x_wconf 91' lang='lat'><strong><em>:</em></strong></span> <span class='ocrx_word' id='word_1_778' title='bbox 3249 4442 3354 4482; x_wconf 90' lang='lat' dir='ltr'><strong>non</strong></span> <span class='ocrx_word' id='word_1_779' title='bbox 3378 4429 3520 4497; x_wconf 84' lang='lat' dir='ltr'><strong>qn..d</strong></span> <span class='ocrx_word' id='word_1_780' title='bbox 3550 4428 3623 4482; x_wconf 62' lang='lat' dir='ltr'><strong>fa-</strong></span> 
     </span>
    </p>
   </div>
   <div class='ocr_carea' id='block_1_105' title="bbox 2054 4517 3624 4588">
    <p class='ocr_par' dir='ltr' id='par_1_105' title="bbox 2054 4517 3624 4588">
     <span class='ocr_line' id='line_1_105' title="bbox 2054 4517 3624 4588; baseline -0.001 -15"><span class='ocrx_word' id='word_1_781' title='bbox 2054 4533 2178 4573; x_wconf 90' lang='lat' dir='ltr'><strong>cere</strong></span> <span class='ocrx_word' id='word_1_782' title='bbox 2212 4517 2467 4583; x_wconf 89' lang='lat' dir='ltr'><strong>debeant,</strong></span> <span class='ocrx_word' id='word_1_783' title='bbox 2497 4518 2590 4572; x_wconf 90' lang='lat' dir='ltr'><strong>sed</strong></span> <span class='ocrx_word' id='word_1_784' title='bbox 2633 4519 2758 4588; x_wconf 84' lang='lat' dir='ltr'><strong>quia</strong></span> <span class='ocrx_word' id='word_1_785' title='bbox 2793 4521 2836 4575; x_wconf 91' lang='lat' dir='ltr'><strong>si</strong></span> <span class='ocrx_word' id='word_1_786' title='bbox 2870 4518 3128 4582; x_wconf 88' lang='lat' dir='ltr'><strong>fecerint,</strong></span> <span class='ocrx_word' id='word_1_787' title='bbox 3154 4534 3498 4586; x_wconf 81' lang='lat' dir='ltr'><strong>nequaquam</strong></span> <span class='ocrx_word' id='word_1_788' title='bbox 3531 4538 3624 4572; x_wconf 78' lang='grc' dir='ltr'>ιιυο</span> 
     </span>
    </p>
   </div>
   <div class='ocr_carea' id='block_1_106' title="bbox 2053 4609 3627 4680">
    <p class='ocr_par' dir='ltr' id='par_1_106' title="bbox 2053 4609 3627 4680">
     <span class='ocr_line' id='line_1_106' title="bbox 2053 4609 3627 4680; baseline 0.001 -17"><span class='ocrx_word' id='word_1_789' title='bbox 2053 4619 2211 4664; x_wconf 89' lang='lat' dir='ltr'><strong>ceant</strong></span> <span class='ocrx_word' id='word_1_790' title='bbox 2238 4621 2512 4676; x_wconf 84' lang='lat' dir='ltr'><strong>accusato,</strong></span> <span class='ocrx_word' id='word_1_791' title='bbox 2545 4609 2638 4665; x_wconf 89' lang='lat' dir='ltr'><strong>sed</strong></span> <span class='ocrx_word' id='word_1_792' title='bbox 2673 4613 2960 4665; x_wconf 87' lang='lat' dir='ltr'><strong>animabus</strong></span> <span class='ocrx_word' id='word_1_793' title='bbox 2993 4613 3131 4676; x_wconf 88' lang='lat' dir='ltr'><strong>suis,</strong></span> <span class='ocrx_word' id='word_1_794' title='bbox 3158 4625 3297 4680; x_wconf 86' lang='lat' dir='ltr'><strong>quas</strong></span> <span class='ocrx_word' id='word_1_795' title='bbox 3331 4612 3627 4665; x_wconf 89' lang='lat' dir='ltr'><strong>mutatione</strong></span> 
     </span>
    </p>
   </div>
   <div class='ocr_carea' id='block_1_107' title="bbox 2056 4702 2940 4770">
    <p class='ocr_par' dir='ltr' id='par_1_107' title="bbox 2056 4702 2940 4770">
     <span class='ocr_line' id='line_1_107' title="bbox 2056 4702 2940 4770; baseline 0.003 -15"><span class='ocrx_word' id='word_1_796' title='bbox 2056 4702 2342 4757; x_wconf 73' lang='lat' dir='ltr'><strong>sententiae</strong></span> <span class='ocrx_word' id='word_1_797' title='bbox 2374 4704 2650 4770; x_wconf 83' lang='lat' dir='ltr'><strong>potuerint</strong></span> <span class='ocrx_word' id='word_1_798' title='bbox 2685 4705 2940 4758; x_wconf 83' lang='lat' dir='ltr'><strong>liberare.</strong></span> 
     </span>
    </p>
   </div>
   <div class='ocr_carea' id='block_1_108' title="bbox 2129 4793 3625 4866">
    <p class='ocr_par' dir='ltr' id='par_1_108' title="bbox 2129 4793 3625 4866">
     <span class='ocr_line' id='line_1_108' title="bbox 2129 4793 3625 4866; baseline 0.004 -22"><span class='ocrx_word' id='word_1_799' title='bbox 2129 4793 2310 4862; x_wconf 60' lang='grc' dir='ltr'><strong>(νει-8.</strong></span> <span class='ocrx_word' id='word_1_800' title='bbox 2350 4794 2422 4848; x_wconf 69' lang='grc'>20</span> <span class='ocrx_word' id='word_1_801' title='bbox 2455 4796 2634 4863; x_wconf 83' lang='lat' dir='ltr'><strong>seqq.)</strong></span> <span class='ocrx_word' id='word_1_802' title='bbox 2689 4814 2705 4844; x_wconf 84' lang='grc' dir='ltr'><strong>ι</strong></span> <span class='ocrx_word' id='word_1_803' title='bbox 2747 4795 2864 4848; x_wconf 79' lang='lat' dir='ltr'><strong>Fuit</strong></span> <span class='ocrx_word' id='word_1_804' title='bbox 2914 4811 3128 4866; x_wconf 82' lang='lat' dir='ltr'><strong>quoque</strong></span> <span class='ocrx_word' id='word_1_805' title='bbox 3172 4799 3255 4851; x_wconf 85' lang='lat' dir='ltr'><strong>vir</strong></span> <span class='ocrx_word' id='word_1_806' title='bbox 3301 4798 3625 4865; x_wconf 77' lang='lat' dir='ltr'><strong>propltctatts</strong></span> 
     </span>
    </p>
   </div>
   <div class='ocr_carea' id='block_1_109' title="bbox 2060 4886 3626 4949">
    <p class='ocr_par' dir='ltr' id='par_1_109' title="bbox 2060 4886 3626 4949">
     <span class='ocr_line' id='line_1_109' title="bbox 2060 4886 3626 4949; baseline 0.003 -11"><span class='ocrx_word' id='word_1_807' title='bbox 2060 4886 2111 4938; x_wconf 88' lang='lat' dir='ltr'><strong>in</strong></span> <span class='ocrx_word' id='word_1_808' title='bbox 2147 4887 2366 4940; x_wconf 88' lang='lat' dir='ltr'><strong>nomine</strong></span> <span class='ocrx_word' id='word_1_809' title='bbox 2415 4887 2624 4940; x_wconf 87' lang='lat' dir='ltr'><strong>Domini</strong></span> <span class='ocrx_word' id='word_1_810' title='bbox 2662 4886 2839 4949; x_wconf 82' lang='lat' dir='ltr'><strong>Urias,</strong></span> <span class='ocrx_word' id='word_1_811' title='bbox 2895 4891 3036 4942; x_wconf 81' lang='lat' dir='ltr'><strong>filius</strong></span> <span class='ocrx_word' id='word_1_812' title='bbox 3071 4890 3248 4943; x_wconf 86' lang='lat' dir='ltr'><strong>Sentei</strong></span> <span class='ocrx_word' id='word_1_813' title='bbox 3286 4894 3350 4944; x_wconf 88' lang='lat' dir='ltr'><strong>de</strong></span> <span class='ocrx_word' id='word_1_814' title='bbox 3381 4892 3626 4944; x_wconf 71' lang='lat' dir='ltr'><strong>C‘dllnlil-</strong></span> 
     </span>
    </p>
   </div>
   <div class='ocr_carea' id='block_1_110' title="bbox 2056 4973 3626 5045">
    <p class='ocr_par' dir='ltr' id='par_1_110' title="bbox 2056 4973 3626 5045">
     <span class='ocr_line' id='line_1_110' title="bbox 2056 4973 3626 5045; baseline 0.005 -17"><span class='ocrx_word' id='word_1_815' title='bbox 2056 4973 2247 5039; x_wconf 68' lang='lat' dir='ltr'><strong>Jaritn,</strong></span> <span class='ocrx_word' id='word_1_816' title='bbox 2296 4990 2362 5030; x_wconf 31' lang='lat' dir='ltr'><strong>et,</strong></span> <span class='ocrx_word' id='word_1_817' title='bbox 2397 4978 2744 5045; x_wconf 86' lang='lat' dir='ltr'><strong>propltetavit</strong></span> <span class='ocrx_word' id='word_1_818' title='bbox 2797 4981 3059 5033; x_wconf 84' lang='lat' dir='ltr'><strong>adversus</strong></span> <span class='ocrx_word' id='word_1_819' title='bbox 3103 4981 3388 5034; x_wconf 83' lang='lat' dir='ltr'><strong>civitatem</strong></span> <span class='ocrx_word' id='word_1_820' title='bbox 3447 4983 3626 5036; x_wconf 80' lang='lat' dir='ltr'><strong>istam.</strong></span> 
     </span>
    </p>
   </div>
   <div class='ocr_carea' id='block_1_111' title="bbox 2060 5071 3621 5141">
    <p class='ocr_par' dir='ltr' id='par_1_111' title="bbox 2060 5071 3621 5141">
     <span class='ocr_line' id='line_1_111' title="bbox 2060 5071 3621 5141; baseline 0.003 -19"><span class='ocrx_word' id='word_1_821' title='bbox 2060 5079 2111 5122; x_wconf 93' lang='lat' dir='ltr'><strong>et</strong></span> <span class='ocrx_word' id='word_1_822' title='bbox 2160 5073 2450 5125; x_wconf 84' lang='lat' dir='ltr'><strong>adversum</strong></span> <span class='ocrx_word' id='word_1_823' title='bbox 2509 5082 2708 5124; x_wconf 86' lang='lat' dir='ltr'><strong>terram</strong></span> <span class='ocrx_word' id='word_1_824' title='bbox 2760 5072 2922 5135; x_wconf 89' lang='lat' dir='ltr'><strong>hanc,</strong></span> <span class='ocrx_word' id='word_1_825' title='bbox 2974 5071 3126 5141; x_wconf 70' lang='lat' dir='ltr'><strong>juxta</strong></span> <span class='ocrx_word' id='word_1_826' title='bbox 3171 5075 3422 5126; x_wconf 85' lang='lat' dir='ltr'><strong>universa</strong></span> <span class='ocrx_word' id='word_1_827' title='bbox 3460 5075 3621 5128; x_wconf 80' lang='lat' dir='ltr'><strong>verba</strong></span> 
     </span>
    </p>
   </div>
   <div class='ocr_carea' id='block_1_112' title="bbox 2058 5161 3630 5233">
    <p class='ocr_par' dir='ltr' id='par_1_112' title="bbox 2058 5161 3630 5233">
     <span class='ocr_line' id='line_1_112' title="bbox 2058 5161 3630 5233; baseline 0.001 -16"><span class='ocrx_word' id='word_1_828' title='bbox 2058 5161 2332 5217; x_wconf 71' lang='lat' dir='ltr'><strong>Jeretnize.</strong></span> <span class='ocrx_word' id='word_1_829' title='bbox 2365 5164 2427 5216; x_wconf 77' lang='lat' dir='ltr'><strong>Et</strong></span> <span class='ocrx_word' id='word_1_830' title='bbox 2452 5163 2660 5216; x_wconf 88' lang='lat' dir='ltr'><strong>audivit</strong></span> <span class='ocrx_word' id='word_1_831' title='bbox 2686 5179 2777 5216; x_wconf 80' lang='lat' dir='ltr'><strong>rex</strong></span> <span class='ocrx_word' id='word_1_832' title='bbox 2812 5163 3016 5218; x_wconf 83' lang='lat' dir='ltr'><strong>Joacim</strong></span> <span class='ocrx_word' id='word_1_833' title='bbox 3049 5176 3104 5217; x_wconf 89' lang='lat' dir='ltr'><strong>et</strong></span> <span class='ocrx_word' id='word_1_834' title='bbox 3134 5179 3324 5218; x_wconf 86' lang='lat' dir='ltr'><strong>omnes</strong></span> <span class='ocrx_word' id='word_1_835' title='bbox 3361 5177 3630 5233; x_wconf 73' lang='lat' dir='ltr'><strong>potentes,</strong></span> 
     </span>
    </p>
   </div>
   <div class='ocr_carea' id='block_1_113' title="bbox 2059 5255 3634 5324">
    <p class='ocr_par' dir='ltr' id='par_1_113' title="bbox 2059 5255 3634 5324">
     <span class='ocr_line' id='line_1_113' title="bbox 2059 5255 3634 5324; baseline 0.001 -15"><span class='ocrx_word' id='word_1_836' title='bbox 2059 5266 2113 5309; x_wconf 90' lang='lat' dir='ltr'><strong>et</strong></span> <span class='ocrx_word' id='word_1_837' title='bbox 2139 5257 2411 5324; x_wconf 88' lang='lat' dir='ltr'><strong>principes</strong></span> <span class='ocrx_word' id='word_1_838' title='bbox 2451 5263 2462 5285; x_wconf 85' lang='lat'><strong>&#39;</strong></span> <span class='ocrx_word' id='word_1_839' title='bbox 2505 5255 2621 5321; x_wconf 81' lang='lat' dir='ltr'><strong>ejus</strong></span> <span class='ocrx_word' id='word_1_840' title='bbox 2651 5256 2816 5309; x_wconf 85' lang='lat' dir='ltr'><strong>verba</strong></span> <span class='ocrx_word' id='word_1_841' title='bbox 2869 5257 3005 5319; x_wconf 76' lang='lat' dir='ltr'><strong>haec,</strong></span> <span class='ocrx_word' id='word_1_842' title='bbox 3033 5266 3084 5310; x_wconf 92' lang='lat' dir='ltr'><strong>et</strong></span> <span class='ocrx_word' id='word_1_843' title='bbox 3125 5261 3374 5324; x_wconf 65' lang='lat' dir='ltr'><strong>fllliBSiVll</strong></span> <span class='ocrx_word' id='word_1_844' title='bbox 3426 5274 3520 5312; x_wconf 80' lang='lat' dir='ltr'><strong>rex</strong></span> <span class='ocrx_word' id='word_1_845' title='bbox 3557 5259 3634 5311; x_wconf 87' lang='lat' dir='ltr'><strong>itt-</strong></span> 
     </span>
    </p>
   </div>
   <div class='ocr_carea' id='block_1_114' title="bbox 2064 5348 3638 5420">
    <p class='ocr_par' dir='ltr' id='par_1_114' title="bbox 2064 5348 3638 5420">
     <span class='ocr_line' id='line_1_114' title="bbox 2064 5348 3638 5420; baseline 0.001 -19"><span class='ocrx_word' id='word_1_846' title='bbox 2064 5350 2312 5402; x_wconf 75' lang='lat' dir='ltr'><strong>terlit:ere</strong></span> <span class='ocrx_word' id='word_1_847' title='bbox 2336 5364 2482 5412; x_wconf 89' lang='lat' dir='ltr'><strong>eum,</strong></span> <span class='ocrx_word' id='word_1_848' title='bbox 2519 5359 2572 5402; x_wconf 90' lang='lat' dir='ltr'><strong>et</strong></span> <span class='ocrx_word' id='word_1_849' title='bbox 2603 5348 3013 5413; x_wconf 85' lang='lat' dir='ltr'><strong>audivitUrias,</strong></span> <span class='ocrx_word' id='word_1_850' title='bbox 3055 5359 3108 5403; x_wconf 88' lang='lat' dir='ltr'><strong>et</strong></span> <span class='ocrx_word' id='word_1_851' title='bbox 3158 5350 3360 5416; x_wconf 88' lang='lat' dir='ltr'><strong>timuit,</strong></span> <span class='ocrx_word' id='word_1_852' title='bbox 3401 5351 3638 5420; x_wconf 84' lang='lat' dir='ltr'><strong>fugitque</strong></span> 
     </span>
    </p>
   </div>
   <div class='ocr_carea' id='block_1_115' title="bbox 2060 5439 3636 5512">
    <p class='ocr_par' dir='ltr' id='par_1_115' title="bbox 2060 5439 3636 5512">
     <span class='ocr_line' id='line_1_115' title="bbox 2060 5439 3636 5512; baseline 0.001 -18"><span class='ocrx_word' id='word_1_853' title='bbox 2060 5453 2111 5494; x_wconf 88' lang='lat' dir='ltr'><strong>et</strong></span> <span class='ocrx_word' id='word_1_854' title='bbox 2143 5440 2354 5511; x_wconf 84' lang='lat'><strong>1030</strong></span> <span class='ocrx_word' id='word_1_855' title='bbox 2380 5441 2656 5511; x_wconf 84' lang='lat' dir='ltr'><strong>ingressus</strong></span> <span class='ocrx_word' id='word_1_856' title='bbox 2683 5450 2768 5497; x_wconf 84' lang='lat' dir='ltr'><strong>est</strong></span> <span class='ocrx_word' id='word_1_857' title='bbox 2815 5439 3134 5512; x_wconf 70' lang='lat' dir='ltr'><strong>Aigyptum.</strong></span> <span class='ocrx_word' id='word_1_858' title='bbox 3177 5443 3502 5512; x_wconf 69' lang='lat' dir='ltr'><strong>s‘Quodque</strong></span> <span class='ocrx_word' id='word_1_859' title='bbox 3550 5457 3636 5497; x_wconf 74' lang='lat' dir='ltr'><strong>se-</strong></span> 
     </span>
    </p>
   </div>
  </div>
