3966 6176
360 431 455 496 881

787 439 1283 509 CUMMEN'I‘AR.
1329 449 1412 512 IN
1451 452 1852 516 JEREMIAM
1897 458 2365 524 PRQPHETAM
2430 466 2578 529 LIB.
2651 468 2722 537 ν,
2761 466 2924 527 CAP.
2969 467 3211 530 XXVII.

3505 422 3614 529 δεῖ).

574 564 590 602 :
629 551 748 653 «Alit
773 555 1042 653 misit-rex
1076 559 1284 617 Joacim
1316 567 1466 622 viros
1520 570 1573 623 in
1620 569 1939 641 Egyptum.
1969 577 2015 636 Δ
2045 576 2184 631 LXX
2218 595 2322 634 non
2355 581 2608 637 habetur.
2643 581 2706 636 Et
2737 584 2889 638 multi
2932 593 3128 653 putant
3152 581 3430 652 sequentis
3473 585 3620 652 capi.

356 637 626 695 Elnathan
653 643 822 698 tilium
852 646 1130 716 Achabor,
1160 664 1215 708 et
1244 655 1396 711 viros
1427 673 1548 712 cum
1574 675 1640 716 eo
1675 637 1931 734 qugy—

355 737 531 796 ptum,
565 749 582 782 ι
611 733 660 786 in
694 734 836 789 LXX
873 753 980 793 non
1017 740 1266 798 habetur.
1302 745 1698 820 Deinjungitur
1729 769 1744 806 :
1805 769 1823 802 ι
1871 733 1936 806 Et

353 821 658 877 eduxerunt
691 825 874 882 Uriam
925 830 992 885 de
1037 831 1297 904 Algypto,
1330 849 1383 891 et
1409 839 1764 898 adduxerunt
1807 859 1931 897 eum

353 909 420 964 ad
447 927 628 980 regem
660 912 891 982 Joacim,
923 929 975 973 et
995 925 1268 990 percussit
1323 941 1457 982 eum
1489 931 1691 998 gladio,
1720 941 1774 986 et
1807 948 1934 1001 pro-

349 1001 481 1068 jeeit
509 1006 744 1061 cadaver
770 1010 891 1078 ejus
916 1013 967 1064 in
999 1015 1266 1082 sepulcris
1296 1021 1438 1088 vulgi
1512 1021 1790 1091 ignobilis.
1834 1022 1936 1078 Ve-

353 1106 659 1186 rumtamen
697 1115 918 1171 magnus
951 1105 1175 1159 Atticam
1211 1108 1303 1161 filii
1346 1109 1565 1178 Saphan
1591 1123 1710 1167 erat
1738 1112 1930 1186 [ναις.

353 1183 480 1256 fuit]
521 1204 644 1242 cum
684 1189 946 1254 Jeremia.
1001 1207 1060 1250 ut
1119 1214 1226 1253 non
1277 1203 1585 1257 traderetur
1639 1204 1690 1258 in
1740 1183 1938 1260 manus

355 1279 566 1347 populi.
597 1293 651 1334 et
697 1282 1071 1343 interﬁcerent
1118 1306 1262 1345 eum.
1305 1311 1323 1343 ι
1355 1293 1629 1359 Quaeritur
1663 1311 1782 1361 cur,
1811 1313 1936 1352 cum

354 1368 517 1424 Urias
545 1373 685 1429 [ilius
719 1375 901 1432 Semei
928 1379 994 1434 de
1019 1384 1224 1450 Oppido
1256 1383 1709 1455 Cariath-Jarim,
1749 1391 1935 1444 eadem

351 1476 480 1529 quae
507 1460 774 1518 Jeremias
792 1470 1153 1537 prophetarit,
1188 1473 1380 1528 timore
1405 1480 1758 1544 perterritus,
1785 1479 1938 1548 fuge-

353 1553 428 1604 rit
457 1553 509 1605 in
545 1551 863 1625 Egyptum,
897 1569 950 1613 et
970 1561 1096 1618 inde
1132 1573 1422 1631 retractus,
1462 1571 1675 1624 occisus
1703 1572 1772 1626 sit
1803 1587 1816 1624 :
1847 1572 1938 1627 Je-

352 1645 557 1697 remias
593 1650 831 1713 potuerit
865 1654 1117 1723 evadere,
1145 1658 1237 1726 qui
1263 1670 1414 1712 certe
1445 1677 1550 1714 non
1581 1663 1814 1730 fugerat,
1841 1667 1936 1720 sed

352 1739 623 1794 audacter
653 1742 706 1795 in
739 1745 906 1813 priori
944 1750 1215 1804 sententia
1265 1767 1646 1822 perseverans,
1677 1756 1938 1814 liberatus

353 1831 452 1896 sit,
490 1843 599 1885 tam
636 1835 779 1905 Vulgi
817 1839 1477 1914 principumquejudicio,
1514 1862 1675 1914 quam
1709 1848 1937 1904 consilio

2043 669 2138 721 tuli
2169 685 2295 726 esse
2326 674 2675 743 principium,
2705 674 2850 744 quod
2889 689 3234 744 nequaquam
3270 675 3340 728 ita
3377 683 3483 739 est,
3521 673 3614 727 sed

2032 757 2372 829 jungendum
2407 766 2702 833 superiori,
2752 776 2808 820 ut
2852 767 3113 836 quidquid
3149 768 3350 822 dictum
3386 766 3622 823 refertur

2039 862 2093 904 et
2124 852 2327 907 factum
2360 855 2412 908 iu
2448 850 2718 926 principio
2771 861 2926 930 regni
2974 859 3182 915 Joacint
3244 861 3452 914 factum
3496 875 3619 914 esse

2039 945 2529 1002 credamus.‘Uttde
2568 960 2623 1002 et
2659 951 2909 1005 mittendi
2936 952 2988 1006 in
3015 951 3337 1022 Egyptum,
3365 952 3523 1021 quasi
3549 951 3614 1004 ad

2043 1039 2274 1091 amicum
2313 1055 2492 1108 regem
2526 1041 2716 1099 habuit
2747 1053 3096 1112 potestatem.
3124 1043 3390 1099 Videntur
3431 1051 3615 1097 autem

2043 1130 2175 1184 mihi
2216 1129 2358 1184 LXX
2415 1132 2625 1184 titulum
2672 1135 2834 1188 istum
2871 1135 2970 1188 hac
3009 1136 3219 1190 ratione
3266 1135 3506 1200 siluisse,
3551 1149 3619 1187 ne

2040 1222 2280 1275 secundo
2311 1222 2495 1276 dicere
2521 1223 2856 1277 viderentur.
2900 1223 3018 1278 Jant
3066 1225 3210 1278 enim
3244 1224 3296 1278 iu
3348 1224 3618 1293 principio

2040 1323 2339 1382 posuerant
2381 1332 2397 1368 :
2432 1313 2499 1366 In
2527 1316 2788 1386 principio
2814 1317 2948 1386 regis
2982 1315 3188 1369 Joacim
3209 1317 3313 1384 filii
3336 1314 3502 1367 Josiw
3533 1330 3617 1368 re-

2039 1405 2118 1473 gis
2148 1405 2314 1467 Juda,
2345 1406 2549 1472 factum
2583 1415 2658 1459 est
2702 1406 2910 1461 verbum
2947 1407 3092 1461 istud
3132 1407 3201 1459 ad
3243 1405 3534 1460 Jcreutiaut
3587 1423 3620 1457 η

2045 1497 2270 1550 Domino
2297 1497 2498 1551 dicens.
3047 1540 3049 1544 -

2115 1589 2295 1658 (Vers.
2324 1590 2404 1660 2.)
2451 1610 2469 1642 ‹
2497 1591 2630 1646 .llznc
2654 1592 2789 1646 dicit
2823 1591 3082 1645 Dominus
3119 1592 3186 1644 ad
3214 1606 3297 1646 tne
3329 1607 3345 1649 ;
3373 1590 3479 1644 Fac
3525 1587 3619 1640 tibi

2041 1677 2258 1732 vincula
2310 1691 2361 1734 et
2393 1692 2636 1735 catenas.
2679 1700 2698 1733 ι
2747 1681 2871 1735 Sive
2926 1681 3162 1744 κλοιοὺς,
3219 1679 3312 1750 qui
3355 1677 3621 1732 Hebraice

2041 1769 2385 1838 appellantur
2424 1786 2642 1826 uuroau
2689 1767 2954 1840 (mum),
2993 1781 3048 1826 et
3105 1783 3358 1824 sermone
3406 1766 3617 1836 vulgari

2044 1859 2202 1913 Boias
2245 1863 2265 1892 ί
2295 1870 2510 1916 vocant.

354 1923 640 1978 seniorum
707 1929 998 1984 adversum
1057 1944 1433 2003 accusatores,
1490 1940 1826 2003 sacerdOtes,
1881 1951 1933 1997 et

2110 1947 2296 2020 (Vers.
2346 1952 2402 2015 5,
2437 1952 2517 2022 4.)
2558 1971 2577 2005 ι
2639 1950 2926 2020 Ponesque
2971 1965 3066 2006 eas
3123 1950 3178 2004 in
3213 1948 3356 2004 collo
3405 1957 3520 2010 tuo,
3566 1957 3622 2000 et

352 2018 888 2089 pseudoprophetas.
915 2024 996 2078 Ad
1018 2029 1162 2094 quod
1192 2028 1434 2083 breviter
1456 2033 1928 2100 respondendum:

351 2122 702 2177 nequaquam
733 2111 824 2166 Dei
858 2114 986 2169 sciri
1037 2131 1196 2185 posse
1229 2117 1526 2188 judicium,
1555 2123 1684 2175 dum
1737 2123 1930 2178 eadem

347 2214 543 2264 causa,
575 2206 876 2272 eademque
905 2209 1175 2263 sententia
1206 2209 1349 2265 alius
1394 2211 1637 2281 punitur,
1688 2223 1743 2269 et
1793 2214 1933 2268 alius

348 2291 642 2347 liberatur.
698 2293 813 2350 Nisi
869 2297 1010 2354 forte
1079 2301 1184 2357 hoc
1239 2303 1570 2374 respondere
1623 2322 1930 2376 possumus,

347 2384 500 2450 quod
561 2384 722 2440 Urias
768 2387 820 2441 in
879 2391 1390 2449 condemnationem
1437 2406 1848 2462 accusatorum,
1877 2407 1933 2454 et

344 2477 541 2544 populi
585 2479 890 2537 trucidatus
922 2483 995 2537 sit
1035 2500 1049 2539 :
1100 2482 1367 2543 Jeremias
1397 2497 1583 2542 autem
1619 2503 1934 2548 reservatus

339 2568 562 2638 judicio
594 2569 714 2636 Dei,
740 2583 798 2627 ut
832 2575 1081 2646 reliquiis
1111 2577 1342 2633 infelicis
1370 2581 1554 2650 populi
1586 2583 1928 2652 praedicaret,

343 2671 404 2714 et
432 2675 532 2715 eos
557 2666 866 2720 retraheret
899 2667 964 2720 ad
999 2669 1415 2737 pmnitudinem.
1441 2671 1598 2739 Quod
1629 2676 1845 2741 quidem
1878 2685 1933 2731 et

341 2752 403 2805 in
433 2753 807 2821 apostolorum
838 2757 1062 2814 Actibus
1107 2761 1356 2829 legimus,
1387 2762 1652 2819 Jacobum
1700 2775 1924 2838 aposto-

340 2841 466 2896 lum
497 2843 637 2913 (Act.
663 2847 756 2916 an)
782 2850 964 2903 statim
994 2849 1219 2906 Herodis
1255 2855 1551 2922 pertulisse
1581 2859 1931 2924 sententiam,

337 2944 405 2990 et
440 2938 710 3007 martyrio
749 2951 1110 3009 coronatum;
1136 2943 1358 2998 beatum
1399 2955 1579 3002 autem
1621 2946 1843 3003 Petrum
1877 2960 1932 3005 et

337 3039 585 3084 ceteros
619 3033 896 3100 apostolos
935 3036 1196 3091 doctrinae
1246 3040 1456 3094 Domini
1500 3051 1827 3097 reservatos.
1867 3041 1934 3097 Et

337 3121 840 3178 animadvertenda
876 3128 1184 3181 constantia
1211 3129 1570 3200 prophetalis,
1603 3133 1748 3202 quod
1777 3149 1844 3188 ne
1867 3134 1932 3188 de

337 3211 594 3285 Egypto
621 3217 838 3285 quidem
877 3227 1147 3276 retractus
1187 3221 1352 3278 Urias
1387 3227 1679 3280 mutaverit
1705 3237 1928 3282 senten-
1962 3252 2008 3314 ρ

332 3308 483 3360 tiam
513 3325 528 3361 :
558 3308 653 3362 sed
691 3309 876 3364 videns
914 3311 1016 3368 sibi
1053 3311 1308 3368 intentari
1360 3325 1618 3382 mortem,
1654 3319 1936 3375 nihilomi-

336 3415 456 3454 nus
485 3400 561 3454 sit
589 3401 805 3456 locutus
826 3418 945 3472 qua:
976 3416 1310 3473 praeceperat
1347 3408 1627 3465 Dominus.
1665 3413 1934 3480 Quodque

329 3489 558 3554 timuit,
609 3501 666 3545 et
709 3491 864 3561 fugit,
893 3502 946 3547 et
975 3493 1266 3564 ingressus
1315 3504 1402 3551 est
1455 3496 1773 3570 Egyptum,
1827 3517 1936 3558 non

331 3582 722 3651 inﬁdelitatis,
767 3584 863 3640 sed
905 3588 1207 3656 prudentia:
1245 3587 1507 3644 indicium
1538 3601 1622 3646 est
1655 3608 1670 3646 :
1706 3609 1777 3648 ne
1813 3593 1936 3649 fru-

330 3685 469 3730 stra
504 3691 607 3728 nos
648 3676 940 3734 oderamus
977 3680 1521 3752 perieulis.Alioquin
1561 3695 1615 3739 et
1644 3683 1936 3743 Dominum

328 3763 704 3819 Salvatorem
746 3766 816 3821 de
843 3769 1094 3822 manibus
1140 3775 1585 3840 persequentium
1613 3773 1828 3845 lapsum
1860 3775 1936 3830 le-

319 3861 526 3930 gimus
581 3858 734 3930 (Luc.
763 3874 836 3925 tv,
872 3860 1035 3914 Joau.
1066 3862 1222 3933 vnn);
1251 3873 1306 3916 et
1341 3865 1744 3934 praecipientem
1799 3883 1930 3937 apo-

317 3953 510 4007 stolis
543 3969 558 4006 :
617 3951 754 4006 Cum
799 3969 889 4007 vos
927 3955 1188 4019 persecuti
1231 3956 1434 4026 fuerint
1481 3957 1535 4010 in
1565 3959 1664 4012 hac
1701 3959 1935 4024 ciuitate,

315 4045 520 4114 fugite
573 4046 645 4097 ad
683 4043 848 4098 aliam
883 4045 1094 4114 (Matth.
1150 4063 1204 4111 x,
1236 4047 1354 4117 25).
1407 4047 1682 4115 Quaeritur
1715 4065 1934 4122 quoque

314 4134 633 4204 quomodo
671 4134 879 4190 Joacim
926 4151 1020 4190 rex
1063 4134 1225 4202 Juda,
1259 4139 1409 4205 parvi
1437 4139 1675 4208 imperii,
1705 4149 1760 4195 et
1787 4143 1936 4195 debi-

314 4231 520 4294 litati,
554 4238 612 4284 et
655 4229 765 4298 jam
810 4228 1033 4299 jamque
1082 4231 1334 4299 perituri,
1381 4231 1628 4287 mittendi
1681 4233 1734 4287 in
1773 4233 1937 4306 Egy-

309 4335 502 4392 ptum
537 4322 790 4376 habuerit
824 4332 1172 4391 potestatem,
1203 4333 1257 4378 et
1280 4324 1406 4378 inde
1433 4323 1622 4380 Uriam
1647 4326 1934 4388 educendi.

309 4416 506 4482 Quod
542 4413 703 4468 facile
751 4413 1004 4478 solvitur,
1038 4413 1081 4467 si
1119 4393 1693 4470 considereutuseum
1730 4433 1758 4470 a
1814 4430 1937 4486 rege

305 4506 578 4579 Egypti
627 4504 848 4560 Neehao
899 4505 1202 4576 principem
1261 4506 1643 4574 constitutum,
1690 4518 1742 4562 et
1798 4509 1936 4562 hanc

2038 2039 2224 2094 mittes
2253 2054 2352 2094 eas
2380 2042 2447 2094 ad
2485 2055 2668 2110 regem
2701 2040 2896 2105 Edam,
2935 2049 2993 2094 et
3027 2038 3095 2092 ad
3134 2052 3316 2108 regem
3347 2037 3534 2103 Moab,
3566 2044 3622 2090 et

2037 2130 2104 2183 ad
2137 2147 2316 2202 regem
2351 2132 2584 2188 filiorum
2607 2131 2866 2198 Ammon,
2898 2139 2953 2185 et
2983 2129 3049 2185 ad
3085 2144 3264 2200 regem
3298 2126 3449 2198 Tyri,
3483 2129 3620 2182 etad

2038 2235 2220 2291 regem
2261 2221 2487 2278 Sidonis
2529 2238 2626 2293 per
2659 2237 2878 2276 tuanum
2913 2219 3104 2290 [ναις.
3145 2221 3194 2272 iu
3250 2216 3442 2289 manu]
3487 2233 3624 2270 nuu-

2037 2309 2233 2362 tiorum
2270 2310 2359 2379 qui
2386 2319 2654 2364 venerunt
2683 2309 2986 2365 Jerusalem
3021 2310 3087 2364 ad
3120 2309 3406 2363 Sedeeiam
3438 2322 3618 2379 regem

2033 2398 2192 2456 .luda.
2229 2400 2296 2456 Et
2352 2401 2643 2472 prmcipies
2680 2403 2782 2467 eis,
2820 2413 2877 2456 ut
2933 2401 3003 2456 ad
3067 2401 3316 2456 dominos
3371 2414 3501 2455 suos
3537 2400 3619 2453 ιο-

2036 2503 2279 2560 quantttr
2330 2509 2346 2546 :
2395 2492 2523 2547 Haec
2573 2493 2707 2547 dicit
2772 2491 3040 2548 Dominus
3077 2489 3422 2546 exercituum
3475 2488 3622 2543 Deus

2035 2581 2204 2638 Israel
2238 2600 2252 2636 :
2287 2582 2411 2638 llaec
2437 2585 2634 2640 dicetis
2664 2587 2734 2639 ad
2780 2583 3034 2639 dominos
3086 2592 3316 2637 vestros.
3363 2600 3381 2633 r
3418 2583 3621 2634 Prmte~

2034 2677 2139 2730 rita
2165 2677 2304 2730 visio
2328 2678 2380 2730 in
2417 2677 2689 2746 principio
2714 2677 2856 2732 facta
2891 2687 2974 2732 est
2997 2677 3065 2732 ad
3093 2676 3420 2744 l’mphetam
3456 2673 3612 2738 regni

2034 2767 2268 2837 JOacim,
2332 2769 2430 2824 lilii
2481 2769 2646 2826 Josite
2702 2771 2844 2840 regis
2889 2767 3052 2824 Juda.
3111 2767 3238 2823 llaec
3279 2778 3460 2823 autem
3516 2769 3622 2822 sub

2035 2860 2284 2925 Sedeeia,
2327 2862 2417 2929 qui
2463 2871 2748 2914 extremus
2800 2861 3047 2931 regnavit
3091 2860 3144 2914 iu
3188 2858 3522 2920 Jerusalem,
3569 2871 3623 2911 et

2037 2953 2140 3010 Sub
2175 2968 2283 3022 quo
2316 2955 2447 3008 urbs
2495 2965 2651 3022 capta
2693 2961 2779 3007 est
2831 2963 2994 3022 atque
3025 2953 3313 3007 subversa.
3369 2949 3623 3020 l’rateipi-

2037 3051 2233 3111 turque
2263 3039 2538 3103 Jeremiaz,
2572 3049 2629 3094 ut
2678 3051 2926 3106 catenas,
2987 3041 3104 3096 sive
3155 3041 3342 3096 furcas
3388 3039 3618 3109 ligneas,

2035 3147 2157 3198 qua:
2207 3133 2496 3199 ilebraice,
2560 3141 2618 3189 ut
2671 3133 2929 3195 diximus,
2989 3131 3334 3201 appellantur
3380 3145 3622 3194 ιιιιτοτη,

2042 3223 2281 3292 imponat
2318 3225 2461 3280 collo
2494 3240 2618 3290 suo,
2654 3235 2710 3279 et
2757 3224 2936 3277 mittat
2967 3239 3062 3277 eas
3113 3225 3179 3275 ad
3235 3237 3391 3292 reges
3426 3221 3618 3287 Edoni,

2039 3311 2215 3377 Moab,
2243 3313 2476 3368 tiliorum
2513 3317 2770 3378 Atumon,
2799 3312 2950 3385 Tyri,
2988 3314 3232 3380 Sidonis,
3259 3329 3356 3383 per
3388 3315 3616 3383 legatos,

2041 3403 2133 3473 qui
2167 3413 2426 3459 venerant
2461 3407 2528 3460 ad
2563 3403 2844 3460 Sedeciatn
2885 3421 2900 3457 :
2929 3415 2983 3460 et
3032 3405 3313 3473 prtecipiat
3367 3406 3484 3460 suis
3521 3405 3618 3457 do-

2040 3494 2200 3549 minis
2233 3497 2509 3560 nuntiare,
2540 3497 2684 3565 quod
2724 3495 2837 3566 regi
2862 3495 3370 3550 Nabuchodonosor
3409 3495 3621 3549 servire

2040 3585 2308 3651 debeant;
2357 3596 2411 3641 et
2461 3587 2654 3642 audire
2697 3601 2816 3655 quac
2849 3600 3085 3656 sequens
3119 3583 3408 3654 Propheta:
3439 3599 3622 3638 sermo

2042 3679 2413 3747 prosequitur.
2451 3679 2529 3732 Ac
2558 3693 2623 3732 ne
2654 3677 2887 3734 forsitan
2920 3677 3084 3748 legati
3116 3686 3172 3731 et
3202 3692 3355 3748 reges
3388 3677 3617 3730 istarum

2039 3769 2280 3840 gentium
2336 3769 2755 3840 responderent.
2805 3783 2903 3824 cur
2951 3771 3055 3824 hoc
3113 3778 3206 3822 tuo
3267 3769 3472 3836 pupulo
3505 3785 3617 3824 non

2039 3860 2336 3929 precipis?
2389 3859 2636 3916 Sedecia:
2686 3875 2903 3932 quoque
2955 3862 3070 3931 regi
3107 3859 3309 3916 similia
3354 3859 3617 3930 loquitur,

2037 3961 2092 4006 et
2119 3951 2496 4009 sacerdotibus
2541 3969 2605 4009 ac
2659 3954 2959 4024 pr0phetis.
2993 3952 3148 4009 Hunc
3201 3954 3378 4008 locum
3415 3954 3622 4021 allego-

2041 4044 2189 4098 ricus
2231 4059 2450 4120 semper
2531 4044 2803 4116 interpres
2873 4043 3203 4117 (Origenes),
3267 4056 3324 4100 et
3382 4045 3622 4100 historia)

2039 4133 2256 4206 fugiens
2283 4137 2569 4192 veritatem
2603 4137 2992 4207 interpretatur
3023 4137 3090 4191 de
3136 4135 3346 4192 cmlesti
3397 4133 3622 4191 Jerusa-

2040 4226 2170 4292 lem,
2217 4227 2429 4297 1032
2459 4227 2604 4296 quod
2635 4227 2868 4282 debeant
2900 4226 3239 4281 habitatores
3275 4223 3398 4296 ejus
3428 4233 3623 4292 sponte

2040 4333 2323 4374 assumere
2361 4333 2616 4388 corpora,
2645 4326 2700 4374 et
2731 4317 3067 4373 descendere
3090 4315 3144 4371 in
3175 4314 3534 4387 Babylonem,
3569 4315 3620 4370 id

2040 4418 2144 4473 est,
2177 4408 2553 4464 confusionem
2599 4407 2783 4464 unmdi
2813 4407 2974 4463 istius
3003 4407 3102 4478 qui
3145 4407 3200 4461 in
3239 4406 3479 4476 maligno
3529 4421 3627 4476 po—

2041 4503 2178 4559 situs
2211 4511 2313 4568 cst,
2353 4515 2404 4557 et
2437 4486 2646 4558 servire
2691 4502 2802 4573 regi
2840 4500 3162 4581 Babylonio,
3205 4501 3348 4557 haud
3400 4500 3621 4556 dubiqu

305 4599 696 4672 prapbetiam
754 4595 957 4650 factam
1009 4611 1132 4652 esse
1177 4597 1232 4652 in
1284 4598 1554 4668 principio
1609 4600 1758 4670 regni
1792 4599 1930 4667 ejus.
1967 4607 2011 4664 ι)
2041 4597 2171 4666 quin
2204 4596 2442 4672 diabolo.
2477 4593 2635 4662 Quod
2667 4595 2714 4649 si
2747 4594 2854 4650 hoc
2878 4593 3066 4651 facere
3096 4593 3392 4660 noluerint,
3416 4609 3622 4663 nequa-

301 4697 684 4761 Quanquam
721 4685 1209 4757 autemJeremias
1248 4687 1463 4742 Domini
1493 4690 1764 4760 adjutorio
1797 4687 1931 4747 libe-

300 4795 504 4841 ratus
547 4781 642 4848 sit,
679 4789 860 4834 tamen
899 4787 954 4834 et
977 4778 1050 4832 illi
1085 4787 1374 4848 reputatur
1401 4779 1609 4848 1031
1642 4781 1694 4834 in
1719 4795 1931 4836 merce-

291 4879 492 4942 dem,
542 4887 640 4941 per
668 4886 831 4941 quem
863 4871 1184 4940 prophetam
1223 4884 1382 4923 suum
1429 4870 1694 4925 Dominus
1731 4872 1931 4925 libera-

290 4973 394 5027 vit
443 4986 467 5027 :
507 4965 739 5020 Ahicam
772 4964 1028 5018 videlicet
1057 4962 1168 5018 ﬁlio
1200 4961 1440 5033 Sephau,
1471 4962 1618 5032 quod
1669 4963 1724 5016 in
1756 4973 1934 5029 poste-

289 5065 594 5122 rioribus
640 5056 834 5113 lecturi
889 5072 1104 5124 sumus,
1147 5057 1369 5126 quando
1399 5056 1466 5109 de
1517 5055 1759 5111 cisterna
1810 5055 1930 5123 luti,

286 5149 719 5213 Abderrrelecb
764 5148 1026 5220 spadonis
1078 5147 1330 5216 consilio,
1366 5156 1530 5217 atque
1559 5148 1810 5217 praesidio
1842 5145 1936 5202 Je-

281 5245 556 5306 remias
633 5240 702 5295 de
766 5240 959 5296 mortis
1017 5239 1260 5311 periculo
1309 5241 1576 5296 liberatur
1640 5238 1656 5268 ⁸
1713 5237 1930 5308 (Infra,

282 5333 608 5405 ιιινιιι).
1155 5319 1164 5324 ’

373 5429 576 5503 (Cap.
606 5423 822 5480 XXVII.
846 5425 1090 5480 —Vers.
1116 5424 1190 5496 l.)
1225 5423 1310 5477 «In
1332 5423 1598 5493 principio
1626 5425 1771 5494 regni
1796 5423 1925 5478 Joav

273 5532 449 5592 cim,
501 5522 605 5576 filii
631 5518 791 5574 Josia:
820 5521 961 5592 regis
999 5517 1160 5580 Juda.
1191 5518 1392 5572 factum
1433 5528 1514 5570 est
1546 5519 1770 5572 verbum
1827 5517 1930 5569 hoc

271 5624 358 5679 a-J
402 5613 743 5675 Jeremiam
773 5627 803 5665 a
839 5610 1084 5677 Domino,
1115 5611 1297 5665 dicens
1330 5627 1343 5664 :
1385 5630 1401 5661 ι
1436 5608 1550 5662 lloc
1608 5608 1661 5662 in
1695 5607 1932 5663 editione

375 5763 392 5792 ί
436 5756 736 5815 Cisterc.,
768 5749 823 5804 Si
849 5749 1063 5819 quando
1086 5751 1150 5802 de
1175 5750 1474 5804 cisterna...
1505 5748 1783 5819 liberetur.

364 5841 389 5865 ς
442 5828 567 5880 Sir
603 5823 788 5883 κλοιὸς
819 5815 871 5872 iu
911 5820 1430 5874 Glossisvvetcribus
1486 5818 1725 5871 redditur
1769 5815 1924 5878 Beia,

268 5920 335 5962 ει
379 5915 531 5972 ειμι
549 5893 728 5947 ulcus.
768 5894 832 5945 lit
869 5891 1066 5944 ibidem
1103 5891 1154 5941 in
1197 5889 1328 5944 Butu
1365 5889 1542 5942 κλοιὸν
1581 5887 1925 5962 περιτίθημι.

2039 4703 2202 4758 quam
2248 4701 2344 4741 eos
2396 4687 2585 4755 gravia
2633 4699 2869 4757 corpora
2919 4694 3272 4755 portaturos;
3328 4683 3425 4738 sed
3477 4683 3620 4753 peri-

2041 4790 2193 4835 turos
2215 4778 2414 4850 gladio,
2437 4791 2492 4836 et
2541 4779 2705 4845 fame,
2736 4789 2792 4835 et
2829 4789 3018 4851 peste;
3057 4789 3113 4834 et
3141 4790 3487 4846 nequaquam
3524 4777 3620 4832 lto-

2040 4873 2213 4927 miues
2248 4872 2485 4936 futuros,
2537 4873 2632 4929 sed
2684 4873 2982 4930 daemones.
3017 4871 3132 4936 Hoc
3170 4871 3262 4926 ille
3299 4869 3521 4936 dixerit,
3549 4887 3620 4925 ne

2039 4962 2362 5019 defensores
2389 4965 2512 5035 ejus
2542 4965 2700 5022 nobis
2726 4964 3060 5020 calumniam
3082 4963 3310 5018 faciant.
3342 4961 3616 5018 Caeterum

2041 5069 2141 5108 nos
2185 5053 2492 5123 simplicem
2535 5063 2592 5109 et
2638 5067 2820 5108 veram
2857 5068 3156 5124 sequamur
3205 5052 3518 5119 historiam,
3549 5070 3616 5108 ne

2040 5144 2366 5212 quibusdam
2401 5143 2632 5200 nubibus
2662 5155 2822 5215 atque
2849 5146 3136 5217 praestigiis
3172 5145 3532 5202 iuvulvamur.

2079 5238 2294 5307 ωυρμ.
2347 5239 2424 5306 ὅ.)
2489 5256 2507 5290 ι
2560 5237 2672 5310 Ego
2721 5239 2824 5293 feci
2877 5249 3106 5305 terram,
3151 5248 3207 5294 et
3241 5239 3616 5303 hominem,et

2036 5331 2304 5402 jutnenta,
2334 5345 2453 5400 quae
2497 5339 2625 5383 sttnt
2659 5345 2827 5400 super
2879 5329 3077 5385 faciem
3116 5343 3276 5387 terra;
3308 5333 3356 5384 iu
3389 5329 3611 5388 fortitu-

2040 5427 2165 5480 dine
2214 5441 2329 5479 mea
2387 5439 2605 5494 magna,
2653 5435 2706 5478 et
2741 5423 2794 5478 in
2832 5423 3060 5480 brachio
3095 5438 3216 5479 meo
3266 5433 3511 5488 extento.
3557 5437 3613 5478 et

2038 5521 2159 5575 dedi
2187 5534 2308 5572 eam
2344 5519 2415 5583 ei,
2449 5521 2536 5571 cui
2583 5519 2696 5587 [ΑΙ.
2731 5518 2848 5588 qui]
2882 5518 3084 5586 placuit
3111 5519 3164 5570 in
3193 5517 3366 5573 oculis
3395 5517 3550 5572 meis.
3590 5535 3607 5566 ι

2040 5612 2190 5667 Licet
2217 5611 2666 5679 ὰνΟρωποττάΟως
2705 5615 2821 5665 haec
2856 5610 3140 5680 Scriptura
3167 5609 3446 5679 loquatur,
3477 5623 3613 5678 quo-

2041 5747 2194 5870 §m£e
2220 5757 2395 5802 autem
2431 5748 2534 5804 hac
2558 5747 2624 5804 de
2653 5760 2788 5802 voce
2815 5747 3069 5803 diximus.
3092 5743 3213 5800 Vid.
3245 5745 3365 5802 Lib.
3394 5744 3611 5800 Nomio.

2041 5834 2092 5870 In
2167 5834 2284 5870 ltiti.

2041 5834 2092 5872 ιη
2120 5834 2284 5871 ιιειιίι.
