3966 6176
354 482 460 549 853

1548 473 1608 537 S.
1640 471 1953 535 EUSEBII
1994 472 2435 538 ΗΙΕΠΟΝῩΜῙ

3498 471 3606 537 884

355 599 520 665 ntodo
552 612 654 653 nos
686 596 940 651 homines
972 593 1117 664 loqui
1154 603 1445 661 possumus
1478 597 1535 644 et
1578 588 1879 655 intelligere
1910 603 1926 642 :
1962 601 2001 655 Α
2033 600 2269 655 cumque
2297 603 2399 643 non
2428 588 2738 647 curvaverit
2761 588 2960 647 collum
2992 610 3150 651 suum
3175 589 3433 664 subjugo
3458 590 3606 662 regis

356 704 536 748 tamen
590 689 856 747 fortitudo
887 688 979 743 Dei
1027 695 1082 743 et
1112 685 1391 741 brachium
1439 683 1558 751 ejus
1599 682 1688 738 ille
1716 690 1818 743 est,
1859 681 1929 735 de

353 799 465 855 quo
510 794 565 838 et
603 782 895 851 Apostolus
934 780 1179 850 loquitur
1216 777 1501 833 :Christtts
1542 774 1637 833 Dei
1667 775 1831 829 virtus
1874 783 1925 828 et

357 876 455 930 Dei
500 874 766 945 sapientia
802 870 859 942 (1
896 871 1022 927 Cor.
1055 886 1093 937 ι,
1145 870 1261 937 24).
1309 868 1371 923 Ει
1424 867 1635 924 lsaias:
1684 864 1927 929 Domine,

351 970 468 1037 quis
511 967 734 1021 credidit
777 964 990 1019 auditui
1046 971 1250 1025 nostra,
1294 972 1343 1016 et
1391 960 1664 1014 brachium
1717 957 1928 1011 Domini

351 1059 440 1113 cui
489 1057 776 1114 revelatum
810 1066 887 1111 est
931 1054 1071 1125 (ιω.
1098 1064 1217 1117 ιιιι,
1253 1052 1578 1122 l)?Scribit
1610 1060 1663 1105 et
1690 1049 1929 1105 Joannes

350 1150 686 1220 evangelista
733 1165 747 1204 :
796 1148 994 1202 Omnia
1045 1161 1139 1214 per
1166 1145 1336 1213 ipsum
1375 1144 1519 1213 facta
1543 1151 1689 1207 sunt,
1743 1149 1789 1195 et
1818 1139 1930 1194 sine

352 1248 463 1311 ipsa
489 1245 694 1314 factum
722 1254 798 1298 est
834 1242 971 1296 nihil
1007 1234 1193 1310 (Joan.
1221 1256 1260 1302 t,
1291 1237 1371 1306 5).
1418 1234 1585 1289 David
1627 1246 1842 1304 quoque
1876 1231 1926 1283 in

354 1350 454 1390 suo
482 1335 724 1391 carmine
750 1334 1044 1402 loquitur:
1085 1330 1252 1385 Verbo
1296 1327 1507 1383 Domini
1561 1325 1677 1380 caeli
1726 1321 1930 1392 ﬁrmati

354 1435 497 1490 sunt,
532 1435 579 1480 et
613 1426 803 1494 spiritu
851 1428 957 1479 oris
977 1423 1093 1492 ejus
1129 1422 1298 1474 omnis
1328 1420 1494 1474 virtus
1525 1432 1707 1471 eorum
1748 1411 1925 1485 (Psul.

357 1533 526 1580 sun,
554 1517 630 1588 6).
664 1515 820 1582 Quod
857 1525 1036 1570 autem
1068 1515 1145 1567 ait
1181 1529 1196 1570 :
1237 1511 1367 1566 Dedi
1418 1526 1534 1565 eam
1570 1509 1637 1575 ei,
1678 1508 1765 1562 cui
1809 1504 1923 1575 [ΑΙ.

353 1608 471 1679 qui]
527 1609 727 1676 placuit
778 1608 833 1661 in
870 1606 1035 1661 oculis
1094 1606 1243 1668 meis,
1299 1604 1400 1659 hoc
1437 1600 1726 1673 signiticat,
1779 1597 1925 1668 quod

352 1701 532 1755 omnia
563 1701 800 1756 humano
826 1699 1010 1770 generi
1052 1714 1147 1769 per
1175 1698 1267 1753 Dei
1296 1697 1524 1766 gratiam
1560 1694 1663 1748 sint
1701 1693 1921 1746 tributa.

357 1790 488 1862 Ego,
518 1793 714 1862 inquit,
760 1791 861 1859 feci
892 1801 1109 1853 terram,
1150 1801 1198 1844 et
1258 1788 1543 1851 hominem,
1575 1797 1627 1861 et
1659 1786 1921 1854 jumenta.

353 1883 501 1939 Ordo
545 1884 879 1938 contrarius.
944 1882 1000 1937 In
1052 1882 1247 1937 Genesi
1303 1881 1448 1933 enim
1499 1881 1733 1949 primum
1792 1873 1925 1928 ﬁunt

2032 678 2340 749 Babylonis,
2373 690 2428 737 et
2469 681 2522 736 in
2549 683 2748 751 gladio,
2780 693 2836 739 et
2868 685 3028 749 fame.
3081 694 3136 741 et
3166 693 3319 754 peste
3373 684 3607 741 visitabo

2029 784 2193 839 super
2212 781 2430 841 gentem
2460 773 2637 842 illam,
2667 776 2743 830 ait
2769 776 3054 845 Dominus,
3085 778 3259 836 donec
3282 792 3605 836 consumant

2028 876 2123 916 eos
2158 860 2208 915 in
2247 877 2408 918 manu
2446 864 2587 935 ejus.
2631 885 2650 919 ι
2705 865 2826 924 Νοη
2873 872 3050 925 solum
3112 869 3380 928 Dominus
3415 887 3606 941 pecca.

2031 955 2196 1009 triees
2227 966 2417 1024 gentes
2447 957 2669 1028 subjicit
2695 959 3217 1029 Nabuchodonosor,
3242 964 3339 1019 sed
3371 965 3605 1034 Aposto-

2031 1044 2115 1100 lus
2149 1047 2216 1102 de
2238 1050 2615 1118 peccatoribus
2639 1051 2880 1122 loquitur
2903 1068 2925 1108 :
2956 1054 3098 1123 Quos
3127 1057 3329 1111 tradidi
3359 1056 3603 1123 Satantz,

2031 1146 2085 1190 ut
2112 1137 2316 1193 discant
2346 1156 2449 1195 non
2477 1142 2836 1212 blasphemare
2859 1145 2913 1214 (1
2945 1147 3079 1203 Tim.
3107 1164 3146 1214 ι,
3178 1149 3294 1220 20).
3320 1149 3388 1204 Ει
3413 1149 3466 1204 itt
3502 1151 3607 1206 alio

2032 1229 2149 1284 loco
2175 1248 2190 1284 :
2218 1230 2437 1287 Tradidi
2460 1235 2765 1304 hujusmodi
2791 1236 3009 1296 Satame
3025 1242 3078 1296 in
3101 1245 3372 1297 interitum
3404 1245 3604 1306 carnis,

2032 1329 2091 1373 ut
2132 1323 2354 1391 spiritus
2402 1327 2577 1380 salvus
2611 1328 2710 1397 ﬁat
2765 1329 2818 1400 (Ι
2858 1330 2984 1389 Cor.
3038 1348 3087 1401 v,
3123 1334 3203 1405 5).
3236 1334 3607 1393 Potestatibus

2029 1428 2246 1484 quoque
2264 1415 2625 1474 obediendum
2650 1430 2854 1490 monet,
2877 1437 2981 1480 non
3004 1426 3179 1481 solum
3198 1438 3420 1497 propter
3443 1428 3604 1495 iram,

2029 1507 2124 1562 sed
2159 1518 2213 1563 et
2258 1521 2481 1580 propter
2512 1516 2923 1584 conscientiam,
2966 1533 3034 1574 ne
3071 1519 3511 1577 condemnemur
3539 1524 3605 1575 ab

2027 1615 2129 1655 elS.

2101 1692 2279 1763 (Vers.
2314 1696 2348 1752 9
2377 1698 2557 1771 seqq.)
2592 1718 2611 1751 ι
2646 1700 2756 1759 Vos
2784 1715 2915 1773 ergo
2948 1703 3118 1761 nolite
3143 1705 3336 1761 audire
3367 1709 3606 1777 prophe-

2032 1796 2113 1843 tas
2141 1797 2375 1855 vestros,
2406 1800 2460 1846 et
2483 1792 2717 1859 divinos,
2754 1805 2809 1850 et
2832 1800 3223 1865 somniatores,
3251 1808 3306 1855 et
3340 1814 3605 1870 augures.

2028 1887 2085 1932 et
2107 1879 2406 1943 maleﬁcos.
2445 1882 2536 1952 qui
2567 1884 2752 1940 dicunt
2787 1888 2941 1944 vobis
2977 1904 2993 1945 :
3029 1888 3149 1944 Non
3186 1890 3444 1947 servietis
3493 1890 3606 1961 regi

356 1975 676 2039 animantia,
732 1987 783 2027 et
819 1986 1099 2028 extremus
1156 1974 1320 2028 homo
1373 1973 1518 2039 (cap.
1569 1971 1632 2034 t),
1688 1969 1782 2023 sed
1838 1966 1928 2020 hic
1960 1957 1999 2012 Β
2032 1970 2344 2043 Babylonis,
2381 1975 2511 2045 quia
2537 1978 2878 2035 mendacium
2937 1984 3263 2054 prophetaut
3318 1983 3493 2048 vobis,
3551 1957 3609 2038 ut

356 2064 506 2131 prius
558 2063 830 2119 hominem
880 2063 1144 2125 nominat,
1181 2073 1227 2114 et
1276 2070 1458 2129 postea
1512 2073 1631 2114 oua?
1683 2054 1928 2125 subjecta

357 2164 487 2209 sunt
512 2156 741 2210 homini.

428 2244 609 2307 (Vers.
633 2244 688 2310 6,
716 2244 798 2316 7.)
836 2263 855 2295 ι
885 2245 1037 2299 Nunc
1064 2246 1249 2313 itaque
1274 2256 1373 2312 ego
1396 2241 1518 2297 dedi
1547 2254 1737 2295 omnes
1755 2251 1932 2294 terras

354 2342 491 2397 istas
550 2341 601 2395 in
663 2354 827 2394 manu
878 2337 1385 2393 Nabuchodonosor
1447 2333 1588 2404 aegis
1636 2330 1963 2401 Babylonis

356 2432 500 2491 servi
530 2433 671 2487 mei:
696 2432 919 2501 insuper
940 2440 995 2485 et
1019 2428 1226 2484 bestias
1249 2426 1366 2496 agri
1389 2425 1509 2480 dedi
1532 2426 1663 2480 eiut
1689 2424 1931 2479 serviant

358 2524 456 2580 illi.
499 2526 565 2579 Et
619 2523 865 2581 servient
912 2523 960 2578 ei
992 2535 1182 2577 omnes
1222 2527 1436 2590 gentes,
1484 2526 1540 2574 et
1587 2517 1699 2573 lilio
1726 2516 1848 2586 ejus
1875 2525 1931 2570 et

359 2618 471 2672 lllio
520 2617 614 2671 lilii
662 2616 804 2684 eius.
857 2631 878 2666 ι
938 2612 1107 2683 Cujus
1176 2608 1517 2667 infelicitatis
1582 2617 1668 2663 est
1738 2608 1928 2672 Israel,

355 2710 575 2781 quando
608 2706 1017 2780 comparatione
1054 2706 1177 2776 ejus
1204 2704 1706 2761 Nabuchodonosor
1739 2717 1931 2758 servus

360 2797 450 2851 Dei
478 2797 817 2868 appellatur?
847 2797 1119 2865 Scriptum
1141 2805 1224 2850 est
1256 2795 1307 2850 iu
1331 2793 1625 2867 Evangelio
1654 2815 1668 2849 :
1696 2792 1930 2847 Mundus

357 2904 447 2954 per
470 2889 641 2956 ipsum
662 2888 835 2958 factus
858 2899 955 2952 est,
981 2902 1028 2943 et
1052 2890 1282 2943 mundus
1305 2903 1423 2943 eum
1445 2902 1549 2942 non
1575 2889 1832 2957 cognovit.
1866 2883 1931 2937 In

356 2984 572 3051 propria
602 2982 765 3045 venit,
818 2989 869 3034 et
917 2983 1004 3039 sui
1043 2996 1162 3036 eum
1197 2997 1302 3037 non
1335 2988 1642 3045 receperunt
1672 2975 1853 3048 (Joan.
1889 2989 1930 3039 ι.

359 3074 469 3143 ll).
511 3074 680 3128 Recte
711 3074 895 3142 itaque
928 3074 1182 3130 conditor
1227 3082 1535 3127 creaturam
1584 3084 1735 3127 suam
1768 3070 1932 3124 tradit

357 3171 441 3225 cui
479 3158 728 3221 volner’it.
776 3166 1020 3236 Denique
1074 3175 1129 3220 et
1169 3156 1440 3226 diabolus,
1472 3162 1527 3218 in
1558 3160 1715 3228 cujus
1747 3171 1927 3232 typum

2034 2063 2190 2135 longe
2223 2063 2426 2122 faciant
2460 2082 2556 2123 vos
2585 2070 2656 2125 de
2691 2081 2838 2127 terra
2877 2085 3083 2139 vestra,
3142 2085 3199 2131 et
3239 2075 3465 2145 ejiciant
3488 2090 3607 2143 vos,

2031 2166 2084 2209 et
2122 2159 2377 2226 pereatis.
2412 2159 2556 2216 Gens
2609 2171 2792 2242 autem
2838 2179 2961 2236 qua:
2994 2167 3295 2238 subjecerit
3336 2169 3607 2223 cervicem

2032 2260 2186 2299 suam
2241 2252 2341 2330 sub
2384 2250 2515 2321 jugo
2570 2254 2715 2324 regis
2763 2254 3071 2328 Babylonis,
3122 2266 3177 2314 et
3227 2258 3488 2315 servierit
3536 2257 3610 2325 eis

2032 2339 2301 2394 dimittam
2330 2355 2450 2396 eam
2478 2343 2530 2397 in
2566 2352 2710 2401 terra
2743 2360 2866 2416 sua,
2892 2349 3025 2403 dicit
3056 2349 3316 2405 Dominus
3343 2367 3358 2404 :
3388 2360 3442 2406 et
3471 2350 3612 2405 colet

2032 2445 2175 2493 eam,
2212 2438 2266 2485 et
2314 2431 2582 2490 habitabit
2615 2435 2671 2491 in
2709 2451 2797 2493 ea.
2855 2455 2874 2489 ι
2923 2438 3128 2495 Delirat
3158 2450 3214 2496 et
3258 2441 3314 2499 in
3355 2442 3463 2497 hoe
3492 2444 3611 2498 loco

2033 2523 2357 2595 allegoricus
2393 2528 2686 2600 interpres,
2713 2540 2768 2585 et
2796 2531 3049 2588 hortatur
3076 2534 3130 2590 in
3157 2535 3368 2591 caelesti
3398 2538 3610 2606 positos

2030 2614 2353 2688 Jerusalem,
2382 2636 2450 2677 ne
2466 2622 2694 2677 audiant
2711 2624 3005 2695 prophetas
3021 2641 3172 2692 suos,
3197 2636 3358 2699 atque
3373 2629 3609 2694 divinos,

2033 2717 2089 2763 et
2127 2710 2513 2778 somniatores,
2548 2724 2603 2768 et
2646 2728 2905 2784 augures,
2938 2724 2993 2770 et
3021 2716 3301 2772 maleﬁcos
3338 2733 3357 2771 :
3403 2718 3502 2773 sed
3555 2728 3614 2773 ut

2033 2803 2214 2871 potius
2250 2804 2493 2859 serviant
2538 2804 3061 2872 Nabuchodonosor,
3116 2819 3171 2863 et
3201 2824 3406 2880 corpus
3433 2810 3615 2867 humi-

1990 2921 2003 2931 α
2034 2892 2200 2950 litatis
2230 2907 2536 2963 assumant,
2586 2898 2883 2970 infantium
2918 2901 3131 2975 1035
3161 2906 3394 2973 vagitus,
3436 2916 3494 2960 et
3525 2906 3612 2960 in—

2033 2986 2296 3040 cunabula
2315 2990 2687 3058 parvulorum.
2713 2990 2769 3046 Si
2794 2995 2940 3047 enim
2970 2995 3087 3050 haec
3117 2996 3370 3062 iecerint,
3394 2998 3613 3067 expleto

2035 3078 2323 3147 famulatu,
2371 3091 2424 3134 et
2470 3083 2786 3138 conditione
2835 3085 3183 3141 mortalitatis
3208 3087 3485 3152 humanae,
3523 3103 3616 3143 re-

2036 3185 2292 3225 versuros
2323 3187 2418 3226 eos
2442 3172 2507 3225 ad
2537 3185 2741 3230 terram
2761 3191 2938 3243 suam,
2971 3186 3026 3233 et
3053 3177 3400 3232 babitaturos
3430 3179 3484 3232 in
3520 3194 3609 3244 ea,

361 3259 639 3329 ptzncessit
670 3258 1188 3323 Nabuchodonosor,
1220 3254 1549 3315 conﬁtetur:
1594 3253 1723 3308 Ilazc
1751 3253 1928 3306 omnia
1957 3266 2001 3324 ο
2034 3275 2087 3319 ει
2113 3272 2456 3332 operatur”,
2501 3280 2619 3332 qua,
2654 3267 2806 3336 ρτιυε
2840 3268 3053 3338 operati
3088 3277 3238 3324 sum.
3265 3268 3523 3340 Dicitque
3555 3284 3618 3325 se

357 3352 485 3407 mihi
534 3353 732 3405 tradita
779 3363 924 3405 sunt.
990 3349 1169 3416 Quod
1197 3358 1379 3403 autem
1431 3346 1665 3401 intulit:
1709 3343 1934 3413 Insuper

288 3434 295 3439 ’
357 3455 406 3501 et
432 3444 626 3499 bestias
659 3447 772 3515 agri
799 3443 920 3498 dedi
946 3444 992 3497 ei
1029 3451 1083 3501 ut
1106 3443 1333 3497 serviant
1369 3440 1474 3505 illi,
1505 3438 1588 3494 vel
1613 3437 1935 3506 simpliciter

357 3553 518 3591 omne
554 3553 721 3605 genus
755 3535 1068 3589 animalium
1108 3536 1414 3602 intelligere
1451 3532 1757 3595 debemus;
1810 3545 1931 3583 cum

358 3628 575 3685 ltomine
600 3630 739 3681 t‘lllttt
779 3644 824 3679 ιιι
863 3644 923 3680 ea
958 3628 1265 3689 traduntur,
1308 3624 1517 3695 1033
1550 3639 1670 3693 quae
1714 3626 1762 3677 ei
1806 3621 1936 3677 sub—

359 3723 470 3775 dita
499 3730 670 3790 sunt;
724 3731 818 3776 aut
840 3731 989 3777 certe
1020 3720 1244 3781 bestias,
1297 3718 1443 3772 feras
1475 3727 1663 3786 gentes
1703 3716 1936 3785 accipia-

360 3828 502 3879 tnus,
539 3813 688 3884 quod
736 3816 900 3867 etiam
957 3812 1064 3867 illa:
1097 3811 1363 3874 serviant,
1399 3826 1517 3879 qum
1547 3810 1698 3878 prius
1727 3807 1933 3863 servire

359 3921 468 3965 non
512 3915 788 3961 noverant.
849 3902 1041 3958 Filium
1079 3914 1257 3958 autem
1310 3904 1449 3970 ejus,
1499 3912 1553 3955 et
1595 3900 1765 3954 lilium
1816 3899 1969 3988 lilii”

356 3999 508 4068 juxta
536 3996 857 4052 Hebraicnm
886 3995 1170 4051 Baithasar
1199 4006 1378 4062 vocat,
1411 4007 1465 4049 et
1489 3994 1930 4059 Evilmerodaeb,

361 4092 427 4146 de
460 4090 656 4159 quibus
690 4090 884 4145 scribit
915 4089 1128 4143 Daniel.

435 4200 454 4235 ι
512 4181 691 4241 Donec
726 4182 907 4237 veniat
946 4190 1159 4249 tempus
1194 4189 1354 4236 terra:
1400 4180 1516 4249 ejus
1561 4188 1614 4235 et
1662 4180 1853 4249 ipsius.
1908 4197 1927 4230 ι

362 4273 592 4327 Pulchre
639 4290 705 4327 ne
758 4285 1075 4344 perpetuum
1110 4272 1619 4327 Nabuchodonosor
1652 4281 1935 4339 putaretur

364 4367 668 4437 imperium,
692 4378 745 4420 et
768 4367 942 4437 ipsum
973 4367 1106 4421 dicit
1132 4383 1162 4420 a
1200 4366 1370 4421 Medis
1398 4365 1688 4435 Persisque
1710 4366 1933 4434 capien-

316 4491 320 4494 ι
363 4462 510 4512 dnuo.
554 4457 665 4514 Hoc
712 4468 792 4513 est
826 4461 970 4514 enim
1003 4460 1143 4528 quod
1197 4459 1470 4529 signiﬁcat
1505 4477 1516 4509 :
1553 4458 1728 4515 Donec
1760 4459 1935 4513 veniat

361 4564 566 4621 tempus
598 4561 752 4605 terrm
782 4552 896 4621 ejus
937 4562 985 4604 et
1038 4551 1247 4619 ipsius;
1299 4551 1393 4604 sed
1441 4566 1541 4606 nec
1571 4552 1670 4606 hoc
1702 4551 1936 4605 habetur

363 4647 415 4699 itt
453 4644 826 4714 Septuaginta.

440 4755 458 4787 ι
494 4736 553 4791 Et
589 4737 833 4791 servient
859 4735 907 4792 ei
945 4749 1133 4808 gentes
1173 4739 1372 4806 multa),
1399 4749 1449 4794 et
1489 4753 1642 4807 rcges
1671 4736 1869 4806 magni.
1909 4754 1929 4787 ι

297 4838 309 4887 ‘.
360 4818 478 4898 Non
500 4828 655 4894 dixit,
681 4843 858 4893 omnes
887 4844 908 4883 :
933 4830 1035 4881 hoc
1059 4832 1201 4883 enim
1236 4832 1450 4900 proprie
1478 4828 1678 4882 Christi
1705 4828 1936 4881 debetur

302 4966 312 4988 τ
366 4923 612 4988 imperio,
671 4938 981 4991 quanquam
1033 4922 1187 4989 juxta
1243 4919 1633 4990 Symmachum
1696 4935 1800 4975 non
1861 4921 1936 4971 le-

364 5024 568 5082 gatur:
608 5013 840 5068 Servicnt
871 5017 919 5068 ei
970 5025 1147 5086 gentes
1201 5015 1400 5074 multat,
1451 5026 1498 5067 et
1537 5027 1675 5080 reges
1723 5012 1936 5078 magni;

360 5106 455 5159 ειμι
505 5105 783 5173 subjicient
822 5123 940 5159 eum
976 5110 1214 5161 servitu'i
1251 5119 1423 5175 gentes
1468 5104 1665 5165 multra,
1704 5112 1753 5155 ct
1793 5119 1934 5172 reges

254 5233 269 5239 -
362 5193 562 5263 magni,
591 5203 647 5246 ut
686 5193 801 5262 ipse
838 5210 1053 5267 quoque
1087 5200 1287 5248 serviat
1323 5194 1489 5248 Medis
1522 5203 1575 5244 et
1605 5193 1802 5255 Persis,
1847 5194 1935 5247 cui

363 5301 487 5339 an'e
520 5300 709 5341 omnes
756 5295 946 5354 gentes
996 5288 1314 5340 servierant.
1368 5287 1475 5342 Hoc
1512 5288 1657 5354 quod
1706 5301 1770 5339 ex
1831 5283 1935 5338 lle-

365 5378 548 5430 hraico
582 5378 859 5446 posuimus
898 5377 1067 5432 :Detli
1088 5382 1134 5432 ei
1164 5392 1217 5432 ut
1238 5382 1464 5432 seri-iant
1496 5379 1596 5443 illi,
1629 5390 1676 5431 et
1711 5378 1935 5432 servient

363 5471 407 5522 ei
443 5485 618 5522 omnes
646 5481 846 5538 gentes,
873 5469 1049 5537 tet/ilio
1077 5471 1213 5540 ejus,
1246 5488 1292 5523 et
1329 5472 1439 5538 ﬁlio
1465 5473 1566 5539 ﬁlii
1600 5472 1738 5539 ejus,
1776 5472 1937 5525 donec

364 5571 532 5611 ventut
562 5571 761 5631 tetttpus
813 5572 965 5617 (arra:
993 5560 1105 5629 ejus
1148 5574 1193 5614 et
1222 5564 1383 5630 ipsius
1416 5579 1433 5616 :
1465 5573 1513 5616 et
1551 5564 1787 5616 servituti
1822 5580 1936 5615 cum

363 5650 639 5719 subjiciam
683 5668 853 5720 gentes
898 5655 1079 5707 multa:
1111 5663 1158 5706 et
1195 5669 1337 5721 reges
1367 5657 1566 5724 magni,
1615 5673 1664 5707 ill
1706 5657 1905 5723 Seplua

363 5748 510 5814 κξιιιςι
540 5754 621 5813 tot
650 5747 761 5813 jam
794 5748 1052 5817 diximus)
1086 5748 1329 5803 editione
1365 5766 1470 5801 non
1504 5748 1720 5817 legitur.

441 5832 617 5901 (Veis.
658 5834 736 5902 8.)
788 5854 805 5885 ι
851 5835 995 5891 Gens
1033 5846 1213 5890 autem
1257 5847 1308 5891 et
1352 5852 1597 5903 regnum,
1636 5837 1781 5905 quod
1830 5851 1935 5889 non

370 5925 627 5984 servierit
664 5926 1165 5986 Nabuchodonosor
1221 5926 1327 5995 regi
1366 5927 1676 5994 Baby'ottis,
1713 5936 1763 5981 et
1822 5928 1937 5994 qui-

2036 3357 2299 3426 suspEcari
2355 3374 2469 3425 eos,
2536 3359 2631 3428 qui
2688 3358 2784 3414 Dei
2837 3369 3104 3430 prmeepta
3157 3363 3618 3432 contempserint,

2036 3448 2294 3504 humanis
2333 3451 2658 3520 corporibus
2702 3450 3031 3523 przegravari
3064 3437 3281 3506 futurus
3310 3450 3615 3517 daemones,

2036 3550 2090 3593 et
2125 3541 2436 3597 immundos
2471 3542 2723 3612 spiritus,
2757 3552 2813 3598 et
2841 3542 3025 3597 sedem
3063 3543 3357 3613 pristinam
3406 3558 3619 3613 ttequa-

2038 3647 2197 3700 quam
2220 3643 2552 3703 recepturos.
2572 3631 2681 3688 Nos
2699 3644 2882 3689 autem
2905 3632 3227 3703 simpliciter
3245 3648 3308 3688 ex
3318 3648 3619 3704 ponamus,

2037 3734 2091 3778 et
2128 3725 2422 3794 prophetas
2477 3741 2599 3781 esse
2632 3725 2989 3796 ingentibus,
3025 3727 3117 3795 qui
3157 3726 3421 3782 simulent
3445 3743 3508 3781 se
3537 3729 3624 3782 di-

2039 3818 2165 3871 vino
2188 3818 2382 3887 spiritu
2415 3817 2593 3873 futura
2619 3819 2956 3886 praedicere:
2982 3828 3035 3873 et
3056 3818 3294 3879 divinos.
3323 3819 3393 3873 de
3417 3818 3625 3888 quibus

2037 3920 2091 3962 et
2123 3908 2340 3978 vulgare
2371 3908 2716 3976 proverbimu
2752 3915 2877 3962 est:
2926 3908 3094 3963 Aiunt
3120 3908 3366 3985 divinare
3395 3909 3624 3975 sapien-

2039 4013 2119 4055 tes
2146 4018 2160 4055 :
2186 4012 2241 4055 et
2262 4001 2627 4056 somniatores
2653 4000 2746 4070 qui
2770 4000 3053 4054 imitantur
3076 3999 3276 4070 loscph
3298 4011 3356 4055 et
3376 4000 3574 4055 Daniel
3604 4016 3621 4053 :

2038 4105 2086 4146 et
2123 4108 2386 4163 augures,
2418 4094 2511 4163 qui
2549 4094 2733 4147 volatu
2766 4093 2947 4146 avium
2988 4102 3043 4147 et
3078 4093 3322 4147 oscinum
3360 4093 3621 4158 vocibus,

2040 4185 2344 4238 faciendum
2395 4184 2547 4253 quid,
2582 4184 2667 4237 vel
2704 4199 2809 4237 non
2864 4183 3175 4238 faciendum
3227 4184 3567 4237 denuntiant
3606 4199 3620 4213 ο

2037 4288 2091 4329 et
2145 4275 2453 4342 maleﬁcos,
2493 4291 2633 4345 quos
2668 4278 2751 4331 vel
2794 4275 3066 4330 veneﬁcos
3112 4289 3398 4347 possumus
3432 4275 3631 4345 appel-

2041 4369 2174 4432 lare,
2233 4369 2321 4422 vel
2384 4370 2692 4423 daamonum
2746 4366 3229 4438 pltantasmatibus
3284 4365 3628 4432 servientes,

2040 4461 2131 4529 qui
2190 4457 2457 4514 Hebraice
2505 4460 2761 4513 dicuntur
2804 4471 3071 4513 essstrns
3115 4458 3359 4527 (manu).
3408 4456 3635 4513 Omnes

2043 4552 2154 4615 isti,
2190 4553 2385 4619 inquit,
2419 4550 2700 4619 decipiunt
2737 4563 2856 4617 vos,
2908 4559 3072 4619 atque
3126 4550 3503 4619 supplantant,
3562 4565 3634 4606 ne

2041 4642 2295 4697 serviatis
2363 4644 2470 4712 regi
2537 4642 2850 4714 Babylonis.
2886 4641 3053 4697 Multo
3085 4643 3229 4696 enim
3282 4637 3483 4698 melius
3545 4653 3638 4697 est

2040 4734 2359 4789 servitutem
2428 4744 2623 4803 sponte
2667 4749 2967 4804 suscipere,
3016 4722 3088 4787 et‘
3117 4732 3349 4787 amicum
3411 4733 3639 4789 habere

2040 4826 2127 4880 cui
2156 4826 2430 4891 servistis,
2470 4834 2524 4879 et
2554 4826 2847 4893 genitalem
2884 4834 3084 4878 terram
3126 4826 3326 4891 colere,
3363 4841 3544 4893 quam
3582 4827 3637 4879 vi

2038 4932 2094 4973 et
2125 4920 2450 4974 necessitate
2479 4919 2685 4971 servire
2712 4920 2974 4985 captivos.

2111 5010 2292 5083 (Vers.
2342 5010 2428 5075 i2,
2480 5010 2591 5079 15.)
2636 5030 2656 5062 ι
2716 5008 2783 5063 Et
2813 5011 2877 5065 ad
2919 5011 3200 5066 Sedveiam
3235 5023 3412 5076 regem
3481 5009 3637 5066 Juda

2042 5103 2254 5177 locutus
2282 5115 2400 5153 sttm
2433 5102 2727 5155 secundum
2761 5101 2944 5157 omnia
2978 5101 3136 5153 verba
3191 5098 3322 5164 haec,
3374 5099 3585 5156 dicens
3617 5117 3636 5157 :

2042 5193 2306 5262 thjicite
2329 5192 2470 5247 colla
2498 5202 2678 5247 vestra
2711 5196 2813 5247 sub
2850 5193 2981 5262 jngo
3016 5195 3158 5260 regis
3217 5192 3548 5263 Babylonis,
3582 5204 3644 5249 et

2043 5287 2245 5337 servile
2268 5285 2339 5349 ei,
2379 5295 2430 5339 et
2457 5285 2654 5353 populo
2676 5284 2817 5354 ejus,
2853 5297 2905 5338 et
2954 5286 3168 5338 vivatis.
3204 5286 3387 5349 Quare
3420 5287 3643 5340 morie~

2045 5378 2175 5432 ntini
2208 5385 2286 5442 tu,
2322 5387 2377 5431 et
2408 5377 2640 5447 populus
2674 5386 2797 5430 tuus
2825 5378 3026 5446 gladio,
3063 5388 3118 5429 et
3146 5373 3307 5439 fame,
3339 5386 3390 5429 et
3414 5386 3594 5444 peste
3624 5395 3638 5431 :

2043 5469 2186 5521 sicut
2216 5468 2431 5521 locutus
2464 5479 2550 5523 est
2586 5469 2846 5522 Dominus
2880 5471 2944 5520 ad
2983 5478 3217 5536 gentem,
3256 5481 3375 5533 quae
3407 5469 3646 5523 servire

2046 5560 2279 5611 noluerit
2327 5561 2434 5627 regi
2468 5560 2783 5630 Babylonis.
2818 5560 2994 5612 Nolite
3045 5560 3230 5611 audire
3272 5559 3442 5612 verba
3499 5558 3650 5616 Pro-

2045 5653 2355 5719 phetarum,
2396 5652 2689 5706 dicentium
2731 5653 2884 5707 vobis
2921 5668 2934 5707 :
2984 5650 3160 5705 Nolite
3189 5651 3392 5705 servire
3425 5650 3641 5725 [ναις.

2046 5741 2160 5795 Non
2222 5741 2497 5814 servietis]
2563 5744 2673 5813 regi
2735 5742 3048 5813 Babylonis,
3097 5743 3220 5811 quia
3272 5743 3646 5804 mendacium

2046 5834 2147 5903 ipsi
2175 5834 2473 5904 loquuntur
2512 5835 2685 5899 vobis,
2718 5839 2841 5905 quia
2878 5852 2981 5889 non
3018 5837 3134 5890 misi
3168 5850 3283 5897 eos,
3320 5836 3391 5887 ait
3438 5834 3653 5893 Domi-

2046 5943 2146 5980 nus
2177 5941 2188 5978 :
2222 5938 2268 5982 et
2299 5929 2411 5993 πνίςί
2440 5928 2761 5992 prophetaut
2782 5930 2833 5981 in
2865 5930 3079 5981 nomine
3102 5943 3221 5982 meo
3256 5925 3651 5996 mendaciter,
