4004 6182
391 366 498 430 885

787 363 1296 426 COMMENTAR.
1349 365 1424 425 IN
1469 365 1871 427 IEREMIAM
1912 364 2372 427 PIlOPIlETAM
2420 369 2567 430 LIB.
2609 372 2676 439 ν,
2751 370 2908 431 (ΖΛΓ.
2942 372 3220 434 XXVIII.

3498 377 3648 439 ’886

391 492 449 536 ιιι
492 481 716 552 ejiciaut
760 497 876 547 vos,
914 491 970 537 et
1028 485 1266 553 pereatis
1303 492 1412 536 tam
1457 497 1574 546 vos,
1617 497 1779 552 quam
1842 481 1977 537 Pro-
2005 493 2051 549 Α
2083 493 2400 534 manserunt
2428 482 2723 537 incivitate
2749 482 2870 548 hac,
2905 499 3030 554 quae
3070 500 3174 537 non
3212 485 3332 539 tulit
3359 485 3647 545 Nabucho-

387 576 566 643 pbcto:
622 573 715 641 qui
757 560 1146 628 vaticinantur
1202 574 1378 629 vobis.
1430 591 1448 624 ι
1510 573 1634 629 Post
1682 561 1970 629 universas

389 673 577 729 gentes
603 662 798 715 transit
827 663 895 718 ad
921 663 1204 718 Sedeciatn
1256 679 1436 734 regem
1469 662 1646 732 Iuda;
1686 672 1742 719 et
1778 665 1966 719 iisdem

386 754 583 822 quibus
623 755 875 822 gentibus
923 755 1288 810 comminatus
1333 766 1440 821 cst,
1487 758 1833 811 sermonibus
1889 756 1968 809 lo-

385 845 572 913 quitur
623 859 854 912 :neque
900 847 1044 901 enim
1103 858 1340 902 meretur
1399 849 1740 919 privilegium
1790 851 1968 918 gentis

385 936 716 1003 Israelitica},
771 936 867 1006 qui
915 939 1130 993 cteteris
1165 940 1441 1008 gentibus,
1471 949 1561 992 aut
1617 941 1837 1003 similia,
1871 951 1969 994 aut

387 1027 591 1095 majora
644 1030 912 1096 peccavit.
958 1029 1203 1098 Denique
1257 1031 1384 1098 quia
1417 1033 1610 1086 audire
1641 1035 1968 1100 centetnpvit

385 1120 613 1186 poptdtts
667 1120 982 1190 perduellis.
1043 1122 1249 1192 gladio,
1304 1121 1467 1184 fame,
1521 1132 1576 1176 et
1630 1133 1780 1191 peste
1834 1137 1966 1177 con-

387 1221 636 1277 sumptus
693 1221 798 1266 est.
861 1210 1273 1268 Observandum
1325 1225 1509 1268 autem
1571 1216 1623 1268 in
1682 1215 1961 1281 Scriptura

389 1315 599 1364 saneta,
639 1302 780 1370 quod
807 1317 906 1372 pro
937 1306 1431 1374 pseudoprophetis
1459 1308 1696 1374 appellet
1727 1307 1960 1376 prophe-

390 1403 494 1456 tas,
530 1394 618 1462 qui
657 1395 1018 1449 vaticiueutur
1043 1397 1092 1448 in
1121 1398 1338 1450 nomine
1364 1398 1572 1452 Domini
1607 1400 1959 1455 mendaciter.

392 1485 502 1539 Iloc
533 1498 735 1552 autent,
771 1489 966 1555 inquit,
1000 1489 1225 1554 faciunt,
1255 1499 1312 1541 ttt
1350 1491 1575 1556 ejiciant
1613 1506 1731 1550 vos,
1786 1502 1840 1545 et
1872 1507 1962 1559 pe-

391 1579 555 1631 reatis
587 1590 694 1630 tam
730 1594 846 1644 vos,
881 1595 1042 1648 quant
1101 1582 1404 1651 prophetat,
1440 1584 1531 1651 qui
1588 1585 1965 1638 vaticinantur

387 1673 562 1726 vobis.
600 1672 666 1724 Et
707 1689 895 1728 eorum
928 1677 1092 1744 igitur
1127 1677 1220 1744 qui
1271 1677 1642 1745 decipiuntur,
1688 1686 1743 1731 et
1773 1692 1961 1732 eorum

386 1764 478 1829 qtti
515 1764 818 1832 decipiunt,
865 1768 1060 1820 similis
1111 1768 1366 1822 interitus
1414 1778 1520 1822 est.
1561 1767 1674 1823 Iloc
1729 1771 1872 1838 quod
1897 1772 1963 1824 de

388 1850 654 1907 llebraico
700 1856 979 1922 posuimus
1018 1871 1032 1908 :

385 1946 572 1998 servite
614 1948 677 2004 ei.
733 1957 781 2000 et
817 1949 1009 2016 populo
1055 1949 1192 2016 ejus,
1221 1960 1268 2002 et
1305 1950 1508 2004 vinetis.
1545 1949 1724 2014 Quare
1755 1950 1964 2020 1035

387 2037 680 2090 moriemini
714 2047 769 2091 tu
820 2051 866 2092 et
907 2041 1134 2108 populus
1199 2049 1320 2094 tuus
1375 2041 1580 2110 gladio,
1638 2051 1687 2094 et
1722 2043 1884 2108 fame,
1916 2051 1967 2094 et

386 2137 524 2191 peste
571 2144 590 2180 :
628 2131 766 2182 sicut
814 2129 1022 2184 locutus
1056 2142 1134 2185 est
1167 2131 1424 2186 Dontinus
1470 2133 1539 2185 ad
1589 2143 1816 2202 gentem,
1849 2148 1965 2201 qua:

388 2218 583 2271 servire
609 2220 836 2274 noluerit
865 2223 972 2291 regi
1006 2220 1328 2292 Babylonis.
1361 2222 1540 2276 Nolite
1577 2223 1764 2276 audire
1811 2224 1965 2277 verba

388 2310 757 2375 prophetarum
791 2311 1079 2366 dicentium
1104 2313 1269 2376 vobis,
1311 2313 1361 2365 in
1399 2311 1538 2366 LXX
1579 2328 1683 2365 non
1713 2314 1961 2366 habetur.

391 2396 457 2450 Et
497 2401 703 2454 idcirco
756 2404 1048 2466 admoneo,
1087 2413 1145 2456 ttt
1201 2403 1441 2471 prudens
1479 2403 1651 2457 lector
1699 2402 1964 2470 intelligat

387 2501 652 2556 quantum
716 2493 856 2548 desit
905 2510 1000 2563 per
1054 2495 1268 2564 singula
1323 2493 1528 2549 Graecis
1575 2494 1858 2548 codicibus
1909 2504 1966 2548 et

389 2580 620 2637 Latinis.

461 2671 642 2741 (Vers.
681 2674 771 2739 16,
806 2675 918 2744 17.)
975 2693 994 2728 ι
1037 2675 1102 2730 Et
1137 2675 1202 2730 ad
1231 2677 1566 2738 sacerdotes,
1596 2687 1652 2732 et
1679 2677 1746 2730 ad
1797 2692 1965 2746 popu-

390 2765 499 2819 lum
532 2767 926 2823 istumlocutns
953 2771 1338 2838 sum,dit-.ens,':
1373 2769 1487 2822 haec
1509 2768 1640 2822 dicit
1666 2768 1962 2828 Dominus;

390 2857 568 2914 Nolite
613 2861 799 2914 audire
839 2864 1004 2916 verba
1045 2861 1436 2930 prophetarum
1484 2870 1820 2926 vestrorum,
1871 2862 1965 2930 qtti

391 2954 714 3024 prophetant
759 2955 936 3016 vobis,
992 2957 1234 3010 dicentes
1295 2970 1309 3008 :
1363 2955 1502 3009 Ecce
1557 2969 1681 3008 vasa
1752 2953 1964 3005 Domini

394 3054 736 3100 revertentur
766 3047 830 3099 de
869 3046 1144 3117 Babylone
1203 3062 1348 3100 nunc
1407 3046 1516 3100 cito
1563 3062 1576 3098 :
1620 3045 1963 3099 tttcudacium

391 3139 536 3193 enim
564 3140 886 3206 prophetam
916 3140 1094 3194 vobis.
1137 3157 1154 3190 ι
1188 3137 1300 3193 Iloc
1325 3137 1470 3206 quod
1492 3137 1796 3207 posuimus,
1829 3151 1968 3190 nunc

393 3233 519 3298 cito,
555 3233 606 3286 in
636 3230 778 3284 LXX
809 3248 912 3287 non
947 3232 1214 3299 habetur;
1253 3243 1306 3288 et
1343 3231 1472 3285 illud
1498 3232 1643 3300 quod
1677 3231 1923 3299 sequitur
1952 3245 1964 3282 ε

396 3322 774 3378 Noliteaudire
791 3341 898 3390 eos,
932 3327 1022 3380 sed
1052 3325 1241 3380 servile
1266 3325 1373 3394 regi
1392 3322 1708 3394 Babylonis,
1743 3332 1797 3376 ut
1829 3323 1971 3377 viva-

396 3417 482 3471 tis.
531 3416 710 3481 Quare
757 3418 920 3470 datur
953 3422 1064 3471 han:
1112 3419 1299 3471 civitas
1341 3417 1396 3470 in
1434 3414 1815 3470 solitudinem?
1843 3414 1972 3467 Post

394 3518 582 3575 gemes
615 3519 794 3563 autem
848 3519 902 3562 et
954 3524 1160 3576 regem,
1219 3507 1604 3563 sacerdotibus
1640 3506 1877 3574 loquitur
1917 3515 1972 3559 et

395 3597 617 3666 populo,
647 3601 736 3667 qui
765 3599 874 3669 junt
908 3599 1192 3668 prophetis
1242 3613 1404 3666 supra
1437 3598 1713 3651 interitum
1749 3597 1970 3649 nuntia-

394 3699 565 3754 verat,
599 3691 786 3746 dicens
818 3709 830 3744 :
859 3689 928 3744 Ut
967 3691 1177 3759 ejiciam
1209 3706 1317 3756 vos,
1353 3702 1399 3743 et
1434 3691 1685 3758 pereatis,
1715 3699 1820 3740 tattt
1854 3703 1969 3751 vos,

396 3795 556 3848 quam
589 3781 890 3851 prophetae,
944 3783 1036 3852 qui
1086 3781 1451 3839 vaticinantut-
1481 3780 1661 3836 Vobis.
1709 3779 1973 3850 Loquitur

397 3883 576 3928 autem
608 3875 796 3928 eadem
827 3889 949 3944 qua:
987 3875 1198 3928 locutus
1240 3873 1419 3927 fuerat
1456 3874 1565 3941 regi
1610 3882 1665 3926 et
1697 3872 1972 3942 gentibus,

398 3980 466 4018 ne
495 3964 722 4018 audiant
755 3966 915 4019 vctba
966 3948 1363 4033 Prophetarum
1418 3979 1664 4027 suorum,
1700 3975 1755 4017 et
1786 3963 1972 4018 dicant

397 4070 522 4107 vasa
572 4055 754 4124 templi
805 4055 1014 4108 Domini
1066 4056 1391 4124 reportanda
1427 4055 1563 4124 jam,
1611 4069 1732 4124 qua:
1779 4055 1795 4085 ⁸
1846 4067 1969 4109 cum

395 4144 654 4200 Jecltonia
710 4147 1158 4216 principibusque
1221 4157 1273 4200 et
1336 4157 1512 4199 matre
1572 4146 1690 4214 ejus
1753 4144 1973 4200 fuerant

397 4247 670 4307 asportata
707 4253 722 4294 :
751 4249 1040 4308 monetque
1071 4248 1128 4292 ut
1163 4237 1479 4293 deserviant
1509 4238 1619 4304 regi
1658 4236 1970 4306 Babylonis,

396 4343 449 4383 et
487 4330 692 4393 vivant,
743 4339 797 4384 et
827 4330 1022 4384 civitas
1067 4339 1261 4398 spoute
1310 4331 1575 4397 subjecta,
1630 4343 1970 4397 nequaquam

399 4419 648 4477 tradatur
704 4419 976 4474 incendio.
1025 4419 1090 4473 Et
1146 4419 1200 4473 in
1255 4420 1359 4474 hoc
1404 4419 1698 4474 cletneutia
1731 4416 1968 4479 Domini,

2079 571 2318 625 donosor
2359 586 2449 626 rex
2479 571 2785 642 Babylonis,
2812 587 2936 629 cum
2965 574 3282 631 transferret
3334 577 3648 633 Jecboniam

2077 662 2246 716 filium
2286 661 2491 717 Joacim
2527 680 2706 734 regem
2752 664 2890 720 Juda
2917 683 2945 720 a
2979 666 3279 722 Jerusalem
3318 668 3371 722 in
3413 668 3648 739 Babylo-

2076 770 2221 822 nem,
2254 769 2310 812 et
2344 773 2534 812 omnes
2565 761 2862 828 optimates
2891 759 3030 816 Juda
3063 773 3114 817 et
3145 762 3473 819 Jerusalem.
3511 764 3646 830 Quia

2077 849 2192 904 hate
2238 851 2372 904 dicit
2437 850 2697 907 Dominus
2737 855 3095 921 exercituum,
3147 855 3289 911 Dens
3340 856 3544 928 Israel,
3582 861 3648 910 ad

2074 956 2202 1000 vasa
2243 956 2364 1011 qua:
2415 942 2672 997 derelicta
2720 954 2845 999 sunt
2886 945 2937 999 itt
2985 947 3144 1001 domo
3201 949 3452 1013 Domini;
3501 962 3556 1003 ct
3597 951 3646 1005 in

2075 1034 2236 1086 domo
2263 1035 2406 1102 regis
2423 1034 2563 1090 Jutla
2593 1043 2642 1088 et
2671 1035 2996 1094 Jerusalem.
3026 1037 3080 1092 In
3112 1039 3440 1110 Babylonem
3469 1049 3648 1095 trans-
3745 1086 3756 1096 .

2073 1123 2334 1189 furentur,
2399 1136 2456 1179 et
2485 1127 2555 1179 ibi
2592 1138 2753 1180 erunt
2783 1143 2955 1197 usque
3029 1133 3094 1184 ad
3131 1131 3274 1185 diem
3315 1131 3644 1188 visitatiottis

2075 1231 2206 1277 suae,
2282 1216 2412 1269 dicit
2485 1215 2792 1284 Dominus;
2848 1228 2903 1272 et
2960 1220 3146 1274 afferri
3203 1221 3397 1275 faciant
3444 1237 3530 1286 ea,
3595 1231 3648 1275 et

2074 1305 2288 1360 restitui
2323 1308 2374 1358 itt
2415 1307 2535 1360 loco
2567 1308 2690 1361 isto.
2727 1324 2745 1357 ι
2785 1308 2930 1373 llaec,
2963 1318 3018 1361 ιιι
3049 1309 3300 1374 diximus,
3337 1312 3388 1363 in
3419 1310 3647 1377 Septua-

2073 1398 2222 1467 ginta
2284 1413 2388 1451 non
2449 1399 2741 1464 habentur,
2803 1403 2897 1454 sed
2969 1403 3036 1454 de
3098 1400 3358 1459 Hebraica
3422 1405 3648 1459 veritate

2079 1487 2293 1558 1036
2322 1491 2582 1544 translata
2625 1501 2753 1545 sunt
2783 1505 2800 1545 :
2833 1505 2929 1560 pro
2980 1507 3090 1561 quo
3138 1493 3280 1547 aliud
3317 1493 3458 1563 quod
3513 1497 3650 1549 scri—

2073 1593 2223 1648 ptum
2255 1595 2358 1633 non
2401 1591 2538 1647 erat,
2573 1596 2804 1650 posuere
2848 1583 3094 1639 dicentes
3132 1601 3143 1635 ε
3197 1584 3331 1638 Mihi
3365 1587 3489 1656 quia
3518 1591 3537 1620 ¹
3572 1589 3647 1641 sic

2071 1671 2207 1723 dixit
2257 1669 2509 1723 Dominus
2539 1687 2556 1725 :
2590 1671 2656 1724 Et
2705 1672 2907 1742 reliqua
2961 1691 3084 1727 vasa
3118 1691 3234 1742 qua:
3264 1692 3367 1729 non
3403 1677 3522 1730 tulit
3557 1692 3648 1730 res

2076 1761 2384 1830 Babylonis,
2401 1764 2611 1829 quando
2637 1764 2912 1816 transtulit
2929 1762 3239 1817 Jechoniam
3265 1766 3329 1820 de
3350 1766 3648 1823 Jerusalem

1079 1855 1186 1910 Sub
1217 1859 1348 1926 jugo
1383 1861 1516 1926 regis
1555 1858 1858 1928 Babylonis,
1912 1869 1960 1912 et
1995 1849 2116 1905 Bin
2163 1851 2514 1922 Babylonem,
2561 1853 2862 1919 intrabunt,
2915 1849 3044 1908 dicit
3095 1855 3374 1921 Dominus,
3425 1872 3646 1911 sensum

2069 1947 2244 2013 magis
2291 1961 2454 2014 quam
2501 1946 2663 2000 verba
2707 1958 2992 2014 ponentes,
3066 1949 3293 2003 forsitan
3330 1949 3646 2003 irrationale

2063 2036 2334 2100 arbitrati,
2387 2047 2445 2090 ut
2504 2036 2646 2091 Deus
2689 2039 3003 2108 loqueretur
3041 2041 3108 2093 ad
3162 2039 3465 2106 columnas,
3497 2048 3553 2094 et
3579 2041 3645 2095 ad

2068 2143 2241 2189 mare.
2274 2137 2329 2182 et
2362 2129 2430 2182 ad
2465 2132 2626 2183 bases
2665 2139 2721 2183 et
2769 2129 2834 2182 ad
2880 2129 3085 2198 reliqua
3118 2145 3243 2186 vasa
3277 2147 3397 2200 quae
3433 2145 3649 2186 reman-

2064 2206 2332 2274 serant'in
2371 2219 2700 2288 Jerusalem,
2763 2223 2918 2290 quasi
2954 2238 3060 2276 non
3091 2222 3356 2291 legamus,
3391 2231 3445 2277 et
3475 2220 3647 2276 vermi

2067 2315 2333 2368 matutino
2369 2314 2704 2381 increpuisse
2737 2315 3022 2369 Dominum
3080 2314 3255 2383 (lana:
3283 2316 3380 2382 tv).
3416 2323 3479 2383 et.
3514 2315 3645 2368 mari

2064 2400 2302 2455 locutum
2368 2395 2405 2456 ε’
2437 2401 2593 2466 Tace,
2648 2413 2697 2457 et
2735 2406 3029 2458 obmutesce
3085 2405 3283 2474 (Marc.
3345 2421 3418 2471 tv,
3482 2405 3573 2474 '59)
3631 2421 3646 2458 :

2067 2495 2320 2562 quodque
2369 2495 2449 2549 ait
2492 2511 2505 2551 :
2537 2495 2836 2553 Occurrant
2870 2497 3015 2562 mihi,
3051 2497 3165 2552 sive
3196 2497 3421 2551 Domino
3443 2498 3650 2551 exerci-

2065 2593 2238 2648 tuum,
2313 2585 2444 2638 illud
2513 2587 2780 2652 ostendit,
2849 2601 3033 2640 verum
3098 2585 3429 2654 PrOpltetam
3485 2598 3649 2654 posse

2070 2673 2304 2729 Domino
2365 2678 2979 2745 precibus‘resistere,
3037 2678 3334 2731 secundum
3391 2675 3533 2745 quod
3594 2685 3651 2728 et

2069 2763 2284 2835 Moyses
2327 2767 2478 2822 stetit
2523 2769 2576 2822 in
2630 2768 2984 2836 percussione
3014 2776 3206 2824 contra
3241 2766 3554 2830 Dominum,
3591 2777 3650 2819 ut

2068 2867 2345 2913 averteret
2371 2861 2508 2914 iram
2547 2861 2750 2915 furoris
2809 2862 2949 2931 ejus.
2991 2860 3212 2914 Samuel
3249 2874 3471 2928 quoque
3504 2858 3645 2912 idem

2071 2951 2200 3006 fecit
2239 2951 2292 3022 (l
2314 2952 2440 3021 Reg.
2478 2953 2620 3022 vin).
2655 2953 2718 3006 Et
2748 2950 3009 3008 Dominus
3033 2954 3098 3006 ad
3130 2951 3352 3022 Moysen
3379 2967 3396 3005 :
3431 2949 3649 3002 Dimitte

2070 3061 2171 3105 me.
2212 3056 2267 3098 ut
2322 3047 2619 3114 percutiam
2676 3045 2931 3114 populum
2996 3047 3157 3098 istum
3217 3041 3414 3112 (Exod.
3475 3059 3648 3102 xxx“.

2077 3139 2188 3205 IO).
2219 3142 2452 3204 Quando
2484 3150 2670 3194 autem
2705 3140 2860 3205 dicit,
2905 3138 3127 3193 Dimitte
3175 3153 3277 3200 nte,
3326 3138 3565 3190 Ostendit
3593 3151 3651 3189 so

2076 3233 2330 3300 precibus
2380 3241 2695 3287 sanctorum
2746 3246 2907 3301 posse
2938 3230 3184 3285 retineri.
3212 3227 3536 3290 Occurrant,
3570 3229 3652 3280 in.

2077 3326 2216 3395 quit,
2256 3325 2562 3392 Prophetae,
2621 3334 2677 3378 et
2727 3338 3083 3392 quaecumque
3134 3319 3454 3391 praedicunt,
3489 3333 3651 3387 opere

2076 3416 2340 3484 completa
2371 3417 2751 3477 demonstrent
2786 3431 2800 3470 :
2830 3426 2885 3468 et
2918 3424 3045 3468 tunc
3069 3415 3304 3468 veritate
3331 3413 3649 3466 vaticinium

2077 3507 2542 3576 comprobabitur.
2586 3506 2880 3561 Columnas
2909 3515 3115 3568 autem,
3157 3514 3211 3558 et
3245 3517 3417 3567 mare,
3466 3515 3518 3554 et
3558 3503 3651 3554 ba:-

2075 3613 2183 3664 ses,
2241 3609 2296 3654 et
2345 3598 2554 3668 reliqua
2605 3613 2884 3664 vasorum,
2943 3597 2996 3649 in
3031 3594 3323 3651 Melacbim
3361 3591 3484 3662 (Ill
3526 3591 3652 3660 Reg.

2076 3689 2174 3758 vtt)
2198 3698 2252 3743 et
2275 3689 2326 3741 itt
2350 3700 2595 3744 extremo
2617 3689 2781 3759 hujus
2810 3689 3088 3759 propheta:
3111 3686 3386 3768 volumine
3405 3686 3650 3756 legimus.

2076 3783 2144 3837 Et
2171 3792 2559 3838 enumerantur
2609 3797 2734 3837 vasa
2768 3797 2887 3852 qua:
2917 3783 3179 3836 translata
3231 3780 3342 3834 sint
3393 3779 3445 3833 in
3487 3778 3655 3846 B-tby-

2077 3873 2280 3937 Ionem,
2341 3873 2560 3942 quando
2618 3882 2813 3942 captus
2850 3881 2934 3926 est
2987 3870 3265 3934 Sedecias,
3317 3878 3372 3926 ct
3431 3867 3652 3920 incensa

2074 3964 2292 4030 civitas,
2324 3964 2692 4034 templumque
2721 3965 3044 4020 subversum
3072 3961 3176 4033 (IV
3208 3961 3330 4030 Reg.
3364 3967 3512 4026 xxv).

2148 4057 2302 4125 (Cap.
2337 4056 2575 4112 XXVIII.
2626 4089 2695 4100 —
2756 4057 2917 4113 Vers.
2975 4056 3000 4110 1
3064 4061 3244 4125 seqq.)
3298 4071 3316 4105 t
3355 4053 3419 4106 Et
3455 4050 3652 4104 factum

2074 4157 2160 4203 est
2188 4147 2245 4202 in
2277 4163 2424 4203 anno
2469 4149 2583 4214 illo,
2622 4150 2674 4203 in
2711 4149 2982 4218 principio
3024 4148 3172 4216 regni
3225 4143 3466 4199 Sedecite
3513 4144 3656 4210 regis

2075 4240 2210 4296 Juda
2255 4239 2308 4294 in
2335 4255 2479 4294 anno
2513 4250 2737 4309 quarto,
2765 4241 2818 4294 itt
2857 4238 3273 4306 ntcnseqttinto.
3307 4236 3440 4290 dixit
3473 4235 3538 4286 ad
3571 4247 3655 4286 mo

2075 4332 2318 4389 Ananias
2354 4333 2500 4388 Illius
2528 4335 2696 4396 Azur,
2739 4333 3008 4402 prepheta
3033 4331 3101 4385 de
3139 4328 3364 4384 Gabaon
3406 4328 3456 4381 in
3494 4326 3656 4380 domo

2077 4425 2316 4489 Domini,
2343 4441 2525 4480 coram
2547 4425 2923 4480 sacerdotibus
2946 4431 3000 4476 et
3021 4424 3165 4476 omni
3185 4421 3402 4491 populo,
3427 4420 3614 4474 dicens
3640 4434 3655 4472 :

397 4511 592 4565 leviori
647 4526 824 4580 ρωιιεε
856 4513 1068 4568 tradere
1091 4511 1204 4584 [AL
1245 4513 1356 4567 vult
1405 4511 1667 4580 tradere].
1699 4526 1766 4566 ne
1810 4511 1974 4565 δυειί-
2007 4539 2050 4596 ι)
2081 4517 2209 4572 lltec
2235 4517 2369 4571 dicit
2404 4516 2670 4572 Dominus
2719 4515 3055 4571 exercituum
3092 4513 3234 4567 Deus
3281 4512 3440 4566 Israel
3472 4525 3486 4564 :
3517 4511 3657 4564 Cott-

400 4614 562 4658 neant
599 4605 926 4674 graviorem.

469 4693 645 4764 (Vt-rs.
682 4695 795 4765 18.)
833 4714 853 4748 t
893 4695 1030 4750 Etsi
1063 4695 1340 4765 propheta:
1376 4706 1522 4757 sunt,
1558 4709 1607 4749 et
1638 4705 1721 4750 est
1751 4695 1975 4749 verbum

403 4785 612 4839 Domini
660 4787 712 4840 in
778 4788 880 4849 eis,
928 4796 1242 4842 occurrant.
1311 4805 1330 4838 ι
1393 4784 1658 4856 Quodque
1707 4785 1976 4854 sequitur,

397 4891 452 4932 et
479 4880 745 4933 sululituri
778 4894 966 4935 sumus
996 4892 1168 4948 usque
1210 4877 1279 4934 ad
1331 4878 1491 4933 linem
1527 4879 1687 4947 hujus
1731 4877 1974 4946 capituli,

399 4974 451 5023 in
489 4969 630 5026 LXX
660 4986 768 5025 non
797 4971 1045 5028 habetur.

455 5062 648 5131 (Vers.
690 5065 756 5119 I9
783 5068 960 5135 seqq.)
997 5083 1017 5119 t
1067 5065 1294 5121 Domino
1357 5065 1726 5128 exercituum,
1763 5074 1820 5118 ttt
1871 5079 1975 5117 non

398 5155 622 5212 veniant
655 5171 782 5212 vasa
811 5173 930 5226 qum
963 5158 1221 5214 derelicta
1249 5157 1470 5213 fuerant
1497 5159 1547 5210 itt
1575 5159 1739 5212 domo
1764 5155 1973 5211 Domini

398 5246 412 5316 [
438 5247 589 5318 Vulg.
615 5249 670 5303 in
705 5251 866 5304 domo
891 5251 1106 5305 Domini
1137 5267 1241 5305 non
1259 5249 1460 5322 habet].
1481 5262 1534 5304 et
1566 5251 1619 5304 itt
1649 5253 1810 5305 domo
1835 5249 1976 5319 regis

397 5341 556 5407 Jutla,
590 5353 644 5396 et
685 5343 735 5395 in
767 5342 1093 5409 Jerusalem,
1117 5353 1172 5399 et
1203 5343 1258 5400 in
1299 5343 1654 5414 Babylonem.
1691 5345 1827 5410 Quia
1861 5345 1975 5398 ltzec

399 5432 533 5486 dicit
561 5431 822 5487 Dominus
844 5435 1180 5487 exercituum
1206 5435 1272 5488 ad
1299 5434 1606 5497 columnas,
1629 5443 1683 5487 et
1705 5437 1772 5489 ad
1806 5451 1973 5500 mare,

401 5531 451 5575 et
483 5522 551 5576 ad
599 5526 757 5576 bases
789 5524 911 5591 (pro
955 5523 1149 5592 quibus
1202 5524 1254 5578 in
1295 5522 1562 5581 Ilebraico
1591 5528 1858 5593 scriptum
1895 5537 1975 5580 cst

402 5629 724 5670 uECBONOTu
746 5618 950 5683 mam)
978 5626 1029 5670 ct
1079 5618 1144 5667 ad
1179 5617 1382 5684 reliqua
1421 5632 1694 5681 vasorum,
1738 5637 1856 5689 quac
1897 5637 1976 5673 re-

476 5796 570 5852 ’Itt
603 5800 854 5862 Ctsletc.,
889 5800 1224 5870 Iieportundu
1263 5802 1374 5866 jam
1410 5818 1546 5854 nunc
1578 5817 1714 5868 (μιν,
1745 5812 1846 5852 t-tc.

2085 4611 2210 4664 trivi
2250 4610 2440 4678 jugutn
2483 4609 2626 4676 regis
2670 4607 2984 4678 Babylonis,
3020 4606 3198 4660 adhuc
3238 4606 3342 4658 duo
3376 4605 3502 4656 anni
3541 4602 3656 4654 die-

2086 4715 2230 4762 rum,
2266 4707 2322 4754 et
2356 4711 2454 4768 ego
2487 4697 2678 4751 referri
2729 4696 2838 4769 [ΑΙ.
2880 4693 3093 4766 inferri]
3149 4693 3342 4748 lat-iatn
3374 4693 3439 4743 ad
3478 4691 3655 4744 locum

2083 4792 2249 4845 istum
2295 4790 2476 4843 omnia
2521 4804 2651 4843 vasa
2682 4787 2894 4842 Domini
2928 4786 3116 4857 [ναις.
3148 4786 3338 4838 donius
3365 4779 3652 4850 Domini].i

2079 4883 2230 4947 Quos
2251 4881 2568 4936 I‘Iebraicum
2589 4879 2891 4950 prophetas,
2926 4881 3028 4932 hoc
3049 4887 3152 4941 est,
3178 4886 3370 4927 NEBEIII
3399 4874 3657 4940 (omni),

2084 4976 2228 5031 LXX
2284 4976 2759 5044 pseudoprophetas
2804 4968 3142 5039 interpretati
3191 4978 3342 5030 sunt,
3387 4977 3442 5017 Ill.
3480 4967 3657 5018 maui-

2082 5069 2362 5123 festiorem
2421 5068 2666 5123 iacerent
2714 5062 3151 5133 intelligentiam.
3206 5060 3452 5129 Denique
3499 5070 3556 5118 et
3603 5060 3654 5112 in

2083 5161 2336 5230 praesenti
2357 5163 2474 5214 loco
2503 5161 2757 5226 propheta
2779 5156 3003 5221 dicitur,
3022 5153 3126 5208 hoc
3151 5162 3258 5217 est,
3283 5167 3439 5208 υειιιιι
3459 5160 3655 5219 (δύω),

2081 5263 2138 5307 ct
2184 5268 2288 5305 non
2339 5249 2813 5320 pseudopropheta.
2860 5247 2946 5301 Fit
2995 5255 3173 5300 autem
3216 5259 3396 5300 sermo
3445 5243 3654 5296 Domini

2083 5347 2183 5402 sub
2219 5359 2346 5415 rege
2385 5343 2630 5409 Sedecia,
2676 5344 2729 5393 in
2768 5348 2964 5410 quarto
2991 5351 3138 5393 anno
3172 5336 3322 5408 regni
3352 5336 3492 5403 ejus,
3520 5346 3567 5387 ct
3604 5335 3656 5390 in

2081 5451 2269 5493 mense
2299 5438 2487 5506 quinto
2549 5433 2804 5504 (necdum
2864 5431 3129 5501 propheta
3187 5427 3436 5484 Ezechiel
3463 5429 3656 5480 vatici-

2083 5540 2248 5586 nante
2269 5529 2325 5584 in
2363 5528 2634 5597 Babylone
2659 5524 2724 5578 ad
2752 5539 2846 5579 eos
2870 5524 2960 5593 qui
2992 5538 3113 5578 cum
3147 5519 3408 5580 Jecbonia
3441 5519 3658 5570 fuerant

2083 5621 2515 5690 transmigrati);
2551 5618 2818 5685 habetque
2847 5616 3094 5669 fiduciam
3123 5614 3174 5666 itt
3217 5610 3416 5679 templo
3445 5607 3656 5661 Domini

2155 5801 2170 5831 ³
2221 5798 2418 5861 \'.ttic.,
2458 5793 2551 5850 Est
2579 5795 2702 5846 mihi
2730 5795 2877 5862 quia,
2905 5803 3012 5844 etc.
