3966 6176
325 306 430 370 88Ἱ

1505 318 1563 381 S.
1611 320 1922 392 EUSEBII
1964 324 2408 388 IIIERONYMI

3473 329 3578 395 838

317 422 470 493 loqui
507 431 694 478 contra
727 423 1079 496 Prophetam,
1111 428 1233 498 quia
1274 445 1532 500 prospera
1557 435 1756 502 populo
1784 435 1903 504 pol-
1931 445 1976 498 Α
2010 441 2218 494 miserit
2249 441 2464 511 1038
2487 439 2751 496 Dominus
2782 441 2836 496 in
2873 442 3121 498 veritate.
3167 460 3185 494 ι
3221 443 3442 500 Poterat
3478 445 3576 501 Je-

320 513 537 577 licetur,
567 525 624 572 et
654 517 886 574 libenter
909 522 1203 576 audiuntur
1239 525 1547 593 mendacia,
1582 529 1891 596 praesertim

316 623 438 676 qua:
463 608 582 663 laeta
611 612 955 678 promittunt.
979 613 1240 671 Jeremias
1267 617 1479 673 dixerat
1502 619 1664 674 etiam
1697 626 1893 674 caetera

320 715 469 763 vasa,
513 702 725 772 1037
754 705 836 758 vel
868 706 1075 775 templi,
1106 707 1189 761 vel
1234 708 1427 764 domus
1469 711 1650 779 regite,
1683 721 1737 765 et
1767 709 1893 764 uni-

316 793 460 846 versi
533 796 748 863 populi,
810 813 929 865 quae
996 798 1496 856 Nabuchodonosor
1572 802 1893 866 dimiserat,

317 882 690 937 transferenda
735 883 1092 956 Babylonem.
1135 889 1235 946 Hic
1280 899 1457 946 autem
1511 907 1542 946 e
1592 893 1890 955 contrario,

314 975 478 1030 etiam
526 990 589 1030 ea
645 992 767 1046 qua:
824 979 1088 1034 translata
1144 981 1381 1046 fuerant,
1430 983 1713 1038 referenda
1763 999 1891 1053 pro-

306 1065 429 1127 ,ΙιιίῐΙ
443 1067 501 1122 ἰι.

387 1158 567 1226 (Vers.
600 1159 654 1223 3,
687 1161 765 1231 ι.)
805 1180 824 1214 ι
862 1161 991 1228 Quae
1022 1164 1302 1218 transtulit
1337 1165 1351 1196 ¹
1387 1164 1889 1222 Nabuchodonosor

317 1264 409 1302 rex
446 1248 738 1321 Babylonis
765 1254 830 1308 de
869 1253 987 1309 loco
1035 1257 1160 1321 isto,
1212 1265 1263 1314 et
1305 1257 1576 1311 transtulit
1609 1271 1670 1312 ea
1701 1257 1754 1313 in
1792 1259 1894 1311 Ba-

315 1341 584 1408 bylonem.
612 1340 679 1396 Et
705 1340 1020 1398 Jechoniatn
1053 1345 1219 1398 lilium
1247 1344 1477 1413 Joacim,
1515 1362 1694 1414 regem
1723 1345 1891 1413 Juda,

314 1441 368 1484 et
424 1445 639 1486 onmem
702 1435 1231 1505 transmigrationem
1289 1436 1464 1501 Judaa.
1510 1439 1602 1506 qui
1657 1438 1892 1508 ingressi

317 1530 442 1575 sunt
475 1522 822 1594 Babylonem,
873 1541 974 1596 ego
1018 1538 1331 1583 convertam
1386 1527 1442 1582 in
1495 1528 1670 1582 locum
1704 1529 1889 1596 istum,

315 1614 699 1671 aitDominus.
757 1617 1046 1673 Conteram
1098 1619 1251 1688 enim
1297 1620 1487 1689 jugum
1549 1622 1690 1689 regis
1718 1620 1895 1693 Baby-

315 1707 479 1762 lonis.
514 1727 533 1762 ι
563 1708 668 1764 Pro
693 1710 890 1780 quibus
917 1709 1060 1771 LXX
1093 1712 1488 1767 transtulerunt
1515 1729 1530 1768 ε
1557 1711 1890 1777 Jechoniam,

2002 526 2202 579 remias
2249 529 2477 582 Ananiae
2523 528 2705 584 dicere
2735 548 2750 584 :
2778 527 2997 585 Falsum
3056 531 3314 602 loqueris.
3368 535 3575 604 decipis

2001 616 2281 684 populum,
2313 633 2418 671 non
2462 634 2523 675 es
2578 621 2863 690 propheta,
2916 623 3010 677 sed
3073 624 3571 694 pseudopmpheta.

2001 708 2155 772 Quod
2186 710 2231 762 si
2268 711 2514 789 dixisset,
2565 719 2780 780 poterat
2825 712 3298 784 pseudopropheta
3328 715 3381 768 in
3420 714 3574 770 Jere-

1988 799 2166 881 _miam
2192 801 2381 855 eadem
2413 812 2752 872 retorquere,
2783 817 2916 873 ergo
2960 819 3069 859 non
3117 804 3248 860 facit
3290 805 3572 874 iniuriam.

2000 892 2066 946 Et
2087 895 2242 962 quasi
2271 896 2336 950 ad
2365 898 2682 966 prophetam
2714 897 2976 967 loquitur.
3003 897 3118 953 Non
3150 899 3345 964 solum,
3376 898 3572 968 inquit,

1997 998 2099 1052 ego
2131 1000 2249 1039 sum
2280 987 2545 1056 propheta
2581 996 2634 1042 et
2661 997 2736 1054 tu,
2787 987 2882 1042 sed
2914 987 3132 1041 fuerunt
3163 996 3290 1041 ante
3327 998 3378 1042 te
3397 995 3455 1040 et
3487 1003 3574 1040 me

1998 1080 2153 1133 multi
2193 1079 2304 1142 alii,
2339 1093 2567 1148 quarunt
2599 1079 2700 1132 fuit.
2731 1078 2920 1143 Isaias,
2949 1077 3110 1144 Osee,
3135 1077 3272 1143 Joel,
3305 1078 3566 1140 etAmos,

1998 1177 2051 1220 et
2089 1168 2295 1221 eteteri.
2353 1167 2851 1237 Prophetaverunt,
2904 1168 3101 1237 inquit,
3155 1177 3343 1222 contra
3392 1177 3569 1222 terras

2001 1258 2222 1319 tnultas,
2274 1265 2330 1312 et
2379 1273 2544 1327 regna
2594 1273 2700 1311 non
2757 1273 2945 1326 parva,
2980 1261 3074 1313 sed
3123 1273 3338 1325 magna,
3372 1259 3572 1312 bellum

2000 1349 2110 1403 illis
2145 1359 2198 1403 et
2238 1349 2486 1413 adversa,
2513 1359 2568 1404 et
2597 1365 2776 1404 rerum
2809 1352 3052 1406 omnium
3100 1352 3384 1421 penuriam
3438 1367 3578 1403 nun-

1998 1441 2219 1496 tiantes.
2262 1441 2328 1494 Et
2354 1456 2384 1494 e
2415 1442 2696 1496 contrario
2720 1440 2943 1497 fuerunt
2966 1441 3079 1504 alii,
3113 1443 3203 1510 qui
3233 1456 3423 1511 pacem
3453 1441 3576 1510 pol-

1994 1532 2288 1588 licerentur
2315 1542 2368 1587 et
2403 1528 2700 1603 prospera.
2748 1533 3116 1604 Utrorumque
3143 1533 3437 1597 sententia,
3470 1546 3573 1585 non

2003 1624 2318 1680 adulatione
2357 1625 2648 1690 mendacii,
2698 1625 2792 1681 sed
2829 1642 3009 1682 rerum
3041 1628 3193 1681 exitu
3225 1627 3576 1694 comprobata

1999 1727 2100 1771 est.
2137 1716 2250 1770 Sub
2282 1717 2513 1772 aliorum
2554 1733 2686 1787 ergo
2737 1721 2988 1788 exemplo
3038 1719 3106 1774 de
3162 1733 3221 1774 se
3259 1719 3499 1787 loquitur
3524 1728 3577 1772 et

314 1809 364 1851 et
416 1802 935 1870 transiuit/rationem
984 1802 1178 1867 Judw;
1223 1804 1347 1872 quia
1396 1814 1661 1858 conteram
1703 1805 1892 1875 jugum
1928 1793 1967 1846 Β
1996 1809 2230 1872 Anania,
2280 1810 2428 1880 quod
2488 1825 2612 1864 cum
2675 1825 2856 1864 rerum
2917 1812 3040 1865 finis
3098 1810 3404 1872 advenerit,
3451 1819 3577 1862 tunc

315 1893 449 1961 regis
474 1891 786 1963 Babylonis,
816 1894 1052 1957 breviter
1069 1894 1350 1950 Hebraica:
1377 1897 1625 1950 veritatis
1649 1910 1888 1962 sensum,

317 1982 487 2050 magis
520 1997 682 2050 quant
715 1983 878 2037 verba
910 1997 1196 2053 ponentes.
1223 1986 1518 2040 Pollicetur
1535 1997 1717 2042 autem
1744 1989 1891 2042 Ana-

313 2076 457 2140 nias,
496 2075 586 2144 qui
631 2075 924 2144 prophetes
967 2077 988 2107 ³
1032 2087 1159 2132 tunc
1200 2078 1398 2148 populo
1444 2079 1751 2141 videbatur,
1783 2094 1892 2132 non

314 2167 490 2220 solum
529 2180 682 2232 vasa,
708 2167 804 2222 sed
843 2177 895 2221 et
941 2183 1123 2239 regem
1174 2168 1492 2226 Jechoniam
1528 2172 1891 2226 reducendum

308 2273 432 2316 esse
455 2258 791 2325 Jerusalem;
822 2271 878 2316 et
922 2260 1109 2331 jugum
1173 2261 1319 2330 regis
1370 2261 1664 2331 Babylonis
1703 2273 1895 2318 conte-

313 2353 566 2414 raudum,
596 2352 698 2408 hoc
731 2363 834 2416 est,
885 2352 1287 2408 destruendum
1320 2353 1439 2422 ejus
1484 2355 1796 2424 imperium,
1840 2369 1894 2425 et

314 2447 417 2498 hoc
449 2445 681 2499 necdum
733 2445 1004 2514 completo
1038 2444 1282 2500 futurum
1335 2447 1575 2511 biennio,
1611 2457 1669 2502 ut
1708 2449 1891 2518 gaudii

318 2539 786 2608 magnitudinem,
860 2539 1099 2592 vicinum
1170 2551 1381 2608 tempus
1455 2540 1898 2610 repromissionis

315 2641 559 2699 angeret.
877 2623 886 2632 ’

385 2720 565 2791 (Vers.
603 2722 656 2788 5,
684 2721 760 2794 6.)
805 2741 823 2775 t
861 2723 928 2777 Et
991 2722 1132 2777 dixit
1181 2719 1450 2777 Jeremias
1505 2722 1766 2791 propheta
1825 2725 1891 2777 ad

314 2814 580 2869 Ananiam
631 2815 977 2884 prophetam,
1028 2815 1084 2868 in
1130 2815 1304 2870 oculis
1363 2813 1710 2868 sacerdotqu
1757 2816 1890 2869 etin

314 2908 486 2961 oculis
524 2911 702 2962 omnis
737 2909 920 2977 populi
951 2909 1042 2975 qui
1073 2907 1254 2960 stabat
1285 2907 1339 2959 in
1369 2906 1528 2960 domo
1562 2906 1798 2960 Domini.
1832 2906 1894 2961 Et

314 2999 672 3056 aitJeremias
701 3002 963 3070 propheta
992 3016 1006 3054 ε
1058 3001 1256 3066 Amen,
1291 3002 1370 3055 sic
1400 3001 1563 3055 faciat
1611 3000 1890 3053 Donninns.

313 3094 555 3148 Suscitet
593 3093 855 3146 Dominus
909 3095 1073 3148 verba
1126 3102 1213 3146 tua
1270 3107 1387 3161 qua:
1421 3092 1532 3163 [ΑΙ.
1563 3090 1889 3164 additurtu]

315 3188 690 3257 prophetasti;
725 3197 780 3240 nt
810 3185 1115 3242 referantur
1135 3201 1260 3240 vasa
1303 3186 1357 3240 in
1389 3188 1606 3240 douimn
1658 3186 1887 3251 Domini,

310 3292 364 3333 et
391 3281 566 3334 omnis
590 3278 1001 3346 transmigratio
1030 3278 1321 3348 Babylonis
1347 3275 1466 3348 μί.
1495 3279 1560 3331 de
1588 3278 1890 3350 Babylone]

313 3376 379 3424 nd
414 3372 592 3425 locum
627 3372 810 3425 istum.
855 3388 874 3421 ι
907 3367 1070 3436 Optat
1097 3369 1210 3422 ﬁeri
1241 3370 1386 3438 quod
1419 3371 1886 3439 pseudOpwpheta

313 3464 594 3530 mentitur,
642 3463 746 3518 hoc
788 3463 932 3517 enim
983 3461 1253 3531 signiﬁcat
1303 3461 1470 3515 Amen
1511 3476 1532 3516 .°
1571 3477 1680 3530 quo
1728 3462 1892 3515 verbo

314 3573 458 3628 srpe
483 3557 742 3611 Dominus
788 3556 961 3610 utitur
1015 3555 1069 3608 in
1127 3553 1418 3622 Evangelia
1461 3568 1476 3606 :
1514 3571 1703 3619 Amen,
1739 3570 1892 3606 amen

315 3653 434 3705 ilico
457 3652 601 3705 vobis
637 3649 821 3720 (Joan.
849 3665 902 3712 v,
936 3649 1050 3716 l9).
1076 3647 1140 3700 Et
1165 3649 1310 3717 cupit
1333 3663 1430 3711 pro
1460 3661 1638 3700 rerum
1672 3661 1893 3714 prospe-

315 3743 495 3805 ritate,
535 3741 708 3809 magis
737 3740 886 3794 illum
930 3754 1093 3808 quam
1134 3752 1192 3792 se
1244 3751 1373 3792 vera
1410 3737 1616 3791 dicere.
1653 3735 1806 3790 Unde
1835 3747 1892 3790 et

313 3832 452 3887 alius
490 3832 752 3902 prepheta
785 3839 1034 3894 testatur,
1071 3827 1259 3882 dicens
1291 3845 1305 3881 :
1338 3825 1558 3881 Utinam
1589 3843 1690 3880 non
1724 3843 1893 3880 essent

313 3928 391 3981 vir
428 3927 623 3980 [tabem
660 3927 925 3994 spiritum,
975 3933 1023 3978 et
1072 3925 1403 3978 mendacium
1447 3924 1620 3992 potius
1654 3923 1891 3990 loquerer

315 4015 500 4086 (Miclt.
529 4031 586 4081 tt,
631 4017 738 4081 ll).
766 4015 807 4068 Ε
832 4014 1108 4068 contrario
1141 4013 1312 4067 lonas
1342 4014 1699 4067 contristatur
1723 4027 1891 4081 quare

317 4111 583 4166 mentitus
616 4109 709 4172 sit,
746 4118 800 4164 et
831 4110 1077 4177 arguitur
1107 4123 1134 4160 a
1172 4107 1402 4160 Domino
1434 4106 1626 4176 (laute.
1657 4105 1755 4174 tv),
1785 4107 1892 4159 ιιιί-

315 4208 416 4258 l:ns
442 4204 714 4272 propheta:
743 4217 861 4255 esse
898 4200 1259 4262 mendacium,
1289 4215 1450 4268 quam
1498 4209 1685 4254 tantae-
1707 4201 1878 4253 ruime

317 4295 738 4349 multitudinem.
793 4293 873 4346 Ac
931 4309 998 4346 ne
1063 4293 1345 4369 videretur
1406 4291 1891 4360 pseudopropheta:

317 4387 676 4457 comprobare
753 4384 1106 4449 vaticinium,
1171 4385 1273 4438 sub
1350 4383 1580 4437 aliorum
1643 4383 1892 4452 exemplo

317 4483 522 4549 absque
551 4479 744 4547 injuria
794 4476 1108 4532 mentientis
1137 4477 1337 4529 asserit
1371 4477 1676 4528 veritatem.

389 4573 569 4640 (εὐτε.
603 4571 634 4622 ’ζ’
661 4570 842 4638 seqq.)
878 4587 895 4619 ι
936 4569 1317 4623 Verumtamen
1365 4568 1489 4620 audi
1519 4568 1736 4621 verbum
1769 4567 1890 4629 hoc,

316 4670 458 4734 quod
500 4680 600 4732 ego
648 4664 843 4732 loquor
889 4663 940 4714 in
993 4660 1218 4712 auribus
1289 4659 1416 4725 tuis,
1453 4669 1508 4713 et
1558 4659 1612 4712 in
1665 4658 1892 4732 auribus

320 4757 554 4810 universi
583 4755 766 4824 populi
805 4769 819 4805 :
853 4752 1136 4819 PrOpheta:
1180 4751 1273 4820 qui
1314 4751 1531 4804 fuerunt
1567 4760 1692 4804 ante
1731 4765 1813 4802 me
1840 4759 1895 4802 et

321 4859 373 4900 te
401 4849 466 4900 ab
489 4847 664 4910 initio,
693 4853 745 4899 et
777 4848 1240 4912 prophetaverunt
1264 4855 1431 4909 super
1464 4850 1640 4893 terras
1671 4839 1890 4899 multas.

320 4949 372 4992 et
402 4955 566 5008 super
599 4954 758 5008 regna
795 4950 989 5005 magna
1031 4936 1094 4989 de
1137 4933 1343 5004 prarlio,
1389 4943 1442 4988 ct
1480 4933 1546 4987 de
1575 4931 1894 4993 afﬂictione,

320 5045 374 5085 et
415 5034 478 5086 de
529 5029 691 5083 fune.
720 5029 990 5098 PrOpheta
1040 5029 1132 5098 qui
1184 5025 1513 5080 vaticinatus
1549 5034 1892 5093 estpacem,

322 5137 444 5176 cum
475 5121 692 5180 venerit
731 5119 959 5174 verbum
1004 5119 1146 5188 ejus,
1200 5127 1401 5174 scietur
1429 5117 1690 5186 propheta
1729 5130 1889 5184 quem

397 5340 415 5370 ι
460 5337 614 5405 Mss.,
663 5351 788 5394 cum
836 5333 1063 5404 Vulgata
1107 5351 1122 5390 :
1169 5334 1302 5400 Quir
1352 5332 1471 5386 tulit
1533 5331 1893 5386 Nabuchodo-

328 5425 504 5463 ηοδον.
594 5453 596 5456 μ
639 5438 648 5448 ’

398 5482 416 5509 ⁸
461 5479 645 5533 lulem.
681 5477 921 5531 Arrenius
947 5477 1237 5546 prophetes,
1263 5486 1334 5531 .ut
1366 5487 1489 5531 tunc
1529 5473 1722 5544 populo
1753 5473 1896 5527 vide-

327 5552 502 5599 batur.

399 5619 418 5647 ³
463 5619 631 5671 l’cnt-s
675 5619 957 5670 Rabanum
1017 5633 1029 5666 ε
1080 5616 1335 5684 Arguitur
1394 5633 1423 5667 a
1485 5615 1722 5676 Domino,
1761 5615 1896 5682 quod

328 5691 470 5739 ri'ius
525 5691 807 5754 pt’up/Iclitt'
859 5688 985 5741 nolit
1054 5687 1376 5738 mendacium
1439 5702 1536 5736 non
1581 5701 1709 5743 csse,
1741 5701 1896 5751 quam

331 5772 491 5811 untur
526 5759 728 5812 utinam
762 5761 1129 5811 ittttillftttf;tt.5.
1162 5756 1518 5822 lixpendetria
1552 5757 1894 5827 [unoquoque

1996 1897 2395 1968 Prophetarum
2447 1901 2648 1955 veritas
2687 1902 3027 1956 ostendatur.
3065 1900 3177 1956 lloc
3217 1901 3362 1954 idem
3389 1910 3444 1955 et
3472 1899 3577 1952 Do-

1997 1991 2178 2044 minus
2208 1991 2422 2046 locutus
2448 2001 2529 2045 est
2555 2005 2650 2061 per
2679 1989 2922 2061 Moysen,
2958 1991 3101 2060 quod
3141 1990 3406 2059 propheta
3437 1987 3580 2041 vati-

1996 2081 2126 2134 cinii
2158 2082 2262 2135 line
2289 2091 2626 2137 monstretur
2667 2082 2846 2153 (Deut.
2877 2081 3054 2153 χχιιι).
3086 2081 3152 2135 Et
3186 2082 3291 2136 hoc
3328 2078 3580 2134 animad-

1996 2172 2337 2238 vertendum,
2371 2173 2515 2241 quod
2561 2189 2666 2227 non
2709 2173 3019 2239 minaciter,
3063 2187 3168 2228 non
3217 2171 3576 2231 truculenter,

1996 2264 2090 2315 sed
2124 2264 2313 2317 fiducia
2333 2264 2581 2319 veritatis
2613 2266 2859 2335 increpet
2885 2265 3262 2328 mentientem,
3290 2271 3345 2318 et
3367 2262 3580 2316 differat

1996 2355 2049 2407 in
2081 2353 2347 2422 futurum,
2394 2367 2449 2411 ut
2490 2357 2588 2426 qui
2615 2358 2870 2424 audiunt,
2898 2371 3085 2412 rerum
3116 2357 3322 2412 exitum
3353 2361 3580 2424 prazsto-

1997 2445 2198 2501 lentur.

2071 2535 2252 2607 (\‘ers.
2283 2539 2371 2606 io,
2403 2539 2516 2610 ll.)
2553 2557 2572 2592 ι
2604 2539 2670 2594 Ει
2700 2539 2824 2594 tulit
2851 2537 3094 2594 Ananias
3139 2539 3403 2608 prapheta
3431 2551 3585 2593 cate-

1995 2643 2117 2683 nam
2170 2629 2568 2711 (vel‘furcam,
2627 2647 2744 2700 qua:
2797 2629 3062 2683 Hebraice
3113 2631 3310 2683 dicitur
3356 2646 3580 2686 Iuro'ru

2002 2722 2260 2791 (armis),
2313 2723 2379 2778 de
2410 2723 2550 2777 collo
2594 2722 2844 2778 Ieremia:
2881 2725 3179 2792 prophetae,
3212 2732 3266 2776 et
3303 2722 3581 2790 confregit

1994 2827 2139 2868 eam.
2175 2812 2243 2865 Et
2293 2813 2373 2867 ait
2424 2813 2665 2869 Ananias
2709 2814 2762 2868 in
2794 2823 3087 2883 conspectu
3142 2814 3319 2870 omnis
3368 2815 3578 2883 populi,

1995 2902 2184 2956 dicens
2212 2919 2227 2958 :
2253 2901 2376 2958 Haec
2401 2904 2535 2958 dicit
2567 2903 2833 2959 Dominus
2859 2921 2875 2959 :
2911 2904 3003 2959 Sic
3027 2903 3364 2974 confringant
3387 2904 3582 2973 jngum

1996 2993 2502 3050 Nabuchodonosor
2564 2996 2710 3066 regis
2792 2996 3084 3068 Babylonis
3153 2995 3364 3050 duobus
3423 2995 3581 3049 anuis

1999 3087 2205 3139 dierum
2235 3087 2298 3140 de
2326 3087 2469 3142 collo
2495 3088 2736 3142 omnium
2766 3088 3032 3157 gentium.
3061 3087 3127 3142 Et
3153 3088 3282 3142 abiit
3313 3087 3580 3142 Jeremias

1998 3178 2050 3230 in
2085 3178 2223 3232 viam
2249 3194 2404 3231 suam
2447 3177 2636 3250 [ναις.
2663 3179 2810 3233 addit
2839 3178 3149 3251 prOpheta].
3190 3198 3209 3230 ›
3245 3178 3387 3234 Duos
3411 3194 3580 3231 annos

1999 3285 2104 3324 non
2145 3272 2542 3325 transtulerunt
2580 3271 2968 3340 Septuaginta.
3004 3270 3323 3340 Propltetant
3357 3285 3580 3339 quoque

1994 3378 2099 3415 non
2135 3363 2320 3417 dixere
2352 3364 2654 3428 Arsaniam;
2703 3379 2773 3418 ne
2821 3364 3033 3419 scilicet
3082 3363 3397 3433 prophetam
3423 3363 3578 3416 vide-

1995 3461 2185 3506 rentur
2215 3455 2418 3518 dicere,
2477 3454 2572 3524 qui
2621 3453 2882 3523 propheta
2935 3469 3040 3508 non
3075 3463 3196 3509 erat
3232 3467 3251 3506 :
3283 3453 3440 3522 quasi
3469 3468 3578 3505 non

1997 3545 2163 3600 multa
2199 3545 2252 3598 in
2283 3545 2585 3614 Scripturis
2635 3545 2842 3600 sanctis
2873 3547 3148 3609 dicantur,
3179 3545 3330 3613 juxta
3364 3544 3581 3613 opinio-

1995 3651 2116 3690 nem
2151 3636 2294 3690 illius
2327 3635 2612 3706 temporis,
2657 3651 2768 3707 quo
2815 3645 2964 3706 gesta
3019 3635 3352 3702 referuntur,
3384 3645 3437 3689 et
3466 3650 3576 3688 non

1988 3729 2145 3797 juxta
2175 3730 2314 3795 quod
2346 3728 2422 3782 rei
2472 3730 2679 3784 veritas
2727 3729 3064 3784 continebat.
3105 3727 3354 3797 Denique
3393 3737 3446 3781 et
3485 3724 3579 3778 Jo-

1994 3821 2131 3889 seph
2167 3821 2216 3873 in
2262 3817 2559 3889 Evangelia
2601 3831 2759 3889 pater
2797 3819 3012 3872 Domini
3045 3830 3270 3873 vocatur
3316 3834 3330 3870 :
3375 3825 3431 3872 et
3458 3817 3576 3883 ipsa

1996 3911 2185 3975 Maria,
2211 3925 2331 3980 quae
2356 3912 2562 3966 sciebat
2589 3921 2648 3966 se
2677 3912 2746 3965 de
2776 3910 2982 3979 Spiritu
3014 3922 3204 3965 sancto
3231 3910 3575 3975 concepisse,

1993 4014 2052 4058 et
2084 4005 2440 4070 responderat
2497 4003 2691 4072 angelo
2718 4020 2732 4057 :
2759 4003 3035 4066 Quomodo
3090 4003 3189 4055 erit
3235 4002 3401 4066 istud,
3445 4016 3576 4069 quo-

1995 4096 2137 4148 niam
2168 4095 2340 4148 virum
2365 4110 2469 4146 non
2498 4109 2750 4163 cognosco
2781 4091 2890 4165 [AL
2932 4092 3168 4164 cognovi)
3195 4091 3345 4158 (Luc.
3379 4108 3418 4156 ι,
3444 4092 3580 4158 34),?

1994 4189 2238 4257 loquitur
2292 4189 2358 4239 ad
2405 4185 2651 4240 Filium:
2689 4183 2816 4250 Fili,
2855 4186 2980 4254 quid
3043 4185 3212 4254 fecisti
3272 4184 3421 4237 nobis
3458 4185 3580 4235 sic?

1994 4297 2109 4333 ecce
2139 4296 2231 4348 ego
2257 4289 2305 4332 et
2336 4288 2485 4346 pater
2528 4287 2648 4330 tuus
2689 4279 2920 4331 dolentes
2951 4276 3314 4346 qua'rebamus
3351 4287 3398 4329 te
3420 4274 3573 4345 (an.

1999 4387 2059 4433 ιι.
2094 4370 2208 4440 48).
2240 4369 2518 4438 Simulque
2551 4369 2949 4422 consideranda
2982 4369 3269 4438 prudentia
3299 4367 3574 4432 Jeremiac,

1923 4487 1966 4540 ι)
1998 4472 2051 4516 et
2073 4461 2372 4523 humilitas,
2403 4471 2565 4528 atque
2593 4461 2879 4530 patientia.
2913 4459 3392 4528 Pseudopropheta
3415 4458 3576 4513 rebus

1995 4553 2126 4608 facit
2157 4553 2435 4621 injuriam,
2461 4563 2512 4607 et
2535 4563 2809 4621 arreptam
2857 4551 3066 4606 furcam
3105 4554 3174 4606 de
3206 4555 3423 4606 cer-vice
3453 4552 3575 4618 ejus

1995 4645 2250 4708 conterit,
2277 4645 2418 4710 quod
2454 4643 2640 4711 utique
2690 4644 2742 4697 in
2768 4642 2966 4697 .ferrea
3012 4643 3228 4712 1039
3257 4643 3438 4696 facere
3469 4656 3573 4694 non

1997 4748 2226 4809 poterat.
2256 4737 2364 4793 Iste
2387 4745 2548 4800 tacet,
2575 4736 2927 4802 doloremque
2958 4735 3268 4789 dissimulat
3297 4752 3312 4787 :
3342 4735 3572 4787 necdum

1997 4832 2140 4884 enim
2169 4832 2217 4883 ei
2251 4846 2279 4882 a
2308 4831 2535 4884 Domino
2561 4829 2686 4898 quid
2715 4833 3027 4897 loqueretur
3045 4828 3219 4881 fuerat
3243 4826 3572 4888 revelatum:

1999 4931 2058 4973 ut
2091 4924 2253 4975 tacite
2279 4931 2466 4976 sancta
2519 4920 2803 4989 Scriptura
2841 4920 3200 4982 demonstret,
3232 4932 3573 4986 nequaquam

1999 5015 2293 5081 prophetas
2324 5028 2422 5065 suo
2449 5021 2656 5065 tantum
2691 5009 2918 5064 arbitrio
2948 5010 3112 5080 loqui,
3138 5010 3231 5064 sed
3265 5024 3331 5064 ex
3364 5007 3576 5060 Domini

2001 5107 2318 5165 voluntate:
2350 5107 2584 5159 maxime
2635 5104 2702 5166 de
2762 5103 2984 5170 futuris,
3019 5116 3251 5172 quorum
3279 5101 3450 5157 solius
3480 5096 3574 5154 Dei

1999 5329 2268 5383 sententia
2301 5330 2371 5383 sit
2427 5329 2534 5395 his,
2593 5327 2684 5396 qui
2743 5329 2808 5382 de
2870 5328 3108 5383 ollicioso
3155 5325 3436 5381 mendacio
3467 5335 3570 5378 tam

2003 5401 2171 5452 tuulta
2235 5410 2291 5452 et
2352 5399 2499 5452 varia
2556 5399 2835 5466 disputant
2896 5399 2948 5451 in
3012 5407 3300 5464 utramque
3341 5407 3568 5464 partem.

2001 5470 2114 5523 Nec
2146 5469 2535 5523 dissitnnlarim
2571 5469 2699 5520 illud
2731 5467 2788 5520 S.
2816 5468 3003 5520 Hilarii
3032 5469 3084 5518 in
3115 5469 3247 5532 psal.
3282 5481 3392 5527 xtv,
3425 5481 3567 5516 nutu.

2004 5543 2058 5592 ll
2095 5552 2107 5590 :
2149 5556 2166 5587 ι
2208 5539 2266 5590 ΕΙ
2299 5554 2686 5607 nonnunquam
2719 5538 2924 5590 falsitas
2951 5538 3116 5601 utilis,
3160 5551 3281 5588 Cum
3322 5544 3416 5607 aut
3449 5550 3568 5601 per-

2004 5625 2224 5661 cussnrn
2267 5607 2334 5660 de
2373 5604 2572 5660 latente
2609 5608 2920 5668 mcntitnnr,
2949 5618 3041 5658 aut
3079 5604 3447 5660 testimonium
3481 5617 3570 5668 pro

2005 5678 2349 5741 periclitante
2375 5678 2722 5742 frustrantur,
2755 5687 2848 5732 aut
2889 5677 3128 5732 fallimus
3164 5678 3230 5732 de
3261 5673 3571 5735 tlillicutlatc

2003 5750 2298 5803 curationis
2338 5759 2616 5818 argrotum.
2657 5765 2676 5798 ι
