4004 6182
276 404 384 467 889

740 405 1240 470 COMMENTAR.
1283 408 1364 469 IN
1403 409 1801 476 JEREMIAM
1836 408 1840 470 Ι

1945 409 2294 472 DPIIETAM
2348 412 2496 475 LIB.
2545 414 2616 481 V,
2654 408 2813 470 CAP.
2851 405 3070 467 XXIX.

3415 399 3524 462 890

264 523 460 578 notitia
485 531 588 577 est.
612 523 780 588 Abiit,
815 527 1009 595 inquit,
1042 536 1096 580 et
1139 528 1363 582 recessit
1408 529 1460 582 in
1496 522 1638 583 viam
1664 543 1840 592 suam,
1874 533 1918 589 Α
1951 528 2140 601 [Vulg.
2173 527 2350 602 illum]
2392 531 2446 585 in
2497 529 2802 586 mendacio.
2845 527 3056 584 Idcirco
3106 525 3222 579 hate
3252 522 3385 578 dicit
3409 524 3517 578 Do-

265 615 419 679 qnasi
457 614 648 676 victus,
678 625 732 668 et
760 615 893 668 illud
932 615 1562 692 implens‘proplteticum
1597 630 1616 670 τ
1645 618 1836 672 Factus

263 723 382 758 sum
412 708 564 774 quasi
603 708 756 760 homo
795 725 896 762 non
935 710 1177 776 audiens,
1207 723 1254 765 et
1288 729 1390 766 non
1423 713 1623 767 habens
1666 714 1718 767 in
1750 729 1841 766 ore

261 812 360 849 suo
392 797 792 864 iucrepationes.

333 886 518 958 (Vers.
546 889 583 941 2
619 893 804 958 seqq.)
841 910 858 942 ι
904 891 970 945 Et
1001 893 1200 948 factum
1243 906 1325 950 est
1361 898 1587 952 verbum
1623 898 1834 951 Domini

259 982 328 1034 ad
369 981 685 1046 Jercmiam,
731 995 1018 1052 poStquam
1087 985 1358 1054 confregit
1411 988 1653 1044 Ananias
1707 1005 1836 1058 pro.

261 1075 426 1143 pheta
461 1083 706 1130 catenam
739 1077 838 1139 (vel
865 1077 1094 1148 furcam)
1133 1079 1201 1133 de
1244 1079 1385 1134 collo
1427 1079 1676 1136 Jeremize
1715 1097 1839 1150 pro-

259 1165 438 1232 pheta:
489 1165 716 1220 dicens:
747 1166 915 1231 Vade,
963 1178 1016 1221 et
1066 1168 1218 1224 dices
1270 1170 1514 1234 Ananiae,
1547 1169 1671 1224 llaac
1707 1171 1839 1224 dicit

263 1256 565 1310 Dominus:
593 1257 828 1312 Catenas
860 1259 961 1328 (vet
1003 1257 1207 1322 furcas)
1251 1262 1456 1331 ligneas
1497 1263 1833 1326 contrivisti,

260 1361 317 1402 et
349 1349 512 1404 facies
535 1350 662 1418 (sire
683 1349 900 1415 faciam)
964 1367 1062 1420 pro
1086 1353 1167 1407 eis
1198 1353 1377 1408 furcas
1404 1353 1610 1407 lerreas
1633 1354 1671 1406 ¹.
1699 1354 1836 1420 Quia

264 1441 380 1494 haec
414 1441 548 1495 dicit
580 1442 845 1497 Dominus
864 1445 1201 1498 exercituum
1221 1445 1365 1498 Deus
1404 1445 1567 1500 Israel
1601 1445 1834 1517 :Jugum

262 1531 501 1586 ferreum
555 1533 713 1602 posui
760 1550 926 1602 super
975 1535 1176 1590 collum
1227 1547 1544 1591 cunctarum
1594 1540 1834 1606 gentium

259 1625 512 1688 istarum,
550 1637 607 1678 ut
637 1627 881 1679 serviant
910 1625 1417 1686 Nahuchodoaasor
1456 1632 1570 1702 regi
1611 1632 1837 1701 Babylo-

261 1717 403 1771 nis.»
438 1717 702 1786 Quodque
723 1720 971 1789 sequitur
1001 1737 1016 1774 :
1051 1721 1119 1775 Et
1143 1723 1364 1776 servient
1395 1725 1443 1778 ei
1472 1726 1516 1790 ³,
1547 1725 1760 1792 insuper
1787 1735 1838 1780 et

260 1806 454 1858 bestias
481 1816 638 1861 terra:
671 1808 792 1862 dedi
822 1808 926 1873 illi,
961 1810 1012 1864 in
1058 1810 1411 1882 Septuaginta
1442 1831 1546 1869 non
1579 1815 1826 1870 habetur.

263 1895 331 1948 Et
354 1895 405 1947 in
437 1899 691 1964 pra-senti
722 1898 864 1962 loco,
886 1899 1042 1969 juxta
1082 1901 1250 1968 LXX,
1309 1903 1547 1960 Ananias
1571 1908 1828 1974 prepheta

258 2002 368 2039 non
418 1988 699 2052 scribitur,
757 2001 811 2045 et
870 1993 921 2045 iu
973 1996 1456 2063 consequentibus,
1504 2013 1572 2051 ne
1629 1998 1837 2051 scilicet

259 2078 347 2129 (ut
375 2076 525 2146 prius
548 2080 680 2148 dixi)
718 2082 1242 2152 pseudoprophetam
1284 2086 1557 2154 appellare
1587 2088 1840 2140 videreu-

262 2177 352 2220 tur
380 2170 718 2237 prophetam.
747 2173 851 2227 Sed
875 2175 1005 2242 quid
1029 2177 1094 2228 ad
1122 2175 1438 2231 llebraicam
1467 2179 1748 2232 veritatem
1779 2180 1841 2238 ',?

261 2270 546 2328 postquam
585 2265 719 2318 abiit
767 2263 1034 2322 Jeremias
1067 2270 1359 2339 prophetes
1392 2271 1444 2324 in
1472 2272 1638 2335 viam,
1674 2282 1727 2325 et
1761 2273 1840 2325 iu~

253 2351 462 2418 juriam
486 2355 704 2410 silentio
736 2359 1038 2424 devoravit,
1091 2361 1264 2415 factus
1307 2371 1386 2416 est
1416 2377 1597 2418 sermo
1630 2365 1838 2418 Domini

259 2445 328 2497 ad
355 2461 503 2509 eum,
529 2457 588 2501 nt
617 2464 722 2504 non
743 2452 858 2507 suis
897 2453 1075 2506 verbis
1117 2455 1378 2522 propheta
1415 2455 1727 2525 loqueretur
1771 2457 1838 2511 ad

261 2537 796 2608 pseudOprophetam
851 2545 1134 2598 mendacio
1175 2545 1531 2614 gloriantem;
1577 2547 1671 2601 sed
1701 2548 1842 2601 dicc-

260 2638 340 2682 ret
375 2627 547 2683 :Iltec
609 2632 753 2684 dicit-
801 2633 1051 2688 Dominus
1080 2653 1099 2689 :
1126 2652 1432 2706 quanquam
1480 2646 1536 2692 et
1599 2639 1842 2694 Auanias

259 2721 612 2790 cont‘ringeus
661 2722 869 2778 furcam
915 2725 1150 2796 ligneam
1186 2731 1375 2782 eadem
1429 2731 1754 2784 auctoritate
1787 2731 1841 2784 in

258 2827 552 2884 conspectu
584 2817 794 2874 Domini
821 2821 892 2876 sit
925 2821 1137 2875 locutus
1177 2836 1190 2874 :
1230 2822 1354 2876 Ilwc
1394 2823 1520 2899 dicit
1563 2823 1841 2876 Dominus.

259 2909 516 2962 imitatur
591 2911 735 2965 enim
817 2927 1030 2980 semper
1125 2914 1474 2968 mendacium
1534 2916 1842 2970 veritatem.

259 2999 526 3070 Quodque
551 3001 767 3056 intulit:
801 3002 1010 3057 Furcas
1036 3005 1233 3074 ligneas
1262 3007 1576 3072 contrivisti,
1603 3015 1652 3060 et
1681 3007 1844 3075 [acies

263 3093 404 3162 (sive
443 3094 658 3165 faciam)
696 3095 802 3168 [AL
857 3097 1050 3168 fecisti]
1132 3113 1226 3166 pro
1271 3100 1345 3152 eis
1381 3107 1592 3152 catenas
1622 3099 1843 3167 ferreas,

1941 624 2121 677 minus
2153 622 2334 678 :Ecce
2357 623 2567 678 mittam
2597 623 2726 693 (sive
2763 620 3000 691 eiiciam)
3038 630 3088 675 te
3117 633 3144 671 a
3171 616 3310 671 facie
3336 624 3518 675 terrae,

1939 713 2042 768 hoc
2091 729 2234 768 anno
2287 714 2557 768 morieris.
2618 731 2639 764 ι
2682 712 2945 784 Quodque
3004 709 3255 780 sequitur
3303 722 3318 762 :
3376 706 3514 772 Quia

1942 805 2223 859 adversum
2253 805 2538 858 Dominum
2571 804 2777 858 locutus
2797 821 2870 858 es.
2895 803 2975 856 Et
2997 812 3236 856 mortuus
3266 809 3344 853 est
3373 801 3516 851 Ana-
3588 862 3596 869 ε

1939 897 2057 950 nias
2116 900 2370 966 propheta
2417 899 2471 950 in
2519 915 2661 952 anno
2695 899 2812 960 illo,
2874 898 2932 949 in
2972 911 3144 948 meme
3193 895 3432 960 septimo,
3467 893 3518 944 in

1943 987 2292 1058 Septuaginta
2329 1005 2434 1044 non
2485 990 2741 1044 habetur.
2785 989 2891 1043 Pro
2919 1001 3031 1056 quo
3077 995 3288 1040 tantum
3324 998 3517 1054 posue-

1943 1095 2071 1138 runt
2102 1099 2117 1138 :
2152 1084 2221 1138 Et
2255 1095 2496 1138 mortuus
2527 1095 2603 1138 est
2632 1099 2806 1137 mense
2836 1083 3078 1150 septimo.
3100 1077 3166 1132 Et
3194 1079 3278 1131 hic
3303 1077 3354 1130 in
3380 1074 3516 1130 LXX

1938 1176 2181 1230 Auanias
2210 1177 2470 1245 propheta
2525 1193 2631 1230 non
2672 1176 2894 1240 dicitur,
2927 1188 3049 1228 cum
3081 1172 3378 1226 secundum
3413 1167 3515 1222 lle-

1939 1269 2180 1322 braicum
2225 1267 2507 1336 Scriptura
2559 1279 2750 1322 sancta
2811 1266 3132 1336 prophetam
3185 1273 3357 1329 vocet,
3392 1264 3515 1319 licet

1939 1360 1992 1413 in
2027 1375 2092 1414 eo
2124 1360 2268 1430 quod
2302 1361 2478 1428 arguit
2511 1359 2563 1414 in
2589 1375 2710 1413 eum
2745 1358 3012 1413 Jeremias
3058 1357 3244 1410 dicens
3284 1371 3303 1410 :
3349 1357 3512 1417 Audi.

1946 1452 2180 1517 Anania,
2202 1468 2304 1505 non
2337 1453 2482 1506 misit
2512 1462 2560 1504 te
2596 1450 2875 1514 Dominus,
2905 1449 3224 1519 prophetam
3259 1448 3512 1502 tacuerit.

1938 1535 2397 1610 Quomodo’enim
2432 1543 2752 1611 prophetam
2782 1551 2992 1610 poterat
3025 1541 3317 1610 appellare,
3351 1556 3512 1609 quem

1939 1639 2165 1693 missqu
2197 1652 2227 1690 a
2257 1636 2488 1690 Domino
2517 1636 2860 1704 denegabat?
2895 1634 2999 1688 Sed
3044 1635 3283 1689 ltiSlOl‘l:B
3315 1633 3514 1686 veritas

1939 1736 1991 1780 et
2048 1727 2185 1780 ordo
2240 1737 2516 1785 servatur,
2579 1725 2725 1778 sicut
2778 1725 3153 1793 prtediximus,
3213 1737 3318 1775 non
3357 1722 3510 1790 juxta

1941 1817 1992 1870 id
2019 1816 2161 1885 quod
2199 1825 2336 1880 erat,
2369 1813 2465 1870 sed
2495 1814 2649 1884 juxta
2692 1815 2743 1868 id
2777 1815 2916 1882 quod
2955 1813 3046 1866 illo
3080 1823 3321 1879 tempore
3353 1821 3502 1880 puta-

1941 1912 2119 1962 batur.
2147 1907 2436 1976 Deccpisti,
2477 1907 2672 1974 inquit,
2703 1906 2960 1974 populum
2995 1903 3297 1969 mendacio,
3323 1918 3391 1957 ne
3420 1902 3512 1956 Dei

1939 1999 2221 2054 sententiae
2281 1999 2678 2067 acquiesceret.
2735 1995 2887 2052 Unde
2938 1996 3082 2050 scias
3147 2004 3198 2049 te
3239 1995 3344 2048 hoc
3371 2009 3514 2048 anno

1909 2159 1912 2161 Α
1940 2105 2060 2144 esse
2090 2089 2431 2142 moriturum.
2471 2089 2528 2143 Si
2557 2088 2777 2158 quando
2796 2088 3086 2151 morimur,
3113 2087 3179 2140 de
3209 2086 3517 2141 carceribus

1941 2195 2230 2250 corporqu
2261 2181 2577 2244 libet-amor,
2613 2185 2912 2235 secundum
2949 2179 3078 2233 illati
3120 2179 3516 2240 testimonium,

1943 2272 2086 2341 quod
2122 2270 2262 2325 male
2311 2272 2740 2340 interpretantur
2803 2269 3045 2324 haeretici
3080 2287 3093 2322 :
3134 2267 3284 2321 Educ
3313 2267 3377 2320 de
3401 2283 3518 2318 car-

1943 2378 2056 2416 cere
2084 2362 2321 2414 animum
2348 2377 2514 2414 meam
2553 2359 2724 2430 (Psal.
2759 2373 2905 2424 cxu,
2933 2361 2986 2427 8)
3028 2375 3042 2414 :
3075 2360 3348 2427 quomodo
3379 2373 3519 2408 num:

1944 2451 2430 2520 pscudoprophctze
2461 2466 2555 2519 pro
2591 2450 2860 2519 supplicio
2890 2463 3038 2502 mors
3071 2435 3386 2518 irrogatur?
3413 2446 3518 2499 Sed

1945 2547 2046 2599 hoc
2098 2543 2215 2596 loco
2274 2545 2572 2599 notandum
2634 2544 2779 2612 quod
2837 2540 3515 2608 Jeremiasapsemmpro-

1945 2639 2105 2707 pheta
2132 2655 2324 2710 passus
2354 2637 2632 2705 iniuriam,
2667 2634 2895 2689 necdum
2923 2633 2989 2686 ad
3022 2649 3078 2686 se
3103 2630 3245 2685 facto
3268 2643 3520 2684 sermone

1950 2729 2181 2797 Doniini,
2217 2733 2375 2796 silet;
2438 2739 2627 2799 postea
2675 2742 2812 2782 vero
2866 2727 3118 2781 missusa
3157 2723 3384 2778 Domino
3416 2737 3515 2773 au-

1945 2828 2136 2879 dacter
2169 2823 2348 2894 arguit
2390 2822 2762 2886 mentientem,
2788 2829 2842 2875 et
2884 2829 3115 2874 mortem
3161 2817 3518 2886 propinquam

1951 2919 2187 2971 nuntiat.
2221 2916 2484 2984 Quodque
2528 2914 2581 2968 in
2627 2927 2818 2966 mcnse
2871 2911 3104 2980 septimo
3136 2917 3381 2962 mottuns
3414 2918 3522 2970 est,

1947 3010 2036 3078 qui
2069 3023 2282 3075 semper
2334 3006 2682 3074 interpretari
2747 3004 2949 3067 solent,
2999 3003 3240 3068 requiem
3283 3002 3381 3054 sub
3419 3000 3523 3052 hoc

1948 3116 2174 3155 numero
2215 3097 2608 3162 demonstrari,
2661 3095 2892 3150 forsitan
2945 3110 3071 3150 eum
3107 3094 3310 3147 idcirco
3339 3108 3526 3147 ntensc

265 3187 371 3240 hoc
400 3190 659 3254 ostendit,
697 3193 840 3258 quod
883 3192 1150 3245 minorem
1183 3207 1419 3246 renuens
1448 3207 1688 3261 prunam,
1727 3207 1843 3246 ma—
1872 3200 1913 3257 c
1947 3194 2180 3261 septimo
2215 3201 2485 3247 mortmnn
2522 3189 2875 3252 meutieutur,
2912 3195 2971 3241 ut
3020 3187 3086 3240 de
3137 3184 3291 3238 inalis
3325 3198 3520 3252 corpo-

252 3277 395 3346 joris
418 3279 669 3348 supplicii
709 3296 870 3334 causa
902 3280 1066 3336 fuerit
1094 3283 1144 3336 in
1178 3282 1397 3351 populo.
1429 3281 1636 3337 Delirat
1682 3290 1736 3336 et
1783 3283 1836 3338 in

259 3370 367 3424 hoc
394 3370 515 3425 loco
556 3373 882 3441 allegoricus
934 3373 1225 3443 interpres,
1289 3373 1472 3430 furcas
1521 3384 1575 3428 et
1617 3385 1840 3430 catenas

258 3463 472 3531 ligneas
500 3466 730 3518 aetherea
763 3467 1044 3534 appellans
1079 3478 1132 3520 et
1165 3481 1328 3520 aerea
1358 3481 1614 3535 corpora,
1644 3469 1841 3522 daemo-

259 3571 395 3608 num
429 3555 707 3619 videlicet,
740 3565 794 3610 et
833 3558 1271 3611 adversariorum
1305 3566 1658 3628 potestatum.
1701 3557 1840 3612 Fur-

257 3662 357 3701 cas
388 3657 594 3712 autem,
641 3649 756 3702 sive
812 3658 1034 3703 catenas
1082 3647 1314 3713 ferreas,
1380 3661 1567 3704 nostra
1615 3666 1838 3720 corpora

257 3741 553 3806 crassiora,
575 3755 695 3809 quae
716 3739 892 3796 nervis
911 3750 962 3794 et
985 3741 1225 3807 ossibus,
1249 3742 1524 3808 carnibus,
1544 3743 1805 3811 venisque
1823 3744 1844 3774 ⁸

257 3843 516 3889 contexta
573 3834 702 3900 sint,
757 3843 816 3887 ut
859 3833 948 3902 qui
997 3833 1291 3888 uoluerint
1337 3834 1404 3889 de
1441 3835 1648 3889 ccclcsti
1684 3833 1844 3890 .lcru-

258 3925 433 3979 salem
485 3939 588 3995 pro
625 3925 891 3995 qualitate
933 3926 1160 3994 peccati,
1209 3927 1446 3980 minores
1497 3925 1682 3980 subire
1723 3941 1846 3979 cru-

260 4018 463 4083 ciatus,
495 4019 551 4072 in
608 4029 834 4073 catenas
889 4028 1200 4073 nostrorum
1254 4033 1548 4086 corporum
1583 4019 1841 4072 condem-

260 4117 497 4174 nentur;
555 4121 610 4163 et
659 4109 902 4186 infantia:
967 4111 1214 4179 vagitus',
1252 4125 1554 4176 pannorum
1631 4109 1846 4180 1040

264 4202 486 4256 vincula
516 4202 818 4272 sordesqne
859 4205 1197 4268 sustineant;
1229 4212 1282 4256 et
1337 4203 1578 4257 serviant
1605 4203 1841 4268 diabolo,

263 4291 376 4360 regi
416 4290 730 4362 Babylonis,
761 4293 812 4346 id
847 4301 947 4352 est,
1001 4294 1188 4345 mundi
1239 4287 1418 4360 hujus,
1455 4293 1670 4346 dicente
1698 4292 1846 4346 Scri-

264 4394 423 4449 ptura
445 4400 461 4436 :
482 4381 714 4436 Mundus
736 4384 788 4435 in
814 4384 1046 4451 maligno
1071 4385 1270 4450 positus
1301 4393 1376 4435 cst
1403 4383 1456 4451 (1
1477 4383 1633 4438 Joan.
1653 4398 1706 4446 v,
1733 4384 1843 4452 19),

262 4491 394 4530 cum
424 4475 615 4529 bestiis
647 4485 826 4539 terras,
864 4491 983 4544 quc
1041 4476 1093 4527 in
1154 4476 1437 4529 brutorum
1481 4476 1842 4530 animantium

1943 3287 2018 3340 ris
2053 3285 2399 3341 liberaretur.
2427 3282 2577 3349 juxta
2612 3281 2741 3335 illud
2767 3279 2908 3349 quod
2936 3281 3199 3348 scriptmn
3235 3277 3516 3347 proferunt

1945 3375 2056 3449 [ΑΙ.
2093 3373 2387 3446 profertur]
2421 3374 2600 3431 :Mors
2651 3373 2762 3425 uiro
2808 3372 3028 3439 requies.
3069 3370 3175 3425 Nos
3209 3379 3390 3424 autem
3429 3384 3525 3422 uo-

1944 3471 2123 3524 vlmus
2180 3481 2410 3536 corpora
2475 3463 2813 3520 credentium
2879 3462 3077 3530 templa
3136 3476 3256 3515 esse
3308 3461 3426 3524 Dei,
3476 3464 3519 3512 si

1947 3573 2126 3617 tamen
2188 3563 2428 3632 Spiritus
2494 3567 2718 3615 sanctus
2781 3556 2994 3613 habitat
3052 3557 3104 3610 in
3167 3555 3276 3610 illis
3326 3555 3519 3626 (lt‘ccli.

1947 3670 2081 3718 xxu,
2110 3655 2222 3715 ll).

2018 3746 2174 3815 (cap.
2210 3744 2402 3799 XXIX.
2427 3776 2496 3785 —
2520 3745 2720 3800 Vers.t
2764 3757 2918 3811 seqq.
2947 3745 2970 3811 )
3007 3739 3216 3810 1041
3256 3757 3275 3791 ι
3306 3737 3372 3792 Et
3405 3738 3519 3792 lucc

1946 3847 2073 3894 sunt
2098 3839 2258 3892 verba
2295 3837 2444 3900 libri,
2475 3852 2638 3905 quem
2679 3835 2823 3890 misit
2847 3833 3112 3888 Jeremias
3149 3831 3410 3900 propheta
3453 3834 3520 3884 de

1945 3931 2358 3994 Jerusalem,ad
2391 3930 2650 4000 reliquias
2677 3929 2962 3984 seniorum
2998 3924 3522 3994 transmigrationis,

1946 4035 2001 4080 et
2033 4025 2099 4079 ad
2128 4023 2460 4087 sacerdotes,
2484 4033 2539 4076 et
2563 4023 2630 4075 ad
2655 4023 2970 4091 prophetas,
2996 4029 3050 4073 et
3083 4020 3147 4070 ad
3180 4033 3393 4072 onmem
3429 4033 3521 4085 po-

1947 4119 2155 4189 pulum,
2189 4130 2348 4185 quem
2384 4117 2703 4170 traduxerat
2737 4113 3240 4167 Nabuchodonosor
3273 4112 3337 4163 de
3366 4109 3521 4164 Jeru-

1946 4211 2113 4264 salem
2145 4210 2198 4262 in
2225 4208 2583 4278 Babylonem,
2619 4217 2900 4276 postquam
2935 4218 3187 4272 egressus
3210 4211 3290 4256 est
3321 4200 3521 4255 Jecho-

1947 4302 2065 4355 nias
2108 4317 2224 4364 rex,
2268 4311 2321 4354 et
2358 4299 2574 4354 domina
2639 4299 2766 4368 (sive
2824 4297 3030 4366 regina)
3067 4306 3122 4350 et
3167 4295 3427 4359 eunuchi,
3469 4305 3522 4346 et

1950 4392 2221 4460 principes
2251 4389 2403 4444 Juda:
2465 4399 2520 4443 et
2583 4387 2885 4442 Jerusalem
2949 4387 3096 4455 (sive
3125 4384 3437 4454 optimates)
3470 4394 3524 4438 et

1948 4483 2183 4537 artifices
2220 4481 2239 4552 [
2271 4479 2428 4548 Vulg.
2449 4488 2507 4532 et
2541 4478 2696 4532 faber
2723 4489 2775 4532 et
2808 4477 3090 4549 inclusor]
3129 4477 3194 4531 de
3213 4475 3518 4531 Jerusalem

261 4583 499 4636 corpora
534 4568 640 4622 sint
699 4569 940 4633 religatae
992 4567 1104 4636 (ΑΙ.
1156 4565 1424 4636 religata).
1453 4566 1728 4634 Compulit
1761 4581 1845 4619 me
1872 4561 1924 4620 Ι)
1953 4577 2006 4630 in
2035 4590 2194 4627 manu
2216 4571 2516 4625 Elassa'ﬁlii
2539 4571 2782 4637 Saphan.
2807 4580 2861 4623 et
2885 4567 3150 4623 Gamariaa
3169 4566 3261 4620 lilii
3288 4566 3522 4620 llclchiac

262 4668 529 4714 tractator
579 4659 853 4721 indoctus,
919 4666 973 4711 et
1033 4668 1277 4711 sectator
1329 4657 1616 4711 calumnia:
1664 4656 1846 4710 Grun-

265 4754 468 4817 niauaa,
500 4762 686 4821 aperte
721 4766 922 4820 ponere
958 4750 1133 4803 aliena
1185 4751 1335 4814 vitia,
1373 4765 1496 4816 qua:
1529 4749 1680 4818 prius
1718 4765 1843 4802 cum

263 4843 703 4900 dissimulatione
755 4842 1031 4910 dicebam,
1089 4842 1312 4898 lectoris
1357 4841 1656 4911 prudentia:
1689 4844 1870 4896 dere-

264 4939 298 4990 Ii
309 4951 542 4992 nunens.

337 4955 362 4991 ι(
386 4954 488 4990 neu
526 4975 542 4990 .

337 4954 521 5098 (lVer:
562 5029 596 5085 5
621 5029 802 5099 seqq.)
845 5047 862 5079 ι
896 5028 962 5081 Et
1007 5026 1145 5082 dixit
1185 5025 1451 5081 Jeremias
1491 5027 1753 5095 propheta
1780 5026 1845 5079 ad

265 5124 534 5174 Attattiatn
565 5123 881 5191 pl'OpItClam
917 5120 1122 5182 :Attdi,
1165 5119 1372 5172 Anania
1410 5137 1426 5175 :
1460 5133 1570 5173 non
1614 5121 1762 5173 misit
1797 5129 1846 5174 te

263 5215 556 5278 Dominus,
615 5221 670 5267 et
732 5223 787 5267 tu
847 5213 1127 5267 conlidere
1175 5209 1354 5266 fecisti
1391 5213 1648 5281 populum
1683 5213 1842 5268 istum

346 5354 360 5383 ¹
403 5351 611 5404 Victor.
645 5367 740 5416 pro
773 5355 846 5404 eis
873 5361 1087 5405 catenas
1128 5348 1233 5419 (vel
1274 5349 1474 5417 furcas)
1509 5351 1708 5419 ferreus
1735 5365 1754 5413 ;
1777 5363 1843 5402 ex

265 5423 539 5475 llebraico
579 5422 787 5475 scilicet
838 5421 1045 5474 addens
1078 5417 1312 5479 catenas,
1347 5429 1400 5474 et
1421 5435 1544 5488 qua:
1577 5417 1712 5471 LXX
1762 5429 1844 5472 est

264 5492 650 5558 interpretatio
673 5492 874 5558 furcas,
918 5489 1233 5558 parenthesi
1258 5489 1324 5542 de
1353 5505 1502 5543 more
1538 5489 1842 5558 includens.

345 5567 364 5595 ³
407 5556 484 5613 Ad
522 5556 858 5614 mssftidcm
896 5556 1198 5613 amovimus
1226 5557 1348 5612 hinc
1372 5570 1640 5625 postrema
1679 5556 1840 5620 hujus

267 5633 526 5686 versiculi
557 5633 739 5693 verba,
766 5644 814 5683 ct
846 5633 1066 5683 servient
1099 5632 1165 5692 ci,
1194 5638 1327 5691 ctc.,
1361 5643 1480 5694 qua:
1502 5627 1682 5682 statim
1709 5645 1840 5679 con-

265 5702 504 5752 rlttltitll’l
566 5705 632 5753 ad
675 5702 882 5769 reliqua
934 5716 1096 5754 sensu
1153 5703 1342 5764 habes,
1386 5699 1695 5767 frustraque
1727 5707 1846 5750 crat

266 5777 357 5824 trs
393 5780 652 5836 repetere.

346 5840 367 5873 ³
408 5840 482 5895 lix
519 5840 788 5894 Brixianis
823 5841 1100 5896 codicibus
1154 5841 1282 5909 legit
1320 5839 1609 5906 Victorius,
1642 5837 1677 5892 S
1708 5855 1840 5908 quu-

1950 4679 2087 4735 quos
2144 4664 2290 4716 misit
2321 4661 2580 4716 Sedecias
2613 4675 2708 4714 rex
2735 4658 2874 4713 Juda
2916 4659 2983 4712 ad
3020 4657 3522 4712 Nabuchodonosor

1952 4769 2133 4824 regem
2163 4753 2476 4824 Babylonis,
2509 4753 2560 4806 in
2586 4751 2940 4822 Babylonem,
2975 4751 3160 4804 dicens
3190 4765 3206 4800 :
3240 4747 3362 4800 Haec
3392 4746 3528 4802 dicit

1949 4845 2208 4899 Dominus
2238 4843 2607 4906 exercituum,
2657 4841 2798 4895 Deus
2833 4839 3020 4903 Israel,
3076 4839 3226 4892 omni
3260 4840 3521 4890 transmi-

1949 4936 2209 5003 grationi,
2238 4950 2400 5004 quam
2447 4934 2730 4990 transtulit
2761 4932 2829 4986 de
2876 4931 3176 4986 Jerusalem
3211 4929 3265 4983 in
3292 4927 3522 4996 Babylo-

1949 5043 2071 5082 nem
2115 5045 2130 5080 :
2173 5026 2464 5082 [Edilicatc
2493 5027 2684 5079 domos
2741 5033 2795 5078 et
2859 5023 3122 5084 hahitatc,
3183 5031 3238 5074 et
3285 5021 3524 5090 plantate

1951 5121 2140 5174 hortos
2175 5120 2196 5150 ⁸
2224 5121 2242 5190 (
2269 5121 2375 5173 sive
2417 5113 2726 5187 pomaria,)
2765 5124 2819 5170 et
2862 5115 3132 5169 comedite
3162 5113 3396 5167 fructum
3428 5128 3519 5166 eo-

1949 5229 2092 5268 rum.
2128 5214 2372 5281 Accipite
2425 5226 2646 5278 uxores,
2677 5220 2730 5265 et
2778 5215 3036 5278 generate
3085 5206 3225 5260 ﬁlios
3256 5217 3310 5262 et
3338 5206 3524 5271 tilias;

1951 5365 2072 5402 mur
2137 5346 2456 5401 Hebraicam
2509 5346 2818 5410 veritatem,
2883 5343 3070 5412 sicque
3136 5342 3522 5399 restituendam

1951 5419 2238 5473 lectionem
2267 5431 2330 5470 ex
2360 5426 2641 5469 contextus
2675 5417 2816 5468 serie
2847 5414 3149 5469 contendit.

2021 5489 2041 5519 ‘
2089 5487 2292 5540 Vitiosc
2323 5498 2499 5552 antea,
2539 5487 2714 5538 carnis
2753 5484 3017 5546 venisque.

2020 5560 2040 5589 ⁸
2077 5559 2166 5610 Sic
2198 5557 2361 5610 habet
2400 5557 2574 5608 Vatic.
2607 5571 2734 5617 ms.,
2759 5557 2944 5622 sicque
2977 5555 3105 5605 olim
3137 5551 3403 5606 Victorius
3437 5569 3516 5606 re-

1948 5632 2126 5682 stituit
2153 5637 2224 5688 et,
2270 5643 2365 5694 pro
2395 5628 2524 5686 sive,
2554 5628 2698 5692 quod
2739 5640 3021 5692 perperam
3049 5623 3200 5692 juxta
3227 5622 3517 5694 Erasmum

1950 5701 2174 5754 retinuit
2237 5697 2600 5756 Mat'tiautctts,
2654 5695 2966 5763 lltcronynti
3021 5695 3254 5746 vet‘siotii
3291 5693 3523 5750 verbum

1949 5771 2291 5840 pt‘xcipiens,
2354 5776 2409 5820 ut
2452 5764 2962 5837 Stptuagintavuali
2991 5763 3311 5818 ascriberet.
