4004 6182
447 403 549 470 831

1651 402 1710 462 S.
1753 400 2064 463 EUSEBII
2108 398 2548 460 IIIEBONYMI

3601 401 3712 464 832

452 515 581 569 date
611 511 737 570 ﬁliis
758 509 955 565 vesttis
989 525 1208 576 uxores,
1241 518 1294 566 et
1327 511 1464 566 ﬁlias
1487 520 1698 568 vestras
1716 511 1841 567 date
1863 513 2021 576 viris,
2056 514 2101 570 Α
2128 509 2420 578 Apostolus
2444 525 2457 562 :
2487 507 3086 580 Tradidihujuscemodi
3113 509 3333 567 Satame
3356 512 3409 566 in
3433 515 3708 590 interitum

453 614 509 659 et
538 603 755 675 pariant
788 603 927 658 ﬁlios
970 613 1025 658 et
1056 603 1215 667 ﬁlias,
1245 613 1302 658 et
1352 603 1789 673 multiplicemini
1819 603 1836 676 [
1866 604 2022 680 Vulg.

457 695 893 763 multiplicamini
919 693 961 766 Ἰ,
993 703 1047 749 et
1080 696 1246 750 nolite
1305 709 1428 751 esse
1471 697 1629 764 pauci
1685 711 1930 751 numero.
1963 696 2026 749 Et

455 787 680 856 quaerite
712 802 895 857 pacem
920 787 1155 844 civitatis
1192 789 1318 859 (sive
1349 789 1528 857 terrae)
1557 789 1624 842 ad
1648 804 1811 859 quant
1845 798 2027 846 trans-

458 876 556 930 tuli
595 891 687 931 vos
745 879 763 947 ι
799 875 956 945 Vulg.
1035 859 1433 948 transntigrare
1459 895 1554 934 vos
1582 880 1743 952 feci],
1796 889 2030 938 etorate

459 982 559 1035 pro
609 983 670 1021 ea
701 968 766 1021 ad
811 969 1096 1022 Dominum
1127 986 1140 1023 :
1170 970 1294 1038 quia
1351 970 1405 1024 in
1441 986 1572 1040 pace
1606 971 1751 1027 illius
1796 974 1900 1027 erit
1929 989 2027 1042 pax

460 1057 637 1114 vobis.
671 1079 689 1111 ι
740 1059 861 1115 llaec
898 1061 1163 1129 Epistula,
1201 1063 1311 1116 imo
1359 1063 1576 1118 libellus
1607 1061 1856 1118 Jeremiw
1901 1081 2029 1134 pro-

459 1150 637 1218 phetae
661 1166 755 1220 per
797 1152 1003 1222 legatos
1043 1153 1291 1207 Sedeciaa
1325 1151 1593 1209 Ellassam
1616 1164 1670 1209 et
1722 1153 2030 1210 Gamariam

461 1243 696 1298 mittitur
724 1243 774 1297 in
806 1243 1160 1314 Babylonem,
1210 1245 1277 1298 ad
1339 1261 1435 1300 eos
1469 1247 1565 1314 qui
1603 1262 1726 1302 cum
1767 1246 2029 1304 Jechonia

459 1343 514 1388 et
534 1344 708 1389 matre
741 1335 858 1405 ejus
882 1337 1132 1392 translati
1166 1335 1383 1392 fuerant
1417 1355 1442 1391 a
1488 1337 2031 1398 Nabuchodonosor:

462 1435 522 1480 ut
571 1441 663 1494 per
723 1429 1069 1482 occasionem
1113 1429 1402 1497 legationis
1430 1433 1590 1499 regiae
1630 1446 1787 1486 suum
1815 1449 2036 1504 quoque

465 1535 602 1587 opus
671 1518 936 1587 PrOpheta
993 1522 1315 1590 compleret,
1369 1533 1424 1576 et
1471 1534 1720 1579 moneret
1775 1529 2034 1596 populum

468 1612 930 1682 transmigratum,
961 1627 1084 1684 quae
1111 1615 1215 1669 sibi
1258 1631 1286 1670 a
1323 1614 1553 1671 Domino
1593 1617 1808 1674 fuerant
1862 1621 2035 1689 impe-

466 1712 601 1756 nata.
652 1701 993 1775 Pulchreque
1049 1705 1230 1760 dixit:
1291 1707 1548 1777 Egressus
1611 1719 1684 1764 est
1750 1711 2037 1767 Jecltonias

464 1810 557 1848 rea:
584 1804 632 1850 et
667 1795 904 1860 domina,
940 1805 991 1851 et
1051 1799 1296 1859 eunuchi,
1351 1812 1398 1854 et
1436 1802 1696 1870 principes
1752 1802 1928 1871 Judte,
1984 1817 2040 1860 et

463 1889 669 1944 caueri.
705 1891 768 1943 Et
803 1907 816 1946 ε
856 1890 983 1945 Iltec
1012 1893 1137 1948 dicit
1192 1894 1450 1948 Dam‘nns
1495 1897 1846 1962 exercituum,
1895 1897 2033 1952 Deus

470 1980 660 2045 Israel,
720 1985 862 2036 omni
912 1987 1392 2054 transmigrationi,
1437 2004 1597 2058 quam
1649 1991 1926 2045 transtulit
1976 1993 2040 2046 de

465 2073 764 2127 Jerusalem
799 2076 850 2128 in
911 2075 1253 2144 Babylonem,
1314 2088 1370 2132 ttt
1439 2097 1546 2136 non
1598 2084 1840 2151 potentia
1896 2086 2042 2155 regis

473 2165 784 2234 Babylonis,
843 2168 937 2222 sed
1001 2171 1215 2224 Domini
1269 2172 1546 2228 voluntate
1601 2177 1852 2232 translati
1913 2192 2038 2233 esse

472 2257 778 2314 videantur.
817 2263 882 2315 Et
913 2263 1091 2330 primo
1123 2267 1186 2318 ad
1221 2279 1405 2331 senes,
1446 2267 1646 2322 deinde
1678 2270 1744 2324 ad
1780 2271 2041 2325 sacerdo-

479 2358 579 2415 tes,
645 2352 808 2406 tertio
870 2355 936 2408 ad
977 2357 1294 2426 prophetas,
1342 2366 1538 2424 quarto
1586 2362 1653 2414 ad
1685 2375 1900 2417 onmem
1947 2380 2045 2433 po-

477 2444 661 2511 pulum
702 2443 794 2498 l)ei
827 2460 1010 2501 sermo
1047 2448 1336 2518 dirigitur:
1384 2459 1443 2506 ut
1466 2452 1768 2508 secundum
1795 2455 2041 2510 ordinem

472 2535 670 2601 aetatis,
702 2538 978 2606 propheta:
1016 2555 1231 2610 quoque
1255 2543 1322 2597 ad
1355 2557 1466 2605 eos,
1511 2543 1602 2612 qui
1655 2548 2045 2611 mouebantur,

473 2626 667 2680 litteras
717 2629 1086 2697 pervenirent.
1147 2631 1332 2686 Monet
1381 2643 1560 2687 autem
1605 2649 1700 2688 eos
1760 2651 1868 2690 non
1930 2637 2047 2691 suis

476 2718 674 2787 verbis,
713 2721 809 2775 sed
838 2717 1076 2789 Domini,
1110 2731 1168 2778 ιιι
1193 2724 1466 2779 aediﬁcent
1503 2726 1694 2780 domos
1719 2736 1772 2780 et
1801 2726 2048 2781 habitent

475 2810 531 2864 in
565 2812 665 2876 eis,
695 2825 749 2866 et
779 2813 1024 2883 plantent
1073 2816 1282 2880 hortos,
1337 2823 1453 2874 sive
1482 2819 1749 2888 pomaria,
1787 2829 1840 2874 et
1863 2834 2046 2875 come-

477 2901 608 2956 dant
636 2901 870 2957 fructum
906 2920 1120 2972 eorum,
1145 2906 1414 2976 accipiant
1442 2923 1664 2974 uxores,
1700 2918 1754 2964 et
1789 2919 2050 2980 generant

481 2997 620 3051 ﬁlios
650 3005 704 3051 et
735 2996 897 3062 ﬁlias,
961 3005 1015 3050 et
1069 2997 1504 3067 multiplicentur
1539 3000 1592 3053 in
1626 3001 1745 3054 loco
1788 3002 2050 3054 transmi-

478 3089 744 3156 grationis
774 3107 787 3143 :
829 3098 883 3142 et
914 3103 1021 3141 non
1056 3089 1164 3143 sint
1197 3090 1354 3157 pauci
1414 3106 1660 3154 numero,
1695 3103 2048 3161 quaerantque

2129 602 2332 664 carnis,
2384 610 2441 654 ut
2476 603 2698 671 spiritus
2727 604 2904 658 salvus
2944 605 3038 674 ﬁat
3087 608 3140 660 in
3199 607 3285 660 die
3323 607 3537 660 Domini
3557 608 3706 676 (Cor.

2129 708 2186 759 v,
2224 693 2316 761 5);
2349 702 2402 747 et
2436 694 2635 748 iterum
2661 711 2688 772 ς
2720 693 2861 760 Quos
2897 698 3093 750 tradidi
3123 697 3358 762 Satance,
3409 709 3464 752 ut
3497 701 3706 752 discant

2129 801 2230 840 non
2252 786 2613 854 blasphemare
2649 787 2700 858 (Ι
2735 787 2872 842 Tim.
2900 805 2938 853 ι,
2982 789 3052 844 20
3085 799 3127 859 ),
3157 806 3260 845 non
3294 790 3556 845 debemus
3578 807 3705 845 esse

2131 879 2332 944 securi,
2362 893 2462 934 nec
2503 888 2779 949 torpentes
2806 880 2941 948 otio,
2973 881 3207 937 salutem
3256 883 3476 953 penitus
3508 883 3709 952 despe-

2132 985 2296 1035 rare;
2330 972 2425 1024 sed
2489 971 2724 1038 primum
2781 971 3058 1028 :ediﬁcare
3113 973 3328 1036 domos.
3383 990 3495 1029 non
3545 988 3712 1044 super

2132 1077 2381 1125 arenam,
2415 1063 2506 1116 sed
2538 1077 2700 1129 super
2733 1073 2970 1132 petram,
2992 1073 3044 1118 et
3079 1065 3215 1120 tales
3245 1066 3458 1131 domos,
3517 1066 3712 1135 quales

2132 1155 2878 1211 mdilicavernntobstetrices
2916 1156 2969 1209 in
3008 1155 3194 1212 Exodo
3229 1175 3244 1214 :
3276 1158 3402 1227 quia
3437 1157 3711 1212 timebant

2136 1245 2422 1301 Dominum
2463 1247 2483 1316 (
2513 1246 2686 1302 Exod.
2727 1247 2790 1317 ι).
2825 1248 3028 1302 Deinde
3062 1249 3310 1316 plantare
3345 1249 3558 1310 hortos,
3587 1249 3709 1302 sive

2137 1339 2400 1405 pomaria,
2433 1339 2649 1406 qualent
2712 1348 2765 1392 et
2801 1338 3065 1394 Dominus
3099 1339 3359 1407 plantavit
3387 1339 3706 1405 paradisum

2139 1430 2192 1481 in
2245 1427 2414 1489 Eden,
2472 1436 2530 1482 et
2575 1428 2758 1498 posuit
2819 1428 2870 1482 in
2924 1444 2990 1484 eo
3044 1429 3249 1500 lignum
3302 1431 3450 1488 vitae.
3505 1430 3574 1483 de
3604 1442 3714 1496 quo

2139 1520 2403 1588 scriptum
2442 1528 2522 1573 est
2554 1533 2570 1572 :
2609 1518 2830 1588 Lignum
2863 1521 2982 1574 vita:
3008 1530 3083 1575 est
3111 1521 3191 1575 Itis
3218 1522 3310 1591 qui
3353 1520 3715 1589 apprehende;

2141 1612 2243 1664 rint
2275 1627 2388 1664 eam
2419 1625 2440 1664 :
2465 1621 2514 1666 et
2541 1611 2631 1678 qui
2654 1613 2876 1666 tenuerit
2902 1628 3040 1677 eam,
3072 1612 3251 1666 beatus
3275 1612 3455 1681 (Prov.
3483 1627 3567 1676 ιιι,
3599 1610 3717 1680 18).

2140 1703 2326 1757 Tertio
2355 1705 2602 1770 accipere
2635 1720 2855 1769 uxores,
2891 1719 3124 1774 quarum
3156 1720 3260 1758 una
3293 1719 3378 1757 est
3416 1703 3714 1771 sapientia,

2141 1795 2208 1847 de
2231 1811 2334 1862 qua
2379 1795 2568 1849 scribit
2599 1795 2850 1849 Salomon
2884 1813 2897 1848 :
2929 1797 3064 1848 Ama
3098 1795 3266 1857 illam,
3288 1806 3337 1847 et
3366 1797 3593 1847 servabit
3627 1804 3714 1853 te;

2137 1895 2187 1940 et
2229 1887 2501 1940 circumda
2555 1869 2727 1957 illam,
2757 1898 2806 1941 et
2866 1887 3120 1941 exaltabit
3139 1898 3188 1940 te
3220 1885 3401 1954 (Prov.
3429 1903 3503 1948 tv,
3531 1886 3610 1951 6).
3646 1886 3711 1939 Et

2144 1977 2194 2030 itt
2259 1977 2365 2030 alio
2426 1977 2596 2030 loco:
2645 1980 2801 2032 Hanc
2865 1977 3122 2048 exquisivi
3173 1992 3418 2042 sponsam
3474 1978 3715 2043 accipere

2142 2067 2291 2131 mihi,
2325 2077 2373 2120 et
2409 2076 2618 2121 amator
2647 2069 2819 2138 factus
2851 2084 2970 2122 sum
3024 2067 3228 2122 decoris
3261 2067 3377 2136 ejus
3402 2068 3559 2134 (Sep.
3597 2083 3716 2127 vttt,

2141 2158 2177 2211 2
2207 2160 2248 2223 ).
2282 2156 2390 2212 Nec
2425 2156 2624 2212 sufﬁcit
2651 2160 2812 2215 nobis
2845 2174 2952 2214 una
2999 2158 3196 2226 coniux
3255 2159 3550 2228 sapientia,
3607 2158 3719 2211 1ιίςί

2145 2247 2442 2303 habeamus
2470 2257 2524 2301 et
2556 2247 2789 2318 reliqua,
2817 2247 3221 2312 fortitudinem,
3277 2247 3718 2315 temperantiam,

2146 2347 2312 2406 atque
2340 2338 2634 2408 justitiam,
2676 2349 2734 2393 ιιι
2765 2339 2944 2408 plures
2976 2353 3038 2393 es
3078 2339 3156 2394 eis
3192 2353 3522 2408 generemus
3554 2338 3719 2390 ﬁlios.

2145 2429 2311 2484 Filias
2341 2445 2559 2501 quoque
2620 2440 2834 2486 nostras
2862 2434 3053 2488 demus
3077 2432 3232 2496 viris,
3281 2439 3341 2485 ut
3377 2441 3434 2486 et
3473 2429 3594 2484 ﬁdei
3628 2444 3721 2484 ve-

2151 2523 2304 2589 ritas,
2361 2538 2482 2594 quae
2538 2524 2936 2594 interpretatur
2983 2525 3036 2578 in
3092 2525 3237 2589 ﬁliis,
3269 2524 3424 2577 bouis
3462 2524 3718 2591 operibus
3767 2568 3772 2572 .

2147 2614 2452 2683 copuletur,
2486 2631 2604 2684 quzc
2642 2616 2950 2671 referuntur
2984 2617 3051 2671 ad
3087 2617 3248 2681 ﬁlias,
3280 2627 3334 2669 et
3363 2631 3530 2683 Opera
3573 2616 3718 2668 boita

2145 2706 2442 2776 junguntur
2474 2706 2683 2778 1043
2717 2707 2840 2761 ﬁdei
2872 2709 3091 2762 sanitati
3130 2726 3144 2765 :
3175 2709 3419 2776 talesque
3455 2707 3596 2760 ﬁlios
3627 2723 3722 2775 ge-

2151 2806 2409 2850 nerantes
2439 2807 2495 2852 et
2550 2798 2709 2860 ﬁlias,
2763 2799 3190 2869 multiplicemur
3235 2799 3290 2853 itt
3340 2813 3600 2857 numero.
3667 2808 3728 2851 ut

2152 2890 2494 2945 destruentes
2523 2885 2584 2943 ea
2617 2905 2738 2960 quas
2787 2893 2995 2960 parvuli
3027 2902 3180 2954 sunt,
3213 2902 3268 2946 et
3325 2893 3379 2947 in
3418 2892 3725 2960 perlectum

2151 2989 2461 3036 crescentes
2492 2981 2690 3047 virum,
2739 2982 2926 3038 audire
2957 2999 3264 3039 mereamur
3295 2997 3310 3038 :
3342 2984 3530 3040 Scriba
3559 2987 3726 3045 vobis,

2153 3083 2330 3142 patres
2352 3088 2372 3129 :
2402 3075 2652 3143 quoniam
2688 3077 2972 3144 agnouistis
3015 3092 3156 3136 eum,
3228 3077 3321 3147 qui
3365 3077 3431 3130 ab
3465 3079 3616 3130 initio
3648 3085 3730 3130 est

478 3191 666 3246 pacem
689 3178 942 3242 civitatis,
969 3179 1082 3233 sive
1116 3191 1292 3246 terra},
1318 3183 1381 3234 ad
1426 3197 1587 3251 quant
1628 3197 1726 3237 eos
1755 3184 2047 3240 transtule-

2156 3163 2209 3230 (I
2245 3163 2406 3221 loan.
2441 3181 2502 3229 ιι,
2531 3166 2616 3236 15)
2647 3182 2663 3222 :
2691 3177 2744 3222 et
2794 3182 2916 3222 cum
2954 3167 3212 3237 Apostolo
3253 3170 3496 3223 dicamus
3539 3169 3731 3222 liberis

484 3269 552 3322 rit
583 3269 863 3332 Dominus,
899 3279 953 3323 et
985 3279 1142 3324 orent
1197 3286 1293 3339 pro
1349 3271 1428 3326 eis
1455 3270 1475 3342 [
1504 3272 1592 3328 Al.
1633 3272 1740 3346 ea]
1770 3276 1836 3326 ad
1869 3275 2053 3329 Domin

482 3375 633 3414 num.
682 3359 994 3432 Causasque
1049 3363 1302 3426 reddens,
1337 3364 1432 3430 ait,
1456 3369 1460 3373 ’
1485 3366 1608 3434 quia
1643 3366 1694 3420 in
1737 3381 1871 3435 pace
1903 3367 2052 3422 illius

484 3463 643 3509 terra:
671 3454 778 3508 erit
823 3470 926 3524 pax
981 3457 1156 3510 vobis.
1213 3454 1486 3522 Ieremia,
1546 3459 1671 3526 quia
1720 3470 1840 3529 post
1890 3462 2055 3514 breve

483 3558 694 3616 tempus
717 3559 832 3602 erat
859 3547 1163 3604 Jerusalem
1202 3550 1414 3620 1042
1453 3561 1706 3606 Sccutura
1741 3553 2051 3619 captivitas,

485 3641 786 3708 imperatur
830 3659 898 3695 tte
930 3641 1165 3706 accipiat
1211 3657 1454 3704 uxorem,
1509 3657 1608 3696 nec
1673 3642 1834 3696 faciat
1887 3645 2052 3698 ﬁlios.

487 3729 637 3786 Unde
694 3740 746 3784 et
800 3733 955 3784 nobis
1011 3746 1108 3799 per
1167 3731 1481 3799 Apostolutn
1531 3731 1784 3786 dicitur:
1831 3730 2054 3799 Tempus

485 3824 632 3877 breve
666 3824 787 3895 [AL
820 3825 1110 3877 breviatum
1151 3821 1170 3893 ]
1203 3834 1302 3884 est.
1334 3834 1584 3889 superest,
1629 3834 1683 3875 ut
1708 3825 1801 3892 qui
1853 3824 2052 3877 habent

487 3932 674 3970 uxores
721 3925 974 3984 tanquam
1033 3933 1137 3968 non
1178 3915 1421 3968 habentes
1478 3916 1584 3968 sint
1642 3913 1770 3985 [ΑΙ.
1825 3915 1902 3968 sic
1948 3917 2054 3968 sint

483 4009 636 4075 quasi
672 4024 772 4060 non
796 4007 1044 4078 habeant]
1080 4005 1159 4075 (II
1180 4006 1304 4060 Cor.
1325 4021 1416 4067 vn,
1445 4005 1552 4074 l9).
1579 4005 1732 4072 Quod
1762 4006 1804 4059 si
1839 4018 2056 4075 propter

486 4101 792 4174 angustiam
820 4100 1084 4168 temporis
1127 4080 1456 4151 habentibus
1489 4112 1616 4149 usus
1647 4103 1874 4150 ux'orttm
1907 4096 2056 4149 tolli-

482 4204 593 4254 tur,
658 4204 860 4257 quanto
914 4192 1086 4259 magis
1149 4205 1252 4242 non
1293 4188 1614 4241 habentibus
1661 4204 1725 4240 ne
1786 4188 2055 4255 accipiant

482 4285 782 4350 imperatur
819 4281 833 4335 l
874 4281 983 4335 lloc
1016 4295 1194 4333 autem
1257 4290 1424 4335 totum
1458 4281 1703 4349 praacipit
1739 4279 2052 4332 vaticinium

481 4375 824 4458 prophetale,
885 4391 953 4429 nc
987 4375 1342 4443 acquiescant
1401 4371 1909 4442 pseudoprophetis,
1963 4371 2054 4438 qui

478 4457 566 4525 .eis
599 4457 724 4534 post
744 4467 906 4521 breve
955 4478 1165 4535 tempus
1202 4469 1253 4520 in
1292 4465 1593 4532 Jerusalem
1650 4466 1880 4520 reditum
1935 4478 2058 4531 pro-

2149 3260 2359 3313 noslris
2394 3274 2408 3314 :
2444 3257 2510 3312 In
2553 3257 2763 3313 Christo
2794 3259 2932 3313 enim
2961 3257 3087 3312 Jesu
3115 3274 3206 3327 per
3251 3257 3597 3327 Evangelium
3632 3273 3732 3327 ego

2155 3366 2243 3404 vos
2294 3351 2447 3420 genui
2479 3349 2521 3422 (l
2553 3348 2676 3404 Cor.
2705 3367 2782 3416 tv,
2815 3350 2926 3421 15).
2948 3349 3270 3415 Quaeramus
3295 3364 3512 3418 quoque
3536 3365 3728 3416 pacem

2155 3439 2429 3504 Ecclesiae,
2468 3442 2696 3520 civitati,
2731 3452 2784 3496 et
2812 3452 2970 3496 terra:
3021 3453 3222 3496 nostra?
3258 3459 3272 3495 :
3303 3451 3361 3495 ut
3388 3445 3456 3495 ad
3487 3457 3607 3494 eam
3641 3458 3728 3495 re-

2158 3534 2273 3588 dire
2331 3521 2672 3601 mereamur,
2710 3538 2776 3590 de
2807 3551 2914 3604 qua
2952 3536 3162 3590 Domini
3211 3536 3420 3604 judicio
3475 3535 3728 3588 translati

2157 3640 2367 3688 sumus,
2409 3635 2463 3680 ut
2500 3626 2874 3681 habitarentus
2915 3628 2965 3680 in
3026 3627 3361 3682 c0nfusionis
3404 3642 3611 3680 errore.
3675 3626 3730 3679 Si

2158 3716 2301 3769 enim
2333 3716 2419 3769 illa
2452 3717 2758 3784 susceperit
2799 3732 2917 3778 nos.
2979 3717 3241 3776 habemus
3277 3731 3486 3785 pacem.
3523 3716 3726 3770 Simul-

2157 3822 2261 3876 que
2308 3809 2700 3863 consideranda
2733 3808 3028 3863 clementia
3068 3808 3284 3861 Domini
3324 3823 3338 3861 :
3381 3823 3542 3862 orare
3594 3825 3731 3876 pne-

2157 3901 2296 3969 cepit
2329 3915 2426 3969 pro
2457 3901 2694 3956 inimicis
2745 3900 2968 3961 nostris,
3025 3908 3081 3956 et
3140 3899 3465 3954 benefacere
3501 3899 3588 3954 his
3633 3905 3730 3968 Qui

2159 4001 2558 4061 persequuntur
2590 4007 2687 4046 nos
2717 3990 2869 4061 (Luc.
2907 3991 2983 4060 Vl)
3016 4009 3031 4045 :
3063 4001 3121 4044 ut
3170 4005 3274 4044 nou
3327 3992 3499 4046 simus
3541 4003 3732 4046 nostra

2160 4097 2364 4140 tantum
2423 4085 2595 4138 salute
2649 4084 2914 4146 contenti,
2949 4084 3042 4138 sed
3105 4083 3461 4137 inimicorum
3505 4099 3730 4153 quoque

2152 4192 2464 4246 lquzeramus
2497 4175 2746 4230 salutem.

2232 4269 2410 4338 (Vers.
2438 4267 2492 4330 8,
2528 4255 2606 4334 9.)
2646 4284 2666 4318 ι
2704 4246 2827 4322 Haec
2852 4266 2996 4322 enim
3034 4265 3166 4321 dicit
3228 4264 3489 4332 Dominus
3516 4269 3727 4320 exerci-

2160 4369 2332 4420 tntttn,
2393 4358 2532 4412 Deus
2567 4358 2783 4412 Israel:
2823 4355 2939 4412 Non
2992 4369 3088 4412 vos
3145 4358 3410 4412 seducant
3454 4359 3731 4426 prophetas

2160 4451 2348 4516 vestri,
2382 4450 2475 4518 qui
2501 4458 2624 4501 sunt
2662 4449 2715 4502 in
2749 4449 2926 4502 medio
2957 4457 3204 4503 vestrum
3231 4459 3284 4502 et
3309 4449 3475 4502 divini
3513 4450 3679 4502 vestri
3711 4467 3726 4512 ;

482 4559 774 4613 mittebant
809 4576 825 4618 ;
857 4561 948 4612 sed
1016 4570 1072 4612 ttt
1129 4561 1304 4612 sciant
1361 4560 1532 4613 multo
1589 4573 1649 4613 se
1689 4559 1740 4611 itt
1780 4555 2047 4626 Babylone

2162 4552 2214 4598 et
2245 4558 2312 4597 ne
2344 4542 2632 4596 attendatis
2661 4540 2726 4594 ad
2757 4541 2966 4594 somnia
2988 4550 3191 4604 vestra,
3224 4555 3344 4608 quae
3371 4557 3468 4596 vos
3491 4543 3728 4595 somnia-

488 4663 733 4718 tempore
766 4660 1076 4704 moraturos
1108 4666 1120 4700 :
1158 4651 1230 4704 ita
1274 4661 1332 4704 ut
1364 4666 1564 4704 uxores
1606 4651 1882 4718 accipere,
1909 4646 2059 4716 plau-

488 4754 604 4806 tare
636 4759 736 4808 putt
763 4741 898 4802 aria,
949 4741 1242 4810 hortosque
1274 4755 1475 4805 serere,
1539 4741 1812 4794 aediﬁcare
1845 4741 2054 4802 domos,

486 4846 541 4895 ut
575 4850 836 4901 generare
868 4834 1006 4887 ﬁlios
1045 4833 1295 4887 debeant.
1331 4832 1594 4900 Quodque
1635 4831 1820 4885 intulit
1857 4846 1870 4885 :
1905 4828 2062 4894 Qua:-

488 4929 584 4998 rite
633 4943 810 4996 pacem
853 4925 1106 4990 civitatis,
1163 4923 1276 4978 sive
1308 4936 1504 4988 terra';
1538 4934 1592 4976 ct
1647 4925 1839 4977 iterum
1875 4936 1888 4976 :
1923 4922 2060 4988 Quia

487 5021 544 5090 in
593 5038 720 5090 pace
770 5021 913 5073 illius
970 5019 1072 5073 erit
1122 5034 1228 5087 pax
1263 5017 1431 5076 vobis.
1492 5018 1620 5068 illttd
1675 5016 2055 5084 Apostolictttn

486 5115 913 5181 co-uparabitnr,
943 5115 994 5166 in
1023 5129 1128 5180 quo
1156 5111 1309 5180 jubet
1351 5127 1364 5167 :
1398 5109 1624 5164 Obsecro
1651 5108 1812 5178 igitur
1833 5108 2062 5176 primum

484 5206 747 5280 pmnium.
783 5206 900 5272 ﬁeri
949 5204 1360 5269 obsecrationes,
1420 5201 1706 5262 orationes,
1743 5197 2060 5266 postulatio-

488 5315 600 5367 nes,
657 5297 953 5362 gratiarum
1010 5297 1259 5357 actiones,
1322 5309 1417 5362 pro
1459 5291 1698 5343 omnibus
1742 5287 2060 5350 hominibus,

489 5407 586 5468 pro
615 5389 824 5458 regibus
882 5397 930 5440 et
960 5389 1158 5439 cunctis
1211 5387 1300 5451 qui
1351 5392 1471 5437 sunt
1511 5384 1564 5436 in
1620 5380 1968 5439 sublimitate,
2007 5386 2062 5429 ttt

491 5479 723 5545 quietam
772 5483 822 5530 el
895 5473 1239 5542 tranquillam
1303 5475 1467 5525 vitam
1527 5487 1748 5537 agamus
1801 5469 1854 5521 in
1921 5467 2061 5519 omni

490 5574 680 5649 pietate
709 5578 756 5622 et
780 5567 1023 5620 castitate
1063 5563 1114 5620 (Ἰ
1139 5564 1268 5617 Tim.
1298 5580 1353 5623 lt,
1398 5564 1445 5625 l,
1472 5562 1550 5628 2).
1581 5561 1748 5614 Porro
1767 5560 2062 5613 secundum

498 5647 754 5728 tnysticos
789 5657 1122 5717 intellectus,
1174 5666 1459 5722 postquam
1506 5654 1570 5701 de
1623 5649 1942 5704 lorus-alunt,
2014 5647 2062 5699 id

500 5757 607 5812 est,
635 5750 877 5802 Ecclesia
927 5757 1149 5816 propter
1209 5754 1422 5805 pot-cata
1480 5753 1661 5794 ltttslrﬂ
1698 5740 1859 5806 ejet-ti
1897 5736 2064 5790 fueri-

503 5854 644 5913 ttttls,
682 5848 731 5889 ct
771 5840 952 5891 traditi
988 5834 1504 5897 Nabuchodonosor,
1543 5833 1606 5884 de
1639 5847 1742 5897 quo
1770 5829 1896 5883 dicit
1925 5829 2061 5882 idem

2164 4635 2252 4699 tis,
2291 4633 2417 4702 quia
2453 4631 2582 4688 falsa
2614 4631 2804 4704 [Vulg.
2853 4631 2988 4686 falso
3019 4630 3034 4703 1
3092 4634 3182 4688 isti
3217 4636 3539 4703 prophetam
3577 4637 3728 4688 vobis

2163 4729 2215 4779 in
2268 4725 2487 4778 nomine
2520 4729 2640 4779 tneo
2674 4741 2687 4780 :
2715 4734 2769 4779 et
2795 4740 2897 4780 non
2941 4712 3061 4778 misi
3091 4741 3206 4791 eos,
3238 4728 3369 4781 dicit
3397 4727 3680 4782 Dominus.
3706 4747 3725 4779 ι

2165 4819 2483 4887 Prophetas,
2529 4819 2694 4871 inuno
2761 4819 3285 4887 pseudoprophctas,
3341 4832 3397 4872 et
3427 4821 3641 4874 divinos
3679 4831 3732 4874 et

2163 4911 2522 4965 somniatores
2579 4909 2746 4964 fuisse
2799 4911 2852 4963 itt
2896 4909 3189 4978 Babylone,
3249 4914 3391 4965 inter
3447 4927 3542 4965 eos
3594 4928 3732 4977 quos

2163 4999 2668 5054 Nabuchodonosor
2693 5014 2814 5054 cum
2842 4997 3105 5053 Jechonia
3138 5011 3193 5054 et
3221 5010 3396 5054 matre
3415 4999 3535 5067 ejus
3557 5000 3729 5054 addu-

2165 5105 2338 5158 xerat,
2400 5093 2646 5148 Ezechiel
2709 5092 2972 5160 propheta
3036 5101 3268 5146 testatur
3317 5092 3542 5162 (EzecIt.
3580 5095 3722 5160 stu),

2165 5186 2413 5240 scribens
2447 5169 2636 5238 eontra
2671 5197 2786 5248 eos,
2823 5184 3022 5250 quibus
3046 5182 3314 5238 Jeremias
3338 5200 3558 5253 quoque
3590 5199 3726 5252 pra:-

2165 5275 2295 5344 cipit
2335 5290 2435 5327 non
2465 5275 2816 5328 credendum.
2864 5272 3104 5327 Necdum
3140 5283 3322 5328 autem
3372 5289 3434 5328 eo
3465 5283 3728 5341 tempore,

2167 5368 2417 5437 qtto'ha‘c
2441 5365 2676 5435 Epistola
2713 5365 3070 5433 dirigebatur,
3102 5365 3351 5419 Ezechiel
3379 5367 3430 5420 in
3460 5365 3728 5434 Babylone

2167 5470 2403 5528 cmporat
2449 5459 2794 5528 prOphetare.
2834 5456 2932 5512 llic
2979 5458 3120 5511 enim
3179 5472 3359 5510 sermo
3392 5459 3440 5509 in
3471 5455 3730 5526 principio

2170 5552 2410 5608 Sedcciat
2471 5550 2610 5617 regis
2669 5550 2920 5602 mittitur.
3005 5549 3254 5602 Ezechiel
3311 5557 3490 5602 autem
3543 5548 3731 5615 quinto

2169 5660 2312 5697 anno
2348 5641 2844 5709 transmigrationis
2891 5639 3161 5694 lcchouixc
3219 5653 3445 5692 exorsus
3487 5647 3568 5690 est
3602 5651 3728 5703 pro-

2171 5737 2410 5803 phetare,
2442 5733 2529 5800 qui
2556 5733 2694 5785 idem
2732 5746 2907 5784 annus
2943 5730 3093 5799 regni
3120 5729 3360 5783 Sedecirc
3390 5737 3527 5780 erat.
3565 5727 3729 5781 Porro

2173 5821 2467 5880 secundum
2503 5819 2856 5890 tropologiam
2911 5819 3413 5888 pseudoprophetas
3435 5830 3530 5871 eos
3571 5815 3730 5870 debo-
