4004 6182
240 458 356 523 893

718 455 1223 516 COMMENTAR.
1263 454 1344 515 ιΝ
1379 457 1780 520 JEREMIAM
1826 459 1859 520 Γ

1967 428 2294 521 mm
2333 457 2482 542 Lm.
2523 459 2588 530 v,
2663 457 2824 522 CAP.
2858 456 3075 520 XXIX.

3408 449 3515 516 89$

247 589 372 627 mus
402 571 666 638 accipere,
705 569 796 636 qui
827 569 988 624 aliter
1023 568 1433 640 Scripturarum
1487 571 1646 626 verba
1682 571 1825 626 acci-
1856 575 1899 632 Λ
1927 572 2089 627 siam.
2134 570 2344 627 Idcirco
2405 571 2551 626 enim
2589 569 2851 624 Dominus
2881 573 3169 639 perculere
3221 563 3372 620 visus
3401 576 3515 632 est,

248 665 408 733 piunt
434 678 594 732 quam
633 661 871 727 Spiritus
905 672 1130 718 sanctus
1159 674 1320 718 sonat
1349 679 1364 728 ;
1391 674 1447 718 et
1475 665 1684 718 divinos
1719 680 1834 728 eos,

247 757 342 821 qui
375 755 746 823 conjecturam
788 755 986 808 mentis
1010 771 1147 820 suae,
1181 767 1241 809 et
1281 758 1494 811 incerta
1531 757 1834 811 futurorum

253 848 413 917 quasi
448 862 574 900 vera
613 848 971 914 pronuntiant
1001 848 1210 917 absque
1247 849 1555 904 divinorum
1593 850 1836 904 auctori-

254 949 369 995 tate
391 939 681 994 verborum
723 955 739 1003 ;
773 940 1140 996 somni-stores
1174 957 1416 1010 quoque,
1469 943 1560 1008 qui
1601 956 1705 995 non
1743 957 1839 995 au-

253 1034 411 1087 diunt
435 1033 562 1087 illud
590 1035 852 1103 scriptum
885 1051 898 1089 :
929 1033 1039 1087 Nec
1065 1034 1176 1104 IAI.
1199 1035 1280 1089 Ne
1307 1033 1326 1104 ]
1363 1035 1566 1088 dederis
1591 1052 1836 1090 somnum

253 1121 424 1176 oeulis
445 1123 566 1187 tuis,
587 1139 748 1191 neque
765 1123 1191 1177 dormitotionem
1213 1124 1474 1191 palpebris
1500 1126 1604 1177 tuis
1634 1126 1826 1192 (Prov.

255 1229 336 1278 Vl,
372 1212 432 1282 5)
461 1229 477 1269 :
512 1216 576 1268 de
605 1213 802 1283 quibus
833 1213 1002 1269 Judas
1038 1214 1319 1284 apostolus
1356 1215 1636 1283 loquitur:
1674 1215 1838 1270 Sinti.

257 1307 384 1360 liter
411 1316 460 1360 et
488 1307 544 1360 hi
605 1308 950 1372 somniantes,
981 1324 1194 1361 carnem
1250 1310 1464 1377 quidem
1523 1308 1796 1362 maculant
1823 1327 1840 1365 :

258 1399 674 1454 dominationem
713 1411 890 1453 autem
918 1409 1179 1468 spernunt
1215 1398 1420 1468 (Iudae,
1449 1401 1482 1455 8
1514 1401 1532 1469 )
1569 1418 1581 1455 :
1609 1415 1841 1470 quorum

267 1507 425 1547 mens
449 1507 794 1562 nequaquam
825 1492 1033 1562 vigilat,
1066 1493 1160 1548 sed
1184 1493 1512 1564 arrogantia:
1555 1502 1606 1548 et
1638 1493 1845 1547 erroris

261 1585 510 1653 sopore'
567 1585 856 1654 depressa,
937 1585 1113 1640 noctis
1169 1585 1396 1637 horrore
1447 1584 1842 1648 circumdatur,

261 1675 463 1742 quibus
483 1676 723 1744 loquitur
759 1685 814 1729 et
847 1676 1127 1745 apostolus
1154 1674 1353 1729 Paulus
1393 1690 1406 1728 :
1439 1672 1688 1738 Elevare,
1718 1675 1846 1744 quid

263 1768 466 1820 dormis
497 1767 588 1821 ?et
624 1767 838 1839 1046
867 1783 1089 1836 exsurge
1118 1785 1150 1821 a
1176 1767 1423 1830 mortuis,
1452 1777 1501 1821 et
1520 1765 1845 1820 illuminavit

265 1869 316 1911 te
355 1857 601 1913 Christus
633 1860 846 1928 (Ep/tes.
885 1874 934 1923 v,
974 1857 1086 1927 lt).

335 1949 518 2020 (νει-ε.
560 1951 624 2005 l0
656 1968 810 2019 seqq.
846 1954 863 2013 )
928 1971 944 2003 ι
978 1951 1114 2017 Quia
1174 1952 1291 2006 lucc
1346 1950 1483 2006 dicit
1521 1952 1781 2006 Dominus
1826 1969 1840 2008 :

263 2042 401 2096 Cum
452 2043 718 2108 emperint
790 2044 1000 2110 impleri
1065 2043 1114 2096 in
1172 2044 1443 2114 Babylone
1504 2045 1845 2112 septuaginta

266 2135 420 2198 anni,
461 2134 694 2189 visitabo
730 2151 844 2200 vos,
885 2147 936 2189 et
969 2136 1245 2190 suscitabo
1270 2151 1433 2202 super
1471 2152 1576 2189 vos
1621 2139 1846 2192 verbum

273 2243 454 2281 meum
481 2230 702 2292 bonum,
732 2238 789 2279 ut
818 2229 1068 2282 reducam
1097 2243 1188 2281 vos
1220 2230 1284 2282 a-l
1317 2230 1493 2282 locum
1537 2229 1717 2284 istum.
1739 2230 1851 2300 Ego

271 2322 414 2372 enim
443 2322 557 2372 scio
581 2322 965 2388 cogitationes,
999 2335 1133 2388 quas
1165 2322 1346 2390 cogito
1396 2337 1557 2389 super
1593 2337 1714 2387 vos,
1775 2325 1851 2376 ait

273 2415 534 2468 Dominus
566 2429 581 2469 :
621 2415 984 2480 t'Ogitttliottt's
1044 2418 1216 2482 pacis,
1252 2424 1306 2468 et
1338 2429 1444 2468 non
1493 2413 1844 2468 alllictionis:

272 2517 329 2560 ut
389 2509 507 2558 dem
581 2507 731 2559 vobis
789 2508 948 2559 linem
1011 2506 1143 2576 [ΑΙ.
1210 2508 1433 2560 additur
1485 2503 1737 2577 bonum]
1797 2516 1850 2560 et

271 2598 632 2663 ιιηιίιυιιὶςιιιι(
665 2599 770 2651 sive
793 2597 994 2666 spem).
1027 2597 1091 2651 Et
1140 2597 1470 2651 invocabitis
1512 2612 1618 2661 me,
1661 2607 1714 2650 et
1747 2597 1852 2650 ibi-

272 2691 342 2743 tis
374 2690 394 2757 (
429 2692 534 2744 sive
555 2691 714 2760 juxta
750 2689 1124 2760 Symmachum
1151 2690 1442 2745 invenietis
1465 2693 1485 2722 ²
1521 2689 1562 2757 ),
1596 2699 1648 2744 et
1673 2690 1852 2744 orabi-

275 2783 345 2835 tis
382 2780 516 2853 [ΑΙ.
570 2781 870 2835 adorabitis
903 2780 921 2850 ]
955 2795 1060 2843 me,
1099 2789 1156 2834 et
1188 2781 1477 2834 esaudiatn
1525 2795 1641 2832 vos.
1691 2780 1850 2846 Quae-

276 2877 410 2928 retis
449 2889 554 2933 me.
589 2885 642 2928 et
674 2874 984 2936 invenietis,
1015 2889 1139 2928 cum
1172 2873 1504 2941 quaesieritis
1538 2890 1620 2924 lue
1646 2872 1697 2925 in
1739 2882 1850 2927 toto

277 2966 437 3018 corde
469 2976 680 3029 vestro,
725 2974 780 3018 et
807 2965 1052 3019 inveniar
1103 2980 1130 3016 a
1183 2963 1337 3018 vobis
1396 2965 1550 3030 (sive
1581 2965 1855 3034 apparebo

280 3056 502 3122 vobis),
547 3054 679 3108 dicit
714 3054 1003 3108 Dominus.
1047 3073 1064 3104 ι
1096 3051 1298 3118 Nolite,
1371 3054 1566 3122 inquit,
1626 3057 1854 3110 Credere

277 3146 786 3216 pseudOprophetis,
811 3146 1030 3210 divinis,
1061 3156 1114 3198 et
1163 3145 1595 3199 somniatoribus
1634 3145 1854 3205 vestris,

1940 673 1998 720 ut
2043 674 2260 720 sanaret
2293 681 2308 722 :
2339 663 2599 730 dabitque
2662 663 2822 717 nouis
2875 661 3035 715 tinem
3086 657 3289 713 laboris
3344 657 3518 710 nostri

1939 767 2102 827 atque
2133 757 2406 824 patientia:
2439 771 2454 810 :
2484 765 2539 810 et
2585 755 2962 809 invocabimus
2995 767 3143 817 eum,
3194 758 3246 803 et
3278 759 3518 804 reverte-

1944 870 2064 908 mur
2104 856 2154 908 in
2184 852 2507 914 Ecclesiam,
2563 861 2616 906 et
2667 851 2970 916 orabimus,
3006 859 3062 902 et
3101 845 3461 901 exaudiemnr
3493 858 3507 894 :

1942 960 2269 1017 quaeremus,
2325 952 2382 1000 et
2436 943 2775 998 inveniemus
2816 955 2962 1006 eum,
3007 953 3128 993 cum
3192 946 3304 992 toto
3358 937 3520 989 corde

1941 1039 2319 1110 qnaasierimus
2343 1037 2513 1101 illum,
2539 1047 2593 1092 et
2618 1045 2745 1091 tunc
2766 1034 3053 1104 apparebit
3077 1031 3253 1084 nobis.
3287 1028 3517 1096 Quidam

1940 1131 2284 1201 septuaginta
2323 1145 2497 1184 annos
2531 1129 2685 1200 juxta
2719 1127 2847 1180 illud
2899 1125 3328 1192 interpretantur
3379 1121 3522 1189 quod

1942 1227 2202 1293 scriptum
2236 1232 2320 1280 est
2368 1239 2384 1278 1
2419 1222 2540 1277 Dies
2571 1219 2784 1292 1055
2818 1232 3077 1272 annorum
3100 1221 3401 1269 nostrorum
3469 1212 3523 1262 in

1943 1321 2078 1390 ipsis
2109 1317 2449 1386 septuaginta
2478 1315 2607 1369 anui
2667 1312 2838 1384 (Psal.
2871 1325 3099 1374 Lxxm,
3139 1305 3253 1375 10).
3284 1304 3521 1375 quicum

1946 1409 2150 1465 iuerint
2191 1407 2418 1475 expleti,
2456 1415 2584 1460 tunc
2625 1405 2692 1458 ad
2735 1401 3026 1458 Dominum
3082 1408 3426 1454 revertamur
3469 1395 3522 1448 iu

1948 1512 2060 1556 toto
2094 1502 2262 1556 corde
2293 1509 2504 1562 nostro,
2529 1505 2585 1554 et
2612 1497 2999 1558 exandiamur,
3031 1501 3086 1548 et
3117 1491 3239 1546 linis
3270 1489 3342 1542 sit
3376 1487 3529 1540 Iaho-

1947 1595 2022 1648 ris
2064 1591 2234 1647 nostri
2297 1601 2459 1660 atque
2496 1588 2773 1659 patientiae
2821 1603 2835 1641 :
2876 1599 3019 1639 nunc
3061 1583 3207 1638 enim
3249 1581 3302 1636 in
3334 1580 3528 1634 umbra

1949 1701 2048 1741 nos
2087 1684 2269 1740 omnia
2303 1694 2356 1738 et
2387 1683 2441 1736 in
2487 1683 2718 1750 imagine
2746 1678 3048 1747 possidere.

2016 1777 2196 1848 (Vers.
2230 1777 2297 1832 M
2344 1790 2496 1844 seqq.
2537 1773 2556 1844 )
2635 1787 2697 1828 σι-
2733 1771 2744 1840 l
2779 1785 2842 1829 -ι-
2880 1789 2898 1822 (
2936 1769 3003 1824 Ει
3047 1767 3304 1823 reducam
3355 1763 3528 1843 capti-

1951 1872 2174 1924 vitatcm
2203 1875 2463 1932 vestram,
2509 1875 2565 1922 et
2617 1853 2980 1934 congregabo’
3008 1875 3104 1916 vos
3155 1861 3224 1914 de
3256 1857 3530 1913 universis

1951 1963 2224 2035 gentibus,
2277 1970 2332 2018 et
2392 1961 2458 2014 de
2500 1955 2717 2015 cunctis
2751 1957 2886 2012 locis
2925 1955 2991 2009 ad
3032 1969 3154 2024 qua:
3191 1951 3374 2022 expuli
3409 1965 3526 2010 vos,

1952 2057 2085 2112 dicit
2127 2053 2414 2109 Dominus.
2450 2052 2508 2106 Et
2583 2050 2911 2104 revertivos
2950 2045 3144 2100 faciam
3178 2045 3244 2099 de
3281 2043 3421 2106 loco,
3465 2040 3529 2093 ad

1951 2164 2110 2218 quem
2142 2145 2535 2213 transmigrare
2561 2157 2657 2197 vos
2709 2141 2831 2196 feci.
2860 2139 2997 2206 Quia
3022 2138 3242 2191 dixistis
3286 2148 3302 2188 :
3343 2133 3531 2188 Susci-

1956 2240 2084 2294 tavit
2121 2238 2228 2311 [Αι.
2266 2235 2550 2292 suscitabit
2580 2233 2599 2305 ]
2633 2233 2788 2286 nobis
2831 2229 3092 2285 Dominus
3123 2227 3420 2298 prophetas
3478 2225 3530 2277 in

1957 2333 2252 2402 Babylone.
2316 2327 2441 2383 Haec
2495 2327 2646 2382 enim
2715 2326 2846 2379 dicit
2911 2322 3174 2377 Dominus
3213 2321 3278 2374 ad
3323 2331 3532 2382 regem,

1953 2425 2226 2496 qui'sedot
2259 2436 2423 2490 super
2457 2403 2650 2474 solium
2687 2416 2891 2482 David,
2925 2425 2978 2469 et
3019 2413 3323 2496 admonent
3364 2424 3536 2479 popu-

1958 2480 2064 2571 litm
2089 2480 2452 2570 habitata-rem
2480 2510 2630 2564 urbis
2681 2480 2882 2574 hujus,
2917 2515 2971 2560 et
3000 2507 3064 2558 ad
3099 2480 3301 2557 fraties
3327 2512 3536 2554 vestros

1954 2610 2044 2677 qui
2072 2625 2174 2662 non
2195 2605 2537 2676 suutegressi
2571 2602 2850 2656 vobiscum
2879 2600 2932 2652 in
2966 2595 3525 2665 trausmigratioucm.

1959 2702 2082 2757 llrec
2139 2701 2271 2755 dicit
2337 2698 2594 2752 Dominus
2649 2695 2990 2748 exercituum
3029 2707 3044 2749 ;
3082 2689 3224 2743 Ecce
3277 2702 3378 2757 ego
3408 2687 3535 2738 mit-

1958 2808 2064 2850 tam
2097 2794 2152 2848 in
2197 2807 2292 2848 eos
2323 2791 2584 2861 gladium,
2635 2788 2856 2846 ftttttcttt,
2915 2794 2972 2840 et
3007 2792 3218 2854 pestem
3270 2790 3376 2834 :et
3437 2793 3536 2846 po-

1959 2903 2081 2942 nam
2101 2902 2196 2942 eos
2234 2884 2388 2953 quasi
2424 2885 2558 2936 licus
2591 2881 2758 2933 malas
2777 2894 2896 2949 qua:
2918 2877 3127 2930 romodi
3151 2889 3253 2928 non
3282 2881 3534 2940 possunt,

1957 2996 2023 3035 ro
2054 2979 2199 3047 quod
2229 2977 2476 3047 pessima:
2503 2973 2632 3028 sint.
2673 2973 2740 3027 Et
2773 2985 3069 3040 persequar
3103 2982 3204 3020 eos
3251 2965 3305 3019 in
3339 2963 3538 3032 gladio,

1959 3083 2012 3127 et
2051 3073 2104 3127 in
2143 3071 2308 3137 fame,
2343 3079 2395 3122 ct
2433 3069 2485 3122 iu
2519 3065 2849 3138 pestilentia,
2886 3072 2942 3117 et
2972 3063 3113 3115 dabo
3147 3073 3242 3113 cos
3273 3056 3384 3128 [Αἰ.
3422 3052 3540 3125 vos]

1961 3169 2015 3222 in
2041 3166 2382 3221 vexationem
2407 3159 2677 3216 universis
2715 3158 2895 3229 regnis
2919 3166 3100 3218 terrm,
3124 3152 3175 3205 in
3206 3147 3547 3204 maledictio-

278 3242 368 3307 (1ιεὶ
397 3239 550 3294 vobis
573 3240 808 3294 vicinum
839 3239 892 3292 in
921 3236 1222 3292 Jerusalem
1251 3240 1483 3290 reditum
1505 3237 1852 3306 pollicentur.
1883 3265 1928 3326 ο
1964 3271 2110 3319 "em,
2141 3265 2191 3309 ﬂ
2219 3256 2270 3306 in
2295 3262 2597 3322 stuporem,
2617 3259 2671 3303 ει
2694 3249 2747 3301 in
2769 3247 3008 3305 sibilum,
3030 3253 3080 3297 ει
3101 3242 3155 3294 in
3187 3238 3542 3309 opprobrium

279 3332 396 3388 Nisi
448 3335 593 3387 enim
653 3333 994 3401 septuaginta
1045 3331 1169 3384 anui
1204 3331 1404 3397 expleti
1457 3331 1681 3391 l‘uerint,
1713 3331 1858 3400 Cyro

280 3441 410 3495 rege
443 3426 731 3480 Persarum
768 3427 986 3480 laxante
1033 3425 1282 3494 captivos
1313 3423 1356 3490 ⁸,
1421 3439 1762 3492 nequaquam
1803 3424 1857 3477 in

285 3522 514 3586 patriam
544 3519 938 3584 revertemini;
973 3527 1027 3574 et
1074 3532 1204 3571 tunc
1239 3532 1354 3570 mea
1396 3517 1667 3585 promissa
1705 3530 1862 3570 com-

282 3614 462 3682 plebo,
516 3625 574 3666 ιιι
611 3613 864 3668 reducam
901 3628 994 3666 vos
1023 3611 1090 3666 ad
1119 3613 1297 3666 locum
1323 3611 1486 3665 istum
1531 3624 1545 3664 :
1596 3609 1705 3680 Ego
1724 3611 1861 3662 enim

282 3706 392 3758 scio
420 3706 786 3774 cogitationes,
805 3721 935 3774 quas
964 3703 1135 3774 cogito
1161 3719 1317 3768 super
1345 3718 1452 3764 vos,
1477 3703 1550 3754 ait
1590 3702 1861 3756 Dominus.

291 3796 362 3851 Se
399 3799 528 3851 dicit
560 3811 719 3851 nosse
760 3796 888 3866 quid
913 3797 1142 3864 cogitet,
1204 3795 1323 3849 illos
1354 3807 1532 3847 autem
1570 3809 1692 3846 cum
1755 3793 1867 3844 suis

291 3891 596 3957 prophetis,
635 3887 856 3951 divinis,
893 3895 948 3940 et
975 3885 1407 3941 somniatoribus
1439 3884 1718 3950 ignorare.
1757 3883 1865 3935 Fu-

295 3993 542 4035 turorum
568 3981 731 4050 igitur
764 3979 991 4034 scientia
1024 3978 1125 4034 soli
1164 3979 1274 4032 Deo
1321 3979 1598 4046 competit.
1638 3975 1704 4028 Ut
1751 3979 1870 4028 deut

294 4073 459 4136 vobis,
494 4073 760 4141 alt,ﬁnem
787 4079 838 4128 et
863 4071 1172 4138 patientiam
1207 4070 1407 4133 ;tinetn
1431 4069 1787 4138 captivitatis,
1818 4076 1872 4122 ct

297 4168 615 4237 patientiam
644 4167 898 4220 laborum
932 4163 1311 4234 praesentium,
1347 4161 1460 4216 sive
1493 4175 1642 4229 Spt'm
1672 4159 1693 4191 ⁸
1724 4160 1871 4212 lutu-

295 4276 501 4315 rorutn.
538 4257 690 4312 Tune
723 4257 1045 4312 invocabitis
1067 4272 1172 4318 tne,
1205 4266 1259 4308 et
1293 4255 1443 4308 ibitis
1489 4253 1792 4306 Jerusalem
1835 4265 1850 4306 :

297 4364 353 4410 et
373 4354 616 4417 orandis,
655 4363 708 4406 et
742 4351 1034 4405 exaudiam
1070 4363 1186 4401 vos.
1219 4347 1384 4401 Certe
1417 4346 1627 4412 absque
1659 4345 1876 4403 invoca-

300 4449 448 4500 tione
477 4455 533 4499 et
555 4444 804 4498 oratione
831 4441 1196 4508 captivorum,
1249 4446 1463 4506 poterat
1499 4436 1725 4502 implere
1769 4435 1877 4488 Do-

300 4539 480 4592 minus
525 4535 668 4606 quod
701 4534 1027 4600 promiserat
1068 4548 1082 4596 ;
1115 4531 1210 4584 sed
1243 4530 1500 4583 hortatur
1526 4543 1624 4582 eos
1660 4527 1726 4581 ad
1758 4543 1878 4594 pre-

1969 3349 2183 3403 euurtis
2209 3345 2481 3414 gentibus,
2503 3340 2568 3394 ad
2589 3355 2722 3408 quas
2741 3335 3072 3407 egofejiciam
3100 3332 3211 3406 [ΑΙ.
3239 3327 3398 3401 ejt-ci}
3428 3345 3546 3393 eos,

1969 3455 2035 3493 eo
2065 3437 2209 3505 quod
2256 3450 2362 3489 non
2415 3431 2708 3486 audierunt
2765 3425 2954 3497 [Vulg].
3022 3424 3339 3492 audierint]
3381 3421 3546 3474 verba

1973 3548 2114 3594 utea,
2171 3530 2304 3584 dicit
2367 3527 2684 3588 Dominus;
2761 3534 2883 3588 qua:
2941 3519 3060 3570 misi
3133 3515 3202 3568 ad
3291 3529 3389 3568 eos
3451 3529 3545 3579 per

1975 3639 2164 3678 servos
2196 3635 2346 3674 meos
2367 3617 2657 3688 prophetas
2679 3613 2746 3668 de
2785 3621 2944 3665 nocte
2968 3613 3397 3674 consurgens,et
3425 3604 3550 3656 mit-

1977 3723 2098 3767 tcns
2128 3732 2141 3766 :
2177 3721 2228 3765 et
2257 3726 2362 3764 non
2390 3707 2644 3770 audistis,
2676 3704 2810 3773 dicit
2843 3699 3125 3754 Dominus.
3159 3695 3261 3750 Vos
3293 3710 3421 3762 ergo
3454 3710 3550 3746 au-

1977 3807 2087 3858 dite
2114 3804 2338 3856 verbum
2399 3799 2636 3861 Domini,
2674 3794 2854 3850 omnis
2905 3788 3332 3859 transmigratio,
3387 3801 3548 3854 quam

1978 3895 2136 3949 emisi
2181 3894 2245 3944 de
2270 3889 2568 3945 Jerusalem
2603 3887 2655 3939 in
2689 3883 3041 3954 Babylonem.
3076 3899 3093 3931 ι
3131 3894 3193 3934 4-
3227 3892 3286 3933 +
3347 3875 3552 3930 llucns-

1981 4007 2084 4057 que
2109 3991 2160 4041 in
2193 3983 2330 4039 LXX
2350 3998 2457 4036 non
2480 3980 2768 4044 habentur,
2791 3991 2909 4045 qua:
2925 3972 3202 4029 asteriscis
3234 3966 3550 4039 praenotavi.

1981 4082 2187 4138 Caetera
2223 4079 2394 4142 enim,
2457 4073 2746 4142 inquibus
2809 4068 2892 4123 vel
2954 4066 3150 4134 singuli
3215 4079 3424 4127 versus,
3473 4059 3555 4113 vel

1983 4188 2153 4242 pauca
2189 4171 2258 4222 ab
2288 4169 2368 4220 eis
2398 4164 2760 4234 prietermissa
2798 4169 2923 4214 sunt
2953 4159 3139 4220 verba,
3173 4155 3347 4209 victus
3375 4152 3555 4214 tzedio,

1989 4267 2246 4318 adnotare
2288 4258 2460 4322 nolui,
2493 4271 2560 4309 ne
2605 4254 2880 4308 fastidium
2934 4249 3239 4319 legentibus
3295 4246 3555 4299 facerem.

1988 4355 2280 4408 Pollicetur
2307 4359 2491 4404 autent
2521 4346 2802 4404 Dominus,
2844 4341 2928 4396 his
2955 4341 3046 4410 qui
3071 4345 3230 4392 erant
3287 4335 3340 4390 in
3383 4344 3560 4389 trans-

1990 4446 2333 4515 migratione,
2368 4439 2512 4509 quod
2543 4445 2665 4503 post
2692 4433 3037 4503 septuaginta
3065 4443 3237 4484 annos
3269 4427 3557 4496 captivita-

1991 4542 2060 4590 tis
2092 4537 2268 4591 redire
2297 4548 2392 4588 eos
2429 4530 2590 4584 laciat
2615 4527 2684 4582 de
2741 4524 3015 4580 universis
3065 4521 3346 4592 gentibus,
3400 4529 3455 4573 et
3494 4517 3562 4570 de

303 4645 416 4697 ces,
452 4638 504 4681 ut
547 4629 690 4698 quod
724 4629 1046 4696 promissum
1105 4634 1212 4687 est,
1264 4630 1574 4676 Ittcrcnutur
1609 4622 1879 4687 accipere.
1913 4626 1964 4686 ι’)
1993 4621 2205 4685 cunctis
2235 4626 2390 4688 locis,
2419 4623 2484 4676 ad
2513 4636 2632 4690 qua;
2679 4616 2960 4687 expulerit
2990 4628 3102 4679 eos,
3138 4621 3192 4665 et
3246 4609 3564 4679 captivitate

305 4724 558 4791 Qutrritis
598 4739 697 4786 nte,
745 4731 791 4774 et
825 4720 1126 4781 invenietis,
1182 4733 1302 4769 eum
1341 4715 1656 4783 quaesieritis
1689 4715 1741 4765 in
1777 4722 1882 4765 toto

307 4820 463 4873 corde
515 4826 684 4871 vestro
709 4831 730 4877 ;
755 4813 911 4884 juxta
950 4811 1080 4876 illud
1125 4807 1514 4875 Exangelicum
1547 4822 1560 4857 :
1603 4804 1787 4866 Petito,
1834 4811 1883 4856 et

307 4910 580 4978 accipietis
616 4922 635 4960 :
661 4906 902 4976 quarite,
962 4912 1012 4955 et
1061 4900 1328 4954 invenietis
1353 4914 1373 4951 :
1411 4899 1645 4966 pulsate,
1680 4903 1729 4946 et
1765 4908 1888 4959 ape-

311 5005 478 5054 rietur
523 4997 665 5052 vobis
719 4995 936 5066 (Matth.
968 5009 1063 5057 vn,
1122 4991 1196 5059 7).
1229 4989 1538 5044 Secundum
1579 4999 1884 5053 anagogeu,

313 5093 521 5147 tamdiu
579 5091 631 5144 in
717 5087 905 5142 saeculi
959 5084 1145 5152 hujus.
1188 5081 1506 5137 confusione
1587 5091 1886 5139 versamur,

311 5184 576 5255 quamdiu
649 5181 894 5250 requiem
961 5175 1261 5246 septenarii
1318 5171 1532 5228 numeri
1583 5185 1890 5224 mereamur

311 5277 585 5346 accipere,
615 5284 672 5329 et
703 5283 924 5340 accepta
950 5267 1294 5338 poenitentia,
1330 5265 1470 5319 Deus
1497 5262 1723 5332 impleat
1747 5260 1891 5328 quod

316 5373 588 5440 promis",
624 5377 675 5420 et
703 5366 1029 5421 reducantur
1054 5361 1122 5414 ad
1176 5359 1355 5413 locum
1409 5367 1674 5410 nostrqu
1708 5352 1892 5407 Eccle-

398 5579 412 5607 ‘
442 5581 609 5630 Antea
641 5581 781 5634 erat,
837 5580 884 5624 et
917 5568 1124 5636 soporis
1182 5579 1382 5630 errore,
1448 5559 1896 5615 dissentientibus

322 5661 608 5770 ms'sitecte
638 5723 854 5766 aunotat
892 5709 1139 5768 Drusius,
1175 5707 1315 5758 hanc
1355 5699 1668 5770 Symmachi
1704 5698 1895 5752 lectio-

326 5804 451 5841 nem
501 5803 608 5839 nou
654 5787 927 5850 reSpiccrc
987 5778 1356 5850 limc__v_erlia,
1399 5783 1446 5850 et
1478 5771 1642 5850 ibitis,
1686 5772 1782 5818 sn-d
1815 5785 1900 5818 se-

326 5867 582 5933 quentem
623 5843 862 5934 vers-um,
894 5852 982 5902 ubi
1019 5850 1074 5901 in
1111 5845 1337 5899 Hchtzco
1407 5843 1592 5909 it‘giltll
1659 5847 1902 5895 DDRE‘D‘.

331 5937 378 5983 et
414 5939 699 5979 mt'entctzs.

1989 4723 2188 4780 laxata,
2240 4716 2531 4786 pristinum
2563 4721 2764 4767 statum
2797 4717 2850 4764 et
2901 4707 3134 4776 patriam
3188 4702 3457 4769 recipere.
3500 4697 3566 4750 Et

1987 4827 2112 4868 cum
2142 4825 2243 4878 ego
2272 4808 2404 4870 haec,
2442 4804 2637 4873 inquit,
2665 4817 2781 4856 mea
2834 4808 3025 4868 sponte
3059 4794 3302 4848 tacturus
3329 4790 3453 4848 sim,
3509 4797 3566 4860 et

1989 4915 2138 4960 certo
2171 4913 2412 4968 tempore
2443 4899 2714 4953 redituros
2747 4909 2841 4947 vos
2875 4894 2918 4953 ⁵,
2981 4889 3182 4940 frustra
3222 4881 3560 4949 decipimini,

1991 5007 2045 5051 et
2075 4994 2276 5065 putatis
2309 5007 2404 5046 vos
2435 4990 2635 5042 habere
2667 4984 2961 5053 prophetas
2994 4980 3048 5034 in
3109 4977 3408 5045 Babylone,
3468 4971 3563 5046 qui

1994 5084 2144 5138 vobis
2169 5081 2301 5136 falsa
2337 5079 2678 5148 promittunt.
2696 5074 2768 5125 Ita
2791 5084 2969 5126 autem
3003 5065 3192 5129 sciatis
3215 5078 3556 5132 nequaquam

1996 5192 2090 5230 vos
2142 5175 2375 5228 reditum
2417 5184 2563 5225 nunc
2601 5179 2824 5235 sperare
2875 5162 3121 5227 debere:
3157 5156 3254 5212 sed
3298 5155 3568 5213 aediﬁcare

1996 5269 2211 5330 domos,
2243 5266 2488 5334 plantare
2514 5258 2779 5330 pomaria,
2815 5256 3064 5323 accipere
3097 5264 3318 5316 uxores,
3379 5258 3432 5303 et
3462 5262 3568 5317 ge—

1997 5373 2191 5412 nerare
2227 5355 2390 5417 lilios,
2435 5361 2491 5407 et
2555 5347 2895 5418 multiplicari
2957 5357 3207 5408 numero,
3271 5351 3322 5395 et
3356 5351 3569 5406 tempus

2073 5563 2092 5593 ³
2124 5559 2294 5614 Vatic.
2315 5597 2328 5619 ,
2359 5555 2494 5608 Ante
2526 5552 2758 5620 captivos
2786 5546 3079 5602 remittente
3109 5551 3199 5606 ,'et
3233 5554 3376 5607 mox,
3427 5535 3570 5591 Tunc

2002 5637 2052 5686 in
2078 5650 2136 5683 ea
2165 5629 2447 5698 promissa.
2474 5634 2580 5678 etc.

2077 5703 2096 5732 ⁸
2124 5686 2179 5752 Ιιὶ
2209 5686 2443 5752 Cistere.
2476 5709 2670 5746 nomen
2707 5706 2848 5758 spem
2887 5686 3245 5758 desideratur.

2076 5775 2095 5803 ⁸
2124 5747 2396 5821 ᾖςῖέιῖοίῐις
2432 5747 2580 5818 addit
2629 5747 2853 5814 verbum
2919 5754 3254 5817 decreverim,
3308 5759 3362 5803 et
3410 5747 3571 5817 paulo

2007 5855 2122 5913 post
2153 5841 2378 5894 Cisterc.
2424 5849 2522 5887 ms.
2555 5833 2829 5900 desperare
2858 5827 3036 5889 habet,
3072 5839 3168 5894 pro
3200 5836 3432 5891 sperare.
