4004 6182
469 412 576 474 895

1652 417 1709 481 s.
1755 413 2066 479 EUSEBIl
2102 415 2548 508 HIERONYMI

3620 409 3729 473 896

465 535 782 594 exspectare
814 526 1170 594 promissum.
1220 528 1419 585 Audite
1470 531 1598 600 quid
1644 531 1906 586 Dominus
1953 533 2035 586 lo-
2066 532 2112 588 Α
2143 531 2234 600 qui
2269 547 2365 587 eos
2395 530 2788 596 hortabantur,
2839 537 2896 584 ut
2945 531 3010 584 ad
3054 538 3267 584 terrena
3305 524 3725 582 descenderent-

464 628 662 687 quatur
690 620 754 672 ad
788 618 1066 672 Sedeciam
1089 662 1103 685 ,
1143 619 1231 685 qui
1256 636 1401 675 nunc
1432 630 1618 692 regnat
1653 622 1705 676 in
1736 621 2038 678 Jerusalem

463 719 521 763 ct
551 709 614 761 ad
647 725 836 764 omnes
867 710 1081 781 1046
1113 711 1444 768 habitatores
1477 716 1627 769 urbis
1654 715 1793 786 ejus,
1837 717 1887 768 id
1933 725 2037 777 est,

471 800 538 851 ad
563 799 758 853 fratres
783 812 1010 868 vestros,
1046 804 1137 873 qui
1176 805 1463 859 noluerant
1506 822 1636 860 meae
1663 808 1887 862 obedire
1918 824 2039 863 seu-

473 890 674 952 Ieutiaz,
699 902 753 944 et
777 890 1102 962 Babylonem
1142 896 1376 966 migrare
1407 899 1715 962 vobiscum,
1751 903 1892 970 quod
1947 917 2040 953 ne-

463 999 731 1049 quaquam
756 987 1130 1054 captivitatem
1158 991 1369 1058 possint
1403 992 1664 1060 ellugetc,
1695 994 1793 1047 sed
1831 993 2036 1062 gladio,

460 1082 512 1125 rt
546 1073 708 1139 fame,
734 1085 788 1129 et
824 1087 972 1144 peste
1024 1081 1353 1135 moriantur.
1407 1082 1476 1136 Et
1509 1102 1697 1149 ponam
1745 1103 1832 1139 cos
1887 1088 2040 1155 quasi

460 1165 594 1228 ficus
628 1166 802 1220 mulas
832 1185 850 1233 ;
883 1185 1019 1237 quas
1061 1171 1366 1227 Theodotio
1391 1176 1787 1244 interpretatus
1811 1190 1893 1234 est
1946 1197 2040 1234 su-

463 1257 681 1319 drinas;
707 1258 956 1314 Secunda
992 1263 1007 1292 ¹
1062 1266 1314 1329 pessimos
1349 1284 1369 1331 ;
1400 1267 1793 1336 Symmachus,
1819 1274 2042 1325 novissi-

468 1365 626 1402 mos:
671 1366 791 1418 qua:
825 1351 1092 1408 Hebraice
1126 1358 1467 1425 appellantur
1515 1377 1709 1416 suanm
1769 1365 2039 1432 (nt-13:),
2093 1421 2099 1426 _

462 1441 554 1492 sed
585 1441 910 1509 scripturum
942 1446 1072 1498 vitio
1102 1463 1198 1514 pro
1237 1450 1408 1503 media
1447 1452 1678 1522 syllaba,
1714 1455 1831 1509 sive
1861 1457 2039 1510 littera

462 1531 652 1596 Alpha,
691 1533 937 1589 Grsecnm
981 1538 1130 1592 Delta
1164 1541 1386 1596 inolevit
1418 1563 1430 1598 :
1463 1553 1522 1599 ut
1555 1560 1652 1612 pro
1672 1561 1866 1601 suanm
1900 1549 2042 1618 lcga-

463 1632 548 1675 l'li‘
568 1640 782 1682 suoutn.
801 1626 1084 1690 Quomodo
1106 1642 1285 1687 autem
1308 1635 1597 1703 rephtnus.
1631 1638 1747 1691 sive
1769 1639 2038 1702 calathus,

461 1716 550 1782 qui
589 1717 820 1772 hab-bat
855 1720 988 1774 licus
1045 1723 1235 1788 bonas,
1291 1727 1592 1794 primitivas
1626 1729 1890 1785 habuisse
1955 1733 2040 1786 di-

461 1809 642 1863 citur:
682 1810 760 1864 sic
791 1812 928 1866 alter
960 1814 980 1842 ¹
1015 1816 1308 1884 cophinus,
1341 1819 1434 1888 qui
1484 1820 1719 1876 habebat
1765 1824 1899 1878 licus
1926 1841 2040 1878 Ina-

463 1899 561 1964 las,
593 1901 843 1956 habuisse
871 1904 1004 1958 ticus
1064 1908 1391 1964 novissimas
1420 1911 1701 1966 scribitur.
1740 1914 1808 1967 Et
1843 1929 2040 1983 perse-

462 2007 616 2056 quar,
655 1991 851 2059 inquit,
880 2009 974 2048 eos
1029 1998 1117 2061 qui
1150 2014 1295 2051 nunc
1321 2001 1375 2052 in
1407 2000 1712 2056 Jerusalem
1744 2005 1882 2059 urbe
1917 2021 2040 2060 ver-

464 2090 674 2144 santur,
708 2083 909 2148 gladio,
963 2085 1124 2149 laute,
1167 2097 1222 2140 et
1273 2091 1636 2158 pestilentia:
1693 2104 1750 2148 ut
1809 2096 2042 2164 primum

463 2169 762 2234 obsidione,
789 2176 1074 2229 confestim
1113 2179 1133 2209 ⁸
1158 2182 1246 2247 qui
1280 2197 1564 2238 remanere
1613 2194 1667 2240 et
1690 2185 1926 2258 elfugere
1951 2205 2045 2258 po-

465 2263 684 2325 tuerint,
713 2264 1097 2336 disperguntur
1129 2272 1180 2324 in
1205 2274 1486 2330 universas
1515 2284 1706 2344 terras,
1725 2290 1779 2332 et
1801 2281 2046 2348 exemplo

463 2353 570 2408 sint
596 2359 847 2411 omnibus
869 2362 1282 2431 tnaledictionis,
1309 2369 1566 2436 stuporis,
1593 2380 1645 2425 et
1680 2370 1823 2426 sibili
1874 2381 1927 2428 et
1949 2387 2046 2441 op—

463 2448 669 2513 probrii
694 2466 707 2502 :
746 2449 812 2504 ad
845 2466 983 2520 quos
1012 2469 1112 2524 ego
1130 2455 1346 2524 eiiciam
1372 2474 1466 2513 eos
1497 2459 1608 2533 [ΑΙ.
1631 2463 1916 2534 vos],quia
1939 2483 2044 2522 non

461 2541 749 2596 audierunt
774 2546 938 2598 verba
972 2561 1114 2610 mea,
1145 2549 1281 2604 dicit
1313 2553 1598 2617 Dominus,
1626 2571 1746 2624 qua:
1796 2572 1890 2626 per
1924 2575 2044 2614 ser-

463 2648 560 2687 vos
594 2648 741 2689 meos
772 2636 983 2692 locutus
1014 2653 1135 2694 sum
1170 2641 1236 2695 ad
1263 2655 1359 2696 eos
1389 2646 1454 2697 de
1482 2654 1642 2700 nocte
1681 2661 2043 2719 consurgens,

463 2727 757 2782 etutitteus
794 2744 809 2785 :
846 2737 900 2784 et
944 2746 1225 2801 nunquam
1261 2749 1483 2790 monere
1516 2741 1746 2802 cessavi,
1780 2751 1835 2794 ut
1865 2741 2046 2798 imita-

465 2829 651 2873 rentur
680 2837 776 2876 vos
808 2822 899 2891 qui
922 2816 1077 2878 nunc
1108 2825 1162 2879 in
1199 2829 1679 2897 transmigratione
1710 2847 1904 2888 securo
1933 2836 2046 2891 otio

464 2910 828 2977 perfruimini,
862 2914 1029 2968 donec
1049 2916 1365 2988 promissio}
1392 2918 1609 2977 Dnnini
1669 2925 2043 2994 compleatur.

466 3000 576 3054 Vos
604 3012 783 3055 autem
818 3007 910 3071 qui
939 3022 1070 3060 nime
1095 3007 1359 3064 obedistis
1391 3015 1699 3079 sententiae,
1734 3027 1789 3070 et
1813 3019 1923 3087 regi
1951 3035 2047 3076 vos

465 3092 761 3164 Babylonio
790 3095 1110 3160 tradidistis,
1155 3099 1339 3154 audite
1363 3116 1482 3170 qure
1515 3104 1762 3163 dicturus
1795 3109 1923 3164 sim.
1976 3111 2044 3168 Et

2142 635 2196 678 et
2225 640 2422 693 corpus
2454 623 2782 677 humilitatis
2822 633 3162 678 assumereut
3189 637 3208 688 ;
3238 629 3291 676 et
3311 631 3433 674 acta
3458 621 3724 687 paeniten-

2147 718 2218 768 tia
2243 727 2364 784 post
2391 732 2577 770 verum
2611 715 3027 779 sabbatismum,
3057 714 3232 768 locum
3258 712 3558 783 pristinum
3600 725 3727 776 pos-

2143 810 2400 863 siderent.
2429 807 2556 862 liaac
2591 808 2683 862 ille
2713 807 2932 863 dixerit.
2977 805 3108 871 Quae
3132 819 3257 860 cum
3290 804 3531 858 audiunt
3561 802 3724 857 disci-

2145 900 2252 970 puli
2293 901 2429 969 ejus,
2459 909 2513 954 et
2551 899 2881 954 Grunnianaz
2931 899 3150 952 familia:
3202 905 3471 961 stercora,
3534 903 3728 963 putant

2144 1007 2204 1046 se
2236 991 2415 1045 divina
2435 991 2626 1045 audire
2655 991 2931 1062 mysteria.
2961 990 3184 1058 Nosque
3213 991 3305 1058 qui
3348 990 3450 1043 ista
3479 998 3728 1041 contem-

2146 1084 2344 1145 nimus,
2376 1083 2527 1151 quasi
2551 1098 2652 1151 pro
2673 1083 2847 1138 brutis
2875 1083 3083 1136 habent
3113 1080 3516 1143 animantibus,
3553 1088 3608 1132 et
3629 1093 3723 1132 vo-

2145 1187 2266 1229 cant
2290 1175 2690 1245 πηλουςιὼτας,
2727 1190 2794 1230 co
2827 1176 2968 1244 quod
3003 1177 3081 1240 ini
3111 1175 3227 1228 luto
3266 1159 3448 1226 riistius
3479 1172 3726 1239 corporis

2146 1266 2423 1320 constituti
2458 1282 2561 1320 non
2583 1267 2855 1336 possimus
2876 1267 3081 1322 sentire
3101 1266 3353 1320 ctelestia
3389 1262 3436 1318 ⁵.

2217 1357 2396 1426 (Vers.
2424 1358 2486 1412 ‘21
2527 1359 2728 1428 seqq.).
2777 1377 2795 1409 ι
2847 1357 2969 1412 Haec
3006 1358 3141 1411 dicit
3202 1357 3466 1410 Dominus
3509 1356 3725 1409 exerci-

2147 1465 2319 1520 tuum,
2353 1456 2490 1508 Deus
2514 1453 2700 1519 lsrael,
2736 1455 2800 1508 ad
2822 1455 3008 1510 Achab
3037 1454 3205 1508 lilium
3243 1453 3429 1520 Goliae,
3455 1463 3512 1506 et
3535 1455 3600 1506 ad
3630 1452 3726 1506 Sc-

2143 1545 2350 1599 deciam
2387 1545 2552 1599 tilium
2588 1545 2825 1608 Maasiw,
2862 1547 2954 1615 qui
2989 1547 3333 1615 prephetant.
3359 1546 3514 1600 vobis
3542 1546 3594 1598 in
3626 1561 3727 1600 no-

2144 1634 2290 1688 mine
2325 1649 2447 1686 meo
2485 1636 2822 1689 mendaciter
2867 1650 3044 1690 :ecce
3093 1649 3192 1703 ego
3251 1635 3460 1689 tradam
3514 1648 3612 1688 eos
3671 1636 3724 1686 in

2147 1742 2308 1779 n=anu
2340 1726 2842 1782 Nabuchodonosor
2885 1729 3029 1797 regis
3079 1727 3392 1797 Babylonis,
3427 1736 3482 1780 et
3536 1741 3719 1794 pert-ts

2147 1818 2244 1872 tiet
2276 1835 2370 1872 eos
2397 1819 2447 1872 in
2480 1820 2655 1873 oculis
2687 1820 2909 1881 veStris.
2955 1821 3020 1874 Et
3048 1829 3362 1875 assumetur
3393 1833 3458 1872 es
3499 1819 3581 1873 eis
3611 1835 3726 1872 ma-

2150 1912 2369 1967 ledictio
2398 1914 2548 1968 oumi
2593 1910 3055 1982 transmigrationi
3118 1913 3292 1980 ludas,
3344 1929 3469 1982 quze
3525 1922 3610 1968 est
3671 1911 3723 1963 in

2148 2005 2428 2078 Babylone
2452 2006 2748 2062 dicentium
2779 2023 2796 2064 :
2825 2007 2998 2061 Ponat
3031 2017 3083 2061 te
3111 2006 3375 2061 Dominus
3396 2007 3726 2072 sicutSede-

2147 2101 2309 2166 ciam,
2343 2109 2397 2156 et
2421 2101 2562 2154 sicut
2594 2099 2804 2167 Achab,
2835 2117 2972 2171 quos
3008 2101 3161 2154 frixit
3201 2115 3296 2154 rex
3329 2100 3626 2170 Babylonis
3673 2102 3721 2152 in

2146 2194 2294 2263 igne,
2337 2207 2433 2260 pro
2455 2208 2522 2246 eo
2548 2193 2688 2262 quod
2717 2192 2962 2248 fecerunt
2997 2192 3186 2264 [ναις.
3223 2191 3475 2263 fecerint]
3536 2193 3719 2248 stultt-

2149 2287 2280 2340 tiam
2316 2286 2443 2356 (sive
2469 2284 2836 2356 iniquitatem)
2859 2285 2909 2339 in
2943 2286 3130 2351 Israel,
3175 2297 3231 2340 et
3284 2285 3542 2341 mmchati
3598 2299 3724 2341 sunt

2149 2395 2355 2434 uxores
2379 2379 2678 2433 amicorum
2706 2379 2833 2448 (sive
2870 2378 3092 2447 civium)
3129 2393 3356 2434 suorum
3392 2396 3407 2435 :
3444 2390 3499 2434 et
3555 2379 3722 2433 locuti

2147 2479 2272 2525 sunt
2299 2469 2522 2524 verbum
2553 2469 2608 2522 in
2639 2470 2855 2524 nomine
2894 2484 3013 2523 meo
3043 2470 3398 2536 mendaciter,
3432 2470 3577 2539 quod
3617 2488 3723 2525 non

2148 2563 2399 2616 mandavi
2427 2563 2549 2618 eis:
2586 2576 2686 2630 ego
2720 2577 2840 2616 sum
2871 2561 3036 2630 iudex
3071 2571 3127 2617 et
3163 2562 3338 2623 testis,
3371 2562 3507 2617 dicit
3534 2562 3720 2616 Domi.

2149 2670 2271 2710 nus.
2295 2672 2322 2710 s
2358 2655 2522 2708 Aiunt
2549 2655 2755 2709 l‘lehrmi
2785 2655 2885 2709 hos
2913 2667 3034 2707 esse
3058 2655 3425 2724 presbyteros,
3458 2653 3551 2722 qui
3587 2653 3727 2707 fece-

2150 2747 2260 2801 riut
2288 2745 2572 2801 stultitiam
2613 2748 2665 2799 in
2705 2744 2896 2812 lsrael,
2931 2753 2987 2799 et
3020 2744 3280 2798 moechati
3339 2752 3465 2796 sunt
3528 2759 3728 2797 uxores

2148 2838 2347 2894 civium
2375 2853 2624 2901 suorum,
2651 2851 2884 2906 quorum
2924 2836 3011 2890 ιιιιί
3071 2835 3314 2904 loquitur
3354 2833 3541 2888 Daniel
3578 2850 3594 2888 :
3632 2833 3727 2889 Se-

2149 2947 2266 2985 men
2286 2931 2582 2996 Chaunum,
2614 2940 2660 2983 et
2687 2946 2790 2984 non
2828 2929 2995 2994 Juda,
3029 2930 3224 2998 species
3286 2929 3490 2996 decepit
3543 2940 3620 2993 te,
3678 2938 3728 2982 et

2149 3023 2576 3092 concupiscentia
2604 3023 2851 3076 subvertit
2887 3037 2980 3076 cor
3015 3031 3185 3074 tuum.
3220 3020 3308 3076 Sic
3336 3021 3617 3090 faciebatis
3665 3022 3729 3088 ﬁ-

2150 3115 2322 3169 liabus
2349 3113 2540 3176 Israel,
2558 3123 2606 3166 et
2625 3113 2732 3166 illte
2749 3123 3029 3165 metuentes
3047 3112 3398 3181 loquebantur
3422 3112 3726 3178 vrbiscum;

463 3185 515 3237 lu
538 3184 639 3238 hoc
674 3185 791 3238 loco
824 3187 1030 3241 delirus
1061 3187 1333 3257 luterpres
1368 3194 1605 3251 somniat
1634 3199 1841 3253 ruinam
1874 3203 2034 3258 caele-
2064 3197 2108 3257 C
2141 3204 2228 3255 sed
2248 3201 2482 3270 non/ilia
2507 3200 2650 3255 Juda
2689 3201 3286 3271 sustinuitiniquitatem
3313 3212 3533 3254 vestram
3549 3201 3723 3272 (Dan.

461 3275 565 3327 stis
597 3274 928 3341 Jerusalem,
955 3279 1091 3332 etad
1115 3295 1210 3334 eos
1238 3283 1575 3350 prophetiam
1607 3288 1764 3354 dirigi
1796 3292 2046 3362 suspica-

464 3379 572 3435 tur,
602 3373 694 3439 qui
742 3372 794 3426 in
819 3373 978 3442 hujus
1010 3375 1192 3430 mundi
1221 3375 1511 3447 Babylonia
1543 3377 1763 3449 regione
1807 3401 2044 3442 versan-

465 3475 589 3518 tur:
623 3465 766 3534 quod
795 3467 1171 3523 benefeceriut
1207 3471 1260 3523 iu
1303 3470 1416 3526 haec
1443 3487 1669 3544 corpora
1704 3487 1898 3547 sponte
1928 3479 2047 3535 des-

461 3555 715 3623 cendere,
752 3567 806 3613 et
835 3559 886 3612 iu
927 3571 1072 3615 terra
1107 3562 1484 3618 Chaldaeorum
1514 3567 1790 3623 aedificare
1823 3570 2041 3639 domos,

461 3649 706 3712 plautare
744 3652 1010 3720 pomaria,
1041 3657 1293 3724 accipere
1327 3671 1548 3724 uxores,
1576 3659 1714 3714 lilios
1745 3677 2041 3731 generare,

462 3747 722 3814 bonisque
762 3748 1017 3816 operibus
1044 3749 1260 3804 restitui
1298 3763 1419 3820 post
1470 3755 1816 3825 septuaginta
1869 3773 2042 3811 annos

462 3838 514 3891 in
547 3839 722 3892 locum
754 3840 1063 3910 pristinum,
1087 3851 1143 3896 et
1167 3843 1219 3896 iu
1254 3844 1532 3899 cmlcstem
1555 3845 1855 3902 Jerusalem
1878 3867 1892 3915 ;
1918 3849 2040 3905 illos

459 3940 664 3994 autem,
697 3933 789 3999 qui
829 3932 1344 4004 noluerintpmpria
1373 3935 1653 3991 voluntate
1710 3937 1776 3992 ad
1823 3948 2036 3994 terrena

460 4024 811 4088 descendere,
845 4024 963 4079 hate
989 4039 1266 4094 passuros,
1303 4043 1426 4093 qua:
1475 4027 1737 4086 Dominus
1775 4029 2036 4096 Sedeciae,

460 4126 514 4170 et
546 4117 662 4185 eius
687 4117 887 4187 populo
913 4119 1296 4174 comminatur.
1345 4119 1447 4186 Qui
1504 4121 1778 4176 noluerint
1833 4124 2036 4180 imitari

463 4212 661 4266 t‘ratrcs
689 4227 840 4277 suos,
881 4226 983 4268 nec
1015 4215 1201 4268 venire
1231 4214 1282 4268 in
1314 4212 1664 4285 Babylonem,
1691 4220 1832 4286 quod
1862 4219 2040 4275 mittat

461 4304 512 4354 iu
538 4317 631 4356 cos
667 4303 923 4370 gladium,
951 4305 1218 4362 ctt‘amem
1249 4316 1303 4361 et
1333 4317 1558 4376 pestem,
1588 4309 1691 4364 hoc
1720 4319 1822 4375 est,
1854 4327 2034 4367 rerum

459 4395 703 4448 onttiinm
727 4396 1032 4464 penuriam,
1071 4407 1126 4453 et
1161 4408 1325 4466 ponat
1356 4400 1513 4466 quasi
1564 4400 1700 4454 licus
1743 4403 2032 4468 pessimas,

458 4503 578 4555 quae
602 4487 817 4554 penitus
849 4489 1061 4543 comedi
1093 4504 1198 4543 non
1253 4499 1517 4558 possunt;
1560 4501 1614 4547 et
1669 4505 2033 4563 persequatur

455 4591 553 4629 eos
575 4575 752 4646 gladio
777 4577 1133 4646 sempiterno,
1162 4587 1216 4633 et
1245 4579 1337 4633 det
1368 4580 1420 4633 in
1450 4581 1796 4636 vexationem
1818 4583 2037 4639 univer-

458 4668 536 4722 sis
570 4668 752 4739 rrguis
776 4676 934 4724 terra:
962 4687 974 4723 :
1002 4684 1131 4738 quo,
1159 4670 1374 4724 scilicet
1423 4687 1765 4742 nequaquam
1823 4675 2034 4748 1057

459 4760 731 4822 homines,
790 4762 886 4815 sed
935 4763 1209 4814 daemones
1276 4762 1407 4816 ﬁant
1469 4765 1632 4818 aeriae
1676 4774 2032 4833 potesmtes:

455 4865 512 4906 et
558 4851 670 4905 sint
726 4851 865 4920 apud
917 4860 1144 4908 cunctos
1205 4853 1453 4923 angelos,
1503 4856 1596 4923 qui
1661 4856 1883 4923 praesint
1918 4858 2036 4912 sin-

458 4944 598 5011 gulis
653 4945 949 5012 provinciis
1008 4944 1060 4999 iu
1107 4945 1572 5010 Iualedietiouem,
1651 4957 1707 5001 et
1764 4947 1817 5002 in
1847 4958 2036 5020 stupo-

459 5051 595 5100 rem,
652 5045 708 5092 et
765 5037 816 5090 iu
863 5037 1108 5100 sibilum,
1161 5045 1218 5092 et
1263 5037 1315 5091 iu
1381 5037 1738 5106 Opprobrium
1813 5042 2036 5097 cunctis

457 5128 732 5196 gentilms.
768 5129 834 5182 Et
865 5131 971 5185 hoc
1011 5145 1103 5184 eos
1133 5130 1340 5186 idcirco
1391 5145 1670 5201 passuros,
1711 5132 1835 5201 quia
1869 5133 2036 5190 verba

457 5220 849 5293 pmphetarum
876 5223 1156 5293 incalesti
1179 5221 1486 5288 Jerusalem
1511 5223 1700 5280 audire
1732 5225 2034 5294 noluerint,

531 5363 546 5394 '
578 5359 686 5415 Pro
717 5361 975 5426 secunda,
996 5359 1048 5413 id
1079 5369 1183 5426 est,
1210 5361 1388 5422 editio,
1430 5359 1779 5414 Martiaua'us
1801 5373 1865 5412 ex
1888 5358 2038 5428 inge-

458 5436 574 5497 nia,
612 5442 667 5485 ut
695 5431 928 5496 videtur,
959 5431 1238 5498 rescripsit
1262 5431 1482 5484 scilicet.
1513 5432 1576 5482 At
1599 5430 1831 5482 seenmla
1864 5438 1948 5481 cst
1981 5431 2034 5481 in

459 5521 592 5558 mss.
626 5517 842 5568 quoque
867 5502 1067 5554 nostris
1085 5504 1360 5561 omnibus,
1391 5511 1446 5554 et
1482 5501 1530 5552 in
1561 5513 1667 5552 uno
1700 5498 2037 5566 Sangerma-

458 5573 633 5632 ttrnsi,
673 5582 810 5626 teste
839 5569 1260 5633 llloutfauconio,
1287 5586 1352 5622 ne
1375 5572 1619 5637 vulgatos
1646 5569 1856 5634 pridem
1884 5583 2037 5620 com-

378 5668 383 5672 -
458 5656 778 5704 uti-.morem,
831 5657 863 5694 e
918 5642 1119 5709 quibus
1203 5638 1480 5693 Victorius
1523 5649 1575 5692 et
1637 5653 1822 5690 vocem
1874 5638 2035 5691 editio

458 5710 628 5766 addit.
666 5710 829 5763 llerte
885 5715 1019 5764 adeo
1089 5719 1338 5764 notatum
1371 5720 1453 5764 est
1491 5709 1709 5771 Drusio,
1735 5709 2031 5762 secundum

461 5779 674 5843 Aqttiiil‘.
697 5781 988 5832 editionem
1022 5781 1320 5847 designari.

547 5849 572 5878 ³
621 5847 716 5903 llic
749 5864 956 5904 rursum
982 5849 1172 5904 vitiose
1203 5848 1358 5903 Mart.
1394 5848 1566 5913 aliter,
1596 5864 1691 5917 pro
1718 5848 1849 5902 alter
1885 5849 2032 5919 legit.

2146 3304 2262 3356 xm,
2295 3293 2384 3354 56,
2412 3291 2524 3358 57).
2561 3290 2824 3358 Quodque
2849 3291 3115 3360 Propheta
3149 3301 3278 3345 tunc
3309 3291 3551 3360 loquitur
3589 3307 3604 3343 :
3653 3294 3724 3346 Et

2147 3384 2312 3437 locuti
2349 3393 2472 3436 sunt
2511 3383 2722 3436 rerbum
2751 3384 2803 3436 in
2831 3384 3041 3437 nomine
3072 3399 3184 3436 meo
3212 3384 3555 3449 mendaciter,
3586 3384 3728 3453 quod

2147 3491 2250 3528 non
2291 3473 2542 3528 mandavi
2575 3475 2671 3531 eis.
2706 3474 2836 3527 illml
2869 3472 3168 3544 signiﬁcari
3196 3484 3409 3544 putant,
3441 3478 3587 3544 quod
3616 3477 3722 3528 mi—

2145 3579 2298 3619 seras
2337 3566 2686 3620 mulierculas
2718 3581 2838 3634 qum
2861 3564 3326 3620 circumferuntur
3353 3567 3506 3620 omni
3565 3575 3728 3620 vento

2143 3657 2424 3720 doctrinae.
2452 3659 2531 3711 sic
2557 3657 2893 3726 deceperint,
2931 3672 3041 3725 quo
3073 3657 3319 3711 dicereut
3368 3659 3469 3722 eis,
3499 3658 3626 3728 quia
3659 3659 3726 3713 de

2145 3749 2285 3804 tribu
2311 3761 2468 3803 erant
2500 3748 2654 3815 luda,
2685 3750 2962 3806 Christum
3001 3750 3071 3804 de
3105 3765 3206 3806 suo
3241 3752 3453 3806 semine
3478 3767 3606 3807 esse
3629 3768 3724 3823 ge-

2143 3843 2440 3897 neraudum
2476 3858 2493 3896 :
2525 3856 2646 3912 quae
2675 3843 2869 3896 illectae
2902 3842 3152 3909 cupidine
3189 3842 3498 3911 pra‘hebant
3525 3858 3725 3913 corpo-

2143 3951 2200 3989 ra
2233 3950 2350 3998 sua,
2379 3935 2534 4004 quasi
2558 3943 2760 3988 matres
2785 3932 2981 3988 futura:
3009 3934 3239 3990 Christi.
3290 3934 3394 3989 Sed
3429 3935 3557 3989 illud
3575 3938 3722 4005 quod

2140 4027 2194 4082 in
2230 4029 2642 4095 prazseutiarum
2681 4027 2920 4082 dicitur:
2966 4027 3109 4092 Quos
3143 4028 3297 4096 friwit
3342 4027 3560 4100 1048
3630 4046 3723 4083 rex

2141 4119 2424 4190 Babylonis
2447 4120 2509 4171 iu
2537 4119 2674 4188 igne,
2697 4119 2912 4173 videtur
2941 4119 3177 4175 Dauielis
3203 4121 3452 4176 historia:
3480 4125 3724 4177 contrai—

2139 4227 2218 4267 re.
2249 4213 2343 4266 llle
2374 4211 2520 4264 enim
2557 4211 2751 4265 asserit
2793 4225 2890 4266 eos
2944 4214 3010 4266 ad
3041 4213 3368 4268 sententiam
3421 4214 3664 4268 Dauielis
3691 4232 3719 4268 a

2138 4301 2335 4373 pop,qu
2366 4315 2488 4354 esse
2523 4300 2790 4369 lapidatus
2818 4317 2833 4364 ;
2865 4302 2952 4354 hic
2992 4316 3122 4356 vero
3147 4302 3412 4372 scriptum
3437 4313 3544 4368 est,
3576 4307 3722 4372 quod

2139 4391 2465 4445 frixeriteos
2493 4404 2586 4443 rex
2613 4388 2905 4458 Babylonis
2948 4390 3004 4443 in
3037 4389 3181 4460 igne.
3214 4389 3368 4446 Unde
3395 4401 3450 4444 et
3482 4407 3510 4443 a
3530 4391 3721 4460 pleris-

2141 4499 2247 4553 que
2274 4499 2339 4538 ac
2369 4498 2504 4553 pene
2549 4483 2804 4536 omnibus
2838 4481 3103 4547 Hebraeis,
3155 4485 3270 4553 ipsa
3322 4483 3481 4552 quasi
3540 4483 3718 4538 fabula

2143 4592 2250 4630 non
2286 4577 2566 4642 recipitur,
2594 4589 2696 4630 nec
2721 4575 2920 4645 legitur
2958 4575 3012 4630 in
3045 4576 3342 4647 synagogis
3375 4591 3590 4630 eorum.
3614 4577 3716 4643 Qui

2139 4667 2308 4731 enim,
2336 4668 2616 4736 inquiunt,
2643 4667 2757 4722 ﬁeri
2791 4677 3026 4735 poterat,
3065 4677 3125 4722 ut
3179 4668 3383 4737 captivi
3441 4668 3719 4739 lapidandi

2141 4761 2416 4830 principes
2445 4769 2499 4814 et
2533 4762 2824 4831 prophetas
2851 4776 2980 4817 suos
3030 4760 3295 4816 haberent
3350 4763 3722 4831 potestatem?

2142 4851 2210 4906 Et
2244 4852 2416 4919 magis
2447 4851 2554 4906 hoc
2601 4866 2724 4907 esse
2753 4866 2942 4906 verum
2975 4852 3270 4914 atlirmaut.
3321 4853 3466 4920 quod
3521 4853 3720 4907 scribit

2140 4941 2424 5006 .lerctnias,
2461 4941 2739 4998 convictos
2773 4941 2991 5012 quidem
3021 4956 3142 4996 esse
3173 4942 3518 5012 presbyteros
3551 4957 3581 4996 ιι
3616 4941 3721 4996 Da-

2143 5034 2305 5096 niele,
2331 5035 2423 5089 sed
2448 5034 2610 5089 latam
2643 5035 2698 5088 iu
2724 5049 2820 5090 eos
2848 5035 3175 5090 sententiam
3215 5048 3244 5088 a
3268 5049 3390 5103 rege
3408 5033 3716 5106 Babylonis.

2139 5131 2304 5199 quiin
2344 5127 2617 5197 captivos,
2653 5139 2712 5182 ut
2747 5128 2920 5182 victor
2942 5138 2998 5183 et
3029 5127 3302 5192 dominus,
3358 5125 3593 5182 habebat
3615 5127 3718 5180 im-

2139 5221 2372 5292 perium.
2408 5219 2605 5286 Quanti
2630 5229 2684 5275 et
2715 5220 2784 5278 de
2813 5230 3004 5276 nostro
3035 5235 3196 5291 grege
3218 5218 3427 5275 similes
3455 5217 3646 5274 Achab
3663 5228 3717 5272 et

2210 5360 2232 5392 '
2282 5360 2555 5416 Laborare
2587 5357 2806 5413 videtur
2835 5355 2922 5413 hic
2953 5372 3144 5412 Sensus
3175 5372 3190 5409 :
3223 5365 3277 5410 at
3297 5355 3444 5410 enim
3473 5353 3717 5424 suSpicor

2139 5433 2363 5498 confecti
2407 5429 2715 5496 legentium,
2762 5442 2859 5494 pro
2893 5429 3190 5499 confestim.

2211 5495 2517 5554 5Vllomiues
2549 5495 3011 5552 videlicetcrassae
3038 5500 3311 5562 minervae,
3338 5505 3388 5551 et
3414 5495 3710 5564 plumbeus,

2140 5573 2404 5626 allusioue
2436 5569 2598 5624 facta.
2632 5584 2734 5620 non
2770 5568 2947 5623 minus
2970 5571 3036 5621 ad
3073 5583 3252 5622 mores
3276 5569 3586 5620 incolarum
3616 5569 3712 5620 νε-

2141 5644 2282 5701 lusii,
2321 5654 2479 5709 quam
2529 5638 2594 5691 ad
2647 5638 2890 5709 nominis
2929 5638 3349 5709 etymologimu:
3407 5648 3491 5709 est
3550 5639 3713 5709 enim,

2142 5705 2363 5764 anrtore
2390 5709 2680 5771 Strabone,
2715 5705 3018 5774 Πηλούσιυύ
3065 5709 3215 5776 napi
3245 5708 3302 5759 τὸ
3326 5705 3518 5777 πηλός,
3563 5720 3620 5761 ut
3668 5707 3712 5761 si

2144 5783 2418 5837 Lutetiam
2444 5797 2471 5831 a
2493 5781 2604 5833 luto
2631 5779 2834 5833 dixeris
2881 5781 3141 5834 derivari.
