4004 6182
249 191 358 255 897

718 189 1207 251 COMMENTAR.
1252 169 1338 248 ΙΝ¹
1375 189 1775 249 JEREMlA-M
1819 185 2279 252 PROPllETAM
2327 186 2465 245 LIB,
2514 187 2573 255 ν,
2640 186 2794 244 CAP.
2849 185 3062 245 XXIX.

3409 186 3515 244 898

252 308 518 369 Sedeciaa,
553 305 882 376 prophetam
914 305 965 357 in
988 304 1204 358 nomine
1226 301 1436 357 Domini
1466 303 1826 369 mendacium,
1865 317 1905 368 Α
1942 299 2197 354 comedite
2223 299 2439 368 jrnctus
2471 314 2650 352 eorum
2679 313 2697 352 .'
2723 299 2942 365 accipite
2979 313 3183 361 intres,
3214 310 3259 350 et
3301 312 3516 366 genera-

251 410 309 454 et
337 395 843 453 faciuntstultitiam
873 395 926 448 in
949 393 1147 457 'lsrael,
1178 404 1232 447 et
1260 395 1606 447 mcechantur
1634 409 1832 448 uxores

249 490 454 544 civium
485 501 729 550 suorum,
762 487 856 554 qui
890 487 944 538 in
1001 485 1189 539 eadem
1243 484 1500 539 Ecclesia:
1545 496 1671 538 snnt
1702 485 1834 539 urbe

250 579 497 651 generali
533 581 548 632 ι
611 593 752 646 quos
784 592 946 631 verus
979 576 1484 632 Nabuchodonosor
1511 576 1668 646 friget
1707 577 1722 607 ¹
1779 577 1831 630 in

251 677 380 740 igne
403 668 637 738 peccati,
674 668 890 721 dicente
913 665 1052 720 Osee
1109 669 1373 736 propheta
1405 681 1422 722 :
1455 665 1646 721 Omnes
1678 668 1834 720 adul-

247 768 485 813 terantes
505 755 654 827 quasi
694 757 932 811 clibanus
961 773 1238 812 succensus
1260 773 1292 810 a
1347 767 1597 826 coqneute
1650 757 1828 827 (Osee,

250 867 353 916 vti,
377 850 455 920 4).
491 849 637 904 Felix
663 851 754 918 qui
779 849 921 905 tollit
950 851 1140 920 jugnm
1168 849 1238 904 ab
1297 849 1666 905 adolescentia
1707 865 1829 914 sua,

249 952 308 997 et
325 942 480 998 sedet
503 943 672 1008 solus,
698 942 823 1011 quia
851 943 1215 998 amaritudine
1245 943 1483 1013 repletus
1505 952 1590 998 est
1614 944 1830 1013 (Tltren.

250 1035 380 1103 ιιι);
415 1043 701 1102 potestque
759 1033 944 1088 dicere
995 1047 1118 1087 cum
1174 1033 1345 1086 David
1385 1045 1402 1087 :
1469 1032 1596 1087 Non
1632 1035 1743 1088 sedi
1779 1035 1835 1087 in

247 1128 474 1182 consilio
524 1126 958 1197 malignantium,
1017 1135 1224 1182 etcum
1289 1128 1472 1197 iniqua
1532 1127 1832 1196 gerentibus

249 1235 361 1273 non
393 1217 622 1274 introibo
672 1217 840 1288 (Psal.
882 1233 1012 1282 xxv,
1043 1218 1124 1288 4).
1177 1219 1442 1288 Quodque
1467 1219 1649 1273 intulit
1692 1235 1834 1274 nunc

247 1311 524 1380 Propheta
565 1327 582 1368 :
611 1298 721 1381 Ego
748 1327 863 1364 sum
888 1311 1058 1380 judea:
1096 1324 1143 1364 et
1175 1311 1339 1374 testis,
1385 1312 1512 1364 dicit
1547 1310 1830 1373 Dominus,

249 1403 400 1455 hunc
431 1399 597 1455 habet
625 1415 842 1454 sensum
875 1415 891 1457 :
920 1400 1042 1454 lla-c
1063 1417 1186 1471 qua:
1217 1404 1337 1456 dico
1352 1403 1420 1457 de
1443 1403 1654 1456 duobus
1671 1417 1833 1472 pseu-

246 1493 603 1562 doprophetis
638 1493 729 1562 qui
768 1492 1065 1561 loquuntur
1098 1493 1325 1547 verbum
1359 1494 1410 1547 in
1448 1493 1669 1547 nomine
1704 1508 1831 1547 meo

190 1649 194 1652 ,
246 1584 604 1648 mendaciter,
634 1585 780 1653 quod
809 1600 914 1639 non
943 1586 1322 1639 mandaveram
1357 1585 1458 1649 eis,
1487 1600 1828 1653 nequaquam

245 1676 507 1746 opinione
536 1676 764 1744 cognovi
796 1693 811 1730 :
873 1677 965 1732 sed
996 1677 1110 1746 ipse
1137 1679 1251 1731 scio
1283 1691 1409 1730 vera
1466 1690 1610 1741 esse,
1663 1691 1825 1745 quem
1859 1648 1904 1707 Β

248 1770 437 1824 celare
469 1769 489 1800 ⁸
528 1783 684 1824 nemo
714 1777 913 1839 potest,
941 1783 1038 1825 nec
1061 1768 1299 1840 ell‘ugere
1321 1770 1426 1823 tnei
1454 1767 1648 1839 judicii
1680 1769 1830 1823 veri-

249 1871 444 1917 tatem.
1739 1905 1744 1912 .

319 1949 509 2024 (γει-ε.
551 1953 623 2007 24
674 1951 855 2022 seqq.)
909 1951 1016 2006 «Et
1044 1953 1111 2007 ad
1145 1950 1415 2007 Semeiam
1464 1949 1826 2008 Neclamitem

244 2047 418 2101 dices.
462 2065 482 2098 ι
525 2046 593 2100 Et
619 2045 762 2116 quod
819 2045 1068 2114 sequitur
1117 2058 1133 2098 :
1178 2064 1195 2096 ι
1226 2042 1349 2100 Haec
1377 2045 1510 2100 dicit
1564 2046 1828 2100 Dominus

240 2138 608 2203 exercituum,
643 2138 780 2192 Deus
811 2136 1024 2192 Israel:
1073 2137 1176 2190 Pro
1224 2151 1290 2192 eo
1342 2138 1484 2206 quod
1531 2137 1719 2192 misisti
1773 2137 1826 2191 in

243 2230 467 2284 nomine
501 2239 591 2283 tuo
621 2229 791 2282 libros
830 2229 895 2281 ad
923 2243 1141 2283 omnem
1204 2229 1458 2298 populum
1505 2230 1598 2296 qui
1656 2239 1742 2283 est
1775 2231 1826 2283 in

244 2317 572 2386 Jerusalem,
605 2335 624 2369 ι
662 2317 714 2371 in
741 2316 881 2370 LXX
901 2333 1004 2372 non
1034 2317 1282 2372 habetur.
1306 2317 1653 2388 Rursumque
1676 2319 1829 2372 addi-

244 2413 378 2467 dere
408 2411 476 2466 de
507 2427 627 2472 suo.
664 2428 684 2462 ι
723 2409 839 2464 Non
871 2411 990 2464 misi
1029 2420 1081 2465 te
1136 2410 1188 2462 in
1222 2411 1439 2463 nomine
1497 2426 1637 2465 meo.
1672 2429 1690 2461 ι
1761 2409 1827 2464 Et

244 2514 646 2570 consequenter
678 2501 831 2571 juxta
863 2500 1108 2555 ordinem
1144 2518 1162 2551 ι
1197 2499 1260 2553 Et
1288 2501 1352 2554 ad
1403 2498 1732 2568 Sophoniam
1765 2506 1828 2554 ti.

243 2596 380 2648 lium
414 2593 628 2648 Maesia:
656 2593 1014 2648 sacerdotem.
1053 2612 1071 2644 ι
1119 2593 1186 2646 Et
1219 2597 1410 2646 iterum
1471 2595 1538 2648 de
1574 2591 1822 2663 Hebraeo,

267 2705 287 2737 ι
322 2685 389 2739 Et
415 2686 482 2738 ad
509 2698 701 2738 omnes
726 2683 1039 2737 sacerdotes
1072 2680 1262 2754 [Vulg.
1297 2681 1446 2734 addit
1495 2680 1683 2734 dicens
1722 2679 1764 2752 ].
1799 2701 1818 2734 ι

240 2779 324 2830 Ac
353 2775 544 2830 deinde
577 2774 804 2830 historia
841 2773 1076 2827 texitur:
1135 2792 1153 2824 ι
1198 2773 1456 2827 Dominus
1487 2771 1632 2826 dedit
1669 2782 1720 2826 te
1741 2788 1826 2826 sa-

242 2868 521 2922 cerdOtem
545 2880 644 2936 pro
660 2864 846 2920 Joiade
867 2863 1148 2919 sacerdote
1172 2878 1186 2916 :
1217 2875 1276 2916 ut
1303 2865 1378 2918 sis
1407 2862 1512 2917 dux
1542 2863 1668 2931 (sive
1691 2877 1828 2931 prte-

1939 401 1988 444 te
2019 391 2161 458 ﬁlios
2193 407 2210 450 ε
2244 401 2298 443 ct
2334 401 2455 458 post
2511 390 2614 442 alia
2645 391 2941 458 junxerat:
2984 388 3102 441 Non
3137 406 3220 442 vos
3264 390 3515 441 seducunt

1937 481 2213 550 Pmpltettv
2235 483 2390 535 vestri
2411 482 2638 551 quisunt
2671 481 2724 533 in
2748 481 2915 534 medio
2942 481 3098 533 vestri
3117 479 3512 549 [Ahvestrum].

1935 585 1983 627 et
2015 576 2180 627 divini
2202 575 2398 639 vestri;
2430 590 2492 628 ac
2527 574 2750 637 deinde,
2775 572 2913 636 Quia
2937 573 3024 624 isti
3042 572 3174 639 [also
3204 569 3513 638 prophetam

1935 669 2076 721 vobis
2116 669 2170 720 in
2193 668 2404 720 nomine
2430 675 2632 728 meo,“
2655 681 2755 718 non
2783 665 2902 718 misi
2932 678 3038 726 eos,
3068 663 3192 716 dicit
3225 661 3476 714 Dominus
3494 674 3513 712 ε

1937 762 2250 830 intelligens
2281 759 2524 814 Semeias
2553 760 2656 813 sub
2687 757 2964 812 communi
3021 757 3240 812 nomine
3274 753 3516 824 pseudo-

1936 853 2319 922 prOphetarum
2377 859 2564 904 contra
2615 866 2675 905 se
2734 849 3020 918 scriptum,
3084 848 3249 902 mittit
3307 847 3517 900 litteras

1933 943 2238 1000 Jerusalem
2271 946 2338 997 ad
2379 941 2712 1010 Sophoniam
2777 940 2946 995 lilium
2979 939 3197 994 Maasize
3257 937 3518 994 sacerdo-

1939 1045 2066 1100 tem,
2107 1044 2162 1090 et
2203 1037 2268 1088 ad
2307 1035 2545 1104 reliquos
2590 1034 2930 1100 sacerdotes,
2983 1044 3166 1086 contra
3197 1030 3516 1094 Jeremiatn,

1937 1142 2109 1196 quare
2142 1142 2250 1182 non
2281 1127 2593 1194 increpetnr
2647 1140 2679 1180 a
2708 1125 2986 1194 Sophonia
3019 1124 3326 1189 sacerdote,
3360 1124 3514 1192 cujus

1935 1221 2172 1276 ollicium
2197 1230 2280 1274 est
2302 1218 2650 1274 discernendi
2681 1217 2822 1272 inter
2843 1216 3160 1284 prophetas,
3190 1215 3280 1283 qui
3309 1215 3513 1282 Spiritu

1937 1325 2130 1368 sancto
2160 1313 2454 1383 loquantur
2486 1321 2538 1364 et
2569 1312 2658 1381 qui
2697 1311 2994 1374 contrario,
3025 1319 3078 1363 et
3103 1308 3304 1363 recludi
3325 1307 3515 1375 jubea-

1937 1415 2024 1459 tur
2055 1405 2074 1477 [
2110 1406 2196 1460 ΑΙ.
2225 1404 2492 1476 jubetur]
2536 1402 2958 1467 incarcerem",
3010 1410 3068 1454 ιιι
3127 1399 3391 1454 mendacii
3428 1398 3510 1452 sui

1934 1509 2128 1565 pinnas
2170 1495 2303 1560 luat,
2325 1505 2378 1547 et
2423 1492 2682 1562 populum
2709 1493 2852 1545 ultra
2896 1491 3245 1558 supplantare
3265 1487 3512 1541 desistat.

1935 1586 2155 1642 Joiades
2201 1587 2460 1641 sacerdos
2494 1585 2611 1650 fuit,
2644 1585 2733 1652 qni
2757 1583 2882 1638 Joas
2904 1595 3027 1647 post
3080 1580 3510 1634 interfectionem

1930 1680 2159 1734 Athalite
2185 1681 2204 1711 °
2233 1681 2520 1748 imperium
2546 1678 2792 1742 tradidit,
2820 1686 2873 1731 et
2896 1676 3170 1731 interfecit
3193 1675 3514 1729 sacerdotes

1930 1770 2057 1824 Baal
2086 1768 2195 1840 μγ
2220 1769 2347 1839 Reg.
2382 1785 2470 1834 xi;
2524 1769 2584 1822 11
2619 1768 2808 1827 l’aral.
2841 1768 3020 1830 χχιιι).
3082 1767 3196 1820 [Ioc
3251 1776 3337 1818 est
3377 1778 3510 1833 ergo

1933 1866 2079 1933 quod
2112 1862 2308 1918 scribit
2337 1879 2350 1914 :
2384 1862 2564 1924 Quare
2580 1877 2687 1914 non
2719 1860 2950 1914 imitaris
2977 1858 3224 1912 Joiadem
3257 1857 3512 1911 sacerdo-

1931 1969 2079 2023 tem,
2134 1968 2188 2013 et
2242 1957 2509 2012 interﬁcis
2567 1955 2862 2011 Jeremiam
2927 1949 3510 2024 pseudoprophetam?

1933 2051 2197 2105 Dominus
2227 2052 2370 2105 enim
2416 2060 2469 2105 te
2514 2063 2614 2118 pro
2645 2046 2837 2102 Joiade
2868 2046 3172 2109 constituit,
3211 2054 3270 2098 ut
3303 2045 3509 2096 habeas

1932 2158 2124 2198 curam
2159 2142 2382 2212 templi;
2415 2151 2467 2195 et
2517 2142 2790 2210 praecipue
2843 2139 3121 2193 disceruas
3176 2135 3265 2204 qui
3322 2143 3510 2188 sancto

1932 2234 2138 2304 Spiritu
2160 2233 2468 2302 loquantur,
2502 2233 2591 2300 qui
2625 2227 3042 2298 daemoitiacoU
3077 2226 3240 2280 Joan.
3271 2226 3368 2296 tv).
3391 2225 3510 2278 Dis-

1928 2327 2200 2381 crctiones
2227 2335 2408 2378 autem
2439 2325 2728 2393 spirituum
2787 2322 2987 2375 divinae
3047 2335 3168 2373 esse
3203 2318 3411 2387 gratias,
3454 2325 3510 2369 et

1929 2423 2220 2493 Apostolus
2250 2429 2516 2475 memorat
2563 2417 2614 2489 (I
2651 2417 2776 2470 Cor.
2833 2418 2955 2484 xu).
2991 2413 3122 2476 Cur,
3165 2410 3362 2480 inquit,
3399 2424 3506 2463 non

1929 2508 2246 2583 int-repuisti
2301 2512 2592 2568 Jeremiatn
2646 2506 3046 2564 Anatholiten?
3112 2506 3375 2572 Quodque
3429 2503 3508 2569 ip-

1929 2623 1991 2663 se
2049 2608 2363 2660 merebatur
2419 2603 2576 2674 quasi
2641 2600 3139 2671 pscudOpropheta,
3213 2595 3382 2649 refert
3450 2591 3504 2645 iu

1930 2700 2296 2768 prophetam,
2365 2710 2421 2752 et
2492 2697 2762 2766 prazvenit
2839 2693 3122 2747 mendacio
3194 2688 3504 2742 veritatem.

1928 2791 2081 2848 Unde
2151 2803 2206 2845 ct
2281 2789 2667 2860 prudentiores
2739 2797 3001 2855 putantur
3073 2783 3168 2837 lilii
3250 2781 3503 2835 tenebra-

1930 2899 2047 2936 rutn
2121 2882 2250 2936 filiis
2329 2880 2469 2936 lucis
2549 2881 2601 2934 in
2683 2878 3036 2950 generatione
3125 2875 3249 2930 hac.
3313 2872 3507 2926 Nobis-

240 2943 432 3029 ccritor
451 2967 504 3012 et
535 2958 843 3028 episcopus)
864 2957 916 3016 in
950 2956 1114 3009 domo
1144 2954 1360 3008 Domini
1404 2970 1568 3023 super
1605 2970 1820 3009 omnem

1929 2990 2036 3045 que
2084 2974 2369 3043 agentibus
2433 2972 2742 3042 patienter,
2794 2980 2848 3024 et
2915 2966 3358 3038 exspectantibus
3407 2964 3505 3016 tui-

241 3055 423 3106 virum
451 3049 818 3120 arreptitium,
852 3057 906 3102 et
932 3047 1370 3116 prophetantem,
1392 3055 1450 3098 ut
1483 3048 1666 3100 mittas
1692 3063 1814 3100 eum

244 3140 298 3194 in
336 3153 560 3194 nervum
592 3149 648 3192 et
669 3139 722 3191 in
752 3152 1026 3192 carcerem
1057 3136 1186 3206 (sive
1229 3137 1281 3189 in
1311 3136 1644 3202 custodiam)
1675 3147 1731 3190 et
1765 3139 1817 3191 in

240 3239 584 3294 cataracten,
640 3247 659 3278 ι
693 3243 854 3296 quem
907 3227 1271 3296 Symmachus
1340 3227 1562 3296 μάχλον,
1621 3228 1820 3296 Aquila

239 3325 420 3392 ipsum
443 3321 668 3376 verbum
701 3319 1026 3374 llebraicutn
1058 3320 1238 3388 posuit
1279 3332 1429 3372 smsc
1455 3317 1498 3371 ³.

314 3411 532 3484 1049
565 3431 583 3464 ι
614 3409 678 3464 Ει
702 3425 845 3464 nunc
873 3424 1043 3480 quare
1061 3410 1166 3464 no'n
1187 3409 1817 3478 increpuistiJeremiam

238 3507 656 3567 Anatbothiten,
691 3503 779 3572 qui
804 3501 1092 3573 prophetat
1125 3500 1322 3555 vobis?
1349 3501 1484 3566 Quia
1518 3515 1682 3570 super
1718 3503 1820 3556 hoc

240 3597 394 3651 misit
425 3597 492 3649 ad
528 3609 623 3649 nos
649 3595 702 3647 in
748 3593 1104 3663 Babylonem,
1133 3591 1321 3646 dicens
1369 3608 1384 3644 :
1439 3591 1682 3661 Longum
1708 3602 1813 3659 est,

248 3689 528 3744 ardiiicate
569 3687 779 3752 domos,
806 3697 860 3739 et
889 3685 1132 3738 habitate
1158 3701 1178 3749 ;
1209 3695 1262 3738 et
1289 3684 1529 3752 plantate
1563 3687 1748 3740 hortos
1771 3685 1814 3751 ⁵,

239 3788 295 3832 ct
325 3778 594 3833 comedite
649 3777 860 3832 fructus
904 3790 1114 3831 eorum.
1147 3774 1300 3844 Legit
1338 3791 1467 3845 ergo
1512 3773 1818 3846 Sephonias

238 3871 502 3924 sacerdos
538 3869 738 3922 librum
776 3869 939 3922 istaut
968 3868 1021 3920 in
1050 3866 1277 3920 auribus
1306 3863 1556 3920 Jeremiee
1582 3869 1817 3937 pr0phe-

239 3975 329 4018 ιω.
372 3980 390 4013 ι
433 3960 676 4015 Semeias
723 3961 786 4013 de
821 3959 940 4013 loco
979 3957 1247 4024 Neelami,
1293 3959 1382 4027 qui
1422 3960 1818 4028 interpretatur

237 4069 470 4119 torrens,
512 4071 633 4110 cum
671 4069 796 4124 rege
826 4051 1087 4108 Jechmiia
1109 4055 1308 4109 ductus
1340 4033 1517 4108 fuerat
1548 4055 1604 4108 in
1637 4055 1814 4126 Baby-

219 4151 443 4212 .lonem,
467 4157 522 4201 et
555 4147 914 4216 proplietabat
949 4146 1148 4215 populo
1182 4147 1541 4212 mendaciter,
1574 4165 1638 4202 eo
1670 4151 1815 4219 quod

236 4241 496 4294 celeriter
521 4248 707 4293 essent
743 4239 795 4289 in
827 4232 1138 4290 Jerusalem
1165 4239 1462 4291 reversuri.
1499 4237 1687 4292 Fuisse
1721 4255 1816 4292 au-

240 4344 350 4386 tem
424 4346 547 4384 eum
607 4330 1178 4398 pseudopmphetam,
1238 4332 1519 4397 sequentia
1567 4322 1895 4384 Jeremitel)

237 4425 402 4478 verba
424 4424 840 4477 demonstrant:
871 4421 997 4476 lltec
1026 4422 1149 4473 dicit
1180 4421 1436 4474 Dominus
1463 4425 1529 4474 ad
1554 4423 1812 4478 Semeiam

239 4517 612 4582 A’eelamitem,
637 4532 733 4588 pro
751 4533 809 4569 eo
843 4517 982 4586 quod
1015 4513 1347 4585 prophetarit
1379 4515 1520 4569 vobis
1557 4517 1810 4585 Semeirts,

234 4623 283 4665 et
314 4627 405 4680 ego
424 4625 527 4663 non
563 4610 678 4662 misi
707 4624 846 4664 eum.
882 4609 1016 4674 Quia
1053 4611 1215 4677 igitur
1273 4608 1538 4664 Jeremias
1574 4614 1638 4665 ad
1697 4628 1814 4679 eos,

234 4707 520 4772 quierant
561 4703 612 4754 in
669 4701 967 4772 Babylone,
1039 4703 1252 4756 lttteras
1316 4704 1535 4757 miserat
1590 4707 1813 4759 dicens:

234 4797 528 4865 .L‘ttiﬁcate
559 4796 764 4863 domos,
798 4805 845 4850 et
897 4780 1132 4850 ltabitate
1171 4811 1189 4858 ,'
1246 4795 1484 4865 pluntate
1536 4800 1736 4865 hortos,
1763 4811 1810 4852 et

311 4975 327 5006 ⁵
351 4973 474 5027 Vid.
499 4973 936 5028 Commentarios
967 4975 1019 5027 in
1050 4973 1261 5026 Daniel.
1299 4973 1349 5025 in
1393 4973 1528 5027 hue.

309 5048 330 5077 ³
355 5056 529 5099 Antea
556 5057 693 5108 erat,
727 5061 846 5115 quo:
875 5045 1072 5107 celare,
1111 5056 1220 5115 etc.

308 5115 330 5145 ³
358 5120 589 5179 Quidam
616 5113 748 5186 mss;
804 5125 968 5184 atque
999 5114 1376 5186 CdllILSinOC.
1413 5113 1513 5168 Ms.
1570 5116 1810 5186 Sanger-

236 5205 383 5243 man.
425 5201 592 5254 penes
611 5181 1096 5248 Montl'aucottium,
1137 5183 1315 5251 Sinus,
1351 5186 1494 5239 haud
1531 5181 1813 5257 dubtc'pt'o

233 5272 405 5314 sine.

308 5331 328 5359 ⁸
357 5329 644 5383 interserit
679 5327 884 5390 Victor,
916 5329 1018 5380 sive
1065 5329 1308 5394 pomaria
1339 5343 1354 5378 :
1398 5328 1540 5395 quod
1586 5335 1808 5387 verbum

235 5403 310 5456 ait
338 5400 391 5452 in
417 5400 688 5466 prioribus
715 5399 1051 5452 cdtttontbtts
1078 5398 1514 5467 liict‘utty'ttttattize
1571 5408 1807 5456 vctsiont

235 5471 479 5543 praeripi,
512 5479 567 5543 ut
613 5467 748 5543 LXX
785 5475 1105 5543 ascribatnr.

309 5545 329 5572 ⁵
361 5541 426 5593 Et
459 5539 658 5592 recludi
677 5541 932 5607 jubcutnr
959 5542 1012 5591 in
1043 5556 1322 5594 carcerem.
1363 5540 1433 5593 Ex
1472 5541 1574 5596 hoc
1601 5542 1722 5597 loco
1757 5556 1813 5600 et

235 5616 488 5686 proxime
516 5613 891 5681 consequenti,
933 5613 1020 5665 tibi
1051 5609 1409 5681 Hieronymus
1436 5623 1604 5668 utitur
1640 5619 1801 5672 verbo

1925 3082 2174 3124 SCI‘OI‘IIIII
2254 3066 2506 3129 salutem,
2573 3065 2914 3133 praeveniunt
2968 3061 3231 3126 haeretici,
3300 3069 3352 3112 et
3405 3071 3504 3108 nos

1921 3176 2018 3216 suo
2045 3159 2316 3228 appellant
2368 3158 2606 3223 nomine,
2641 3159 2899 3212 ducentes
2945 3155 3075 3210 czeci
3128 3153 3377 3208 caecosin
3415 3149 3499 3203 fo-

1920 3266 2096 3306 veam.
2135 3251 2350 3320 1050
2377 3249 2542 3314 Misit,
2576 3249 2771 3317 inquit,
2806 3252 2875 3303 ad
2926 3264 3021 3302 nos
3061 3249 3113 3301 in
3148 3247 3500 3316 Babylonem,

1922 3343 2102 3396 dicens
2129 3359 2147 3396 :
2177 3343 2352 3413 Longe
2368 3352 2465 3396 est.
2495 3340 2607 3395 Hoc
2641 3351 2724 3396 est
2745 3356 2906 3395 ontne
2939 3341 3083 3410 quod
3118 3343 3258 3396 dolet
3287 3359 3302 3394 :
3332 3357 3504 3411 quare

1921 3437 2211 3491 adversum
2265 3451 2422 3491 suum
2486 3436 2832 3489 mendacium
2883 3432 3154 3488 Jeremias
3215 3435 3502 3501 scripserit
3591 3497 3596 3504 ι

1922 3531 2232 3595 veritatem,
2261 3529 2420 3599 longe
2449 3543 2571 3584 esse
2617 3529 2872 3594 reditum,
2917 3536 2972 3581 et
2999 3536 3121 3596 post
3150 3529 3498 3596 septuaginta

1919 3639 2094 3678 annos
2144 3624 2414 3676 redituros
2456 3623 2506 3676 in
2559 3619 2864 3675 Jerusalem
2903 3639 2916 3674 :
2952 3623 3096 3674 unde
3149 3619 3350 3673 debere
3405 3636 3500 3674 eos

1919 3715 2195 3768 aediﬁcare
2235 3713 2447 3777 domos,
2502 3711 2751 3780 plantare
2808 3713 3074 3780 pomaria,
3127 3721 3182 3764 et
3212 3713 3499 3766 comedere

1920 3807 2133 3862 fructus
2186 3821 2394 3871 eorum,
2441 3806 2691 3873 accipere
2747 3819 2968 3869 uxores,
3027 3814 3082 3858 et
3117 3804 3298 3859 facere
3334 3807 3494 3870 lilios,

1919 3916 2039 3970 quae
2065 3898 2368 3968 praeteritus
2401 3911 2582 3950 sermo
2631 3899 2888 3951 narravit.
2918 3898 3064 3962 Quas
3104 3897 3336 3963 litteras,
3371 3914 3493 3950 rum

1919 3995 2219 4062 accepisset
2243 3991 2548 4059 Sephonias
2577 3993 2856 4054 sacerdos.
2885 3994 2952 4043 ad
2992 3991 3148 4062 cujus
3181 3992 3498 4061 specialiter

1919 4102 2117 4142 nomen
2141 4086 2355 4154 scripta:
2385 4092 2543 4138 erant
2586 4082 2626 4147 ⁷,
2662 4083 2791 4154 legit
2821 4081 3071 4136 Jeremiae
3100 4084 3497 4153 quodannnodo

1919 4179 2211 4249 suggillatis
2237 4193 2385 4240 eum,
2415 4187 2468 4230 et
2498 4178 2607 4245 ipsa
2645 4174 2758 4247 [AL
2791 4176 2958 4244 ipsam
2984 4185 3033 4229 et
3071 4174 3380 4247 lectionem]
3411 4177 3490 4226 in-

1922 4288 2155 4342 crepans
2192 4271 2444 4332 leCtione,
2474 4283 2640 4338 quare
2663 4269 2888 4322 auderet
2925 4269 2974 4322 in
3005 4269 3328 4337 Babylonem
3369 4270 3493 4320 talia

1921 4364 2182 4415 Scribere.

1993 4447 2172 4522 (Vcrs.
2206 4449 2275 4504 ΞΟ
2307 4451 2481 4520 seqq.)
2513 4469 2530 4500 ι
2572 4450 2635 4503 Et
2661 4450 2858 4504 factum
2904 4461 2986 4505 est
3019 4450 3241 4504 verbum
3283 4452 3494 4506 Domini

1923 4544 1988 4598 ad
2020 4544 2317 4597 Jeremiam
2343 4545 2527 4596 dicens
2562 4559 2576 4596 :
2615 4543 2764 4596 Mitte
2797 4545 2861 4596 ad
2895 4560 3109 4599 onmem
3141 4547 3497 4614 transmigra-

1923 4637 2144 4700 tionem,
2201 4638 2389 4693 dicens
2423 4653 2437 4692 ι
2469 4635 2590 4690 "uti:
2635 4636 2770 4689 dicit
2818 4638 3076 4692 Dominus
3125 4640 3191 4691 ttti
3227 4639 3493 4690 Setnciattt

1921 4729 2277 4785 Neelamitem
2312 4748 2328 4788 :
2360 4731 2466 4785 Pro
2517 4745 2582 4785 eo
2608 4729 2754 4798 quod
2814 4733 3162 4799 prophetavit
3206 4732 3360 4783 vobis
3395 4731 3495 4782 Se-

1922 4824 2112 4890 meias,
2147 4832 2198 4877 ct
2230 4837 2332 4893 ego
2363 4841 2464 4879 non
2502 4825 2622 4879 misi
2651 4839 2798 4887 eum,
2832 4835 2885 4876 et
2935 4824 3061 4877 fecit
3091 4837 3185 4876 vos
3217 4822 3495 4874 conlidere

1921 4982 2208 5046 recludere,
2243 4999 2402 5038 scnsn
2441 4983 2750 5047 claudendi,
2795 4981 3071 5036 aestimare
3105 4981 3262 5033 debet
3322 4979 3492 5032 lector

1923 5057 2158 5119 prudens
2183 5059 2541 5107 eruditionem
2571 5053 2792 5107 Joannis
2816 5053 2966 5105 clcrit
2987 5057 3021 5112 i,
3050 5055 3137 5120 qui
3169 5067 3252 5103 me
3275 5054 3489 5114 ittipt'l‘i-

1923 5135 2008 5174 tta:
2041 5125 2358 5178 insunulare
2391 5141 2554 5179 ausus
2580 5137 2688 5186 est,
2723 5126 2865 5191 quod
2915 5123 3172 5175 uixisset"
3226 5121 3359 5172 nihil
3391 5132 3490 5170 un-

1920 5203 2068 5248 stare
2099 5196 2347 5247 scholion
2377 5197 2646 5262 quoddam
2668 5210 2793 5246 vere
2827 5207 2947 5244 esse
2985 5192 3490 5259 literonymiannm,

1920 5266 2046 5318 licet
2072 5265 2122 5316 itt
2146 5281 2210 5317 (ιο
2241 5265 2540 5331 Ιρςριϊξιιιυδ
2566 5267 2785 5317 \‘etbuzn
2825 5264 3108 5324 recludere,
3151 5278 3312 5315 st-ttsu
3339 5267 3490 5312 clau-

1920 5334 2100 5386 detttli.
2134 5334 2405 5388 MARTIAN.

1917 5475 1954 5524 Γ
1991 5410 2010 5434 ⁶
2039 5407 2154 5458 Duo
2187 5422 2322 5460 mss.
2360 5405 2532 5459 V'atic.
2566 5415 2620 5460 et
2644 5403 2874 5460 Cisterc.
2907 5403 3139 5459 Godolia:
3174 5419 3270 5472 pro
3327 5401 3492 5456 Atha-

1939 5492 2024 5524 ΗΒ.

1939 5492 2024 5530 ιω.

1991 5549 2006 5577 ⁷
2037 5545 2291 5614 Cistcrc.,
2321 5547 2528 5614 scriptor
2559 5557 2712 5601 erant
2741 5547 2929 5603 litterw
2957 5547 3223 5613 Jeremia’,
3251 5555 3361 5604 etc.
