3966 6176
538 218 652 280 89'1

1703 207 1762 265 S.
1785 203 2116 265 ~EUSEBII
2159 199 2599 261 illERONYMI

3696 184 3795 246 ςοο

523 330 578 381 in
626 325 907 382 mendacio
942 339 957 380 ι
987 322 1191 378 idcirco
1241 322 1356 376 haec
1419 320 1554 375 dicit
1607 318 1872 372 Dominus
1907 334 1922 370 :
1967 309 2109 371 Ecce
2139 333 2182 385 Α
2214 331 2309 386 per
2335 313 2610 370 Semeiam
2634 311 3018 370 Neelamitem,
3049 321 3152 360 non
3183 306 3234 360 in
3263 304 3587 366 remedium.
3619 306 3714 358 sed
3747 307 3797 357 in

523 435 625 489 ego
663 420 895 474 visitabo
926 431 1086 486 super
1113 413 1382 468 Semciam
1429 411 1815 474 Neelamitem,
1858 421 1912 463 et
1941 422 2110 477 super

527 525 713 565 semen
739 510 879 578 ejus.
913 505 1030 562 Non
1060 507 1164 559 erit
1198 507 1246 559 ei
1281 505 1366 558 vir
1399 504 1596 558 sedens
1635 503 1688 556 in
1730 502 1908 556 medio
1931 500 2109 570 populi

532 603 716 672 hujus,
741 613 926 656 etnon
959 599 1160 654 videbit
1208 600 1409 652 bonunt
1444 585 1590 666 quod
1639 611 1740 666 ego
1780 595 1974 649 faciam
2021 609 2114 664 po-

531 697 656 765 pulo
685 710 826 758 meo,
862 694 940 747 ait
971 693 1250 757 Dominus,
1278 692 1402 760 quia
1429 688 1932 759 praevaricationem
1961 688 2115 743 Iocu-

535 798 620 840 tus
659 796 748 839 est
791 786 1055 838 adversus
1104 782 1412 836 Dominum.
1454 799 1474 832 ι
1515 779 1992 849 Pseudopmpheta
2021 779 2118 834 Se-

538 878 706 930 meias
737 890 860 930 vere
899 873 1254 938 Neelamites,
1297 873 1389 942 qui
1445 872 1512 927 de
1555 881 1796 927 torrente
1825 871 2030 926 alienas
2065 880 2120 924 et

534 967 784 1021 turbidas
809 981 979 1037 aquas
1004 975 1341 1035 sumpserat,
1374 964 1633 1020 irascitur
1658 971 1852 1020 contra
1887 964 2120 1018 menda-

534 1059 679 1112 cium
711 1074 870 1114 suum
903 1073 1030 1112 vera
1063 1060 1352 1128 scripsisse
1380 1056 1698 1126 Jerctniam,
1733 1067 1787 1112 et
1808 1055 1876 1110 ad
1906 1055 2121 1126 Sopho-

538 1154 684 1204 niam
740 1151 1078 1204 sacerdotem
1141 1150 1310 1204 mittit
1365 1150 1646 1219 epistolas,
1712 1164 1810 1203 cur
1857 1162 2024 1202 ausus
2051 1147 2125 1202 sit

541 1243 813 1310 Propheta
845 1242 1091 1296 scribere
1129 1242 1436 1306 veritatem,
1479 1253 1534 1296 et
1578 1241 1728 1311 cupit
1759 1255 1884 1296 eum
1915 1241 2123 1295 recludi

541 1351 764 1389 carcere
797 1334 910 1406 [ΑΙ.
944 1336 998 1390 in
1030 1333 1355 1406 carcerem].
1404 1350 1469 1389 ne
1512 1335 1784 1405 loquatur.
1814 1333 2126 1403 Sophonias

541 1443 760 1499 quoque
792 1428 1116 1497 prophetam
1155 1427 1392 1483 latenter
1441 1437 1664 1483 accusat
1692 1427 1819 1482 dum
1845 1427 1974 1498 legit
2007 1429 2127 1496 epi-

542 1524 739 1578 stolam
773 1522 1107 1583 mentientis,
1141 1531 1196 1575 et
1224 1522 1630 1576 accusationem
1667 1521 1788 1590 ejus
1830 1521 2034 1577 habere
2065 1538 2126 1578 se

541 1619 774 1685 jactitat.
805 1613 1023 1680 Quanto
1050 1614 1224 1683 magis
1257 1614 1481 1668 sceleris
1507 1614 1583 1668 rei
1619 1625 1770 1680 sunt,
1801 1616 1893 1685 qui
1936 1615 2127 1670 defen-

2216 408 2539 479 supplicium
2597 402 2933 463 mentientis,
2969 402 3123 467 juxta
3179 399 3311 452 illud
3349 397 3494 465 quod
3542 397 3801 466 scriptum

2217 511 2342 555 est:
2387 497 2622 550 Visitabo
2665 496 2719 548 in
2753 495 2901 562 virga
2935 492 3246 560 iniquitates
3305 502 3510 548 eorum,
3554 488 3683 540 etin
3709 486 3805 555 ﬂa-

2222 590 2374 662 gellis
2407 599 2623 658 peccata
2650 602 2831 640 eorum
2861 583 3035 654 (Psal.
3067 595 3332 641 Luxvut,
3360 580 3470 648 55).
3505 577 3617 632 Nec
3641 577 3806 631 solum

2221 699 2383 753 super
2405 677 2931 751 pscudoprophetam
2967 673 3172 739 visitat,
3211 671 3304 726 sed
3333 682 3385 723 ct
3418 683 3582 735 super
3623 682 3805 723 semen

2223 774 2363 843 ejus.
2425 768 2950 836 umncsdisripulos
3001 779 3140 834 quos
3192 778 3292 817 suo
3349 774 3536 815 errore
3572 758 3809 825 derepit.

2229 866 2352 920 Non
2373 865 2498 929 erit,
2548 864 2743 931 inquit,
2783 861 2862 914 air
2889 859 3073 912 sedens
3117 857 3173 909 in
3201 855 3372 908 medio
3409 851 3591 922 populi
3635 849 3811 918 hujus.

2228 959 2484 1015 Deleatur
2501 955 2570 1010 de
2592 963 2906 1009 sanctorum
2943 948 3313 1003 conciliabqu
3349 946 3519 1014 stirps
3552 942 3812 1012 pessima,

2229 1065 2329 1104 nec
2357 1051 2546 1104 sedeat
2569 1047 2623 1102 in
2669 1044 2850 1099 medio
2879 1040 3305 1111 quiescentium,
3339 1038 3431 1108 qni
3463 1051 3586 1090 cum
3616 1035 3812 1088 stanti-

2230 1144 2333 1198 bus
2361 1152 2509 1196 stare
2537 1155 2644 1194 non
2679 1137 2874 1206 potuit,
2904 1149 3001 1187 nec
3024 1131 3232 1186 audivit
3259 1127 3390 1182 illud
3427 1137 3440 1180 :‘
3465 1127 3526 1181 Si
3554 1124 3817 1189 stetis'et,‘

2231 1239 2284 1291 in
2316 1233 2612 1289 substantia
2633 1245 2749 1284 mea
2773 1226 2906 1300 (Jer.
2938 1241 3099 1289 xxrn,
3140 1221 3258 1291 ει).
3280 1219 3528 1287 Cumque
3556 1217 3820 1272 Dominus

2231 1329 2624 1402 perfectionem
2676 1327 2935 1379 virtutum
2987 1319 3231 1374 omnium
3296 1314 3450 1368 linito
3485 1309 3818 1381 septenario.

2234 1399 2478 1491 tempore
2509 1417 2814 1486 promittat,
2867 1413 2958 1466 ille
2990 1427 3096 1466 non
3159 1405 3362 1463 videbit
3417 1405 3644 1463 bonum,
3679 1399 3822 1468 quod

2235 1516 2337 1570 sibi
2393 1515 2447 1567 in
2496 1508 2749 1582 praesenti
2811 1515 3055 1574 tempore
3105 1499 3446 1557 vindicabat.
3499 1498 3613 1550 Hoc
3642 1502 3821 1548 autem

2238 1617 2414 1661 totum
2454 1605 2567 1669 flet,
2618 1602 2747 1671 quia
2795 1596 3290 1668 pravaricationem
3343 1593 3564 1646 locutus
3612 1598 3697 1642 est
3730 1586 3826 1639 ad-

547 1712 679 1764 dunt
735 1707 1264 1778 pseudoprophetas,
1323 1717 1379 1761 et
1429 1709 1763 1762 mentientes
1815 1684 2021 1775 fovent,
2079 1720 2133 1762 et
2167 1684 2205 1736 Β
2239 1714 2426 1753 versus
2454 1697 2768 1760 Dominum,
2801 1693 3083 1747 ntdiceret
3110 1690 3222 1756 jam
3264 1685 3443 1740 soluta
3472 1693 3821 1752 peccatorum

549 1800 781 1852 aliorum
833 1797 972 1851 male
1011 1796 1257 1861 inventa,
1311 1812 1410 1851 sua
1462 1796 1666 1851 faciunt
1711 1812 1832 1854 esse
1869 1799 2128 1866 peccata!

551 1891 746 1944 Audiat
796 1889 978 1958 itaque
1009 1887 1508 1956 pseudopropheta,
1561 1889 1830 1958 intelligat
1879 1890 2133 1944 sacerdos

549 1983 680 2051 quid
721 1994 819 2050 per
840 1995 965 2032 eum
999 1989 1054 2033 et
1083 1979 1199 2048 ipse
1250 1981 1439 2034 audire
1490 1992 1764 2034 mereatur
1797 1998 1811 2034 :
1841 1979 1969 2035 Πιεσ
2003 1981 2132 2034 dicit

558 2073 850 2127 Dominus:
891 2069 1024 2124 Ecce
1053 2087 1145 2140 ego
1198 2071 1419 2125 visitabo
1459 2089 1614 2139 super
1666 2071 1954 2127 Semeiam.
2013 2070 2136 2125 [hec

556 2166 819 2233 Dominus
853 2162 1111 2232 loquitur,
1141 2178 1249 2216 non
1295 2167 1580 2232 propheta,
1636 2166 1779 2235 quod
1815 2165 2000 2219 visitet
2036 2179 2136 2218 su—

2237 1793 2550 1862 captivitate
2600 1801 2916 1845 reversuros
2957 1799 3080 1853 esse
3135 1783 3188 1837 in
3237 1777 3579 1836 Jerusalem;
3618 1773 3821 1841 quibus

2237 1883 2531 1953 Apostolus
2562 1879 2928 1935 comminatur
2962 1894 2975 1930 :
3008 1875 3130 1928 Jam
3157 1871 3386 1926 saturati
3422 1867 3717 1934 e'stis,jant
3745 1866 3823 1918 di-

2237 1977 2366 2029 vites
2431 1974 2560 2044 [acti
2614 1971 2761 2034 estis,
2825 1971 2936 2022 sine
2990 1967 3138 2020 nobis
3194 1963 3488 2033 regnastis;
3522 1971 3569 2014 et
3618 1959 3827 2012 utinam

2241 2068 2555 2139 regnaretis,
2599 2074 2656 2117 ut
2696 2074 2745 2118 et
2777 2078 2868 2116 nos
2921 2073 3259 2128 regnaremus
3302 2054 3568 2108 vobiscum
3596 2049 3649 2122 (1
3699 2049 3825 2104 Cor.

2243 2176 2319 2226 tv,
2353 2159 2406 2227 8)
2433 2160 2447 2212 !

642 2327 660 2357 ¹
694 2323 878 2379 Cra-ce
900 2323 950 2376 εἰ
975 2323 1209 2389 ἔστησαν
1243 2323 1301 2374 ἐν
1360 2323 1426 2391 τῇ
1474 2322 1772 2375 ὑποστάσει
1830 2337 1953 2390 μου.
1989 2319 2143 2375 Unde

2256 2324 2388 2370 ιἰι)1“.
2422 2315 2654 2388 plurium
2691 2327 2916 2367 numero
2947 2311 3048 2380 legi
3078 2309 3193 2363 vult
3219 2309 3510 2365 stetissent.

701 2498 3704 2526 MM

1737 2659 2099 2747 LIBER
2177 2655 2675 2746 SEXTUS.

2149 2857 2217 2871 -ρ

642 2963 850 3064 1051
882 2987 1133 3057 .1052
1193 2985 1487 3041 Prolixitas
1558 2984 1851 3039 voluminis
1901 2980 2154 3041 Ieremia:
2179 3000 2224 3062 ρ
2256 2987 2561 3051 seminibus,
2595 2991 2685 3040 sed
2717 2991 2771 3041 in
2823 2988 3040 3048 semine,
3080 2990 3172 3054 qui
3207 2997 3281 3040 est
3340 2986 3582 3042 Christus
3635 2989 3845 3061 (Calas.

569 3087 845 3161 prophetas
888 3082 1055 3135 vincit
1105 3087 1349 3132 uestrum
1385 3077 1745 3146 propositum,
1794 3086 1855 3132 ut
1904 3078 2154 3147 quamvis

571 3177 831 3242 breviter,
887 3184 1069 3227 tamen
1103 3169 1270 3223 multa
1321 3169 1591 3223 dicamus.
1628 3166 1780 3222 Unde
1827 3176 1883 3222 et
1919 3183 2155 3236 praesens

570 3283 754 3325 sextus
785 3268 922 3322 liber
976 3263 1503 3320 Commentariorum
1537 3261 1592 3326 in
1646 3258 1941 3316 leremiam
1973 3273 2159 3329 repro-

578 3361 867 3416 missioncs
907 3356 1166 3427 mysticas
1202 3353 1524 3418 continebit,
1555 3369 1692 3423 quas
1735 3351 1909 3408 Judaei
1943 3361 2153 3422 putant,

575 3465 629 3510 et
657 3452 823 3507 nostri
851 3449 1197 3522 judaizantes
1226 3447 1279 3501 iu
1307 3446 1775 3501 consummatione
1817 3446 2003 3499 mundi
2036 3461 2158 3500 esse

574 3543 970 3613 coiiiplendas:
1035 3540 1264 3594 necdum
1324 3539 1473 3592 enim
1527 3539 1628 3592 sub
1685 3535 1988 3592 Zorobabel
2037 3553 2160 3607 pos-

579 3647 706 3690 sunt
745 3634 990 3702 expletas
1051 3629 1400 3685 convincere.
1458 3625 1569 3682 Nos
1623 3640 1806 3682 autem
1865 3641 2160 3698 sequentes

581 3729 959 3782 auctoritatem
1020 3724 1392 3793 apostolorum
1440 3731 1497 3774 et
1550 3719 2040 3790 Evangelistarum,
2107 3731 2161 3775 et

585 3822 818 3875 maxime
840 3817 1070 3888 apustoli
1103 3815 1276 3882 Pauli,
1316 3813 1579 3883 quidquid
1621 3813 1820 3882 populo
1851 3813 2012 3867 Israel
2043 3829 2164 3867 car-

583 3912 778 3964 naliter
809 3908 1230 3977 reprontittilnr,
1271 3911 1326 3958 in
1356 3905 1512 3959 nobis
1541 3904 1901 3970 spiritualiter
1923 3910 2165 3973 complc—

586 4018 698 4058 tutn
733 4018 856 4056 esse
887 4011 1279 4062 monstramus,
1308 3997 1578 4065 hodieque
1605 3997 1864 4064 compleri
1898 4016 1911 4050 :
1947 4011 2048 4050 nec
2079 3997 2165 4049 in-

588 4111 670 4153 ter
696 4095 916 4150 Judreos
943 4102 998 4148 et
1037 4091 1378 4148 Christianos
1433 4093 1601 4143 ullum
1653 4089 1800 4142 aliud
1835 4101 1956 4142 esse
1977 4098 2161 4142 certa-

589 4199 737 4256 ιιιειιν
801 4188 908 4240 nisi
962 4187 1063 4239 hoc
1097 4203 1108 4238 :
1141 4193 1199 4237 ut
1248 4183 1266 4213 ⁸
1311 4197 1433 4237 ειιιιι
1491 4181 1564 4234 illi
1621 4196 1826 4249 nosque
1881 4181 2165 4235 credamus

550 4282 866 4333 ,L‘hrtstum
920 4277 1015 4332 Dei
1081 4274 1276 4328 Filium
1328 4279 1760 4342 repromissum;
1819 4281 1874 4326 et
1927 4289 2014 4350 ea,
2047 4288 2167 4340 quae

2260 3095 2340 3142 tn,
2378 3080 2486 3146 16).
2513 3080 2618 3133 Ora
2645 3083 2827 3149 igitur,
2865 3081 3033 3133 frater
3067 3079 3289 3143 Eusebi,
3327 3078 3619 3135 Dominum
3652 3079 3843 3137 Jesum

2257 3169 2558 3235 Christum,
2589 3183 2648 3224 ut
2673 3173 2865 3225 eodem
2917 3171 3104 3225 labore
3134 3182 3189 3226 et
3219 3171 3458 3240 Spiritus
3498 3175 3706 3241 gratia,
3744 3188 3850 3244 quo

2260 3265 2492 3317 aliorum
2555 3268 2964 3334 prophetarum,
3015 3273 3069 3316 et
3128 3264 3402 3332 praecipue
3453 3262 3608 3318 Isaias
3656 3280 3838 3329 repro-

2261 3356 2550 3410 missiones
2583 3354 2922 3425 interpretati
2944 3369 3155 3419 sumus,
3177 3355 3338 3408 etiam
3374 3352 3533 3420 hujus
3565 3357 3857 3425 propheta

2260 3445 2552 3514 explanare
2577 3447 2874 3499 valeamus.
2901 3445 3000 3510 Qui
3028 3455 3290 3513 quantum
3323 3444 3375 3496 iit
3404 3443 3588 3499 verbis
3613 3445 3849 3515 simplex

2264 3533 2478 3588 videtur
2532 3545 2585 3587 et
2618 3533 2816 3597 facilis,
2883 3542 3094 3588 tantum
3149 3533 3202 3587 in
3235 3535 3520 3601 majestate
3581 3550 3854 3590 sensuum

2262 3627 2720 3695 profundissimus
2752 3639 2859 3682 est.
3839 3609 3859 3624 .

2334 3722 2492 3791 (Cap.
2542 3719 2713 3774 XXX.
2749 3750 2818 3759 —-
2855 3721 3005 3776 Vers.
3067 3723 3091 3775 1
3153 3724 3334 3792 seqq.)
3383 3742 3403 3775 ι
3436 3725 3551 3779 Hoc
3601 3726 3862 3791 verbum,

2264 3814 2408 3882 quod
2450 3813 2645 3866 factum
2702 3825 2787 3867 est
2814 3815 2880 3867 ad
2911 3812 3203 3868 Jeremiatn
3235 3831 3265 3868 a
3319 3817 3572 3878 Domino,
3608 3819 3809 3870 dicens
3849 3834 3861 3871 :

2267 3903 2392 3958 Haec
2432 3905 2560 3958 dicit
2605 3903 2890 3966 Dominus,
2942 3905 3084 3959 Deus
3139 3905 3327 3972 Israel,
3389 3906 3582 3960 dicens
3614 3922 3633 3963 z
3669 3907 3866 3962 Scribe

2270 3996 2361 4050 tibi
2390 3995 2568 4050 omnia
2605 3995 2790 4058 verba,
2830 4010 2948 4064 quae
2980 3995 3194 4050 locutus
3224 4010 3346 4051 sum
3375 3998 3444 4051 ad
3476 4007 3548 4063 te,
3597 3999 3657 4053 in
3699 4000 3862 4054 libro.

2270 4088 2407 4143 Ecce
2447 4087 2593 4141 enini
2625 4088 2737 4142 dies
2768 4090 3016 4156 veniunt,
3064 4088 3196 4142 dicit
3225 4089 3511 4154 Dominus,
3536 4100 3596 4145 et
3623 4105 3864 4147 conver-

2272 4194 2376 4234 tam
2412 4181 2822 4236 conversionem
2876 4184 3055 4250 pepuli
3118 4184 3224 4237 mei
3287 4184 3454 4239 Israel
3503 4195 3558 4240 et
3585 4185 3763 4248 Juda,
3794 4192 3864 4239 ait

2274 4275 2533 4329 Dominus
2572 4275 2614 4340 ',
2657 4284 2711 4327 et
2751 4287 3066 4329 convertam
3109 4290 3204 4330 eos
3235 4275 3373 4346 (sive
3400 4278 3596 4332 sedere
3645 4279 3868 4346 faciam)

588 4383 720 4427 sinit
772 4360 952 4424 futura
1009 4369 1111 4424 sub
1157 4368 1377 4422 Christo
1406 4381 1437 4420 a
1467 4365 1626 4419 nobis
1673 4367 1914 4434 expleta,
1949 4368 2016 4420 ab
2057 4365 2166 4418 illis
2201 4369 2242 4422 ι)
2276 4371 2326 4422 in
2359 4377 2522 4432 terra,
2556 4383 2718 4438 quam
2753 4369 2871 4423 dedi
2897 4371 3140 4438 patribus
3171 4384 3386 4436 eorum,
3417 4381 3473 4426 et
3498 4373 3871 4440 possidebunt

588 4463 851 4532 explenda
908 4461 1180 4513 dicantur.
1220 4457 1320 4525 Qui
1359 4456 1474 4531 [ΑΙ.
1500 4454 1661 4528 Quia]
1695 4458 1857 4526 igitur
1890 4456 2168 4511 Christum

591 4557 811 4628 Venissc
835 4557 946 4625 jam
979 4553 1274 4614 credimus,
1331 4553 1558 4604 necesse
1585 4559 1670 4604 est
1704 4560 1774 4615 (ut
1797 4565 1885 4614 ca,
1917 4564 2037 4618 quae
2069 4550 2171 4602 sub

593 4649 813 4700 Christo
854 4645 1032 4698 futura
1063 4643 1336 4707 dicuntur,
1370 4644 1583 4710 expleta
1616 4641 1945 4705 doceamus;
1969 4653 2174 4706 nosque

596 4754 715 4794 esse
755 4737 896 4791 lilios
926 4736 1224 4795 Ahl'ahattt,
1251 4735 1318 4788 de
1365 4734 1561 4800 quibus
1594 4734 1860 4800 scriptum
1898 4742 1982 4784 est
2011 4746 2026 4784 :
2067 4729 2174 4782 Ρο-

595 4844 707 4882 teus
735 4839 809 4882 ϐθί
847 4827 982 4880 Dens
1017 4829 1080 4878 de
1109 4825 1374 4892 lapidibus
1401 4825 1513 4878 istis
1545 4825 1802 4878 suscitare
1831 4823 1975 4891 ﬁlios
2005 4825 2176 4876 Abrae

596 4925 718 4974 Imm
744 4922 964 4990 (Matth.
998 4935 1080 4984 Ill,
1109 4919 1184 4987 9).
1214 4921 1278 4970 ad
1313 4931 1469 4986 quem
1504 4918 1640 4970 facta
1666 4926 1747 4970 est
1778 4916 2130 4985 repromiSsio
2159 4931 2174 4970 ζ

597 5017 662 5068 fit
695 5017 748 5067 in
792 5018 985 5067 semine
1019 5023 1109 5066 tuo
1153 5012 1527 5064 benedicentur
1573 5025 1751 5062 omnes
1801 5021 1978 5078 gentes
2018 5007 2176 5075 (Gen.

598 5121 734 5173 λιιι,
774 5107 881 5175 18).
927 5110 1098 5173 Quam
1153 5105 1591 5160 benedictionem
1651 5118 1742 5156 vas
1799 5101 2087 5156 electionis
2126 5101 2176 5152 in

597 5201 811 5255 Christo
863 5202 1130 5269 expletam
1183 5197 1386 5251 docens
1424 5215 1438 5249 :
1474 5185 1594 5248 Non
1638 5195 1798 5255 dixit,
1864 5177 2064 5262 ιιῖψιιι,
2123 5194 2175 5245 in

677 5361 691 5388 ¹
721 5359 949 5413 Cistcrc.
990 5373 1112 5422 ms.,
1145 5368 1198 5410 ut
1229 5373 1346 5409 cum
1387 5355 1492 5407 illis
1529 5371 1621 5406 ms
1654 5354 1948 5414 credamus,
1991 5366 2097 5407 etc.

675 5434 695 5460 ³
730 5431 785 5482 ln
807 5433 925 5483 alus
951 5430 1100 5481 libris
1126 5432 1338 5480 additur
1378 5427 1532 5477 Dens.
1576 5426 1746 5477 Porro
1777 5425 2042 5477 Vlt'lOI‘lUS
2076 5440 2172 5490 pro

602 5504 656 5555 in
685 5513 851 5563 terra,
884 5502 1167 5570 legendum
1197 5513 1316 5550 cum
1349 5493 1571 5564 Vulgata
1607 5498 1672 5545 ad
1706 5504 1903 5547 terram
1942 5507 2171 5546 centen-

605 5596 702 5657 dit,
739 5609 862 5668 cunt
895 5601 948 5668 et
981 5587 1286 5668 in_H_ebr:eo
1338 5589 1548 5668 legatur
1585 5570 1894 5668 V'WI‘SN,
1937 5597 2007 5668 et.
2049 5603 2181 5668 con-

607 5679 799 5732 gruere
830 5666 988 5719 lectio
1016 5661 1208 5715 debeat
1238 5673 1359 5712 CUill
1412 5661 1872 5710 veibo'converta
1897 5675 1947 5709 ιι.
1983 5662 2177 5710 Addit-

2272 4476 2414 4516 eam.
2452 4481 2471 4514 ι
2513 4459 2966 4517 Promittentihus
3019 4463 3072 4515 in
3111 4463 3444 4534 Babylonem
3515 4471 3871 4537 pseudoproo

2277 4555 2454 4622 phetis
2520 4551 2732 4622 1053
2769 4553 2879 4608 cito
2933 4553 3214 4623 populum,
3272 4556 3364 4623 qui
3413 4570 3535 4608 cum
3603 4556 3872 4612 Jechonia

2277 4657 2469 4715 captus
2526 4648 2728 4711 fuerat,
2792 4661 3167 4714 reversurum,
3223 4655 3278 4701 et
3324 4646 3542 4701 Auania
3583 4649 3708 4704 filio
3740 4654 3877 4704 Az-ir

2279 4739 2329 4791 in
2358 4736 2662 4791 Jerusalem
2691 4739 2876 4792 eadem
2902 4739 3256 4807 praedicante,
3278 4736 3548 4794 Jeremias
3577 4748 3877 4811 propheta,

2280 4843 2331 4885 et
2367 4831 2498 4884 illud
2524 4831 2738 4898 quidem
2775 4831 3018 4886 futurum
3075 4832 3336 4897 asseruit,
3395 4849 3501 4888 non
3540 4835 3700 4890 intra
3734 4839 3883 4890 hien-

2282 4925 2454 4987 nium,
2493 4933 2553 4976 ut
2582 4922 2656 4978 illi
2711 4925 3135 4990 mentiebantur,
3191 4926 3286 4980 sed
3324 4927 3491 4980 finitis
3520 4933 3884 4999 septuaginta

2283 5015 2438 5069 annis
2472 5031 2488 5071 :
2519 5023 2572 5069 ct
2613 5026 2742 5069 tunc
2769 5015 2992 5085 jubetur
3030 5019 3082 5071 in
3117 5019 3256 5073 libro
3277 5019 3542 5092 scribere,
3591 5030 3654 5075 et
3681 5037 3888 5076 merito-

2288 5107 2378 5159 ria:
2401 5108 2637 5168 tradere,
2675 5121 2795 5175 qua:
2829 5109 3092 5162 Dominus
3133 5120 3360 5163 ventura
3402 5117 3781 5180 prmuuntict.
3815 5113 3883 5164 lix

2288 5216 2392 5267 quo
2429 5199 2772 5253 manifestum
2800 5211 2906 5266 est,
2951 5217 3310 5271 nequaquam
3367 5203 3612 5256 vicinum
3679 5217 3890 5274 tempus

2285 5372 2388 5424 que
2425 5359 2690 5409 diversam
2722 5356 3062 5419 versionem,
3122 5357 3170 5408 id
3214 5367 3314 5416 est,
3365 5374 3688 5412 convertam
3731 5374 3788 5416 ct
3818 5382 3897 5417 se-

2286 5437 2406 5506 dere
2447 5429 2668 5506 faciam,
2725 5441 2890 5506 quant
2939 5428 3124 5497 genuit
3149 5442 3254 5506 vos
3293 5436 3553 5488 ῦνηετητ.
3591 5446 3899 5502 utramque

2289 5498 2600 5618 I‘Iterouytui
2650 5513 2794 5561 esse,
2853 5504 2979 5550 tt'atn
3032 5508 3087 5550 et
3147 5497 3502 5568 Septuaginta
3561 5497 3900 5574 ἐπισερεῖίω

2291 5579 2553 5621 itxei'ant.

2291 5585 2508 5622 uixerat:
2520 5585 2553 5621 ι.
