3966 6176
292 217 389 282 901

768 226 1266 311 COMMENTAR.
1306 233 1388 293 IN
1438 229 1842 298 JEREMIAM
1883 237 2340 304 PROI’HETAM
2411 247 2537 307 LIB
2602 250 2882 321 v1,cAP.
2925 256 3106 317 XXX.

289 351 409 389 esse
440 338 706 403 Vaticinii,
729 341 823 394 scd
854 343 1019 396 multa
1046 356 1170 413 post
1190 355 1435 417 tempora
1461 350 1576 403 hare
1591 351 1881 420 explemia,
1912 365 1957 421 Α
1989 358 2234 410 meminit
2270 356 2423 428 (Luc.
2459 365 2520 425 tl,
2548 362 2803 419 daturum
2837 384 2896 422 se
2928 372 3106 438 nobis,
3140 383 3195 427 ut
3224 376 3340 431 sine
3366 379 3560 434 titnura

290 427 508 496 quando
556 429 722 485 Israel
775 442 830 484 et
884 432 1021 488 Juda
1080 440 1351 495 reversuri
1405 442 1631 496 suntin
1672 451 1871 498 terram

290 534 471 585 suam,
499 532 551 574 et
584 523 919 592 implendum
951 527 1083 584 illud
1113 531 1256 600 quod
1290 532 1542 588 Ezechiel
1581 536 1876 605 propheta-

289 615 406 670 vit:
439 616 575 668 duas
616 619 797 686 virgas
827 620 930 676 sibi
984 624 1191 690 pariter
1224 626 1582 695 copulandas,
1620 640 1673 684 et
1707 631 1873 700 iit-pe-

292 715 533 759 raturum
574 707 738 762 David
790 726 995 782 regem,
1028 713 1099 768 de
1139 730 1251 785 quo
1300 719 1496 773 scribit
1531 736 1545 774 :
1577 718 1645 773 Et
1694 738 1873 776 servus

287 815 431 852 meus
463 799 632 855 David
678 819 772 856 rex
796 820 957 873 super
983 821 1095 872 eos,
1141 817 1192 863 et
1223 820 1409 878 pastor
1460 828 1598 866 unus
1628 815 1730 868 erit
1761 830 1874 869 mn-

288 893 435 944 niunt
487 910 667 947 eorum
699 893 914 965 (Ezech.
970 914 1180 963 xxxvii,
1222 902 1339 971 24).
1368 904 1426 959 Si
1461 906 1591 974 quid
1619 907 1784 974 igitur
1814 909 1869 961 in

291 980 378 1035 illa
442 987 724 1052 prophetia
777 988 1268 1055 diximus,-etiam
1318 994 1373 1049 in
1432 999 1684 1064 praesenti
1753 998 1873 1052 loco

289 1072 700 1140 intelligendum
746 1090 850 1144 est,
891 1084 1201 1149 prtesertim
1250 1100 1374 1139 cum
1426 1086 1641 1152 eadem,
1698 1097 1752 1142 et
1806 1103 1873 1143 co

288 1173 536 1235 ll‘tttptll‘e
559 1168 813 1230 EZet‘lticl
841 1171 892 1224 in
920 1171 1218 1243 Babylone,
1241 1186 1296 1230 et
1327 1176 1597 1233 Jercmias
1624 1182 1677 1232 in
1708 1178 1872 1233 Jeru-

287 1257 460 1309 επις-ιιι
494 1258 962 1326 prophetaverint.

358 1346 537 1417 (Vers.
574 1350 609 1404 4
643 1353 824 1420 seqq.)
860 1372 879 1405 ι
917 1354 984 1409 Ει
1016 1356 1130 1411 haec
1158 1358 1347 1423 verba,
1384 1374 1504 1429 qntc
1536 1362 1755 1417 locutus
1783 1373 1871 1417 est

289 1436 551 1494 Dominus
568 1444 639 1508 ad
669 1444 836 1499 Israel
866 1455 920 1500 et
948 1448 1016 1501 ad
1044 1445 1264 1515 .lndam,
1302 1453 1557 1518 quoniam
1584 1455 1699 1510 hate
1740 1457 1870 1511 dicit

284 1529 547 1586 Dominus
590 1552 605 1587 :
648 1532 839 1589 Vocem
890 1541 1123 1594 terroris
1180 1540 1311 1612 (sive
1369 1544 1602 1612 timoris)
1663 1548 1872 1601 audivi-

282 1640 431 1686 mus,
462 1626 711 1691 formido,
746 1637 796 1681 et
830 1644 936 1683 non
962 1640 1048 1686 est
1078 1647 1202 1700 pax.
1235 1632 1574 1706 lnterrogate
1602 1649 1657 1693 et
1690 1641 1869 1695 videte

1979 445 2045 499 de
2073 461 2231 501 manu
2253 451 2599 508 inimicorum
2627 468 2940 514 nostrorum
2986 464 3227 531 liberati,
3257 472 3560 527 serviamus

1977 536 2082 604 illi;
2118 540 2170 593 in
2221 546 2513 613 sanctitate
2546 557 2600 601 et
2636 549 2846 618 justitia
2892 569 3074 610 coram
3130 560 3249 627 ipso
3302 554 3559 622 omnibus

1974 627 2167 685 diebus
2217 636 2437 690 nostris.
2474 637 2761 703 Quomodo
2808 645 2951 698 enim
2995 648 3210 715 primus
3262 653 3459 719 Adam,
3502 666 3557 713 ct

1976 724 2246 779 secundus
2294 724 2465 782 Adam
2515 728 2833 788 scribuntur
2870 734 3026 805 juxta
3068 746 3320 810 corporis
3354 750 3553 802 verita-

1978 822 2122 875 tem;
2152 819 2231 871 sic
2281 828 2334 874 et
2368 820 2536 877 David
2584 822 2847 881 Dominus
2894 836 3056 900 atque
3088 832 3341 890 Salvator
3374 856 3387 893 :
3428 841 3553 908 quia

1968 902 2121 973 juxta
2153 920 2375 964 carnem
2404 928 2471 966 ex
2528 912 2569 966 D
2591 915 2717 980 .vid,
2755 927 2926 972 totum
2976 921 3029 974 in
3058 925 3133 979 'eo
3158 935 3346 980 sancta
3393 902 3559 987 maria

1972 997 2311 1061 conferente.
2336 1004 2595 1073 quidquid
2620 1007 2721 1061 fuit
2745 1024 2809 1062 ex
2836 1013 3006 1080 stirpe
3034 1009 3110 1066 Da
3123 1017 3227 1080 vid,
3247 1026 3305 1071 et
3327 1019 3561 1076 habente

1973 1090 2236 1158 originem
2266 1105 2429 1163 atque
2458 1107 2782 1168 conceptum
2806 1100 2874 1156 de
2896 1103 3102 1169 Spiritu
3123 1121 3336 1164 sancto.
3368 1112 3560 1178 Quod-

1973 1195 2077 1249 que
2108 1183 2182 1237 ait
2219 1202 2231 1238 :
2265 1183 2549 1241 Conteram
2584 1189 2773 1260 jugum
2802 1196 2917 1262 ejus
2972 1195 3200 1251 tle-collo
3235 1210 3345 1265 tuo,
3378 1214 3426 1256 et
3449 1208 3561 1258 vin-

1971 1273 2094 1327 cula
2121 1275 2267 1330 illius
2306 1277 2659 1348 disrumpam,
2697 1300 2803 1339 non
2859 1287 3109 1349 dubium.
3137 1292 3267 1360 quin
3297 1296 3399 1349 sub
3430 1305 3557 1368 typo

1972 1362 2475 1423 Nabuchodonosor
2500 1372 2569 1427 de
2600 1372 2816 1430 diabolo
2848 1380 3193 1435 sentiendum
3222 1385 3315 1441 sit.

2043 1457 2221 1525 (Vers.
2274 1459 2357 1525 I0,
2393 1461 2507 1531 ll.)
2539 1481 2557 1513 ι
2593 1463 2669 1517 Tu
2705 1480 2836 1536 ergo
2865 1484 2931 1523 nc
2957 1471 3174 1538 timeas,
3216 1488 3375 1531 serve
3407 1493 3558 1534 meus

1969 1552 2157 1619 Jacob,
2207 1555 2283 1608 ait
2316 1555 2618 1625 Dominus;
2674 1578 2848 1631 neque
2899 1580 3120 1635 paveas,
3178 1569 3369 1627 Israel.
3420 1576 3557 1642 Quia

1971 1659 2100 1697 ecce
2128 1659 2229 1714 ego
2260 1647 2469 1702 salvum
2525 1659 2577 1705 te
2635 1652 2832 1707 faciam
2865 1657 2932 1710 de
2967 1665 3111 1713 terra
3152 1663 3469 1737 longinqua,
3503 1678 3559 1723 et

266 1719 327 1784 (si
383 1727 611 1790 generat
664 1722 967 1783 must-olus.
1014 1724 1197 1790 Quare
1244 1741 1376 1796 ergo
1423 1730 1529 1782 vidi
1559 1733 1741 1786 Omnis
1768 1733 1867 1787 viri
1888 1720 1943 1799 ,Β
1972 1750 2157 1791 semen
2193 1748 2342 1792 tuum
2374 1740 2440 1795 de
2470 1751 2615 1798 terra
2652 1748 2991 1814 captivitatis
3020 1766 3211 1807 eorum
3234 1719 3551 1819 ;"et'rever-

280 1826 503 1864 manum
533 1825 697 1880 super.
756 1813 973 1870 lumbos
1004 1831 1134 1872 suos
1182 1819 1335 1886 quasi
1361 1821 1641 1889 'paricntls
1674 1821 1864 1893 [ναις.

281 1903 688 1975 parturientis],
715 1907 780 1960 'et
801 1921 1082 1963 conversa
1130 1919 1260 1963 sunt
1311 1912 1580 1968 universae
1610 1913 1781 1969 facies
1813 1917 1866 1970 in

279 1997 648 2066 anrugiuem?
691 2016 711 2050 ι
737 1997 980 2054 Primum
1018 2002 1193 2057 tristia
1216 2006 1631 2072 annuntiantur,
1664 2017 1722 2062 ut
1747 2020 1869 2076 post

282 2088 554 2142 malorum
614 2092 1065 2160 unguitudinem,
1118 2094 1240 2149 lana
1298 2099 1611 2152 succedant.
1650 2098 1868 2156 Gratior

281 2180 483 2248 quippe
508 2181 716 2237 sanitas
752 2190 840 2238 est
881 2185 1241 2253 aegrotatione
1292 2187 1549 2256 depulsa;
1582 2202 1635 2246 et
1661 2191 1867 2247 doloris

284 2273 601 2342 magnitudo
647 2274 705 2329 iu
758 2278 1190 2347 magnitudinem
1242 2284 1477 2337 vertitur
1514 2286 1862 2353 gaudiorum.

280 2364 441 2431 Quod
467 2374 647 2420 autem
686 2367 841 2433 dicit,
871 2370 973 2423 hoc
1005 2380 1090 2426 est
1121 2384 1136 2424 :
1165 2371 1374 2428 Tantus
1397 2380 1502 2429 erit
1527 2379 1708 2442 timor,
1748 2389 1867 2433 tan-

282 2468 448 2526 taque
501 2455 760 2526 formido,
796 2469 854 2513 ut
897 2458 1081 2530 fugata
1112 2477 1266 2532 pace,
1326 2466 1483 2520 bellis
1514 2476 1570 2521 et
1601 2472 1865 2539 sanguine

277 2549 466 2603 omnia
498 2549 894 2619 compleantur,
926 2561 982 2608 et
1019 2555 1166 2608 viros
1215 2571 1429 2626 quoque
1459 2557 1709 2629 (quomm
1740 2579 1863 2630 pro-

281 2641 464 2710 prium
492 2651 579 2697 est
611 2652 804 2699 contra
851 2644 1206 2702 adversarios
1243 2648 1529 2720 dimicare)
1573 2650 1862 2707 tnuliebris

280 2734 450 2787 timor
498 2734 795 2791 obtineat:
832 2752 1133 2807 manusque
1186 2755 1536 2812 nequaquam
1588 2744 1655 2799 ad
1686 2759 1858 2811 arma,

280 2828 376 2881 sed
417 2828 484 2880 ad
512 2842 671 2883 renes
710 2830 976 2885 tenendos
1031 2830 1334 2897 conferant,
1394 2836 1550 2902 quasi
1581 2835 1624 2888 si
1664 2839 1862 2913 mulier
1896 2826 1907 2831 ’

289 2917 515 2986 pariens
546 2918 635 2973 ilia
668 2920 991 2991 lumbosque
1045 2925 1346 2979 contineat.
1383 2925 1536 2980 Unde
1562 2936 1616 2981 et
1637 2940 1859 2983 cuncto-

285 3022 404 3060 tum
434 3005 602 3063 facies
627 3018 910 3065 vertentur
951 3011 1005 3065 in
1061 3014 1405 3084 auruginem,
1450 3031 1702 3081 pavorem
1740 3035 1858 3073 cor-

283 3096 390 3162 dis,
435 3098 614 3153 vultus
636 3100 840 3169 pallore
894 3108 1180 3156 testantes.
1219 3104 1446 3169 Quidam
1506 3107 1649 3160 hunc
1676 3107 1855 3161 locum

278 3190 583 3244 secundum
608 3190 962 3260 tropologiam
990 3194 1070 3247 sic
1100 3194 1554 3261 interpretantur,
1581 3205 1641 3251 ut
1664 3209 1855 3265 putent

278 3281 408 3334 illud
451 3281 859 3336 testimonium:
891 3283 933 3333 Δ
964 3284 1149 3339 timore
1197 3294 1310 3350 tuo,
1342 3285 1580 3349 Domine,
1606 3292 1816 3359 concepi
1837 3322 1857 3331 -

274 3388 413 3435 mus,
445 3385 490 3426 et
523 3374 924 3440 parturiuimus,
960 3385 1010 3428 et
1040 3377 1336 3448 peperimus
1361 3392 1380 3430 :
1406 3380 1656 3447 spiritum
1694 3382 1851 3436 salu-

272 3465 342 3516 tis
367 3473 475 3519 tua:
502 3464 722 3533 fecimus
749 3481 910 3534 super
955 3476 1152 3521 terram
1174 3467 1310 3538 (lsa.
1347 3484 1498 3534 xxvi,
1538 3472 1625 3539 17,
1661 3474 1774 3544 18).
1803 3483 1859 3531 et

271 3557 406 3610 illud
454 3558 830 3628 Apostolicum
871 3560 926 3614 in
957 3575 1067 3631 quo
1115 3561 1248 3615 dicit
1279 3576 1295 3616 ξ
1327 3559 1516 3617 Fitioti
1571 3566 1694 3629 mei,
1726 3580 1857 3635 quos

273 3652 468 3703 iterum
512 3652 776 3719 parturio,
825 3652 993 3707 donec
1023 3651 1269 3708 Christus
1304 3654 1569 3722 formetur
1614 3660 1671 3710 in
1717 3658 1857 3713 vobis

270 3740 479 3811 (ﬁatut.
528 3758 602 3806 tv,
655 3742 772 3813 t9),
832 3746 958 3800 huic
1006 3749 1258 3815 exemplo
1314 3750 1671 3817 comparari:
1713 3761 1855 3817 quod

271 3832 627 3890 inanil'estum
659 3845 744 3891 est
773 3852 878 3891 non
934 3837 1000 3891 ad
1036 3839 1323 3906 terrorem,
1380 3843 1479 3895 sed
1504 3841 1571 3895 ad
1601 3844 1855 3910 gaudium

270 3926 565 3992 pertinere,
591 3942 713 3981 cum
739 3943 980 3995 praesens
1005 3929 1287 4000 Scriptura
1319 3933 1641 3986 vastationis
1666 3933 1855 4000 lsrael,

269 4026 321 4069 et
346 4018 519 4072 ruina:
548 4027 764 4087 tempus
784 4019 1077 4089 signiticet.

340 4107 528 4178 (Vera.
548 4109 628 4179 7.)
667 4127 689 4163 ι
723 4110 812 4165 Va:
862 4112 989 4180 quia
1055 4127 1248 4181 magna
1292 4114 1410 4169 dies
1474 4114 1587 4180 illa,
1645 4129 1747 4170 nec
1775 4126 1859 4171 est

266 4202 465 4257 similis
492 4200 636 4270 ejus,
685 4204 1428 4273 tempusqueuribulatiouis
1449 4216 1529 4261 est
1568 4206 1763 4270 Jacob.
1799 4217 1858 4261 et

260 4309 327 4348 ex
382 4295 499 4363 ipso
550 4292 874 4349 salvabitur.
927 4311 949 4346 ι
1004 4293 1257 4350 Praedicit
1316 4305 1534 4367 tempus
1588 4297 1849 4364 miseriae,

1975 1835 2119 1881 tetur
2139 1826 2327 1896 Jacob,
2356 1842 2409 1894 et
2435 1835 2757 1904 requiescet,
2786 1847 2841 1893 et
2860 1843 3073 1898 cunctis
3108 1843 3336 1903 'aﬂluent
3372 1848 3550 1917 bonis,

1968 1928 2021 1972 et
2056 1935 2162 1974 non
2193 1922 2301 1975 erit
2343 1939 2504 1993 quem
2557 1924 2815 1984 formidet
2847 1944 2864 1985 :
2894 1934 3177 2001 quoniatn'
3212 1946 3392 1994 tecum
3448 1956 3553 2012 ego

1968 2023 2108 2075 sum,
2144 2013 2220 2067 ait
2246 2014 2531 2083 Dominus,
2562 2029 2620 2072 ιιι
2661 2020 2866 2077 salvem
2901 2034 2973 2080 te.
3010 2025 3225 2083 Faciam
3250 2032 3395 2087 enim
3423 2050 3554 2090 con-

1968 2104 2391 2159 summationem
2436 2107 2487 2162 in
2523 2111 2738 2165 cunctis
2778 2115 3051 2183 gentibus,
3106 2118 3157 2173 in
3211 2122 3412 2191 quibus
3442 2127 3555 2183 dis.

1967 2191 2110 2257 pet-si
2147 2203 2216 2246 te.
2240 2193 2314 2248 Te
2339 2206 2519 2252 autem
2542 2214 2648 2253 non
2681 2199 2873 2257 faciam
2899 2206 2950 2259 in
2981 2215 3506 2272 consummationem
3532 2233 3551 2270 :

1967 2286 2061 2337 sed
2090 2288 2366 2356 castigabo
2398 2289 2529 2359 (sive
2567 2293 2841 2363 erudiam)
2885 2306 2938 2352 te
2988 2299 3039 2351 in
3082 2300 3311 2370 jmlicio,
3353 2314 3411 2360 ut
3443 2323 3550 2363 non

1969 2377 2064 2431 tibi
2103 2378 2340 2435 videaris
2377 2383 2635 2437 innoxius
2666 2387 2795 2453 (sive
2847 2398 2901 2441 et
2936 2392 3203 2448 nmndans
3240 2411 3346 2451 non
3385 2415 3547 2456 mun-

1966 2468 2111 2523 dabo
2138 2472 2233 2533 tr).
2286 2490 2305 2521 ι
2349 2471 2471 2527 llaec
2508 2478 2788 2547 περικοπὴ
2834 2478 2886 2532 in
2924 2479 3278 2554 Septuaginta
3312 2505 3416 2543 non
3442 2495 3542 2545 ba-

1965 2560 2145 2621 betur,
2178 2571 2232 2615 et
2285 2562 2336 2616 in
2365 2564 2641 2634 plerisque
2695 2570 2976 2625 codicibus
3027 2571 3267 2642 Vulgata:
3287 2580 3546 2640 editionis

1962 2651 2064 2702 sub
2099 2652 2376 2707 asteriscis
2406 2654 2473 2709 de
2509 2652 2885 2714 Theodotione
2904 2662 3087 2717 addita
3116 2676 3219 2721 est.
3256 2667 3549 2728 Puiilt'ellll'

1963 2749 2143 2794 autem
2176 2758 2355 2798 sermo
2400 2744 2639 2815 divinus,
2679 2760 2733 2804 et
2764 2751 3106 2810 familiariter
3154 2756 3271 2829 [ΑΙ.
3309 2759 3544 2818 latnilia-

1965 2830 2102 2904 rem]
2154 2847 2309 2907 vorat
2363 2852 2580 2895 servum
2624 2857 2783 2897 suum
2843 2844 3037 2914 Jacob,
3086 2861 3141 2905 et
3183 2853 3372 2922 Israel,
3402 2857 3547 2914 sicut

1961 2924 2258 2991 Abraham,
2295 2929 2465 2997 Isaae,
2500 2945 2551 2985 et
2580 2931 2751 2989 Jacob
2776 2951 3037 2994 vocantur
3066 2945 3211 2998 servi
3250 2945 3340 3001 Dei
3376 2948 3546 3021 (Moy-

1962 3029 2050 3070 ses
2080 3031 2317 3087 quoque,
2345 3031 2399 3073 et
2449 3022 2543 3076 alii
2578 3025 2878 3094 prophetae,
2916 3039 2970 3083 ct
3018 3038 3294 3101 apostolus
3342 3036 3547 3095 Paulus

1964 3104 2018 3157 in
2063 3106 2333 3176 principio
2368 3109 2733 3180 Epistolarum
2762 3132 2983 3173 suarum
3018 3121 3120 3178 hoc
3153 3124 3310 3179 titulo
3341 3126 3543 3197 gloria-

1964 3200 2106 3265 tur);
2151 3209 2209 3252 ut
2262 3200 2384 3256 duae
2419 3213 2473 3257 et
2516 3207 2701 3261 decem
2759 3209 2953 3277 tribus,
3004 3213 3056 3268 il
3099 3226 3200 3279 est,
3253 3218 3539 3277 duodecim
3585 3234 3595 3242 '

1960 3287 2137 3341 sciant
2170 3305 2229 3343 se
2267 3293 2332 3346 de
2359 3302 2501 3346 terra
2545 3296 2840 3369 longinqua
2874 3316 2993 3359 esse
3017 3306 3322 3374 salvmdas,
3352 3321 3406 3366 et
3440 3315 3544 3369 sol-

1961 3381 2188 3434 vendam
2231 3386 2645 3452 captivitatem,
2706 3394 3144 3468 reddendamque
3196 3418 3427 3472 pacem,
3488 3418 3545 3462 et

1959 3475 2108 3528 onnti
2138 3490 2231 3531 eas
2270 3479 2554 3548 replendus
2588 3482 2942 3551 abundantia,
2970 3490 3124 3559 juxta
3162 3496 3286 3551 illud
3312 3500 3454 3568 quod
3487 3504 3541 3557 in

1959 3566 2167 3636 psalmo
2199 3568 2399 3625 dicitur
2427 3589 2442 3626 :
2475 3570 2602 3627 Fiat
2635 3575 2848 3648 1055
2895 3596 3001 3647 pars
3031 3583 3086 3635 in
3115 3586 3301 3641 virtute
3329 3566 3541 3658 itua,_et

1959 3660 2289 3715 abundantia
2322 3664 2377 3716 in
2416 3666 2652 3720 turribus
2710 3670 2814 3723 tuis
2866 3671 3043 3741 (Psal.
3090 3690 3237 3742 cm,
3290 3678 3365 3748 7).
3427 3682 3543 3738 lloe

1958 3761 2139 3805 autem
2189 3752 2312 3817 crit,
2362 3756 2487 3823 quia
2542 3759 2828 3823 praesentia
2890 3760 3101 3818 Domini
3171 3765 3543 3837 perfruentur,

1959 3841 2179 3908 quando
2227 3853 2280 3896 et
2316 3854 2508 3913 gentes
2570 3848 2920 3914 adversariae,
2968 3868 3087 3922 qua:
3135 3869 3228 3911 eos
3254 3872 3537 3928 ceperant,

1959 3932 2324 4001 disperilmnt,
2353 3944 2410 3990 et
2443 3936 2533 3991 isti
2580 3938 2958 3995 liberabuntur
3008 3957 3071 3998 ex
3126 3947 3401 4015 gentibus.
3435 3949 3542 4004 Dos

1960 4035 2152 4094 cetque
2179 4041 2272 4081 cos
2298 4042 2638 4098 nequaquam
2686 4046 2880 4099 pinnae,
2916 4035 3012 4088 sed
3072 4037 3369 4094 eruditioni
3428 4052 3542 4096 tra-

1959 4115 2123 4181 ditos,
2162 4128 2220 4171 ut
2245 4119 2625 4188 judicarentur
2673 4123 2827 4193 quasi
2883 4128 3109 4195 proprii,
3136 4140 3322 4187 etnon
3350 4133 3549 4203 perded

1959 4219 2150 4263 rentur
2175 4211 2329 4279 quasi
2354 4213 2539 4268 alieni.
2578 4212 2680 4279 Qui
2713 4216 2849 4271 enim
2897 4233 2999 4271 non
3032 4220 3218 4285 credit,
3244 4222 3364 4289 jam
3381 4224 3537 4293 judi-

1959 4311 2110 4355 catus
2140 4314 2218 4357 est
2246 4302 2433 4372 (Joan.
2471 4322 2552 4372 ιιι,
2592 4306 2704 4377 18),
2756 4309 2859 4364 hoc
2907 4321 3011 4377 cst,
3061 4312 3444 4382 prmjndicatus
3488 4321 3547 4372 in

264 4385 485 4459 1054
547 4396 607 4441 ut
665 4387 873 4444 inierat
921 4396 1135 4456 tempus
1192 4390 1394 4459 gaudii.
1442 4390 1605 4456 Cum,
1652 4392 1848 4460 inquit,
1880 4393 2259 4478 Diuteritum.
2296 4395 2451 4461 Quod
2483 4406 2664 4452 autem
2710 4398 2936 4454 intulit:
2975 4399 3040 4455 Ut
3073 4418 3178 4455 non
3229 4404 3322 4457 tibi
3364 4407 3541 4459 videa-

262 4485 411 4534 'attta
452 4480 832 4548 praeesserint
854 4480 1017 4546 mala,
1050 4489 1109 4536 ut
1137 4480 1296 4535 dolor
1324 4481 1566 4537 virorum
1603 4485 1848 4539 omnium

257 4572 440 4627 dolori
510 4571 874 4643 parturientis
930 4571 1147 4627 letnime
1209 4586 1556 4642 comparetur
1603 4594 1618 4629 :
1672 4587 1854 4631 tamen

260 4675 478 4731 tempus
523 4663 894 4720 tribulationis
948 4662 1142 4731 Jacob,
1199 4667 1300 4722 hoc
1360 4678 1469 4731 est,
1523 4669 1712 4738 populi
1758 4669 1852 4723 Dei

263 4758 565 4812 mutabitur
601 4760 657 4813 in
688 4774 991 4831 prospera;
1020 4771 1075 4815 et
1098 4777 1166 4817 ex
1189 4760 1310 4831 ipso
1346 4778 1566 4833 quoque
1598 4766 1853 4819 salvahi-

260 4861 373 4913 tur,
403 4852 730 4906 subauditur
773 4862 1040 4922 tempore,
1073 4854 1140 4909 de
1180 4869 1291 4925 quo
1335 4870 1519 4911 sermo
1572 4872 1853 4926 processe-

262 4957 367 5008 rat,
404 4943 569 5000 Jacob
621 4956 801 5001 autem
848 4946 1138 5003 duodecim
1204 4952 1383 5006 tribus
1435 4951 1693 5021 intelligo.
1727 4968 1853 5023 quze

257 5052 608 5108 nequaquam
652 5041 754 5095 sub
812 5040 1135 5105 Zorobabel,
1201 5052 1263 5096 ut
1311 5042 1552 5097 nonnulli
1584 5044 1719 5099 falso
1752 5061 1850 5113 pu-

258 5140 419 5198 tant;
452 5133 550 5186 sed
579 5134 647 5187 de
670 5132 997 5201 Evangelica
1030 5138 1318 5191 vocatione
1352 5138 1580 5191 salvatte
1607 5147 1757 5195 sunt.

337 5222 521 5295 (Vers.
549 5224 603 5286 8.
638 5224 717 5294 9.)
766 5244 785 5276 ι
822 5224 894 5281 Et
927 5240 1033 5283 erit
1069 5230 1120 5283 in
1156 5228 1244 5282 die
1299 5228 1411 5292 illa,
1469 5228 1547 5282 ait
1579 5228 1849 5287 Dominus

254 5316 627 5378 exercituum,
657 5327 933 5370 conteram
979 5321 1168 5387 jugum
1209 5320 1327 5385 ejus
1371 5319 1440 5373 de
1479 5319 1617 5374 collo
1650 5332 1761 5388 tuo,
1792 5334 1848 5378 et

258 5409 478 5460 vincula
532 5410 681 5463 illius
729 5412 1066 5477 disrumpam
1108 5429 1121 5464 :
1156 5421 1210 5464 et
1249 5427 1355 5464 non
1417 5413 1847 5469 dominabuntur

250 5502 339 5555 eis
369 5499 554 5573 [ναις.
582 5502 653 5573 ei]
678 5504 912 5569 amplius
945 5504 1127 5569 aheni,
1164 5507 1258 5557 sed
1293 5507 1533 5559 servient
1558 5506 1688 5574 (sive
1722 5524 1847 5573 ope-

252 5596 548 5661 rabuntur)
577 5593 805 5647 Domino
826 5597 931 5648 Deo
960 5611 1077 5659 suo,
1104 5608 1154 5649 et
1186 5594 1354 5650 David
1383 5598 1492 5665 regi
1520 5611 1645 5662 suo,
1676 5613 1842 5666 quem

253 5686 534 5743 suscitabo
554 5688 656 5742 eis.
690 5704 710 5739 ι
743 5688 848 5743 Istc
880 5701 961 5742 est
996 5687 1187 5755 David,
1213 5689 1367 5758 cujus
1398 5699 1451 5743 et
1480 5687 1839 5760 Evangelium

1961 4485 2033 4539 ris
2058 4487 2328 4551 innoxius,
2372 4487 2487 4542 sive
2524 4489 2676 4560 juxta
2725 4491 3139 4563 Symmachum.
3185 4503 3235 4549 et
3278 4498 3551 4549 nmndun:

1958 4594 2060 4631 non
2102 4579 2365 4634 mandabo
2396 4589 2478 4644 te;
2510 4583 2592 4638 vel
2645 4582 2802 4651 juxta
2855 4585 3128 4654 Aquilam,
3167 4604 3283 4641 cum
3318 4600 3368 4642 te
3417 4606 3546 4644 erm

1955 4671 2102 4723 diero
2142 4687 2234 4741 per
2244 4672 2532 4741 judicium,
2576 4691 2908 4747 nequaquam
2960 4679 3285 4733 innocentem
3315 4682 3547 4751 faciam,

1956 4765 2083 4819 illud
2107 4767 2401 4840 signiﬁcat,
2425 4767 2570 4837 quod
2600 4769 2778 4823 omnis
2803 4771 3034 4825 mundus
3065 4769 3176 4841 (At.
3206 4773 3547 4842 innnumtml;

1950 4856 2196 4925 indigeat
2227 4859 2605 4913 misericordia
2641 4858 2760 4924 Dei,
2808 4871 2861 4915 ct
2894 4852 3095 4925 nullus,
3127 4864 3380 4930 quamvis
3412 4877 3549 4918 sane

1953 4958 2075 5004 ctus
2106 4951 2198 5016 sit,
2232 4965 2462 5006 securus
2491 4962 2682 5021 pergat
2705 4950 2773 5005 ad
2792 4951 3032 5020 judicent
3076 4969 3091 5006 :
3119 4964 3306 5007 contra
3335 4970 3543 5010 ιιονιιιιγ

1951 5057 2017 5096 cx
2053 5042 2221 5098 veteri
2255 5044 2525 5108 haeresim,
2550 5057 2671 5111 qua:
2703 5052 2857 5109 putat
2910 5043 2963 5097 in
2992 5044 3095 5099 isto
3120 5045 3341 5109 saeculo,
3383 5058 3436 5101 et
3478 5049 3539 5102 in

1954 5135 2056 5189 ista
2088 5149 2252 5190 carne
2282 5134 2521 5197 mortali,
2571 5144 2862 5202 antequam
2908 5136 3283 5205 corruptivum
3312 5137 3413 5192 hoc
3444 5140 3543 5193 in:

1952 5228 2085 5282 duat
2121 5228 2612 5295 incorruptionem,
2645 5234 2699 5279 et
2733 5226 2965 5281 mortale
2992 5228 3182 5283 induat
3208 5230 3537 5285 immortalia

1952 5330 2140 5383 tatem,
2196 5318 2586 5389 perfectionem
2643 5332 2764 5373 esse
2814 5324 2864 5373 in
2927 5335 3216 5390 quoquam,
3261 5331 3315 5375 et
3345 5337 3543 5379 omnes-

1951 5412 2113 5464 simul
2135 5411 2417 5480 justorum
2447 5425 2607 5479 posse
2632 5410 2859 5480 implere
2884 5412 3138 5467 virtutes.

2020 5498 2201 5573 (Vers.
2237 5501 2304 5555 12
2336 5513 2516 5571 seqq.)
2555 5502 2721 5567 «Quia
2758 5502 2873 5558 haec
2906 5503 3038 5559 dicit
3072 5503 3351 5571 Dominus,
3384 5510 3531 5563 insae

1950 5595 2141 5649 nabilis
2170 5594 2409 5650 fractura
2443 5607 2553 5661 tun,
2589 5595 2825 5665 pessima
2860 5597 3014 5666 plaga
3040 5606 3150 5650 tua.
3174 5597 3293 5652 Non
3331 5611 3412 5655 cst
3444 5598 3535 5668 qui

1943 5687 2156 5758 judicct
2191 5687 2460 5756 judicium
2497 5699 2645 5746 tuum
2693 5690 2759 5743 ad
2797 5688 3149 5760 alligandum,
3191 5696 3535 5746 curationum

3457 263 3565 327 902
3643 306 3649 312 ρ
