4004 6182
437 197 546 261 903

1597 160 1657 252 s.
1695 185 2011 249 EUSEBII
2079 185 2520 245 I-llERONYMl

3579 186 3699 250 9οι

434 313 640 367 utilitas
671 324 775 368 non
804 317 887 365 est
916 308 1035 363 tibi.
1068 305 1273 363 Omnes
1302 312 1576 360 amatores
1602 305 1678 359 tui
1705 304 1857 359 obliti
1884 308 2012 357 sunt
2042 308 2084 362 Α
2113 301 2389 358 Obducam
2419 301 2565 356 enim
2599 300 2913 354 cicatricem
2944 300 3063 365 tibi,
3090 309 3143 354 et
3172 315 3203 355 a
3232 300 3550 359 vulneribus
3588 307 3700 360 tuis

432 406 528 469 tui,
563 412 616 458 te
633 417 739 457 non
767 408 1029 470 quaerent.
1060 399 1222 467 Plaga
1246 398 1390 453 enim
1424 397 1628 450 inimici
1654 388 1902 465 percussi
1923 403 2001 456 te,

430 494 785 563 t'astigatione
819 491 1026 546 crudeli
1078 492 1212 562 (sive
1261 487 1405 558 forti)
1441 495 1665 557 propter
1707 484 2001 540 multitudi-

434 600 555 638 nem
591 583 895 650 iniquitatis
925 588 1049 643 tuae,
1080 580 1216 634 dura
1248 577 1388 632 facta
1417 589 1542 632 sunt
1574 578 1704 648 (sive
1747 574 2006 644 multipli-

430 687 555 733 c.tta
603 677 750 745 sunt)
785 683 1004 745 peccata
1045 683 1154 727 tua.
1186 671 1326 739 Quid
1376 670 1586 727 clamas
1616 670 1634 702 ³
1665 684 1830 740 super
1873 683 2006 725 con-

436 771 657 824 tritione
708 766 837 823 tua?
870 764 1193 821 lnsanabilis
1238 773 1322 820 est
1369 762 1735 828 dolortuus,
1784 769 2007 832 propter

436 859 841 914 multitudinem
877 858 1185 927 iniquitatis
1220 865 1341 919 tuas,
1374 866 1428 909 et
1459 864 1681 927 prepter
1711 855 1846 909 dura
1878 866 2007 924 pec-

431 962 555 1007 cata
589 961 680 1007 tua
709 951 810 1006 feci
838 952 953 1006 haec
983 950 1101 1005 tibi.
1138 967 1157 1002 ι
1190 948 1356 1017 Quasi
1386 948 1452 1002 ad
1479 948 1784 1017 speciosam
1816 944 2008 1000 niulie-

439 1060 550 1097 retn
582 1042 858 1113 loquitur,
905 1042 991 1096 cui
1037 1056 1199 1111 supra
1249 1040 1508 1095 dixerat:
1544 1036 1829 1108 Castigabo
1855 1046 1905 1091 te
1951 1037 2008 1090 in

438 1134 656 1195 iudicio;
683 1147 738 1188 ut
770 1148 873 1188 non
914 1132 1010 1186 tibi
1049 1132 1279 1186 videaris
1316 1130 1585 1195 innoxius,
1608 1130 1723 1183 sive
1749 1129 2007 1193 innoxia;

434 1237 488 1278 et
533 1241 632 1295 per
659 1225 1028 1293 metaphoram
1065 1222 1175 1295 [ΑΙ.
1208 1222 1426 1276 additur
1461 1219 1718 1292 loquitur]
1752 1222 1820 1274 ad
1848 1219 2006 1276 Jeru-

436 1315 630 1382 salem,
663 1317 807 1386 quod
856 1314 947 1369 Dei
985 1313 1191 1384 judicio
1244 1313 1471 1383 pessime
1505 1312 1779 1365 vulnerata
1830 1315 1924 1373 sit.
1952 1321 2007 1366 et

438 1421 777 1477 nequaquam
826 1405 955 1468 alio,
988 1406 1093 1458 nisi
1142 1405 1256 1474 ipso
1297 1405 1386 1473 qui
1436 1411 1802 1472 percusserat.
1836 1403 2010 1471 possit

436 1509 667 1553 curante
709 1500 913 1553 sanari.
944 1496 1062 1551 Non
1107 1505 1205 1559 est,
1252 1497 1327 1549 ait
1370 1495 1649 1559 Dominus,
1694 1494 2006 1564 quijndicet

427 1592 691 1660 judicium
720 1597 865 1644 tuum
891 1604 911 1642 :
938 1604 1038 1642 nec
1069 1589 1335 1642 altissimo
1360 1587 1572 1641 vulneri
1609 1587 1781 1640 valeat
1826 1598 2004 1639 cutem

2112 394 2317 450 sanabo
2343 403 2414 460 te,
2444 393 2576 448 dicit
2606 393 2887 447 Dominus.
2915 393 3052 458 Quia
3081 391 3309 461 ejectam
3333 394 3463 461 (sive
3485 394 3702 465 disper-

2112 488 2250 555 sam)
2276 496 2607 542 vocaverunt
2641 495 2695 539 te
2727 483 2879 538 Sion.
2904 483 3031 539 lla'c
3056 494 3139 539 est
3169 500 3289 554 qnte
3322 501 3427 539 non
3464 487 3696 542 habebat

2117 575 2505 646 requirentem.
2552 594 2571 628 ι
2612 574 2677 630 Ει
2706 573 2806 629 sub
2849 573 3150 630 Zorobabel
3180 577 3292 631 base
3326 576 3466 631 facta
3498 593 3695 649 cogno-

2111 671 2336 734 scimus,
2372 668 2591 737 quando
2625 667 2902 737 Assyrios,
2936 666 3046 723 hoc
3087 677 3194 735 est,
3238 665 3472 724 Niniven
3511 679 3696 724 vasta-

2111 775 2242 818 vere
2288 759 2569 831 Babylonii
2617 769 2781 829 atque
2820 756 3082 826 Chaldaei,
3120 770 3176 814 et
3208 775 3426 815 rursum
3463 759 3696 831 Babylo.

2115 855 2234 909 nios
2258 862 2313 909 et
2331 851 2618 907 Chaldaeos
2642 850 2781 906 Medi
2805 851 3094 921 Persaeque
3122 863 3407 921 ceperunt,
3434 862 3492 907 et
3515 852 3697 926 Baby.

2115 949 2203 1002 lou
2224 946 2501 1002 destructa
2522 953 2626 1000 est.
2651 943 2805 999 Tttnc
2833 944 2968 999 Sion
2990 944 3158 1014 erepit
3179 944 3381 1000 habere
3398 946 3695 1001 Dominum

2113 1039 2522 1106 requirentem,
2576 1045 2633 1091 et
2679 1036 2912 1092 obducta
2951 1043 3040 1090 est
3093 1035 3319 1094 cicatrix
3373 1038 3697 1093 vulneribus

2115 1115 2293 1197 illius’,
2338 1139 2391 1184 et
2441 1139 2634 1184 sanata
2668 1138 2753 1184 est
2801 1142 2831 1181 a
2880 1128 3052 1198 plagis
3099 1129 3249 1194 suis,
3285 1131 3431 1199 quod
3488 1118 3731 1198 plenius

2114 1228 2280 1288 atque
2329 1216 2627 1289 perfectius
2682 1216 2983 1287 completur
3032 1216 3142 1290 (At.
3195 1218 3586 1292 compiebitur]
3640 1220 3695 1274 in

2113 1309 2352 1365 Christo.

2185 1400 2366 1472 (Vers.
2401 1402 2469 1458 18
2497 1410 2676 1472 seqq.)
2707 1420 2726 1455 ι
2760 1402 2887 1459 Haec
2913 1402 3045 1457 dicit
3074 1401 3337 1456 Dominus
3363 1416 3379 1455 :
3408 1400 3556 1455 Ecce
3592 1415 3697 1471 ego

2115 1504 2429 1550 convertam
2461 1471 2887 1551 conversionem‘
2927 1495 3406 1551 tabernaculorum
3456 1491 3631 1548 Iacob
3676 1512 3691 1548 :

2114 1596 2169 1641 ct
2193 1588 2349 1641 tectis
2368 1587 2494 1657 (sive
2520 1586 2841 1656 captivitati)
2867 1602 3053 1642 eorum
3085 1584 3272 1658 (Vulg.
3295 1585 3444 1656 ejus]
3473 1585 3701 1639 misere-

434 1682 711 1736 t-icatricis
771 1681 1065 1735 obducere.
1118 1678 1474 1747 Quocumque
1531 1688 1583 1733 te
1634 1678 2009 1743 converteris,
2044 1663 2084 1715 Β
2118 1677 2234 1730 bur.
2268 1676 2332 1730 Et
2360 1676 2722 1731 tediiieabitur
2748 1677 2941 1732 civitas
2968 1678 3020 1731 in
3048 1675 3268 1731 excelso
3295 1690 3415 1740 suo,
3445 1686 3503 1728 et
3530 1674 3698 1728 Tem-

436 1774 646 1828 Ltilitas
681 1787 788 1828 non
820 1781 906 1827 est
932 1771 1053 1836 tibi,
1083 1771 1208 1838 quia
1243 1770 1519 1825 offendisti
1550 1785 1675 1825 eum
1707 1769 1797 1843 (ιευί
1828 1784 2010 1831 verus.

435 1878 485 1918 et
510 1864 656 1920 solus
679 1871 761 1917 est
793 1862 1031 1916 medicus
1055 1878 1070 1917 :
1096 1859 1287 1925 Omnes
1314 1869 1581 1915 amatores
1610 1861 1686 1915 tui
1714 1860 1865 1914 obliti
1894 1870 2011 1914 sunt

435 1959 531 2024 uti,
557 1956 640 2011 vel
669 1954 1004 2017 Sacerdotes,
1036 1954 1121 2008 vel
1157 1954 1451 2023 principes,
1484 1963 1577 2007 aut
1604 1963 1752 2007 certe
1782 1951 2013 2021 Angelo-

438 2061 556 2098 tutn
591 2040 869 2114 praesidia,
899 2041 1095 2109 quibus
1132 2042 1448 2111 priusquam
1495 2028 1798 2097 offenderes
1831 2042 2013 2095 Domi-

436 2147 591 2196 num,
629 2129 942 2185 vallabaris.
994 2128 1064 2185 Te
1111 2147 1214 2184 non
1244 2141 1495 2202 quterent,
1530 2130 1792 2187 facientes
1821 2142 2009 2186 contra

438 2223 791 2291 Apostolum,
838 2224 931 2292 qui
964 2223 1279 2292 quaerebant
1324 2223 1641 2290 credentes,
1690 2232 1901 2279 et'non
1947 2236 2009 2278 ea

437 2332 557 2385 qute
580 2325 737 2372 erant
765 2316 1102 2371 credentium
1132 2315 1221 2386 (ιι
1247 2315 1372 2372 Cor.
1401 2317 1516 2386 xu).
1545 2314 1715 2387 Plaga
1744 2317 1882 2371 enim
1909 2317 2012 2370 ini-

447 2408 572 2461 mici
602 2407 834 2477 percussi
865 2415 934 2471 te,
966 2408 1311 2478 castigatione
1334 2410 1557 2463 crudeli.
1586 2410 1758 2463 Aliter
1784 2410 2007 2473 anticus,

436 2497 597 2552 aiiter
630 2498 880 2554 inimicus
905 2501 1139 2570 percutit
1169 2516 1185 2554 :
1214 2500 1372 2554 aliter
1406 2499 1620 2570 1056
1644 2509 1816 2568 pater,
1852 2499 2012 2553 aliter

441 2591 638 2645 bustis.
675 2589 766 2644 ille
792 2592 949 2646 caedit
978 2601 1036 2646 ut
1070 2592 1330 2663 corrigat,
1362 2592 1462 2646 iste
1494 2591 1727 2661 percutit
1774 2603 1833 2646 ut
1872 2592 2011 2647 oeci-

438 2684 549 2737 dat.
578 2681 730 2737 Unde
750 2693 805 2738 et
824 2681 1097 2753 Propheta
1122 2682 1545 2754 lacrymabiiitcr
1566 2683 1695 2738 dicit
1723 2699 1740 2737 :
1769 2683 2009 2747 Domine,

438 2790 500 2827 ne
526 2774 579 2826 in
602 2773 782 2842 furore
806 2782 896 2829 tuo
919 2791 1115 2844 arguas
1138 2790 1239 2839 me,
1268 2789 1431 2843 neque
1451 2774 1504 2827 in
1530 2775 1610 2829 ira
1632 2784 1725 2828 tua
1748 2776 2010 2843 corripias

439 2880 519 2917 me
559 2863 736 2934 (Psal.
762 2880 835 2931 vr,
870 2865 944 2934 i).
984 2865 1095 2920 Hoc
1137 2876 1314 2921 autem
1360 2864 1566 2921 factum
1596 2876 1700 2929 est,
1732 2867 1856 2934 quia
1888 2882 2011 2933 pro-

2116 1767 2260 1836 plum
2291 1768 2446 1835 juxta
2476 1766 2719 1822 ordinem
2764 1781 2925 1822 suum
2975 1765 3311 1822 t‘undabitur.
3346 1765 3415 1819 Et
3445 1765 3697 1830 egredie-

2116 1869 2204 1913 tur
2236 1859 2303 1914 de
2333 1858 2414 1914 eis
2453 1858 2591 1923 laus,
2624 1873 2838 1928 voxque
2873 1857 3191 1913 ludentium.
3221 1854 3289 1910 Et
3318 1854 3696 1924 multiplicabo

2113 1964 2232 2015 eos,
2265 1957 2322 2005 et
2370 1965 2476 2005 non
2521 1952 2858 2005 minuentur.
2908 1949 3192 2021 (Quodque
3235 1950 3534 2019 sequitur:
3570 1966 3589 1998 ι
3627 1948 3697 2001 Et

2112 2040 2431 2109 gloriﬁcabo
2472 2055 2589 2106 eos,
2641 2051 2696 2096 et
2746 2056 2853 2097 non
2880 2041 3319 2105 attenuabuutur,
3350 2041 3372 2073 ³
3413 2057 3435 2093 s
3471 2039 3525 2093 in
3551 2038 3692 2094 LXX

2115 2148 2221 2187 nott
2274 2132 2547 2202 habetur).
2583 2132 2650 2186 Et
2692 2142 2878 2198 erunt,
2927 2133 3121 2202 inquit,
3172 2133 3268 2186 lilii
3319 2132 3441 2202 ejus
3476 2132 3621 2186 sicut
3662 2144 3693 2183 a

2114 2226 2403 2296 principio,
2434 2236 2488 2280 et
2532 2234 2710 2280 ctetus
2741 2227 2861 2291 ejus
2895 2238 3079 2281 coram
3114 2238 3199 2277 me
3238 2223 3605 2294 permanebit,
3637 2232 3695 2275 et

2114 2316 2347 2369 visitabo
2374 2316 2661 2370 adVersum
2689 2328 2879 2369 omnes
2903 2315 2995 2383 qui
3034 2313 3296 2369 tribulam
3319 2327 3467 2367 eum.
3501 2312 3570 2366 Et
3587 2311 3694 2366 erit

2113 2406 2218 2460 dux
2251 2405 2368 2476 ejus
2412 2420 2478 2461 ex
2511 2420 2596 2470 eo,
2636 2414 2693 2460 et
2738 2406 2990 2474 princeps
3021 2408 3088 2460 de
3170 2405 3351 2460 medio
3381 2404 3506 2475 ejus
3562 2419 3692 2474 pro-

2114 2497 2360 2551 ducetur.
2408 2493 2477 2550 Et
2520 2494 2805 2565 applicabo
2856 2510 3004 2557 euut,
3039 2493 3251 2565 1057
3280 2502 3335 2548 et
3365 2494 3590 2549 accedet
3621 2492 3691 2546 ad

2115 2604 2219 2644 me.
2257 2587 2392 2656 Quis
2421 2589 2568 2643 enim
2606 2589 2710 2643 iste
2757 2597 2840 2644 est
2885 2590 2980 2658 qui
3010 2589 3247 2657 applicet
3290 2602 3386 2642 cor
3415 2601 3599 2650 suum,
3632 2593 3695 2639 ut

2114 2682 2520 2752 appropinquet
2566 2680 2720 2745 mihi,
2756 2681 2834 2735 ait
2883 2681 3178 2736 Dominus?
3223 2679 3597 2749 (Rursumque
3635 2688 3695 2734 et

2113 2776 2215 2830 hoc
2245 2776 2299 2831 in
2329 2773 2471 2829 LXX
2499 2790 2605 2829 non
2642 2774 2868 2829 habetur
2900 2774 2968 2842 ⁸.)
2996 2774 3061 2827 Et
3089 2774 3243 2829 eritis
3273 2773 3407 2827 mibi
3440 2772 3495 2826 in
3524 2787 3698 2852 popu-

2115 2869 2247 2935 lum,
2295 2878 2351 2923 et
2382 2881 2483 2938 ego
2514 2882 2611 2923 ero
2645 2868 2799 2922 vobis
2844 2866 2896 2920 in
2948 2867 3140 2921 Deum.
3182 2884 3201 2918 ι
3252 2863 3497 2931 Quorum
3530 2874 3694 2933 typus

408 2950 411 2951 ⁷
441 2968 560 3024 pter
590 2956 993 3012 multitudinem
1035 2957 1336 3027 iniquitatis
1368 2967 1493 3023 tute,
1521 2957 1655 3012 dttra
1701 2956 1840 3013 facta
1884 2967 2011 3012 sunt
2040 2995 2082 3047 α
2116 2958 2396 3028 praecessit
2435 2958 2487 3012 in
2522 2956 2824 3013 Zorobabel
2871 2967 2926 3012 et
2974 2956 3136 3023 Ezra,
3182 2958 3400 3026 quando
3437 2969 3694 3010 reversus

442 3056 666 3113 p.'ccata
704 3058 814 3103 tua.
846 3047 1109 3118 Quodque
1140 3050 1388 3118 sequitur
1420 3066 1434 3103 :
1461 3048 1598 3113 Quid
1626 3049 1825 3104 clamas
1857 3066 2012 3117 super

439 3139 752 3193 contritione
795 3139 931 3192 tua?
960 3138 1272 3193 insanabilis
1317 3147 1395 3193 est
1440 3134 1595 3193 dolor
1636 3149 1756 3193 tuus
1799 3151 2014 3211 propter

443 3230 837 3284 multitudinem
882 3230 1176 3297 iniquitatis
1221 3239 1359 3295 tuaz,
1408 3231 1461 3284 in
1499 3231 1850 3301 Septuaginta
1900 3248 2010 3287 non

444 3320 711 3384 imbCllll‘;
745 3319 1044 3374 videlicet’
1071 3322 1197 3390 quia
1245 3322 1483 3393 secundo
1534 3324 1755 3388 dicitur,
1802 3336 2015 3392 propter

445 3408 833 3463 nultitudinem
858 3410 1153 3479 iniquitatis
1178 3420 1301 3477 tute,
1331 3422 1378 3464 et
1404 3411 1539 3466 dura
1567 3424 1783 3482 peccata
1810 3423 1938 3480 tua;
1962 3424 2015 3468 et

442 3505 534 3581 qui
566 3504 879 3559 scribebant
905 3520 935 3557 a
966 3506 1253 3575 principio,
1286 3507 1528 3561 additum
1577 3516 1923 3576 putaverunt.
1950 3509 2016 3563 Et

443 3605 525 3647 cst
559 3608 755 3650 sensus
787 3611 800 3648 :
831 3593 902 3649 Ut
934 3595 1141 3650 inimici
1175 3605 1227 3650 te
1258 3598 1410 3666 plaga
1447 3610 1805 3665 percuterem,
1835 3610 1888 3654 et
1915 3615 2017 3655 ca:-

442 3688 628 3739 deretn
678 3687 1035 3757 castigatione
1077 3688 1322 3754 crudeli,
1389 3688 1518 3745 fecit
1572 3690 1862 3747 multitudo
1912 3694 2018 3747 ini-

444 3779 668 3845 quitatis
712 3788 834 3845 tum,
865 3788 920 3834 et
967 3780 1102 3834 dura
1141 3791 1360 3849 peccata
1395 3792 1506 3848 tua,
1539 3797 1659 3852 quae
1693 3784 1875 3838 sanari
1907 3800 2014 3840 non

444 3881 729 3941 poterant,
780 3872 881 3927 nisi
936 3872 1348 3927 mordacissimo
1398 3875 1648 3944 pulvere,
1701 3887 1757 3932 et
1794 3876 2015 3933 ardenti

444 3963 713 4029 cauterio,
741 3972 794 4016 et
822 3961 968 4018 ferro
999 3964 1338 4029 acutissimo,
1371 3980 1477 4035 quo
1525 3968 1768 4036 putridas
1797 3984 2015 4036 carnes,

444 4065 501 4107 et
547 4053 884 4109 insanabiles
916 4064 1279 4123 atnputarem.
1310 4056 1374 4111 Et
1409 4067 1587 4113 tamen
1623 4070 1841 4129 propter
1883 4063 2017 4116 mul-

446 4147 736 4202 titudinem
774 4146 1079 4218 iniquitatis
1115 4157 1240 4211 tote,
1273 4156 1329 4203 et
1357 4150 1490 4203 dura
1524 4164 1744 4216 peooata
1777 4164 1886 4216 tua,
1918 4155 2016 4209 feci

453 4240 567 4294 lucc
601 4239 718 4304 tibi,
747 4255 853 4292 non
887 4252 1009 4293 mea
1044 4239 1343 4306 voluntate,
1376 4240 1471 4295 sed
1502 4243 1782 4297 medicinae
1808 4248 2020 4301 ratione

449 4344 696 4402 cogente.

522 4424 705 4495 (Vers.
746 4426 832 4491 l6,
868 4426 978 4497 l'i.)
1025 4445 1044 4478 ‹
1099 4426 1389 4497 Propterea
1424 4444 1651 4497 omnes,
1700 4433 1792 4501 qui
1835 4448 2018 4487 come-

448 4513 586 4568 dunt
636 4525 710 4577 te,
756 4515 1163 4570 devorabuutur
1197 4535 1210 4570 :
1242 4532 1297 4572 et
1343 4521 1577 4572 universi
1626 4521 1809 4575 hostes
1841 4523 1914 4575 ttti
1963 4524 2015 4575 ιιι

449 4605 815 4676 captivitatem
846 4608 1109 4660 ducentur
1137 4624 1150 4661 :
1180 4618 1235 4662 et
1261 4609 1351 4678 qui
1388 4618 1439 4663 te
1467 4622 1700 4674 vastant,
1730 4615 2019 4668 vastabun-

452 4709 538 4752 tur
572 4716 586 4753 ε
621 4686 958 4766 cunctosque
990 4698 1322 4765 praedatores
1354 4711 1472 4754 tuos
1500 4701 1639 4755 dabo
1668 4703 1721 4756 in
1758 4704 2015 4772 praedam.

522 4836 540 4866 ί
569 4834 847 4889 luterserit
876 4833 1050 4891 Vatic.
1084 4836 1154 4889 ad
1187 4851 1287 4891 nte.

520 4906 540 4935 ⁸
573 4905 848 4973 Ejusmodi
882 4908 1230 4960 emissionem
1271 4906 1340 4959 ob
1366 4909 1677 4962 earumdem
1713 4908 2017 4963 litterarum

453 4990 737 5030 recursum
785 4991 947 5044 supra
1007 4975 1061 5029 itt
1125 4974 1275 5031 Isaia:
1330 4976 1695 5031 Commentar.
1750 4981 1856 5034 col.
1913 4982 2019 5035 482

453 5056 624 5098 ιιυιιιι.

522 5114 544 5143 ³
578 5113 633 5166 In
664 5115 919 5175 Cisterm.
957 5115 1022 5169 Et
1052 5132 1152 5169 non
1184 5117 1466 5171 attennaba
1491 5133 1594 5170 eos.
1646 5152 1654 5159 -

516 5181 553 5254 ‘7
579 5183 808 5253 Legerat
843 5186 1184 5240 Martianteus
1224 5198 1345 5254 post
1379 5187 1685 5252 Erasmum,
1734 5200 1784 5244 et
1827 5191 1924 5245 Itoc
1965 5194 2020 5248 in

458 5252 715 5306 Hebraico
765 5271 867 5306 non
913 5256 1153 5322 habetur,
1200 5252 1358 5325 quam
1411 5260 1697 5311 lectionem
1750 5261 2020 5316 Victorius

453 5325 712 5388 mutavit,
769 5327 1106 5394 substituens
1161 5326 1509 5393 Septuaginta
1567 5344 1661 5394 pro
1709 5330 2019 5388 lleltraico:

451 5394 649 5467 quippe
678 5409 800 5448 cum
838 5396 889 5446 in
925 5393 1187 5467 ilebrait-o
1212 5409 1528 5467 reperiatur
1555 5393 1641 5450 [tie
1677 5416 1885 5467 versus,
1916 5421 2019 5457 non

454 5466 754 5535 reperiatur
792 5475 965 5535 autem
1002 5465 1052 5515 iu
1088 5464 1225 5517 LXX
1273 5484 1324 5519 Ill
1359 5484 1586 5535 quorum
1619 5469 1806 5525 Graeco
1839 5464 2023 5527 codice

455 5538 623 5586 tit-est.
657 5534 879 5598 Locum,
915 5533 1113 5608 inquit,
1162 5533 1499 5606 corruptum,
1535 5554 1600 5591 ex
1651 5540 2022 5608 superioribus

456 5617 668 5670 quoque
715 5613 955 5671 apparet.
1001 5605 1221 5659 Dixerat
1251 5623 1390 5661 enim
1428 5614 1596 5678 supra
1637 5605 2019 5681 Hieronymus,

2114 3064 2198 3108 est
2232 3054 2478 3121 populus.
2510 3059 2567 3106 et
2614 3058 2791 3121 empta
2834 3061 2920 3105 est
2964 3051 3220 3104 atditicari
3257 3048 3454 3104 civitas
3494 3052 3549 3102 in
3595 3062 3695 3101 ex-

2114 3144 2259 3199 celso
2292 3158 2414 3209 suo,
2462 3141 2759 3212 templique
2806 3141 3085 3196 observari
3135 3140 3346 3210 religio,
3396 3148 3454 3194 et
3494 3150 3692 3194 cetera

2114 3253 2239 3307 quze
2291 3236 2458 3305 ipsius
2522 3235 2672 3289 Ezrte
2718 3234 2990 3289 volumine
3043 3238 3428 3307 continentur.
3472 3231 3695 3287 Plenius

2117 3341 2292 3385 autem
2328 3337 2490 3398 atque
2511 3328 2814 3399 perfectius
2857 3327 2912 3380 in
2942 3325 3175 3380 Domino
3210 3325 3519 3380 SaIVature.
3552 3325 3699 3391 Apu-

2116 3423 2380 3491 stulisque
2408 3420 2739 3489 completum
2771 3428 2875 3484 est,
2901 3418 3119 3488 quando
3147 3417 3408 3471 tedittcata
3441 3426 3527 3470 est
3560 3415 3697 3470 ciri-

2120 3524 2203 3567 tas
2232 3515 2286 3566 in
2315 3513 2531 3567 excelso
2558 3526 2678 3577 suo,
2703 3510 2770 3565 de
2802 3525 2904 3579 qua
2935 3510 3195 3576 scriptum
3220 3515 3306 3562 est
3328 3524 3345 3563 :
3370 3506 3495 3561 Non
3523 3517 3696 3578 potest

2117 3604 2371 3660 abscondi
2391 3605 2574 3658 civitas
2599 3618 2714 3673 qua:
2740 3603 2792 3655 in
2817 3608 2991 3654 monte
3012 3601 3115 3653 sita
3138 3609 3214 3653 est
3238 3600 3454 3669 (Matth.
3479 3614 3533 3664 v,
3559 3598 3646 3665 Μ)
3676 3614 3693 3650 :

2117 3711 2172 3754 et
2223 3700 2479 3769 templum
2532 3697 2687 3767 juxta
2733 3694 2979 3751 ordinem
3027 3707 3184 3748 suum
3233 3694 3698 3761 caeremoniasque

2118 3793 2426 3855 fundatum,
2458 3799 2519 3845 ut
2557 3788 2819 3859 quidquid
2850 3788 2903 3841 in
2943 3787 3110 3856 priori
3146 3786 3344 3856 populo
3382 3784 3545 3839 nebat
3575 3800 3699 3839 car-

2121 3883 2338 3948 naliter,
2368 3883 2422 3936 in
2459 3880 2697 3935 Ecclesia
2733 3878 3090 3948 spiritualiter
3120 3876 3509 3946 conqdcretur.
3541 3874 3699 3929 Tunc

2118 3987 2336 4042 egressa
2384 3980 2468 4027 est
2514 3971 2633 4025 laus
2684 3970 2802 4025 sive
2847 3969 3144 4040 gratiarum
3176 3970 3355 4034 actio;
3398 3968 3502 4022 hoc
3546 3969 3695 4021 enim

2121 4063 2392 4133 signiﬁcat
2425 4076 2601 4117 metu
2637 4061 2858 4131 (n't'tn),
2922 4070 2979 4113 ιιι
3028 4074 3220 4115 omnes
3263 4059 3509 4128 Apostoli
3555 4059 3699 4113 dice-

2121 4165 2242 4211 rent
2268 4171 2282 4208 :
2310 4152 2498 4208 Gratia
2526 4153 2667 4207 vobis
2710 4160 2759 4205 et
2782 4166 2889 4220 pax
2915 4148 2970 4220 (1
2999 4148 3124 4206 Cor.
3153 4166 3193 4212 ι,
3236 4149 3291 4220 3)
3316 4166 3332 4214 ;
3362 4165 3575 4219 voxque
3616 4152 3697 4205 lu-

2121 4250 2386 4314 dentium,
2415 4256 2521 4302 ndn
2558 4247 2650 4302 illo
2679 4246 2829 4311 ludo,
2863 4258 2970 4314 quo
3012 4244 3357 4297 manducavit
3388 4244 3619 4312 populus
3642 4253 3697 4297 et

2045 4338 2098 4398 D
2127 4343 2257 4409 bibit
2288 4351 2343 4397 et
2390 4340 2630 4395 surrexit
2675 4348 2736 4393 ut
2783 4338 2993 4392 luderet
3021 4335 3221 4407 (Exod.
3253 4340 3459 4404 xxxii);
3494 4338 3590 4390 sed
3631 4350 3697 4390 eo

2126 4450 2233 4503 quo
2267 4447 2449 4485 coram
2488 4432 2626 4484 Area
2658 4428 2871 4484 Domini
2916 4430 3043 4483 lusit
3089 4428 3254 4482 David
3298 4425 3383 4497 (II
3418 4425 3550 4497 Reg.
3600 4427 3694 4498 rt).

2127 4525 2191 4579 Et
2219 4523 2559 4593 multiplicati
2588 4532 2714 4577 sunt
2741 4534 2794 4577 et
2821 4536 2923 4577 non
2961 4520 3257 4585 imminuti,
3285 4527 3344 4573 ut
3375 4528 3518 4574 tutus
3544 4522 3698 4574 orbis

2126 4618 2375 4671 crederet
2430 4616 2484 4669 in
2529 4615 2812 4669 Dominum
2862 4613 3198 4668 Salvatorem
3248 4630 3264 4667 :
3313 4624 3367 4668 et
3411 4613 3697 4683 gloriﬁcati

2127 4721 2287 4773 sunt,
2326 4720 2382 4762 ut
2428 4707 2743 4777 impleretur
2790 4708 2936 4776 quod
2984 4706 3247 4775 scriptum
3293 4714 3379 4760 est
3407 4721 3423 4758 :
3450 4705 3699 4759 Gloriosa

2126 4850 2362 4919 quodque
2388 4847 2646 4919 sequitur.
2680 4856 2733 4900 et
2758 4846 3069 4919 gloriﬁcabo
3094 4862 3207 4919 eos,
3235 4857 3290 4903 et
3316 4862 3422 4902 non
3449 4858 3698 4919 attenua-

2130 4917 2351 4982 buutur,
2386 4919 2441 4971 iu
2474 4917 2614 4971 LXX
2643 4917 3023 4988 nonjtabetur;
3050 4918 3286 4973 subdens
3317 4927 3527 4988 postea,
3556 4917 3697 4972 Itur-

2127 5004 2344 5057 sumque
2388 4996 2437 5040 et
2483 4992 2580 5042 hoc
2613 4990 2665 5039 in
2698 4986 2839 5039 LXX
2886 5004 2987 5040 non
3021 4990 3259 5051 habetur,
3289 4986 3459 5057 verba
3466 5004 3702 5057 ieonve—

2131 5056 2304 5111 uiuut.
2334 5059 2402 5112 At
2432 5073 2536 5112 nou
2567 5061 2635 5111 ita
2663 5058 2708 5111 si
2740 5061 2969 5126 legatur,
2997 5057 3406 5129 Rursumquein
3433 5056 3697 5112 Hebraico

2131 5145 2233 5181 non
2277 5129 2519 5192 habetur,
2558 5142 2677 5181 cum
2741 5129 2960 5196 aliquod
2996 5134 3183 5183 deesse
3216 5127 3267 5181 in
3306 5127 3578 5182 Hebraico
3608 5145 3698 5181 su-

2131 5213 2226 5267 pra
2261 5200 2463 5253 dictunt
2497 5213 2599 5252 non
2632 5198 2723 5250 sit.
2755 5195 2852 5250 HIC
2879 5199 3034 5251 locus
3074 5200 3289 5263 vitiatus
3319 5202 3407 5252 ditt
3455 5199 3695 5252 erudito-

2132 5285 2248 5320 rum
2301 5270 2456 5338 torsit
2492 5268 2699 5338 ingenia
2733 5285 2747 5321 :
2782 5269 3143 5334 conjiciebant
3175 5272 3318 5321 enim
3364 5283 3430 5321 ex
3481 5283 3569 5331 eo,
3606 5279 3698 5321 aut

2133 5354 2235 5390 non
2263 5353 2382 5392 esse
2412 5337 2745 5406 Hieronymi,
2776 5353 2894 5404 qua:
2921 5342 3077 5407 vuigu
3103 5340 3480 5392 circumfertur
3505 5338 3695 5399 editio,

2132 5409 2183 5459 in
2235 5424 2339 5474 qua
2389 5424 2435 5461 ts
2480 5423 2665 5461 versus
2701 5407 3062 5475 reperiretur;
3113 5421 3205 5460 aut
3239 5411 3284 5461 si
3330 5411 3423 5470 sit,
3478 5407 3695 5460 aliunde

2131 5484 2452 5599 ῗιιρρδθιειιιι,
2504 5493 2625 5533 cum
2678 5476 2973 5534 llebrsicus
3009 5479 3177 5533 codex
3226 5479 3431 5547 integer
3480 5477 3556 5532 illi
3604 5478 3697 5533 deo

2157 5556 2311 5599 uertt.

2157 5552 2311 5601 uerit.
