4004 6182
317 284 424 349 905

780 283 1264 346 COMMENTAR.
1306 283 1385 344 IN
1425 284 1829 345 JEREMIAM
1863 284 2320 346 PROPHETAM
2369 286 2510 351 LIB.
2559 287 2654 357 VI,
2706 287 2863 347 CAP.
2891 285 3110 347 XXXI.

3467 283 3574 348 936

317 404 461 458 dicta
492 408 615 456 sunt
653 399 717 454 de
741 410 808 466 te,
837 399 1020 454 civitas
1064 397 1159 453 Dei
1186 397 1358 465 (Psal.
1398 413 1618 464 Luxvt,
1652 399 1728 469 5).
1758 399 1895 454 Fue-
1925 402 1970 462 Α
2001 401 2197 469 gladio.
2251 400 2330 454 Ite
2371 409 2424 453 et
2472 400 2638 454 nolite
2685 397 2995 454 interﬁcere
3044 395 3230 451 Israel.
3269 414 3288 447 ι
3328 395 3574 452 Ridicule

316 489 556 564 runtqhe
586 492 680 546 lilii
709 491 846 561 ejus,
883 491 984 545 hoc
1015 500 1117 556 est,
1170 491 1398 560 apostoli
1433 492 1573 546 sicut
1615 489 1830 546 fuerunt
1861 506 1894 545 ι

318 585 608 655 principio,
646 584 943 648 Abraham,
975 591 1032 637 et
1082 582 1252 647 Isaae,
1295 593 1350 638 et
1382 583 1569 648 Iacob,
1620 584 1894 654 principes

320 679 538 747 generis
584 676 888 731 Israelitici.
941 675 1092 730 Tunc
1129 675 1371 730 visitavit
1405 675 1667 730 Dominus
1703 677 1893 731 adver-

315 787 438 827 sum
471 784 662 824 omnes
693 769 783 839 qui
831 768 1225 823 tribulaverunt
1257 768 1513 838 p0pulum
1547 766 1661 830 Dei,
1694 767 1891 822 adver-

315 865 493 919 sarias
524 862 776 916 videlicet
809 871 1123 930 potestates.
1160 859 1228 915 Et
1271 859 1372 914 fuit
1399 860 1506 914 dux
1538 859 1657 929 ejus
1685 874 1750 914 ex
1781 873 1844 914 eo
1872 873 1889 916 :

317 956 460 1012 haud
495 955 720 1010 dubium
756 954 885 1023 quin
920 953 1180 1008 Dominus
1211 961 1265 1008 et
1313 952 1562 1008 Salvator
1595 951 1888 1006 secundum

313 1061 538 1103 carnem
565 1061 632 1100 ex
662 1059 858 1115 genere
886 1041 1072 1112 Israel,
1098 1052 1151 1097 et
1184 1044 1432 1113 princeps
1457 1043 1523 1098 de
1557 1041 1735 1098 medio
1770 1043 1890 1113 ejus

312 1139 613 1210 productus
639 1145 744 1192 est.
770 1137 1074 1206 Applicavit
1095 1151 1218 1190 eum
1245 1136 1404 1190 Pater
1429 1135 1492 1189 ad
1519 1149 1598 1200 se,
1625 1141 1680 1189 et
1701 1146 1890 1188 acces-

313 1235 386 1288 sit
407 1234 472 1286 ad
494 1247 643 1297 eum,
668 1240 726 1284 ut
755 1231 960 1284 diceret
984 1229 1151 1283 Filius
1178 1245 1192 1283 :
1217 1226 1325 1299 Ego
1349 1229 1402 1281 in
1433 1225 1618 1291 Patre,
1644 1237 1692 1281 et
1725 1225 1890 1280 Pater

312 1325 367 1377 in
415 1340 495 1377 me
540 1322 726 1392 (Joan.
767 1335 876 1388 xiv,
929 1320 1018 1387 Il)
1047 1336 1060 1372 :
1088 1317 1211 1387 quia
1247 1317 1424 1371 nnllns
1457 1324 1635 1386 potest
1683 1316 1764 1372 sic
1793 1329 1887 1370 cor

310 1432 472 1472 Suum
520 1416 792 1484 applicare
843 1413 972 1478 Deo,
1012 1427 1111 1466 nec
1165 1413 1235 1464 ita
1288 1420 1344 1463 ut
1385 1408 1552 1464 Filius
1582 1409 1729 1464 Patri
1765 1424 1888 1463 esse

308 1510 658 1578 conjunctus.
693 1506 956 1574 Quodque
987 1505 1116 1559 dicit
1153 1485 1309 1573 juxta
1337 1503 1686 1574 Septuaginta
1716 1503 1733 1535 ¹
1769 1517 1785 1555 :
1818 1499 1885 1555 Et

305 1604 461 1659 eritis
493 1601 618 1656 mihi
648 1601 703 1654 in
747 1599 1021 1671 populum,
1053 1608 1102 1651 et
1148 1614 1240 1669 ego
1291 1613 1380 1651 ero
1418 1595 1559 1650 vobis
1591 1596 1647 1648 in
1694 1593 1881 1659 Deum,

308 1693 588 1748 cernimus
636 1705 798 1760 opere
850 1690 1179 1760 completum
1230 1704 1296 1743 cx
1330 1695 1480 1758 parte
1514 1686 1568 1740 in
1606 1683 1796 1751 Israel,
1829 1691 1884 1739 et

309 1801 376 1841 ex
417 1795 530 1839 toto
565 1784 616 1838 in
649 1765 888 1853 gentium
921 1779 1284 1836 multitudine.

377 1874 562 1945 (Vera.
591 1872 683 1938 23,
717 1873 834 1944 24.)
870 1891 889 1924 ι
934 1871 1074 1927 Ecce
1104 1871 1261 1925 turbo
1305 1869 1516 1926 Domini
1550 1869 1700 1925 furor
1728 1883 1884 1939 egre-

309 1967 484 2027 diens,
520 1975 572 2018 et
605 1964 834 2035 procella
870 1979 1053 2032 ruens,
1097 1964 1148 2018 in
1186 1963 1364 2031 capite
1415 1964 1706 2031 impiorum
1751 1976 1884 2016 con-

307 2058 574 2130 quiescet.
599 2056 717 2111 Non
748 2066 955 2110 avertet
1003 2057 1134 2109 iram
1182 2054 1564 2124 indignationis
1601 2053 1878 2116 Dominus,

309 2152 483 2205 donec
533 2149 692 2204 iaciat
720 2159 774 2204 et
809 2149 1076 2219 compleat
1121 2147 1498 2219 cogitationem
1549 2145 1729 2201 cordis
1773 2144 1881 2210 sui,

308 2247 366 2300 in
395 2245 611 2314 1058
638 2243 929 2299 novissimo
955 2241 1163 2296 dierum
1197 2239 1506 2308 intelligetis
1531 2252 1616 2291 ea.
1656 2255 1675 2289 ι
1701 2234 1883 2292 Turbo

309 2340 514 2393 luroris
546 2336 759 2392 Domini
807 2343 860 2390 et
908 2333 1139 2404 procella
1186 2349 1348 2388 ruens
1380 2341 1542 2400 atque
1587 2340 1882 2397 tempestas

306 2433 616 2503 requiescet
647 2431 704 2486 in
732 2430 910 2498 capite
943 2442 1154 2495 eorum,
1197 2427 1276 2481 vel
1311 2426 1642 2490 daemonum,
1677 2422 1759 2478 vel
1791 2437 1879 2478 eo-

306 2525 554 2594 rumqui
584 2525 675 2578 Dei
707 2523 901 2578 Filiqu
936 2521 1448 2587 blasphemaverunt
1476 2516 1580 2571 :Et
1606 2531 1709 2569 non
1736 2530 1883 2568 aver-

308 2627 377 2671 tet
413 2618 549 2669 iram
593 2613 968 2682 indignationis
995 2627 1124 2675 suae,
1162 2609 1325 2664 donec
1355 2609 1518 2678 faciat
1545 2615 1594 2661 et
1627 2603 1883 2674 compleat

307 2709 677 2776 cogitationem
729 2707 900 2759 cordis
948 2705 1066 2770 sui;
1117 2711 1170 2757 et
1222 2701 1591 2756 circumdetur
1638 2699 1882 2752 exercitu

306 2800 650 2863 Jerusalem,
685 2809 739 2852 et
790 2799 1004 2866 penitus
1057 2795 1320 2850 deleatur.
1371 2791 1651 2858 Quomodo
1698 2799 1880 2844 autem

309 2891 506 2947 artifex
554 2907 657 2944 non
707 2898 886 2959 potest
933 2888 1156 2956 intelligi
1206 2885 1310 2940 nisi
1360 2897 1524 2953 opere
1575 2885 1878 2952 completo;

309 2997 411 3040 nec
444 2982 726 3038 medicime
760 2982 1049 3045 industria,
1078 2980 1182 3033 nisi
1221 2987 1506 3049 postquam
1539 2975 1705 3030 fuerit
1737 2973 1882 3029 sani-

1997 489 2175 545 Latini
2206 492 2420 548 codices
2463 492 2515 546 in
2545 492 2645 547 hoc
2668 491 2788 546 loco
2819 489 3170 560 ambiguitate
3193 489 3342 544 verbi
3373 488 3572 554 Grazci,
3627 476 3638 488 ’

1998 597 2097 650 pro
2125 582 2322 647 calido,
2350 583 2556 652 lnpinos
2582 581 2917 653 interpretati
2950 590 3074 636 sunt
3100 599 3113 636 :
3141 579 3390 636 Graecum
3420 581 3572 635 enim

1997 671 2206 743 θερμὸν
2235 681 2526 742 utrumque
2553 674 2844 743 signiﬁcat,
2875 673 3018 742 quod
3050 679 3102 726 et
3133 672 3307 740 ipsum
3343 686 3448 724 non
3479 671 3578 724 ha-

1996 765 2156 819 betur
2193 763 2246 818 in
2282 762 2525 818 Hebraeo.
2561 762 2817 835 Estenim
2853 764 3116 832 scriptum
3137 777 3241 816 nan
3269 759 3397 850 (In),
3429 761 3573 832 quod

1994 859 2186 928 Aquila
2207 902 2222 925 ,
2261 857 2620 927 Symmachus
2640 899 2654 923 ,
2705 866 2758 912 et
2790 855 3088 911 Theodotio
3117 856 3282 925 χάριν
3305 896 3319 921 ,
3357 856 3458 910 hoc
3490 865 3576 910 est

1992 952 2225 1020 gratiam
2265 948 2601 1019 interpretati
2633 959 2780 1004 situt.
2815 947 2927 1002 Soli
2961 947 3314 1017 Septuaginta
3368 962 3570 1016 posue-

1993 1052 2119 1097 runt
2145 1041 2400 1108 calidum,
2437 1051 2686 1112 putantes
2714 1041 2961 1095 ultimam
2995 1041 3234 1096 litteram
3268 1056 3380 1096 usu
3425 1056 3569 1096 esse.

1994 1133 2050 1188 Si
2083 1135 2224 1188 enim
2257 1133 2496 1205 legamus
2527 1149 2630 1188 usa
2665 1148 2760 1203 per
2792 1133 3022 1188 litteram
3061 1148 3186 1198 NON,
3219 1134 3397 1204 gratia
3430 1133 3570 1189 dici-

1994 1238 2104 1290 tur,
2132 1226 2174 1282 si
2204 1241 2299 1298 per
2326 1242 2455 1291 nan,
2485 1226 2634 1280 calor
2668 1227 3082 1295 interpretatur.
3114 1225 3203 1279 Est
3233 1227 3414 1280 autem
3449 1241 3574 1280 sen-

1991 1337 2085 1377 sus
2111 1323 2264 1394 juxta
2302 1321 2625 1378 Hebraicnm
2656 1339 2669 1377 :
2698 1319 2934 1391 Populus
2980 1318 3318 1382 Judazorutn,
3357 1315 3573 1387 1059

1991 1415 2082 1482 qui
2111 1415 2357 1469 Romano
2383 1421 2722 1469 remanserat
2765 1412 2976 1483 gladio;
3005 1411 3092 1466 vel
3125 1421 3272 1464 certe
3303 1413 3437 1463 iram
3484 1409 3572 1463 iu-

1990 1507 2132 1562 roris
2162 1507 2372 1562 Domini
2407 1515 2656 1577 potuerat
2683 1507 2886 1560 evitare
2913 1503 3026 1577 [AL
3061 1502 3336 1575 evadere],
3368 1503 3575 1556 invenit

1988 1600 2218 1671 gratiam
2257 1600 2309 1653 in
2333 1598 2550 1654 deserto
2574 1599 2814 1672 gentium
2843 1616 2855 1665 ;
2883 1609 2940 1652 ut
2976 1599 3118 1652 intra
3153 1597 3360 1650 turbam
3388 1594 3569 1649 natio-

1989 1709 2116 1747 uum
2154 1693 2208 1748 In
2239 1691 2480 1748 Ecclesia
2510 1693 2774 1755 salvetur,
2805 1690 2947 1744 unde
2978 1699 3030 1745 et
3062 1688 3221 1744 vadet
3245 1697 3297 1743 et
3329 1687 3571 1741 inveniet

1915 1771 1957 1829 Β
1988 1785 2228 1854 requiem
2283 1801 2435 1842 suam
2488 1784 2689 1850 Israel,
2727 1799 2888 1855 quam
2947 1798 3162 1853 semper
3211 1789 3568 1850 speraverat,

1985 1895 2146 1949 quam
2181 1879 2228 1934 ei
2284 1879 2666 1949 prephetarum
2695 1879 3055 1946 promiserant
3088 1874 3362 1930 vaticinia.
3400 1873 3569 1926 Porro

1979 1973 2135 2042 juxta
2162 1970 2299 2026 LXX
2336 1972 2451 2026 haec
2498 1969 2856 2038 intelligentia
2889 1977 2972 2023 est
3004 1984 3019 2021 :
3051 1965 3309 2020 Dominus
3355 1963 3571 2018 invenit

1984 2064 2212 2129 calidos,
2251 2073 2411 2134 atque
2443 2062 2686 2116 viventes
2722 2061 3033 2130 Apostolus,
3069 2068 3121 2113 et
3156 2058 3336 2113 socios
3369 2071 3563 2110 eorum

1987 2157 2039 2210 in
2084 2164 2296 2211 deserto
2333 2155 2600 2226 gentium,
2644 2154 2789 2208 inter
2832 2167 2926 2206 eos
2973 2151 3066 2220 qui
3117 2149 3437 2204 inﬁdelitate
3473 2163 3570 2202 sua

1986 2247 2257 2303 interfecti
2287 2248 2520 2311 fuerant,
2551 2261 2648 2301 nec
2681 2245 2956 2300 habebant
2977 2242 3214 2297 calorem
3243 2241 3386 2294 vitae.
3417 2237 3570 2293 Unde.

1987 2341 2300 2412 praecipitur
2351 2340 2606 2407 Angelis,
2639 2347 2697 2392 et
2741 2339 2826 2393 his
2865 2338 2958 2408 qui
3011 2337 3063 2390 in
3122 2333 3424 2389 ministerio
3473 2332 3568 2386 ι).νί

1983 2442 2135 2500 sunt,
2171 2449 2238 2487 ne
2267 2446 2457 2486 onmes
2494 2430 2842 2494 interﬁciant,
2880 2445 2949 2483 ne
2985 2427 3152 2484 Israel
3203 2426 3418 2496 penitus
3467 2423 3566 2478 dr-

1985 2526 2195 2589 leatur,
2248 2523 2552 2592 dieiturque
2605 2523 2685 2577 eis
2719 2539 2734 2576 :
2769 2519 2889 2587 Ite,
2941 2530 2990 2574 et
3049 2520 3210 2573 nolite
3266 2515 3568 2586 interficere

1989 2617 2190 2685 Israel;
2222 2618 2331 2672 sint
2362 2616 2563 2686 alioqui
2601 2613 2712 2688 [ΑΙ.
2746 2612 2933 2685 aliqui]
2959 2612 3050 2683 qui
3086 2613 3292 2674 vivant,
3326 2609 3435 2663 sint
3472 2608 3562 2676 qui

1985 2711 2200 2766 caleant
2243 2711 2441 2764 ardore
2493 2709 2650 2770 ﬁdei,
2701 2709 2810 2763 sint
2861 2704 2955 2776 qui
3008 2705 3178 2774 frigus
3233 2698 3568 2756 inﬁdelitatis

1986 2815 2040 2859 et
2081 2805 2271 2858 mortis
2302 2801 2578 2874 eﬁ‘ugiant,
2606 2816 2742 2872 quos
2773 2800 3032 2854 Dominus
3081 2795 3323 2850 inveniat
3367 2793 3422 2848 in
3469 2791 3568 2846 de-

2050 2906 2153 2950 I'IO.

2050 2912 2092 2949 rt
2139 2937 2153 2950 .

1986 2912 2234 3060 se(\i’ers.
2270 2987 2303 3042 5
2336 2985 2515 3057 seqq.)
2551 3003 2568 3037 ι
2606 2981 3089 3054 ιοηεθθοιιιὶηυε
3129 2979 3381 3051 apparuit
3431 2978 3562 3031 mihi

309 3087 392 3132 tas
423 3085 709 3131 consecuta
744 3091 759 3129 :
796 3075 868 3128 ita
921 3087 1041 3126 cum
1077 3073 1290 3126 eversio
1341 3068 1503 3124 fuerit
1552 3066 1876 3132 Jerusalem,
1908 3111 1954 3171 ο
1986 3082 2111 3156 (sive
2143 3084 2214 3152 εί)
2248 3100 2261 3136 ε
2300 3091 2350 3136 οι
2398 3081 2450 3134 in
2483 3079 2748 3134 charm“,
2800 3086 3059 3148 perpetua
3109 3074 3270 3129 dilexi
3316 3081 3370 3127 ιθ
3401 3089 3414 3126 ε
3444 3072 3565 3126 meo

307 3179 364 3227 et
396 3168 594 3237 prioris
638 3166 818 3237 populi
860 3165 1110 3234 abjectio,
1146 3175 1272 3219 tunc
1315 3161 1620 3232 intelligent
1649 3159 1882 3217 creden-

308 3275 410 3330 tes,
447 3263 587 3333 quod
620 3259 855 3330 repulsio
886 3258 1220 3324 Iudaeorum,
1267 3263 1468 3313 nostra:
1500 3253 1690 3310 salutis
1721 3267 1882 3309 occa-

306 3356 390 3411 sio
427 3358 520 3411 sit.

380 3450 536 3522 (Cap.
568 3448 764 3504 XXXI.
786 3478 857 3487 —
885 3446 1034 3501 Vcrs.
1066 3443 1143 3515 I.)
1179 3462 1198 3496 ο
1237 3443 1295 3500 Iit
1328 3452 1573 3512 tempore
1618 3439 1715 3498 iIsO'
1749 3437 1883 3496 dicit

304 3543 590 3606 Dominus,
626 3556 721 3597 ero
764 3539 907 3595 Deus
944 3538 1212 3593 universis
1247 3535 1663 3605 cogitationibus
1712 3530 1877 3588 Israel

301 3640 436 3707 (sive
461 3635 645 3707 generi
676 3632 866 3702 Israel)
897 3641 951 3686 et
975 3630 1074 3700 ipsi
1102 3637 1265 3683 erunt
1295 3626 1426 3681 mihi
1459 3627 1508 3678 in
1541 3624 1818 3696 populum.
1855 3641 1874 3674 ›

302 3730 420 3785 Nisi
457 3728 713 3798 cogitatio
745 3725 956 3779 Domini
996 3722 1161 3776 fuerit
1194 3723 1435 3788 impleta,
1471 3728 1524 3772 et
1571 3716 1726 3771 furor
1761 3717 1879 3786 ejus

307 3820 638 3891 requieverit
688 3830 853 3887 super
908 3815 1198 3883 impiorum
1250 3820 1453 3881 caput,
1508 3809 1880 3866 universitatis

305 3916 566 3970 Dominus
609 3908 1022 3980 cognationibus
1068 3905 1232 3961 Israel
1265 3903 1408 3959 Deus
1436 3917 1559 3958 esse
1590 3919 1694 3958 non
1730 3911 1880 3972 pote-

302 4008 393 4061 rit.
447 4004 559 4059 Hoc
610 4013 791 4057 autem
845 4000 976 4055 dicit
1029 3998 1298 4068 reliquiis,
1345 4013 1466 4066 qua:
1511 3995 1673 4051 salva:
1726 3994 1880 4048 factae

301 4107 449 4152 sunt.
487 4094 637 4159 Quod
667 4093 712 4149 si
745 4091 1035 4162 Opponitur
1065 4089 1222 4144 nobis
1247 4089 1320 4154 id,
1349 4087 1492 4155 quod
1521 4087 1722 4141 dictum
1751 4095 1832 4139 est
1864 4101 1877 4138 :

302 4188 412 4242 Ero
451 4189 586 4241 Deus
613 4186 787 4256 generi
816 4184 1013 4248 Israel,
1042 4182 1156 4236 sive
1185 4181 1441 4234 universis
1481 4177 1880 4247 cognationibus

297 4281 499 4344 Israei,
519 4294 862 4335 assumamus
880 4274 1181 4344 exemplum
1200 4291 1214 4328 :
1237 4270 1295 4327 Si
1313 4272 1416 4340 ﬁlii
1433 4275 1610 4324 essetis
1631 4271 1876 4334 Abraha’,

298 4375 545 4446 faceretis
574 4388 730 4437 opera
756 4371 924 4439 patris
953 4368 1110 4422 vestri
1138 4365 1320 4434 (Joan.
1350 4379 1464 4428 vm,
1494 4363 1605 4433 59).
1635 4363 1700 4417 Et
1727 4365 1876 4434 Apo-

1995 3177 2193 3231 attraxi
2249 3184 2300 3228 te
2353 3174 2643 3228 miserans.
2697 3171 3040 3239 Rursumque
3072 3167 3356 3223 aediﬁcabo
3405 3175 3474 3230 te,
3513 3176 3569 3220 et

1983 3266 2379 3329 aediﬁcaberis,
2437 3265 2590 3331 virgo
2641 3262 2851 3317 Israel:
2886 3263 3063 3316 adhuc
3107 3260 3393 3316 ornaheris
3450 3256 3564 3332 [ΑΙ.

1981 3355 2360 3430 coronaheris]
2397 3354 2669 3425 tympanis
2702 3354 2806 3408 tuis
2853 3354 2980 3423 (sive
3031 3368 3276 3408 assumes
3307 3364 3564 3424 tympana

1983 3452 2096 3522 tua)
2127 3463 2178 3506 et
2205 3450 2498 3520 egredieris
2525 3450 2578 3504 in
2609 3449 2777 3503 choro
2809 3447 3111 3502 ludentium
3146 3464 3160 3500 :
3193 3449 3372 3500 adhuc
3407 3449 3566 3514 plan-

1984 3547 2121 3601 tabis
2161 3545 2349 3600 vineas
2380 3544 2434 3599 in
2467 3542 2741 3598 montibus
2777 3541 3037 3597 Samaria:
3067 3561 3080 3598 :
3115 3541 3355 3612 plantate
3406 3541 3564 3611 plan-

1983 3638 2119 3691 taria
2146 3638 2190 3706 ",
2220 3648 2274 3692 et
2302 3636 2630 3690 vindemiato
2670 3653 2682 3688 :
2712 3635 2815 3690 erit
2863 3635 3004 3689 enim
3058 3635 3193 3698 dies,
3225 3634 3278 3688 in
3315 3649 3418 3703 qua
3455 3633 3566 3686 cla-

1982 3730 2211 3785 mabunt
2265 3730 2519 3784 custodes
2573 3729 2626 3782 in
2675 3737 2856 3780 tnonle
2905 3726 3160 3793 Ephraim
3195 3743 3209 3780 :
3247 3726 3461 3797 Surgite
3506 3739 3564 3781 et

1982 3822 2340 3877 ascendamus
2369 3821 2420 3874 in
2453 3819 2584 3875 Sion
2614 3828 2680 3873 ait
2710 3819 2998 3873 Dominum
3032 3820 3194 3874 Deam
3231 3828 3495 3872 nostrum.
3538 3837 3556 3868 ι

1983 3915 2118 3982 Quia
2149 3914 2448 3969 oﬁ'enderat
2494 3913 2657 3968 Israel
2701 3913 3011 3979 Dominum,
3043 3923 3097 3965 ct
3147 3913 3360 3966 dixerat
3391 3929 3403 3965 :
3438 3910 3563 3965 Non

1981 4010 2228 4063 habemus
2261 4025 2429 4078 regem
2463 4009 2563 4062 nisi
2605 4006 2872 4062 Caesarem
2917 4004 3100 4076 (Joan.
3149 4021 3260 4070 χιι,
3301 4004 3406 4074 l5).
3444 4005 3511 4058 Et
3545 4021 3560 4058 :

1989 4101 2171 4156 Venite
2198 4111 2247 4155 et
2283 4101 2660 4168 interﬁciamus
2692 4116 2830 4166 eum,
2858 4111 2905 4154 et
2940 4110 3119 4152 nostra
3147 4100 3243 4152 erit
3277 4098 3562 4152 Ita’reditas

1983 4191 2176 4264 (Marc.
2216 4209 2310 4258 sit,
2357 4193 2446 4264 7);
2483 4204 2539 4248 et
2574 4194 2728 4262 longe
2761 4201 3105 4247 reeesserata
3132 4191 3240 4245 Deo
3263 4208 3290 4252 ε
3317 4202 3564 4258 preptcr-

1981 4301 2044 4339 ea
2097 4285 2355 4341 Dominus
2381 4294 2498 4355 post
2547 4285 2775 4340 multum
2810 4294 3022 4355 tempus
3067 4285 3316 4354 apparuit
3347 4286 3417 4351 ei,
3451 4301 3558 4339 non

1983 4389 2226 4448 tempore
2279 4379 2579 4434 Zorobabel
2634 4390 2686 4434 et
2749 4380 2941 4445 Ezrae,
2999 4391 3283 4450 p05tquam
3343 4397 3560 4436 rnrsmn

297 4467 472 4522 stolus
537 4464 725 4518 scribit
770 4479 784 4515 :
825 4460 1005 4515 Videte
1065 4458 1240 4512 Israel
1305 4457 1595 4512 secundum
1663 4472 1873 4511 carnem
1907 4491 1953 4549 Β
1982 4474 2124 4544 (τερα
2175 4485 2323 4540 sum,
2355 4475 2448 4529 sed
2496 4475 2548 4527 in
2596 4473 2862 4529 cum.in
2907 4487 3172 4545 perpetua
3219 4477 3407 4530 dilexi,
3436 4491 3559 4531 eum

299 4560 348 4630 (I
386 4557 512 4612 Cor.
558 4572 611 4618 κ,
660 4556 768 4626 I8).
799 4553 880 4608 Ex
909 4567 1019 4622 quo
1051 4550 1213 4606 docet
1245 4565 1369 4606 esse
1399 4550 1561 4605 alium
1594 4549 1766 4605 Israel
1792 4562 1875 4604 se-

294 4651 534 4708 cundum
571 4649 846 4718 spiritum.
884 4645 978 4708 Ille
1011 4645 1173 4715 igitur
1217 4641 1384 4697 Israel
1415 4653 1520 4710 est,
1568 4641 1658 4711 qui
1698 4646 1876 4696 tuente

295 4744 473 4799 cernit
493 4742 680 4806 Deum,
711 4740 825 4794 sive
859 4737 1195 4792 rectissimus
1223 4734 1439 4790 Domini
1470 4744 1571 4799 est,
1603 4745 1656 4789 et
1677 4733 1877 4802 hujus-

296 4836 508 4890 cemodi
541 4831 705 4887 Israel
733 4831 840 4885 erit
869 4830 1097 4900 populus
1125 4827 1244 4884 Dei.

369 4925 550 4994 (Veis.
582 4926 662 4993 ἓ.)
697 4943 714 4976 ‹
757 4922 881 4978 ι-ἰωε
907 4923 1038 4977 dicit
1068 4921 1332 4975 Dominus
1360 4937 1374 4976 :
1404 4916 1610 4974 Invenit
1643 4919 1874 4989 gratiam

298 5021 351 5074 in
383 5020 600 5073 deserto
631 5017 864 5086 populus
895 5016 984 5084 qui
1016 5025 1358 5068 remanserat
1387 5014 1585 5085 gladio,
1615 5012 1774 5065 vadat
1805 5011 1872 5064 ad

296 5109 538 5180 requiem
575 5123 724 5162 suam
763 5107 950 5162 Israel.
985 5125 1002 5158 ι
1033 5105 1172 5160 LXX
1200 5123 1214 5161 :
1248 5125 1266 5157 ι
1301 5107 1390 5160 Sic
1416 5106 1545 5160 dicit
1573 5104 1829 5157 Dominus
1859 5119 1871 5154 :

297 5203 481 5257 Inveni
515 5201 750 5256 calidum
798 5201 850 5253 in
899 5203 1116 5254 deserto
1162 5215 1284 5254 cum
1325 5199 1429 5264 his,
1459 5197 1550 5266 qui
1599 5196 1872 5264 perierant

368 5395 390 5428 ί
426 5395 617 5448 Dicere
651 5394 924 5449 debuisset
947 5394 1110 5460 juxta
1142 5391 1484 5454 Hebruicum,
1513 5393 1556 5448 si
1590 5408 1715 5447 vera
1750 5403 1876 5447 sunt

297 5481 418 5536 quae
452 5466 608 5517 modo
637 5479 700 5517 ex
739 5465 975 5518 Victoria
1003 5467 1344 5536 adnotan‘ius.
1383 5463 1668 5536 Quinimo
1697 5478 1874 5534 neque

298 5533 622 5592 I-Iehraicum
653 5536 874 5588 laudare
900 5535 1223 5603 Oportebat;
1247 5534 1340 5588 sed
1369 5533 1585 5602 quando
1616 5533 1875 5601 expresse

286 5612 449 5675 juxta
492 5604 836 5673 Septuaginta
885 5604 1000 5657 haec
1030 5607 1134 5658 dici
1169 5611 1416 5668 adnotat,
1467 5605 1758 5673 plurimum
1809 5608 1874 5658 de

297 5681 542 5746 proxime
578 5675 841 5746 superiori
887 5677 1266 5728 emendatione
1299 5675 1510 5738 dubito,
1548 5683 1638 5726 aut
1673 5675 1750 5728 hac
1783 5691 1872 5729 vo-

295 5745 386 5804 tes
419 5749 548 5819 ipsw
580 5745 733 5812 iuxta
767 5745 1110 5812 Septuaginta
1153 5746 1518 5815 expungeudm
1548 5754 1693 5802 sum,
1721 5809 1723 5812 g

661 5842 932 5903 I’Arnot.
983 5839 1206 5902 XXIV.

1983 4582 2105 4637 qua:
2133 4567 2277 4621 nullo
2309 4567 2413 4620 line
2443 4565 2735 4622 delebitur.
2764 4567 2830 4622 Et
2858 4571 3084 4622 attraxit
3110 4584 3232 4622 eum
3269 4570 3556 4623 miserans.

1979 4660 2332 4729 Nequaquam
2384 4659 2528 4714 enim
2577 4662 2794 4725 merito,
2835 4661 2930 4715 sed
2985 4661 3267 4714 clementia
3313 4662 3560 4714 salvatus

1980 4761 2085 4808 cst.
2118 4752 2462 4820 Rursumque
2505 4752 2623 4806 ait:
2654 4751 2958 4821 .Ediﬁcabo
3003 4763 3066 4816 te,
3105 4761 3152 4804 et
3185 4751 3555 4820 wdiﬁcaberis,

1980 4846 2124 4914 virgo
2157 4842 2352 4898 Israel.
2394 4842 2506 4898 lloe
2541 4845 2759 4914 proprie
2795 4845 3160 4912 intelligamus
3207 4843 3258 4896 in
3289 4841 3554 4898 Ecclesia.

1981 4937 2222 4990 Delirant
2254 4939 2398 4990 enim
2445 4938 2533 5005 qui
2569 4953 2785 4990 auream
2833 4945 2994 5005 atque
3026 4947 3352 5002 gcmmatam
3383 4940 3561 5007 suspi-

1981 5039 2102 5081 rant
2145 5027 2465 5093 Jerusalem,
2498 5044 2647 5080 suam
2692 5028 2978 5081 aVaritiam
3019 5027 3072 5080 in
3110 5029 3371 5097 mysterio
3403 5009 3557 5084 urbis

1986 5119 2196 5172 Domini
2249 5127 2656 5174 consecrantes.
2707 5119 2901 5172 Adhuc
2949 5120 3231 5174 ornabctis
3289 5123 3556 5192 tympanis

1981 5209 2114 5270 tuis,
2150 5219 2205 5262 ut
2236 5223 2398 5261 canas
2424 5207 2653 5261 Domino
2683 5207 2733 5260 in
2765 5208 3042 5277 Ecclesiis,
3069 5211 3217 5265 omni
3259 5211 3312 5265 in
3346 5221 3399 5268 te
3441 5229 3556 5266 ma-

2048 5415 2068 5444 ³
2107 5411 2164 5465 In
2192 5409 2353 5478 Vulg.
2388 5425 2451 5464 ac
2477 5409 2700 5464 Hieron.
2739 5411 3009 5472 versione.
3043 5411 3369 5466 Plnnmbunt
3397 5412 3554 5480 plan-

1981 5491 2186 5540 tantes,
2222 5490 2269 5533 et
2307 5481 2469 5532 donec
2515 5489 2722 5547 tempus
2761 5483 2932 5534 veniat
2990 5500 3092 5537 non
3139 5484 3552 5548 rindemiabnnt,

1976 5553 2099 5621 quia
2134 5552 2231 5604 erit
2259 5551 2372 5603 dies
2417 5555 2470 5602 in
2501 5566 2626 5622 qua,
2659 5560 2764 5606 etc.
2800 5552 2970 5606 Antea
3008 5570 3104 5622 pro
3133 5555 3229 5607 erit
3263 5555 3424 5614 enim,
3459 5566 3557 5605 on-

1979 5620 2185 5676 tinebat
2247 5622 2437 5674 etenim
2514 5620 2664 5690 dies;
2734 5620 3238 5679 contradicentibus
3305 5641 3439 5678 mss.
3504 5633 3556 5677 ct

1978 5692 2205 5749 Hebraeo
2231 5699 2508 5752 τεν-ωτη.

3179 5852 3255 5912 ΞΟ
