3966 6176
429 289 541 331 ﬁt“?

420 289 541 354 ,ἓῖίᾷἷ
1597 293 1662 351 S.
1720 290 2035 352 EUSEBII

2155 287 2523 349 IERih‘iYMI

3597 287 3708 348 908

443 408 620 458 lorum
657 418 878 472 operum
933 419 1098 459 Carne
1139 413 1482 476 consumpta.
1515 402 1580 458 Et
1627 403 1924 473 egredieris
1976 403 2026 456 in
2061 407 2094 462 Α
2132 400 2227 454 sit.
2256 398 2464 469 1061
2496 397 2626 452 Cum
2650 395 2916 450 exaltatus
2952 396 3102 464 {uero
3129 413 3160 449 a
3183 406 3347 459 terra,
3381 397 3564 451 omnia
3596 408 3711 451 tra-

441 501 616 552 choro
667 499 964 552 lttdentinnt
1019 514 1143 552 cum
1199 500 1438 567 gentium
1491 498 1695 562 tut-bis,
1751 497 2024 568 plantabis

447 593 636 644 vincas
671 591 723 644 itt
757 591 1030 645 montibus
1065 590 1344 644 Samariaa.
1383 588 1734 658 Nequaquam
1786 591 1836 643 in
1870 591 2024 644 valli-

435 681 551 735 bus
581 696 634 736 et
670 681 969 736 humilibus
998 682 1163 745 locis;
1209 681 1301 736 sed
1343 682 1395 734 in
1436 681 1710 735 montibus
1741 681 2022 746 Samarite,

434 777 539 842 .qni
578 785 694 843 post
744 774 1110 835 raptititatem
1147 773 1331 843 populi
1385 771 1548 829 Israel
1595 759 1680 828 abl
1709 774 2026 844 alienigenis

441 865 686 934 possessi
737 876 886 926 sunt,
920 866 1120 932 quibus
1151 866 1392 922 dicitur:
1431 863 1681 919 Plantate
1729 865 2022 933 plantaria,

449 967 497 1009 ct
531 959 861 1010 t-intlentiate.
896 957 1046 1010 Tunc
1077 957 1177 1010 fuit
1201 957 1415 1028 1060
1438 957 1552 1010 dies
1577 956 1809 1022 Domini,
1837 958 1888 1010 in
1919 972 2025 1026 qua

450 1053 823 1106 clamavernnt
851 1054 1106 1106 custodes
1149 1052 1378 1120 apostoli
1415 1051 1683 1113 videlicet,
1715 1059 1769 1104 et
1814 1063 2028 1118 aposto-

435 1135 540 1198 Iici
575 1145 675 1196 viri
710 1145 761 1196 in
819 1155 1002 1197 tnonle
1035 1143 1316 1201 Satnariar.
1349 1153 1399 1196 et
1435 1144 1486 1195 in
1522 1154 1700 1196 monte
1746 1141 2025 1210 Epltraiut,

451 1251 688 1304 quorum
738 1235 965 1288 alterum
1009 1236 1322 1298 custodiam,
1357 1234 1584 1289 alterum
1617 1234 1904 1288 ubertatem
1936 1250 2026 1288 so-

457 1337 571 1381 nat.
619 1326 760 1393 Quid
810 1342 939 1380 vero
1004 1327 1189 1381 dicunt
1256 1328 1511 1380 custodes
1562 1326 1850 1388 Satnarim,
1923 1328 2030 1381 into

452 1421 578 1486 quid
615 1423 849 1473 clamant
888 1423 940 1470 in
979 1429 1158 1471 tnonte
1189 1415 1485 1484 Ephraitn?
1519 1416 1734 1486 Surgite
1764 1420 1857 1487 qui
1879 1418 2030 1488 jace-

455 1515 557 1572 tis,
598 1511 822 1564 humilia
872 1511 1195 1579 relinquite,
1242 1511 1583 1563 victimarum
1624 1510 1826 1564 hostias
1874 1523 2028 1580 sper-

445 1607 588 1660 .ttite.
661 1602 994 1672 Sacriﬁcium
1061 1602 1286 1657 Domino
1358 1603 1576 1671 spiritus
1643 1604 2028 1658 contribulatus

445 1695 633 1755 .(Psal.
679 1705 751 1761 ι).
799 1693 1171 1747 Ascendamus
1205 1712 1253 1745 ta
1293 1691 1450 1758 Sion,
1485 1696 1584 1747 hoc
1615 1706 1716 1759 est,
1753 1695 1806 1746 in
1845 1693 2034 1760 Eccle-

2127 493 2252 545 ltam
2283 491 2349 544 ad
2382 508 2460 544 me
2497 489 2678 560 tloan.
2705 507 2800 553 χιι,
2830 490 2940 555 5‘2).
2977 490 3128 543 Tunc
3160 489 3440 560 generavit
3480 491 3708 544 multum

2129 583 2415 652 populum,
2443 592 2500 636 ut
2533 583 2661 635 illud
2695 582 3012 652 impleretur
3053 582 3208 636 Isaiae
3242 599 3256 635 :
3289 580 3426 647 Quia
3474 590 3603 635 nata
3629 593 3710 636 est

2129 691 2288 745 genus
2344 675 2502 728 semel
2531 674 2551 704 ³
2581 672 2718 742 (Isa.
2749 689 2892 738 ικνι,
2927 689 3033 730 sec.
3057 671 3254 743 LXX).
3288 673 3405 729 Uno
3433 673 3580 728 enim
3620 674 3708 728 die

2133 766 2236 820 tria
2274 764 2463 827 millia,
2497 765 2670 819 altero
2704 767 2945 835 quinque
2993 765 3158 818 millia
3209 767 3487 835 hominum
3523 767 3707 820 credi-

2129 858 2328 912 derunt
2351 856 2489 926 (Act.
2523 872 2560 910 ll
2597 867 2644 910 et
2671 831 2769 927 tv).
2799 831 3069 927 Quodque
3121 858 3175 910 in
3219 831 3486 912 Ilebr.aico
3515 857 3710 910 scribi-

2133 958 2226 1004 tur
2249 967 2264 1008 :
2290 950 2443 1004 Inter
2471 966 2599 1021 quos
2623 959 2777 1004 erunt
2803 967 2972 1004 ca'cus
2996 959 3045 1003 et
3070 949 3316 1012 claudus,
3337 959 3384 1002 et
3403 965 3708 1019 pra'gnans,

2131 1053 2178 1095 et
2209 1044 2422 1110 pariens
2450 1042 2632 1105 simul,
2661 1042 2898 1096 Ecclesia
2939 1059 3130 1112 magna
3164 1043 3530 1095 recertentium
3561 1043 3664 1094 huc
3689 1057 3709 1104 ;

2129 1148 2442 1203 quanquam
2495 1144 2548 1188 et
2601 1136 2747 1200 iuxta
2801 1133 3034 1188 litteram
3099 1135 3375 1199 impletum
3427 1134 3523 1196 sit,
3565 1133 3705 1203 quod

2131 1224 2260 1278 (ξωοί
2313 1225 2569 1288 VitICl'Ittl,
2607 1225 2784 1278 claudi
2839 1225 3234 1278 ambulaverint
3261 1241 3274 1253 θ
3303 1236 3479 1278 tamen
3513 1227 3708 1278 uelius

2127 1317 2282 1387 juxta
2309 1333 2584 1388 anagogeu
2612 1317 2838 1387 intelligi
2865 1328 3062 1388 potest,
3087 1319 3231 1386 quod
3259 1317 3349 1387 qtti
3376 1319 3528 1386 prius
3553 1327 3707 1370 erant

2135 1409 2261 1464 eieci
2294 1409 2542 1478 perﬁdia,
2578 1421 2764 1479 postea
2816 1410 3146 1464 crediderint
3188 1409 3494 1474 Salvatori;
3521 1419 3578 1462 et
3616 1407 3707 1477 qui

2135 1501 2340 1566 claudi,
2371 1503 2570 1572 quibus
2601 1502 2872 1572 quondam
2925 1502 3246 1571 loquebatur
3289 1502 3471 1556 Elias:
3506 1499 3710 1571 Usque-

2138 1608 2240 1662 quo
2277 1591 2595 1646 claudicatis
2629 1605 2850 1660 utroque
2889 1594 3015 1659 pede
3071 1591 3189 1663 (Ill
3219 1591 3344 1662 ηις.
3380 1608 3529 1657 xvttt,
3576 1593 3710 1662 ειη

2137 1697 2326 1755 postea
2377 1685 2774 1741 ambulaverint
2834 1685 2942 1756 ιΑι.
3005 1684 3281 1757 viderint].
3329 1685 3439 1740 Ει·
3471 1684 3712 1754 Papulas

454 1790 614 1848 siam,
659 1785 748 1839 ubi
794 1796 876 1839 est
923 1785 1220 1852 speculatio
1252 1798 1305 1840 et
1357 1787 1580 1840 intuitus
1629 1785 1744 1842 Dei.
1777 1785 2028 1853 Cumque
2061 1777 2101 1831 Β
2131 1780 2221 1851 qui
2240 1779 2451 1834 sedebat
2471 1781 2523 1832 in
2559 1779 2779 1834 tenebris
2806 1789 2853 1832 et
2884 1778 3072 1831 umbra
3115 1779 3321 1842 mortis,
3346 1793 3594 1848 magnum
3623 1776 3712 1830 lu-

443 1880 722 1933 ‘I'nerintus
776 1878 826 1931 itt
882 1876 1034 1940 Sion,
1094 1879 1199 1930 imo
1253 1880 1658 1934 ascmtderimtts
1717 1880 1782 1932 ad
1837 1894 1954 1932 eam
1988 1878 2029 1944 ¹,

442 1971 819 2026 .ascendantns
849 1971 1048 2040 pariter
1079 1970 1144 2022 ad
1179 1971 1462 2024 Dominum
1498 1971 1664 2025 Deum
1696 1981 1961 2026 nostrum.

532 2065 710 2133 (νει-ς.
753 2064 830 2134 7).
860 2085 875 2114 ι
901 2063 1038 2130 Quia
1061 2065 1173 2117 haec
1197 2063 1330 2118 dicit
1361 2062 1656 2118 Dmninus:
1682 2061 2033 2118 Exsultaleiu

442 2157 644 2208 ila-tilia
682 2153 872 2218 Iacob,
907 2163 964 2207 et
1024 2153 1231 2207 ltiunite
1271 2164 1460 2206 contra
1521 2167 1684 2222 caput
1737 2155 1980 2221 gentium
2019 2169 2034 2184 ο

461 2256 779 2312 personate,
807 2244 988 2298 canite
1019 2245 1062 2310 ',
1087 2254 1142 2297 et
1200 2242 1371 2296 dicite
1409 2258 1422 2272 ·
1456 2241 1675 2296 Salvum
1717 2242 1819 2304 lac.
1858 2241 2037 2296 Domi-

441 2355 554 2404 .uc,
575 2339 833 2408 p0pulnm
871 2349 1044 2403 tuum,
1070 2336 1330 2407 reliquias
1379 2333 1565 2390 Israel.
1593 2353 1610 2386 ι
1645 2335 2039 2402 Signilicanter

483 2446 587 2483 non
623 2439 770 2483 totus
801 2429 1041 2482 salvator
1081 2427 1271 2494 Israel,
1294 2427 1388 2482 sed
1415 2425 1653 2495 reliquiae
1682 2425 1864 2492 Israel,
1900 2441 2040 2496 prte-

441 2523 698 2592 -cipieute
731 2520 960 2576 Domino
995 2529 1160 2590 atque
1197 2519 1412 2574 dicente
1455 2537 1469 2574 ι
1510 2517 1791 2572 Exsultate
1815 2521 1866 2573 in
1899 2519 2041 2573 ιιῑιιὶ-

455 2619 562 2683 .tia,
592 2616 681 2686 qui
710 2618 834 2669 estis
859 2617 921 2668 de
953 2613 1143 2678 Jacob,
1168 2623 1215 2667 et
1248 2611 1472 2680 ltinnite,
1497 2613 1563 2668 ad
1597 2621 1761 2681 caput
1800 2612 2039 2681 gentium

451 2706 763 2762 seferentes
791 2715 1010 2770 cuncta,
1033 2706 1156 2775 quia
1179 2703 1350 2758 cauda
1378 2703 1654 2772 quondam
1694 2717 1846 2756 versa
1873 2710 1956 2755 est
1986 2702 2039 2754 itt

453 2807 660 2867 caput.
710 2796 1022 2862 I’ersonatc,
1072 2798 1268 2856 canite,
1300 2805 1347 2848 et
1383 2796 1556 2848 dicite.
1593 2794 1731 2859 Quid
1773 2804 1854 2848 est
1909 2792 2042 2848 illud

439 2893 608 2959 quod
628 2890 892 2958 jubentur
917 2887 1132 2942 dicere?
1160 2887 1375 2941 Salvum
1397 2888 1503 2955 fac,
1529 2887 1766 2946 Domine.
1790 2886 2041 2955 populum

450 2994 638 3033 Juum.
667 2983 838 3046 Quem
864 2980 1176 3049 pOIlUIUIII?
1207 2978 1401 3049 Utique
1432 2976 1682 3049 reliquias
1715 2977 2042 3048 Israel,qua:

468 3076 770 3127 secundum
819 3073 1139 3128 electionem
1169 3073 1332 3126 salvae
1364 3070 1522 3127 facta
1560 3080 1706 3127 sunt.
1737 3072 1808 3125 De
1842 3073 2041 3142 quibus

454 3163 754 3218 -etl‘anlns
786 3177 1069 3216 assumens
1123 3162 1492 3216 testimonium
1548 3160 1699 3216 Isaia:
1754 3161 2034 3232 loquitur-

461 3255 524 3308 ’Ν
537 3256 606 3308 isi
640 3255 897 3309 Dominus
921 3252 1156 3308 Sabaoth
1199 3253 1490 3323 reliquisset
1515 3254 1662 3308 nobis
1681 3270 1874 3317 semen,
1907 3255 2040 3307 sicut

444 3349 709 3403 -.'Sodoma
755 3347 884 3417 facti
928 3363 1178 3411 essemus,
1220 3357 1270 3402 et
1328 3347 1462 3400 sicut
1519 3344 1813 3402 Contorrlta
1843 3347 2041 3402 similes

440 3442 754 3509 fuissemus
792 3441 922 3510 (Isa.
947 3456 986 3505 t,
1017 3440 1052 3495 9
1078 3457 1095 3508 ;
1126 3439 1279 3495 Rom.
1304 3441 1523 3509 .tx,29).

545 3533 724 3607 (Vers.
760 3534 838 3603 8).
890 3532 1079 3588 «Ecce
1134 3547 1234 3602 ego
1288 3534 1556 3588 adducant
1619 3549 1713 3590 eos
1769 3538 1832 3590 de
1898 3546 2042 3590 terra

461 3627 773 3696 Aquilonis,
797 3634 852 3678 et
903 3625 1252 3694 congregabo
1281 3639 1387 3678 .eos
1421 3624 1490 3678 ab
1521 3624 1781 3680 extremis
1811 3635 1985 3680 territt.
2017 3643 2036 3677 ο

431 3719 623 3784 χρυυά
655 3717 940 3787 sequitur:
971 3715 1038 3770 In
1082 3716 1411 3770 solemnitate
1451 3716 1652 3780 PItase,
1678 3727 1726 3771 et
1779 3717 2043 3786 generabit

454 3813 609 3878 μιὶοε
647 3811 861 3868 multus,
898 3809 951 3862 in
981 3807 1247 3863 llebraico
1282 3825 1391 3862 non
1416 3809 1671 3877 habetur,
1703 3811 1796 3865 sed
1836 3815 1886 3864 in
1913 3807 2045 3880 Sep-

473 3903 722 3974 tuagittla
779 3911 985 3956 tantum
1041 3902 1266 3972 legitur,
1306 3918 1405 3974 pro
1451 3918 1558 3972 quo
1597 3903 1738 3974 apud
1786 3903 2045 3959 Hebraeos

471 3998 731 4064 scriptun
772 4003 853 4046 est
895 4009 908 4046 :

547 4086 743 4138 t'lnter
779 4101 916 4152 quos
966 4095 1131 4139 i-runt
1192 4101 1392 4150 etccus,
1419 4096 1468 4140 et
1520 4085 1768 4150 claudus,
1805 4093 1861 4138 et
1907 4099 2048 4151 pra:-

466 4197 667 4253 gnaus,
697 4189 749 4233 el
778 4181 993 4247 pariens
1025 4178 1187 4234 simul
1221 4192 1236 4207 ο
1262 4176 1502 4232 Ecclesia
1536 4191 1728 4246 magna
1765 4184 2046 4229 reverten-

459 4279 606 4329 .tiunt
632 4277 802 4330 huc.»
831 4273 1248 4340 Cougregantur
1273 4259 1512 4338 reliquire
1545 4268 1723 4338 populi
1753 4265 1922 4322 Israel
1955 4281 2050 4335 per

465 4367 781 4436 apostolos,
807 4373 863 4420 et
911 4363 1233 4432 apostolicos
1265 4364 1432 4426 viros,
1466 4360 1534 4414 de
1555 4360 1752 4428 quibus
1780 4370 1944 4427 supra
1979 4358 2053 4412 le-

2140 1887 2253 1926 meu
2279 1871 2542 1938 aspexerit
2589 1869 2729 1942 (lsa.
2759 1887 2833 1932 ix,
2853 1870 2907 1934 Ξ)
2930 1888 2944 1934 ;
2969 1871 3251 1939 claudique
3274 1875 3638 1937 cucurrerint,
3655 1879 3710 1923 et

2141 1979 2429 2032 pragnans
2482 1964 2753 2034 pepererit
2801 1962 2958 2026 ﬁlios,
2995 1961 3290 2017 Ecclesium
3325 1977 3575 2031 magnam
3624 1977 3713 2016 re-

2145 2055 2475 2109 vertentium
2511 2054 2576 2108 ad
2622 2051 2806 2107 ﬁdem.
2836 2050 3005 2107 Judaei
3039 2061 3227 2122 putant
3267 2053 3368 2106 hoc
3407 2066 3529 2106 esse
3556 2065 3712 2104 com-

2140 2142 2367 2210 pletum,
2401 2144 2621 2213 quando
2651 2145 2757 2198 sub
2788 2144 2927 2198 Ezra
2963 2153 3086 2211 post
3122 2143 3266 2198 diem
3296 2141 3472 2197 Phase
3500 2143 3710 2213 egressi

2140 2246 2268 2290 sunt
2302 2236 2372 2290 de
2429 2235 2702 2306 Babylone
2733 2246 2791 2291 ιιι
2827 2247 3234 2292 reverterentur
3282 2235 3607 2302 Jerusalem,
3653 2237 3706 2289 in

2141 2337 2248 2392 quo
2274 2333 2431 2394 typus
2459 2325 2581 2389 fuit,
2611 2335 2666 2378 et
2695 2342 2801 2382 non
2859 2328 3084 2381 veritas.
3120 2327 3302 2395 Neque
3348 2345 3492 2380 enim
3528 2333 3582 2381 tu
3616 2330 3708 2380 illo

2145 2425 2386 2485 tempore
2433 2417 2854 2488 universa,qttte
2911 2419 3140 2488 legimus
3171 2429 3225 2472 et
3273 2420 3462 2473 lecturi
3495 2435 3709 2484 suntus,

2143 2506 2313 2562 fuisse
2342 2510 2609 2578 completa
2647 2520 2902 2580 poterunt
2934 2510 3047 2581 [ΑΙ.
3078 2510 3353 2584 poterant]
3388 2514 3709 2582 approbare.

2217 2597 2486 2670 (νίψω.)
2521 2617 2540 2650 ι
2572 2599 2625 2653 In
2651 2600 2775 2655 ﬂetu
2809 2603 3028 2656 venient
3056 2602 3184 2672 (sive
3212 2602 3583 2670 egredientnr)
3617 2611 3713 2657 ;et

2146 2688 2200 2742 in
2238 2690 2616 2746 misericordia
2651 2695 2904 2746 reducant
2933 2691 2955 2722 ⁸
2987 2708 3101 2759 eos,
3129 2703 3184 2747 et
3209 2696 3471 2747 adducam
3501 2709 3594 2747 eos
3620 2709 3716 2762 per

2147 2788 2423 2835 torrentes
2459 2795 2728 2852 aquarum
2760 2783 2810 2834 in
2853 2783 2938 2836 \ia
2977 2795 3146 2848 recta,
3178 2791 3235 2836 et
3278 2799 3382 2836 tton
3416 2783 3716 2853 impingent

2145 2871 2272 2942 (sive
2300 2887 2404 2926 nou
2427 2875 2708 2944 errabutt)
2735 2877 2784 2927 in
2811 2890 2893 2929 ea.
2915 2874 3047 2941 Quia
3079 2875 3251 2930 lactus
3280 2873 3399 2930 sunt
3435 2875 3598 2930 Israel
3621 2890 3716 2945 pa-

2144 2979 2247 3030 ter,
2282 2978 2330 3024 et
2371 2967 2628 3036 prraim
2663 2968 3059 3039 printOgeuitus
3092 2983 3243 3022 meus
3285 2978 3388 3023 est.
3416 2987 3434 3020 ι
3463 2967 3518 3024 Si
3561 2968 3722 3038 justa

2146 3063 2469 3120 lIebraieunt
2507 3061 2819 3130 legerimus,
2857 3063 2910 3113 in
2965 3061 3088 3130 ﬂetu
3127 3063 3327 3115 venient
3362 3077 3376 3092 ο
3410 3059 3516 3116 hoc
3569 3063 3712 3116 enim

2149 3158 2351 3212 indicat
2388 3169 2512 3210 usu
2544 3156 2734 3224 (m9);
2761 3155 3006 3208 dicemus
3031 3157 3174 3227 quod
3221 3154 3512 3220 interdum,
3547 3167 3602 3209 et
3632 3158 3715 3208 ni-

2147 3251 2241 3304 ntii
2275 3248 2456 3320 gaudii
2483 3247 2646 3302 ﬂetus
2677 3247 2937 3301 indicium
2971 3246 3064 3308 sit,
3092 3246 3246 3316 juxta
3291 3245 3422 3301 illud
3457 3263 3472 3302 ;
3512 3245 3718 3317 Lacry-

2149 3358 2268 3396 tnor
2301 3340 2518 3410 gaudio.
2554 3340 2648 3394 Siti
2674 3351 2852 3393 autem
2885 3339 3036 3408 juxta
3062 3338 3414 3408 Septuaginta
3441 3338 3533 3408 qui
3565 3340 3722 3393 dixe-

2150 3442 2279 3486 runt
2319 3447 2336 3486 ξ
2376 3429 2441 3485 1η
2465 3431 2598 3502 ﬂetu
2629 3429 3006 3501 egredietur,et
3036 3431 3090 3482 in
3114 3429 3500 3494 misericordia,
3525 3428 3638 3483 sive
3666 3431 3718 3482 iu

2149 3525 2569 3581 consolationem
2599 3524 2845 3576 reducam
2884 3539 2992 3581 eos,
3028 3523 3180 3575 illum
3229 3537 3389 3577 sensu
3436 3537 3719 3590 ponemus,

2151 3619 2244 3687 qui
2278 3625 2330 3670 et
2359 3617 2411 3670 ιιι
2448 3614 2670 3685 psalmis
2703 3616 2898 3668 dicitur
2937 3632 2951 3668 :
2992 3612 3193 3668 Euntes
3239 3615 3385 3668 ibant
3418 3625 3467 3670 et
3499 3615 3719 3683 ﬂebant,

2152 3709 2410 3762 mittentes
2429 3722 2627 3761 semina
2657 3722 2796 3760 sua:
2839 3705 3109 3760 Venientes
3147 3719 3319 3760 autem
3365 3707 3560 3762 venient
3603 3724 3719 3760 cem

2157 3799 2538 3862 exsultatione,
2576 3811 2845 3868 portantes
2866 3799 3156 3866 manipulos
3209 3815 3331 3853 suos
3363 3800 3534 3870 (Psa'l.
3563 3816 3718 3862 cur,

2153 3894 2229 3955 6).
2259 3891 2552 3948 Fleverunt
2584 3893 2751 3953 cuitu,
2781 3893 2997 3961 quando
3031 3891 3230 3959 captivi
3271 3891 3419 3946 ducti
3451 3903 3577 3947 sunt
3611 3908 3625 3922 '
3667 3903 3726 3946 et

2153 3985 2578 4039 consolationem
2642 3985 2933 4036 maximam
2985 3994 3328 4052 receperunt,
3360 3986 3578 4054 quando
3623 3988 3726 4038 mi-

2154 4077 2449 4132 sericordia
2516 4075 2730 4130 Domini
2781 4087 2910 4130 sunt
2970 4077 3200 4130 reducti.
3238 4076 3303 4130 Et
3354 4078 3578 4132 adduxit
3630 4094 3726 4133 eos

2159 4169 2418 4223 Dominus
2451 4183 2549 4238 per
2578 4168 2880 4236 apostolos,
2905 4177 2958 4220 et
2989 4169 3314 4236 apostoIiCUs
3345 4173 3512 4235 viros,
3543 4170 3726 4238 plenos

2156 4277 2422 4332 aquarum
2473 4272 2527 4315 et
2561 4260 2856 4329 largissimi
2910 4258 3176 4322 ﬂuminis.
3219 4260 3271 4314 itt
3307 4259 3392 4313 via
3446 4271 3587 4314 recta
3615 4259 3724 4332 [ΑΙ.

2160 4355 2378 4429 ιθριεη,
2411 4355 2662 4410 videlicet
2698 4353 2845 4421 ﬁdei,
2881 4369 2986 4407 non
3021 4354 3074 4407 in
3125 4354 3349 4423 pertidia
3393 4352 3726 4408 Juda'orum.

479 4463 658 4533 gintus
687 4477 700 4491 ο
731 4457 1052 4513 Clamabunt
1105 4455 1345 4508 custodes
1395 4457 1446 4506 in
1505 4463 1699 4517 monte,
1741 4462 1794 4504 et
1854 4449 2052 4520 quibus
2086 4487 2131 4543 υ
2165 4449 2228 4503 Et
2262 4467 2390 4514 non,
2431 4449 2626 4519 inquit,
2665 4449 2951 4518 impingent
3017 4449 3069 4499 in
3125 4464 3208 4511 ea,
3244 4448 3369 4516 quia
3427 4447 3552 4500 εειξοί
3607 4459 3731 4498 esse

480 4553 837 4621 praecipitur
869 4546 1176 4610 Personate,
1223 4545 1417 4609 canite,
1455 4553 1502 4596 et
1550 4543 1727 4607 dicite,
1785 4552 1845 4595 ut
1892 4540 2055 4595 salvat

481 4647 616 4698 tiant
648 4640 890 4710 reliquiae
935 4637 1125 4692 Israel.
1159 4637 1280 4706 Ipse
1324 4650 1541 4704 quoque
1598 4634 1857 4688 Dominus
1894 4633 2056 4702 polli-

480 4745 636 4790 cetur
665 4750 724 4788 se
755 4732 1104 4786 reducturum
1126 4742 1223 4782 eos
1246 4730 1312 4780 de
1342 4738 1482 4780 terra
1507 4727 1818 4797 Aquilonis,
1839 4727 1940 4796 qui
1973 4734 2059 4780 est

476 4838 678 4882 ventus
712 4823 1063 4887 durissimus,
1105 4821 1325 4874 nomine
1369 4831 1549 4874 autem
1582 4822 1764 4874 dexter
1812 4830 2058 4881 vocatur,

423 4917 429 4922 ’
483 4924 548 4978 de
583 4919 999 4982 incredulitate,
1031 4918 1098 4970 de
1121 4914 1323 4985 frigore
1347 4914 1645 4968 Dominicae
1669 4913 1950 4968 charitatis
1976 4924 2060 4978 ;ct

482 5027 815 5083 congregare
845 5026 938 5066 eos
965 5008 1034 5064 ab
1060 5008 1319 5064 extremis
1349 5018 1528 5068 teme,
1557 5023 1662 5061 non
1696 5009 1748 5060 in
1786 5007 1894 5061 alio
1925 5016 2060 5060 tent-

470 5120 638 5174 .pore,
673 5103 768 5158 sed
800 5105 851 5157 in
874 5102 1225 5157 solemnitate
1261 5099 1463 5164 l’hase,
1492 5101 1594 5154 hoc
1627 5108 1729 5162 est,
1765 5099 1914 5154 feriis
1949 5097 2061 5153 Do-

475 5197 697 5250 minicae
730 5195 1040 5265 passionis;
1071 5193 1288 5263 quando
1329 5191 1624 5246 crueilixus
1663 5189 1925 5247 Dominus
1953 5204 2056 5258 est,

474 5288 874 5356 .impletutnque
915 5285 1040 5337 illud
1069 5286 1211 5352 quod
1239 5285 1353 5352 ipse
1386 5284 1440 5336 in
1471 5282 1764 5351 Evangelia
1793 5287 2058 5353 repromi-

561 5469 579 5498 ⁸
618 5465 818 5530 Vatic.,
859 5467 1248 5519 ascendet-imus
1272 5465 1472 5534 pariter
1516 5463 1586 5515 ad
1625 5479 1763 5523 eam,
1800 5465 2050 5517 ascende-

479 5555 605 5594 snus
625 5542 694 5590 ad
732 5535 1036 5596 Dominum,
1056 5549 1163 5589 etc.

558 5614 578 5642 ²
604 5609 771 5669 Idem,
805 5607 979 5661 canite
1000 5606 1144 5670 tuba,
1171 5617 1226 5660 et
1253 5606 1430 5659 dicite.

559 5683 579 5710 ³
610 5681 711 5733 Pro
737 5678 919 5743 semel,
957 5677 1010 5730 in
1043 5674 1308 5749 __Vn'lgata,
1343 5687 1399 5730 et
1459 5677 1881 5749 llieronytttiatia
1937 5694 2059 5734 ver-

475 5751 639 5805 sione
679 5757 763 5804 est
812 5749 1010 5814 simul;
1042 5745 1265 5803 Ilebrteo
1303 5756 1426 5807 ma
1473 5757 1612 5818 D379,
1648 5745 1701 5806 et
1747 5747 1941 5806 Graeco
1981 5755 2062 5814 εἰς

2162 4554 2470 4610 cessarunt,
2509 4543 2713 4612 quibus
2761 4541 3034 4612 quondam
3089 4541 3292 4594 dictum
3333 4549 3421 4594 est
3451 4555 3466 4594 :
3499 4538 3558 4592 Si
3606 4539 3733 4592 arci

2161 4635 2362 4698 essetis,
2387 4650 2487 4688 non
2517 4636 2773 4688 haberetis
2800 4641 3098 4698 peccatum.
3133 4630 3289 4684 Nunc
3313 4647 3432 4683 vero
3462 4631 3576 4696 quia
3599 4629 3733 4682 dici-

2165 4729 2228 4781 tis
2263 4743 2279 4780 :
2313 4729 2563 4793 videmus,
2613 4735 2884 4795 peccatum
2925 4737 3156 4779 vestrum
3214 4735 3385 4777 manet
3434 4722 3613 4792 (Joan.
3654 4739 3732 4783 ις,

2161 4823 2273 4891 41).
2328 4821 2625 4876 Possumus
2677 4822 2814 4874 viam
2849 4819 3060 4890 1062
3107 4829 3333 4883 rectam,
3363 4828 3417 4871 et
3459 4817 3731 4871 Christum

2157 4914 2473 4986 intelligere
2503 4955 2518 4978 ,
2571 4914 2626 4968 in
2678 4927 2783 4982 qua
2835 4913 3150 4981 quicunque
3201 4910 3574 4974 :tutitttiat‘t‘t'il,
3625 4924 3736 4960 non

2165 5007 2450 5078 impinget.
2482 5005 2688 5060 Factus
2715 5022 2856 5070 sum,
2889 5007 2986 5068 ait,
3031 5002 3206 5058 Israel
3235 5011 3406 5070 pater,
3433 5003 3522 5071 qui
3551 5002 3756 5054 reduc-‘

2164 5114 2251 5160 tus
2286 5113 2391 5172 est,
2417 5113 2466 5157 et
2495 5101 2757 5172 Epitraim
2788 5101 3172 5171 primogenitus
3197 5115 3340 5152 meus
3357 5095 3742 5152 est-Uhicnim

2164 5197 2432 5266 quondam
2462 5193 2753 5248 abundavit
2777 5199 3062 5263 peccatum
3083 5229 3098 5254 ,
3129 5189 3586 5259 superabundavit
3614 5201 3747 5258 gra-

2165 5289 2235 5340 tia
2269 5286 2445 5358 (Rom.
2477 5284 2554 5356 v).
2580 5285 2832 5356 Ephraim
2851 5285 3102 5347 autemln
3138 5292 3263 5354 typo
3289 5295 3414 5357 esse
3441 5279 3613 5350 populi
3677 5277 3749 5331 de

2163 5469 2326 5533 εὸπαξ
2365 5467 2900 5525 contradicentibus.
2941 5464 3078 5520 Vide
3121 5479 3240 5534 quae
3279 5467 3344 5520 ad
3381 5465 3522 5519 hunc
3560 5461 3748 5516 locutu

2166 5542 2219 5594 in
2248 5541 2618 5594 Commentar.
2653 5537 2720 5591 ad
2755 5536 2882 5605 Isai.
2921 5551 3082 5605 supra
3121 5539 3496 5590 observamus.

2234 5610 2254 5641 ι
2283 5609 2339 5663 In
2379 5609 2800 5680 liicronyutiana
2835 5603 3118 5673 Versione,
3156 5616 3211 5659 et
3258 5607 3439 5678 Vulg,
3478 5611 3532 5658 in
3567 5603 3751 5670 preci-

2165 5681 2258 5735 bus
2293 5682 2552 5736 deducam
2580 5694 2690 5746 eos,
2725 5688 2834 5734 etc.
