4004 6182
274 307 385 372 909

744 303 1238 366 (IOMMENTAR.
1395 303 1796 366 JEREMIAM
1838 303 2302 366 PROPHETAM
2340 304 2490 368 LIB.
2534 304 2634 380 Vl,
2673 304 2828 369 CAP.
2865 308 3079 371 XXXI.

3436 302 3544 373 ΘΝ

269 420 528 494 gentibus
558 417 1178 488 congregati,Scriptura
1200 426 1445 474 testatur.
1469 417 1589 474 Fuit
1612 418 1752 473 enim
1781 434 1876 490 po-
1909 418 1950 480 Δ
1983 418 2049 471 ad
2079 433 2296 489 corpus,
2329 421 2424 474 sed
2487 419 2553 474 ad
2618 421 2852 474 animam
2907 419 3199 488 pertinere,
3257 417 3544 488 sequitur:

268 522 471 570 sterior
487 510 862 580 liliusloseph,
891 521 942 565 et
971 512 1230 581 surripuit
1263 513 1624 584 primogenita
1651 513 1861 569 Manas-

266 621 352 672 se,
382 607 473 675 qui
497 614 686 658 natura
719 602 1025 672 primitivns
1051 613 1167 656 erat
1191 602 1396 672 (Genes.
1423 606 1648 672 xunt);
1678 604 1772 659 sed
1806 605 1861 658 in

265 699 530 771 mysterio
545 696 726 752 crucis
753 697 1054 750 decussatis
1075 697 1344 762 manibus,
1371 697 1461 766 qui
1490 696 1669 751 stabat
1689 697 1754 750 ad
1790 697 1863 752 si-

270 794 504 846 nistram
549 789 741 854 Jacob,
787 790 988 843 dextrae
1019 804 1208 842 manus
1231 790 1347 857 ejus
1377 790 1612 859 suscepit
1643 788 1864 843 bent-di-

268 885 527 942 stionem.
555 883 617 936 Et
635 884 960 952 quisteterat
980 882 1044 935 ad
1067 881 1367 940 dexteram.
1394 883 1616 937 sinistra
1639 881 1863 938 benedi-

266 987 414 1035 cuts,
445 974 805 1028 inserundum
835 971 1084 1025 rrdactus
1126 981 1208 1025 est
1229 971 1476 1036 gradum.
1501 970 1566 1024 Et
1593 972 1863 1041 quomodo

266 1064 439 1120 Jarob
491 1065 634 1120 Esau
688 1063 876 1135 (Ibid,
904 1064 1018 1135 27).
1053 1062 1401 1134 sieEphraim
1425 1063 1670 1118 Manasse
1687 1064 1864 1133 rapuit

273 1158 662 1228 primogenita.
721 1157 1034 1226 Omnisque
1090 1157 1322 1226 populus
1367 1157 1556 1210 decem
1623 1155 1860 1209 tribuum

274 1259 506 1305 vocatus
539 1257 624 1303 est
655 1250 938 1318 Epliraim,
971 1247 1099 1317 quia
1131 1248 1432 1302 leroboam
1461 1249 1602 1300 filius
1632 1246 1859 1313 Nabath,

272 1359 338 1396 ex
381 1344 482 1395 hac
508 1341 650 1394 tribu
693 1355 918 1405 regnum
954 1341 1160 1410 priums
1187 1340 1428 1394 obtinuit
1479 1341 1530 1393 in
1571 1340 1846 1394 Samaria.

346 1430 530 1498 (Vers.
583 1431 649 1486 10
696 1430 874 1501 seqq.)
908 1449 927 1483 α
957 1431 1151 1486 Audite
1192 1430 1414 1486 verbum
1453 1429 1693 1495 Domini,
1726 1446 1858 1501 gen—

275 1533 376 1582 tes.
413 1533 466 1576 et
498 1521 824 1576 annuntiate
885 1522 938 1574 in
972 1521 1172 1576 insulis
1235 1535 1357 1590 quae
1403 1521 1595 1590 procul
1624 1533 1769 1586 sunt,
1808 1531 1862 1577 et

271 1615 484 1669 dicite:
521 1615 622 1680 Qui
665 1614 920 1683 dispersit
971 1613 1167 1678 Israel,
1198 1616 1554 1684 congregabit
1593 1631 1741 1682 eum,
1787 1625 1842 1672 et

273 1708 542 1761 custodiet
574 1722 695 1761 eum
727 1707 868 1779 sicut
919 1715 1106 1775 pastor
1140 1721 1357 1777 gregem
1395 1722 1576 1773 suum,
1615 1708 1741 1778 quia
1774 1722 1860 1762 re-

1975 513 2194 585 Eritque
2222 514 2404 568 anima
2461 529 2642 566 eorum
2696 515 2849 582 quasi
2895 511 3083 565 hortus
3152 510 3404 581 irriguns,
3432 512 3548 567 sive
3591 505 3606 519 ’

1971 607 2129 680 quasi
2185 607 2388 677 lignum
2445 604 2804 671 fructiferum,
2835 605 2976 675 quod
3006 603 3309 674 plantatum
3343 613 3427 659 est
3460 620 3550 659 se-

1971 715 2067 753 cus
2093 701 2356 754 decursus
2391 712 2680 767 aquarum,
2713 707 2768 751 et
2803 697 3088 766 paradisus
3119 695 3332 751 Domini
3367 696 3418 750 in
3449 695 3550 750 deo

1972 792 2114 848 liciis
2148 792 2324 864 (Psal.
2358 791 2422 863 ι).
2456 790 2524 844 Et
2567 791 2731 854 ultra,
2760 791 2852 855 ait,
2887 807 2991 844 non
3028 792 3287 846 eam-ient.
3327 788 3549 860 Nequa-

1971 898 2135 952 quam
2188 898 2250 937 ca
2275 883 2482 950 esurie,
2516 881 2583 936 de
2628 896 2734 950 qua
2773 881 3031 952 scriptum
3079 893 3167 936 est
3201 897 3218 936 :
3250 880 3404 936 Beati
3459 882 3550 951 qui

1970 976 2234 1040 esuriant,
2270 985 2316 1028 et
2356 975 2548 1029 sitiunt
2586 973 2863 1043 justitiam
2889 972 3114 1043 (Matth.
3157 988 3209 1038 ν,
3238 973 3320 1042 6);
3353 972 3446 1028 sed
3483 988 3548 1027 ea

1969 1081 2091 1136 qua:
2120 1066 2410 1120 saturitate
2439 1074 2703 1128 imitatur,
2731 1076 2781 1119 et
2819 1080 2996 1118 rerum
3025 1063 3272 1118 omnium
3301 1064 3547 1118 excludit

1971 1157 2454 1228 penuriam.Tunc
2499 1157 2771 1211 lmtabitur
2815 1158 2967 1227 virgo
2999 1156 3051 1210 in
3102 1158 3296 1220 choro,
3325 1157 3390 1211 de
3439 1171 3540 1223 qua

1971 1251 2166 1306 scribit
2192 1250 2480 1319 Apostolus
2516 1265 2530 1304 :
2573 1249 2835 1318 Despondi
2875 1249 3012 1302 enim
3047 1265 3136 1302 vos
3163 1251 3255 1302 uni
3288 1251 3402 1303 viro
3438 1249 3550 1302 vir-

1968 1343 2142 1411 ginem
2200 1350 2404 1394 castam
2441 1339 2681 1394 exhibere
2718 1339 2928 1394 Chrislo
2956 1338 3037 1408 (Il
3071 1337 3198 1394 Cor.
3258 1356 3334 1402 XI,
3361 1340 3443 1406 2).
3483 1338 3548 1393 Et

1965 1434 2218 1501 juvenes,
2253 1431 2320 1487 ad
2364 1447 2502 1501 quos
2544 1431 2784 1500 loquitur
2812 1429 3100 1486 Joannes:
3140 1429 3327 1485 Scriba
3373 1433 3545 1496 vobis.

1960 1526 2204 1596 juvenes,
2240 1527 2494 1593 quoniam
2521 1525 2717 1579 vicistis
2747 1523 3040 1593 malignum
3068 1523 3120 1595 (I
3149 1525 3312 1579 Joan.
3344 1541 3404 1592 ti,
3437 1525 3547 1596 η).

1970 1617 2034 1672 Et
2068 1633 2251 1683 senes,
2289 1615 2356 1670 ad
2387 1631 2524 1685 quos
2553 1617 2691 1671 idem
2728 1619 2961 1685 mystico
2994 1631 3248 1672 sermone
3279 1627 3544 1673 testatur:

1970 1709 2156 1766 Scribo
2203 1710 2368 1774 uobis,
2407 1719 2606 1777 patres,
2631 1710 2882 1779 quoniam
2909 1711 3234 1779 cognovistis
3265 1726 3406 1773 eum,
3459 1711 3551 1776 qui

274 1801 440 1854 demit
475 1798 732 1853 Dominus
761 1797 944 1864 lacob,
973 1799 1300 1853 etliberavit
1321 1797 1508 1870 [γαίῃ.
1537 1799 1772 1855 redimet
1803 1808 1859 1854 et
1891 1814 1932 1869 Β
1963 1803 2026 1856 ab
2050 1802 2199 1858 initio
2215 1812 2290 1856 est
2317 1802 2507 1874 (Ibid.,
2549 1801 2662 1870 l5).
2696 1800 2762 1854 Et
2779 1802 3317 1872 conuertam,inquit,
3343 1803 3546 1856 luctum

277 1891 550 1964 liberabit]
577 1908 697 1946 eum
738 1891 808 1948 de
838 1907 998 1945 manu
1047 1892 1368 1962 potentioris
1419 1892 1548 1964 (sive
1589 1892 1660 1949 de
1691 1909 1854 1948 manu

275 1983 570 2055 fortioris).
605 1982 671 2036 Et
700 1984 944 2046 venient,
970 1992 1026 2037 et
1055 1983 1356 2038 laudabunt
1379 1985 1434 2038 in
1489 1993 1674 2039 monte
1702 1983 1856 2050 Sion,

273 2089 329 2134 et
350 2077 625 2132 confluent
644 2075 711 2131 ad
733 2076 866 2131 bona
891 2076 1103 2134 Domini
1128 2091 1294 2147 super
1315 2077 1608 2140 frumento,
1629 2085 1683 2131 et
1704 2077 1856 2142 vino,

275 2182 331 2227 et
363 2170 504 2235 oleo,
539 2181 592 2224 et
624 2169 734 2224 fetu
787 2185 1070 2240 pecorum,
1101 2179 1158 2226 et
1207 2179 1604 2226 armentorum.
1633 2168 1862 2240 Eritque

277 2263 458 2317 anima
488 2275 679 2316 eorum
713 2263 863 2331 quasi
901 2262 1095 2316 hortus
1143 2261 1380 2332 irriguus
1409 2263 1544 2331 (sive
1593 2263 1748 2331 quasi
1796 2262 1862 2315 li.

279 2368 445 2424 gnum
488 2351 876 2423 fructiferum),
906 2361 961 2407 et
1024 2352 1163 2407 ultra
1229 2368 1334 2407 non
1388 2355 1650 2407 esuricnt.
1708 2351 1862 2407 Tunc

280 2447 554 2500 celabitur
587 2444 739 2514 virgo
772 2445 827 2498 in
860 2445 1031 2498 choro
1061 2444 1190 2514 (sive
1244 2445 1505 2514 virgines)
1543 2456 1597 2498 et
1631 2444 1862 2513 juvenes

278 2548 333 2592 et
363 2552 522 2593 senes
553 2537 733 2601 simul,
761 2546 814 2591 et
838 2547 1155 2592 convertam
1183 2537 1385 2592 luctum
1412 2553 1598 2592 eorum
1636 2539 1689 2591 in
1723 2554 1860 2607 επιει-

283 2632 459 2689 dium.
489 2640 544 2685 et
569 2631 898 2686 consolabor
928 2644 1049 2693 eos,
1080 2639 1133 2684 et
1154 2629 1442 2685 lzcliﬁcabo
1471 2647 1501 2684 a
1528 2630 1712 2684 dolore
1740 2646 1860 2684 suo.

283 2723 348 2777 Et
375 2723 658 2778 inebriabo
691 2723 930 2777 animant
983 2723 1328 2778 sacerdotum
1379 2723 1708 2793 pinguedine
1737 2723 1862 2790 (sire

283 2815 520 2868 filiorum
549 2813 696 2882 Levi)
719 2820 773 2867 et
805 2813 1038 2883 populus
1073 2828 1225 2868 meus
1259 2813 1414 2869 bonis
1436 2813 1572 2868 meis
1598 2812 1866 2882 adimple-

282 2909 452 2973 bitnr,
505 2896 580 2959 ait
633 2907 965 2960 Dominus.»
999 2904 1292 2975 Perspicua
1344 2905 1562 2960 t'ocatio
1623 2907 1864 2975 gentium

286 3003 721 3064 demonstratur,
779 2998 1058 3069 Scriptura
1113 2999 1370 3052 dicente:
1413 2997 1606 3052 Audite
1655 2997 1867 3053 verbum

284 3096 521 3160 Domini,
557 3104 755 3164 gentes,
780 3102 832 3148 et
852 3094 1163 3147 annuntiate
1203 3093 1255 3145 in
1297 3092 1488 3146 insulis
1517 3108 1635 3160 qum
1676 3092 1866 3162 procul

1961 1913 2142 1952 eorum
2173 1898 2227 1950 in
2262 1895 2541 1968 gaudium,
2568 1904 2629 1950 ut
2653 1910 2796 1966 quos
2827 1903 3099 1951 terruerat
3123 1913 3278 1964 crux,
3311 1896 3551 1952 laetificet

1963 1986 2312 2041 resurrectio.
2353 1984 2421 2038 Et
2447 1984 2884 2051 consolaboreas,
2917 1995 2964 2038 et
2987 1985 3263 2055 hctiﬁcabo
3303 2003 3336 2039 a
3368 1985 3551 2040 dolore

1962 2094 2080 2146 suo,
2119 2077 2273 2148 juxta
2305 2078 2434 2132 illud
2459 2081 2602 2148 quod
2637 2076 2901 2133 Dominus
2927 2077 3169 2148 loquitur
3202 2094 3217 2131 :
3251 2077 3409 2132 Beati
3449 2079 3543 2132 lu-

1963 2179 2161 2242 gentes,
2189 2172 2441 2238 quoniam
2462 2171 2560 2239 ipsi
2588 2169 3001 2225 consolabuntur
3025 2171 3242 2241 (Matth.
3289 2187 3342 2233 v,
3381 2170 3455 2240 5).
3483 2170 3550 2225 Et

1990 2263 2276 2317 inehriabo
2309 2261 2546 2315 animam
2597 2262 2964 2327 sacerdotum,
2991 2262 3084 2330 qui
3135 2262 3335 2316 habent
3364 2264 3548 2316 scien-

1967 2354 2095 2408 tiam
2138 2353 2252 2418 Dei,
2294 2361 2361 2408 de
2409 2368 2641 2421 quorum
2694 2367 2790 2408 ore
2841 2353 3186 2422 interrogant
3223 2355 3393 2425 lcgem
3444 2355 3548 2409 Do-

1967 2447 2122 2510 mini,
2153 2445 2244 2515 qui
2280 2446 2514 2501 credunt
2546 2445 2599 2500 in
2651 2460 2798 2513 eum,
2830 2445 2895 2500 ad
2933 2461 3094 2512 quem
3139 2445 3412 2515 Propheta
3463 2463 3550 2503 ca-

1967 2540 2045 2594 nit
2081 2555 2098 2595 :
2125 2537 2202 2592 Tu
2231 2554 2285 2592 es
2305 2537 2550 2593 sacerdos
2590 2539 2645 2592 in
2677 2548 2932 2592 teternum
2972 2539 3258 2593 secundum
3299 2542 3540 2594 ordinem

1969 2630 2358 2696 Melchisedech
2392 2629 2560 2701 (Psal.
2603 2645 2710 2697 Ctx,
2750 2633 2829 2696 4).
2879 2632 3032 2696 Quod
3066 2641 3246 2687 autem
3292 2633 3547 2702 sequitur

1963 2723 2117 2793 juxta
2159 2722 2514 2792 Septuaginta
2551 2739 2567 2779 :
2611 2721 2873 2778 Filiorum
2901 2723 3047 2794 Levi,
3075 2725 3126 2778 in
3155 2723 3420 2781 Heliraico
3437 2741 3546 2782 nan

1969 2814 2228 2868 habetur.
2258 2812 2323 2867 Et
2352 2815 2698 2884 perspicuum
2727 2825 2832 2878 est,
2866 2832 3210 2888 nequaquam
3235 2819 3298 2874 id
3330 2820 3435 2876 dici
3483 2823 3552 2876 de

1970 2907 2056 2963 his
2083 2903 2461 2963 sacerdotibus
2504 2909 2597 2978 qui
2637 2919 2768 2964 sunt
2795 2908 2888 2963 lilii
2938 2909 3090 2976 Levi,
3119 2909 3214 2964 sed
3245 2910 3312 2966 de
3351 2911 3458 2979 his,
3494 2913 3546 2967 in

1971 3013 2203 3068 quorum
2261 3008 2443 3069 typum
2492 3001 2775 3070 praecessit
2828 2999 3246 3057 Melchisedech.
3301 3003 3548 3058 Ebrietas

1971 3102 2164 3148 autem.
2203 3093 2551 3149 sacerrimum
2604 3104 2661 3149 et
2712 3094 2765 3148 in
2807 3095 3084 3165 Apostolis
3139 3097 3547 3165 comprobatur.

283 3199 429 3252 sum,
462 3197 509 3242 et
541 3188 726 3242 dicite.
752 3185 891 3252 Quid
934 3186 1266 3239 annuntiant
1302 3184 1495 3238 insulis
1526 3199 1648 3253 qua:
1671 3186 1861 3254 procul
1893 3164 1936 3223 (ἶ
1969 3185 2190 3254 quando
2223 3184 2506 3240 fervebant
2543 3185 2666 3252 fide,
2700 3195 2754 3240 et
2808 3164 2988 3242 musto
3039 3187 3184 3256 pleni
3229 3164 3548 3244 dicebautur

283 3284 402 3337 sitae
429 3281 602 3336 sunt?
629 3279 784 3345 Quod
817 3277 1101 3342 Dominus,
1133 3278 1223 3345 qni
1253 3277 1507 3344 dispersit
1535 3275 1722 3341 lsrael,
1746 3278 1860 3346 ipse

282 3373 635 3444 congregabit
666 3387 812 3426 eum.
849 3369 1205 3440 Nequaquam
1241 3383 1372 3440 ergo
1397 3378 1454 3423 nt
1481 3370 1862 3440 dispergeren-

283 3478 396 3533 tur,
427 3465 681 3536 pou-utia-
714 3464 817 3518 fuit
860 3461 1325 3524 adversariorum.
1359 3462 1451 3517 sed
1502 3463 1714 3516 Domini
1767 3477 1865 3516 vo-

284 3561 532 3614 luntatis.
567 3556 633 3610 Et
658 3557 913 3611 custodiet
934 3571 1051 3610 eum
1080 3556 1218 3610 sicut
1251 3565 1434 3624 pastor
1460 3570 1666 3624 gregem
1683 3571 1859 3609 suum.

287 3655 480 3708 l'astur
519 3651 664 3704 enim
699 3652 874 3704 bonus
900 3647 1324 3718 ponitanimam
1356 3662 1506 3702 suam
1534 3635 1645 3716 pro
1664 3647 1862 3702 ovibus

285 3746 404 3798 suis
441 3743 629 3811 (Joan.
655 3743 734 3809 x).
759 3738 894 3804 Quia
929 3740 1145 3794 redemit
1179 3729 1433 3793 Dominus
1461 3738 1652 3803 Iacob,
1687 3740 1862 3808 pretio

283 3833 564 3904 sanguinis
589 3833 695 3896 sui,
728 3842 777 3886 et
819 3833 1059 3886 liberavit
1083 3846 1203 3885 eum
1236 3830 1303 3884 de
1332 3847 1494 3884 manu
1524 3829 1860 3900 potentioris,

284 3926 402 3980 sive
423 3923 693 3992 lenioris.
721 3921 822 3977 Per
857 3934 976 3990 quae
1001 3917 1364 3974 ostenduntur
1385 3917 1644 3973 fortiores
1675 3917 1866 3970 adver-

285 4019 446 4074 sariae
506 4025 803 4086 potestates
860 4021 1050 4067 natura
1095 4011 1408 4082 fragilitatis
1462 4011 1735 4066 humanae.
1796 4007 1865 4063 Et

285 4119 553 4182 quantum
585 4110 639 4163 in
667 4107 915 4177 utrisque
939 4107 1134 4160 virium
1162 4113 1267 4173 est,
1305 4104 1424 4159 illas
1457 4103 1710 4159 fortiores
1743 4117 1864 4158 esse

285 4217 507 4266 natura,
554 4201 648 4256 sed
686 4198 897 4270 1063
958 4213 1058 4254 nos
1115 4197 1369 4252 fortiores
1422 4197 1549 4262 fide,
1584 4196 1630 4250 si
1685 4205 1862 4250 tamen

289 4310 599 4350 mereamur
631 4292 845 4347 liberari
887 4290 957 4345 ab
991 4305 1076 4358 eo,
1112 4291 1205 4360 qui
1256 4298 1436 4358 potest
1485 4288 1708 4357 alligare
1753 4286 1865 4341 for-

281 4401 413 4452 tem,
439 4399 494 4442 et
519 4385 798 4442 dominum
829 4384 946 4454 ejus
997 4382 1255 4452 diripere.
1293 4380 1362 4436 Et
1398 4381 1629 4445 uenient,
1658 4379 1860 4448 inquit,

285 4481 428 4534 haud
496 4475 720 4532 dubium
753 4477 883 4544 quin
921 4472 1131 4529 liberati
1170 4473 1238 4528 de
1279 4488 1439 4526 manu
1472 4473 1788 4538 pctentium,
1813 4481 1864 4525 et

279 4571 578 4626 laudabunt
603 4569 948 4624 liberatorem
975 4581 1132 4620 suum
1163 4567 1216 4619 in
1243 4575 1418 4619 monte
1452 4565 1607 4628 Sion,
1626 4565 1728 4619 hoc
1751 4573 1856 4629 est,

281 4667 336 4719 in
383 4663 644 4727 Ecclesia,
677 4671 724 4716 et
780 4659 1043 4729 conﬂuent
1100 4659 1168 4711 ad
1211 4663 1348 4711 bona
1399 4657 1635 4721 Domini,
1675 4672 1856 4710 rerum

279 4754 526 4808 omnium
557 4750 969 4814 abundantiam,
1005 4763 1126 4818 quae
1154 4761 1259 4802 non
1298 4747 1353 4800 in
1385 4746 1654 4817 frugibus,
1689 4755 1746 4801 et
1776 4747 1858 4802 ci-

283 4845 368 4899 bis
400 4843 584 4899 carnis
613 4841 790 4905 istius,
813 4840 907 4895 sed
933 4839 986 4893 in
1014 4839 1278 4893 virtutum
1313 4838 1576 4893 varietate
1598 4840 1854 4894 sentitur.

279 4938 452 5007 Super
510 4939 791 5007 frumento,
847 4935 1041 5003 inquit,
1078 4942 1124 4986 et
1187 4934 1327 4996 vino,
1361 4942 1409 4984 et
1467 4932 1602 4995 oleo,
1635 4932 1702 4986 de
1752 4946 1862 4996 quo

279 5025 570 5080 coniicitur
600 5023 754 5093 panis
784 5022 1018 5089 Domini,
1047 5032 1101 5076 et
1130 5021 1412 5090 sanguinis
1440 5021 1560 5090 ejus
1605 5020 1862 5090 impletur

281 5129 466 5188 typus,
497 5128 552 5169 et
589 5113 898 5168 benedictio
924 5110 1375 5168 sanctiﬁcationis
1420 5110 1748 5175 ostenditur,
1781 5112 1863 5164 di-

278 5220 436 5263 cente
472 5206 754 5274 Scriptura
797 5221 812 5258 :
852 5202 1012 5256 Uttxit
1062 5213 1109 5257 te
1161 5201 1322 5267 Deus,
1375 5201 1515 5256 Deus
1571 5210 1697 5254 tuus
1745 5201 1859 5255 oleo

279 5303 484 5357 latitia:
518 5315 629 5370 pra:
664 5299 989 5354 consortibus
1021 5299 1126 5353 tuis
1162 5295 1334 5366 (Psal.
1368 5312 1516 5360 κων,
1539 5295 1616 5366 8).
1651 5293 1720 5349 Et
1747 5296 1859 5365 fetu

277 5409 547 5465 pecorum,
579 5393 669 5462 qui
701 5392 754 5446 in
791 5389 1031 5446 Ecclesia
1059 5390 1333 5460 simplices
1374 5399 1524 5454 sunt,
1560 5399 1609 5443 et
1647 5405 1860 5442 armen-

278 5475 480 5549 torum,
503 5501 623 5554 qua:
651 5493 880 5540 cornuta
919 5490 1066 5542 sunt.
1102 5493 1156 5537 et
1193 5481 1538 5538 adversarios
1566 5481 1854 5537 ventilant.

281 5579 355 5636 Ut
393 5591 574 5635 autem
612 5579 851 5634 sciamus
893 5575 1304 5632 benedictiones
1352 5575 1449 5631 bas
1507 5589 1853 5646 nequaquam

1966 3275 2106 3344 (Act.
2173 3276 2258 3344 it).
2313 3275 2466 3348 Unde
2524 3286 2578 3330 et
2629 3277 2801 3341 locus,
2840 3279 2890 3331 in
2949 3293 3060 3347 quo
3115 3280 3548 3348 comprehensus

1969 3363 2183 3436 1064
2209 3365 2468 3419 Dominus
2528 3377 2631 3429 est,
2686 3378 2914 3420 vocatur
2961 3365 3548 3440 Gethsemaui(ﬂatth.

1969 3474 2115 3524 xxvr,
2156 3458 2271 3527 56),
2302 3459 2444 3529 quod
2480 3459 2534 3513 in
2562 3459 2744 3529 lingua
2778 3464 2964 3513 noStra
2992 3460 3183 3514 vallem
3206 3463 3547 3529 pinguedinis

1966 3559 2150 3606 sonat.
2183 3552 2436 3622 Cumque
2467 3551 2786 3607 sacerdotes
2817 3551 3044 3622 pingues
3064 3552 3268 3608 fuerint
3299 3555 3545 3609 doctrina

1965 3644 2205 3710 Domini,
2228 3654 2281 3699 et
2321 3645 2566 3699 inebriati
2588 3645 2642 3698 in
2666 3645 2918 3700 convivio
2966 3643 3166 3715 losvph
3201 3643 3353 3716 (Gen.
3388 3652 3546 3719 LXlll)

1967 3735 2208 3792 dixerint
2246 3752 2261 3790 :
2293 3735 2450 3791 Calix
2491 3745 2613 3791 tuus
2655 3737 2920 3792 inebrians
2948 3755 3102 3807 quam
3143 3740 3438 3808 pra'clarus
3469 3754 3548 3796 est

1967 3826 2143 3899 (Psal.
2187 3843 2323 3891 xxii,
2354 3829 2408 3895 5)
2434 3829 2448 3882 ι
2476 3836 2606 3883 tunc
2647 3829 2752 3884 erit
2781 3839 2829 3883 et
2875 3830 2976 3884 hoc.
3010 3833 3153 3901 quod
3186 3848 3330 3888 nunc
3365 3833 3549 3890 Domi-

1955 3911 2070 3975 nus
2096 3921 2384 3989 pollicetur
2424 3938 2438 3975 :
2475 3921 2546 3975 Et
2572 3923 2796 3992 papulas
2829 3939 2976 3977 meus
3021 3923 3171 3978 bonis
3203 3927 3331 3980 meis
3371 3929 3546 3982 adim-

1965 4012 2216 4083 plebitur.
2263 4013 2394 4079 Quae
2420 4015 2605 4068 omnia
2677 4029 2820 4068 nunc
2872 4029 2938 4069 ex
2975 4024 3127 4084 parte
3185 4018 3540 4076 tribuuntur:

1970 4115 2100 4160 tunc
2149 4115 2329 4158 autem
2363 4105 2632 4160 dabuntur
2679 4109 2730 4160 in
2783 4107 2961 4177 pleno.
2991 4109 3208 4176 quando
3246 4111 3541 4167 viderimus

1969 4195 2109 4252 facie
2138 4196 2206 4252 ad
2234 4197 2450 4262 faciem,
2481 4205 2534 4254 et
2560 4213 2759 4269 corpus
2785 4199 3108 4256 humilitatis
3155 4215 3354 4258 nostra:
3381 4205 3543 4260 fuerit

1969 4286 2392 4342 resurrectionis
2416 4289 2588 4356 gloria
2621 4301 3044 4345 commutatum.

2040 4377 2222 4448 (Vers.
2272 4378 2388 4450 l5.)
2442 4397 2462 4431 ι
2495 4380 2620 4436 Haec
2659 4383 2792 4436 dicit
2847 4383 3148 4439 Dominus:
3185 4385 3298 4441 Vox
3344 4387 3394 4441 in
3451 4405 3548 4444 cx-

1897 4470 2118 4564 Dcelso
2181 4472 2365 4527 audita
2419 4483 2505 4528 est
2567 4474 2998 4545 lamentationis,
3057 4477 3215 4533 fletus
3253 4489 3307 4535 et
3343 4482 3544 4548 luctus,

1971 4565 2173 4621 Rachel
2217 4565 2486 4635 plorantis
2513 4568 2530 4598 ¹
2558 4567 2700 4624 filios
2745 4584 2896 4637 suos,
2926 4579 2981 4624 et
3027 4571 3200 4627 noluit
3229 4572 3416 4645 [ναις.
3449 4591 3546 4629 no-

1970 4658 2152 4731 lentis]
2204 4661 2472 4714 consolari
2523 4674 2686 4730 super
2734 4660 2858 4716 filiis
2902 4663 3014 4717 suis
3047 4661 3385 4736 [Vulg.eis],
3413 4667 3540 4736 quia

1970 4768 2077 4808 non
2136 4763 2280 4810 sunt.
2309 4772 2328 4804 ι
2386 4753 2526 4809 LXX
2555 4771 2567 4808 :
2599 4772 2618 4806 ‹
2641 4753 2732 4809 Sic
2805 4755 2937 4809 dicit
2984 4755 3241 4812 Dominus
3271 4773 3285 4810 :
3317 4757 3428 4813 Vox
3484 4760 3541 4814 in

1971 4846 2138 4899 ltama
2187 4846 2372 4900 audita
2404 4857 2508 4911 est,
2547 4846 2867 4901 lamentatio
2910 4855 2967 4901 et
3015 4846 3196 4912 ﬂetus,
3225 4860 3280 4902 et
3333 4849 3539 4915 luctus,

1967 4937 2167 4994 Rachel
2201 4939 2469 5009 plorantis
2501 4939 2640 4994 tilios
2665 4953 2817 5004 suos,
2844 4949 2897 4992 et
2932 4939 3100 4992 noluit
3126 4941 3538 5008 conquiescere,

1966 5032 2090 5100 quia
2127 5045 2229 5084 non
2273 5040 2416 5090 sunt.
2456 5050 2474 5083 μ
2524 5032 2812 5101 Neejuxta
2857 5029 3202 5097 l-lebraicum,
3249 5047 3348 5088 nec
3375 5033 3535 5103 juxta

1966 5120 2340 5192 Septuaginta,
2375 5121 2657 5175 Mattlmus
2687 5122 2918 5190 sumpsit
2952 5121 3349 5178 testimonium.
3375 5123 3508 5196 Legi

1966 5228 2087 5266 mus
2120 5216 2264 5265 enim
2295 5215 2348 5268 in
2394 5229 2460 5269 eo
2490 5223 2609 5282 post
2644 5211 3062 5281 descriptionem
3111 5213 3403 5270 infantium
3436 5234 3533 5272 ne-

1966 5303 2046 5356 eis
2080 5319 2095 5356 :
2127 5302 2271 5356 'l‘unc
2295 5303 2563 5369 impletum
2593 5312 2691 5366 est,
2714 5302 2854 5371 quod
2906 5301 3105 5355 dictum
3139 5313 3215 5357 est
3255 5321 3348 5373 per
3382 5305 3537 5358 Jere-

1965 5395 2124 5448 mium
2157 5396 2460 5464 prophetam
2503 5396 2758 5448 dicentem
2805 5409 2825 5450 .'
2861 5392 2972 5449 Vox
3023 5397 3076 5449 in
3127 5395 3294 5451 Roma
3356 5398 3540 5452 audita

1963 5496 2059 5545 est.
2085 5488 2324 5555 ploratus
2356 5496 2404 5540 et
2427 5489 2660 5541 ululatus
2691 5488 2885 5542 multus
2932 5504 2950 5543 :
2981 5489 3200 5554 Rachel,
3225 5491 3400 5558 ﬂentis
3427 5491 3536 5564 [ΑΙ.

1960 5579 2200 5650 plorans)
2233 5580 2373 5649 ﬁlios
2432 5596 2577 5649 suos,
2630 5592 2674 5636 et
2731 5581 2899 5636 noluit
2934 5584 3223 5644 consolari.
3256 5584 3378 5652 quia
3432 5601 3536 5640 non

357 5765 392 5837 “
413 5765 682 5826 Victorius
705 5771 836 5837 [lens
860 5767 912 5823 in
945 5777 1112 5836 recto,
1143 5781 1240 5825 seu
1281 5765 1522 5838 plorans,
1555 5780 1620 5822 ex
1659 5765 1850 5824 Graeco
1893 5767 2335 5842 arrexiatopevq.
