4004 6182
417 299 544 367 "Oli

1509 313 1521 325 ·
1597 293 1636 354 S
1715 288 2028 351 EUSEBII
2091 286 2537 349 IIIERONYMI

3590 284 3706 348 91?.

441 433 559 480 sunt
588 418 801 492 (Matth.
834 433 890 485 tt,
943 416 1036 480 17,
1084 413 1197 483 18).
1229 409 1305 467 Es
1354 425 1463 478 quo
1506 406 1855 479 perspicuum
1902 414 2005 471 est,
2044 412 2093 470 Α,
2115 403 2186 460 Et
2210 412 2532 460 revertentur
2551 401 2655 473 filii
2675 401 2754 457 tui
2781 402 2850 458 ad
2878 402 3130 458 terminos
3154 416 3302 468 suos,
3326 415 3469 472 quos
3489 401 3703 458 babae.

438 516 810 585 rtattgelistas
841 521 897 567 et
934 506 1234 580 apostolos,
1288 516 1630 573 nequaquam
1661 515 1730 555 ex
1785 497 2012 553 llehrao

440 605 946 680 interpretationem
998 599 1230 669 alicujus
1269 606 1526 682 secutos;
1564 594 1660 648 sed
1711 590 1866 663 quasi
1910 588 2015 645 lle-

439 707 616 760 braeos
658 716 727 755 es
775 694 1037 759 llebrais,
1063 692 1209 763 quod
1255 681 1508 758 legebant
1556 684 1846 746 liebraice,
1894 681 2015 737 suis

441 793 784 854 sermonibus
806 786 1164 860 expressisse.
1198 780 1400 837 Rachel
1436 789 1609 834 mater
1637 774 1863 846 Ioseph,
1887 789 2012 831 cum

444 890 657 945 veniret
703 882 1002 945 Bethleem,
1031 876 1215 933 subito
1261 883 1453 944 partus
1507 869 1700 926 dolore
1737 873 2012 934 correpta,

444 979 658 1051 peperit
710 975 907 1038 ﬁlium,
959 984 1119 1040 quem
1185 965 1475 1029 obstetrix,
1504 964 1631 1032 quia
1684 959 2019 1016 moriebatur

446 1075 684 1142 pariens,
717 1067 936 1122 vocavit
963 1061 1189 1125 Benoni,
1217 1060 1321 1114 hoc
1351 1066 1454 1120 est,
1487 1055 1630 1125 ﬁlius
1660 1053 1861 1107 doloris
1890 1052 2017 1105 mei.

445 1163 607 1218 Pater
647 1172 829 1214 autem
864 1158 1033 1212 .lacob
1066 1152 1296 1208 mutavit
1331 1146 1676 1208 vocabulum,
1707 1155 1762 1200 et
1785 1143 2021 1213 appella-

446 1258 524 1310 \it
543 1271 665 1310 eum
697 1251 1000 1319 Beujamt'n,
1024 1246 1129 1299 hoc
1147 1255 1249 1308 est,
1278 1239 1429 1311 ﬁlius
1454 1238 1652 1293 dextris
1681 1233 1835 1306 (Gen.
1858 1248 2020 1297 xxxv,

447 1348 562 1418 18).
591 1345 866 1412 Quaeritur
898 1340 1104 1409 itaque,
1137 1330 1413 1403 quomodo
1458 1328 1748 1383 lilatthteus
1785 1337 2021 1392 evangev

455 1441 578 1495 listu
602 1431 974 1491 testimonium
993 1427 1277 1497 Propheta:
1292 1422 1360 1479 ad
1385 1418 1817 1476 interfectionem
1847 1424 2030 1471 trans-

449 1531 639 1588 tulerit
683 1524 1028 1598 parvulorum
1059 1538 1074 1575 :
1100 1532 1225 1574 cum
1275 1515 1559 1586 perspicue
1603 1511 1672 1567 de
1696 1509 1882 1565 decem
1916 1507 2028 1562 tri—

454 1625 638 1679 bubus
696 1618 961 1686 scriptutn
1003 1614 1097 1676 sit,
1146 1624 1377 1680 quarum
1423 1608 1677 1677 princeps
1728 1602 1876 1658 ιιοιιί
1927 1598 2029 1655 fuit

444 1719 715 1787 .Ephrata,
757 1721 810 1765 et
843 1722 1182 1777 nequaquam
1232 1706 1305 1757 sit
1364 1701 1417 1755 itt
1454 1699 1596 1787 trilnt
1623 1697 1905 1787 Ephraltn,
1934 1693 2026 1750 sed

2117 506 2244 553 runt
2271 506 2452 567 patres
2475 510 2667 551 eorum
2691 494 2990 562 Abraham,
3013 495 3186 558 Isaac,
3207 505 3266 549 et
3284 494 3479 549 Iacob.
3503 494 3704 551 Helius

2114 599 2296 647 autem
2328 589 2395 644 de
2421 588 2663 659 parvulis
2691 586 3067 659 intelligimus,
3090 588 3236 658 quod
3258 588 3572 642 mercedem
3602 590 3675 643 ha

2117 683 2285 737 beant
2328 678 2486 736 ellusi
2523 681 2808 753 sanguinis
2852 694 2956 751 pro
3000 679 3226 736 Christo
3262 697 3277 735 :
3312 690 3369 735 et
3410 694 3511 750 pro
3559 689 3707 734 terra

2118 772 2350 829 Herodis
2379 773 2610 839 inimici,
2635 782 2858 829 teneant
2889 787 3057 842 regna
3085 773 3354 828 calorum
3384 789 3400 827 :
3434 784 3491 828 et
3516 787 3706 827 rever-

2118 865 2233 921 suri
2265 866 2376 921 sint
2424 867 2479 921 in
2513 866 2700 921 sedem
2731 864 3041 935 pristinam,
3074 863 3297 933 quando
3332 879 3434 933 pro
3468 874 3711 934 corpore

2119 957 2466 1021 humilitatis,
2499 971 2698 1026 corpus
2745 957 3054 1026 receperint
3100 955 3418 1026 gloriosum.
3462 956 3572 1010 ista
3621 969 3711 1011 est

2120 1064 2247 1120 spes
2292 1049 2606 1115 novissima,
2652 1046 2871 1118 quando
2930 1046 3064 1117 justi
3106 1046 3389 1117 fulgebunt
3438 1047 3585 1102 sicut
3629 1046 3715 1100 soi

2124 1138 2272 1209 (Sap.
2309 1139 2414 1209 ιιι),
2446 1150 2496 1193 et
2530 1136 2765 1193 infantes
2793 1138 3067 1207 quondam
3102 1138 3337 1208 parvuli,
3392 1149 3563 1207 atque
3628 1139 3714 1192 la-

2130 1239 2364 1295 ctentes,
2405 1229 2614 1299 absque
2652 1237 2874 1283 aetatum
2918 1230 3275 1293 incremento,
3299 1241 3355 1285 et
3383 1229 3598 1299 injuriis
3644 1245 3713 1285 se

2126 1320 2311 1378 labore
2345 1335 2613 1390 corporeo
2647 1332 2933 1391 resurgunt
2978 1320 3034 1377 in
3066 1321 3241 1375 virum
3286 1322 3619 1392 perfectum,
3653 1323 3712 1377 in

2126 1428 2443 1469 mensuram
2486 1413 2844 1483 plenitudinis
2876 1412 3079 1468 Christi
3113 1412 3331 1484 (Ephes.
3372 1415 3474 1484 ιι).

2198 1504 2375 1574 (Vera.
2408 1503 2497 1569 18,
2528 1502 2643 1572 19.)
2687 1522 2705 1555 ι
2750 1493 2995 1557 Audiens
3025 1504 3208 1557 audivi
3240 1503 3499 1573 Ephraim
3532 1515 3714 1560 trans-

2130 1574 2451 1668 migraute'm
2499 1597 2627 1667 (sive
2674 1594 3130 1666 lamentantem);
3177 1596 3464 1664 castigasti
3509 1612 3618 1659 me,
3658 1606 3717 1651 et

2129 1691 2375 1745 eruditus
2405 1705 2525 1745 sum
2540 1689 2685 1744 sicut
2702 1687 2971 1757 juvcucus
2995 1687 3299 1743 indomitus
3322 1690 3452 1755 (sive
3486 1690 3717 1761 1066

989 1759 1113 1866 ipsa
1166 1803 1246 1847 est
1277 1792 1446 1854 enim,
1468 1799 1521 1843 et
1549 1759 1827 1842 Bethleem
1886 1785 2025 1838 δυω-
2064 1759 2104 1814 Β
2129 1783 2272 1838 sicut
2296 1782 2519 1849 vitulus,
2545 1791 2601 1835 et
2623 1796 2732 1836 non
2764 1779 3023 1850 didici’);
3082 1790 3340 1836 converte
3370 1796 3478 1845 me,
3506 1792 3564 1835 et
3586 1759 3720 1838 corio

450 1903 663 1968 νύμως.
735 1892 891 1948 Unde
950 1900 1006 1945 et
1060 1885 1278 1943 nomina
1326 1883 1615 1950 utriusque
1669 1877 2025 1937 concordant.

442 1994 716 2048 Bethleem
732 1995 953 2041 vocatur
974 1983 1160 2036 domus
1181 1973 1637 2049 pauistphrata,
1652 1969 2027 2042 καρποφορια,

454 2100 615 2153 quam
651 2097 750 2135 nos
784 2077 1076 2132 ubertatem
1103 2085 1392 2140 possumus
1439 2068 1647 2123 dicere.
1679 2063 1813 2129 Quia
1862 2062 2029 2130 igitur

457 2175 737 2232 ttaeltetin
793 2171 1055 2240 Epltrata,
1089 2166 1191 2220 hoc
1251 2165 1434 2229 cst,iu
1479 2158 1757 2213 Bethleem
1807 2154 2028 2208 condita

442 2284 557 2335 est,
582 2270 726 2323 sicut
750 2272 805 2318 et
859 2260 1142 2328 Scriptura
1191 2265 1402 2318 sancta,
1438 2262 1493 2307 et
1547 2250 1735 2304 titulus
1792 2245 2026 2314 sepulcri

457 2367 578 2429 ejus
630 2357 901 2422 hodieque
945 2358 1236 2410 testantur,
1268 2343 1400 2398 (lere
1445 2341 1642 2396 dicitur
1691 2336 2029 2429 pueros.Aqni

444 2426 607 2527 juxta
635 2466 716 2514 se,
744 2460 798 2503 et
833 2448 885 2500 in
912 2444 1027 2499 suis
1058 2439 1371 2507 regionibus
1403 2432 1682 2491 interiecti
1720 2440 1869 2486 sunt.
1898 2426 2031 2495 Qui-

455 2524 578 2602 dam
613 2544 922 2600 Judaeorum
959 2531 1173 2604 1065
1206 2532 1354 2585 hunc
1399 2528 1580 2583 locum
1633 2525 1716 2580 sic
1759 2524 2027 2588 interpre-

456 2651 661 2705 tantur,
701 2633 847 2704 quod
879 2642 1035 2696 capta
1062 2622 1364 2679 Jerusalem
1388 2620 1491 2674 sub
1527 2616 1888 2686 Vespasiano,
1933 2625 2033 2705 per

447 2738 600 2791 hanc
643 2703 783 2783 viam
829 2723 1062 2787 Gazam,
1091 2726 1146 2772 et
1179 2711 1568 2770 Alexandriam
1608 2707 1820 2763 inlicita
1862 2703 2031 2760 millia

453 2822 809 2893 captivorum
864 2812 1094 2869 Romam
1146 2808 1353 2865 directa
1399 2802 1532 2859 sint.
1578 2800 1860 2893 Alii‘vero,
1889 2797 2032 2893 quod

459 2885 649 2969 ultima
678 2906 998 2978 captivitate
1018 2902 1118 2956 sub
1154 2898 1417 2959 Adriano,
1457 2892 1679 2963 quando
1700 2900 1759 2945 et
1781 2889 1912 2945 urbs
1944 2885 2033 2943 Je-

442 3002 693 3059 qusalettt
723 2997 982 3052 subversa
1013 2998 1119 3053 est,
1146 2982 1560 3042 innumerabilis
1592 2980 1822 3050 p0pulus
1851 2978 2032 3033 diver-

457 3110 530 3153 3:3
558 3092 757 3155 minus,
794 3098 847 3140 et
871 3084 1153 3153 utriusque
1175 3096 1341 3135 sexus
1371 3077 1427 3131 in
1492 3085 1737 3130 mercato
1764 3071 2029 3129 'l‘erebin—
2057 3114 2100 3170 ε

444 3187 539 3242 ιιιιί
588 3176 965 3238 venumdatus
1029 3176 1120 3229 sit.
1155 3171 1224 3226 Et
1249 3171 1454 3226 idcirco
1512 3165 1849 3226 exsecrabile
1906 3179 2032 3220 esse

436 3276 662 3335 Judaeis
715 3280 1014 3327 mercatum
1050 3264 1470 3319 celeberrimum
1518 3263 1538 3293 ³
1596 3260 1795 3315 visere.
1839 3255 2033 3312 Dicant

460 3372 536 3426 illi
565 3367 709 3438 quod
741 3364 953 3425 volunt,
994 3375 1094 3413 nos
1126 3368 1272 3412 recte
1302 3352 1676 3409 testimonium
1733 3352 2032 3420 sumpsisse

445 3466 705 3517 dicemus
741 3452 1130 3524 evangelistam
1164 3447 1500 3507 Matthaaum,
1541 3460 1640 3515 pro
1675 3445 1793 3497 loco
1839 3442 1892 3495 in
1921 3456 2034 3510 quo

452 3534 903 3608 Rachel'coudita
933 3549 1049 3608 est,‘
1095 3554 1153 3595 ut
1190 3541 1495 3594 vicinarum
1531 3538 1586 3591 in
1612 3535 1843 3590 circuitu
1876 3535 2036 3589 villa-

460 3662 582 3702 rtttn
610 3645 751 3699 ﬁlios
776 3639 932 3711 quasi
960 3650 1090 3691 suos
1116 3632 1352 3688 ﬂeverit.

426 3716 437 3724 ’
529 3736 713 3808 (Vcrs.
755 3733 844 3798 to,
880 3727 989 3799 ιι.)
1030 3745 1056 3779 ι
1107 3724 1231 3780 nam
1265 3723 1402 3778 dicit
1431 3719 1694 3779 Dominus
1726 3733 1742 3773 :
1779 3716 2039 3783 Quieseat

454 3847 562 3887 vos
592 3840 685 3884 tua
713 3842 742 3881 a
776 3826 1009 3895 ploratu,
1034 3830 1087 3874 et
1113 3817 1254 3875 oculi
1289 3817 1363 3870 tui
1396 3830 1429 3868 a
1464 3812 1718 3883 lacrymis
1747 3829 1761 3866 :
1792 3810 1915 3880 quia
1952 3817 2037 3865 est

462 3936 674 3976 merces
705 3918 859 3988 Operi
905 3925 1016 3978 tuo,
1053 3911 1130 3964 ait
1169 3908 1453 3964 Dominus.
1492 3903 1559 3958 Et
1592 3912 1931 3958 revertentur
1967 3901 2038 3957 de

464 4025 609 4068 terra
648 4009 854 4065 inimici
893 4006 1022 4077 (siue
1053 4000 1429 4068 inimicorum).
1457 4007 1515 4051 et
1551 3996 1658 4050 erit
1691 3993 1882 4067 [ναις.
1928 3992 2039 4064 est]

460 4119 591 4174 apes
623 4097 940 4156 novissimis
975 4095 1104 4159 tuis,
1145 4091 1221 4146 ait
1249 4089 1510 4145 Dotttiuus
1546 4102 1562 4141 :
1596 4096 1651 4141 et
1698 4093 2040 4139 revertentur

454 4197 559 4251 tilii
591 4195 657 4249 ad
688 4191 952 4249 terminos
979 4201 1126 4241 suos.
1158 4202 1178 4235 ι
1214 4181 1330 4238 Hoc
1349 4180 1504 4249 justa
1535 4177 1776 4233 litteram
1806 4175 2039 4230 necdum

461 4292 666 4343 factum
697 4293 803 4348 est,
837 4293 1013 4350 neque
1037 4277 1186 4332 enim
1217 4274 1403 4329 decem
1438 4271 1639 4335 tribus,
1663 4285 1786 4340 qua:
1817 4269 1872 4323 iu
1907 4266 2041 4321 civia

468 4379 670 4434 tatibus
702 4376 977 4430 Medorum
1009 4368 1278 4433 exsulant,
1310 4376 1474 4434 atque
1504 4363 1817 4427 Persarum,
1855 4374 2039 4416 rever-

2129 1883 2345 1941 vertar;
2370 1875 2498 1944 quia
2520 1883 2575 1929 tu
2602 1872 2866 1939 Dominus
2884 1872 3028 1928 Deus
3048 1886 3221 1928 meus.
3246 1872 3541 1945 Postquam
3559 1875 3714 1931 enim

2131 1971 2448 2031 convertisti
2472 1986 2561 2024 me
2582 1970 2711 2040 (sive
2728 1981 2920 2039 captus
2943 1968 3088 2040 sum)
3111 1969 3195 2039 egi
3220 1970 3624 2040 paenitentiam.
3647 1966 3717 2022 E1.

2130 2070 2419 2132 postquam
2447 2062 2678 2134 cognovi
2706 2062 2730 2097 ⁴
2755 2063 2886 2132 (sive
2919 2061 3212 2118 ostendisti
3247 2061 3427 2134 mihi),
3464 2064 3712 2131 percussi

2132 2156 2310 2210 fetuur
2342 2170 2525 2210 meum
2554 2154 2684 2227 (sive
2713 2155 3004 2227 ingetnui),
3031 2155 3295 2212 confusus
3321 2172 3468 2223 sum,
3500 2165 3563 2211 et
3590 2171 3721 2209 eru—

2114 2252 2222 2306 bui
2247 2252 2375 2322 (sive
2401 2267 2467 2307 ex
2493 2251 2584 2309 die
2612 2251 2974 2318 confusionis,
3003 2261 3060 2309 et
3079 2254 3294 2309 ostendi
3329 2253 3424 2324 te),
3452 2254 3715 2323 quoniam

2132 2344 2364 2399 sustinui
2391 2344 2750 2415 opprobrium
2778 2346 3161 2402 adolescentiae
3197 2361 3356 2403 mete.
3388 2368 3409 2399 ο
3440 2347 3719 2418 Loquitur

2134 2437 2299 2505 Deus,
2339 2437 2484 2507 quod
2519 2437 2779 2508 Ephraim
2812 2437 3083 2492 dicentem
3119 2436 3380 2503 audierit,
3416 2448 3473 2494 et
3509 2439 3722 2493 lamen-

2136 2538 2361 2585 tantem.
2407 2529 2549 2584 Nulli
2594 2539 2775 2585 autem
2824 2530 3076 2593 dubium,
3123 2530 3255 2600 quin
3298 2532 3490 2586 decem
3536 2532 3720 2587 tribus

2137 2618 2428 2688 signiﬁcet,
2456 2622 2659 2690 quibus
2690 2622 2899 2691 primus
2931 2621 3221 2689 imperavit
3248 2621 3539 2677 Jeroboatu
3576 2622 3723 2680 tilias

2133 2710 2367 2779 Nabath,
2414 2715 2506 2782 qui
2529 2723 2585 2768 et
2608 2713 2805 2767 vitulos
2827 2726 3023 2768 aureos
3054 2714 3179 2768 fecit
3204 2715 3256 2767 in
3283 2715 3399 2768 Dan
3420 2724 3477 2769 et
3508 2714 3723 2782 Bethel,

2137 2812 2196 2859 ιιι
2226 2806 2328 2858 hoc
2358 2804 2595 2872 populus
2619 2818 2809 2859 errore
2830 2807 3113 2868 seductus,
3138 2806 3313 2861 Deum
3344 2805 3513 2877 Israel
3538 2809 3728 2865 colere

2134 2906 2191 2952 et
2231 2897 2463 2953 adorare
2497 2897 2807 2953 desisteret.
2839 2897 3133 2969 Castigasti
3161 2915 3261 2967 me,
3296 2900 3493 2967 inquit,
3526 2913 3577 2955 et
3633 2919 3731 2955 ra-

2135 2992 2360 3060 stigattts
2381 3006 2518 3044 sum.
2548 2989 2741 3044 Omnis
2756 2992 3031 3061 correptio
3044 2991 3256 3060 proﬁcit
3278 2993 3330 3045 in
3348 2991 3585 3048 salutem
3603 3008 3729 3065 quae

2133 3084 2198 3137 ad
2223 3096 2465 3152 praesens
2493 3082 2711 3137 videtur
2743 3096 2866 3138 esse
2898 3083 3168 3146 tristitiae;
3196 3094 3250 3140 et
3277 3095 3467 3153 postea
3503 3088 3725 3142 fructus

2132 3172 2285 3228 aliert
2315 3172 2589 3241 paciﬁcos.
2624 3171 2893 3240 Quodque
2920 3174 2995 3226 ait
3029 3189 3043 3226 :
3079 3175 3249 3239 Quasi
3276 3175 3528 3241 iuvencus
3554 3176 3724 3230 indo-

2134 3269 2313 3328 mitus.
2339 3266 2455 3321 sive
2474 3268 2608 3318 sicut
2636 3267 2857 3329 vitulus,
2879 3276 2926 3319 et
2955 3280 3055 3319 non
3080 3267 3268 3330 didici,
3295 3268 3401 3321 hoc
3421 3269 3723 3337 signiﬁcat,

2132 3360 2278 3428 quod
2317 3358 2484 3411 multo
2519 3358 2908 3429 laltoretatque
2944 3358 3268 3414 verberibus
3314 3360 3571 3415 eruditus
3620 3360 3718 3426 sit,

2138 3460 2193 3504 ut
2223 3449 2291 3504 ad
2322 3450 2699 3518 paenitentiam
2727 3456 3165 3515 converteretur,
3186 3459 3241 3503 et
3266 3463 3373 3502 non
3401 3448 3725 3517 profecerit.

2135 3542 2408 3605 Converte,
2457 3541 2652 3611 inquit,
2705 3558 2804 3603 me,
2849 3551 2898 3595 et
2947 3552 3244 3595 convertar.
3288 3541 3431 3611 Ergo
3485 3543 3725 3612 idipsnm

2136 3632 2278 3704 quod
2307 3629 2522 3702 agimus
2549 3632 2951 3701 penitentiam,
2971 3629 3077 3685 nisi
3106 3629 3197 3684 Dei
3223 3631 3469 3684 nitantur
3488 3632 3723 3693 auxilio,

2137 3728 2363 3799 implere
2390 3742 2498 3780 non
2538 3739 2855 3795 possumus.
2882 3722 3177 3793 Postquam
3203 3722 3349 3787 enim
3375 3725 3726 3779 converteris

2139 3836 2245 3885 tne,
2271 3829 2325 3872 et
2348 3819 2416 3874 ad
2448 3831 2520 3905 te,
2526 3832 2828 3873 conversus
2852 3817 3029 3889 fuero,
3055 3827 3187 3871 tunc
3207 3831 3561 3884 cognoscam,
3590 3818 3723 3888 quia

2140 3922 2197 3968 tu
2236 3912 2501 3966 Dominus
2532 3912 2675 3964 Deus
2705 3923 2854 3963 tuens
2887 3923 2970 3974 es,
3006 3918 3063 3964 ct
3098 3922 3449 3977 nequaquam
3496 3922 3729 3963 errores

2139 4005 2243 4059 mei
2291 4013 2456 4071 atque
2501 4011 2721 4071 peccata
2770 4000 3103 4055 interlieient
3152 4015 3262 4055 tne.
3314 4000 3378 4054 Et
3428 4010 3725 4070 postquam

2139 4021 2243 4059 111131
2291 4021 2456 4149 atque
2501 4021 2721 4071 peccata
2770 4021 3103 4055 lllWl‘llClelll
3152 4021 3262 4055 me.
3314 4021 3378 4054 lbi.
3428 4021 3725 4070 postquam

2137 4107 2362 4153 cont-ert
2385 4096 2453 4152 sti
2486 4111 2596 4160 me,
2619 4094 2706 4164 egi
2740 4095 3143 4165 pauitanttani.
3180 4092 3317 4149 Vide
3344 4101 3614 4161 quantum
3650 4091 3727 4146 sit

2139 4189 2402 4244 auxilium
2439 4187 2558 4255 Dei,
2586 4196 2643 4242 et
2676 4202 2837 4256 quam
2882 4184 3092 4254 fragilis
3126 4184 3364 4241 humana
3405 4185 3656 4239 conditio
3700 4198 3720 4241 ξ

2138 4291 2202 4338 ιιι
2242 4281 2347 4336 hoc
2380 4282 2577 4350 ipsum,
2612 4281 2756 4349 quod
2791 4281 3007 4348 agimus
3048 4277 3455 4348 penitentiam,
3484 4278 3593 4333 nisi
3616 4292 3720 4333 nos

2142 4374 2405 4431 Dominus
2434 4384 2560 4425 ante
2592 4373 2948 4432 converterit,
2974 4385 3320 4439 nequaquam
3358 4369 3589 4438 implere
3619 4384 3715 4423 va-

465 4488 552 4530 sas
586 4472 639 4526 in
678 4480 877 4525 terram
903 4463 1143 4520 Judteam
1167 4460 1434 4532 legimus:
1464 4456 1557 4511 sed
1583 4455 1737 4525 juxta
1761 4453 2030 4523 spiritum,

2140 4463 2366 4517 ieamus.
2415 4459 2483 4514 Et
2533 4470 2834 4531 postquam,
2884 4461 3081 4528 inquit,
3130 4459 3408 4512 ostendisti
3444 4458 3598 4524 mihi,
3636 4464 3729 4514 vel

463 4576 519 4622 et
547 4565 601 4618 in
636 4562 890 4629 passione
920 4555 1135 4611 Domini
1172 4552 1497 4618 completum
1533 4555 1724 4614 est,et
1759 4547 2037 4613 hucusque

465 4660 771 4730 completur
831 4669 847 4710 :
893 4651 1111 4720 quando
1143 4648 1210 4700 de
1240 4655 1357 4701 toto
1402 4644 1534 4699 orbe
1568 4643 1811 4698 salvator
1846 4637 2035 4702 lsrael,

464 4767 519 4812 et
551 4750 749 4808 Itacbel
788 4748 990 4801 dicitur
1024 4758 1045 4799 z
1091 4740 1334 4806 Quiescat
1382 4753 1481 4791 nos:
1511 4747 1661 4790 tuaa
1706 4735 1941 4803 ploratu,
1988 4740 2037 4785 et

454 4848 604 4904 «oculi
630 4847 705 4901 tui
731 4860 761 4897 a
786 4838 1067 4910 laet-gruis.
1097 4833 1162 4889 Et
1185 4843 1271 4889 est
1298 4846 1496 4887 sensus
1524 4848 1540 4887 :
1568 4829 1787 4883 Plorare
1814 4826 2037 4886 desiste,

470 4942 649 5011 priora
682 4936 826 4991 enim
868 4946 1030 5000 opera
1067 4940 1154 4980 tun
1188 4926 1428 4993 respexit
1462 4923 1743 4977 Dominus.
1775 4919 1840 4973 Et
1869 4934 2041 4973 rever-

471 5042 647 5087 tentur
681 5030 776 5096 lilii
810 5027 885 5078 tui
921 5025 985 5076 de
1010 5031 1156 5075 terra
1196 5017 1417 5080 inimici,
1459 5031 1524 5069 ne
1553 5012 1807 5082 praesenti
1857 5012 2041 5064 dolore

456 5120 727 5174 tenearis.
758 5114 854 5169 Est
872 5115 1012 5168 enim
1036 5125 1150 5178 spes
1175 5106 1472 5161 novissimis
1499 5104 1628 5170 tuis,
1653 5103 1721 5155 ait
1755 5100 2039 5156 Dominus.

546 5338 564 5370 ⁸
603 5333 859 5405 Ncgandi
875 5330 1138 5403 particula
1170 5344 1195 5382 tt
1220 5327 1413 5405 ‘Yatic;
1450 5341 1551 5380 ms.
1582 5324 1755 5405 abest.

542 5412 563 5440 '
599 5392 801 5461 Couier
829 5392 1191 5456 sozotttcttttm
1219 5401 1311 5452 lib.
1345 5414 1408 5463 ιι,
1440 5412 1562 5466 cap.
1591 5396 1646 5457 4,
1680 5395 1771 5449 ubi
1800 5392 1915 5461 ejus
1943 5395 2041 5464 ἐμ-

470 5480 696 5550 πορεεᾳς
726 5471 1337 5550 Terebintlti__loqnit_u_r,
1369 5477 1424 5523 et
1446 5466 1756 5522 Chronicou
1781 5466 2040 5550 _l’aschal.

470 5536 709 5618 p."253,
766 5546 857 5599 ubi
915 5536 1184 5597 nundinas
1222 5540 1368 5618 __ill:t_s
1423 5551 1725 5618 eo-us.qu.e
1780 5536 2043 5618 temporis

473 5605 773 5672 'Adrianeas
795 5615 1093 5683 appellatas
1116 5612 1300 5683 tradit.
1321 5608 1424 5683 ἕως
1441 5606 1535 5659 τοῦ
1562 5605 1706 5675 vavi)
1734 5606 2043 5683 naviwupt;

468 5689 655 5756 ἐκείνη
680 5677 901 5754 metu
931 5680 1376 5756 ’Aapra~.r’j:_Qttitt
1413 5689 1466 5756 et
1497 5689 1747 5732 uestrum
1781 5677 2042 5747 llicrony-

464 5772 618 5811 suuttt
642 5747 876 5814 'ton'snle
914 5755 979 5808 ad
1015 5747 1064 5806 (Ξ.
1104 5747 1490 5804 xtlacharim.

2142 4558 2315 4627 ipsam
2360 4557 2760 4625 ptuuiteutiam,
2798 4554 2879 4607 vel
2917 4556 2992 4607 ttti
3024 4553 3298 4619 notitiam,
3333 4553 3452 4609 sive
3484 4555 3723 4623 cognovi

2143 4660 2214 4715 te,
2257 4648 2485 4719 percussi
2531 4648 2703 4715 [eutur
2739 4663 2929 4701 meum.
2977 4645 3133 4711 Quod
3175 4646 3412 4701 dolentis
3457 4656 3514 4701 et
3565 4648 3729 4717 plau-

2140 4744 2339 4810 gentis,
2372 4752 2429 4795 et
2470 4755 2633 4809 super
2664 4753 2851 4794 errore
2885 4739 3120 4808 pristino
3151 4738 3422 4808 plorantis
3453 4737 3723 4793 indicium

2142 4846 2244 4902 est,
2284 4845 2343 4888 ut
2384 4834 2561 4887 femur
2594 4848 2753 4886 manu
2784 4831 3082 4900 percutiat,
3119 4838 3177 4886 et
3216 4831 3445 4885 stultum
3490 4846 3551 4885 se
3597 4843 3728 4887 ante

2141 4926 2311 4983 fuisse
2338 4926 2593 4980 fateatur.
2621 4922 2914 4991 Confusus,
2938 4924 3139 4993 inquit,
3161 4938 3279 4976 sum
3300 4931 3350 4976 et
3373 4925 3584 4989 erubui,
3610 4923 3730 4978 sive

2143 5034 2207 5071 ex
2236 5019 2319 5071 die
2345 5019 2689 5085 conlusioms.
2724 5017 2880 5082 Quod
2913 5018 3059 5070 enim
3091 5026 3303 5086 tempus
3330 5031 3442 5070 non
3476 5029 3561 5070 est
3590 5032 3731 5071 con-

2145 5110 2377 5165 fusionis
2408 5120 2630 5175 nostrae,
2663 5110 2707 5162 si
2742 5110 3093 5162 recordemur
3125 5107 3349 5178 antiqua
3389 5119 3631 5178 peccata,
3673 5121 3736 5163 et.

2220 5328 2240 5361 ³
2279 5328 2553 5407 Victorius
2582 5331 3097 5407 et_conjunctionem
3130 5336 3386 5407 expungit
3418 5353 3482 5392 ex
3514 5336 3733 5403 Greco,

2144 5400 2331 5473 iber-esp
2367 5400 2568 5473 μόσχος
2601 5402 2701 5455 οὐκ
2735 5403 3045 5473 ἐδιδάχθην.

2176 5540 2188 5551 .
2221 5472 2242 5501 ⁸
2267 5470 2407 5523 Idem
2440 5471 2655 5551 inverso
2684 5470 3231 5551 οτιιιιιιξέήριιιιιμιαιιιΔ
3257 5478 3535 5551 ostendisti
3576 5481 3731 5544 mihi.

2145 5542 2261 5595 sive
2295 5542 2529 5616 cognovi,
2568 5545 2821 5616 percussi,
2858 5542 2964 5599 etc.
3008 5542 3104 5603 Eat
3146 5547 3318 5613 enim,
3364 5549 3559 5616 inquit,
3607 5542 3739 5608 sive

2145 5626 2361 5687 cognati
2396 5609 2555 5687 ΙΑὶὶ⁸
2577 5614 2951 5680 interpretatio
2983 5627 2999 5669 :
3035 5609 3327 5673 Ostendist'i
3366 5609 3517 5682 mihi,
3542 5609 3733 5684 ipsius

2146 5679 2482 5761 literouyttti.
2524 5679 2749 5761 Semper
2783 5698 3147 5761 autem,qtt:e
3189 5679 3513 5761 Hieronymi
3542 5679 3729 5748 versio

2147 5761 2249 5819 est,
2283 5748 2422 5805 LXX
2461 5748 2761 5810 versionem
2803 5748 3079 5823 prtece'dti.
