4004 6182
302 426 434 492 ’913

757 429 1261 490 COMMENTAR.
1308 428 1387 490 ΙΝ
1425 422 1824 491 JEREMIAM
1856 426 2326 491 PROPHETAM
2362 426 2510 490 LIB.
2556 426 2658 494 Vi,
2695 425 2856 487 CAP.
2897 426 3120 489 XXXI.

3471 423 3591 491 9li'

322 538 597 601 omnium.
625 554 748 609 qua:
787 541 932 595 male
963 541 1179 612 egimus
1208 543 1494 613 capiamus
1539 544 1901 599 memoriam?
1930 552 1973 607 Α
2005 543 2138 612 ejus.
2173 540 2254 594 ait
2286 539 2566 602 Dominus,
2604 548 2664 594 ut
2694 538 3009 593 ostenderet
3036 551 3257 592 onmem
3299 534 3579 592 hominum

322 630 595 702 Quodque
616 631 807 689 dixere
832 631 997 699 LXX,
1022 645 1073 688 et
1100 636 1309 690 ostendi
1336 645 1405 703 te,
1435 635 1726 707 signiﬁcat,
1753 640 1899 709 quod

324 732 614 792 postquam
640 725 925 795 ingemuit,
945 736 1004 782 et
1030 742 1127 782 sua
1154 728 1352 783 delicta
1379 732 1656 802 cognovit,
1689 743 1816 789 tunc
1843 735 1897 790 in

325 820 536 867 tantum
573 815 873 883 profectum
910 817 1142 881 venerit;
1177 826 1237 873 ut
1275 820 1441 875 etiam
1478 822 1602 878 aliis
1639 823 1899 894 ignoran-

326 903 471 957 tibus
495 905 660 959 Deum
681 908 1170 979 ostenderit,juxta
1193 912 1246 967 id
1269 914 1414 982 quod
1443 915 1608 972 David
1630 918 1899 986 paenitens

326 995 539 1065 1037
558 997 829 1067 loquitur:
854 1000 1055 1055 Docebo
1082 1004 1290 1074 iniquos
1335 1007 1447 1061 vias
1495 1016 1639 1073 tuas,
1661 1020 1707 1062 et
1743 1011 1896 1076 impii

318 1087 393 1138 ad
411 1095 458 1139 te
474 1091 1032 1159 convertentur-(Paul.
1064 1110 1116 1158 ι,
1139 1095 1335 1166 15).Εῑ
1360 1101 1504 1164 quod
1536 1099 1671 1155 dicit
1706 1116 1721 1156 :
1753 1100 1898 1167 Quo-

319 1179 465 1232 niam
484 1183 716 1236 sustinui
738 1183 1071 1253 opprobrium
1092 1186 1457 1245 adolescentiae
1478 1206 1629 1256 mete,
1643 1207 1743 1262 per
1763 1203 1895 1248 teta-

320 1271 390 1323 tis
426 1272 783 1339 ignorantiam
815 1291 1071 1346 peccasse
1091 1294 1152 1334 se
1178 1280 1333 1343 dicit,
1364 1291 1423 1337 ιιι
1447 1281 1656 1339 facilius
1679 1288 1893 1343 veniam

306 1375 710 1432 consequatur,
730 1366 885 1434 juxta
919 1368 1051 1423 illud
1083 1373 1230 1439 quod
1262 1371 1433 1428 David
1463 1377 1611 1430 canit
1642 1396 1655 1431 :
1685 1377 1895 1435 Delicta

305 1452 602 1521 juventutis
639 1473 788 1521 mete,
831 1468 883 1513 et
927 1461 1258 1530 ignorantias
1294 1481 1440 1520 meas
1481 1484 1548 1522 ne
1594 1472 1893 1526 memineris

318 1543 493 1613 (Psal.
548 1564 696 1612 xxiv,
730 1549 811 1620 7).
853 1552 1010 1607 Unde
1042 1562 1100 1608 et
1145 1555 1200 1609 in
1242 1561 1707 1629 consequentibus
1748 1563 1894 1620 Deus

314 1639 600 1707 parvulum
646 1655 772 1695 eum
810 1653 968 1698 vocat
1025 1652 1083 1699 et
1143 1647 1357 1704 deliciis
1401 1649 1732 1709 abluentem.
1779 1654 1894 1712 [loc

314 1739 499 1783 autem
552 1731 683 1786 dicit
728 1743 952 1804 propter
1002 1737 1315 1795 divitiarum
1361 1744 1785 1812 magnitudinem
1837 1757 1893 1805 et

314 1828 475 1874 terra:
497 1818 868 1887 fertilitatem,
890 1840 997 1896 qua
1025 1823 1281 1897 Ephraim
1313 1833 1491 1890 tribus
1519 1851 1694 1906 usque
1729 1839 1892 1895 hodie

314 1910 725 2056 “($32.20):
745 1987 802 2043 Si
829 1989 973 2048 illius
987 1993 1461 2062 honorabilislsioe
1477 1997 1738 2073 dilectus)
1757 2003 1886 2059 mihi

308 2074 570 2145 prraim
605 2097 621 2135 :
658 2082 702 2135 si
737 2098 874 2151 puer
900 2086 1187 2153 delicatus,
1219 2091 1350 2160 quia
1403 2107 1472 2147 ex
1522 2109 1633 2163 quo
1674 2095 1888 2153 locutus

307 2185 429 2221 sum
457 2172 525 2224 de
541 2187 608 2228 eo
638 2173 766 2245 (sive
789 2177 950 2232 verba
985 2194 1103 2235 mea
1123 2181 1177 2236 in
1200 2182 1311 2252 eo),
1332 2188 1630 2242 recordans
1648 2186 1715 2259 [A
1734 2187 1887 2259 Vulg.

305 2259 455 2313 abest
488 2264 805 2337 recordans]
852 2269 1185 2326 recordabor
1235 2272 1358 2342 ejus
1419 2276 1598 2332 adhuc
1641 2279 1889 2334 :idcirco

308 2353 637 2411 conturbata
695 2368 825 2413 sunt
885 2360 1092 2417 viscera
1122 2379 1241 2420 mea
1274 2379 1441 2435 super
1468 2383 1534 2423 eo
1566 2387 1582 2425 :
1618 2371 1888 2428 miserans

315 2445 618 2502 miserebor
652 2450 794 2518 ejus,
814 2454 886 2506 ait
917 2453 1202 2513 Dominus.
1236 2476 1256 2509 ι
1283 2458 1668 2516 Paenitentiam
1692 2476 1889 2535 agente

309 2536 589 2608 Ephraim,
634 2552 688 2598 et
717 2544 935 2600 dicente
974 2563 988 2603 :
1026 2545 1081 2601 lu
1120 2551 1387 2621 principio
1414 2555 1649 2611 erudisti
1694 2574 1804 2624 me,
1834 2572 1889 2616 et

309 2633 560 2688 eruditus
586 2649 703 2689 sum
734 2638 889 2707 quasi
914 2639 1190 2707 juvencus
1216 2642 1543 2713 indomitus;
1569 2650 1701 2704 etin
1728 2652 1836 2707 line
1867 2669 1885 2707 :

306 2723 576 2788 Quoniam
601 2730 913 2788 sustinuisti
934 2736 1286 2805 upprobrium
1308 2739 1695 2799 adolescentiae
1720 2760 1883 2814 mea;

305 2820 596 2886 respondit
634 2820 915 2890 Dominus,
950 2836 1009 2880 et
1039 2828 1202 2896 plena
1235 2830 1303 2884 ad
1337 2846 1397 2885 se
1432 2845 1615 2890 mente
1652 2852 1885 2894 conver-

305 2925 450 2975 sum,
495 2911 584 2964 tali
629 2924 902 2970 sustentat
949 2920 1226 2977 oraculo:
1282 2920 1460 2979 Filius
1494 2927 1719 2985 dilectus
1759 2933 1885 2987 mihi

309 2998 586 3071 Ephraim,
616 3020 780 3073 quem
815 3007 870 3063 in
905 3018 1112 3066 tantum
1143 3014 1307 3069 dilexi
1332 3016 1403 3072 ab
1440 3020 1618 3086 initio,
1646 3034 1705 3077 ut
1727 3022 1884 3082 fratri

305 3096 621 3163 prteferrem
654 3099 899 3158 Manasse
928 3104 1078 3174 (Gen.
1105 3109 1317 3177 xum).
1339 3107 1513 3169 Filius
1538 3114 1882 3185 honorabilis,

300 3190 401 3255 qui
436 3198 627 3246 contra
664 3204 878 3250 natura:
915 3198 1189 3264 ordinem,
1224 3201 1489 3260 honorem
1538 3207 1880 3280 primogeniti

1986 632 2271 704 justitiam
2305 632 2552 702 indigere
2583 631 2960 686 misericordia
3005 630 3119 685 Dei.

2074 724 2253 793 (Vera.
2280 724 2372 790 2i,
2400 722 2519 794 22.)
2549 739 2571 775 ι
2608 722 2802 779 Statue
2832 725 2851 756 ¹
2881 724 2977 779 tibi
3008 721 3450 793 speenlas,pone
3480 720 3578 775 tibi

2001 815 2394 871 amaritudines
2425 832 2441 874 :
2471 815 2645 885 dirigo
2666 830 2764 870 cor
2790 824 2939 869 tuum
2976 815 3030 868 in
3058 814 3203 867 viam
3229 813 3490 868 directam
3523 812 3576 865 in

1999 923 2103 978 qua
2129 908 2443 963 arnbulasti.
2474 908 2794 969 Revertere,
2819 908 2975 977 virgo
3001 905 3186 969 Israel,
3214 913 3489 960 revertere
3511 903 3579 957 ad

1998 996 2245 1051 civitates
2264 996 2555 1053 tuasistas.
2585 996 2877 1067 Usquequo
2895 996 3109 1053 deliciis
3150 995 3484 1060 dissolveris,
3517 993 3579 1047 li-

1999 1089 2067 1143 lia
2094 1089 2399 1159 vagaiquia
2424 1090 2630 1144 creavit
2647 1090 2905 1146 Dominus
2924 1104 3123 1145 novum
3142 1104 3310 1157 super
3335 1100 3533 1143 terram
3558 1103 3574 1141 :

1998 1174 2198 1230 femina
2246 1177 2609 1232 circumdabit
2653 1178 2855 1235 virum.
2904 1197 2924 1232 ι
2975 1179 3113 1233 LXX
3149 1196 3163 1238 :
3201 1198 3220 1231 ‹
3253 1177 3441 1235 Statue
3472 1178 3573 1231 tibi

1988 1270 2368 1340 speculatores
2393 1286 2409 1325 :
2438 1271 2522 1326 lac
2547 1284 2763 1341 poenam
2796 1286 2812 1325 :
2846 1272 2912 1326 da
2941 1286 3037 1327 cor
3069 1282 3218 1325 ttttttn
3238 1271 3295 1324 in
3320 1271 3585 1324 humeros

1996 1370 2145 1428 tuos,
2203 1365 2344 1417 viam
2380 1363 2434 1418 in
2465 1379 2573 1434 qua
2611 1364 2924 1420 a‘mbnlasti.
2962 1362 3282 1425 Revertere,
3315 1363 3471 1432 virgo
3498 1361 3580 1415 is-

1996 1455 2132 1522 rael,
2177 1464 2451 1512 revertere
2495 1458 2547 1511 in
2593 1457 2846 1512 civitates
2879 1466 2999 1511 tuas
3033 1455 3244 1525 lugens.
3277 1452 3592 1522 Usquequo-

1995 1550 2362 1615 converteris,
2403 1549 2509 1604 lilia
2536 1548 2837 1619 despecta?
2861 1549 3117 1619 quoniam
3150 1545 3358 1600 creavit
3388 1555 3441 1598 te
3471 1544 3579 1599 Do-

1996 1639 2177 1693 minus
2205 1637 2377 1693 salute
2401 1638 2457 1693 in
2490 1639 2884 1709 plantatiouem
2913 1655 3109 1695 novam
3140 1654 3155 1692 :
3188 1640 3240 1692 in
3272 1640 3453 1694 salute
3480 1646 3577 1693 tua

1993 1729 2304 1785 circuibuat
2345 1730 2619 1785 homines.
2663 1749 2684 1783 ι
2734 1729 2836 1785 Ubi
2877 1746 2977 1786 uos
3005 1730 3270 1794 diximus,
3303 1746 3571 1799 usqueqao

1992 1822 2192 1877 deliciis
2213 1822 2513 1877 dissolveris
2527 1828 2553 1885 ,‘
2565 1821 2928 1893 Symmachus
2950 1824 3155 1893 posuit,
3178 1819 3458 1892 Usquequo
3474 1822 3575 1874 de-

1923 1942 1964 1997 Β
1994 1914 2241 1983 mergeris
2257 1913 2311 1966 in
2337 1913 2666 1983 profundum
2687 1915 2715 1970 7
2739 1913 3041 1982 Utramque
3069 1925 3250 1968 autem
3275 1914 3570 1968 editionem

1989 2016 2056 2057 ex
2088 2012 2200 2058 toto
2227 2003 2402 2071 posui,
2431 2013 2491 2057 ut
2515 2012 2678 2072 caput
2704 2002 3180 2067 obscurissimum,
3208 2012 3263 2055 et
3313 2000 3585 2057 Ecclesiae-

1990 2095 2280 2150 continens
2302 2105 2671 2159 sacramenta,
2692 2109 2722 2149 a
2751 2095 3101 2165 Septuaginta
3128 2094 3267 2163 (sive
3289 2095 3412 2164 quis
3431 2094 3589 2150 alius

1992 2185 2138 2240 hunc
2170 2185 2490 2263 prophetam
2537 2186 2931 2254 interpretatus
2973 2186 3081 2257 est)
3114 2196 3208 2240 aut
3242 2186 3575 2254 ignoratum,

1991 2288 2085 2333 aut
2106 2279 2370 2334 omissum
2392 2280 2762 2335 ostenderem.
2789 2278 3027 2334 Verbum
3049 2276 3375 2332 liehraicum
3393 2292 3577 2332 SIONIII-

1989 2374 2234 2441 (amis),
2282 2371 2367 2426 vel
2411 2373 2465 2425 in
2515 2373 2902 2441 speculatores,
2933 2372 3012 2423 vel
3048 2371 3101 2425 in
3131 2368 3373 2437 speculas
3402 2370 3576 2424 verti-

1987 2473 2120 2531 tur;
2180 2472 2243 2517 ut
2285 2462 2483 2533 Aquila
2526 2472 2579 2519 et
2627 2463 2991 2534 Symmachus
3041 2462 3383 2531 interpretati
3418 2470 3574 2518 sunt.

1992 2556 2142 2611 Unde
2186 2556 2377 2623 miror,
2418 2556 2551 2625 quid
2590 2555 2694 2611 sibi
2737 2556 2971 2609 voluerit
3012 2553 3240 2623 Vulgata
3279 2554 3473 2617 editio,
3516 2561 3578 2610 ut

1988 2664 2086 2718 pro
2106 2664 2309 2712 srortut,
2336 2648 2441 2703 hoc
2461 2657 2545 2703 est
2568 2663 2665 2717 pro
2686 2647 3132 2717 speculatoribus,
3159 2644 3284 2700 Sion
3316 2654 3573 2716 poneret,

1990 2742 2345 2811 turharetquc
2370 2740 2592 2797 lectoris
2618 2740 3059 2810 intelligentiam,
3080 2754 3190 2808 quo
3211 2746 3427 2807 putaret
3450 2745 3575 2807 post

1988 2835 2243 2904 Ephraim
2285 2834 2353 2890 ad
2396 2834 2551 2900 Sion,
2584 2844 2639 2890 et
2675 2835 2743 2888 ad
2783 2835 2988 2888 tribum
3027 2831 3171 2888 Juda
3207 2841 3431 2901 repente
3473 2830 3574 2887 Dei

1986 2928 2186 2983 factum
2226 2942 2350 2984 esse
2388 2942 2728 2990 sermonem,
2765 2937 2888 2980 cum
2941 2934 3202 2995 perpetua
3263 2924 3443 2978 oratio
3493 2924 3570 2978 sit

1985 3018 2268 3085 Ephraim,
2309 3019 2398 3074 cui
2443 3033 2608 3087 supra
2652 3017 2865 3073 locutus
2908 3025 2990 3072 est
3038 3031 3055 3073 :
3102 3014 3337 3069 Audiens
3388 3015 3579 3069 audiui

1993 3113 2266 3184 Ephraim.
2296 3114 2361 3169 Et
2388 3131 2403 3170 :
2435 3112 2484 3167 F
2487 3115 2616 3168 ilius
2641 3111 2968 3168 honorabilis
2996 3110 3124 3165 mihi
3150 3108 3432 3179 Epltraim,
3455 3107 3603 3162 δῖναν

1984 3225 2114 3276 puer
2139 3207 2421 3274 delicatus,
2451 3208 2538 3263 cui
2581 3215 2638 3262 et
2682 3221 2829 3261 nunc
2878 3204 3117 3274 loquitur
3169 3218 3187 3275 ξ
3238 3201 3427 3256 Statue
3474 3198 3579 3252 tibi-

296 3279 519 3336 Domini
548 3285 864 3353 dignatione
893 3293 1153 3361 suscepit.
1181 3297 1328 3350 Puer
1358 3298 1643 3369 delicatus,
1674 3279 1743 3360 de
1774 3321 1885 3376 quo
1912 3291 1952 3349 C
1985 3301 2249 3371 speculas,
2278 3300 2393 3354 sive
2418 3298 2791 3368 speculatores,
2818 3298 2909 3366 qui
2938 3295 3031 3350 tibi
3081 3293 3452 3363 praenuntient
3476 3292 3574 3342 ad-

301 3374 565 3429 scribitur
598 3392 617 3430 :
652 3375 781 3432 Filii
831 3378 1086 3449 Ephraim
1135 3386 1466 3443 intendentes
1513 3403 1563 3447 et
1618 3374 1881 3451 mittentes

297 3478 513 3529 arcum,
546 3469 783 3521 conversi
823 3481 944 3525 sunt
983 3473 1036 3527 in
1079 3475 1166 3530 die
1197 3477 1318 3532 belli
1353 3478 1524 3547 (Psal.
1562 3497 1764 3551 uxvtt,
1799 3489 1877 3556 υ).

297 3555 503 3613 Contra
536 3574 696 3628 quem
724 3569 783 3617 et
810 3564 878 3618 ad
910 3580 1095 3631 quem,
1126 3578 1273 3625 totus
1308 3570 1450 3628 Osee
1482 3573 1618 3630 liber
1643 3586 1729 3631 est
1758 3555 1878 3647 pru-

294 3644 499 3712 phette,
535 3647 623 3700 cui
667 3647 948 3707 benedixit
979 3651 1170 3711 Jacob.
1209 3660 1438 3717 Delicias
1472 3672 1655 3719 autem
1686 3644 1880 3726 in—hoc

299 3736 589 3805 locojuxta
613 3741 745 3797 illud
770 3745 1125 3816 accipiamus,
1151 3754 1298 3820 quod
1330 3756 1385 3810 in
1405 3756 1623 3813 Pssimo
1644 3762 1876 3820 dicitur:

301 3830 574 3895 Delectare
614 3837 668 3889 in
708 3836 960 3909 Domino,
994 3852 1043 3896 et
1082 3844 1230 3899 dabit
1266 3847 1364 3901 tibi
1390 3853 1667 3917 petitiones
1706 3857 1880 3912 cordis

297 3924 377 3976 tui
430 3923 609 3993 (Psal.
646 3944 835 3997 xxxvr,
863 3932 939 4005 4).
978 3934 1083 3990 Pro
1114 3953 1225 4003 quo
1256 3940 1309 3994 in
1345 3940 1558 4009 Gneco,
1590 3955 1647 4001 et
1685 3947 1735 4002 in
1771 3948 1880 4005 He-

296 4014 486 4071 braico
513 4020 770 4086 habetur,
801 4024 1007 4080 deliciis
1047 4028 1220 4097 aﬂlue.
1249 4030 1409 4089 Unde
1431 4045 1486 4089 et
1509 4038 1794 4104 paradisus
1824 4041 1876 4095 in

293 4108 471 4173 Edon,
495 4111 811 4169 deliciarum
836 4118 1124 4186 paradisus
1143 4123 1467 4192 appellatur.
1498 4125 1660 4195 Quia,
1680 4129 1878 4201 inquit,

294 4201 518 4257 fuerunt
548 4206 709 4260 verba
742 4224 859 4263 mea
898 4208 952 4263 iu
993 4226 1082 4278 eo,
1123 4216 1499 4273 recordatione
1536 4235 1745 4277 metnor
1782 4239 1877 4280 ero

293 4294 415 4359 ejus
447 4296 642 4352 adhuc.
673 4297 750 4351 Ne
781 4313 1069 4370 putaretur
1098 4307 1335 4376 gratuita
1369 4309 1700 4374 benedictio,
1729 4326 1782 4368 et
1810 4332 1874 4371 ex

292 4383 631 4457 indulgentia
665 4393 845 4461 potius
886 4394 1184 4468 largitoris,
1216 4415 1378 4467 quant
1415 4404 1610 4458 merito
1643 4406 1782 4476 ejus,
1821 4412 1874 4464 in

291 4491 455 4543 quem
496 4480 900 4549 conferebatur,
934 4502 1058 4542 esse
1089 4490 1307 4552 collata,
1339 4492 1461 4547 illeo
1490 4497 1567 4549 ait
1613 4513 1627 4552 :
1681 4496 1876 4554 [iecor-

289 4568 463 4624 dabor
494 4571 630 4640 ejus,
661 4577 790 4645 quia
828 4580 989 4634 verba
1029 4596 1148 4636 mea
1184 4581 1404 4638 fuerunt
1440 4586 1492 4639 in
1540 4601 1627 4641 eo.
1663 4588 1779 4644 Non
1820 4593 1872 4645 in

288 4680 389 4717 ore
422 4667 562 4733 ejus,
600 4683 704 4721 non
748 4670 801 4723 in
837 4670 1016 4739 labiis,
1049 4674 1142 4728 sed
1191 4674 1245 4728 in
1295 4676 1401 4729 imo
1438 4678 1624 4733 cordis
1657 4681 1875 4737 aliectn.

290 4755 526 4826 i’rOpter
565 4776 728 4829 quam
775 4777 997 4817 causam
1031 4775 1085 4820 et
1124 4770 1445 4824 conturbata
1487 4782 1615 4828 sunt
1664 4776 1871 4830 viscera

289 4864 413 4902 mea
452 4864 616 4919 super
645 4869 734 4908 eo.
764 4855 864 4908 Cui
900 4857 1139 4927 loquitur
1166 4870 1219 4914 et
1250 4877 1344 4930 per
1376 4860 1515 4919 Osee
1544 4881 1560 4918 :
1597 4865 1738 4929 Quid
1778 4868 1873 4922 tibi

284 4941 508 5010 faciant,
538 4943 842 5013 Epitraim?
882 4948 1008 5016 quid
1044 4951 1139 5004 tibi
1190 4953 1411 5020 faciam,
1461 4954 1675 5010 Israel?
1717 4961 1872 5028 quasi

283 5032 555 5087 Atlantem
578 5053 773 5102 ponam
804 5049 875 5105 te,
896 5050 944 5094 et
968 5043 1122 5112 quasi
1148 5042 1354 5099 Seboim
1385 5045 1562 5115 (Osee,
1590 5066 1664 5113 γι.
1690 5050 1758 5114 4;
1793 5067 1867 5117 at,

285 5125 366 5191 8).
398 5123 734 5183 Conversum
767 5142 852 5187 est
898 5132 952 5186 in
1004 5148 1088 5190 me
1133 5149 1228 5191 cor
1258 5151 1437 5192 meum
1489 5155 1504 5192 :
1542 5142 1865 5198 conturbata

284 5223 416 5269 sunt
441 5218 649 5273 viscera
679 5226 819 5277 mea;
853 5223 971 5278 Non
1007 5224 1202 5281 faciam
1233 5228 1472 5285 furorem
1505 5233 1601 5288 ira:
1629 5249 1782 5297 luem,
1810 5244 1868 5289 et

286 5320 396 5360 non
414 5309 720 5378 disperdam
739 5314 1017 5384 Ephraim.
1039 5317 1302 5375 Miserans
1325 5324 1608 5378 miserebor
1648 5326 1869 5399 1068

283 5402 523 5470 ejus,m't
556 5403 837 5465 Dominus.
862 5409 902 5464 F
907 5422 1100 5468 uerunt
1119 5415 1334 5483 quidem
1367 5431 1649 5474 sermones
1672 5421 1775 5475 mei
1810 5421 1866 5476 in

285 5508 378 5559 eo,
397 5507 455 5550 et
475 5499 653 5553 omnia
684 5502 937 5557 mandata
968 5521 1086 5559 mea
1111 5508 1271 5562 avido
1307 5514 1547 5576 suscepit
1577 5511 1781 5575 animo.
1814 5523 1869 5567 ει

283 5587 341 5643 in
364 5605 463 5645 suo
483 5593 648 5650 corde
666 5599 902 5653 servavit
934 5614 950 5655 :
980 5602 1074 5656 sed
1099 5611 1276 5657 tamen
1304 5604 1561 5659 miserans
1586 5605 1870 5660 miserebor

1984 3393 2175 3449 venire
2203 3400 2410 3446 tantam
2444 3406 2626 3444 rerum
2658 3388 2904 3445 omnium
2935 3386 3275 3441 fi-iicitatem.
3309 3382 3574 3452 Quodque

1982 3485 2250 3555 sequitur,
2270 3484 2675 3547 amnritndines,
2698 3496 2818 3551 quae
2840 3479 3101 3535 iiehraice
3122 3478 3373 3531 dicuntur
3395 3491 3568 3529 rusu—

1982 3593 2153 3633 nuatu
2183 3578 2446 3648 (tamen)
2468 3617 2486 3641 ,
2545 3590 2642 3644 pro
2672 3574 2869 3643 quibus
2897 3569 3257 3642 Symmachus
3287 3567 3555 3633 interpre-

1984 3679 2129 3723 tatus
2173 3678 2276 3731 est,
2315 3666 2804 3727 transmutationes,
2853 3664 2957 3718 hoc
3000 3659 3223 3723 indicat,
3256 3658 3400 3725 quod
3438 3653 3569 3710 ﬂere

1982 3762 2174 3817 debeat
2207 3759 2291 3814 vel
2324 3760 2544 3829 antiqua
2578 3755 2917 3829 peceata,vel
2946 3752 3127 3824 gaudii
3163 3750 3560 3821 magnitudine,

1981 3865 2033 3908 et
2064 3862 2175 3907 tota
2203 3853 2269 3906 ad
2300 3850 2589 3907 Dominum
2616 3860 2800 3903 tttetttc
2825 3846 3093 3911 converti,
3118 3855 3175 3898 et
3200 3857 3421 3913 ponere,
3447 3840 3571 3895 sive

1981 3948 2217 4019 dirigere
2252 3961 2348 4001 cor
2373 3960 2531 3999 suum
2564 3945 2615 3999 in
2653 3945 2818 4005 viam,
2858 3956 2953 4011 per
2981 3954 3143 4009 quam
3176 3936 3419 4006 profecta
3456 3943 3563 3997 est,

1982 4042 2109 4098 inde
2138 4041 2280 4095 enim
2313 4038 2459 4093 illam
2500 4051 2619 4092 esse
2657 4036 2975 4090 redituram.
3018 4030 3285 4098 Quodque
3323 4043 3425 4098 pro
3462 4027 3566 4079 hoc

1980 4134 2167 4189 dixere
2196 4131 2548 4202 Septuaginta
2583 4146 2598 4185 :
2640 4129 2718 4182 Da
2753 4142 2842 4180 cor
2870 4135 3017 4178 tuum
3049 4125 3103 4176 in
3126 4122 3394 4183 humeros,
3432 4118 3564 4172 illud

1979 4224 2271 4294 signiﬁcat,
2314 4222 2459 4293 quod
2503 4221 2862 4290 cogitationes
2907 4216 3102 4270 debeat
3141 4212 3399 4283 operibus
3431 4210 3563 4281 jun-

1980 4331 2130 4387 gere,
2165 4317 2281 4372 sive
2318 4316 2576 4369 humeros
2614 4310 2973 4377 contemplari
3007 4304 3346 4376 portantium
3382 4317 3463 4369 sc,
3496 4301 3563 4356 de

1979 4409 2293 4479 captivitate
2325 4406 2541 4478 1069
2565 4403 2965 4459 reducentium.
2989 4398 3142 4465 Quod
3163 4396 3329 4451 lsaias
3352 4394 3563 4466 plenius

1978 4500 2299 4568 exsequitur
2330 4499 2383 4552 in
2416 4496 2659 4559 camelis,
2693 4504 2748 4550 et
2778 4493 3033 4549 curribus
3067 4506 3132 4545 ac
3167 4488 3438 4544 basternis
3466 4501 3563 4539 eos

1978 4605 2232 4644 as:ereus
2249 4586 2586 4642 reducendos
2604 4585 2742 4640 llsa.
2764 4584 3178 4656 ex).Rcvertere,
3197 4580 3394 4649 inquit,
3413 4580 3560 4645 vfrgo

1921 4665 1962 4718 D
1986 4683 2181 4745 Israel,
2209 4691 2463 4735 revertere
2491 4680 2561 4733 ad
2591 4680 2830 4734 civitates
2859 4687 3000 4743 tuas,
3026 4689 3160 4745 quas
3189 4672 3435 4742 captivus
3464 4669 3559 4722 dco

1980 4777 2198 4831 seruisti
2238 4792 2252 4829 :
2292 4790 2573 4844 usquequo
2617 4771 2943 4841 negligentia
2975 4766 3317 4827 dissolveris,
3345 4771 3395 4814 et
3436 4775 3560 4829 pro-

1978 4869 2149 4923 fundo
2169 4883 2352 4921 errore
2381 4865 2698 4935 vagabetis?
2723 4863 2951 4930 Respice
2975 4858 3105 4929 quid
3134 4857 3378 4910 dieturus
3405 4865 3552 4913 sum,

1976 4972 2034 5016 ct
2072 4959 2216 5014 umle
2248 4959 2340 5013 tibi
2380 4968 2529 5011 tanta
2570 4954 2844 5010 beatitudo
2883 4945 3249 5019 exspectanda
3286 4941 3394 5015 [.ll.
3430 4956 3554 5009 spc-

1977 5051 2171 5125 randa]
2197 5053 2290 5117 sit,
2319 5050 2612 5121 diligenter
2639 5040 2880 5101 attende.
2907 5042 3046 5098 Audi
3075 5040 3218 5109 quod
3269 5049 3546 5101 llllllqllattl

1968 5158 2097 5202 ante
2118 5160 2470 5215 cognoveras.
2497 5141 2701 5198 Novam
2729 5154 2839 5193 rem
2863 5150 2986 5191 crea
2997 5134 3071 5187 vit
3096 5129 3361 5186 Dominus
3382 5140 3550 5197 super

1969 5249 2194 5293 terram.
2222 5241 2440 5307 Absque
2468 5235 2569 5289 viri
2596 5235 2823 5297 semine,
2846 5230 3051 5298 absque
3078 5224 3190 5279 ullo
3213 5223 3361 5321 coitu
3383 5231 3546 5321 atque

1968 5342 2259 5401 conceptu,
2299 5310 2501 5385 feniina
2542 5323 2903 5382 circumdabit
2942 5321 3118 5373 virum
3158 5314 3366 5385 gremio
3404 5312 3543 5413 uteri

1971 5427 2077 5487 sui,
2096 5424 2187 5492 qui
2208 5424 2364 5494 juxta
2392 5422 2726 5475 incrementa
2750 5414 2969 5485 quidem
2994 5412 3171 5467 aetatis
3192 5424 3285 5475 per
3310 5412 3546 5474 vagitus.

1970 5525 2024 5569 ct
2053 5514 2336 5566 infantiam
2367 5510 2630 5579 prolicere
2657 5506 2926 5561 videbitur
2959 5502 3225 5571 sapientia
3257 5509 3310 5551 et
3354 5507 3549 5596 astate;

1972 5607 2064 5663 sed
2094 5605 2365 5678 perfectus
2393 5604 2474 5658 vir
2499 5604 2554 5656 in
2581 5611 2772 5656 ventre
2800 5596 3037 5652 lctuinco
3066 5592 3241 5646 solitis
3272 5587 3548 5643 mensibus

365 5802 378 5884 ξ
422 5800 939 5884 Malui_t__\lictorius,
982 5805 1171 5884 Statue
1217 5816 1265 5860 le
1302 5808 1470 5884 ipsam
1510 5806 1664 5884 Sion,
1699 5810 1862 5881 idque

1984 5830 2063 5868 aut
2133 5815 2274 5884 apud
2345 5810 2503 5879 LXX,
2543 5808 2740 5880 στῆσον
2775 5808 3008 5880 σεαυτὴν
3048 5804 3187 5859 Σιὼν
3229 5821 3241 5857 :
3287 5799 3427 5874 qun!
3475 5819 3543 5860 ex

276 5871 536 5951 subnexa
571 5872 886 5945 llicrouytni
920 5880 1260 5948 esposttiouc
1286 5871 1518 5948 probare
1552 5871 1761 5936 nititur.
