4004 6182
439 360 547 426 915

437 579 610 623 stram
643 566 939 622 editionem
974 567 1314 636 interpretati
1346 575 1494 624 sunt.
1527 567 1666 634 Quid
1696 567 1801 623 sibi
1835 577 2013 621 autem

436 662 490 716 in
530 661 651 716 loco
686 661 792 715 hoc
824 660 1056 714 voluerit
1080 659 1247 716 editio
1279 660 1532 730 Vulgata,
1562 676 1776 729 possem
1808 661 2014 724 dicere,

435 761 490 804 et
524 765 742 805 sensum
783 750 1018 820 aliquem
1042 753 1304 819 reperire,
1343 751 1448 806 nisi
1487 751 1553 807 de
1589 753 1768 807 verbis
1803 752 1896 806 Dei
1920 754 2015 804 hu-

435 857 599 897 ntano
628 857 788 897 sensu
825 843 1196 912 argumentari
1237 853 1387 899 esset
1427 843 1790 913 sacrilegum;
1836 840 2014 895 Theo-

435 931 584 987 dotio
622 939 823 994 autem,
861 943 914 986 et
948 931 1060 1000 ipse
1096 933 1335 1002 Vulgatze
1365 913 1591 988 editioni
1636 932 2012 995 consentiens,

431 1024 826 1093 interpretatus
875 1033 955 1077 est
1000 1031 1014 1077 ξ
1064 1021 1274 1078 Creavit
1327 1024 1582 1078 Dominus
1632 1023 1856 1077 salutem
1921 1039 2016 1076 no-

431 1132 575 1182 vum,
623 1115 681 1168 in
735 1119 910 1168 salute
959 1115 1194 1168 circuibit
1243 1115 1418 1181 homo,
1476 1114 1753 1183 singulare
1811 1127 2014 1183 ponens

432 1225 534 1278 pro
565 1208 783 1278 plurali.
825 1207 1104 1276 Simulque
1148 1207 1334 1262 ethoc
1380 1207 1702 1271 notandum,
1735 1205 1878 1275 quod
1914 1220 2012 1258 na-

431 1301 618 1362 tivitas
657 1297 1002 1361 Salvator-is,
1051 1307 1214 1366 atque
1262 1307 1558 1366 conceptus
1606 1297 1745 1364 Dei,
1797 1294 2011 1349 creatio

432 1402 793 1462 nuncupetur.

507 1487 690 1557 (Vers.
713 1487 805 1553 25,
835 1486 950 1558 24).
992 1507 1012 1541 ι
1041 1487 1166 1544 Rrec
1197 1487 1326 1544 dicit
1359 1487 1616 1544 Dominus
1649 1484 2006 1549 exercituum,

430 1577 578 1634 Deus
608 1578 780 1634 lsrael
817 1596 830 1635 :
862 1581 1058 1635 Adhuc
1104 1581 1281 1636 dicent
1317 1579 1540 1634 verbum
1588 1577 1730 1633 istud
1777 1577 1829 1631 in
1866 1583 2008 1631 terra

430 1669 590 1735 Juda,
624 1681 680 1726 et
722 1673 774 1726 in
806 1673 1036 1728 urbibus
1081 1672 1220 1742 ejus,
1261 1689 1384 1727 cum
1426 1680 1747 1727 convertero
1785 1669 2010 1737 captivi-

432 1775 598 1820 tatem
631 1781 818 1821 eorum
851 1785 867 1822 :
895 1767 1178 1822 benedicat
1210 1767 1305 1821 tibi
1340 1764 1626 1831 Dominus,
1655 1761 2008 1832 pulchritudo

1619 363 1679 423 S.
1712 361 2026 423 EUSEBII
2067 362 2158 424 HI
2165 361 2477 426 ERONYM
2484 363 2511 423 Ι

436 475 830 534 continebitur.
862 473 1017 532 Unde
1044 473 1404 546 Symmachus
1431 486 1484 532 et
1507 475 1701 548 Aquila
1728 477 1887 547 juxta
1916 491 2014 532 no-
2041 484 2088 543 Α

3596 364 3708 430 9l6

2191 476 2373 546 (Vera.
2409 479 2502 546 25,
2529 478 2646 549 26).
2689 499 2707 532 ι
2744 479 2882 548 Quia
2923 480 3189 538 inebriari
3226 482 3464 538 animam
3497 481 3702 538 lassam

2125 566 2250 636 (sive
2294 568 2420 637 quia
2468 569 2732 624 inebriavi
2777 585 2994 624 omnem
3031 571 3267 626 animam
3313 571 3617 643 sitientem)
3649 583 3706 628 et

2119 675 2338 716 omnem
2365 661 2604 716 animam
2636 662 2969 718 esurientem
3002 663 3240 718 saturavi
3269 664 3397 733 (sive
3423 664 3701 734 repleri):

2119 751 2240 808 ideo
2267 752 2684 822 expergefactus
2714 770 2834 809 sum
2862 755 2904 820 ι,
2935 763 2988 810 et
3028 756 3132 809 vidi
3155 774 3176 821 ;η
3203 767 3258 810 et
3285 771 3510 811 somnus
3547 767 3707 810 meus

2118 844 2296 900 dulcis
2326 845 2425 900 luit
2451 845 2608 901 mihi.
2645 865 2664 898 s
2696 847 2926 901 Mutatio
2955 863 3313 914 personarum
3345 848 3474 902 facit
3499 850 3706 904 obscu-

2119 951 2232 989 ram
2269 936 2680 1008 intelligentiam
2714 939 3123 1008 prophetarum.
3161 940 3382 995 Dixerat
3414 940 3706 1004 Dominus,

2118 1028 2301 1082 Adhuc
2322 1029 2492 1083 dicent
2519 1029 2728 1084 verbum
2760 1031 2903 1086 istud
2925 1032 2978 1084 in
3005 1040 3146 1086 terra
3169 1031 3314 1085 Jurla
3336 1043 3382 1086 et
3407 1033 3458 1084 in
3484 1033 3706 1085 urbibus

2116 1123 2252 1191 ejus,
2287 1138 2404 1176 cum
2450 1135 2752 1178 convertere
2789 1125 3142 1192 captivitatem
3177 1141 3380 1178 eorum.
3415 1124 3557 1189 Quid
3605 1139 3708 1175 au-

2119 1225 2227 1270 tem
2261 1215 2490 1270 dicunt?
2522 1215 2664 1270 haud
2702 1217 2923 1271 dubium
2951 1217 3082 1286 quin
3115 1216 3218 1271 hoc
3242 1218 3386 1286 quod
3416 1215 3702 1283 sequitur:

2113 1304 2401 1360 Benedicat
2443 1307 2536 1359 tibi
2578 1305 2860 1373 Dominus,
2900 1306 3236 1377 pulchritudo
3273 1308 3519 1374 iustitia,
3554 1322 3706 1360 mons

2113 1406 2354 1462 sanctus,
2390 1407 2494 1452 etc.
2544 1397 2898 1468 Rursumque
2947 1397 3054 1452 illis
3101 1398 3207 1451 i>ta
3252 1398 3567 1452 dicentibus
3617 1413 3705 1451 re-

2115 1489 2337 1559 spondit
2372 1488 2678 1544 Dominus:
2712 1487 2849 1554 Quia
2898 1489 3154 1545 inebriari
3195 1491 3430 1543 animam
3476 1490 3702 1553 lassam,

2112 1580 2227 1636 sive
2269 1582 2558 1646 sitientem,
2584 1591 2636 1637 et
2676 1597 2880 1636 onmem
2920 1583 3158 1638 animum
3193 1584 3508 1637 esurientem
3539 1592 3707 1636 satu-

2113 1675 2250 1730 rari.
2296 1673 2498 1744 Illoque
2549 1673 2652 1730 ista
2705 1675 2940 1739 dicente,
2980 1675 3260 1745 respondit
3302 1677 3566 1747 populus,
3610 1675 3704 1746 qui

2113 1767 2179 1820 de
2222 1765 2535 1834 captivitate
2567 1774 2792 1822 venerat
2827 1785 2841 1822 :
2873 1765 3003 1821 Ideo
3042 1769 3441 1837 expergefactus
3483 1784 3623 1830 sum,
3653 1776 3707 1820 et

425 1856 680 1926 iustitiae,
713 1871 870 1911 rnons
909 1871 1152 1913 sanctus.
1193 1857 1259 1911 Et
1294 1856 1615 1911 habitabunt
1645 1855 1697 1908 in
1730 1869 1794 1908 eo
1827 1852 2015 1926 ludas,
2047 1852 2091 1910 Β
2123 1858 2249 1921 vidi,
2283 1866 2332 1911 ct
2364 1873 2581 1912 somnus
2622 1873 2768 1912 meus
2813 1858 2984 1922 dulcis
3013 1858 3114 1928 fuit
3146 1858 3295 1913 mihi.
3331 1858 3472 1924 Quia
3515 1857 3706 1912 Domi-

431 1959 486 2004 et
517 1965 709 2006 omnes
737 1951 984 2005 civitates
1015 1951 1134 2020 ejus
1162 1949 1344 2013 simul,
1370 1949 1622 2020 agricola:
1652 1957 1708 2004 et
1740 1947 2011 2001 minantes

431 2059 645 2115 greges.
679 2062 698 2096 s
738 2043 880 2099 LXX
906 2061 920 2100 :
953 2063 970 2095 ‹
997 2043 1088 2099 Sic
1111 2044 1247 2098 dixit
1278 2042 1542 2098 Dominus
1569 2043 1851 2103 virtutum,
1872 2041 2012 2094 Dens

431 2135 658 2191 Israel:
699 2136 889 2192 Adhuc
937 2135 1121 2190 dicent
1176 2149 1485 2191 sermonem
1539 2137 1702 2190 istum
1759 2133 1812 2187 in
1868 2142 2010 2186 terra

431 2226 606 2295 Juda,
677 2237 735 2283 et
811 2230 864 2284 in
937 2229 1160 2284 urbibus
1232 2227 1390 2295 ejus,
1457 2225 1680 2296 quando
1745 2225 2012 2278 reduxvro

433 2321 964 2392 transmigrationem
1011 2322 1132 2391 ejus
1175 2335 1191 2374 :
1241 2315 1562 2373 benedictus
1615 2315 1876 2370 Dominus
1923 2327 2014 2367 su-

433 2414 760 2483 pcrjustum
805 2421 1048 2468 montem
1091 2420 1341 2468 sanctum
1377 2409 1516 2480 ejus,
1548 2419 1604 2464 et
1638 2408 1728 2479 qui
1765 2407 2014 2462 habitant

435 2511 488 2560 in
522 2515 667 2561 terra
696 2505 910 2571 Judaei,
939 2515 993 2559 ct
1025 2506 1076 2558 itt
1106 2505 1252 2558 omni
1287 2504 1506 2558 civitate
1535 2502 1674 2572 ejus,
1707 2517 1827 2555 cum
1863 2501 2007 2568 agri-

433 2599 574 2662 cola,
611 2608 667 2653 et
708 2596 1007 2652 elevabitur
1059 2599 1108 2649 in
1158 2609 1339 2665 grege.
1389 2612 1408 2646 ι
1463 2592 1624 2649 Juxta
1683 2589 2010 2645 Ilebraicum

432 2692 780 2747 manifestum
811 2702 914 2756 est,
942 2693 1084 2760 quod
1121 2691 1171 2744 iit
1207 2691 1380 2745 reditu
1415 2686 1603 2754 Israel,
1635 2697 1687 2742 et
1717 2686 1771 2741 in
1807 2694 2007 2741 terram

432 2802 589 2840 suam
628 2786 946 2854 captivitate
974 2798 1258 2848 conversa,
1296 2782 1539 2837 habitent
1569 2781 1731 2835 nrbes
1760 2778 1921 2842 Juda,
1958 2786 2012 2832 et

434 2879 654 2932 dicatur
694 2878 775 2932 eis
810 2892 908 2947 per
942 2875 1164 2946 singular
1194 2894 1209 2931 :
1245 2874 1542 2930 Benedicat
1579 2872 1676 2928 tibi
1725 2871 2007 2936 Dominus,

433 2969 528 3038 qui
561 2977 645 3022 est
679 2983 801 3021 tere
832 2966 1179 3036 pulchritudo
1207 2965 1455 3036 justitiae,
1487 2973 1541 3018 et
1576 2978 1737 3018 mons
1766 2970 2008 3026 sanctus,

419 3067 491 3116 ‘in
527 3076 637 3132 quo
679 3063 768 3130 qui
818 3059 1170 3124 habitaverit,
1205 3056 1379 3112 nullas
1413 3055 1629 3111 timebit
1664 3054 1908 3110 insidias.
1947 3053 2011 3108 Et

437 3155 708 3210 habitabit
766 3153 972 3222 absque
1030 3150 1317 3221 iniquitate
1369 3148 1540 3205 ludas
1591 3148 1644 3203 in
1699 3145 2010 3202 civitatibus

438 3249 552 3302 suis
592 3262 607 3302 :
647 3255 914 3315 eruntque
970 3243 1243 3314 agricolae,
1283 3253 1336 3298 et
1385 3255 1643 3312 pecorum
1695 3239 2010 3302 multitudo,

437 3341 579 3412 quod
607 3354 672 3396 ex
713 3348 866 3410 parte
910 3337 1124 3392 videtur
1164 3338 1267 3392 sub
1301 3335 1603 3392 Zorobabel
1629 3343 1681 3390 et
1709 3333 1846 3388 Ezra
1893 3346 2014 3386 esse

437 3434 794 3504 completum.
846 3432 1130 3488 Plenitudo
1177 3444 1356 3485 autem
1409 3429 1650 3484 vaticinii
1701 3428 1768 3482 ad
1815 3425 2012 3482 Christi

439 3539 681 3598 tempora
731 3525 1042 3581 referatur:
1073 3523 1154 3578 vel
1198 3524 1250 3577 in
1288 3522 1463 3591 primo
1502 3521 1759 3585 adventu,
1798 3516 2015 3584 quando

439 3620 796 3693 spiritualiter
847 3619 1062 3689 1070
1114 3616 1230 3671 haec
1283 3616 1424 3670 facta
1483 3623 1646 3678 sunt;
1687 3613 1768 3666 vel
1826 3615 1877 3665 in
1932 3627 2016 3664 se-

439 3717 617 3773 cundo
676 3715 930 3770 universa
995 3710 1372 3781 complentur,
1444 3708 1599 3778 juxta
1683 3719 1780 3761 nos
1849 3704 2013 3775 apiri-

443 3811 683 3870 tualiter,
705 3808 858 3877 juxta
889 3802 1105 3859 indutos
1127 3813 1180 3857 et
1205 3811 1420 3856 liOall'OS
1442 3799 1700 3855 Judaizan
1713 3807 1792 3852 tes
1821 3812 2017 3880 carna-

438 3908 588 3962 liter.
641 3903 811 3958 Porro
858 3897 1014 3968 juxta
1072 3895 1425 3966 Septuaginta
1491 3895 1579 3949 hic
1630 3909 1824 3948 sensus
1877 3902 1955 3947 est
1997 3907 2012 3945 :

435 3999 632 4056 Adhuc
675 4009 856 4052 sermo
889 3994 992 4047 iste
1021 3992 1232 4045 dicetur
1258 3991 1312 4042 in
1347 3999 1490 4043 terra
1518 3986 1676 4050 .luda,
1710 3994 1764 4040 et
1794 3985 1845 4066 in
1878 3983 2014 4038 civi-

438 4093 643 4149 tatibus
675 4091 818 4160 ejus,
854 4084 1070 4156 quando
1106 4093 1430 4139 convertere
1469 4080 1840 4149 captivitatem
1872 4078 2012 4148 ejus.

437 4186 580 4254 Quid
639 4185 855 4240 (licetur
895 4177 1254 4235 :Bcuediclus
1299 4173 1556 4230 Dominus
1607 4189 1768 4242 super
1808 4171 2013 4240 justum

435 4287 666 4333 montem
695 4283 936 4331 sanctum
969 4273 1105 4342 ejus.
1150 4270 1304 4325 Mons
1335 4267 1422 4338 qui
1453 4265 1696 4337 justitiaa,
1730 4273 1784 4318 et
1814 4264 2018 4318 sancti-

438 4371 568 4426 tatis
605 4375 883 4423 mereatur
923 4363 1380 4432 signiﬁcationem
1416 4357 1687 4427 accipere,
1720 4353 1904 4409 nullus
1933 4362 2018 4407 est

436 4458 597 4521 alius,
628 4456 732 4510 nisi
771 4454 1041 4508 Salvator.
1077 4449 1346 4504 Caeterum
1387 4447 1612 4502 stultum
1658 4455 1761 4508 est,
1796 4445 2014 4500 irratio-

2117 1966 2221 2005 nus
2251 1951 2484 2006 inebriat
2509 1951 2746 2006 animam
2776 1949 3001 2018 lassam,
3029 1952 3143 2006 sive
3169 1951 3466 2019 sitientem,
3493 1960 3547 2006 et
3573 1952 3639 2004 di-
3664 1951 3707 2003 it

2115 2043 2168 2096 in
2215 2041 2501 2112 Evangelia
2538 2059 2553 2101 :
2591 2040 2710 2107 Qui
2746 2043 2898 2108 sitit,
2951 2044 3124 2097 veniat
3174 2043 3245 2096 ad
3292 2059 3408 2109 me,
3454 2054 3502 2096 et
3556 2043 3704 2095 bibat

2117 2131 2296 2202 (Ιοαη.
2348 2147 2446 2199 vti,
2476 2131 2588 2201 37).
2632 2130 2746 2187 Et:
2786 2132 2891 2198 Qui
2936 2136 3099 2188 credit
3153 2135 3204 2188 in
3253 2151 3354 2196 me,
3387 2135 3526 2188 sicut
3574 2134 3705 2186 dicit

2115 2224 2394 2293 Scriptura
2435 2265 2450 2290 ,
2520 2226 2744 2295 [lumina
2805 2227 2870 2281 de
2927 2237 3101 2280 centre
3155 2227 3268 2295 ejus
3327 2227 3495 2295 ﬂuent
3551 2241 3706 2295 aque

2114 2321 2241 2374 viva:
2292 2317 2467 2389 (Ibid.
2513 2319 2642 2390 58).
2696 2317 2762 2372 Et
2815 2333 3032 2375 onmem
3085 2319 3324 2374 animam
3370 2319 3701 2374 esurientem

2115 2413 2299 2479 satiat,
2331 2421 2499 2479 atque
2530 2411 2831 2466 sitientem.
2868 2410 2941 2465 De
2975 2425 3080 2480 qua
3115 2410 3206 2465 siti
3247 2419 3303 2464 et
3340 2409 3525 2463 esurie
3557 2407 3702 2463 idem

2113 2503 2167 2558 in
2201 2503 2500 2574 Evangelia
2543 2511 2776 2558 testatur
2807 2521 2820 2557 :
2851 2503 3002 2558 Beati
3033 2503 3125 2572 qui
3160 2505 3396 2558 esuriant
3429 2513 3478 2556 et
3512 2503 3701 2556 sitiunt

2103 2595 2413 2665 justitiam;
2443 2597 2696 2668 quoniam
2729 2597 2830 2664 ipsi
2860 2595 3250 2650 saturubuntur
3291 2595 3505 2668 (Matth.
3537 2611 3590 2660 v,
3621 2595 3699 2662 6).

2115 2689 2552 2758 Notandumqne,
2582 2691 2728 2757 quod
2769 2688 3006 2743 ebrietas
3038 2688 3090 2741 in
3124 2689 3227 2742 hoc
3257 2689 3380 2742 loco
3411 2688 3465 2742 in
3504 2687 3702 2742 bonam

2115 2794 2325 2851 partem
2368 2789 2623 2848 ponatur,
2653 2780 2720 2835 de
2749 2794 2854 2848 qua
2893 2780 2944 2834 in
2977 2779 3204 2834 Cantico
3233 2778 3435 2832 dicitur
3469 2796 3482 2832 :
3516 2775 3706 2831 Conte-

2113 2875 2244 2939 dite,
2277 2874 2458 2938 amici,
2493 2874 2672 2940 bibite,
2706 2883 2755 2926 et
2794 2873 3156 2934 incbriamini,
3186 2872 3491 2926 charissimi
3515 2872 3703 2941 (Cant.

2114 2981 2167 3033 v,
2193 2968 2270 3038 l).
2300 2967 2416 3033 Qua
2441 2967 2707 3022 ebrietate
2734 2975 2787 3020 et
2815 2964 3014 3036 Joseph
3047 2966 3256 3036 1071
3287 2966 3588 3020 inebriatus
3619 2974 3704 3020 est

2115 3077 2236 3114 eum
2270 3059 2532 3114 fratribus
2561 3058 2676 3114 suis
2707 3058 2760 3112 in
2793 3059 3020 3112 meridie
3047 3056 3199 3128 (Gen.
3229 3059 3403 3124 sun).
3440 3055 3702 3111 lnebriati

2116 3162 2316 3218 autem,
2349 3163 2512 3222 atque
2557 3151 2788 3205 saturati
2835 3151 2911 3218 bi,
2945 3151 3034 3218 qui
3082 3150 3210 3206 lassi
3255 3150 3489 3216 fuerant,
3532 3163 3702 3221 atque

2117 3248 2444 3312 esurierant,
2479 3255 2647 3315 agunt
2691 3245 2914 3314 gratias,
2957 3244 3348 3314 respondentes
3383 3261 3399 3298 :
3438 3243 3705 3314 Experge-

2121 3340 2293 3409 {actus
2335 3355 2474 3403 sum,
2509 3347 2558 3391 et
2602 3339 2707 3392 uidi
2743 3338 3048 3402 Dominum,
3085 3338 3294 3394 Scilicet
3343 3339 3701 3393 suscitantem

2117 3446 2280 3503 atque
2317 3431 2587 3487 dicrnlem
2628 3447 2643 3488 :
2683 3429 2871 3502 Surge,
2907 3431 2998 3500 qui
3046 3431 3281 3494 dormis,
3324 3440 3374 3484 et
3418 3432 3622 3485 elerare
3671 3447 3703 3483 ι

2118 3527 2340 3580 nturtuis
2370 3534 2418 3579 et
2449 3523 2770 3578 illuminabit
2800 3535 2848 3579 te
2881 3524 3122 3580 Christus
3154 3523 3371 3594 (Ephes.
3407 3542 3456 3588 v,
3490 3524 3595 3594 14).
3634 3523 3705 3577 Et

2118 3636 2352 3688 somnus,
2393 3620 2588 3690 inquit,
2625 3635 2773 3674 meus
2807 3619 2977 3674 dulcis
3015 3619 3116 3688 fuit
3167 3618 3316 3681 mihi,
3358 3630 3415 3671 ut
3455 3618 3705 3673 imitarer

2120 3711 2331 3766 Domini
2365 3712 2468 3768 ιιιθί
2501 3713 2666 3766 verba
2693 3713 2922 3768 dicentis
2951 3728 2965 3768 :
2992 3710 3104 3781 Ego
3125 3712 3370 3775 dormivi,
3405 3721 3453 3764 et
3481 3727 3709 3776 sapora-

2121 3815 2203 3858 tus
2249 3820 2401 3871 sum,
2448 3815 2497 3859 et
2548 3806 2841 3864 exsurrexi,
2877 3807 3128 3875 quoniam
3181 3804 3440 3860 Dominus
3478 3805 3705 3873 suscepit

2120 3898 2230 3970 (Al.
2266 3896 2543 3971 suscipiet]
2578 3915 2658 3952 me
2690 3896 2865 3968 (Psal.
2904 3914 2981 3960 ιιι,
3017 3897 3095 3968 6).

2194 3991 2374 4064 (Vers.
2400 3990 2471 4044 9.7
2501 3992 2681 4061 seqq.)
2731 4010 2748 4043 t
2784 3991 2926 4046 Ecce
2952 3991 3067 4044 dies
3088 3991 3331 4055 veniunt,
3361 3989 3492 4045 dicit
3519 3989 3709 4045 Domi-

2119 4101 2243 4147 nus,
2278 4095 2332 4139 et
2378 4084 2659 4138 seminabo
2711 4085 2928 4137 domum
2979 4083 3172 4150 Israel,
3207 4094 3260 4139 et
3297 4085 3520 4138 domum
3567 4082 3706 4137 Juda

2118 4177 2325 4232 semine
2371 4176 2651 4230 hominem
2701 4173 2894 4247 [Vulg.
2946 4173 3226 4246 hominis],
3272 4183 3327 4228 et
3373 4175 3580 4228 Semina
3619 4173 3710 4242 ju-

2121 4280 2448 4325 nteutorum.
2478 4267 2543 4321 Et
2568 4267 2711 4322 sicut
2740 4266 2953 4337 vigilavi
2982 4281 3150 4335 super
3167 4280 3280 4331 eos,
3309 4272 3363 4318 ut
3386 4264 3703 4331 evellerent,

2117 4373 2171 4417 et
2211 4360 2528 4423 demolirer,
2575 4366 2629 4412 et
2676 4358 3032 4427 dissiparem,
3088 4366 3142 4411 et
3192 4356 3598 4426 disperderem,
3651 4365 3706 4409 et

2118 4453 2409 4524 amigerem
2445 4451 2566 4506 :sic
2607 4449 2839 4522 vigilabo
2881 4464 3046 4519 super
3088 4463 3202 4513 eos,
3241 4459 3298 4502 ut
3334 4447 3602 4503 aediﬁcem
3651 4455 3707 4502 et

435 4550 614 4606 nalcm
677 4558 732 4602 et
800 4545 1195 4617 insensibilem
1239 4551 1474 4596 montem
1537 4555 1723 4594 errore
1782 4537 2013 4594 Judaico
2048 4548 2088 4602 D
2121 4545 2382 4614 planteut,
2419 4544 2495 4598 ait
2545 4542 2826 4598 Dominus.
2873 4540 2931 4595 ιη
2975 4542 3168 4596 dit-bus
3214 4540 3320 4596 illis
3366 4557 3470 4593 non
3517 4541 3706 4594 dicent

434 4645 637 4717 justum
683 4651 738 4696 et
782 4649 1034 4694 sanctum
1072 4638 1316 4690 credere.
1354 4635 1473 4704 Ipse
1511 4641 1613 4699 est,
1643 4635 1708 4687 de
1736 4648 1842 4702 quo
1871 4643 1924 4688 ct
1957 4632 2009 4687 in

432 4734 892 4807 consequentibus
927 4732 1185 4786 scribitur
1216 4745 1230 4784 ι
1261 4729 1326 4783 Et
1365 4729 1426 4790 in»
1450 4726 1592 4781 omni
1624 4727 1838 4781 civitate
1871 4726 2008 4794 ejus,

433 4829 755 4884 subauditur
804 4825 1140 4888 Salvatoris;
1179 4839 1297 4876 cum
1339 4820 1604 4892 agricola,
1637 4835 1742 4873 non
1787 4819 2008 4874 dubium

433 4922 564 4992 quin
622 4921 910 4977 Dominum
971 4917 1273 4987 signiticet,
1330 4914 1397 4968 de
1457 4929 1562 4982 quo
1613 4914 1663 4965 itt
1717 4910 2010 4980 Erangelio

432 5014 695 5084 scriptum
735 5024 818 5068 est
855 5028 872 5067 ι
906 5009 1018 5079 Ego
1053 5023 1167 5062 sum
1216 5007 1357 5071 vitis,
1394 5021 1482 5060 vos
1526 5004 1765 5071 palmites
1799 5018 1824 5056 :~
1850 5003 2012 5057 Pater

432 5127 579 5166 meus
629 5108 861 5180 agricola
913 5106 1096 5178 (Joau.
1133 5120 1220 5169 xv,
1257 5105 1306 5168 l,
1340 5103 1416 5172 5).
1454 5100 1607 5157 Unde
1637 5110 1688 5154 et
1717 5098 2011 5169 Apostolus

431 5198 672 5269 loquitur
700 5213 715 5254 ι
749 5198 840 5251 Dei
873 5197 1201 5267 agricultura
1235 5196 1400 5260 estis;
1435 5193 1530 5246 Dei
1568 5191 1855 5258 adiﬁcatio
1886 5190 2011 5242 estis

433 5293 483 5365 (Ι
517 5292 643 5348 Cor.
679 5307 760 5354 Ill,
792 5290 871 5354 9).
913 5291 1179 5358 Quodque
1211 5289 1502 5356 sequitur:
1532 5283 1597 5338 Et
1631 5283 1915 5337 elevabitur
1956 5284 2010 5335 in

431 5403 606 5458 grege,
633 5384 736 5439 hoc
758 5383 1018 5444 ostendit,
1043 5383 1183 5450 quod
1209 5381 1258 5434 in
1284 5378 1514 5449 singulis
1534 5376 1784 5448 gregibus
1800 5377 2006 5446 justus,

432 5488 488 5532 et
517 5489 763 5541 sanctus,
789 5485 843 5530 et
873 5474 1108 5540 agricola
1158 5472 1272 5542 ipse
1325 5470 1584 5525 Dominus
1639 5469 1899 5535 eleretnr,
1957 5476 2012 5522 ct

432 5571 491 5622 in
539 5571 714 5625 servis
760 5569 874 5624 suis
917 5575 1080 5635 atque
1114 5565 1462 5621 credenti-bus
1505 5564 1571 5617 ad
1617 5562 1830 5617 excelsa
1876 5577 2010 5617 con-

435 5659 684 5714 sccndat.

515 5773 530 5802 ¹
557 5769 747 5852 Yersio
777 5776 998 5827 nieron.
1027 5789 1091 5829 ac
1116 5771 1371 5841 Vulgata,
1394 5772 1510 5826 ideo
1555 5772 1712 5841 quasi
1741 5771 1802 5825 tle
1831 5785 2013 5824 somno

441 5852 724 5899 suscitatus
753 5859 888 5911 sum,
916 5853 1021 5898 etc.

2120 4640 2282 4704 ultra,
2317 4635 2507 4691 Patres
2535 4637 2892 4689 comederunt
2925 4648 3084 4687 uvam
3117 4635 3395 4693 acerbam,
3427 4641 3480 4687 et
3509 4632 3708 4686 dentes

2121 4733 2352 4786 ﬁliorum
2382 4729 2770 4798 obstupesceut
2795 4727 2839 4792 ³,
2874 4727 2966 4782 sed
3000 4726 3376 4796 unusquisque
3410 4727 3460 4778 in
3496 4725 3708 4795 iniqui-

2121 4834 2229 4879 tate
2251 4837 2349 4876 sua
2380 4821 2667 4874 morietur.
2691 4818 2889 4874 Omnis
2916 4818 3079 4872 homo
3099 4819 3191 4888 qui
3215 4818 3517 4873 comederit
3541 4834 3704 4873 nvan:

2119 4915 2398 4981 acerbam,
2435 4913 2824 4983 obstupescent
2875 4913 3068 4968 dentes
3124 4913 3263 4983 ejus.
3301 4930 3320 4962 ι
3375 4909 3604 4966 Domum
3652 4924 3708 4966 et

2121 5014 2361 5073 domum,
2403 5006 2454 5061 id
2497 5016 2598 5072 est,
2631 5007 2846 5059 domum
2880 5003 3074 5070 Israel,
3108 5015 3162 5059 et
3196 5009 3410 5059 domum
3444 5003 3610 5068 Iuda,
3649 5005 3703 5059 in

2122 5101 2473 5172 Septuaginta
2531 5113 2635 5152 non
2695 5098 2959 5163 habetur;
3017 5098 3110 5152 sed
3163 5107 3371 5150 tantqu
3433 5094 3596 5151 lsrael
3648 5105 3706 5152 et

2117 5192 2342 5256 Judam,
2377 5199 2433 5244 ut
2466 5189 2560 5249 sit,
2590 5196 2638 5241 et
2672 5186 2940 5241 seminabo
2974 5186 3146 5243 Israel
3178 5201 3228 5242 et
3258 5185 3476 5242 Iudam.
3512 5188 3704 5254 Quod-

2119 5301 2225 5358 que
2275 5283 2457 5338 intulit
2491 5301 2506 5338 :
2537 5275 2759 5336 ‘Semine
2803 5282 3069 5335 hominum
3116 5291 3167 5335 et
3203 5282 3589 5352 jumentorum,
3634 5282 3708 5336 ad

2119 5375 2414 5432 rationales
2459 5384 2513 5429 et
2561 5373 2839 5442 simplices
2881 5371 3084 5427 referre
3126 5371 3412 5427 debemus.
3448 5369 3510 5424 Et
3553 5372 3704 5428 sicut

2122 5471 2176 5524 in
2223 5465 2492 5537 principio
2544 5462 2798 5520 J-eremiae
2853 5467 3057 5520 dictum
3107 5473 3192 5518 est
3234 5464 3299 5519 ad
3349 5479 3471 5519 eum
3510 5479 3527 5518 :
3562 5463 3706 5517 Ecce

2121 5559 2372 5615 constitui
2423 5567 2472 5612 te
2517 5558 2668 5612 hodie
2716 5574 2873 5626 super
2905 5569 3107 5629 gentes.
3135 5568 3182 5612 et
3223 5571 3379 5625 super
3423 5572 3604 5626 regna,
3646 5566 3708 5610 ist

2121 5656 2331 5718 erellas,
2362 5661 2412 5707 et
2442 5652 2706 5721 destruas,
2729 5665 2777 5707 et
2804 5656 3100 5726 disperdas,
3124 5665 3174 5710 et
3204 5656 3444 5725 dissipes,
3475 5663 3524 5708 et
3566 5656 3708 5709 trdi-

2196 5768 2216 5799 ²
2247 5767 2578 5841 Constanter
2597 5779 2724 5841 cum
2756 5767 3168 5841 Hieronymian.
3195 5780 3249 5825 et
3272 5768 3427 5838 Vulg.
3452 5767 3583 5823 edit.
3613 5769 3710 5826 hie

2123 5849 2291 5909 atque
2319 5836 2549 5892 inferius
2590 5836 2826 5894 Gistcre.
2856 5836 2993 5909 ιιιεᾴ
3013 5836 3423 5913 obstupuerunt.
