4004 6182
366 393 470 457 917

827 399 1323 465 COMMENTAR.
1365 404 1446 464 IN
1490 383 1892 486 JEREM'IAM
1935 403 2398 466 ΡΒΟΡΗΕΤΑΜ
2431 408 2579 468 LIB.
2623 407 2721 480 Vl,
2760 409 2916 472 CAP.
2963 410 3179 473 XXXI.

3511 411 3645 472 92971

354 513 500 579 lices,
535 519 587 566 et
629 511 836 582 plantes
857 530 876 568 :
917 525 974 569 et
1008 516 1224 586 vigilavi
1271 533 1436 587 super
1471 535 1567 575 eos
1603 532 1660 576 ιιι
1699 521 1932 578 facerem
1966 522 2010 577 Λ
2040 532 2248 582 eorum,
2281 528 2336 576 et
2376 521 2428 576 in
2475 522 2642 576 corde
2671 537 2858 576 eorum
2889 526 3126 578 scribant
3159 541 3301 587 eaut,
3333 535 3387 578 et
3419 540 3512 578 ero
3539 529 3623 581 eis

357 604 503 671 quod
543 604 782 660 minatus
816 622 936 662 sum
973 625 989 664 :
1022 610 1126 676 sic,
1161 611 1360 682 inquit,
1395 614 1632 683 vigilabo
1668 631 1812 671 nunc
1844 632 1938 671 su-

357 710 456 764 per
485 710 604 760 eos,
640 706 698 750 ut
726 698 988 756 aediﬁcem
1017 711 1073 755 et
1102 702 1364 772 plantetn.
1398 705 1492 761 Dei
1526 707 1670 763 enim
1703 709 1937 779 agricul-

355 792 503 848 tura.
535 786 630 842 Dei
660 789 950 845 adiﬁcatio
979 792 1112 847 estis
1140 791 1196 862 (I
1223 792 1347 849 Cor.
1384 809 1465 861 ιιι.
1494 795 1571 866 9).
1605 795 1807 854 Omnes
1841 799 1938 854 Int-

351 873 654 943 juscemodi
700 882 1153 950 repromissiones
1181 883 1335 954 juxta
1367 884 1586 942 Iudaeos
1625 901 1681 942 et
1719 901 1937 946 nostros

355 967 730 1036 Judaizantes,
765 972 818 1024 in
849 972 998 1027 mille
1027 989 1294 1030 annorum
1328 992 1496 1047 regno
1525 989 1790 1048 putantur
1816 997 1938 1036 esse

354 1062 715 1127 complenda.
758 1061 870 1119 Nos
923 1074 1146 1133 autem,
1194 1069 1411 1125 dicente
1461 1073 1764 1140 Apostolo:
1826 1074 1939 1145 Ego

355 1149 622 1221 plantavi.
651 1154 841 1222 Apollo
867 1157 1077 1227 rigavit,
1101 1161 1192 1214 sed
1218 1159 1355 1215 Deus
1390 1163 1766 1220 incrementum
1795 1168 1941 1222 dedit

357 1240 523 1310 (Ibid.
554 1244 643 1311 6);
677 1256 732 1300 et
762 1246 903 1301 Isaia
937 1251 1222 1320 propheta,
1247 1253 1390 1322 quod
1418 1252 1672 1310 Salvator
1703 1261 1940 1314 aediﬁca-

357 1342 447 1386 tor
461 1335 694 1403 sepintn,
711 1347 767 1391 et
785 1339 1072 1394 domorum
1095 1357 1218 1398 esse
1240 1357 1575 1400 memoretur
1594 1346 1731 1414 (lsa.
1759 1354 1939 1420 unt),

356 1426 414 1480 in
453 1427 629 1495 primo
674 1430 906 1486 adventu
946 1431 1152 1489 Christi
1198 1436 1554 1504 spirltualiter
1589 1442 1806 1511 impleta
1843 1445 1940 1501 de-

356 1515 653 1585 fendimus,
693 1529 746 1576 et
780 1522 1002 1592 impleta
1037 1540 1103 1580 ex
1150 1539 1325 1596 parte,
1359 1547 1465 1584 non
1509 1548 1573 1587 ex
1623 1547 1780 1592 toto:
1814 1539 1938 1604 quia

355 1624 502 1664 nunc
544 1612 596 1664 in
643 1616 867 1683 speculo
908 1617 1182 1684 videmus,
1213 1632 1267 1695 et
1304 1624 1358 1678 in
1389 1627 1679 1696 :rnigmate
1733 1629 1790 1701 (1
1815 1630 1941 1687 Cor.

355 1707 500 1769 nn),
541 1715 598 1757 et
642 1707 921 1764 nescimus
960 1711 1103 1767 sicut
1156 1726 1373 1782 oportet
1427 1734 1528 1774 nos
1573 1722 1717 1777 scire
1761 1724 1936 1797 (Rom.

357 1792 499 1856 vni).
531 1791 664 1847 Cum
695 1806 876 1850 autem
909 1803 1052 1866 quod
1085 1805 1387 1870 perfectum
1422 1821 1507 1863 est
1539 1791 1780 1878 venerit,
1809 1825 1942 1870 tunc

2041 611 2092 662 in
2125 611 2320 677 Deum,
2351 624 2406 668 et
2452 613 2554 684 ipsi
2609 625 2770 670 erunt
2817 616 2948 670 tuihi
2999 617 3053 670 itt
3100 617 3376 685 populum.
3419 619 3484 673 Et
3516 634 3622 672 non

2039 701 2310 760 docebunt
2341 706 2479 760 ultra
2511 707 2881 776 unusquisque
2906 706 3096 780 [Vn/g.
3135 710 3213 762 vir
3239 721 3290 764 et
3318 707 3423 783 vir]
3445 715 3630 790 proxi-

2044 811 2190 850 mum
2226 813 2410 862 suum,
2437 807 2491 852 et
2522 801 2897 870 unusquisque
2922 802 3142 854 fratrem
3173 820 3354 865 suum,
3388 803 3579 858 dicens
3609 821 3622 834 ο

2039 884 2366 958 Cognoscite
2397 889 2709 955 Domlnutn,
2743 895 2866 960 quia
2903 910 3095 948 omnes
3136 895 3311 950 scient
3343 911 3430 950 me
3465 913 3494 949 a
3527 898 3628 950 nti-

2042 981 2191 1034 nimo
2220 995 2412 1036 eorum
2447 998 2618 1052 usque
2648 985 2715 1038 ad
2747 987 3066 1054 maximum,
3089 990 3160 1041 ait
3193 990 3477 1052 Dominus,
3499 991 3634 1060 quia

2042 1075 2382 1144 propitiabor
2415 1077 2691 1146 iniquitati
2724 1094 2942 1144 eorum,
2971 1093 3025 1136 et
3059 1083 3264 1152 peccati
3299 1099 3488 1138 eorum
3521 1100 3626 1137 non

2042 1179 2138 1219 ero
2184 1181 2395 1222 memor
2443 1170 2700 1238 amplius.
2745 1189 2764 1223 ι
2824 1171 2937 1226 lloc
2984 1174 3300 1228 teStimonio
3348 1176 3630 1240 apostolus

2043 1254 2264 1322 Paulus,
2298 1259 2415 1314 sive
2449 1261 2576 1330 quis
2607 1262 2744 1317 alios
2772 1263 2996 1333 scripsit
3028 1265 3343 1334 Epistolam,
3381 1282 3512 1321 usus
3542 1275 3631 1320 est

2042 1347 2111 1400 ad
2146 1345 2425 1415 Hebraeos,
2456 1365 2754 1421 omnesque
2799 1353 3057 1424 deinceps
3099 1357 3460 1414 ecclesiastici
3526 1359 3628 1412 viri

2045 1437 2098 1491 in
2133 1441 2310 1508 primo
2339 1439 2640 1497 Salvatoris
2675 1445 2909 1499 adventu
2949 1445 3139 1500 dicunt
3180 1450 3431 1502 universa
3473 1464 3628 1503 com-

2045 1531 2211 1599 pleta,
2238 1543 2291 1586 et
2321 1549 2517 1588 novum
2551 1534 2984 1603 Testamentum,
3014 1540 3115 1593 hoc
3142 1552 3227 1595 est
3255 1541 3627 1610 Evangeliutn,

2047 1622 2382 1677 successisse
2407 1625 2581 1680 veteri
2617 1636 2967 1692 testamento,
2991 1647 3018 1682 a
3046 1645 3152 1699 quo
3185 1631 3378 1700 legem,
3411 1634 3634 1694 litterae,

2049 1710 2165 1780 lege
2199 1712 2410 1784 1073
2449 1715 2671 1783 spiritus
2709 1730 3124 1784 commutatam,
3163 1733 3222 1773 ιιι
3263 1724 3441 1774 omnia
3489 1737 3630 1790 quo-

2048 1819 2154 1870 que
2204 1805 2499 1872 sacriﬁcia,
2530 1813 2584 1862 et
2627 1808 2998 1876 circumcisio,
3039 1821 3094 1865 et
3141 1813 3426 1867 sabbatum
3469 1815 3632 1881 spiri-

354 1884 497 1949 quod
531 1901 596 1938 ex
635 1898 788 1954 parte
821 1899 904 1944 est
935 1891 1265 1951 destruetur,
1297 1899 1405 1954 Αυι
1428 1913 1578 1957 certe
1608 1903 1660 1957 ει,
1693 1910 1936 1962 secum",
1969 1900 2010 1953 Β
2040 1895 2265 1949 tualiter
2321 1899 2751 1968 complerentur.
2812 1901 2966 1967 Quod
3024 1914 3204 1958 autem
3261 1919 3479 1973 pactum
3530 1921 3630 1974 pro

294 1987 296 1989 ‘
353 1977 674 2046 complenda
705 1984 1002 2050 credimus,
1026 1989 1245 2055 quando
1281 1990 1335 2044 in
1372 2007 1468 2047 sua
1509 1996 1792 2066 majestate
1831 2001 1939 2055 Do-

360 2067 544 2121 minus
591 2072 893 2138 apparebit,
931 2084 987 2128 et
1032 2079 1424 2136 sultintraverit
1474 2085 1753 2153 plenitudo
1801 2107 1936 2161 gen-

355 2157 516 2224 tium,
542 2169 604 2213 ut
626 2165 806 2218 omnis
831 2163 1002 2220 Israel
1046 2168 1231 2226 salvus
1266 2171 1382 2238 ﬁat,
1407 2183 1461 2230 et
1498 2157 1838 2249 nequaquam
1867 2197 1932 2238 ex

351 2261 507 2318 parte
545 2267 641 2320 per
669 2255 937 2325 singulos,
970 2263 1064 2314 sed
1099 2263 1171 2317 sit
1207 2263 1350 2321 Deus
1375 2271 1557 2324 omnia
1587 2272 1642 2327 itt
1676 2277 1934 2334 omnibus

353 2339 534 2402 (Rom.
565 2360 638 2410 Il,
667 2357 716 2400 et
749 2346 778 2400 I
809 2347 933 2405 Cor.
973 2353 1088 2422 xv).
1117 2354 1381 2428 Quodque
1419 2362 1693 2421 infertur:
1727 2367 1794 2421 In
1823 2371 1937 2424 die-

352 2433 450 2486 bus
476 2434 585 2490 illis
615 2454 720 2493 non
749 2441 922 2496 dicent
949 2446 1116 2509 ultra,
1140 2458 1316 2514 patres
1351 2453 1566 2523 1072
1595 2461 1932 2516 comederunt

353 2538 507 2578 uvam
545 2529 814 2594 acerbam,
846 2542 898 2586 et
943 2536 1122 2592 dentes
1172 2539 1409 2609 ﬁliorum
1455 2545 1837 2616 obstupescent,
1879 2566 1935 2608 et

354 2617 584 2688 reliqua,
622 2624 675 2676 in
715 2626 1188 2694 explanatiouibus
1233 2634 1533 2694 Ezechielis
1569 2644 1781 2708 plenius
1816 2647 1932 2702 dis-

351 2711 647 2779 seruimus,
673 2720 897 2784 quando
931 2720 1271 2789 interpretati
1305 2743 1493 2784 sumus
1523 2732 1674 2786 illum
1711 2735 1886 2791 locum
1916 2756 1928 2792 :

354 2799 463 2853 Fili
493 2801 747 2872 hominis,
775 2810 903 2878 quid
931 2813 1075 2867 vobis
1112 2825 1161 2868 et
1186 2819 1457 2886 parabolae
1482 2823 1596 2878 ista:
1623 2826 1761 2879 inter
1789 2829 1932 2897 ﬁlias

353 2890 530 2946 Israel
553 2897 883 2956 dicentium:
902 2901 1091 2961 Patres
1113 2914 1450 2966 comederunt
1479 2931 1633 2970 uvam
1665 2923 1928 2989 acerbam,

353 2996 404 3040 et
433 2987 609 3046 dentes
640 2993 877 3062 filiorum
911 3000 1317 3070 obstupuerunt.
1359 3004 1481 3062 Vivo
1513 3025 1625 3078 ego,
1659 3011 1788 3066 dicit
1825 2987 1932 3068 Do;

353 3082 553 3148 minus,
585 3085 632 3138 si
666 3088 828 3153 fuerit
861 3092 1006 3144 ultra
1039 3092 1148 3146 lucc
1192 3097 1450 3160 parabola
1484 3101 1540 3154 in
1579 3100 1773 3170 Israel,
1804 3108 1930 3177 quia

351 3190 531 3229 omnes
567 3178 760 3234 anima
798 3197 926 3236 mete
962 3197 1107 3250 sunt,
1145 3187 1279 3240 sicut
1315 3190 1497 3244 anima
1541 3195 1735 3264 patris,
1767 3200 1842 3252 sic
1879 3209 1929 3254 et

2045 1995 2374 2042 testamento
2420 1993 2695 2060 ponimus,
2739 1992 3015 2049 llehraicae
3067 1997 3310 2050 veritatis
3359 2009 3461 2062 est,
3507 1998 3632 2052 licet

2045 2078 2451 2136 Testamentum
2480 2095 2625 2139 recte
2653 2098 2866 2153 pactum
2895 2089 3228 2158 appelletur;
3262 2089 3386 2158 quia
3433 2091 3631 2145 volun.-

2042 2180 2128 2228 tas
2165 2173 2216 2228 in
2246 2188 2311 2228 eo
2340 2186 2506 2244 atque
2549 2180 2771 2232 testatio
2797 2195 3007 2243 cortttu,
3037 2182 3129 2250 qui
3163 2193 3378 2250 pactum
3415 2183 3628 2244 ineunt.

2041 2265 2373 2321 continetur.
2430 2267 2661 2336 Quando
2717 2271 2949 2328 eductus
3001 2282 3084 2328 est
3141 2275 3309 2330 Israel
3364 2275 3432 2330 de
3481 2285 3629 2332 terra

2039 2356 2282 2429 Egypti,
2315 2369 2461 2415 tanta
2510 2361 2604 2418 Dei
2657 2365 2708 2418 in
2754 2366 2845 2419 illo
2889 2367 3087 2436 popqu
3119 2366 3465 2424 familiaritas
3506 2370 3627 2431 fuit,

2043 2456 2102 2502 ut
2137 2465 2354 2504 manum
2387 2466 2575 2507 eorum
2607 2455 3034 2524 apprehendisse
3067 2458 3302 2524 dicatur,
3330 2467 3386 2514 et
3412 2459 3629 2515 dedisse

2043 2546 2283 2605 pactum,
2326 2541 2469 2610 quod
2524 2542 2600 2596 illi
2655 2543 2903 2598 fecerunt
2959 2546 3195 2612 irritum,
3233 2557 3288 2602 et.
3340 2559 3624 2618 propterea

2042 2632 2313 2693 Dominus
2360 2632 2599 2702 neglexit
2643 2651 2758 2689 eos.
2796 2633 2950 2690 Nunc
2993 2649 3173 2692 autem
3225 2637 3278 2693 in
3330 2640 3626 2710 Evangelia

2041 2731 2166 2789 post
2190 2737 2434 2787 crucem,
2469 2728 2954 2795 resurrectionem,
2983 2740 3034 2784 et
3067 2716 3465 2799 aScensionetn,
3493 2733 3626 2786 dare

2040 2824 2100 2863 se
2133 2822 2373 2881 pactum,
2407 2829 2514 2868 non
2549 2814 2604 2870 in
2654 2816 2855 2874 tabulis
2903 2820 3153 2889 lapideis,
3184 2822 3278 2876 sed
3326 2822 3378 2876 in
3426 2823 3632 2879 tabults

2039 2903 2223 2958 cordis
2284 2906 2600 2962 carnalibus
2667 2910 2976 2976 pollicetur.
3045 2911 3292 2982 Cumque
3358 2914 3623 2984 scriptum

2039 2991 2204 3050 fuerit
2246 2995 2461 3052 Domini
2505 2999 2916 3056 Testamentum
2954 3003 3008 3057 in
3047 3014 3228 3059 mente
3261 3009 3626 3072 credentium,

2040 3084 2218 3154 ipsum
2251 3103 2374 3143 esse
2402 3091 2486 3145 eis
2517 3091 2572 3145 in
2617 3079 2808 3162 Deum,
2837 3104 2894 3150 et
2929 3095 3048 3150 illos
3094 3111 3216 3152 esse
3251 3098 3305 3151 in
3343 3102 3626 3169 populum,

2040 3189 2101 3233 ut
2134 3195 2479 3252 nequaquam
2513 3183 2772 3241 Judaicos
2810 3199 3055 3257 quierant
3089 3191 3398 3260 magistros.
3425 3202 3480 3248 et
3515 3202 3626 3247 tra-

351 3269 538 3321 αιιδηια
575 3270 699 3337 filii,
755 3275 948 3328 Anima
991 3293 1109 3348 qua;
1152 3283 1478 3351 ρεσεαοενίι,
1525 3251 1641 3354 5",“
1679 3251 2006 3347 ,,,',,;,,,',',C
2037 3273 2297 3339 ditioncs,
2346 3251 2407 3332 et
2455 3279 2712 3334 mandata
2766 3281 3073 3344 hominum,
3113 3285 3208 3338 sed
3259 3286 3555 3340 doceantur
3595 3303 3625 3340 a

353 3359 576 3428 (Ezech.
608 3380 762 3430 xvm,
796 3368 820 3422 l
857 3371 1059 3440 seqq.).
1091 3370 1195 3426 Per
1223 3390 1344 3442 qua:
1381 3378 1664 3446 discimus,
1701 3396 1932 3440 mortem

354 3467 462 3506 non
484 3455 662 3511 facere
679 3455 988 3526 Dominum,
1008 3465 1102 3518 sed
1121 3478 1427 3535 peccatum.
1443 3472 1636 3526 Anima
1651 3476 1792 3529 enim
1812 3494 1934 3548 qua:

354 3550 688 3617 peccaverit,
720 3553 833 3620 ipsa
869 3557 1153 3612 morietur.
1190 3559 1418 3631 Hocque
1445 3563 1500 3618 in
1531 3569 1781 3634 praesenti
1811 3570 1932 3628 loco

351 3637 576 3704 dicitur,
604 3644 749 3711 quod
790 3659 1132 3718 nequaquam
1172 3656 1414 3720 peccatis
1449 3667 1660 3724 patrum
1691 3661 1744 3714 in
1775 3672 1933 3718 aiter-

353 3747 482 3785 num
515 3734 804 3792 ot‘teuderit
833 3737 1032 3807 Israel;
1080 3745 1174 3799 sed
1210 3748 1446 3814 pr0priis
1476 3751 1705 3821 meritis,
1736 3763 1787 3808 et
1831 3756 1933 3809 llde

354 3823 408 3876 in
441 3822 722 3880 Christum
761 3839 886 3897 post
932 3842 1174 3901 tempora
1217 3841 1386 3892 multa
1431 3838 1694 3896 solvetur.
1736 3843 1800 3898 Et
1832 3845 1930 3900 ob-

350 3919 681 3974 servandum
731 3923 872 3989 quod
919 3923 1049 3978 vitia
1103 3935 1266 3996 atque
1314 3940 1535 3997 peccata
1585 3949 1685 3988 uva
1737 3938 1928 3992 acerba

355 4009 626 4075 dicantur,
661 4019 718 4065 ut
753 4013 1155 4070 contedentium
1204 4017 1396 4075 dentes
1439 4021 1847 4094 obstupescant,
1876 4039 1932 4083 et

353 4116 459 4155 non
491 4104 698 4170 possint
723 4104 843 4174 ejus
867 4108 1190 4164 suavitatem
1214 4114 1440 4179 sentire,
1467 4117 1533 4170 de
1554 4135 1664 4185 quo
1691 4121 1926 4179 dicitur:

351 4193 606 4258 Gustate,
656 4206 705 4250 et
756 4197 956 4265 videte,
1011 4203 1262 4270 quoniam
1317 4207 1496 4260 suavis
1543 4219 1619 4261 est
1673 4210 1929 4269 Dominus

353 4286 528 4346 (Psal.
559 4303 750 4351 sunt,
777 4289 854 4359 9).
889 4289 1226 4364 Quicumque
1244 4294 1554 4366 Scripturas
1590 4319 1696 4356 non
1737 4306 1807 4358 ita
1840 4307 1925 4360 itt-

353 4379 544 4448 telligit
580 4389 640 4434 ut
680 4380 757 4435 rei
795 4382 997 4438 veritas
1042 4387 1226 4449 habet,
1259 4404 1416 4441 uvam
1461 4396 1710 4448 acerbam
1749 4413 1930 4453 conte-

352 4472 454 4526 dit.
498 4471 647 4528 Unde
683 4490 874 4529 omnes
919 4477 1155 4532 haeretici
1194 4471 1447 4547 perversa
1483 4489 1791 4551 credentes,
1829 4505 1926 4558 pa-

2039 3363 2243 3433 Spiritu
2279 3375 2492 3431 sancto,
2528 3367 2574 3421 si
2616 3377 2797 3424 tamen
2846 3373 3034 3427 audire
3077 3383 3393 3430 mereantur
3424 3395 3437 3430 :
3470 3375 3626 3430 Tem-

2034 3457 2180 3522 plum
2206 3455 2304 3513 Dci
2323 3459 2471 3524 estis,
2495 3468 2544 3513 et
2568 3461 2787 3529 spiritus
2818 3463 2912 3517 Dei
2937 3464 3142 3520 habitat
3169 3469 3222 3520 in
3252 3470 3392 3523 vobis
3421 3469 3474 3540 (I
3497 3471 3625 3528 Cor.

2039 3565 2127 3614 ut,
2165 3551 2277 3617 16).
2316 3551 2552 3620 Spiritus
2583 3564 2764 3608 autem
2797 3557 2967 3624 spirat
3003 3559 3093 3612 ubi
3131 3560 3264 3625 vult,
3296 3572 3351 3615 et
3383 3563 3628 3620 diversas

2034 3643 2205 3701 habet
2235 3648 2466 3715 gratias.
2499 3648 2813 3719 Notitiaque
2841 3651 3002 3705 unius
3032 3651 3150 3718 Dei,
3180 3656 3422 3710 omnium
3455 3659 3626 3711 virtu-

2033 3746 2144 3791 tum
2180 3743 2456 3809 possessio
2488 3753 2593 3797 est.
2633 3743 2700 3796 Et
2738 3745 2857 3809 hoc,
2894 3744 3091 3814 inquit,
3126 3745 3238 3816 ﬁet,
3273 3750 3396 3818 quia
3443 3753 3626 3821 propi-

2031 3832 2136 3885 tius
2165 3848 2254 3886 ero
2283 3835 2550 3904 iniquitati
2579 3851 2798 3892 eorum:
2831 3848 2878 3892 et
2913 3840 3118 3907 peccati
3154 3857 3338 3894 eorum
3381 3860 3483 3896 non
3540 3862 3624 3899 re-

2032 3922 2290 3976 cordabar
2335 3926 2593 3995 amplius.
2645 3926 2720 3980 Ex
2763 3943 2872 3996 quo
2911 3930 3253 3998 perspicuum
3297 3940 3380 3985 cst
3423 3949 3622 3989 secuti.—

2035 4014 2160 4067 dum
2208 4015 2369 4083 hujus
2421 4019 2731 4086 περικοπῆς
2772 4019 3212 4090 intelligentiam,
3249 4024 3530 4091 superiora
3570 4027 3634 4077 in.

2035 4108 2212 4176 primo
2245 4109 2598 4179 intelligenda
2625 4111 2925 4166 Salvatoris
2950 4113 3208 4175 adventu,
3233 4117 3448 4182 quando
3478 4128 3622 4170 uter-

2033 4214 2137 4267 que
2176 4201 2404 4270 populus
2455 4203 2559 4256 sibi
2606 4201 2769 4257 Israel
2818 4215 2873 4257 et
2917 4203 3057 4260 Juda
3107 4208 3394 4275 copulatus
3428 4220 3530 4264 est.
3565 4212 3620 4264 Si

2031 4293 2121 4346 cui
2161 4306 2344 4347 autem
2387 4295 2702 4364 scrupulum
2751 4295 2900 4359 facit,
2932 4315 3104 4366 quare
3138 4301 3337 4354 dixerit
3376 4317 3391 4356 :
3426 4301 3624 4370 Βῶρος

2035 4403 2160 4439 nam
2189 4389 2368 4441 domui
2396 4387 2569 4442 Israel
2592 4398 2640 4442 et
2663 4389 2842 4442 domui
2866 4392 3011 4445 Juda
3035 4405 3272 4470 pactum,
3294 4395 3408 4450 sive
3442 4395 3624 4450 Testa—

2032 4489 2262 4532 mentum
2297 4497 2505 4542 novum,
2537 4497 2640 4534 non
2678 4485 2964 4537 secundum
2999 4498 3235 4554 pactum,
3278 4491 3416 4559 quod
3457 4491 3626 4560 pepigi

354 4579 472 4617 ne";
502 4567 567 4619 (te
598 4567 737 4621 cmlo
767 4567 1186 4624 descendentem
1218 4574 1503 4628 comedere
1538 4593 1642 4630 non
1676 4589 1925 4648 possunt,
1961 4605 2006 4664 ο
2039 4587 2160 4624 cum
2203 4571 2441 4638 patribus
2483 4574 2692 4637 vestris,
2745 4575 3016 4646 intelligat
3053 4582 3286 4648 primum
3331 4581 3624 4638 l'lcclcsiatn

353 4657 445 4710 sed
472 4658 866 4728 obstupescth
891 4662 1085 4717 dentes
1111 4679 1322 4729 eorum,
1348 4683 1455 4722 non
1481 4671 1725 4726 ciborum
1749 4685 1924 4728 auste-

354 4750 534 4812 ritate,
566 4751 660 4805 sed
694 4751 822 4805 vitio
851 4752 1116 4809 dentittm.

425 4839 604 4911 (Vers.
639 4843 728 4910 5t,
762 4843 876 4913 52).
921 4863 939 4897 ι
983 4845 1122 4901 Ecce
1167 4847 1287 4902 dies
1331 4851 1559 4906 veniunt
1606 4852 1791 4926 [Vulg
1837 4873 1927 4914 ve-

352 4931 555 5007 niunt],
594 4936 728 4990 dicit
775 4936 1056 5004 Dominus,
1096 4948 1150 4992 et
1202 4938 1394 4994 feriam
1447 4943 1573 5012 (sive
1619 4946 1924 5018 disponam)

351 5025 534 5080 domui
584 5027 774 5093 Israel,
805 5039 860 5082 et
893 5029 1078 5084 domui
1126 5028 1284 5096 Juda,
1315 5041 1531 5100 pactum
1585 5036 1711 5104 (sive
1759 5050 1926 5095 testa-

354 5121 620 5187 mentum)
655 5135 875 5186 novmn,
902 5137 1007 5174 non
1041 5127 1336 5179 secundum
1365 5137 1580 5195 pactum
1607 5131 1734 5197 (sire
1763 5141 1927 5186 testa-

353 5210 620 5280 mentum)
651 5217 794 5280 quod
837 5215 1015 5284 pepigi
1058 5231 1179 5269 cum
1230 5218 1474 5285 patribus
1516 5223 1709 5275 vestris
1753 5225 1804 5276 in
1842 5228 1929 5280 die

351 5317 460 5370 qua
512 5307 838 5372 apprehendi
887 5325 1104 5361 manum
1146 5325 1358 5374 eorum,
1397 5323 1460 5365 ut
1501 5315 1785 5368 educerem
1834 5333 1928 5370 eos

350 5397 419 5446 de
449 5403 591 5448 terra
627 5396 868 5467 Aﬂgypti.
914 5397 1134 5453 Pactum
1177 5403 1306 5470 (sive
1339 5414 1746 5476 testamentum)
1780 5410 1927 5477 quod

354 5485 568 5538 irritum
620 5487 898 5554 fecerunt,
938 5501 994 5542 et
1049 5506 1148 5560 ego
1199 5495 1506 5550 dominatus
1563 5513 1681 5551 smn
1737 5517 1926 5554 conum

353 5577 482 5644 (sive
506 5595 606 5648 ego
634 5581 843 5650 neglexi
873 5584 990 5650 eos)
1019 5586 1153 5638 dicit
1183 5585 1466 5642 Dominus.
1504 5588 1566 5643 Et
1592 5589 1778 5661 (Vulg.
1810 5595 1925 5657 seu)

353 5670 460 5725 hoc
504 5672 608 5725 erit
653 5685 870 5739 pactum
922 5676 1050 5743 (sive
1096 5682 1504 5750 testamentum)
1545 5683 1687 5749 quod
1735 5684 1925 5738 feriam

352 5776 476 5814 cum
525 5763 688 5818 domo
728 5764 890 5820 Israel
931 5778 1051 5837 post
1093 5768 1210 5824 dies
1256 5769 1398 5834 illos,
1439 5771 1574 5827 dicit
1613 5773 1875 5831 Dominus
1911 5794 1924 5830 :

352 5850 504 5911 Dabo
553 5855 721 5927 legem
774 5873 948 5914 nteant
1001 5859 1054 5915 in
1110 5862 1406 5919 visceribus
1454 5865 1581 5936 (sire
1614 5866 1670 5922 itt
1723 5869 1924 5942 mente)

2030 4664 2237 4718 Christi
2291 4681 2356 4720 ex
2409 4665 2630 4732 Judaeis,
2667 4679 2721 4720 et
2772 4675 2839 4723 ad
2892 4671 3013 4726 illos
3060 4674 3278 4727 xenissc
3334 4673 3620 4728 Dominum

2029 4757 2363 4814 Salvatorcnt
2412 4769 2577 4829 atque
2624 4763 2876 4818 dixisse:
2916 4764 3038 4819 Non
3085 4768 3201 4821 veni
3251 4770 3350 4821 nisi
3390 4770 3462 4821 ad
3502 4786 3618 4822 oves

2027 4853 2263 4920 perditas
2292 4853 2480 4908 domus
2511 4856 2684 4910 Israel
2714 4855 2940 4923 (Matth.
2973 4875 3098 4925 xxv,
3125 4861 3254 4928 ‘24);
3284 4871 3338 4914 ct
3366 4861 3415 4913 id
3447 4863 3621 4932 ipsum

1993 4995 2000 5002 ,
2029 4946 2302 5015 apostolos
2340 4947 2731 5004 conﬁrmasse:
2776 4950 2929 5003 Vobis
2961 4953 3170 5020 quidem
3205 4954 3434 5020 primum
3464 4973 3621 5023 opor—

2030 5037 2170 5092 lebat
2207 5039 2349 5110 loqui
2376 5042 2586 5095 verbum
2621 5042 2758 5096 Dei:
2790 5047 3042 5111 quoniam
3081 5045 3334 5113 repellitis
3376 5049 3534 5111 illud,
3568 5061 3616 5102 et

2032 5133 2276 5202 indignos
2303 5149 2396 5186 nos
2418 5134 2681 5202 judicatis
2711 5145 2922 5188 wternte
2953 5136 3093 5198 rint,
3118 5153 3234 5190 ecce
3262 5143 3618 5194 convertimur

2032 5225 2101 5276 ad
2141 5233 2317 5294 gentes
2360 5227 2508 5294 (Act.
2558 5241 2671 5289 χιιι,
2704 5226 2818 5294 46).
2858 5226 2972 5280 Non
3010 5229 3154 5281 enim
3201 5235 3487 5297 Oportebat
3521 5249 3616 5301 pa-

2033 5333 2152 5370 neut
2207 5317 2439 5372 Iiliorum
2487 5321 2618 5373 dare
2667 5321 2892 5374 canibus
2941 5320 3161 5390 (Matth.
3201 5327 3314 5393 xv).
3351 5329 3443 5379 sed
3486 5327 3612 5394 quia

2033 5409 2126 5462 lilii
2173 5421 2382 5477 patrem
2419 5411 2471 5464 itt
2502 5428 2597 5466 sua
2636 5415 2944 5467 venientem
2981 5417 3258 5484 suscipere
3299 5418 3610 5483 noluerunt,

2031 5500 2176 5553 dedit
2209 5503 2462 5557 omnibus
2513 5515 2861 5572 potestatem,
2895 5516 2952 5560 ιιι
2995 5507 3084 5577 qui
3132 5511 3436 5577 receperint
3463 5527 3609 5574 eum,

2033 5593 2163 5646 liant
2197 5593 2287 5648 lilii
2325 5595 2414 5649 Dei
2448 5595 2630 5660 (Joan.
2663 5600 2724 5667 ι).

2107 5685 2288 5754 (Vers.
2317 5686 2407 5752 35,
2433 5688 2547 5758 36.)
2587 5708 2604 5742 t
2642 5689 2766 5746 llaec
2793 5691 2926 5746 dicit
2965 5693 3249 5758 Dotniuus,
3278 5695 3368 5762 qui
3398 5694 3492 5750 dat
3520 5711 3610 5752 so-

2033 5779 2134 5832 lent
2182 5777 2235 5832 in
2281 5778 2482 5836 lumine
2517 5782 2647 5846 dici,
2679 5785 2924 5839 ordinem
2977 5786 3116 5838 lunze
3153 5796 3208 5840 et
3245 5788 3522 5841 stellarum
3556 5792 3606 5839 tn

2033 5869 2236 5928 lumine
2288 5875 2488 5941 noctis,
2523 5875 2614 5945 qui
2661 5877 2841 5933 turbat
2889 5893 3038 5934 mare
3087 5886 3138 5931 ct
3181 5889 3374 5933 sonant
3411 5877 3608 5935 [luctus
