4004 6182
291 389 294 392 .
391 322 499 390 919

385 440 504 510 ejus
539 460 553 499 :
583 443 847 505 Dominus
875 453 1212 512 exercituum
1245 458 1456 517 'nomen
1501 463 1598 521 illi.

383 534 496 588 rint
535 535 684 606 leges
731 540 849 596 istm
889 543 1016 610 (sire
1059 557 1259 604 statuta
1301 553 1437 624 haec)
1467 571 1650 614 coram
1687 578 1796 631 me,
1829 565 1963 623 dicit

386 625 674 692 Dominus,
705 641 834 689 tunc
869 645 922 690 et
952 652 1138 695 semen
1176 642 1339 700 Israel
1375 648 1607 714 deliciet,
1642 663 1700 709 ut
1743 625 1850 713 non
1893 659 1962 716 sit

386 732 518 786 gens
541 735 722 777 coram
751 741 835 782 me
858 731 1070 786 cunctis
1097 733 1308 792 diebus.
1337 757 1357 791 ι
1395 741 1461 795 Et
1488 743 1538 797 in
1564 743 1788 803 Genesis
1814 751 1962 820 prin-

385 811 528 878 cipio
564 812 794 883 legimus
840 821 1007 876 solem
1047 825 1100 878 in
1145 829 1340 884 caelum
1383 835 1617 903 positum
1663 837 1717 894 in
1758 811 1961 900 lumine

383 903 513 965 diei,
559 905 774 980 1074
823 910 1004 966 lunam
1059 932 1274 988 quoque
1316 935 1370 978 et
1415 927 1600 983 stellas
1647 930 1700 985 in
1757 933 1960 992 lumine

383 998 558 1051 noctis
587 996 741 1068 (Gen.
776 1002 838 1064 t).
886 1004 948 1058 Et
982 1007 1034 1061 in
1069 1007 1282 1067 Psalmo
1316 1032 1329 1068 :
1363 1016 1483 1071 Dies
1521 1020 1629 1074 diei
1670 1026 1958 1082 annuntiat

377 1087 611 1155 uerbum,
649 1100 697 1145 et
730 1110 830 1149 no.1:
861 1100 1002 1152 nocti
1029 1102 1230 1157 indicat
1261 1108 1536 1164 scientiam
1579 1112 1762 1185 (Psal.
1800 1134 1955 1184 XVIII,

379 1176 523 1272 ξε),
569 1187 709 1251 quod
766 1188 1000 1246 invicem
1054 1194 1155 1250 sibi
1209 1213 1314 1252 nox
1370 1176 1598 1272 diesque
1643 1176 1953 1267 succedant:

379 1266 686 1339 Quomodo,
710 1275 902 1347 inquit,
925 1296 1107 1338 rerum
1131 1297 1182 1340 et
1202 1289 1437 1345 maxime
1459 1294 1764 1352 caelestium
1785 1311 1960 1358 astro-

380 1373 500 1412 rutn
534 1379 636 1416 non
671 1377 849 1434 potest
879 1373 1013 1426 ordo
1044 1379 1266 1443 mutari,
1298 1389 1349 1435 et
1379 1387 1624 1443 sonantis
1658 1392 1824 1446 maris
1851 1393 1955 1449 ilu-

375 1457 498 1504 ctus
537 1455 829 1514 volvuntur
871 1463 936 1516 ad
978 1464 1198 1534 littora,
1247 1471 1533 1546 fragorque
1578 1483 1854 1551 gurgitum
1903 1495 1958 1542 et

379 1544 649 1598 undarum
708 1549 1183 1614 intumescentium
1246 1544 1503 1625 terribilis
1560 1544 1802 1643 auditur,
1857 1591 1958 1634 nec

373 1643 553 1702 potest
603 1641 741 1696 ultra
793 1649 1130 1717 procedere,
1185 1669 1343 1724 quam
1395 1658 1485 1714 Dei
1531 1641 1955 1739 jnssione-prte-

371 1737 586 1796 ceptum
609 1743 709 1800 est,
730 1735 880 1804 juxta
903 1741 1038 1795 illttd
1060 1761 1073 1774 ·
1101 1745 1396 1805 Terminum
1419 1756 1652 1821 posuisti
1672 1735 1954 1828 quem—non

1566 351 1625 412 S.
1668 353 1977 462 EUSEDII
2033 361 2470 426 IIIERONYMI

3537 379 3651 442 9‘20

1627 467 1683 524 Si
1720 484 1969 528 cessave-
1997 482 2041 538 Α
2072 493 2186 533 sunt
2207 495 2384 535 semen
2425 479 2618 547 Israel,
2648 492 2858 550 propter
2875 485 3053 540 omnia
3080 500 3197 557 qua
3230 487 3487 558 fecerunt.
3511 491 3651 546 dicit

2068 570 2346 627 Dominus.
2372 573 2659 638 Quomodo
2683 576 2895 648 1075
2926 587 3109 634 autem
3145 579 3277 634 illud
3304 581 3649 652 impossibile

2066 670 2170 728 est,
2208 672 2265 718 ttt
2293 665 2553 720 caelorum
2591 669 2964 724 summitatem
2988 679 3045 728 et
3075 679 3234 727 terra:
3288 655 3648 729 fundamenta

2065 771 2375 822 noscamus,
2400 758 2480 812 sic
2505 767 2560 814 et
2593 759 2696 815 hoc
2731 761 3070 830 impossibile
3091 764 3215 827 erit,
3268 773 3331 819 ut
3384 765 3646 833 abjiciam

2064 843 2378 899 universum
2413 861 2600 903 semen
2625 848 2812 904 Israel.
2840 849 2936 906 Sin
2985 861 3166 908 autem
3224 855 3480 926 abjecero
3524 857 3648 910 uni-

2063 951 2280 992 versum
2309 953 2494 994 semen
2525 941 2714 1008 lsrael,
2749 958 2879 1014 ergo
2905 947 3315 1003 mensurabitur
3369 949 3644 1004 caelorum

2063 1031 2371 1092 summitas.
2392 1040 2447 1086 et
2464 1041 2709 1088 extrema
2725 1041 3019 1091 terrarum.
3036 1036 3133 1093 Hic
3148 1039 3495 1109 syllogismus
3508 1040 3638 1093 etin

2061 1121 2358 1192 Evangelia
2389 1125 2589 1180 texitur
2615 1140 2631 1180 :
2666 1129 2886 1196 quando
2906 1131 2922 1161 ⁸
2950 1130 3288 1198 impossibile
3309 1132 3641 1200 impossibili

2062 1221 2413 1282 comparatur
2448 1229 2463 1267 :
2490 1212 2725 1270 Facilius
2745 1219 2987 1274 camelus
3011 1218 3233 1274 intrabit
3258 1235 3356 1288 per
3385 1219 3636 1275 foramen

2061 1319 2212 1371 acus,
2241 1321 2402 1375 quam
2432 1308 2580 1362 dives
2614 1309 2818 1364 intrare
2853 1311 3022 1380 possit
3062 1311 3115 1364 in
3151 1327 3309 1380 regna
3366 1313 3637 1368 caelorum

2063 1396 2286 1464 (Matth.
2344 1415 2434 1454 xtx
2461 1403 2500 1468 ).
2529 1400 2814 1468 Quomodo
2838 1403 2983 1457 enim
3011 1402 3146 1458 illud
3196 1403 3317 1476 [ΑΙ.
3377 1404 3640 1472 impossi-

2060 1487 2214 1560 bile]
2243 1489 2356 1544 lieri
2393 1506 2498 1545 non
2528 1501 2728 1560 potest,
2766 1493 2846 1546 sic
2903 1507 3002 1548 nec
3055 1495 3157 1550 hoc
3210 1495 3328 1550 ﬁeri
3382 1494 3636 1564 poterit:

2060 1581 2206 1650 quod
2235 1581 2277 1636 si
2299 1581 2402 1636 hoc
2436 1581 2636 1636 factum
2671 1583 2860 1648 fuerit,
2887 1600 3019 1654 ergo
3046 1584 3140 1640 tiet
3161 1585 3312 1651 illud,
3351 1587 3498 1655 quod
3530 1586 3634 1640 im-

2063 1673 2321 1742 possibile
2347 1674 2660 1741 putabatur.
2698 1675 3055 1750 Errantergo
3103 1678 3194 1746 qui
3253 1680 3398 1733 hunc
3451 1679 3633 1733 locum

2060 1763 2219 1821 aliter
2277 1766 2606 1835 edisserunt,
2654 1779 2921 1840 ponentes
2950 1781 3004 1826 et
3053 1771 3183 1826 illud
3233 1772 3634 1837 testimonium,

372 1823 679 1930 transiliunt.
719 1845 880 1898 neque
912 1846 1281 1896 convertentur
1317 1847 1520 1915 operire
1553 1823 1745 1906 terram
1776 1854 1950 1926 (Psal.
1985 1843 2025 1896 Β
2055 1859 2198 1929 quod
2227 1862 2460 1928 potuerit
2486 1823 2680 1930 petere
2718 1863 2935 1918 Patrem
2995 1861 3185 1930 Filius,
3243 1873 3299 1919 et
3339 1865 3635 1919 duodecim

371 1926 488 2009 cui,
523 1915 602 1985 9);
636 1921 738 1985 sic,
772 1923 968 1994 inquit,
1003 1944 1189 1986 semen
1229 1944 1283 1990 et
1314 1952 1483 2008 genus
1521 1943 1705 2009 Israel,
1741 1915 1956 2007 Domini

321 2035 330 2038 -
373 2006 481 2104 erit
530 2014 811 2070 voluntate
858 2030 1202 2093 perpetuum,
1243 2006 1347 2085 nec
1388 2006 1952 2104 aliquando—deficiet.

375 2097 548 2168 Leges
597 2114 775 2161 autem
821 2109 930 2177 hic,
965 2111 1215 2172 Mosaicae
1262 2135 1366 2176 non
1412 2097 1540 2184 sunt
1571 2126 1952 2204 intelligenda,

378 2193 473 2246 sed
522 2198 840 2255 constitutio
872 2211 928 2259 et
971 2207 1106 2264 ordo
1150 2223 1381 2272 naturae.
1421 2193 1827 2293 lnterrogem'ns
1860 2193 1955 2283 lu:-

375 2284 542 2354 da-os,
587 2289 632 2343 si
669 2293 792 2348 caeli
833 2297 1104 2367 peribunt,
1151 2313 1204 2357 et
1240 2321 1429 2364 omnes
1471 2312 1624 2380 quasi
1661 2315 1953 2373 vestimen-

373 2385 486 2432 tum
530 2393 898 2458 veterascent;
932 2402 985 2446 et
1030 2395 1096 2449 ad
1129 2397 1412 2456 Dominum
1447 2404 1646 2461 dicitur
1675 2423 1692 2465 :
1728 2407 1804 2463 Tu
1847 2428 1953 2466 au-

370 2480 474 2526 tem
499 2473 636 2573 idem
663 2477 775 2547 ipse
804 2498 879 2548 es,
906 2493 956 2538 et
986 2488 1114 2542 anni
1141 2491 1218 2543 tui
1245 2492 1496 2560 deﬁcient
1523 2496 1696 2568 (Psal.
1728 2517 1802 2568 at,
1833 2502 1951 2573 28),

375 2568 652 2634 quomodo
676 2586 858 2627 semen
891 2575 1056 2632 Israel
1090 2591 1271 2650 potest
1297 2598 1421 2642 esse
1451 2595 1818 2660 perpetuum?

373 2663 517 2718 enim
551 2667 900 2734 pereuntibus
926 2672 1079 2729 caelis
1105 2675 1302 2744 peribit
1331 2688 1386 2735 et
1414 2696 1602 2738 semen
1626 2684 1823 2753 Israel;
1859 2698 1954 2746 aut

367 2754 413 2847 si
451 2752 614 2810 fuerit
646 2767 995 2830 perpetuum,
1033 2778 1162 2835 ergo
1197 2782 1300 2824 nec
1333 2773 1456 2828 caeli
1489 2778 1764 2844 peribunt.
1798 2752 1950 2847 Quod

367 2845 413 2900 si
456 2847 746 2918 Scriptura
799 2855 1015 2909 mentiri
1069 2872 1177 2914 non
1227 2871 1432 2932 potest,
1461 2876 1515 2921 et
1548 2871 1772 2939 perituri
1824 2845 1953 2930 sunt

367 2937 516 3002 caeli,
548 2939 750 3008 peribit
787 2942 955 3012 igitur
990 2955 1049 3002 et
1093 2964 1278 3006 semen
1325 2952 1511 3020 Israel,
1549 2937 1785 3015 maxime
1825 2978 1950 3020 cum

367 3035 422 3083 et
454 3025 622 3085 Jacob
656 3029 908 3101 loquatur
946 3039 1013 3092 ad
1061 3039 1198 3096 ﬁlios
1233 3058 1252 3098 τ
1292 3041 1492 3113 Venite,
1531 3059 1580 3103 et
1623 3055 1950 3110 annuntiabo

365 3118 510 3173 vobis
557 3121 683 3192 quid
737 3123 977 3193 futurum
1018 3129 1087 3181 sit
1129 3131 1189 3184 in
1227 3135 1524 3192 novissimis
1557 3141 1738 3195 diebus
1787 3145 1945 3213 (Gen.

364 3225 512 3275 thx,
548 3212 625 3282 1).
669 3211 898 3280 Quando
944 3227 1123 3272 autem
1156 3220 1376 3291 dicitur,
1406 3225 1460 3279 in
1494 3211 1803 3285 novissimis
1835 3233 1950 3288 die-

370 3304 489 3369 bus,
523 3320 652 3376 ergo
692 3309 924 3366 mundus
969 3327 1090 3367 esse
1131 3317 1386 3382 cessabit,
1418 3329 1472 3375 et
1508 3320 1609 3376 alia
1642 3321 1732 3378 ﬁet
1762 3339 1946 3383 rerum

368 3398 654 3469 dispositio
699 3399 813 3473 [Αι.
856 3403 1233 3483 dispensatio].
1290 3412 1404 3469 Hoc
1457 3417 1750 3471 adversum
1799 3417 1944 3474 illos.

367 3493 638 3550 Caeterum
675 3499 884 3554 nostris
927 3503 1186 3559 mundum
1252 3507 1414 3562 istunt
1450 3524 1555 3566 non
1604 3525 1722 3566 esse
1754 3527 1946 3582 perpe-

367 3594 545 3651 tuum,
585 3589 749 3643 etiam
793 3591 1145 3660 Evangelium
1176 3597 1535 3668 demonstrat,
1573 3604 1759 3660 dicens
1789 3622 1805 3662 :
1835 3587 1958 3660 Cw-t

370 3679 479 3733 lum
511 3691 562 3734 et
593 3691 734 3735 terra
763 3687 1063 3741 transibunt
1097 3687 1312 3756 (Ma-tm.
1347 3709 1492 3760 xxrv,
1528 3695 1640 3766 35).
1675 3696 1780 3752 Et:
1818 3697 1948 3753 Ecce

367 3788 460 3843 ego
490 3773 751 3829 vobiscum
783 3794 900 3831 sum
940 3782 1180 3836 omnibus
1204 3784 1389 3840 diebus
1419 3803 1585 3855 usque
1611 3791 1680 3842 ad
1704 3806 1950 3844 consum-

371 3866 661 3922 mationem
708 3871 894 3924 stt'culi
937 3873 1149 3942 (Matth.
1192 3893 1385 3945 xxvm,
1424 3879 1534 3950 20).
1588 3880 1848 3938 Dicamtts
1893 3891 1950 3939 et

369 3955 570 4015 aliter:
605 3957 853 4026 Quandiu
903 3966 1136 4023 mundus
1181 3969 1281 4024 iste
1327 3969 1512 4039 fuerit,
1549 3988 1737 4028 semen
1780 3972 1948 4029 Israel

367 4059 424 4104 et
455 4059 668 4121 gentem
701 4052 985 4109 Judaicam
1027 4073 1458 4128 permansurum,
1507 4080 1614 4120 non
1646 4067 1697 4120 in
1734 4067 1818 4122 bis
1853 4067 1947 4136 qui

371 4159 515 4200 nunc
561 4146 820 4201 increduli
863 4158 1013 4214 sunt,
1046 4155 1140 4206 sed
1185 4153 1241 4207 in
1271 4155 1355 4210 liis
1382 4157 1474 4226 qui
1523 4173 1645 4212 cum
1690 4161 1951 4228 apostolis

370 4246 426 4290 et
482 4251 574 4304 per
627 4240 901 4306 apostolos
957 4243 1340 4313 crediderunt,
1391 4257 1446 4302 ut
1501 4249 1740 4319 reliquiae
1787 4250 1950 4306 salva:

372 4330 589 4386 tierent.

446 4421 626 4495 (Vers.
661 4424 807 4496 57.)‹
835 4426 960 4484 Ilaec
985 4431 1115 4486 dicit
1140 4433 1399 4492 Dominus
1421 4436 1828 4508 :Sigmeusurari
1855 4455 1951 4511 po-

2059 1950 2300 2022 legiones
2347 1953 2661 2024 angelorum
2720 1954 2986 2011 adducere
3013 1957 3067 2009 in
3125 1970 3284 2011 suum
3338 1955 3630 2010 auxilium.

2058 2042 2196 2100 Huic
2217 2048 2398 2102 sensui
2441 2047 2793 2120 Septuaginta
2824 2049 3162 2104 contrarium
3202 2049 3629 2116 transtulerunt,

2057 2139 2298 2195 dicentes
2356 2138 2452 2197 :Si
2491 2141 2783 2197 exaltatum
2835 2141 2996 2211 fuerit
3021 2141 3209 2198 ctutum
3241 2143 3550 2208 sublimius,
3576 2150 3633 2196 et

2056 2231 2395 2287 humiliatum
2430 2235 2783 2298 pauimentum
2835 2245 2994 2290 terra?
3051 2235 3299 2294 deorsum
3331 2276 3348 2298 ,
3411 2245 3460 2289 et
3510 2251 3630 2302 ego,

2053 2324 2251 2393 inquit,
2281 2342 2384 2381 non
2410 2328 2697 2396 reprobabo
2719 2344 2893 2382 sanun
2925 2327 3119 2390 Israel,
3175 2330 3302 2382 dicit
3345 2326 3629 2392 Dominus,

2053 2429 2267 2488 propter
2287 2421 2467 2474 omnia
2488 2437 2605 2492 quae
2645 2421 2904 2489 fecerunt.
2935 2421 3087 2487 Quod
3124 2423 3168 2475 si
3188 2423 3261 2477 ita
3295 2431 3400 2485 est,
3433 2437 3631 2490 repro-

2053 2512 2274 2567 bahitur
2312 2511 3008 2582 genuslsrael.Quomodo
3064 2512 3207 2568 enim
3259 2513 3458 2568 cadum
3518 2526 3630 2567 non

2053 2613 2231 2674 potest
2255 2619 2320 2660 eo
2355 2604 2496 2673 quod
2519 2613 2623 2668 est.
2658 2620 2782 2660 esse
2817 2606 3126 2671 sublimius,
3152 2620 3253 2662 nec
3311 2615 3458 2660 terra
3522 2607 3628 2660 hn—

2053 2692 2234 2747 milior
2262 2708 2384 2748 esse
2436 2710 2506 2750 eo
2547 2695 2688 2764 quod
2720 2705 2808 2751 est
2845 2713 2859 2748 :
2889 2697 2969 2751 sic
2990 2707 3044 2750 et
3077 2712 3248 2764 genus
3308 2696 3479 2752 Israel
3529 2711 3630 2750 ne-

2051 2798 2323 2852 quaquam
2354 2785 2554 2854 poterit
2577 2789 2598 2819 ¹
2622 2785 2924 2853 reprobari.
2952 2785 3010 2840 Si
3049 2786 3351 2842 viderimus
3407 2786 3632 2842 Judteos

2046 2878 2198 2946 juxta
2231 2878 2559 2933 Hebraicum
2600 2879 2706 2934 hoc
2736 2879 3051 2935 testimonio
3083 2879 3325 2949 gloriari,
3355 2880 3629 2935 assentia-

2050 2986 2172 3025 mur
2194 2970 2275 3024 eis
2307 2971 2451 3036 quod
2485 2985 2590 3024 non
2619 2970 2688 3025 sit
2747 2971 3018 3040 abjectum
3067 2971 3379 3026 universum
3438 2987 3624 3027 semen

2049 3061 2236 3116 Israel.
2278 3061 2392 3117 Non
2411 3064 2554 3117 enim
2584 3078 2774 3118 omnes
2799 3063 2992 3135 objecti
3021 3073 3169 3130 sunt,
3196 3065 3289 3120 sed
3313 3066 3365 3120 lti
3387 3075 3621 3133 tantum,

2051 3156 2143 3226 qui
2184 3154 2405 3209 fuerunt
2433 3155 2718 3213 increduli.

2120 3245 2316 3319 (Vers.
2343 3247 2472 3316 '58.)
2517 3267 2535 3298 ι
2565 3248 2704 3303 Ecce
2737 3248 2853 3304 dies
2880 3249 3128 3312 veniunt,
3155 3249 3284 3305 dicit
3335 3249 3625 3313 Dominus,

2048 3349 2101 3397 et
2130 3339 2490 3395 atditicabitur
2505 3339 2697 3394 civitas
2715 3340 2964 3408 Domino,
2993 3355 3022 3395 a
3041 3351 3192 3397 turre
3220 3341 3460 3396 Ananeel
3506 3340 3624 3415 ῘΑΙ.

2046 3428 2393 3502 Anameltel]
2428 3444 2601 3499 usque
2626 3431 2691 3485 ad
2718 3439 2926 3498 portam
2980 3431 3188 3502 anguli.
3224 3441 3278 3487 et
3326 3433 3499 3488 exibit
3537 3432 3626 3485 ul-

2051 3530 2128 3576 tra
2161 3536 2348 3576 norma
2381 3523 2679 3592 (sivejuxta
2709 3521 3081 3593 Symmachum
3133 3523 3414 3596 funiculis)
3468 3539 3626 3579 men-

2049 3627 2190 3667 surae
2213 3612 2330 3682 ejus
2360 3620 2547 3667 contra
2581 3629 2700 3668 eam
2726 3615 2922 3668 collem
2979 3615 3182 3680 Gareb,
3250 3625 3307 3670 et
3365 3615 3626 3669 circuibit

2047 3705 2256 3763 Goatha
2281 3708 2296 3772 (
2318 3707 2420 3760 sive
2435 3706 2594 3776 juxta
2613 3705 2985 3776 Septuaginta,
3011 3710 3075 3762 de
3094 3708 3282 3764 electis
3301 3709 3629 3777 lapidibus).

2049 3797 2116 3853 Et
2147 3813 2362 3853 onmem
2387 3798 2579 3852 vallem
2612 3799 2892 3852 ruinarum
2923 3800 3059 3868 (pro
3085 3801 3272 3868 quibus
3337 3799 3638 3854 Theodotio

2051 3891 2215 3961 ipsum
2243 3890 2452 3946 uerbum
2486 3889 2803 3944 Hebraicum
2825 3893 3002 3960 posuit
3048 3906 3314 3947 ιηιΑαΑῐωι
3374 3891 3575 3959 (ntus
3606 3891 3631 3961 )

2049 3991 2102 4038 et
2127 3985 2338 4036 cineres
2361 3993 2414 4036 et
2445 3997 2662 4036 omnem
2687 3983 3010 4038 Asaremotlt
3041 3985 3221 4054 (quod
3257 3985 3444 4038 melius
3497 3984 3630 4053 legi-

2051 4075 2503 4127 ntussSAneuortt
2532 4073 2550 4104 ³
2571 4073 2832 4141 (nm-twn
2857 4074 2899 4142 ),
2927 4090 3022 4144 pro
3051 4089 3153 4143 quo
3203 4072 3396 4142 Aquila
3439 4074 3638 4128 subur-

2051 4163 2187 4217 bana
2224 4166 2600 4233 interpretatus
2622 4172 2696 4217 est
2744 4177 2915 4232 usque
2937 4164 3002 4217 ad
3031 4169 3330 4217 torrentem
3357 4160 3629 4232 Cedron),

2051 4269 2221 4324 usque
2277 4257 2343 4308 ad
2407 4252 2665 4323 angulum
2735 4262 2908 4325 porta:
2969 4269 3236 4324 equorum
3297 4252 3630 4318 Orientalis,

2051 4356 2298 4400 sanetum
2330 4344 2542 4400 Domini
2570 4359 2676 4400 non
2741 4346 3018 4401 evelletur
3048 4355 3102 4400 et
3157 4361 3267 4401 non
3319 4347 3638 4400 destruetur

2052 4453 2228 4508 usque
2251 4439 2304 4492 in
2334 4448 2681 4508 perpetuum.
2723 4457 2742 4490 ι
2767 4438 2868 4506 Qui
2902 4439 3049 4495 mille
3080 4455 3351 4494 annorum
3391 4441 3448 4494 in
3479 4449 3628 4494 terra

375 4516 1378 4597 tuerintetelisttrsum,etiuvestigari
1404 4528 1756 4589 fundamenta
1787 4539 1948 4589 terra:
1982 4534 2024 4590 D
2053 4531 2238 4588 Iudaea
2269 4547 2495 4601 regnum
2529 4531 2734 4586 Cltristi
2796 4533 3095 4602 recrpiunt,
3147 4530 3317 4588 Judaei
3374 4533 3638 4588 videlicet

376 4605 650 4672 deorsum,
681 4619 732 4661 et
767 4627 866 4680 ego
896 4611 1149 4681 abjiciatn
1183 4617 1497 4674 universum
1522 4636 1712 4678 semen
1755 4623 1943 4690 Israel,

373 4708 595 4766 propter
622 4700 806 4754 omnia
830 4716 949 4771 qua:
967 4701 1236 4770 fecerunt,
1262 4707 1394 4763 dicit
1423 4709 1707 4769 Dominus.
1737 4713 1906 4770 tLXX
1932 4734 1946 4775 :

377 4809 395 4842 ι
431 4790 557 4847 Haec
587 4793 716 4848 dicit
752 4793 1016 4851 Dominus
1051 4814 1065 4852 :
1102 4795 1156 4852 Si
1188 4799 1454 4856 elevatuin
1520 4806 1684 4861 fuerit
1733 4781 1948 4865 coelum

377 4887 688 4953 sublimius,
752 4898 803 4943 et
856 4891 900 4944 si
960 4891 1308 4948 bumiliatum
1367 4895 1740 4965 pavimentum
1790 4913 1950 4960 terra:

373 4981 651 5047 deorsum,
676 4990 730 5036 ct
762 4998 861 5053 ego
890 4999 993 5037 non
1034 4987 1340 5056 reprobabo
1360 5005 1529 5059 genus
1560 4992 1748 5060 Israel,
1811 4995 1944 5051 dicit

374 5069 658 5139 Dominus,
695 5090 793 5144 pro
825 5076 1075 5133 omnibus
1102 5094 1222 5148 quae
1255 5081 1526 5137 fecerunt.
1569 5104 1588 5137 ›
1622 5083 1845 5141 Multum
1893 5088 1950 5155 ip

377 5166 483 5220 ltoc
515 5167 636 5219 loco
679 5166 847 5223 distat
907 5167 1236 5226 chraicum
1291 5176 1360 5229 ab
1413 5174 1652 5231 editione
1701 5174 1951 5246 Vulgata.

376 5257 632 5312 Dicamus
661 5261 894 5328 primum
947 5263 1099 5332 juxta
1159 5266 1481 5322 Hebraicum
1517 5285 1532 5327 :
1563 5268 1621 5324 Si
1653 5273 1952 5326 mensurari

377 5354 643 5418 potuerint
674 5353 789 5406 εαξη
831 5369 1064 5421 sursum,
1105 5368 1364 5414 eteorum
1389 5363 1617 5415 altitudo
1670 5366 1952 5432 cognosci,

378 5443 457 5496 uel
521 5446 828 5516 investigari
844 5447 1190 5517 fundamenta
1210 5460 1455 5517 terrte,et
1486 5462 1735 5509 extrema
1764 5470 1952 5509 eorum

377 5541 584 5594 ratione
609 5545 1014 5612 comprehendi,
1036 5555 1083 5598 et
1108 5561 1221 5615 ego,
1247 5548 1449 5618 inquit,
1473 5548 1719 5615 abjiciam
1751 5551 1956 5603 univcr-

455 5742 468 5816 ξ
498 5745 728 5816 ςιξῆιριης.
761 5786 775 5808 ,
808 5749 1131 5809 impossibile
1184 5750 1420 5816 possibili
1469 5739 1834 5813 comparatur.

449 5813 470 5846 ³
504 5812 646 5867 Idem
686 5833 805 5869 runt
830 5818 1002 5874 Vutiu.
1043 5857 1060 5885 ,
1099 5812 1292 5887 pol'ett't
1357 5812 1710 5888 comprobari.

2061 4635 2115 4680 et
2145 4624 2320 4679 nostri
2353 4625 2726 4686 Judaizantes.
2763 4636 3034 4680 conantur
3066 4627 3358 4682 ostendere
3419 4633 3633 4680 turrem

2049 4714 2288 4769 Auaneel
2319 4722 2372 4769 et
2406 4723 2612 4783 portam
2641 4714 2846 4784 anguli,
2881 4723 2935 4768 et
2964 4714 3160 4770 collem
3183 4713 3386 4778 Gareb,
3414 4725 3468 4768 et
3495 4712 3637 4770 Goa-

2055 4805 2168 4871 Ilia,
2198 4815 2253 4861 et
2279 4806 2476 4860 vallem
2534 4807 2841 4877 Pbagarim,
2897 4816 2952 4862 et
2982 4822 3198 4862 omnem
3268 4806 3630 4873 Asademotlt,

2051 4907 2107 4954 et
2142 4907 2436 4956 torrentem
2473 4898 2784 4964 Cedrou,et
2817 4901 2993 4954 locum
3023 4899 3245 4971 1076
3280 4899 3467 4968 anguli
3501 4915 3622 4966 por-

2054 5002 2121 5048 tae
2151 5007 2416 5064 equorum
2450 4993 2730 5049 orientalis
2765 5010 2780 5049 :
2814 5001 2866 5048 et
2912 4993 2982 5048 ibi
3016 4994 3218 5059 idicnnt
3252 4993 3634 5047 sanctuarium

2055 5084 2294 5150 Domini,
2325 5086 2375 5140 id
2417 5095 2521 5151 est,
2558 5085 2819 5156 templum
2861 5099 2982 5141 esse
3015 5085 3380 5151 condcndum,
3409 5101 3630 5140 mansuo

2059 5193 2284 5248 rumque
2317 5178 2369 5232 in
2401 5189 2740 5248 perpetuum.
2772 5177 2924 5244 Quod
2951 5177 3075 5246 quia
3105 5187 3228 5248 post
3255 5177 3632 5247 captivitatem

2056 5271 2393 5340 temporibus
2417 5271 2713 5326 Zorobabel
2748 5281 2801 5326 et
2829 5272 2980 5325 Ezrm
3010 5286 3115 5324 non
3176 5277 3403 5340 possunt
3451 5285 3637 5324 mons-

2058 5373 2202 5418 trare
2232 5363 2588 5435 completum,
2623 5373 2912 5421 transeunt
2973 5363 3038 5417 ad
3085 5362 3290 5418 Christi
3361 5371 3632 5432 tempora,

2057 5453 2217 5526 quem
2253 5455 2305 5510 in
2329 5456 2799 5512 cortsutntttatione
2833 5454 3018 5510 mundi
3064 5454 3254 5514 dicunt
3318 5466 3442 5508 esse
3500 5467 3634 5506 ven-

2060 5557 2264 5610 turum,
2291 5560 2349 5603 ut
2383 5566 2548 5605 aurea
2579 5559 2741 5620 atque
2766 5547 3209 5620 gemmatajuxta
3238 5545 3633 5618 Apocalypsim

2128 5754 2153 5874 ἓ
2181 5752 2242 5862 In,
2268 5750 2556 5810 Nominum
2591 5766 2805 5823 quoque
2824 5751 2990 5819 libro,
3013 5744 3356 5811 Asedemotlt,
3398 5760 3532 5799 arra
3554 5744 3639 5802 uel

2159 5835 2383 5874 urmna.

2061 5835 2383 5879 suburbana.
