4004 6182
318 387 422 453 921

748 389 1241 455 COMMENTAR.
1286 391 1370 453 IN
1408 389 1808 454 JEREMIAM
1840 389 2304 455 PROPHETAM
2363 395 2507 458 LIB.
2548 396 2650 469 VI,
2688 397 2843 458 CAP.
2871 397 3118 458 XXXII.

3455 395 3562 459 922

307 507 534 564 Joannis
559 510 856 567 descemlat
891 509 1220 572 Jerusalem.
1244 517 1300 565 et
1333 509 1437 564 hoc
1471 517 1632 564 terra:
1680 508 1879 576 spatio,
1905 505 1958 567 Δ
1985 521 2225 575 versam,
2257 511 2458 582 inquit,
2485 512 2784 576 sademoth,
2845 516 2990 582 quod
3025 530 3124 595 nps
3182 515 3447 570 vertimus
3507 517 3561 568 in

311 602 366 655 id
401 610 506 664 est,
537 601 606 655 ab
634 602 727 657 illo
755 602 876 656 loco
903 613 1072 671 usque
1095 599 1163 654 ad
1196 599 1344 654 illum
1380 599 1562 654 locum
1587 598 1890 654 aediﬁcetur

308 708 414 762 per
445 694 738 748 circuitum
773 693 984 764 (Apoc.
1016 709 1112 748 ut
1135 693 1180 763 ).
1266 691 1717 761 Suspicionisque
1775 703 1888 745 sua

313 783 456 838 hanc
481 783 723 836 aurulam
749 783 996 851 capiunt,
1026 784 1168 853 quod
1197 797 1225 835 a
1255 791 1404 836 turre
1423 780 1728 847 Anathoth,
1764 794 1886 849 qua:

311 871 474 927 hodie
502 873 804 942 appellatur
828 874 1102 941 Jeremiaz,
1127 874 1302 928 tribus
1333 887 1363 927 a
1421 870 1720 928 Jerusalem
1765 871 1887 926 mil-

313 963 458 1018 libus
484 973 756 1033 separata,
781 981 958 1034 usque
1016 965 1085 1019 ad
1151 975 1449 1018 torrentem
1498 960 1762 1029 Cedron,’
1792 961 1884 1032 qui

313 1052 574 1105 scribitur
599 1053 649 1106 in
672 1051 1185 1124 Evangelio(Joan.
1212 1070 1346 1110 xvut
1377 1056 1418 1124 ),
1448 1063 1503 1108 et
1535 1062 1620 1109 est
1661 1054 1712 1108 in
1745 1053 1884 1108 valle

307 1141 594 1212 Josapliat,
629 1145 717 1198 ubi
750 1147 939 1200 hortus
982 1158 1121 1210 erat,
1157 1147 1209 1201 in
1242 1163 1350 1217 quo
1381 1157 1433 1202 et
1477 1145 1647 1202 Judas
1699 1146 1884 1216 prodi-

310 1245 399 1290 tor
432 1237 656 1291 tradidit
686 1237 1050 1304 Salvatorem,
1103 1239 1339 1295 civitatis
1393 1237 1748 1294 fundamenta
1796 1237 1881 1306 ja-

311 1328 550 1383 ciantur.
575 1329 810 1391 Lecturi,
836 1333 1108 1400 inquiunt,
1132 1332 1386 1386 sumusiu
1416 1331 1880 1399 consequentibus

309 1423 568 1478 Anameel
596 1423 763 1477 ﬁlium
795 1423 1004 1477 Sallum
1043 1423 1339 1493 patruelem
1374 1423 1544 1478 fuisse
1599 1421 1874 1489 Jeremiae,

308 1512 465 1582 cujus
498 1513 632 1566 emit
661 1521 939 1580 agrum,et
965 1512 1081 1566 haec
1113 1523 1200 1568 est
1228 1512 1396 1565 turris
1423 1511 1692 1573 Ananeel,
1727 1513 1881 1580 igno-

306 1613 492 1659 rantes
518 1603 838 1658 Hebraicam
874 1605 1182 1659 veritatem.
1245 1602 1345 1659 Hie
1397 1603 1542 1657 enim
1572 1602 1726 1671 juxta
1771 1603 1878 1659 He-

304 1694 548 1750 braicum
595 1696 877 1760 scribitur,
935 1711 966 1751 a
1033 1702 1189 1750 turre
1243 1710 1488 1750 ΑιιΑιιειι.
1520 1677 1744 1767 (5mm)
1779 1711 1877 1765 per

305 1802 409 1841 non
453 1787 698 1840 videlicet
733 1789 964 1843 mediam
1026 1788 1262 1844 litteram
1294 1805 1310 1845 :
1337 1789 1411 1844 ibi
1469 1799 1695 1845 autem:
1743 1786 1876 1844 Ecce

303 1892 552 1932 ANAIEEL
584 1863 795 1948 dmum
823 1880 842 1948 )
867 1879 1229 1947 ﬁliusSallum
1261 1880 1519 1949 patruelis
1546 1890 1672 1934 tuus
1696 1881 1869 1934 veniet

302 1974 373 2026 ad
393 1986 464 2038 te,
489 1991 584 2045 per
616 1978 847 2031 mediam
880 1992 993 2032 ιιειι
1021 1978 1284 2032 litteram.
1331 1976 1659 2031 lnvocantcs
1709 1974 1874 2042 igitur

303 2066 594 2123 Dominum
623 2069 989 2135 Salvatorem,
1017 2071 1108 2139 qui
1175 2069 1340 2126 habet
1395 2069 1607 2124 clavem
1676 2066 1870 2134 David,

301 2158 393 2226 qui
420 2160 620 2226 aperit,
648 2168 702 2214 et
732 2175 890 2214 nemo
917 2161 1111 2216 claudit
1146 2178 1162 2226 ;
1199 2161 1288 2230 qui
1327 2159 1556 2224 claudit,
1605 2169 1662 2214 et
1711 2173 1873 2212 nemo

302 2251 477 2318 aperit
494 2249 681 2321 (Apoc.
707 2251 787 2319 tn)
808 2269 823 2319 ;
844 2254 935 2322 qui
957 2253 1229 2324 slgnatum
1259 2251 1644 2322 quoquelsaia:
1669 2251 1869 2305 librutn

299 2352 351 2397 et
382 2344 1025 2415 omniumprophetarutn
1052 2348 1263 2416 aperuit
1286 2346 1428 2418 (Ira.
1458 2346 1590 2415 uti)
1614 2361 1630 2413 ;
1652 2355 1708 2399 et
1737 2345 1873 2400 ado-

302 2447 558 2490 raverunt
580 2439 767 2508 viginti
799 2451 1036 2508 quatuor
1053 2441 1301 2496 seniores
1323 2449 1567 2495 tenentes
1602 2438 1868 2504 citharas,

297 2530 440 2600 quod
471 2531 618 2585 solus
649 2533 1086 2600 potueritdivina
1145 2548 1392 2588 reserare
1442 2531 1724 2604 mysteria,
1779 2546 1873 2602 ag-

297 2621 606 2690 grediamur
627 2624 912 2680 aedilicium
937 2625 1177 2679 civitatis
1201 2625 1268 2680 ad
1291 2641 1452 2694 quam
1507 2622 1869 2692 propheticus

297 2731 482 2773 sermo
513 2718 766 2787 dirigitur
796 2735 812 2774 :
845 2718 1087 2774 Gloriosa
1114 2720 1255 2773 dicta
1272 2730 1394 2774 sunt
1435 2719 1597 2784 dcte,
1677 2719 1866 2772 ciuitas

295 2810 393 2866 Dei
425 2810 600 2880 (Psal.
631 2828 850 2876 cum,
875 2815 943 2883 3)
979 2829 995 2880 ;
1053 2825 1106 2867 et
1137 2830 1151 2866 :
1186 2811 1444 2866 Fluminis
1509 2815 1731 2877 impetus
1777 2811 1868 2865 lce-

295 2903 755 2962 tiﬁcatciaitatem
814 2902 910 2955 Dei
968 2900 1160 2971 (Psal.
1215 2917 1338 2965 va,
1380 2901 1480 2969 4).
1539 2900 1868 2955 Edzﬁcatur

295 2995 482 3064 itaque
508 2996 749 3051 Ecclesia
785 3011 812 3049 a
850 3007 998 3050 turre
1028 2996 1358 3059 obedientia',
1396 2998 1516 3050 sive
1543 2995 1756 3065 gratim,
1811 3000 1866 3048 et

293 3090 554 3144 donarunt
591 3089 693 3143 Dei
725 3089 868 3162 (hoc
915 3089 1060 3144 enim
1118 3089 1512 3158 interpretatur
1585 3085 1863 3154 Ananeel),

293 3196 466 3249 usque
490 3182 556 3236 ad
577 3190 788 3252 portam
822 3181 1033 3251 anguli,
1064 3196 1186 3250 qua:
1209 3181 1338 3236 licet
1368 3181 1614 3235 videatur
1647 3178 1864 3232 initium
1895 3199 1939 3260 ε

293 3275 498 3330 habere
522 3276 776 3335 sublime,
826 3277 1066 3344 quandiu
1093 3274 1148 3328 in
1176 3274 1277 3328 ista
1305 3287 1469 3328 carne
1494 3271 1866 3335 subsistimns,

291 3381 498 3426 rectam
541 3371 782 3426 veritatis
806 3371 1006 3424 lineam
1041 3383 1148 3423 non
1180 3382 1472 3438 possumus
1536 3365 1817 3434 possidere
1846 3378 1864 3421 :

290 3469 386 3523 sed
412 3466 465 3520 in
499 3466 696 3536 angulo
727 3473 938 3519 stamus
965 3471 1019 3518 et
1047 3465 1235 3518 l'ractis
1261 3461 1390 3534 [ΑΙ.
1448 3458 1622 3530 facti]
1682 3458 1864 3522 lineis,

289 3558 512 3626 exitque
545 3557 687 3611 ultra
726 3554 1006 3610 funiculus
1031 3566 1304 3608 mensurae
1363 3562 1554 3606 contra
1601 3564 1747 3615 eam,
1811 3550 1863 3603 id

286 3659 394 3716 est,
439 3660 648 3719 portam
682 3648 888 3718 augull,
919 3663 1086 3715 super
1137 3645 1334 3702 collem
1395 3643 1593 3706 Gareb,
1655 3642 1746 3710 qui
1809 3641 1862 3696 in

290 3744 472 3813 lingua
505 3752 685 3798 nostra
713 3743 1052 3797 vertitnraut
1112 3739 1394 3802 incolatur,
1439 3745 1532 3790 aut
1590 3735 1792 3789 scabies
1842 3749 1863 3789 :

289 3848 350 3893 ut
384 3839 584 3893 doceat
613 3851 714 3890 nos
749 3836 983 3890 advenas
1011 3847 1135 3888 esse
1198 3841 1366 3902 atque
1421 3829 1758 3900 peregrinos,
1805 3835 1862 3881 et

288 3945 398 3984 non
437 3928 655 3982 auribus
681 3927 1008 3996 prurientes,
1038 3937 1091 3978 et
1114 3923 1181 3977 ad
1216 3924 1512 3975 novitatem
1549 3921 1861 3987 dogmatqu

295 4024 658 4092 pessimorum
693 4019 852 4072 facile
905 4032 1007 4070 non
1059 4014 1306 4084 praebere
1374 4026 1726 4066 consensum.
1791 4007 1861 4062 Et

285 4113 550 4177 circuibit,
606 4109 821 4179 inquit,
891 4106 1140 4168 Gootha,
1203 4121 1299 4175 pro
1355 4119 1464 4174 quo
1520 4101 1860 4171 interpretati

285 4218 417 4264 sunt
459 4204 600 4259 LXX
627 4219 718 4272 per
746 4218 954 4273 gyrum,
988 4201 1177 4256 electis
1212 4197 1508 4266 lapidibus,
1581 4197 1676 4266 qui
1741 4195 1862 4249 vol-

283 4309 490 4355 vuntur
537 4296 748 4367 1077
803 4307 964 4364 super
1011 4292 1202 4347 faciem
1254 4301 1438 4350 teme,
1501 4299 1558 4343 et
1607 4286 1858 4358 angulari

285 4393 471 4462 lapide
538 4388 1009 4460 constringuntur,
1071 4383 1290 4440 dicente
1342 4380 1593 4452 apostolo
1648 4377 1856 4434 Petro:

282 4487 355 4542 Et
382 4485 484 4554 ipsi
501 4483 518 4516 ⁸
540 4494 788 4552 tanquam
813 4480 1014 4550 lapides
1030 4479 1124 4534 vivi
1141 4475 1645 4544 superadiﬁcamini
1669 4477 1857 4528 domus

1989 604 2255 670 regionem
2291 605 2520 659 mortis:
2557 619 2726 659 unum
2755 619 2950 660 nomen
3005 606 3058 660 in
3092 608 3196 661 duo
3250 608 3412 661 verba
3480 608 3562 658 di-

1989 696 2232 753 videntes
2269 712 2438 762 ;sso:
2471 699 2489 768 (
2508 706 2598 758 τω
2627 698 2670 766 ),
2702 699 2847 768 quod
2871 699 3070 753 dicitur
3115 701 3276 767 regio,
3309 709 3363 753 et
3417 713 3563 754 tto'ru

1989 789 2204 858 (rma),
2234 790 2376 858 quod
2414 793 2804 859 interpretatur
2825 795 3012 846 mortis
3051 807 3066 850 ς
3105 807 3201 861 pro
3222 806 3330 858 quo
3369 791 3564 860 Aquila

1987 882 2148 937 vertit
2169 881 2523 950 .suburbana,
2553 883 2670 938 sive
2699 899 2851 947 arva,
2883 893 2940 939 et
2965 899 3116 937 rura.
3159 883 3326 952 Regio
3378 895 3560 936 autem

1986 973 2185 1028 mortis
2214 974 2362 1042 regio
2396 983 2746 1042 peccatorum
2782 983 2866 1029 est
2898 992 2913 1038 ;
2949 983 3002 1029 ct
3033 975 3350 1028 suburbana
3412 972 3561 1040 regio

1986 1065 2339 1130 voluptatum,
2361 1080 2482 1134 quae
2514 1068 2684 1134 pergit
2713 1081 2884 1136 usque
2915 1069 2982 1120 ad
3015 1075 3308 1121 torrentem
3329 1065 3559 1129 Cedron,

1985 1154 2078 1210 ubi
2110 1155 2344 1211 traditus
2363 1167 2447 1211 est
2484 1157 2767 1221 Dominus,
2795 1158 2887 1227 qui
2918 1155 3307 1228 interpretatur
3335 1160 3559 1213 tenebras

1984 1245 2193 1316 (Joon.
2224 1261 2356 1301 xvttt
2381 1248 2422 1315 ).
2457 1245 2596 1302 Vide
2613 1259 2815 1316 quanta
2853 1250 3052 1305 habeat
3116 1250 3230 1305 loca
3290 1250 3556 1316 Ecclesia,

1981 1346 2035 1392 et
2058 1339 2328 1406 quomodo
2361 1339 2493 1394 illud
2522 1341 2894 1409 Apostolicum
2934 1359 2950 1396 :
2985 1340 3055 1396 Ut
3095 1342 3166 1397 sit
3190 1343 3300 1396 sine
3346 1342 3559 1399 macula

1982 1439 2028 1483 et
2053 1444 2187 1498 ruga
2218 1430 2236 1499 (
2264 1427 2460 1498 Ephes.
2495 1445 2547 1494 ν,
2584 1431 2654 1486 27
2681 1431 2725 1502 ),
2760 1433 2812 1486 in
2844 1433 3026 1488 futuro
3050 1443 3104 1488 et
3138 1435 3190 1488 in
3243 1435 3560 1489 cmlestibus

1979 1529 2250 1576 servetur.
2303 1521 2474 1576 Audis
2532 1523 2782 1593 angulos,
2839 1525 2996 1580 audis
3073 1523 3336 1587 scabiem,
3402 1525 3560 1577 audis

1980 1613 2166 1668 ruinas
2190 1621 2245 1668 et
2267 1615 2502 1679 cineres,
2529 1624 2584 1671 et
2613 1615 2886 1688 regionem
2916 1617 3131 1683 mortis,
3151 1627 3205 1672 et
3237 1617 3302 1673 de
3332 1627 3422 1671 tua
3451 1617 3561 1670 vir-

1980 1711 2094 1760 tute
2119 1705 2140 1735 ’
2169 1713 2221 1760 et
2252 1706 2610 1774 impeccantia
2665 1708 2939 1774 gloriaris.
2985 1708 3230 1779 Denique
3273 1708 3556 1778 sequitur:

1975 1803 2020 1848 et
2049 1811 2208 1865 usque
2237 1797 2306 1850 ad
2332 1800 2582 1868 angulum
2611 1809 2796 1866 portas.
2825 1798 2890 1854 Et
2921 1800 3006 1854 hic
3031 1799 3284 1868 angulus,
3343 1815 3412 1854 ne
3445 1797 3558 1852 ulla

1979 1903 2112 1944 vero
2139 1887 2373 1954 iustitia,
2399 1905 2466 1945 ne
2498 1901 2649 1946 certa
2675 1891 2900 1946 victoria
2930 1891 2982 1946 in
3051 1891 3159 1946 isto
3213 1890 3413 1946 saeculo
3457 1891 3557 1946 de-

1982 1990 2339 2037 monstretur.
2371 1983 2496 2052 lpse
2524 1998 2738 2052 quoque
2767 1983 2998 2053 angulus
3028 1992 3198 2053 portae
3243 1997 3555 2052 quanquam

1980 2072 2050 2128 sit
2084 2073 2404 2140 Orientalis,
2430 2075 2576 2129 unde
2603 2075 2783 2130 lumen
2808 2074 3089 2144 egreditur
3119 2093 3132 2140 ;
3168 2084 3349 2129 tamen
3385 2088 3559 2144 equo.

1983 2179 2101 2218 rum
2166 2163 2611 2235 appellatur-ut
2671 2166 2913 2236 indigere
2977 2179 3074 2221 nos
3140 2165 3334 2220 doceat
3389 2179 3554 2219 cursu

1981 2267 2146 2326 atque
2178 2257 2498 2323 certamine,
2533 2267 2588 2312 et
2623 2260 2840 2313 tandem
2893 2274 3018 2314 cum
3080 2257 3311 2312 Domino
3366 2256 3558 2312 audire

1981 2363 2288 2404 mereamur
2317 2364 2333 2404 :
2367 2349 2669 2403 Ascendisti
2697 2366 2854 2420 equos
2877 2359 3018 2416 tuos,
3053 2359 3102 2403 et
3155 2351 3408 2420 cquitatio
3465 2359 3558 2402 tua

1980 2441 2128 2496 salus
2161 2443 2180 2511 (
2230 2439 2442 2495 Eabae.
2481 2457 2564 2506 ιιι,
2595 2442 2628 2496 8
2657 2442 2697 2510 ).
2732 2439 2788 2496 lu
2818 2452 2973 2510 porta
3004 2440 3290 2508 Orientali,
3319 2441 3370 2495 in
3391 2451 3546 2510 porta

1977 2535 2382 2604 quadrigarum,
2411 2534 2768 2590 sanctiﬁcatio
2831 2535 3065 2591 Domini.
3120 2532 3231 2606 Et[
3289 2535 3375 2588 Al.
3426 2531 3548 2605 Ut]

1981 2635 2106 2680 tunc
2142 2641 2240 2680 nos
2269 2625 2542 2696 perfectos
2568 2627 2922 2694 arbitremur,
2982 2627 3200 2696 quando
3247 2625 3549 2680 dixerimus

1979 2705 2044 2771 ad
2076 2716 2362 2772 Dominum
2398 2734 2414 2772 :
2466 2718 2667 2773 Currus
2692 2717 2789 2773 Dei
2819 2721 2992 2773 decem
3013 2719 3242 2774 millium
3269 2717 3550 2784 multiplex

1976 2809 2148 2862 millia
2167 2809 2464 2864 (celantium
2494 2827 2513 2865 :
2543 2809 2796 2865 Dominus
2825 2812 2877 2864 in
2902 2812 2976 2866 eis
3032 2812 3086 2864 in
3111 2809 3244 2865 Sina
3275 2811 3327 2863 in
3365 2820 3549 2863 sancto

1977 2901 1996 2970 (
2024 2899 2171 2954 Psal.
2210 2917 2379 2968 Lntt,
2411 2901 2477 2955 18
2506 2900 2548 2969 ).
2582 2900 2893 2956 Istiusmodi
2926 2899 3236 2963 aediﬁcatio,
3267 2915 3390 2966 qme
3451 2913 3549 2952 su-

1977 3010 2073 3063 per
2099 2994 2509 3049 fundamentum
2538 2993 2742 3048 Christi
2770 2995 2946 3063 posita
2976 3001 3082 3056 est,
3122 2994 3186 3046 de
3209 3007 3314 3060 qua
3371 2990 3549 3060 loqui—

1979 3098 2066 3142 tur
2097 3097 2150 3141 et
2183 3089 2516 3157 Apostolus:
2576 3087 2640 3143 Ut
2695 3089 2904 3155 sapiens
2971 3087 3288 3141 architectus
3355 3082 3552 3148 {unda-

1975 3191 2199 3231 mentum
2221 3179 2373 3246 posui
2393 3178 2457 3248 (Ι
2495 3178 2617 3232 Cor.
2637 3193 2720 3240 ιιι,
2744 3178 2808 3232 10
2825 3178 2866 3248 ),
2893 3193 3166 3247 nunquam
3183 3177 3530 3234 destruetur,

1970 3270 2064 3324 scd
2094 3272 2431 3341 permanebit
2454 3270 2505 3323 in
2539 3282 2884 3339 perpetuum.
2920 3271 3168 3326 Obscura
3201 3279 3256 3324 et
3307 3267 3548 3323 dillicilia

1969 3362 2129 3417 latius
2168 3363 2486 3417 disserenda
2523 3374 2675 3423 sunt.
2706 3373 2765 3419 ut
2803 3365 3103 3418 manifesta
3134 3377 3546 3433 percurramus.

2043 3455 2258 3525 1078
2284 3456 2301 3524 (
2332 3455 2464 3524 Cap.
2492 3454 2711 3510 XXX“.
2741 3485 2810 3496 --
2835 3455 2991 3511 Vers.
3026 3458 3050 3510 l
3107 3456 3290 3525 seqq.)
3332 3474 3350 3506 ι
3409 3454 3551 3509 Ver-

1968 3548 2098 3603 bum
2132 3549 2274 3618 quod
2306 3549 2511 3602 dictum
2537 3548 2708 3603 estad
2770 3548 3066 3604 Jeremiant
3123 3564 3154 3602 a
3216 3549 3444 3602 Domino
3492 3547 3547 3602 in

1969 3655 2114 3694 anno
2137 3639 2350 3696 decimo
2385 3641 2627 3696 Sedecia:
2654 3642 2796 3712 regis
2847 3640 3010 3706 Juda,
3072 3641 3188 3711 ipse
3241 3647 3324 3694 est
3369 3654 3547 3693 anuus

1966 3743 2190 3790 octavus
2227 3735 2470 3789 decimus
2491 3733 3022 3790 Nabuchodonosor.
3047 3734 3203 3788 Tunc
3265 3733 3544 3787 exercitus

1965 3827 2112 3896 regis
2151 3826 2443 3898 Babylonis
2475 3826 2764 3882 obsidebat
2814 3826 3140 3892 Jerusalem,
3195 3835 3252 3880 et
3279 3824 3544 3879 Jercmias

1966 3919 2229 3988 propheta
2262 3919 2480 3974 clausus
2515 3929 2632 3972 erat
2667 3918 2719 3973 in
2753 3919 2895 3972 atrio
2931 3919 3194 3982 carceris,
3259 3917 3350 3986 qui
3416 3925 3540 3969 erat

1965 4010 2018 4064 in
2047 4010 2210 4066 domo
2238 4011 2382 4082 regis
2405 4009 2563 4066 Juda.
2607 4010 2892 4066 Clauserat
2917 4011 3060 4066 enim
3117 4026 3240 4064 eum
3283 4009 3540 4063 Sedrcias

1966 4118 2061 4158 rex
2091 4101 2250 4166 Juda,
2283 4105 2473 4159 dicens
2506 4103 2725 4170 :Quare
2762 4105 3101 4166 vaticinaris,
3151 4103 3342 4157 dicens
3371 4119 3386 4158 :
3417 4100 3540 4155 llac

1964 4195 2398 4252 dicitDomiuus.
2437 4215 2456 4249 ι
2497 4195 2618 4251 Non
2637 4198 2812 4251 solum
2852 4198 3016 4252 verba
3070 4207 3124 4251 et
3179 4212 3344 4264 opera
3413 4212 3543 4264 νιος

1963 4286 2252 4355 phetarum
2282 4287 2438 4342 nobis
2471 4287 2722 4357 exemplo
2750 4297 2881 4341 sunt
2910 4288 2975 4341 ad
3001 4287 3284 4340 virtutem.
3319 4285 3541 4341 Poterat

1960 4377 2228 4434 Jeremias
2272 4393 2530 4449 prospera
2557 4380 2831 4443 nuntiare,
2862 4391 2915 4434 et
2952 4380 3096 4450 regis
3124 4379 3372 4434 Scdecize
3415 4381 3526 4434 l'rui

1963 4471 2369 4526 amicitlazsed
2418 4472 2653 4526 malebat
2711 4473 2820 4528 Deo
2849 4474 3023 4542 magis
3090 4474 3314 4530 obedire
3369 4489 3536 4543 quam

279 4536 600 4650 spiritualis,
629 4536 982 4632 s'acerdot'ium
1002 4583 1265 4635 sanctum,
1291 4571 1566 4640 oﬂ'erentes
1601 4569 1858 4638 spiritua—
1888 4536 1934 4593 θ
1963 4563 2272 4618 hominibus
2299 4564 2460 4636 (Act.
2490 4581 2517 4617 v
2544 4563 2591 4637 ),
2625 4575 2676 4618 et
2715 4565 2764 4619 ei
2795 4567 2888 4636 qui
2915 4575 3094 4636 potest
3122 4579 3178 4622 et
3212 4569 3450 4620 animam
3480 4575 3538 4620 et

282 4678 356 4731 les
386 4677 588 4728 hostias
612 4682 662 4727 et
691 4668 1042 4734 acceptabiles
1069 4667 1172 4722 Deo
1202 4683 1295 4734 per
1341 4664 1526 4719 Jesum
1586 4663 1858 4718 Christum

281 4767 333 4838 (1
366 4768 516 4824 Petr.
546 4781 605 4830 tt,
629 4763 726 4830 5).
754 4763 819 4816 Et
849 4775 1088 4823 Omnem,
1118 4758 1314 4828 inquit,
1348 4756 1544 4812 vallem
1567 4753 1856 4823 Phagarim

279 4863 424 4932 quod
451 4862 847 4930 interpretatur
883 4855 1166 4909 ruinarum
1199 4867 1218 4916 ;
1255 4865 1310 4906 et
1363 4850 1602 4915 cineres,
1653 4849 1858 4902 subau-

279 4955 427 5009 ditur
457 4951 751 5014 circuihit,
785 4957 846 5002 ut
893 4959 1214 5016 quanquam
1273 4941 1431 4996 nobis
1482 4941 1766 4995 videamur
1800 4941 1855 4992 in

279 5047 516 5103 collibus
547 5061 561 5098 :
592 5054 772 5098 tamen
800 5054 1019 5108 semper
1079 5037 1369 5090 timeamus
1419 5033 1606 5088 ruinas
1633 5041 1688 5086 et
1727 5045 1854 5085 con-

279 5143 581 5195 sideremus
615 5136 829 5189 cineres
860 5148 878 5200 ;
911 5141 967 5186 et
1021 5130 1354 5200 pmuiteutes
1417 5127 1666 5181 dicamus
1727 5137 1850 5178 cum

279 5233 448 5286 David
485 5229 666 5293 :Quia
705 5227 928 5279 cinerem
983 5222 1134 5293 quasi
1182 5235 1372 5288 panem
1417 5216 1757 5282 manducavi,
1801 5223 1851 5270 et

277 5323 526 5392 poculum
558 5333 729 5373 meum
775 5332 892 5370 cum
926 5316 1054 5384 fletu
1091 5312 1374 5366 miscebam
1405 5309 1578 5380 (Psal.
1607 5323 1682 5368 et,
1738 5305 1849 5375 10).

278 5417 432 5472 Unde
496 5411 871 5480 etjacentibus
901 5408 1138 5469 dicitur,
1189 5402 1444 5473 Nunquid
1461 5401 1551 5470 qui
1575 5400 1716 5454 cadit
1748 5413 1852 5452 non

275 5510 498 5580 resurgit
535 5505 562 5561 7
589 5506 714 5560 dicit
740 5502 995 5557 Dominus
1024 5497 1264 5570 (Jerem.
1291 5510 1408 5559 vttt,
1432 5493 1464 5546 4
1493 5492 1535 5563 ).
1599 5491 1665 5546 Et
1725 5491 1848 5544 ιιιιί-

347 5683 364 5714 ¹
395 5679 597 5738 Conler
637 5679 1022 5748 Commentar.
1051 5675 1120 5748 _in
1174 5670 1462 5748 Ezechiel.
1493 5683 1616 5748 cap_.
1669 5683 1757 5748 ac,
1795 5667 1846 5748 i_n

274 5753 596 5807 Zachariam
631 5758 790 5813 tx,et
838 5745 1158 5800 Malm-hiant
1219 5759 1298 5805 ιιι,
1355 5741 1549 5812 quibus
1593 5742 1648 5813 in
1711 5740 1847 5813 locis

280 5823 495 5878 tametsi
518 5808 705 5875 eodem
733 5833 918 5873 sensu.
971 5813 1203 5868 diversis
1266 5808 1447 5871 tamen
1501 5809 1683 5867 verbis
1741 5808 1844 5864 hoc

279 5897 448 5951 utitur
474 5890 782 5950 testimonio
843 5884 1227 5956 Hieronymus.

1959 4670 2159 4726 corpus
2190 4658 2419 4727 perdere
2453 4659 2506 4712 in
2540 4659 2872 4728 gehennam,
2903 4675 3064 4729 quam
3095 4660 3170 4714 illi
3196 4662 3288 4728 qui
3325 4669 3532 4712 tantum

1959 4748 2012 4802 in
2040 4763 2239 4818 corpus
2269 4748 2470 4805 habere
2523 4763 2736 4820 poterat
2803 4764 3130 4822 p0testatem
3163 4755 3182 4823 (
3222 4752 3412 4806 Matth.
3439 4769 3468 4805 ι
3490 4753 3530 4820 ).

1955 4841 2024 4895 Et
2049 4841 2151 4897 hoc
2175 4843 2654 4907 considerandum,
2693 4845 2839 4913 quod
2896 4846 3140 4900 deciums
3193 4859 3371 4898 anuus
3417 4855 3531 4898 erat

1959 4934 2112 5004 regni
2143 4933 2404 5001 Sedeciae,
2435 4936 2661 4990 obsessa
2691 4935 2802 5004 jam
2860 4935 3185 5000 Jerusalem,
3211 4945 3264 4990 et
3326 4935 3529 5005 gladio,

1956 5024 2101 5080 fame
2127 5035 2180 5079 et
2211 5035 2366 5094 peste
2403 5037 2751 5097 consumpta,
2779 5035 2834 5080 et
2857 5027 3179 5096 captivitate
3243 5026 3445 5090 vicina,
3477 5038 3534 5079 et

1957 5129 2138 5173 tamen
2163 5117 2421 5174 Sedecias
2445 5131 2650 5189 perstat
2669 5122 2720 5172 in
2754 5119 3050 5184 sententia,
3076 5130 3132 5175 et
3157 5134 3222 5175 ex
3247 5130 3403 5190 parte
3426 5121 3532 5175 alio

1954 5224 2056 5278 qua
2080 5209 2226 5264 illius
2242 5209 2532 5264 clementia
2559 5211 2990 5275 demonstratur,
3020 5211 3162 5282 quod
3183 5226 3536 5282 nequaquam

1951 5315 2074 5356 eum
2106 5301 2158 5354 in
2192 5315 2432 5366 carcere,
2495 5301 2588 5356 sed
2643 5300 2697 5355 in
2727 5301 2996 5356 vestibulo
3042 5301 3247 5357 recludi
3293 5302 3530 5373 jusserit

1951 5393 2240 5456 carceris;
2335 5393 2498 5448 libera
2561 5393 2812 5448 videlicet
2892 5395 3159 5462 custodia,
3211 5408 3280 5449 ne
3339 5402 3524 5464 posset

1949 5488 2202 5556 ell'ugcre,
2233 5489 2387 5557 quasi
2425 5503 2526 5542 non
2556 5489 2734 5543 omnis
2763 5488 3060 5544 Jerusalem
3115 5489 3298 5544 clausa
3354 5488 3534 5544 muni-

2024 5669 2044 5699 ¹
2075 5669 2287 5724 Dictum
2312 5679 2500 5744 contra
2527 5669 2866 5744 Pelagianos,
2895 5674 3092 5744 quibus
3133 5671 3374 5725 solemne
3405 5679 3527 5744 erat

1952 5741 2018 5792 ad
2043 5755 2198 5793 suam
2233 5744 2296 5793 dc
2323 5741 2677 5809 impcceantia
2705 5741 2953 5797 Ita-resilit
2982 5745 3335 5797 astrucndam
3366 5743 3522 5797 abuti

1955 5810 2044 5882 illo
2113 5809 2347 5878 Apostoli
2415 5811 2479 5863 ad
2528 5811 2787 5882 Ephesios
2845 5829 3042 5882 versu,
3102 5829 3209 5882 quo
3273 5812 3526 5868 Ecclesia.

1943 5881 2142 5937 dicitur
2193 5881 2309 5938 sine
2365 5881 2573 5938 macula
2610 5893 2660 5938 ct
2697 5899 2846 5953 ruga.
