4004 6182
459 363 563 426 923

1627 377 1689 440 S.
1723 379 2035 441 EUSEBII
2077 381 2518 450 HlEliONYMl

3611 407 3714 471 924

455 477 702 532 tionibus
726 483 1034 540 communis
1057 499 1248 541 carcer
1282 487 1446 544 fuerit
1477 489 1868 550 habitantium.
1914 493 2031 566 Ipse
2061 497 2107 557 Δ
2139 498 2341 558 Helcite
2382 505 2549 571 filius,
2587 505 2888 563 Jeremias:
2923 509 3152 577 Sellum,
3185 515 3465 573 Anamcel.
3501 519 3717 579 Helcias

456 573 1232 632 annusestduodevicesimus
1289 583 1441 652 regni
1501 581 2029 653 Nabuchodonosor,

454 663 547 729 qui
581 675 780 730 quarto
799 682 940 720 anno
964 667 1107 737 regis
1136 669 1344 727 Joacim
1370 675 1517 744 cepit
1547 675 1862 745 imperium.
1897 679 2028 736 0m-

454 754 540 808 nis
569 765 749 811 autem
780 773 945 815 causa
983 762 1077 818 irae
1103 765 1245 835 regis
1275 776 1383 835 est,
1417 785 1520 826 cur
1549 771 1811 843 loquatur
1837 789 1903 831 ex
1936 775 2030 832 Dei

455 852 702 916 nomine,
729 866 850 920 quae
882 855 929 909 ei
961 855 1178 914 fuerant
1201 861 1458 930 imperata
1495 884 1510 922 :

526 939 545 1010 (
581 938 735 996 Vers.
764 945 815 1009 4,
836 944 936 1016 5.)
975 965 993 999 ι
1030 949 1171 1005 Ecce
1204 967 1305 1021 ego
1354 955 1496 1012 dabo
1543 958 1818 1018 civitatem
1871 967 2028 1022 istam

451 1033 504 1085 in
563 1049 723 1089 manu
781 1039 924 1109 regis
980 1039 1307 1115 Babylonis,
1370 1056 1424 1103 et
1472 1052 1650 1121 capiet
1731 1069 1878 1116 eam.
1966 1060 2032 1114 Et

456 1122 715 1183 Sedecias
747 1145 842 1186 rex
877 1131 1012 1189 Juda
1047 1152 1154 1191 non
1184 1138 1408 1211 elfugiet
1453 1146 1522 1200 de
1557 1162 1720 1202 manu
1751 1149 2032 1208 Chaldaeo-

452 1239 597 1289 rum,
633 1227 729 1282 sed
763 1231 1005 1286 tradetur
1059 1232 1111 1287 in
1173 1249 1337 1289 manu
1409 1239 1553 1307 regis
1601 1239 1913 1312 Babylonis,
1977 1257 2032 1302 et

447 1314 700 1385 loquetur
727 1334 787 1375 os
813 1320 933 1391 ejus
962 1339 1085 1378 cum
1123 1339 1219 1380 ore
1247 1326 1412 1392 illius,
1443 1341 1497 1385 et
1517 1332 1662 1387 oculi
1688 1335 1806 1404 ejus
1842 1338 2032 1394 oculos

449 1403 596 1458 illius
618 1409 902 1464 videbunt.
941 1410 1006 1464 Et
1039 1413 1091 1466 in
1116 1414 1448 1485 Babylonem
1485 1418 1651 1475 ducet
1715 1403 2027 1490 Sedeeiam,

451 1506 506 1550 et
537 1497 608 1552 ibi
644 1503 748 1554 erit
773 1505 942 1558 donec
972 1505 1185 1561 visitem
1213 1523 1363 1572 eum.
1398 1511 1531 1567 dicit
1563 1514 1849 1573 Dominus.
1870 1520 2030 1586 Quod

450 1589 497 1643 si
532 1597 898 1661 pugnaveritis
923 1609 1118 1655 contra
1148 1600 1458 1671 Chaldaeos,
1513 1607 1650 1662 nihil
1703 1624 2026 1682 prosperum

454 1681 742 1741 habebitis.
785 1708 804 1740 ι
841 1689 967 1746 llzec
998 1704 1116 1748 erat
1137 1709 1300 1750 causa
1338 1697 1432 1754 ira:
1464 1701 1645 1770 regiae,
1672 1719 1841 1773 quare
1895 1721 2030 1774 prze-

449 1774 621 1832 l'erret
655 1781 940 1836 mendacio
960 1785 1266 1852 veritatem,
1287 1797 1340 1844 et
1367 1797 1474 1844 tam
1499 1793 1683 1847 urbem
1701 1793 2026 1864 Jerusalem,

449 1869 934 1936 quam‘Scdeciam
965 1893 1148 1948 regem
1205 1881 1419 1939 diceret
1469 1899 1592 1941 esse
1655 1889 2022 1957 capiendum:

448 1961 701 2031 quodque
763 1967 981 2036 gravius
1049 1980 1152 2039 est,
1220 1975 1468 2031 visurum
1527 1994 1650 2034 eum
1704 1997 1801 2036 ora
1886 1986 2028 2056 regis

447 2051 752 2126 Babylonii,
773 2069 828 2114 et
860 2061 1170 2119 locuturum
1202 2066 1463 2124 humilem
1522 2080 1686 2142 atque
1745 2051 2026 2143 captivum

451 2159 573 2200 cum
595 2151 953 2215 potentissimi
979 2154 996 2186 ²
1016 2157 1406 2227 regisinsanla.
1438 2161 1668 2219 Gravior
1683 2166 1826 2221 enim
1856 2177 2030 2223 terror

448 2243 555 2303 est,
588 2237 773 2296 videre
803 2258 968 2312 quem
1027 2247 1245 2314 timeas,
1307 2261 1362 2307 et
1419 2264 1547 2311 ante
1595 2257 2027 2328 increpationem

449 2332 764 2400 verborum,
818 2353 980 2405 quam
1034 2355 1318 2410 pmnarum
1374 2350 1652 2406 sustinere
1703 2356 2028 2413 cruciatum.

449 2420 523 2476 Et
552 2422 604 2477 in
626 2424 970 2497 Babylonem,
995 2431 1188 2504 inquit,
1215 2436 1368 2491 ducet
1396 2437 1690 2508 Sedeciam,
1713 2453 1764 2497 ct
1800 2444 1872 2499 ibi
1905 2447 2025 2503 erit.

447 2513 555 2570 Pro
579 2533 687 2588 quo
716 2520 856 2575 LXX
914 2527 1329 2598 transtulerunt,
1391 2540 1444 2587 et
1495 2533 1813 2605 Babylonem
1859 2541 2030 2608 ingre-

447 2607 651 2677 dietur;
709 2628 943 2683 quorum
995 2619 1235 2674 alterum
1295 2623 1519 2680 invitum
1583 2628 1800 2700 1079
1863 2607 2026 2700 trahi,

451 2700 681 2756 alterum
718 2707 999 2764 voluntate
1033 2724 1257 2783 pergere
1286 2714 1573 2786 significat.
1601 2717 1666 2772 Et
1701 2721 1795 2785 ibi,
1834 2724 2028 2793 inquit,

451 2794 571 2847 erit.
606 2792 842 2852 Verbum
879 2803 1031 2869 ponit
1085 2805 1425 2875 ambiguum,
1489 2825 1556 2864 ne
1608 2813 1860 2869 videatur
1903 2792 2031 2871 cru-

451 2885 631 2941 eiatus
665 2898 719 2942 et
746 2891 996 2948 miserias
1047 2897 1396 2965 prophetare.
1442 2900 1706 2971 Quodque
1735 2907 2028 2976 sequitur:

451 2975 633 3034 Donec
664 2981 863 3037 risitem
895 3002 1035 3051 eum,
1067 2989 1141 3041 ait
1175 2989 1431 3046 Dominus
1460 3009 1480 3048 :
1519 3005 1569 3048 et
1602 2997 1650 3050 si
1679 3001 2030 3066 pugnaveritis

454 3067 732 3125 adversum
779 3073 1075 3141 Chaldaeos,
1127 3081 1259 3134 nihil
1307 3099 1616 3152 prasperum
1664 3089 1942 3156 habebitis,
1974 3092 2027 3146 in

2139 593 2551 663 interpretatur,
2586 616 2711 667 pars
2754 601 2966 657 Domini
3004 620 3024 658 :
3077 607 3362 674 Jcremias,
3410 612 3718 669 sublimitas

2139 685 2371 743 Domini.
2411 686 2681 761 Recteque
2709 693 2944 752 altitudo
2975 696 3188 754 Domini
3219 701 3288 756 de
3312 711 3466 772 parte
3494 706 3716 761 Domini

2137 780 2400 837 nascitur.
2439 782 2641 840 Sellum
2674 801 2805 843 vero
2829 789 2881 844 in
2923 791 3164 859 linguam
3204 805 3452 852 nostram
3484 799 3717 855 vertitur

2133 887 2264 960 pax,
2299 873 2412 928 sive
2430 879 2708 948 paciﬁcus.
2737 880 3007 950 Anameel,
3038 885 3255 954 donum,
3285 888 3370 944 vel
3393 891 3572 960 gratia
3598 892 3714 949 Dei.

2133 959 2242 1018 Nec
2274 964 2610 1034 mirabimur,
2641 971 2788 1039 quod
2822 972 2926 1028 sibi
2972 989 3078 1044 pax
3120 959 3478 1046 jungaturiet
3508 983 3710 1050 gratia,

2134 1069 2257 1110 cum
2305 1059 2470 1124 etiam
2518 1059 2876 1129 Epistolarum
2946 1070 3374 1138 apostolicarum
3419 1074 3524 1128 hoc
3563 1074 3715 1140 prin-

2134 1147 2333 1219 cipium
2375 1151 2474 1207 sit:
2501 1150 2689 1208 Gratia
2716 1157 2856 1212 vobis
2882 1167 2931 1213 et
2954 1176 3066 1229 pas:
3091 1160 3266 1233 (Rom.
3294 1179 3332 1230 t,
3358 1164 3432 1235 7).
3467 1165 3713 1221 Primum

2133 1253 2264 1308 ergo
2298 1255 2484 1310 pacem
2531 1260 2838 1303 mereamur
2888 1250 3006 1317 Dei,
3049 1263 3105 1309 et
3153 1264 3275 1322 post
3315 1270 3509 1325 pacem
3553 1260 3715 1315 nobis

2133 1335 2305 1402 gratia
2340 1336 2605 1402 nascitur,
2637 1354 2757 1408 quae
2796 1357 2904 1398 non
2939 1344 2995 1400 in
3027 1345 3384 1414 possidentis,
3408 1350 3503 1404 sed
3535 1350 3590 1404 in
3623 1365 3714 1405 ar-

2131 1423 2296 1480 bitrio
2336 1427 2588 1484 donantis
2610 1440 2712 1486 est.
2751 1432 2931 1489 Defert
2951 1446 3133 1492 autem
3170 1440 3502 1508 emptionem
3530 1445 3710 1511 gratia

2132 1513 2228 1569 Dei
2260 1515 2358 1582 illi,
2385 1519 2476 1585 qui
2509 1520 2563 1575 in
2589 1523 2914 1581 sublimibus
2955 1526 3254 1584 collocatus
3285 1540 3389 1596 est,
3421 1542 3478 1585 ut
3516 1547 3708 1602 qnam-

2131 1606 2214 1662 vis
2245 1607 2492 1664 videatur
2534 1612 2803 1679 excelsus,
2861 1627 3041 1672 tamen
3077 1620 3252 1689 gratia
3297 1620 3389 1676 Dei
3438 1624 3708 1693 indigeat.

2133 1695 2265 1754 Illud
2299 1701 2444 1770 quod
2476 1702 2529 1757 in
2549 1703 2776 1761 Cantico
2803 1722 2945 1778 saepe
2975 1722 3272 1766 eautatura
3295 1727 3492 1782 sponsa
3518 1730 3536 1770 ε
3564 1712 3712 1769 Fra-

2136 1795 2316 1848 truelis
2348 1809 2512 1862 meus,
2552 1796 2603 1851 id
2644 1807 2752 1864 est,
2782 1800 2811 1852 6
2841 1801 3163 1870 ἀδελφιδοῦς
3195 1821 3323 1872 μου.
3357 1805 3411 1859 in
3433 1803 3712 1864 Hebraico

2133 1899 2258 1941 nom
2288 1885 2479 1955 (Th1)
2508 1888 2741 1957 dicitur;
2766 1908 2898 1962 ergo
2922 1911 3028 1950 non
3053 1896 3350 1966 fratruelis,
3371 1899 3466 1953 sed
3489 1901 3710 1966 πατρά-

2131 1977 2340 2049 δελφος,
2379 1980 2432 2036 id
2469 1991 2574 2048 est,
2599 1985 2859 2051 patruelis
2876 1986 3140 2045 dicendus
3156 1997 3258 2044 est.
3279 1988 3473 2045 Fuisse
3495 1992 3716 2062 1080

2132 2080 2313 2126 autem
2360 2071 2652 2129 Jeremiam
2707 2075 2874 2130 lilium
2940 2075 3140 2133 lieleia
3187 2079 3257 2134 de
3300 2080 3708 2144 sacerdmibus.

2130 2162 2222 2233 qui
2252 2176 2407 2220 erant
2441 2167 2493 2220 in
2529 2168 2808 2224 Auathoth
2839 2170 2890 2224 in
2946 2177 3093 2228 terra
3154 2169 3465 2242 Beujamin,
3498 2183 3554 2228 et
3613 2189 3711 2229 vo-

2131 2255 2351 2311 luminis
2379 2257 2540 2328 hujus
2574 2268 2808 2315 testatur
2841 2263 3153 2318 exordium.

2204 2347 2384 2418 (Vers.
2416 2350 2494 2421 8.)
2537 2352 2632 2406 «Et
2663 2355 2807 2408 venit
2837 2354 2905 2409 ad
2941 2371 3029 2411 me
3061 2358 3319 2413 Anameel
3349 2359 3492 2415 filius
3523 2362 3705 2430 patrui

2131 2440 2264 2505 mei,
2311 2443 2609 2497 secundum
2671 2442 2913 2500 Verbum
2969 2447 3212 2515 Domini,
3271 2449 3337 2504 ad
3379 2451 3709 2506 vestibulum

2134 2531 2262 2604 (sive
2301 2534 2523 2606 atrium)
2559 2538 2820 2603 carceris,
2855 2549 2907 2594 et
2939 2538 3014 2593 ait
3041 2541 3108 2594 ad
3145 2557 3270 2596 me:
3319 2542 3543 2597 Posside
3575 2544 3712 2611 (sive

2130 2625 2275 2695 etne)
2311 2640 2499 2696 agrum
2545 2641 2748 2694 meum,
2780 2630 2872 2700 qui
2906 2639 2991 2684 est
3042 2630 3094 2684 in
3127 2632 3406 2686 Anathoth
3463 2633 3517 2686 in
3558 2642 3709 2688 terra

2131 2715 2433 2786 Beniamin,
2469 2718 2598 2789 quia
2631 2721 2728 2775 tibi
2767 2722 3029 2791 competit
3083 2723 3398 2788 hereditas,
3455 2735 3511 2780 et
3559 2736 3613 2780 tu
3646 2743 3710 2782 es

2132 2812 2472 2880 propinquus
2501 2822 2558 2866 ut
2600 2813 2878 2882 possideas
2923 2817 3051 2885 (sive
3084 2815 3314 2888 emas)»
3360 2817 3517 2884 Quod
3554 2819 3710 2873 futu-

2133 2918 2253 2958 rum
2319 2902 2606 2974 Prophetas
2660 2907 2883 2960 verbum
2921 2907 3131 2963 Domini
3172 2910 3468 2974 nuntiarat,
3523 2914 3710 2966 statim

2133 3006 2295 3062 opere
2317 2993 2646 3063 completum
2675 3005 2776 3052 est.
2804 2997 2970 3060 Venit,
3005 2998 3200 3066 inquit,
3235 3005 3303 3052 ad
3323 3015 3402 3053 me
3431 3001 3710 3064 Anamecl.

2133 3086 2303 3153 gratia
2340 3085 2454 3150 Dei,
2492 3085 2638 3156 ﬁlius
2671 3088 2851 3155 patrui
2883 3089 2984 3142 mei
3000 3090 3043 3152 ⁸,
3080 3090 3181 3144 hoc
3207 3099 3315 3155 est,
3349 3090 3498 3162 ﬁlius
3528 3095 3709 3161 pacis.

399 3187 402 3190 ~
455 3160 600 3217 Lxx
625 3181 731 3221 non
787 3168 1036 3223 habetur.
1072 3169 1482 3245 Prudenterque
1528 3183 1853 3237 sententiam
1889 3194 2027 3239 lem-
2055 3187 2100 3248 α
2137 3174 2292 3232 Venit
2319 3187 2496 3233 autem
2535 3181 2588 3233 in
2606 3180 2886 3236 vestibulo
2930 3182 3191 3248 carceris.
3233 3160 3483 3254 dixitque
3516 3160 3585 3240 id
3621 3200 3713 3240 me

453 3257 687 3325 paravit,
722 3275 843 3329 quae
883 3262 949 3315 ad
994 3264 1189 3318 bonam
1226 3275 1281 3322 et
1329 3268 1396 3323 ad
1450 3271 1647 3326 malam
1691 3281 1899 3343 partem
1943 3290 2031 3330 re-

453 3351 586 3405 t'erri
616 3361 816 3420 potest.
849 3353 1098 3414 Visitatio
1123 3361 1293 3427 enim,
1327 3371 1384 3416 ut
1418 3377 1561 3432 saepe
1591 3363 1723 3432 dixi,
1757 3373 1811 3421 et
1838 3380 2032 3422 conso-

453 3441 711 3501 lationem
753 3449 1044 3518 significat,
1071 3463 1120 3507 et
1163 3454 1514 3525 supplicium.

524 3537 706 3611 (Vers.
735 3541 788 3607 6,
817 3542 893 3612 7.)
965 3561 984 3595 ι
1029 3543 1098 3598 Ει
1133 3545 1274 3600 dixit
1335 3544 1638 3606 Jeremias:
1703 3547 1904 3606 factum
1947 3559 2032 3609 est

452 3636 679 3688 verbum
707 3634 918 3691 Domini
945 3637 1011 3691 ad
1037 3653 1119 3692 me
1146 3639 1365 3694 dicens:
1390 3640 1530 3696 Ecce
1556 3643 1816 3699 Anameel
1838 3642 2032 3717 [Vulg.

453 3726 736 3800 Anemeel]
772 3729 915 3784 lilius
946 3729 1148 3786 Sellum
1181 3732 1312 3802 (sive
1347 3733 1574 3805 Sallom)
1611 3738 1876 3806 patruelis
1908 3749 2032 3796 tuus

456 3821 626 3888 (quod
668 3818 939 3877 Hebraice
963 3823 1164 3879 dicitur
1192 3839 1402 3881 nomen
1432 3827 1601 3908 (Tm)
1637 3830 1784 3885 venit
1841 3829 2032 3903 [Vulg.

456 3911 661 3984 veniet]
688 3913 753 3966 ad
797 3925 848 3969 te
877 3915 1064 3972 dicens
1094 3933 1107 3971 :
1150 3917 1284 3972 Eme
1313 3919 1406 3974 tibi
1462 3935 1653 3990 agrum
1685 3936 1888 3990 meum,
1941 3925 2033 3994 qui

456 4020 487 4056 e
522 4013 540 4056 t
567 4003 619 4057 in
651 4005 948 4072 Anathoth;
978 4005 1070 4061 tibi
1093 4008 1237 4062 enim
1264 4012 1602 4080 eompetitex
1628 4013 2034 4083 propinquitate

431 4095 659 4166 emptio
691 4095 876 4169 [Vulg.
922 4108 982 4154 ut
1006 4100 1203 4174 emas].
1236 4121 1254 4154 ι
1291 4101 1589 4156 Oecultum
1630 4105 1698 4158 ad
1737 4103 2031 4162 Jeremiam

458 4187 554 4243 Dei
583 4189 784 4245 factum
815 4206 937 4247 esse
959 4208 1290 4260 sermonem,
1323 4211 1480 4250 nemo
1507 4196 1650 4252 scire
1675 4207 1906 4266 poterat,
1931 4199 2032 4255 uisi

458 4281 577 4349 ipso
609 4283 908 4350 indicante,
943 4287 1008 4341 ad
1040 4301 1200 4356 quem
1257 4288 1435 4345 factus
1472 4289 1684 4345 fuerat°
1721 4299 1775 4345 et
1835 4293 2035 4362 praedi-

461 4374 604 4427 citur
625 4378 671 4428 ei
695 4378 838 4445 quod
873 4391 1136 4436 venturus
1153 4381 1222 4436 sit
1254 4381 1322 4437 ad
1346 4398 1468 4437 eum
1485 4383 1742 4439 Anameel
1768 4386 2036 4454 patruelis

460 4481 610 4530 suus,
633 4476 686 4520 ct
704 4471 1104 4535 possessionem
1133 4474 1248 4543 agri
1273 4475 1366 4544 qui
1388 4491 1518 4530 suus
1534 4475 1711 4530 fuerat
1735 4477 2031 4543 delaturos;

2133 3284 2218 3335 ea,
2253 3283 2374 3338 quas
2423 3271 2686 3326 Dominus
2716 3272 2786 3328 ab
2809 3286 2876 3328 eo
2905 3273 3133 3329 dicenda
3166 3275 3519 3343 praedixerat.
3563 3276 3710 3347 Ager

2132 3373 2314 3418 autem
2339 3363 2440 3420 iste
2462 3365 2836 3430 sacerdotalis,
2856 3365 3014 3437 cujus
3035 3367 3237 3436 emptio
3256 3378 3420 3438 atque
3433 3371 3713 3438 possessio

2130 3451 2380 3510 Ieremia:
2427 3455 2794 3520 deferebatur,
2838 3459 2891 3512 iu
2951 3458 3216 3512 Anathotlt
3280 3467 3384 3526 est,
3436 3461 3491 3514 in
3559 3470 3706 3515 terra

2132 3546 2437 3618 Benjamin,
2461 3563 2690 3617 quorum
2721 3549 2872 3618 prius
2905 3550 3278 3618 obedientiam,
3306 3552 3609 3607 secundum
3643 3553 3712 3621 fi-

2135 3638 2264 3693 lium
2311 3639 2543 3694 dexteris
2575 3649 2756 3695 sonat.
2800 3641 2868 3694 Et
2908 3653 3318 3710 consequenter
3350 3643 3468 3707 eius
3498 3645 3713 3714 appetit

2133 3731 2486 3802 emptionem,
2537 3733 2587 3788 iu
2647 3747 2755 3803 quo
2813 3734 3119 3789 obedientia
3176 3746 3233 3788 et
3260 3735 3429 3790 virtus
3489 3735 3708 3791 Domini

2136 3825 2512 3878 versabantur.
2551 3822 2653 3877 Pro
2696 3839 2804 3892 qtto
2831 3821 2968 3878 LXX
3017 3824 3414 3895 πρεσϐύτερον,
3486 3827 3546 3882 id
3599 3836 3710 3890 est.

2135 3917 2393 3969 seniorem
2443 3915 2784 3986 interpretati
2837 3927 2988 3981 sunt,
3058 3917 3204 3988 quod
3263 3917 3383 3973 loco
3429 3917 3558 3975 huic
3599 3933 3707 3974 non

2137 4007 2417 4060 convenit.

2208 4096 2386 4166 (Vers.
2418 4097 2452 4153 9
2497 4096 2675 4169 seqq.)
2714 4116 2732 4151 ‹
2763 4098 3004 4154 Intellexi
3038 4107 3243 4168 autem,
3277 4101 3422 4170 quod
3476 4101 3704 4157 verbum

2139 4189 2352 4245 Domini
2393 4201 2556 4257 esset,
2599 4201 2651 4246 et
2692 4191 2797 4246 emi
2833 4207 3023 4261 agrum
3063 4193 3131 4248 ab
3173 4193 3432 4248 Anatneel
3467 4195 3582 4249 filio
3614 4208 3712 4263 pa-

2139 4286 2245 4340 trui
2288 4286 2416 4351 mei,
2478 4284 2570 4353 qui
2603 4294 2683 4339 est
2723 4285 2776 4338 in
2820 4285 3123 4352 Anathoth,
3155 4295 3210 4340 et
3246 4286 3478 4356 appcndi
3531 4289 3582 4341 ei
3614 4303 3709 4341 ar-

2137 4386 2378 4447 gentum,
2430 4387 2663 4432 stateres
2718 4387 2951 4446 septem,
2982 4389 3038 4433 et
3061 4378 3246 4433 decem
3279 4388 3591 4448 argenteos.
3631 4377 3698 4434 Et

2141 4470 2333 4540 scripsi
2368 4471 2418 4524 in
2451 4469 2610 4534 libro,
2650 4479 2704 4525 et
2729 4471 2961 4538 signavi,
2991 4480 3047 4526 et
3069 4472 3289 4526 adhibui
3317 4479 3506 4536 testes,
3534 4483 3588 4528 et
3619 4489 3716 4544 ap-

457 4575 579 4614 csse
607 4572 786 4613 autem
818 4563 990 4632 ipsum
1020 4565 1194 4621 locum
1229 4543 1603 4634 iniAnathoth,
1627 4572 1690 4623 de
1711 4571 2037 4627 suburbanis
2062 4543 2118 4603 υ
2145 4565 2302 4634 pem"
2335 4572 2616 4632 διτὲθηιυῐη
2654 4563 2707 4617 Ῐη
2749 4573 2974 4620 δίθιετίιο
3010 4563 3076 4618 El
3108 4566 3294 4634 θεοενῖ
3339 4566 3538 4620 librum
3582 4582 3712 4636 P05“

463 4667 581 4720 qua:
613 4654 987 4712 sacerdotibus
1009 4671 1104 4726 per
1125 4659 1368 4729 singulas
1395 4660 1568 4715 tribus
1595 4672 1649 4716 et
1670 4662 1922 4718 civitates
1947 4667 2038 4716 da-

460 4744 662 4800 bautur
683 4761 748 4801 ex
780 4747 899 4816 lege
927 4765 941 4803 :
975 4764 1075 4805 nec
1105 4751 1316 4806 licitum
1349 4763 1471 4808 erat
1520 4755 1926 4823 possessionem
1961 4758 2028 4812 de

457 4840 603 4894 tribu
638 4841 873 4896 transire
901 4843 966 4897 ad
1011 4843 1234 4908 tribum,
1281 4860 1379 4900 nec
1407 4845 1474 4900 de
1524 4846 1747 4900 familia
1776 4848 1843 4903 ad
1877 4849 2036 4904 aliam

459 4931 724 4988 familiam
752 4933 921 5006 (unde
955 4947 1010 4992 et
1041 4936 1162 4991 filiae
1193 4936 1468 5008 Salphaad
1492 4939 1770 5009 accipiunt
1829 4956 2034 4996 sortem

451 5025 603 5080 inter
651 5025 850 5083 fratres
911 5044 1037 5084 suos
1092 5029 1285 5103 [Νιιηι.
1350 5031 1522 5102 xxvn]
1571 5033 1613 5102 ),
1657 5035 2036 5104 praecipueque

461 5118 776 5177 suburbana
816 5125 1161 5179 sacerdotum
1200 5125 1330 5180 nulli
1370 5126 1460 5180 alii
1508 5135 1760 5195 poterant
1828 5141 2035 5180 venun-

464 5212 582 5266 dari
613 5229 784 5282 uSque
819 5217 884 5270 ad
939 5232 1141 5271 annum
1191 5202 1555 5284 remissionis,
1600 5218 1704 5272 nisi
1769 5217 1818 5273 ei
1869 5233 2030 5287 quem

2138 4657 2402 4711 sessionis
2433 4657 2729 4724 signatum,
2775 4657 3179 4725 stipulationes.
3207 4667 3262 4712 et
3285 4669 3400 4712 rata
3442 4657 3552 4730 [ΑΙ.
3608 4658 3712 4713 sti-

2138 4750 2415 4819 pttlalione
2456 4748 2617 4822 rata],
2645 4759 2700 4803 et
2727 4749 2882 4820 signa
2915 4747 3276 4806 forinsecus.»
3330 4751 3537 4805 Durum
3589 4752 3712 4818 qui-

2139 4841 2260 4894 dem
2312 4848 2509 4894 eratet
2545 4853 2711 4908 prope
2743 4840 3172 4908 inconsequens,
3205 4842 3432 4910 risuque
3460 4841 3709 4908 dignum,

2139 4951 2264 4990 eum
2295 4934 2388 5003 qui
2408 4933 2518 5003 jam
2541 4932 2766 5002 jamque
2804 4931 3121 5000 capiendam
3153 4933 3517 5002 prophetabat
3554 4930 3716 4985 Jeru-

2135 5030 2331 5092 Saiem,
2366 5037 2422 5082 et
2455 5041 2644 5080 omnes
2660 5025 2936 5080 ducendos
2951 5039 3072 5080 esse
3089 5025 3354 5095 captivos,
3407 5024 3489 5079 vel
3513 5023 3712 5094 gladio,

2142 5122 2286 5177 fame
2310 5129 2361 5176 et
2387 5129 2542 5190 peste
2577 5118 2872 5187 perituros,
2905 5117 3168 5187 agrumin
3197 5115 3472 5170 Anathotb
3507 5130 3714 5179 emere.

2135 5233 2293 5292 quem
2314 5229 2418 5268 non
2436 5219 2551 5266 erat
2581 5223 2950 5278 possessurus.
2981 5206 3087 5263 Sed
3108 5206 3364 5270 intellexi,
3389 5206 3582 5276 inquit,
3609 5222 3720 5259 eer-

466 5305 837 5381 propiua‘juitas
864 5309 1140 5378 sanguinis
1169 5311 1458 5380 expetebat
1486 5308 1676 5381 (Leuit.
1708 5307 1858 5380 xxv).
1881 5307 2031 5363 Venit

2139 5316 2260 5369 bum
2290 5305 2500 5363 Domini
2526 5318 2656 5366 esse,
2693 5312 2747 5356 et
2783 5301 3116 5368 emptionem
3161 5313 3338 5353 meam
3392 5307 3716 5368 argumento

463 5412 594 5466 ergo
624 5400 688 5453 ad
719 5414 843 5452 eum
872 5401 1132 5469 patruelis
1153 5402 1320 5457 frater
1349 5402 1464 5473 [ΑΙ.
1499 5401 1776 5457 fratruelis
1794 5411 1842 5454 et
1863 5401 2040 5473 pater]

463 5507 618 5553 suus,
652 5501 704 5546 et
737 5491 896 5546 oﬂ‘ert
927 5493 1417 5563 emptionem,qu:e
1440 5493 1517 5548 illi
1539 5509 1604 5549 cx
1640 5493 2043 5562 propinquitate

467 5587 718 5640 debetur.
751 5585 962 5640 llelcias
993 5595 1047 5640 et
1079 5585 1283 5641 Sellum
1312 5587 1507 5641 fratres
1576 5585 1731 5641 fuere
1781 5584 2050 5652 germani.

547 5765 561 5794 ⁸
597 5764 844 5846 Fortasse
877 5767 1078 5821 rectius
1113 5779 1243 5820 mss.
1269 5764 1714 5846 iiizpotciitissimi.
1746 5763 1866 5832 ejus
1911 5763 2022 5821 sci-

470 5835 616 5898 licet,
653 5835 742 5904 qui
798 5837 1022 5891 nimium
1072 5840 1352 5906 impotenti
1399 5846 1544 5892 esset
1591 5835 1791 5890 animo.

2144 5413 2199 5460 et
2243 5396 2506 5455 vaticinio
2541 5393 2753 5448 Domini
2798 5393 3197 5460 coaptandam:
3241 5390 3437 5445 etideo
3467 5387 3720 5460 acquievi

2149 5501 2419 5562 prmcepto
2450 5488 2570 5554 ejus
2595 5495 2652 5537 ιιι
2681 5497 2920 5538 emerem
2944 5500 2959 5536 :
2992 5497 3091 5536 nec
3126 5481 3328 5536 frustra
3356 5480 3424 5535 ad
3453 5497 3538 5534 me
3555 5494 3723 5548 super

2157 5577 2536 5650 hujuscemodi
2569 5591 2627 5631 re
2649 5573 2745 5631 Dei
2768 5571 2970 5630 facttuu
3005 5586 3128 5629 esse
3163 5586 3513 5627 sermonem:
3548 5581 3600 5624 et
3625 5586 3723 5640 ap-

2199 5761 2402 5816 'Addit
2453 5759 2744 5838 Victorius
2803 5757 3026 5822 Sellum,
3087 5770 3194 5826 quo
3233 5752 3435 5809 clarior
3490 5751 3615 5824 ejus
3650 5753 3724 5807 sit

2144 5833 2380 5891 nominis
2408 5833 2804 5903 interpretatio.
