4004 6182
357 378 466 445 925

785 372 1291 438 COMMENTAR.
1334 373 1420 434 IN
1460 371 1865 435 IEREMIAM
1902 372 2370 436 PROPHETAM
2411 374 2559 436 LIB.
2603 373 2711 448 VI,
2748 375 2910 438 CAP.
2939 376 3190 440 XXXII.

3511 377 3617 442 926

357 495 521 566 pendi
551 494 759 567 argenti
793 495 978 552 decem
1018 503 1073 551 et
1105 504 1313 564 septem
1347 493 1536 559 siclos,
1567 507 1706 563 quos
1728 507 1831 548 nos
1882 493 1936 549 in
1967 509 2013 566 Α
2042 495 2218 559 derat,
2283 503 2340 549 et
2397 495 2625 550 testibus
2659 495 2751 565 qui
2775 494 3234 565 subscripserant,
3279 504 3331 550 et
3370 510 3607 562 quorum

350 597 587 647 statores
612 588 889 645 vertimus.
917 587 1097 643 Siclus
1131 597 1310 642 autem
1339 587 1528 656 viginti
1604 586 1769 641 habet
1798 586 1936 642 obo-

355 683 459 745 los.
500 689 560 736 ut
604 681 656 735 in
713 681 1014 735 Ezechielis
1070 689 1317 735 extremo
1364 677 1635 733 volumine
1683 677 1940 732 scribitur

362 771 583 839 (Ezeeh.
635 771 782 840 ην).
823 772 1073 840 Emitque
1100 771 1371 840 Propheta
1411 771 1600 824 decem
1645 781 1700 824 et
1727 777 1936 839 septem

363 865 540 927 siclis,
571 864 624 917 in
662 877 770 930 quo
796 877 1024 916 numero
1048 862 1284 915 cantavit
1314 877 1448 930 puer
1485 860 1696 916 Domini
1740 859 1933 925 David,

358 954 416 1008 in
456 954 542 1008 die
567 969 671 1023 qua
703 953 849 1012 eruit
882 968 1005 1008 eum
1057 953 1317 1007 Dominus
1368 953 1434 1006 de
1479 969 1643 1006 manu
1690 952 1933 1006 omnium

363 1048 712 1101 inimicorum
742 1045 881 1115 ejus,
913 1054 966 1099 et
995 1045 1062 1097 de
1094 1059 1256 1099 manu
1290 1044 1440 1108 Saul,
1497 1055 1551 1099 et
1615 1042 1785 1098 dixit:
1839 1043 1937 1097 Di-

360 1139 522 1208 ligam
579 1150 648 1198 te.
701 1138 921 1192 Domine
967 1138 1222 1206 fortitudo
1246 1152 1403 1200 mea;
1441 1136 1698 1189 Dominus
1746 1135 1936 1203 ﬁrma-

362 1243 593 1285 mentum
625 1240 877 1292 meum,et
899 1229 1160 1299 refugium
1190 1245 1382 1291 meum,
1417 1235 1465 1282 et
1490 1227 1741 1282 liberator
1768 1241 1934 1285 meus.

363 1320 507 1376 Deus
536 1337 700 1384 mens,
733 1320 951 1389 adjutor
980 1336 1146 1384 mens,
1185 1328 1234 1373 et
1264 1319 1483 1385 sperabo
1529 1319 1584 1371 in
1629 1334 1747 1372 eum
1772 1333 1791 1372 :
1815 1334 1937 1384 pro-

364 1421 530 1467 tector
559 1427 723 1474 meus,
761 1420 811 1465 et
839 1427 1002 1465 cornu
1028 1411 1222 1465 salutis
1250 1427 1376 1465 mea:
1401 1409 1574 1480 (Psal.
1609 1424 1740 1474 svu,
1765 1408 1819 1471 2,
1854 1409 1934 1475 3).

361 1502 655 1556 Denarium
712 1501 924 1571 1081
978 1517 1100 1556 esse
1139 1502 1430 1572 mysticum
1474 1515 1784 1566 numerum,
1844 1513 1938 1554 os—

366 1593 542 1648 tendit
565 1591 869 1664 Decalngus
893 1593 984 1664 qui
1017 1593 1257 1662 scriptus
1285 1591 1387 1647 fuit
1412 1591 1466 1646 in
1499 1590 1940 1659 tabulislapideis

362 1682 535 1753 digito
573 1682 688 1746 Dei,
727 1693 783 1738 et
815 1683 934 1739 dies
955 1682 1145 1754 jejunii
1174 1691 1230 1738 et
1277 1681 1684 1754 propitiationis
1738 1681 1940 1736 mensis

365 1773 580 1843 septimi
615 1773 817 1843 (Exod.
855 1774 998 1842 sm).
1038 1773 1256 1841 Septem
1280 1787 1520 1845 quoque,
1551 1773 1605 1827 in
1633 1786 1744 1843 quo
1780 1787 1940 1828 verus

2043 587 2265 641 nomina
2289 585 2342 640 in
2383 587 2673 655 emptionis
2703 586 2978 642 volumine
3028 587 3370 642 tenebantur.
3402 587 3488 652 Et,
3544 586 3612 642 In

2043 689 2342 745 conspectu,
2375 678 2565 747 inquit,
2598 680 2832 732 omnium
2856 677 3192 743 Iudwornm,
3243 680 3334 748 qui
3365 679 3614 732 sedebant

2050 772 2107 824 in
2140 771 2278 825 atrio
2307 769 2531 824 carceris
2557 783 2577 822 :
2637 769 2728 838 qui
2762 768 3016 823 videlicet
3055 770 3138 824 vel
3173 771 3240 823 ad
3287 769 3614 840 Pruphetam

2043 871 2304 916 venerant
2331 860 2740 926 consolandum,
2767 859 2850 916 vel
2905 861 3122 930 1082
3171 862 3354 918 studio
3403 860 3616 918 timoris

2043 955 2160 1017 Dei,
2194 953 2401 1006 Domini
2429 952 2590 1006 verba
2621 953 2809 1006 audire
2843 952 3157 1021 cupiebant.

2115 1047 2288 1116 (Vers.
2315 1046 2382 1099 t5
2405 1044 2580 1114 seqq.)
2610 1061 2630 1096 ι
2673 1045 2739 1099 Ει
2764 1047 2991 1114 praecepi
3023 1045 3234 1099 Barnch
3263 1060 3448 1100 coram
3503 1045 3606 1111 eis,

2045 1138 2270 1192 dicens:
2305 1135 2430 1191 Haec
2458 1135 2591 1191 dicit
2619 1135 2880 1191 Dominus
2928 1136 3296 1200 exercituum,
3337 1136 3480 1191 Deus
3528 1136 3611 1192 ls-

2045 1229 2195 1284 rael:
2223 1229 2389 1283 Sume
2413 1227 2582 1282 libros
2610 1227 2766 1292 istos,
2798 1227 2993 1282 librum
3024 1228 3317 1296 emptionis
3343 1229 3486 1282 hunc
3544 1231 3620 1284 si-

2046 1330 2291 1392 gnatum,
2323 1327 2376 1374 et
2404 1319 2602 1374 librum
2629 1319 2774 1374 hunc
2793 1320 2883 1388 qui
2911 1330 3127 1388 apertus
3147 1328 3250 1382 est.
3272 1328 3320 1374 et
3340 1334 3476 1390 pone
3497 1318 3618 1374 i!lus

2046 1411 2099 1465 in
2133 1424 2260 1464 vase
2287 1408 2458 1473 ﬁctili,
2497 1417 2554 1462 ut
2583 1423 2912 1478 permanere
2944 1410 3155 1480 possint
3191 1410 3382 1465 diebus
3411 1410 3618 1463 multis.

2045 1502 2174 1558 Haec
2212 1501 2354 1554 enim
2376 1500 2504 1554 dicit
2536 1499 2796 1554 Dominus
2835 1500 3199 1570 exercituum,
3231 1500 3372 1554 Deus
3421 1499 3618 1553 Israel:

2045 1598 2236 1654 Adhuc
2275 1597 2694 1668 possidebuntur
2755 1596 2949 1652 domus
2978 1603 3032 1648 et
3084 1593 3199 1664 agri
3245 1603 3304 1646 et
3342 1587 3518 1644 vine‘a:
3565 1589 3616 1642 in

2051 1701 2194 1746 terra
2224 1691 2380 1746 hac.s
2414 1689 2637 1746 Cunctis
2661 1704 2802 1758 quos
2825 1686 3135 1758 praeteritus
3173 1699 3354 1739 sermo
3382 1682 3624 1736 narravit

2046 1782 2406 1854 praesentibus
2427 1792 2482 1836 et
2512 1781 2840 1845 videntibus,
2897 1779 3107 1834 Baruch
3155 1778 3404 1832 ministro
3435 1773 3625 1842 praeci-

363 1873 448 1917 est
500 1863 867 1918 sabbatismus
917 1873 974 1918 et
1036 1863 1277 1933 requies,
1303 1877 1424 1918 esse
1453 1870 1723 1925 sanctum,
1756 1859 1943 1916 multis

2056 1876 2195 1943 pitur
2226 1884 2278 1929 ct
2305 1873 2598 1944 discipulo,
2617 1888 2726 1928 non
2761 1871 3100 1926 sermonibus
3130 1866 3502 1938 przrccptoris.
3524 1861 3619 1917 sed

367 1953 782 2026 Scripturarum
809 1955 1144 2010 teStimoniis
1170 1953 1614 2024 comprobemus,
1648 1951 1717 2008 de
1741 1950 1941 2022 quibus

349 2045 562 2136 'saltem
599 2061 768 2114 pauca
805 2046 1136 2116 posuissem,
1169 2047 1274 2102 nisi
1298 2047 1538 2102 otiosum
1567 2055 1712 2101 esset
1737 2044 1941 2100 docere

349 2137 486 2232 Lquae
527 2150 656 2192 nota
711 2147 859 2194 sunt.
907 2139 967 2194 ln
1009 2141 1112 2194 hoc
1146 2139 1314 2210 igitur
1351 2153 1581 2194 numero
1611 2153 1641 2193 a
1674 2136 1939 2207 propheta

366 2243 422 2287 et
448 2235 730 2289 sacerdote
763 2233 966 2288 emitur
989 2236 1282 2302 possessio,
1315 2233 1682 2302 scribiturqne
1719 2233 1770 2285 in
1802 2231 1943 2286 libro

351 2312 534 2414 :atqne
575 2325 846 2396 signatur,
880 2336 934 2378 et
957 2325 1489 2389 adhibentnrtestes,
1545 2332 1942 2394 argentumque

354 2415 663 2496 'Idiligenter
697 2416 1044 2486 appenditur,
1083 2424 1143 2468 ut
1167 2415 1350 2469 omnia
1374 2415 1708 2470 venditionis
1735 2422 1792 2468 et
1821 2428 1942 2468 ent-

354 2507 576 2580 _ptionis
621 2507 742 2576 jura
778 2519 1092 2569 serventur,
1133 2517 1188 2561 et
1222 2506 1290 2560 sit
1322 2516 1469 2561 certa
1514 2506 1810 2575 possessio,
1849 2505 1944 2559 Sti-

356 2599 744 2668 gpulationihus
795 2610 849 2654 et
909 2599 1294 2670 sponsionibus
1353 2599 1636 2652 roborata.
1692 2596 1785 2652 Vel
1841 2597 1946 2651 huc

355 2677 613 2780 Eandiant,
664 2692 755 2760 qui
808 2691 941 2746 falsa
995 2701 1370 2755 testamenta,
1405 2700 1458 2744 et
1544 2689 1817 2744 interdum
1875 2701 1946 2742 ne

357 2777 702 2878 itestamenta
754 2782 972 2853 quidem
1028 2781 1130 2838 sibi
1179 2781 1437 2836 adhibitis
1479 2779 1708 2835 testibus
1764 2777 1946 2832 vindi-

358 2888 503 2955 |care
531 2882 818 2955 conantur.

448 2963 628 3032 (Vers.
656 2953 768 3031 12.)
799 2983 816 3016 ι
849 2963 910 3019 Et
933 2963 1055 3020 dedi
1085 2963 1285 3020 librum
1318 2961 1686 3034 possessionis
1731 2958 1944 3014 Baruch

361 3057 488 3132 ‘ﬂlio
512 3057 684 3115 Neria:
720 3058 910 3132 [Vulg.
935 3056 1086 3131 Neri]
1116 3057 1208 3112 filii
1241 3056 1457 3112 Massiua
1485 3057 1538 3111 in
1583 3055 1760 3110 oculis
1804 3055 1950 3107 Ana-

360 3139 515 3246 ;meel
546 3152 805 3223 patruelis
825 3152 952 3218 mei,
994 3152 1124 3206 etin
1156 3150 1332 3205 oculis
1362 3148 1612 3212 testium,
1673 3148 1763 3216 qui
1793 3157 1949 3202 erant

2044 1963 2402 2034 Deijnbentis
2444 1963 2698 2034 imperio,
2732 1970 2791 2014 ut
2822 1968 3064 2015 assumat
3093 1958 3283 2016 libros.
3321 1970 3487 2010 unum
3540 1955 3617 2008 si-

2044 2066 2298 2126 gnatum,
2359 2054 2589 2110 alterum
2641 2061 2913 2122 apertum,
2947 2066 3067 2120 quin
3103 2049 3440 2118 emptionum
3477 2061 3616 2100 con-

2045 2148 2275 2204 suetudo
2327 2148 2436 2202 huc
2490 2161 2666 2216 usque
2694 2153 2966 2206 servatur,
3016 2151 3072 2197 ut
3109 2145 3254 2212 quod
3296 2141 3626 2196 intrinsecus

2044 2240 2288 2295 clausum
2319 2238 2340 2268 ⁸
2373 2236 2650 2308 signacula
2691 2235 3002 2298 continent,
3050 2232 3155 2288 hoc
3184 2236 3359 2301 legere
3392 2230 3621 2299 cupien-

2046 2333 2191 2388 tibus
2213 2338 2461 2400 apertum
2490 2329 2743 2382 volumen
2775 2327 3032 2381 exhibeat
3058 2341 3071 2380 :
3101 2334 3391 2391 utrumque
3417 2321 3468 2374 in
3487 2335 3618 2374 vase

2047 2422 2218 2489 fictili,
2252 2431 2312 2477 ut
2343 2433 2658 2490 permanere
2687 2419 2896 2489 possint
2953 2415 3147 2470 diebus
3190 2413 3394 2468 multis.
3433 2411 3615 2465 Firma

2047 2513 2213 2584 igitur
2241 2519 2433 2566 eratet
2469 2509 2629 2580 longo
2662 2517 2783 2576 post
2818 2517 3061 2575 tempore
3115 2505 3292 2558 futura
3323 2503 3620 2569 possessio,

2045 2620 2165 2676 quae
2196 2613 2344 2658 tanta
2376 2601 2624 2657 custodia
2659 2601 3005 2662 servabatur,
3051 2612 3118 2652 ne
3161 2595 3244 2650 vel
3295 2596 3429 2648 foris
3467 2608 3624 2663 emp-

2049 2697 2215 2752 tionis
2249 2695 2369 2750 libri
2402 2677 2585 2765 positi,
2618 2701 2870 2764 paterent
2905 2691 3132 2761 rapinze,
3188 2687 3270 2743 vel
3304 2688 3468 2740 humo
3493 2699 3624 2740 con-

2047 2792 2168 2857 diti,
2203 2792 2432 2847 humore
2465 2800 2622 2846 terrm
2645 2790 3015 2846 solverentur.
3059 2786 3173 2841 Hoc
3217 2793 3399 2838 autem
3446 2790 3618 2836 totum

2050 2884 2111 2939 ﬁt
2139 2893 2200 2938 ut
2230 2881 2652 2952 intelligantqui
2685 2881 2962 2946 videbant,
3009 2893 3230 2933 rursum
3276 2874 3624 2930 habitandam

2047 2973 2374 3038 Jerusalem,
2406 2983 2459 3028 et
2489 2973 2848 3043 possidendus
2875 2986 3062 3041 agros,
3093 2969 3234 3040 quod
3271 2967 3395 3022 licet
3413 2966 3621 3034 absque

2049 3079 2302 3121 sermone
2323 3063 2575 3119 .leremiaa
2596 3063 2893 3117 debuerant
2911 3074 3008 3129 per
3033 3073 3092 3113 se
3113 3056 3622 3126 intelligere,tamen

2057 3157 2266 3211 Domini
2294 3154 2644 3210 sermonibus
2665 3160 3107 3213 commonentur,
3129 3157 3182 3202 et
3201 3146 3399 3201 dicitur
3421 3148 3489 3198 ad
3505 3157 3630 3196 eos:

363 3219 570 3314 Ϊεετίριῑ
599 3244 652 3298 in
687 3243 824 3299 libro
858 3242 1194 3313 emptionis;
1249 3241 1304 3296 in
1332 3240 1507 3296 oculis
1558 3239 1805 3294 omnium
1854 3235 1948 3291 Ju-
1977 3219 2021 3279 ε
2057 3247 2186 3302 Ηωο
2205 3248 2330 3301 dicit
2371 3246 2626 3300 Dominus
2654 3245 3003 3308 exercituum,
3028 3241 3162 3294 Deus
3194 3237 3362 3292 Israel
3392 3251 3410 3290 .-
3444 3235 3630 3288 Adhuc

363 3327 638 3399 datorum,
683 3335 776 3404 qui
821 3335 1082 3392 sedebant
1114 3336 1166 3388 in
1197 3333 1339 3387 atrio
1385 3331 1645 3386 carceris.
1677 3349 1696 3382 ι
1762 3329 1950 3394 Quatt-

380 3445 548 3499 quam
587 3431 768 3484 statim
845 3437 990 3483 esset
1051 3428 1324 3498 possessio
1399 3423 1778 3494 relinquenda,
1839 3423 1951 3478 imo

375 3523 603 3577 emenda
650 3521 906 3589 posteris,
953 3528 1007 3574 et
1049 3519 1116 3574 ab
1155 3535 1221 3575 eo
1269 3517 1499 3573 emenda
1545 3517 1637 3585 qtti
1674 3515 1812 3569 ﬁlios
1843 3529 1948 3568 nun

377 3614 610 3669 habebat
648 3615 848 3684 (neque
895 3612 1040 3668 enim
1099 3625 1322 3668 uxorem
1390 3607 1700 3678 acceperat)
1768 3616 1947 3660 tamen

377 3707 637 3764 obedieu
705 3710 932 3777 imperio
971 3704 1210 3770 Domini,
1273 3703 1454 3758 omnia
1504 3703 1606 3756 rite
1675 3701 1951 3756 celebrat:

377 3803 758 3872 signatumque
789 3798 987 3853 librum
1033 3795 1399 3866 possessnonis
1433 3794 1528 3849 dat
1573 3792 1792 3846 Baruch
1843 3791 1954 3844 tilio

377 3891 504 3947 Neri
540 3891 630 3945 lilii
656 3890 890 3946 Maasiaa.
920 3889 1133 3943 Barnch
1161 3888 1215 3943 in
1249 3887 1428 3958 lingua
1449 3895 1629 3942 nostra
1654 3884 1952 3938 benedictus

378 3985 624 4052 dicitur;
655 3985 746 4055 qui
782 3991 902 4039 erat
929 3983 1070 4038 (ilius
1100 3981 1250 4046 Neri,
1289 3979 1378 4049 qui
1432 3965 1821 4046 interpretatur
1869 3973 1955 4026 lu-

380 4095 534 4134 cerna
549 4094 684 4144 mea,
717 4077 929 4133 dicente
958 4075 1230 4144 Propheta
1255 4090 1270 4135 ;
1299 4072 1536 4126 Lucerna
1581 4070 1798 4140 pedibus
1822 4064 1954 4121 meis

384 4174 592 4229 verbum
625 4182 796 4236 tuum,
851 4178 901 4226 et
950 4170 1126 4224 lumen
1153 4167 1356 4221 semitis
1381 4165 1510 4218 meis
1544 4165 1736 4218 ardens
1775 4158 1952 4228 (Paul.

383 4282 570 4333 cxvtn,
627 4265 773 4332 105).
804 4263 926 4318 Neri
960 4276 1180 4332 quoque
1217 4268 1368 4325 pater
1394 4257 1606 4312 Baruch
1633 4257 1772 4310 ﬁlius
1803 4253 1956 4307 Maa-

387 4362 501 4422 site.
576 4357 629 4413 id
682 4369 790 4423 est,
839 4357 1101 4427 facturw‘
1130 4365 1184 4410 et
1205 4355 1376 4424 operis
1405 4350 1644 4405 Domini.
1689 4347 1955 4403 Animad-

383 4464 663 4506 vertamus
692 4465 842 4518 ergo,
883 4449 1107 4519 quantis
1140 4447 1400 4502 virtutum
1431 4442 1729 4514 privilegiis
1783 4438 1955 4493 disci-

2055 3340 2458 3405 possidebuutnr
2486 3343 2672 3391 domus
2695 3346 2743 3390 et
2768 3337 2884 3406 agri
2913 3343 2962 3390 et
3000 3336 3167 3388 vincte
3218 3332 3275 3386 in
3328 3341 3467 3384 terra
3502 3329 3630 3381 ista.

2056 3432 2169 3487 [loc
2206 3441 2289 3486 est
2334 3430 2462 3484 illud
2494 3429 2636 3499 quod
2677 3427 2944 3483 Jcremias
2994 3425 3197 3480 dtnlum
3231 3425 3482 3476 dixerat:
3543 3418 3635 3471 ln-

2057 3527 2235 3582 tellexi
2258 3523 2470 3580 verbum
2501 3538 2608 3576 esse
2642 3521 2856 3576 Domini
2881 3536 2895 3577 :
2930 3528 2985 3574 et
3012 3517 3222 3573 idcirco
3246 3515 3378 3570 emit
3412 3526 3630 3580 agrum,

2055 3635 2215 3691 quem
2245 3629 2594 3687 pOSSCSSlll‘llS
2623 3630 2726 3668 non
2756 3624 2894 3668 erat.

2130 3710 2311 3780 (Vers.
2345 3708 2410 3763 16
2442 3709 2622 3777 seqq.)
2653 3724 2671 3757 ι
2705 3705 2772 3759 Ει
2823 3705 2974 3759 oravi
3028 3703 3095 3757 ad
3156 3699 3440 3755 Dominum
3481 3705 3632 3766 post-

2058 3816 2221 3872 quam
2254 3798 2448 3854 tradidi
2469 3798 2662 3852 libruin
2692 3795 3049 3865 possessionis
3068 3790 3274 3844 Baruch
3303 3787 3409 3840 {ilio
3435 3784 3631 3846 Nerine,

2057 3894 2276 3948 dicens:
2321 3889 2457 3954 Heu,
2507 3889 2631 3951 heu,
2656 3887 2787 3952 heu,
2833 3886 3058 3941 Domine
3089 3883 3230 3937 Dens
3260 3883 3378 3951 ;sive
3403 3879 3496 3948 qui
3535 3892 3618 3940 es,

2059 3985 2287 4042 Domine
2321 3980 2504 4052 Dens).
2533 3979 2674 4034 Ecce
2704 3989 2760 4033 tu
2803 3977 2991 4033 fecisti
3029 3975 3224 4031 ccclum
3257 3985 3306 4029 et
3329 3984 3524 4026 terram
3576 3969 3630 4022 in

2059 4076 2376 4132 fortitudine
2399 4083 2489 4127 tua
2540 4087 2754 4141 magna,
2793 4082 2847 4125 et
2897 4071 2950 4122 in
2995 4068 3220 4123 brachio
3268 4077 3362 4120 tuo
3403 4071 3628 4117 extento

2061 4170 2186 4242 (sive
2213 4165 2448 4237 excelso)
2483 4180 2586 4219 non
2619 4164 2724 4218 erit
2746 4164 2840 4216 tibi
2861 4161 3082 4216 diliicile
3104 4161 3232 4227 (sive
3258 4152 3624 4225 impossibile)

2060 4276 2222 4316 omne
2247 4260 2471 4316 verbum
2507 4256 2783 4328 (veljuxta
2806 4252 2951 4308 LXX
2980 4296 2994 4318 ,
3028 4252 3160 4306 nihil
3195 4255 3334 4318 apud
3359 4258 3409 4301 te
3429 4257 3509 4300 est
3545 4245 3639 4298 ab-

2061 4352 2414 4422 sconditum).
2471 4349 2574 4416 Qui
2616 4347 2757 4402 facis
2812 4343 3242 4400 miscricordiam
3281 4341 3335 4395 in
3374 4337 3636 4397 millibus.

2063 4457 2119 4502 et
2158 4445 2336 4500 reddis
2371 4443 2712 4512 iniquitatem
2733 4451 2946 4511 patrum
2969 4439 3020 4492 in
3046 4438 3166 4491 sinu
3194 4435 3424 4489 ﬁliorum
3447 4447 3636 4484 eorum

382 4545 541 4616 pulus
568 4545 780 4598 Barucb
807 4543 1056 4599 Jeremia:
1088 4538 1721 4600 ministraveriluliceule
1749 4532 1914 4586 DaVid
1939 4544 1954 4583 ε
1990 4552 2039 4612 ι)
2066 4548 2186 4609 post
2218 4552 2334 4602 eos,
2367 4533 2685 4591 fortissime.
2719 4547 2929 4602 magne,
2957 4541 3148 4598 potens
3170 4529 3334 4597 (quod
3364 4524 3626 4579 Hebraice

380 4637 673 4691 Antbuians
713 4637 768 4688 in
799 4637 880 4689 via
930 4634 1273 4688 immaculata
1308 4633 1392 4686 hic
1447 4629 1578 4684 mihi
1623 4623 1959 4680 ministrabat

382 4729 556 4800 (Psal.
584 4744 634 4791 c,
661 4729 739 4799 6).
779 4727 933 4785 Unde
963 4737 1015 4780 et
1041 4727 1262 4781 Eliszeus
1309 4726 1561 4779 minister
1585 4721 1710 4774 Elian
1743 4722 1794 4772 in
1841 4729 1961 4770 tan-

385 4834 494 4878 tum
533 4823 736 4892 placuit
794 4821 924 4883 Deo,
958 4829 1026 4872 ut
1051 4827 1172 4888 post
1226 4817 1642 4872 translationem
1701 4810 1950 4882 magistri

383 4917 549 4972 etiam
575 4914 839 4984 duplicem
877 4915 1127 4984 spiritum
1187 4919 1488 4966 mereretur
1537 4909 1793 4977 accipere
1852 4902 1957 4975 (IV

385 5009 510 5078 Reg.
561 5008 642 5077 tt).
676 5007 792 5061 Hoc
827 5005 953 5060 dico
982 5005 1047 5058 ad
1079 4993 1563 5058 commOnitione'm
1593 5013 1807 5061 eorum,
1860 4996 1953 5066 qui

385 5081 654 5156 malorum
699 5099 980 5153 hominum
1014 5097 1312 5150 abutuntur
1345 5091 1683 5152 ministeriis,
1747 5098 1802 5142 et
1849 5102 1956 5141 non

383 5193 585 5246 audent
609 5191 846 5260 abjicere
878 5201 991 5250 eos,
1021 5201 1158 5256 quos
1181 5185 1338 5238 mala:
1367 5180 1718 5237 conscientiae
1755 5185 1956 5232 norunt

385 5288 488 5341 sibi
511 5285 716 5356 glutino
798 5281 1102 5352 c0pulatos.
1135 5278 1394 5333 Traditur
1437 5286 1616 5330 autem
1667 5274 1805 5328 liber
1854 5272 1960 5322 Ba-

385 5379 519 5434 ruch
551 5387 696 5432 tanto
715 5385 770 5429 et
802 5376 892 5428 tali
927 5374 1066 5436 viro,
1093 5373 1306 5425 vidente
1331 5368 1612 5429 Anamcel,
1637 5366 1729 5435 qui
1761 5362 1982 5443 vendi-.

457 5561 476 5592 ⁸
508 5558 732 5615 Scilicet
757 5559 808 5612 in
835 5555 1126 5612 Nominum
1161 5553 1303 5607 libro
1339 5552 1454 5604 haec
1488 5547 1772 5604 obtinebat
1808 5545 1958 5599 Maa-

389 5633 486 5686 site
552 5629 792 5686 nominis
841 5621 1386 5696 interpretatio:_ubi
1425 5627 1514 5696 et‘
1549 5617 1756 5696 Mesaia
1813 5615 1957 5696 hand

393 5685 832 5756 recteiscribitur
857 5685 1070 5750 Latinis
1119 5694 1340 5755 litteris,
1374 5691 1515 5759 quod
1559 5687 1824 5759 putabant
1863 5685 1960 5759 lle-

333 5766 345 5777 ’
392 5772 592 5826 braicis
621 5769 724 5824 ιιιοί
759 5771 979 5831 Πῒιριηέ,
1022 5776 1080 5818 ut
1104 5781 1251 5832 οριιε,
1297 5756 1694 5832 εὶνέίίηνηιτανη
1721 5756 1958 5832 θθῗὲίῧ·

392 5825 656 5899 uiticarct.
693 5825 1267 5897 Verum-inunnibyt
1327 5825 1640 5892 κακῶς
1700 5825 1957 5885 sctibitur

2063 4629 2280 4698 dicitttr)
2335 4643 2522 4684 Gineon
2574 4609 2756 4696 (71:17:)
2817 4623 3078 4678 Dominus
3121 4621 3456 4677 exercituum
3511 4617 3636 4686 (sive

2061 4720 2342 4789 virtutum)
2387 4733 2584 4772 nomen
2642 4717 2760 4772 tibi.
2811 4713 3035 4785 Magnus
3069 4712 3298 4767 consilio
3335 4717 3388 4762 et
3427 4709 3636 4760 incom-

2062 4811 2442 4884 prehensibilis
2497 4809 2758 4879 cogitatu.
2790 4805 2958 4872 Cuius
2987 4803 3127 4858 oeuli
3178 4801 3345 4870 aperti
3396 4809 3520 4851 sunt
3552 4812 3643 4850 su-

2062 4919 2158 4975 per
2189 4917 2378 4958 omnes
2417 4902 2530 4955 vias
2582 4900 2816 4953 liliuruat
2889 4897 3059 4950 Adam
3127 4893 3257 4960 (sive
3313 4890 3637 4952 hominum)

2063 5007 2122 5049 ut
2157 4995 2352 5050 reddas
2383 4993 2672 5061 unicuique
2697 4991 2992 5046 secundum
3021 4986 3135 5038 vias
3167 4998 3318 5046 suas,
3351 4991 3403 5035 ct
3433 4994 3638 5034 seuun-

2063 5084 2448 5152 dumjructum
2477 5081 2922 5136 adinvcntionum
2955 5089 3176 5130 suarum
3213 5072 3397 5141 (Vulg.
3432 5070 3630 5138 ejtls).s

2061 5180 2186 5236 Post
2210 5179 2537 5249 emptionem
2565 5174 2805 5245 agrijure
2822 5170 3172 5231 eeleht'atam,
3201 5176 3254 5221 et
3277 5163 3489 5235 1083
3519 5170 3638 5226 post

2061 5270 2385 5328 Sententiam
2411 5266 2646 5331 Domini,
2665 5280 2768 5333 qua
2801 5261 3076 5332 pollicitus
3110 5268 3193 5314 cst
3217 5259 3428 5321 dOmns,
3450 5269 3638 5323 agros,

2062 5373 2118 5418 et
2165 5363 2351 5415 vineas
2383 5358 2640 5426 deinceps
2672 5353 3050 5425 possidendas,
3092 5361 3212 5407 orat
3248 5349 3515 5419 PrOpheta
3567 5346 3639 5399 ad

2065 5541 2121 5594 in
2148 5537 2415 5592 liehraico
2446 5544 2622 5598 textu,
2667 5548 2844 5604 neque
2875 5532 3012 5587 adeo
3038 5531 3229 5586 isthmc
3261 5529 3336 5582 illi
3365 5524 3644 5596 expositio

2063 5609 2302 5665 nominis
2339 5607 2618 5675 c0ngruit.

2134 5681 2154 5710 ³
2189 5677 2325 5733 lluic
2355 5669 2472 5732 loco
2519 5675 2910 5730 Cunnnentarii
2963 5671 3080 5728 vice
3138 5671 3211 5726 sit
3271 5669 3640 5726 doctissimus

2063 5750 2411 5806 couterranci
2469 5747 2666 5808 nostri,
2723 5743 2997 5814 Scipionis
3052 5741 3385 5798 miri-bimus
3448 5737 3636 5798 Malici

2063 5823 2216 5884 liber,
2251 5820 2338 5889 qui
2372 5817 2717 5874 inscribitur:
2754 5813 2831 5872 La
2870 5813 3247 5884 Diplomatica.
