3966 6176
377 347 482 411 9:27

1558 343 1618 406 S.
1661 339 1980 404 EUSEBII
2015 336 2456 402 HIERONYMI

3527 327 3636 396 938

376 461 689 529 Dominum,
750 467 804 517 et
861 461 1102 516 dolorem
1139 460 1322 515 cordis
1351 458 1642 529 gemitibus
1667 458 1946 528 exprimit,
1980 461 2022 517 Α
2052 457 2162 509 uias
2190 456 2420 525 ﬁliorum
2447 452 2640 509 Adam.
2677 453 2900 507 Frustra
2961 466 3090 521 ergo
3141 452 3308 506 homo
3363 465 3424 505 se
3477 461 3634 520 putat

374 554 566 610 dicens
590 571 605 609 :
643 553 779 618 Heu,
804 553 926 617 heu,
946 553 1069 615 heu,
1096 552 1318 606 Domine
1345 551 1482 606 Deus
1505 567 1519 582 ο
1554 566 1651 620 pro
1675 567 1782 620 quo
1807 549 1951 604 LXX

377 647 794 712 transtulerunt,
822 647 850 698 ὁ
875 645 973 710 ὢν,
1024 645 1074 699 id
1103 653 1206 708 est,
1257 645 1350 714 qui
1378 661 1455 703 es.
1502 643 1732 698 Domine
1786 641 1947 708 Deus,

374 741 524 811 juxta
560 738 689 793 illud
727 739 871 806 quod
916 738 1080 808 Moysi
1117 737 1347 790 dicitur:
1413 735 1576 798 Vade,
1618 735 1703 788 die
1753 735 1950 804 populo

379 833 586 888 lsrael:
615 832 718 900 Qui
747 843 849 898 est,
870 833 1010 886 misit
1041 848 1120 884 me
1147 830 1217 884 ad
1238 846 1327 884 vos
1355 829 1552 899 (Exod.
1575 844 1658 891 tu,
1691 826 1802 898 η).
1832 827 1949 881 Non

377 943 485 996 quo
511 941 614 980 non
646 927 756 980 sint
788 926 907 991 alii;
962 925 1055 980 sed
1107 923 1254 978 aliud
1286 934 1369 978 est
1394 922 1676 979 Creatoris
1709 936 1831 978 esse
1861 924 1956 977 be-

379 1018 596 1080 nelit'io,
634 1016 776 1086 quod
809 1017 1110 1082 subsistat;
1149 1016 1313 1082 aliud,
1349 1015 1658 1071 aeternitate
1718 1022 1947 1071 naturae.

377 1107 588 1161 Laudat
620 1109 930 1172 Dominum,
959 1118 1013 1162 et
1035 1123 1099 1161 ex
1127 1108 1394 1162 creaturis
1436 1106 1697 1177 praedicat
1724 1106 1951 1162 Creato-

377 1215 513 1254 rem.
540 1199 888 1270 Primumque
917 1199 1214 1269 potentiam
1247 1198 1363 1265 ejus
1393 1207 1450 1253 et
1485 1198 1951 1264 misericordiam,

378 1304 545 1356 atque
567 1292 838 1358 justitiam
870 1292 925 1345 in
951 1307 1111 1345 omne
1140 1291 1424 1345 hominum
1451 1306 1622 1360 genus
1645 1293 1822 1347 elevat
1860 1308 1954 1345 vo-

377 1383 564 1437 cibus:
591 1383 784 1437 deinde
819 1382 1009 1437 transit
1040 1382 1104 1435 ad
1132 1382 1320 1448 Israel,
1350 1394 1404 1436 et
1446 1391 1651 1453 quanta
1708 1383 1757 1438 ci
1816 1397 1954 1452 prat-

378 1475 601 1538 stiterit,
631 1473 830 1530 celebri
885 1473 1006 1544 (Al.
1034 1473 1218 1543 celeri)
1277 1488 1530 1530 sermone
1556 1475 1840 1531 describit.
1886 1476 1955 1531 Et

383 1575 501 1632 post
529 1577 685 1620 tanta
721 1566 1268 1630 beneﬁciadicit'eos
1299 1567 1647 1623 immemores
1682 1570 1950 1624 bonorum

381 1657 546 1721 illius,
583 1657 922 1714 clementiam
959 1660 1008 1713 iu
1039 1660 1459 1714 amaritudinem
1490 1674 1837 1729 provocasse,
1879 1663 1952 1718 ita

381 1759 439 1802 ut
464 1750 777 1804 obsideatur
804 1753 1017 1816 civitas,
1041 1761 1094 1808 et
1123 1762 1412 1824 antequam
1466 1753 1704 1809 hostium
1738 1756 1793 1810 in
1830 1771 1949 1810 eam

381 1845 473 1895 tiat
518 1843 768 1913 irruptio,
815 1843 978 1911 fame,
1012 1855 1065 1898 et
1097 1845 1292 1915 gladio,
1323 1855 1377 1901 et
1413 1857 1570 1917 peste
1623 1859 1952 1918 consumpta

379 1935 470 1987 sit.
495 1932 620 1988 llaec
650 1946 832 1991 autem
866 1942 1115 1991 universa
1146 1938 1428 2008 praemisit,
1457 1949 1518 1993 ut
1547 1951 1958 2009 consequenter

381 2026 508 2078 illud
535 2025 775 2095 inferret,
816 2029 958 2097 quod
1008 2029 1060 2082 in
1097 2030 1587 2100 reprehensionem
1617 2031 1816 2085 divinae
1835 2047 1957 2086 sen-

384 2123 567 2174 tentia:
594 2123 776 2178 facere
815 2123 1129 2180 videbatur.
1164 2124 1228 2194 Et
1261 2135 1316 2182 tu
1346 2126 1482 2183 dicis
1513 2126 1671 2192 mihi,
1729 2127 1958 2184 Domine

381 2213 547 2281 Deus,
598 2231 717 2271 eme
771 2233 958 2288 agrum
988 2228 1233 2288 argento,
1285 2229 1336 2274 et
1364 2219 1564 2274 adhibe
1607 2230 1796 2285 testes,
1829 2238 1954 2276 cum

383 2311 512 2362 urbs
546 2311 670 2363 data
705 2311 776 2366 sit
811 2311 864 2364 in
897 2327 1090 2367 manus
1122 2312 1502 2367 Chaldaeorum
1527 2314 1550 2368 ‘l
1577 2313 1699 2370 Ilaec
1733 2317 1953 2370 interim

385 2412 494 2454 tota
527 2401 629 2456 loci
663 2402 823 2458 istius
852 2404 1096 2459 continet
1119 2404 1392 2475 pericope.
1421 2405 1581 2460 Nunc
1633 2408 1698 2460 ad
1744 2407 1956 2478 singula

382 2503 740 2550 revertamur.
772 2495 851 2549 Tu
881 2495 1057 2550 fecisti
1084 2497 1282 2551 coelum
1319 2506 1374 2552 et
1410 2507 1608 2551 terram
1651 2499 1702 2552 in
1737 2498 1956 2554 fortitu-

381 2585 508 2639 dine
544 2595 629 2640 tua
661 2601 878 2652 magna.
911 2585 968 2639 Et
993 2587 1230 2644 Joannes
1277 2587 1406 2643 dicit
1458 2591 1523 2644 dc
1550 2590 1724 2646 Filio:
1764 2591 1958 2648 Omnia

381 2692 475 2743 per
501 2676 669 2744 ipsum
703 2677 850 2747 facta
871 2687 1018 2743 sunt,
1053 2688 1102 2732 et
1134 2680 1246 2733 sine
1274 2679 1388 2746 ipso
1412 2678 1613 2750 factum
1669 2694 1744 2736 est
1802 2683 1955 2749 nihil,

379 2768 519 2837 quod
555 2769 755 2836 factum
788 2778 864 2823 est
895 2768 1083 2836 (Joan.
1119 2786 1155 2836 I,
1183 2770 1260 2840 5).
1297 2769 1421 2826 Haec
1441 2782 1523 2826 est
1551 2773 1694 2826 enim
1747 2771 1956 2826 Domini

382 2859 667 2927 fortitudo,
699 2860 954 2929 Apostolo
987 2864 1413 2930 comprobante:
1446 2863 1690 2918 Christus
1723 2863 1822 2918 Dei
1848 2866 1959 2920 vir-

382 2963 468 3004 tus
495 2961 543 3004 et
584 2952 679 3006 Dei
707 2954 970 3023 sapientia
998 2953 1050 3024 (Ι
1074 2954 1200 3009 Cor.
1225 2971 1266 3018 ι,
1292 2954 1411 3025 24).
1441 2955 1505 3010 Et
1532 2957 1586 3011 in
1613 2957 1839 3012 brachio
1868 2967 1957 3014 tuo

381 3053 631 3107 extento,
685 3046 799 3101 sive
854 3050 1092 3112 exrelso,
1136 3065 1372 3117 quorum
1437 3060 1731 3119 utrumque
1767 3067 1959 3122 percu-

2057 549 2150 604 Dei
2174 550 2351 603 celare
2376 549 2649 603 notitiam.
2677 547 2942 617 Quodque
2967 545 3130 601 infert
3154 563 3167 599 :
3201 545 3272 600 Ut
3303 546 3639 599 reddasuni-

2056 643 2243 712 cuique
2266 643 2548 696 secundum
2571 644 2682 696 vias
2714 658 2860 707 suas,
2886 652 2934 696 et
2955 642 3244 695 secundum
3273 641 3499 708 fructum
3531 640 3637 694 ad-

2056 735 2416 789 im-entionum
2486 751 2728 797 suarum,
2761 735 2866 790 hoc
2891 734 3093 788 indicat
3133 735 3276 802 quod
3359 733 3636 787 interdum

2060 845 2155 898 pro
2186 831 2350 884 nimia
2379 831 2639 899 patientia
2666 831 2706 896 ί,
2728 830 2934 899 judicia
2957 831 3080 900 ejus
3104 831 3386 885 videantur
3408 829 3638 899 injuste.

2056 919 2224 984 Quem
2257 919 2432 974 locum
2456 921 2752 990 Apostolus
2789 922 3005 992 plenius
3040 919 3272 988 explicat
3306 923 3374 974 ad
3433 920 3643 976 Roma-

2057 1026 2192 1067 nos:
2225 1011 2450 1083 Ignoras
2482 1017 2726 1084 quoniam
2748 1015 3038 1085 benignitas
3071 1015 3166 1069 Dei
3182 1015 3250 1067 ad
3269 1015 3637 1084 paenitentiam

2057 1115 2106 1158 te
2163 1105 2448 1161 hortatur?
2471 1109 2754 1162 secundum
2783 1107 3042 1161 duritiam
3076 1115 3252 1160 autem
3285 1116 3426 1159 tuam
3452 1115 3503 1160 et
3533 1123 3632 1160 eor

2057 1197 2410 1265 impaenitens,
2444 1199 2769 1253 thesaurizas
2793 1199 2887 1252 tibi
2903 1199 3040 1252 iram
3069 1199 3123 1252 in
3150 1197 3234 1251 die
3266 1199 3381 1260 ine,
3403 1208 3453 1252 et
3483 1213 3633 1252 reve-

2059 1291 2273 1344 lationis
2296 1291 2434 1361 justi
2460 1291 2648 1358 iudicii
2668 1288 2763 1346 Dei
2801 1290 2977 1362 (Rom.
3013 1307 3072 1356 ll,
3099 1292 3154 1354 4,
3187 1291 3489 1358 5).Quanto
3518 1289 3630 1359 igi-

2058 1393 2146 1437 tur
2196 1378 2370 1439 seriOr
2401 1382 2632 1440 vindicta
2663 1387 3026 1454 peccantium
3060 1395 3163 1449 est,
3198 1394 3346 1438 tanto
3373 1383 3625 1454 justior:

2058 1473 2111 1528 in
2139 1472 2550 1530 similitudinem
2602 1472 2928 1540 Pharaonis,
2955 1475 3047 1545 qui
3092 1473 3281 1530 decem
3313 1473 3489 1542 plagis
3539 1471 3643 1526 ad-

2058 1568 2317 1634 monitus,
2351 1583 2460 1622 nou
2499 1567 2742 1639 punitus,
2776 1578 2830 1624 et
2881 1569 2932 1622 iu
2965 1568 3163 1622 duritia
3223 1583 3616 1637 perseverans,

2058 1660 2122 1714 ad
2178 1671 2484 1716 extremum
2537 1660 2708 1716 Rubri
2771 1662 2941 1716 maris
2985 1659 3236 1716 ﬂuctibus
3269 1661 3501 1716 obrutus
3553 1668 3645 1715 est

2062 1751 2263 1814 (Exod.
2299 1755 2435 1822 κη’).

2135 1843 2315 1918 (Vers.
2355 1847 2426 1900 20
2460 1847 2638 1918 seqq.)
2675 1866 2692 1899 ι
2731 1847 2831 1916 Qui
2863 1849 3090 1919 posuisti
3117 1850 3266 1920 signa
3295 1859 3348 1904 et
3381 1855 3642 1918 portenta

2061 1937 2114 1991 in
2155 1948 2297 1993 terra
2331 1938 2552 2012 Egypti
2592 1955 2764 2008 usque
2812 1941 2875 1994 ad
2912 1941 3054 1995 diem
3095 1941 3258 2008 hanc,
3290 1951 3343 1996 et
3380 1943 3431 1995 in
3469 1939 3645 1995 lsrael

2060 2039 2114 2084 et
2145 2031 2196 2084 in
2232 2031 2546 2086 hominibus
2581 2034 2708 2102 (sire
2749 2032 3060 2104 terrigenis)
3092 2042 3146 2088 et
3187 2033 3364 2086 iecisti
3399 2033 3496 2089 tibi
3543 2047 3647 2086 no-

2063 2138 2182 2176 men
2213 2124 2356 2178 sicut
2385 2132 2471 2178 est
2501 2124 2618 2179 dies
2655 2125 2794 2187 lucc,
2825 2136 2876 2177 et
2911 2123 3144 2178 eduxisti
3182 2123 3436 2193 populum
3489 2133 3644 2176 tuum

2061 2209 2226 2267 lsrael
2262 2212 2328 2266 dc
2360 2221 2509 2268 terra
2558 2211 2802 2286 Egypti,
2840 2213 2892 2268 in
2947 2214 3120 2284 signis
3167 2223 3219 2268 et
3257 2213 3310 2267 in
3345 2213 3646 2284 portentis,

2061 2303 2210 2357 etin
2264 2317 2428 2358 manu
2499 2303 2742 2368 robusta,
2798 2315 2852 2359 et
2906 2305 3132 2360 brachio
3171 2314 3413 2369 extento,
3481 2314 3536 2359 et
3589 2305 3645 2360 in

2062 2404 2274 2450 terrore
2315 2411 2529 2465 magno.
2585 2396 2652 2451 Et
2697 2398 2891 2453 dedisti
2930 2399 3009 2453 eis
3045 2406 3245 2453 terram
3275 2399 3439 2463 hanc,
3479 2413 3645 2467 quam

2055 2485 2248 2555 jarasti
2283 2486 2530 2556 patribus
2565 2502 2775 2552 eorum,
2819 2497 2879 2542 ut
2911 2488 3070 2544 dares
3101 2489 3182 2544 eis
3213 2498 3419 2543 terram
3461 2487 3646 2542 liuen-

2064 2588 2168 2630 tem
2195 2579 2334 2633 lacte
2360 2590 2412 2634 et
2443 2578 2620 2634 melle.
2659 2581 2720 2633 Et
2750 2581 2975 2650 ingressi
3014 2590 3162 2646 sunt,
3189 2592 3240 2635 et
3277 2583 3648 2652 possederunt

2060 2686 2202 2738 eam,
2253 2680 2307 2726 et
2357 2687 2465 2725 non
2518 2671 2840 2726 obedierunt
2879 2673 2993 2726 voci
3039 2681 3165 2738 tum,
3208 2683 3260 2727 et
3306 2673 3357 2726 in
3409 2673 3525 2741 lege
3550 2683 3648 2727 tua

2063 2777 2170 2816 non
2236 2764 2687 2831 ambulaverunt;
2731 2765 2913 2818 omnia
2969 2780 3088 2835 qua:
3136 2766 3404 2819 mandasti
3459 2767 3542 2820 eis
3589 2775 3650 2820 ut

2063 2853 2325 2920 facerent,
2380 2871 2484 2910 nou
2539 2855 2812 2918 fecerunt.
2842 2864 2896 2912 et
2931 2865 3232 2912 evenerunt
3273 2857 3355 2912 eis
3391 2858 3648 2912 universa

2064 2945 2202 3000 mala
2268 2948 2405 3002 bare.
2455 2967 2472 2999 ι
2533 2947 2610 3002 De
2641 2950 2878 3018 generali
2933 2949 3127 3003 transit
3177 2948 3243 3002 ad
3295 2949 3556 3018 speciale,
3591 2961 3648 3003 et

2061 3039 2192 3106 quid
2245 3041 2459 3108 proprie
2515 3041 2829 3110 pra'stiterit
2900 3041 3128 3108 lsracli,
3176 3042 3327 3097 brevi
3386 3057 3649 3098 sermone

383 3138 570 3192 tientis
603 3137 863 3193 indicium
889 3150 993 3194 est.
1022 3138 1137 3195 Hoc
1168 3150 1249 3195 est
1289 3152 1472 3198 autem
1522 3144 1837 3211 brachium,
1890 3147 1954 3201 de

2067 3134 2358 3200 percurrit.
2393 3131 2733 3204 Quiposuiti,
2766 3135 2862 3200 ait,
2887 3136 3036 3206 signa
3066 3145 3113 3190 et
3135 3145 3379 3203 portenta
3410 3136 3465 3187 in
3500 3144 3646 3190 terra

383 3245 490 3298 quo
511 3229 679 3286 Isaias
706 3231 972 3300 loquitur:
1011 3233 1078 3287 Et
1113 3235 1386 3288 brachium
1435 3235 1650 3290 Domini
1677 3239 1766 3292 cui
1814 3254 1956 3293 reve-

383 3321 549 3374 latum
579 3331 654 3376 est
686 3321 820 3393 (lsa.
852 3339 968 3390 mu,
995 3325 1085 3396 l)?
1128 3325 1244 3380 Non
1276 3327 1378 3381 erit
1419 3327 1513 3381 tibi
1545 3327 1762 3384 difﬁcile
1795 3345 1958 3385 omne

381 3413 632 3469 verbum.
675 3414 803 3480 Qua:
861 3416 1005 3470 enim
1049 3425 1191 3484 apud
1251 3417 1500 3474 homines
1564 3420 1952 3488 impossibilia,

383 3503 524 3574 apud
548 3503 714 3559 Deum
750 3507 1027 3574 possibilia
1047 3520 1173 3563 sunt
1201 3507 1423 3578 (llatth.
1451 3526 1542 3565 xu
1572 3510 1744 3578 ;Luc.
1777 3515 1956 3585 XVIII),

382 3595 501 3650 sive
549 3598 636 3651 cui
685 3596 820 3651 nihil
846 3607 928 3652 est
965 3598 1368 3663 absconditum.
1406 3598 1574 3676 juxta
1613 3601 1747 3656 illud
1797 3599 1956 3658 Psal-

381 3687 687 3757 mographi,
721 3688 978 3746 dicentis:
1017 3690 1157 3757 Quia
1179 3692 1405 3746 tenebrae
1454 3710 1556 3748 non
1596 3694 1959 3752 obscurabun-

385 3793 475 3836 tur
548 3801 578 3836 a
635 3793 702 3847 te,
763 3794 812 3837 et
866 3799 971 3837 nos;
1019 3787 1153 3838 sicut
1206 3788 1316 3840 dies
1367 3785 1958 3860 illuni‘inabitur(Psal.

385 3891 648 3940 cxxxvnt,
677 3875 785 3945 ιε).
809 3876 908 3943 Qui
931 3877 1065 3932 facis
1083 3879 1512 3934 misericordiam
1532 3880 1584 3934 in
1606 3881 1880 3950 millibus;
1907 3893 1962 3938 et

385 3966 574 4022 reddis
603 3968 944 4035 iniquitatem
969 3977 1185 4038 patrum
1221 3970 1276 4023 in
1327 3971 1449 4024 sinu
1487 3971 1725 4025 ﬁliorum
1765 3989 1957 4028 eorum

383 4071 510 4132 post
541 4076 657 4116 eos.
694 4061 926 4117 Grandis
955 4061 1240 4117 clementia
1294 4061 1594 4129 Creatoris,
1649 4066 1961 4122 misericor-

385 4155 528 4210 diam
585 4170 740 4209 suam
799 4156 852 4210 in
888 4155 1032 4210 mille
1084 4156 1464 4226 generationes
1525 4159 1845 4228 extendere,
1904 4169 1959 4214 et

381 4245 655 4317 justitiam
692 4247 877 4301 statim
912 4246 965 4300 in
1014 4245 1184 4301 altera
1215 4247 1571 4314 generatione
1625 4257 1959 4318 monstrare,

386 4354 507 4407 quin
541 4349 722 4393 tamen
768 4349 824 4394 et
885 4339 999 4408 ipsa
1034 4350 1116 4394 cst
1151 4341 1322 4394 mista
1381 4340 1792 4397 misericordiae.
1843 4341 1957 4397 Non

385 4430 528 4485 enim
550 4430 728 4483 statim
763 4431 918 4499 punit
951 4431 1380 4498 dciinquentem,
1412 4433 1506 4486 sed
1544 4445 1818 4502 eXSpet-tat
1847 4450 1960 4504 pm-

385 4522 713 4587 nitudinem,
757 4531 815 4574 ut
869 4521 915 4575 si
973 4522 1125 4577 liberi
1161 4524 1355 4578 imitati
1407 4525 1618 4580 fuerint
1665 4540 1954 4596 parentum

386 4614 540 4679 vitia,
569 4613 659 4668 diu
692 4613 855 4668 dilata
884 4613 1101 4686 1084
1127 4631 1286 4684 paena
1317 4620 1590 4674 reddatur.
1624 4618 1957 4688 Fortissime,

385 4723 594 4776 magne,
628 4715 834 4773 potens,
869 4706 1120 4759 Dominus
1143 4710 1487 4777 exercituum,
1524 4711 1640 4765 sive
1684 4713 1958 4781 virtutum,

388 4786 574 4849 nomen
607 4797 720 4849 tibi.
754 4795 858 4850 lsta
891 4796 1109 4850 nontina
1146 4799 1440 4866 potentiam
1495 4799 1740 4857 iudicant
1793 4801 1961 4859 Crea-

386 4891 544 4945 toris.
575 4888 840 4943 thcrum
864 4890 1080 4960 prOprie
1111 4905 1308 4944 nornen
1349 4890 1440 4946 Dei
1473 4889 1633 4945 Pater
1685 4905 1789 4960 est,
1815 4895 1959 4965 quod

387 4979 441 5031 in
500 4978 788 5050 Evangelia
841 4991 944 5048 per
980 4979 1265 5035 Dominum
1317 4981 1586 5036 revelatur
1645 4983 1956 5040 dicentem:

385 5067 572 5135 Pater,
628 5071 964 5140 manifestavi
1020 5089 1209 5126 nomen
1264 5083 1407 5126 tuum
1437 5075 1735 5130 hominibus
1772 5074 1958 5146 (Joart.

387 5179 522 5225 xvn,
555 5163 633 5231 li).
668 5162 902 5233 Magnus
937 5166 1184 5222 consilto.
1247 5165 1315 5221 Et
1343 5168 1506 5222 audet
1557 5183 1616 5223 se
1663 5170 1956 5239 quisquam

2062 3224 2303 3297 ngypti,
2333 3227 2527 3297 quibus
2553 3228 2746 3285 alliicta
2788 3239 2873 3286 est
2898 3227 3162 3300 Egyptus
3195 3245 3362 3299 usque
3397 3231 3464 3283 ad
3495 3231 3647 3284 diem

2061 3319 2222 3386 hanc,
2258 3331 2313 3375 et
2346 3320 2401 3374 iu
2438 3321 2605 3376 lsrael
2635 3331 2688 3377 et
2737 3323 2788 3376 in
2831 3323 3142 3378 hominibus
3175 3323 3292 3379 sive
3325 3323 3645 3394 terrigenis.

2061 3411 2175 3467 lloc
2201 3412 2347 3483 quod
2373 3413 2593 3484 dicitur,
2633 3432 2798 3487 usque
2837 3419 2908 3470 ad
2939 3418 3074 3470 diem
3124 3417 3281 3484 hanc,
3312 3417 3648 3488 posteriori:

2061 3504 2163 3560 bus
2188 3506 2551 3575 capulandum
2601 3518 2705 3574 est,
2743 3517 2800 3562 ut
2857 3511 3117 3577 legamus,
3155 3519 3209 3563 et
3259 3509 3313 3564 in
3369 3509 3565 3574 lsrael,
3593 3519 3650 3564 et

2063 3599 2116 3652 in
2154 3599 2370 3655 cunctis
2402 3600 2723 3657 mortalibus
2751 3603 2992 3670 quotidie
3030 3611 3115 3656 tua
3148 3601 3298 3672 signa
3341 3603 3645 3672 completiu-

2064 3703 2168 3745 tur.
2200 3690 2328 3748 Sive
2360 3691 2540 3757 aliter,
2576 3694 2728 3763 signa
2758 3704 2921 3762 atque
2961 3704 3204 3765 portenta
3231 3710 3338 3749 non
3365 3694 3545 3749 solum
3591 3695 3646 3749 in

2063 3782 2296 3854 JEgypto
2328 3786 2674 3854 perpetrasti',
2712 3788 2809 3841 sed
2854 3801 3028 3856 usque
3076 3787 3240 3842 hodie
3288 3787 3482 3842 eadem
3541 3797 3648 3842 tua:

2066 3875 2459 3930 misericordiae
2489 3876 2756 3933 fortitudo
2804 3877 3036 3934 salvavit
3085 3879 3342 3949 populum
3377 3892 3559 3945 tuum,
3593 3889 3648 3934 et

2064 3968 2317 4022 universo
2353 3967 2566 4040 1085
2588 3970 2769 4038 generi
2801 3971 3039 4024 humano
3071 3969 3348 4025 Creatoris
3382 3968 3650 4025 subvenis

2062 4069 2351 4127 potestate.
2389 4063 2452 4114 Et
2485 4062 2585 4116 hoc
2627 4063 2946 4128 notandum,
2990 4060 3135 4130 quod
3168 4061 3332 4116 lsrael
3361 4062 3428 4114 ab
3459 4059 3644 4115 homi-

2064 4149 2223 4206 nibus
2248 4161 2467 4220 separat
2497 4163 2661 4222 atque
2711 4153 3017 4224 terrigenis,
3058 4153 3212 4223 juxta
3252 4150 3380 4206 illud
3419 4165 3434 4206 :
3473 4151 3647 4205 Filius

2067 4258 2211 4298 meus
2246 4245 2628 4314 primogenitus
2660 4243 2838 4300 Israel
2879 4244 3077 4314 (Exod.
3113 4262 3184 4300 tv.
3220 4243 3330 4314 22).
3369 4243 3436 4297 Et
3468 4244 3648 4312 fecisti

2063 4333 2156 4386 tibi
2185 4350 2369 4388 nomen
2392 4336 2527 4389 sicut
2556 4336 2668 4390 dies
2702 4336 2832 4392 htec.
2859 4335 3092 4402 Laudes,
3114 4335 3312 4404 inquit,
3339 4345 3441 4388 tua:
3475 4336 3648 4390 totius

2063 4424 2212 4479 orbis
2267 4441 2520 4482 sermone
2575 4427 2943 4482 celebrantur.
3001 4426 3070 4480 Et
3127 4427 3357 4481 eduxisti
3382 4427 3640 4495 populum

1989 4505 2034 4564 D
2065 4529 2212 4570 tuum
2263 4515 2436 4572 Israel
2485 4522 2550 4574 de
2601 4531 2741 4575 terra
2776 4519 3018 4592 zEgypti.
3069 4520 3298 4574 Pulchre
3336 4519 3496 4586 dixit,
3543 4534 3642 4589 p0-

2068 4613 2247 4682 pulum
2286 4625 2458 4677 tutun,
2512 4629 2578 4668 eo
2636 4616 2778 4668 enim
2835 4626 3077 4684 tempore
3119 4630 3228 4684 quo
3273 4613 3509 4668 eductus
3540 4625 3646 4676 est,

2066 4709 2277 4763 Domini
2316 4710 2542 4780 imperio
2575 4711 2868 4766 serviebat.
2902 4711 3147 4767 Eduxisti
3176 4721 3354 4764 autem
3389 4710 3444 4764 in
3475 4709 3648 4779 signis

2067 4810 2117 4855 et
2142 4800 2418 4866 portentis.
2477 4802 2676 4871 quibus
2726 4801 3138 4872 percutiebatur
3168 4790 3456 4872 Egyptus,
3501 4812 3552 4855 et
3593 4802 3649 4853 in

2068 4909 2229 4945 manu
2263 4895 2496 4958 robusta,
2545 4907 2591 4947 et
2639 4896 2693 4947 in
2740 4895 2950 4948 brachio
2988 4904 3218 4957 extento,
3256 4901 3306 4946 et
3346 4893 3400 4946 in
3445 4902 3651 4946 terrore

2069 5003 2257 5057 magno
2287 5003 2306 5040 :
2347 4990 2561 5058 quando
2610 5004 2759 5042 mare
2809 4987 3064 5042 Rubrum
3108 4985 3648 5056 transeuntipOpulo

2063 5081 2231 5136 lsrael
2255 5085 2394 5134 viam
2429 5083 2656 5150 prmbuit
2699 5080 2812 5155 [Αι.
2860 5079 3186 5153 praebuisti],
3231 5089 3287 5135 et
3315 5078 3644 5151 Algyjitium

2057 5175 2328 5245 Oppressit
2390 5174 2498 5246 [ΑΙ.
2561 5174 2900 5247 oppressisti]
2955 5175 3301 5229 exercitum:
3336 5175 3405 5225 Et
3451 5171 3648 5226 dedisti

384 5257 602 5312 Domini
639 5257 886 5314 inserere
922 5272 1163 5327 secreto,
1192 5262 1341 5316 etde
1383 5262 1526 5317 illius
1566 5261 1960 5336 judiciisjudi-
2056 5268 2130 5321 eis
2171 5276 2366 5319 terram
2405 5269 2561 5329 hanc,
2621 5283 2777 5338 quant
2827 5266 3031 5334 jnrasti
3081 5265 3322 5333 patribus
3357 5279 3545 5317 eorum
3590 5272 3645 5316 ut

383 5366 528 5406 care.
572 5349 643 5405 Et
687 5353 1226 5420 incomprehensibilis
1275 5355 1538 5424 cogitatu.
1607 5351 1781 5422 Quem
1845 5373 1953 5412 non
2014 5358 2213 5410 °dares
2240 5357 2313 5411 eis
2353 5359 2670 5411 :Abrahatu
2701 5360 2973 5421 videlicet,
3007 5355 3155 5411 Isaac
3185 5366 3237 5408 et
3272 5353 3464 5408 Jacob.
3498 5354 3642 5419 Ergo

385 5445 803 5514 comprehcndit
870 5445 1152 5514 cogitatio,
1212 5447 1484 5516 quomodo
1521 5456 1702 5516 p0tcst
1771 5463 1956 5503 sermo
2059 5467 2167 5505 nun
2202 5466 2299 5506 suo
2338 5453 2534 5505 merito
2562 5462 2760 5504 terram
2789 5448 3255 5520 repromissionis,
3285 5448 3377 5500 sed
3425 5457 3639 5514 patrum

384 5535 884 5603 comprehendere?
915 5537 1079 5605 Cujus
1108 5540 1246 5592 oculi
1276 5541 1759 5608 apertisuntsnpcr
1775 5557 1956 5597 omnes
2054 5557 2318 5611 accepere
2351 5544 2670 5607 virtutibus,
2694 5555 2890 5597 terram
2921 5543 3168 5612 ﬂuentem
3204 5539 3341 5591 lacte
3375 5547 3424 5590 et
3463 5536 3638 5589 melle.

462 5715 474 5744 '
520 5714 965 5797 .‘ilartian.npoat_
1000 5718 1538 5797 Erasm._sapientia,
1612 5737 1706 5793 pro
1735 5722 2023 5793 patientia,
2065 5725 2204 5796 quod
2241 5741 2340 5782 nos
2398 5725 2761 5797 reposuimus,
2812 5732 2868 5780 ct
2929 5721 3166 5778 melioris
3218 5734 3436 5792 quoque
3491 5721 3638 5772 nota:

388 5799 522 5840 mss.
567 5800 731 5854 penes
770 5787 1063 5844 Vit-torium
1099 5791 1415 5861 praeierunt.
