4004 6182
321 276 430 342 999

324 492 482 547 melle
508 498 562 545 et
585 489 724 544 lacte
755 489 1134 548 nutriebantur
1161 489 1427 545 infantiae.
1454 491 1547 546 Vel
1575 503 1728 548 certe
1756 492 1898 547 lacte

323 594 380 638 et
411 581 594 645 melle,
627 597 809 634 rerum
854 580 1100 634 omnium
1163 579 1414 635 ubertate
1453 590 1506 636 et
1538 581 1902 636 abundantia.

326 677 395 731 Et
453 674 678 746 ingressi
729 682 872 740 sunt,
927 685 976 728 et
1034 661 1558 745 possederunt'eam.
1597 677 1903 746 Statimque

325 771 472 824 inter
495 767 899 836 possessionem
943 776 999 821 et
1030 767 1438 824 inobcdentiam
1473 768 1609 823 nihil
1640 769 1744 825 fuit
1785 785 1903 825 me-

323 863 498 918 dium.
535 859 768 914 Ubertas
814 857 960 912 enim
1013 858 1390 921 securitatem,
1428 861 1697 931 securitas
1733 859 1905 929 negli-

325 955 586 1023 gentiam,
646 949 970 1017 negligentia
1035 959 1410 1017 contemptum
1467 952 1632 1020 parit.
1666 950 1735 1006 Et
1797 969 1904 1009 non

324 1047 652 1108 obediernnt,
686 1043 885 1112 inquit,
909 1043 1020 1098 voci
1060 1053 1186 1108 tua,
1217 1053 1265 1096 et
1301 1043 1354 1097 in
1383 1043 1492 1114 lege
1528 1054 1618 1098 tua
1650 1061 1752 1098 non
1782 1061 1902 1100 am-

326 1139 654 1190 bulaverunt.
692 1135 912 1188 Frustra
973 1150 1104 1202 ergo
1157 1135 1461 1202 promisere
1513 1135 1566 1188 in
1600 1150 1785 1190 eremo
1812 1137 1902 1190 di-

327 1238 515 1284 centes
548 1242 562 1281 :
602 1226 796 1282 Omnia
838 1241 1162 1294 qua'ctmque
1216 1226 1469 1279 Dominus
1515 1229 1760 1297 praecepit
1791 1227 1901 1298 (Al.

325 1319 679 1390 prwcrperit],
714 1318 969 1388 faciemus
1015 1318 1213 1387 (Exod.
1265 1335 1377 1381 χιχ,
1415 1319 1494 1386 8).
1525 1318 1641 1374 Non
1668 1320 1812 1374 enim
1847 1323 1900 1375 in

327 1415 640 1481 sponsione,
671 1411 764 1464 sed
805 1411 859 1464 in
891 1423 1061 1480 Opere
1097 1411 1378 1479 praemium
1409 1421 1493 1467 est
1541 1430 1556 1466 :
1603 1415 1670 1467 ad
1713 1425 1902 1468 retun-

327 1507 555 1560 dendam
596 1518 784 1558 eorum
834 1502 1250 1573 impudentiam,
1283 1503 1372 1573 qui
1410 1512 1604 1573 putant
1631 1505 1902 1560 hominem

325 1600 509 1653 omnia
536 1613 694 1668 posse
725 1597 1021 1666 complere,
1081 1612 1203 1666 qua:
1253 1612 1312 1652 se
1344 1597 1610 1652 facturum
1638 1583 1762 1654 esse
1788 1599 1906 1667 pol-

326 1691 511 1746 licitus
537 1698 641 1743 est.
699 1686 892 1744 Omnia
951 1703 1072 1756 qua:
1120 1687 1386 1742 mandasti
1420 1688 1501 1741 eis
1543 1699 1596 1742 ut
1631 1688 1899 1750 facerent.

759 273 1260 334 (IOMMENTAR.
1307 273 1389 336 ΙΝ
1430 272 1834 338 JEREMIAM
1871 274 2334 339 PROPHETAM
2381 278 2533 340 LIB.
2566 277 2669 351 VI,
2709 277 2871 340 CAP.
2914 280 3161 346 XXXII.

322 398 563 456 Necdum
592 396 737 451 enim
769 396 1000 452 solidum
1043 406 1293 466 poterant
1334 398 1516 453 cibum
1549 413 1769 469 capere,
1794 398 1888 453 scd
1923 401 1972 462 Α
2001 398 2129 467 (sive
2179 397 2576 467 ingredientur)
2636 398 2945 470 proeliantes

3479 283 3584 346 930

2999 419 3013 455 :
3071 401 3289 454 venient
3345 399 3583 456 Chaldaei

2005 491 2267 547 adversus
2315 494 2504 548 urbem
2567 492 2708 548 hanc
2737 494 2780 559 ',
2811 505 2866 548 et
2916 493 3249 548 succenderit
3295 508 3413 548 eam
3447 495 3580 561 igni,

2004 593 2059 638 et
2089 583 2412 638 comburent
2450 599 2594 650 eam,
2623 591 2679 638 et
2699 586 2909 650 domos,
2939 585 2990 638 in
3021 600 3250 654 quarum
3272 585 3582 640 domutibus

2003 675 2390 732 sacriﬁcabant
2416 676 2567 741 Baal,
2601 685 2656 731 et
2699 677 2939 732 libabant
2970 678 3074 731 diis
3103 677 3294 733 alienis
3323 677 3580 733 libamina

2007 767 2073 822 ad
2106 765 2433 822 irritandam
2482 782 2586 823 me.
2625 786 2644 820 ι
2678 767 2952 823 Tristibus
3001 769 3125 824 lmta
3178 769 3480 839 subjungit,
3529 780 3586 825 et

2005 867 2125 929 post
2179 851 2517 915 eversionem
2575 859 2904 927 Jerusalem,
2947 863 3162 931 captivo
3209 863 3410 932 populo
3442 865 3586 918 redi-

2008 961 2118 1006 tum
2139 951 2438 1021 pollicetur.
2462 952 2811 1024 Primumque
2827 969 3022 1010 causas
3057 957 3513 1024 exponitoﬂ'ensze
3530 969 3587 1013 et

2000 1045 2133 1114 justi
2197 1045 2398 1100 furoris
2448 1045 2563 1109 Dei,
2601 1055 2660 1099 ttt
2700 1055 2902 1115 quanto
2940 1047 3112 1115 major
3135 1047 3294 1115 culpa
3333 1062 3570 1114 peccan-

2009 1136 2163 1202 tium,
2199 1146 2348 1190 tanto
2377 1137 2608 1205 amplior
2653 1137 2706 1190 in
2744 1151 3056 1204 peceatores
3091 1137 3378 1194 clementia
3411 1141 3580 1195 Crea-

2007 1233 2161 1286 toris.
2202 1231 2341 1301 Ego.
2387 1233 2580 1301 inquit,
2624 1231 2882 1286 Dominus
2920 1231 3056 1286 Deus
3096 1233 3353 1286 universa:
3383 1236 3584 1290 carnis.

2008 1323 2358 1394 Nequaquam
2389 1333 2708 1378 cunctarum
2742 1324 3008 1391 gentium,
3039 1339 3138 1379 nec
3181 1325 3359 1394 populi
3390 1325 3582 1389 Israel,

2006 1426 2099 1468 aut
2149 1424 2324 1480 certe,
2376 1425 2434 1468 ut
2484 1417 2551 1470 de
2589 1417 2800 1470 sanctis
2820 1417 3015 1470 crebro
3045 1419 3227 1470 dicere
3259 1416 3414 1481 solet,
3445 1417 3586 1471 Deus

2009 1508 2309 1573 Abraham,
2343 1508 2484 1563 Deus
2511 1508 2685 1572 lsaac,
2734 1507 2873 1562 Dens
2893 1506 3060 1562 Jacob
3087 1526 3100 1560 :
3128 1507 3218 1561 sed
3265 1507 3404 1563 Dens
3449 1509 3587 1562 dixit

2009 1603 2276 1654 universa:
2301 1600 2506 1666 carnis,
2531 1609 2588 1654 ut
2617 1613 2670 1654 et
2706 1599 2986 1654 rationalia
3018 1610 3068 1653 et
3104 1601 3258 1652 bruta
3285 1601 3586 1656 animantia

2011 1690 2127 1758 ipse
2156 1687 2350 1743 fecisse
2381 1691 2658 1743 credatur.
2713 1688 2852 1742 Sunt
2880 1689 3022 1741 enim
3060 1690 3152 1755 qui
3188 1688 3583 1757 providentiam

332 1798 440 1836 non
472 1781 749 1844 fecerunt,
777 1789 833 1834 et
866 1787 1016 1835 certe
1046 1778 1286 1834 facturos
1331 1794 1392 1834 se
1425 1780 1804 1848 promiserant.
1837 1779 1902 1834 Et
1938 1763 1978 1816 θ
2008 1781 2289 1837 Creatoris
2322 1797 2491 1850 usque
2541 1783 2605 1834 ad
2669 1779 2956 1835 rationalia
2992 1781 3394 1834 confiteantur:
3426 1781 3586 1836 bruta

329 1882 609 1929 evenerunt
634 1873 710 1926 eis
739 1872 982 1926 universa
1031 1870 1178 1924 mala
1207 1875 1344 1925 hac.
1379 1869 1518 1924 Mala
1549 1873 1902 1938 patientibus,

331 1978 592 2021 caeterum
646 1964 798 2034 juxta
863 1961 1078 2016 Domini
1140 1961 1469 2016 sententiam
1541 1961 1728 2034 bona,
1786 1977 1906 2032 qua:

331 2058 446 2132 [ΑΙ.
481 2055 596 2130 qni]
633 2055 809 2111 reddit
845 2053 1135 2121 unicuique
1163 2053 1464 2108 secundum
1490 2053 1606 2108 vias
1643 2068 1797 2110 suas.
1831 2045 1833 2048 ⁴

403 2150 585 2221 (Vers.
646 2147 736 2212 24,
799 2142 923 2212 25.)
961 2161 980 2195 ‹
1041 2141 1183 2196 Ecce
1234 2141 1562 2197 munitiones
1617 2149 1905 2196 exstructa:

329 2250 461 2297 sunt
490 2240 754 2292 adversus
785 2233 1089 2295 civitatem,
1129 2239 1188 2286 ut
1213 2231 1497 2301 capiatur:
1531 2240 1584 2285 et
1617 2230 1748 2285 urbs
1781 2231 1905 2284 data

326 2344 413 2388 es
441 2333 493 2384 in
528 2341 720 2382 manus
749 2323 1156 2388 Chaldaeorum,
1188 2324 1279 2391 qui
1313 2322 1627 2390 praeliantur
1647 2320 1906 2375 adversus

327 2437 509 2478 eama
559 2420 698 2474 tacie
755 2417 939 2486 gladii,
999 2425 1055 2470 et
1117 2415 1297 2479 lamis,
1348 2422 1404 2468 et
1464 2412 1804 2482 pestilentiae.
1841 2411 1908 2464 Et

327 2527 665 2584 quteeunqne
719 2510 934 2565 locutus
989 2522 1082 2574 es,
1146 2506 1503 2570 acciderunt,
1569 2513 1626 2559 ut
1675 2504 1790 2572 ipse
1850 2512 1904 2555 tu

329 2608 510 2664 cernis
537 2624 552 2660 :
587 2616 640 2660 et
671 2613 726 2659 tu
763 2603 898 2658 dicis
925 2601 1078 2665 mihi,
1107 2599 1334 2654 Domine
1372 2596 1536 2662 Deus,
1563 2611 1683 2652 eme
1715 2609 1905 2666 agrum

329 2711 578 2770 argento,
609 2704 664 2751 tt
715 2695 911 2749 adhibe
945 2703 1156 2756 ,testes,
1210 2705 1332 2745 cum
1389 2691 1519 2744 urbs
1574 2689 1698 2745 data
1741 2689 1812 2742 sit
1852 2688 1904 2742 in

334 2807 529 2846 manus
561 2783 978 2842 Chaldzebrum?
1014 2802 1032 2834 ι
1077 2781 1330 2836 Decimus
1381 2795 1554 2834 annus
1595 2791 1714 2834 erat
1765 2778 1908 2848 regis

334 2882 554 2953 1086
592 2878 860 2940 Sedeciae,
908 2878 980 2930 ita
1021 2876 1164 2928 enim
1205 2873 1463 2943 sei-iptum
1508 2882 1637 2927 est:
1683 2869 1907 2923 Verbum

330 2988 468 3056 quod
501 2985 700 3053 factum
744 2987 819 3032 est
874 2973 944 3028 ad
994 2973 1279 3027 Jeremiam
1330 2990 1360 3022 a
1399 2970 1618 3023 Domino
1655 2983 1792 3020 anno
1819 2967 1908 3018 de-

333 3081 470 3132 rimo
508 3073 740 3130 Sedecia:
779 3069 912 3137 regis
944 3064 1132 3119 Iuda:
1162 3075 1288 3116 tunc
1335 3062 1595 3114 exercitus
1633 3061 1765 3130 regis
1796 3058 1908 3112 Ba-

335 3168 539 3239 bylonis
569 3161 838 3217 obsidebat
879 3155 1200 3220 Jerusalem,
1248 3164 1294 3206 et
1351 3151 1610 3206 Jeremias
1652 3151 1906 3219 prop/tela

333 3265 548 3317 clausus
573 3268 685 3312 erat
711 3258 763 3308 in
803 3252 939 3306 atrio
977 3248 1222 3308 carceris.
1256 3245 1528 3314 liceteque
1570 3259 1717 3298 nunc
1759 3243 1903 3296 diti-

336 3365 423 3408 tur
457 3371 470 3405 :
511 3351 644 3404 Ecce
667 3347 986 3401 munitiones
1029 3349 1151 3394 sunt
1189 3347 1471 3392 exstructa
1502 3338 1751 3390 adversus
1777 3335 1907 3388 civi-

336 3458 518 3510 tatem,
550 3451 606 3496 ut
661 3441 1026 3509 capiaturuzt
1084 3433 1205 3486 urbs
1263 3433 1459 3484 tradita
1513 3441 1587 3482 est
1633 3431 1686 3484 in
1720 3444 1906 3482 manus

337 3538 710 3594 Clzoldworum
733 3549 754 3598 ;
786 3546 884 3586 nec
905 3530 1257 3595 babentquos
1283 3525 1521 3589 vinea-nt,
1540 3534 1633 3576 aut
1656 3521 1764 3594 (At.
1787 3521 1906 3593 sed]

335 3648 472 3702 quos
531 3628 765 3697 capiant.
812 3624 930 3680 Jam
957 3621 1101 3676 enim
1137 3619 1334 3688 gladio,
1389 3617 1552 3680 fante,
1599 3627 1748 3685 peste
1778 3632 1908 3670 con-

337 3723 540 3792 sumpti
571 3730 697 3775 sunt
735 3733 750 3773 :
784 3726 844 3771 et
891 3727 1232 3784 quaecunque
1272 3709 1480 3774 dixisti,
1515 3710 1762 3764 videmus
1789 3724 1909 3764 esse

339 3814 646 3882 completa;
709 3806 979 3879 quomodo
1031 3819 1160 3874 ergo
1219 3802 1353 3856 mihi
1403 3802 1575 3882 dicis,
1633 3801 1906 3855 Domine:

338 3907 468 3962 Eme
513 3919 700 3974 agrum
758 3911 998 3970 argento,
1047 3905 1097 3950 et
1147 3896 1338 3949 adhibe
1390 3903 1582 3958 testes;
1621 3911 1738 3947 cum
1785 3894 1908 3948 urbs

337 4005 466 4055 data
498 4001 566 4051 sit
616 3998 671 4051 ia
716 4010 877 4048 manu
919 3988 1338 4046 Chaldaeorum?
1383 3986 1552 4056 Igitur
1583 4002 1690 4042 non
1726 4001 1910 4055 repre-

340 4093 546 4155 hendit,
597 4089 694 4144 sed
747 4088 1050 4153 interrogat
1082 4100 1096 4138 :
1133 4096 1234 4138 nec
1269 4091 1378 4134 tam
1413 4081 1540 4146 sibi,
1589 4093 1751 4149 quam
1790 4079 1912 4133 aliis

339 4187 459 4240 vult
515 4185 750 4245 discere,
797 4179 888 4248 qui
948 4177 1209 4233 sedebant
1260 4175 1313 4230 in
1354 4175 1498 4230 atrio
1545 4172 1821 4238 carceris;
1857 4181 1912 4228 ct

339 4277 520 4334 forsan
558 4275 704 4328 taciti
728 4269 1219 4341 reprehendebant,
1273 4270 1545 4334 quomodo
1602 4265 1746 4321 idem
1782 4278 1911 4334 pro-

339 4374 524 4442 pheta,
550 4381 711 4436 quem
748 4378 936 4418 verum
979 4366 1239 4416 nuntiare
1263 4359 1582 4422 credebant,
1626 4367 1682 4412 et
1722 4356 1910 4411 urbem

2011 1883 2190 1928 autem
2233 1873 2470 1928 fortuitis
2499 1874 2714 1929 casibus
2743 1881 2994 1928 asset-ant
3035 1874 3114 1926 vel
3153 1873 3349 1940 perire,
3379 1874 3464 1928 vel
3500 1874 3587 1928 vi-

2009 1979 2158 2020 vere.
2217 1965 2686 2035 PrOpheticusqne
2742 1946 2923 2020 ser/mo
2978 1967 3238 2032 declarat,
3282 1968 3413 2022 nihil
3467 1983 3588 2022 esse

1991 2050 2153 2128 quod
2188 2055 2358 2127 fugiat
2379 2055 2778 2126 providentiam
2807 2064 2861 2112 et
2891 2058 3176 2112 scientiam
3211 2060 3422 2130 1087
3450 2059 3540 2113 Dei
3568 2075 3583 2114 :

2009 2153 2098 2221 qtti
2128 2150 2231 2206 alia
2262 2162 2484 2221 propter
2536 2167 2616 2217 se,
2686 2151 2788 2204 alia
2845 2152 2897 2204 in
2947 2167 3103 2205 usum
3152 2155 3426 2206 hominum
3463 2163 3591 2208 sunt

2010 2254 2214 2297 creata.
2265 2242 2524 2312 Nunquid
2572 2244 2700 2296 mihi
2741 2243 2952 2313 diﬁcile
2983 2254 3073 2296 aut
3105 2244 3421 2307 impossibile
3445 2260 3464 2299 :
3494 2255 3590 2298 aut

2008 2344 2146 2388 certe
2176 2337 2526 2389 abscondetur
2547 2354 2578 2389 a
2616 2351 2696 2389 me
2727 2353 2875 2389 omne
2897 2339 3104 2390 verbum
3126 2336 3151 2388 ἕ)
3185 2337 3248 2390 Et
3266 2352 3426 2404 supra
3449 2338 3590 2389 dixi-

2014 2445 2134 2482 mus
2167 2444 2182 2485 :
2222 2429 2350 2493 Quae
2385 2427 2522 2498 apud
2552 2429 2800 2482 homines
2831 2427 3214 2496 impoSsihilia,
3246 2427 3387 2494 apud
3421 2427 3589 2480 Deum

2013 2521 2292 2590 possibilia
2335 2531 2480 2575 sunt.
2523 2520 2752 2574 \‘erbum
2780 2533 2958 2572 autem
2989 2519 3074 2573 hic
3101 2529 3154 2573 et
3183 2520 3234 2572 in
3264 2519 3448 2573 multis
3469 2519 3592 2570 aliis

2010 2615 2145 2668 locis
2168 2629 2264 2684 pro
2288 2615 2448 2667 rebus
2474 2612 2736 2667 debemus
2758 2616 3021 2679 accipere.
3051 2612 3189 2676 Quid
3209 2623 3305 2674 est,
3331 2613 3428 2674 ait,
3450 2611 3590 2676 quod

2010 2709 2207 2778 factum
2236 2714 2315 2759 est
2354 2706 2608 2760 verbum?
2662 2703 2952 2775 Propterea
2998 2707 3108 2759 lucc
3142 2705 3268 2757 dicit
3313 2704 3588 2759 Dominus.

2009 2798 2147 2866 Quid
2182 2801 2327 2854 enim
2362 2807 2736 2867 praecesserat,
2765 2800 3115 2853 utcausalem
3138 2800 3580 2866 conjunctionem

2011 2891 2478 2962 poneretdiceus:
2517 2889 2806 2960 Propterea
2836 2892 2946 2944 Ita’c
2965 2893 3093 2945 dicit
3132 2891 3406 2946 Dominus.
3427 2894 3590 2957 Quia,

2012 2985 2178 3054 inquit
2189 3000 2356 3051 ,cura:
2375 2999 2504 3038 mea:
2517 2995 2594 3038 est
2607 2986 2788 3039 omnia
2809 2987 3109 3055 regerc,uni
3120 2999 3269 3037 versa
3283 2984 3592 3050 disponere,

1962 3101 1979 3157 ;
2012 3087 2066 3131 et
2103 3075 2331 3131 reddere
2387 3077 2618 3147 singulis
2686 3076 2836 3144 iuxta
2899 3079 3015 3131 vias
3064 3093 3191 3130 suas
3222 3090 3236 3130 :
3268 3077 3468 3130 idcirco
3497 3093 3592 3147 ego

2017 3171 2224 3222 tradam
2257 3171 2525 3224 civitatem
2568 3171 2723 3222 istam
2753 3171 2806 3222 in
2853 3185 3011 3222 nianu
3039 3168 3433 3230 Cltulda'ornm,
3458 3178 3508 3221 et
3535 3171 3590 3222 in

2017 3279 2178 3316 manu
2207 3264 2344 3332 regis
2377 3263 2748 3334 Babylonis,et
2773 3266 2979 3331 capient
3008 3278 3142 3314 eant.
3171 3261 3228 3316 Ρι
3247 3263 3410 3314 imum
3443 3260 3589 3315 enim

2017 3356 2252 3408 vallatur
2279 3355 2548 3422 exercitu,
2584 3364 2636 3407 et
2664 3356 2888 3408 absente
2918 3354 3130 3422 capitur
3153 3352 3591 3408 Nabuchodono-
3627 3411 3630 3416 _

2017 3465 2130 3511 sor,
2159 3447 2531 3516 Sedeciasque
2580 3446 2800 3500 ducitur
2835 3446 2889 3498 in
2945 3443 3234 3510 lleblatha,
3270 3454 3324 3497 et
3372 3445 3444 3498 ibi
3480 3445 3591 3512 regi

2018 3544 2268 3596 traditur.
2327 3543 2396 3594 Et
2456 3541 2679 3605 venient,
2743 3537 2940 3606 inquit,
3003 3537 3245 3591 Chaldwi
3286 3537 3592 3604 prwliantes

2018 3635 2292 3687 adversum
2339 3631 2518 3685 urbem
2584 3631 2739 3686 lianc.
2798 3628 2989 3684 Melius
3046 3628 3237 3696 Aquila
3269 3630 3360 3698 qui
3401 3643 3498 3697 pro
3527 3644 3593 3682 co

2017 3725 2158 3794 quod
2182 3723 2443 3792 scriptum
2465 3733 2569 3784 est,
2589 3725 2815 3785 venient,
2845 3718 3121 3774 transtulit
3148 3716 3585 3779 εἰῶε).εύσονται,

2019 3819 2120 3872 hoc
2159 3825 2264 3882 est,
2293 3815 2654 3886 ingredieniur
2676 3814 2977 3868 civitatem.
3005 3809 3190 3881 Neque
3219 3813 3362 3867 enim
3395 3812 3590 3864 absen-

2021 3917 2102 3962 tes
2139 3915 2298 3960 erant
2337 3916 2395 3959 ut
2428 3905 2696 3969 venirent,
2749 3904 2947 3972 quippe
2979 3903 3071 3971 qui
3121 3902 3596 3956 circumdederant

2017 3999 2343 4064 Jerusalem,
2395 3999 2536 4052 sicut
2587 3995 2871 4064 Scriptura
2926 4003 3180 4048 testatur.
3219 3993 3363 4047 Tunc
3394 3993 3596 4046 exerci-

2020 4103 2104 4145 tus
2133 4092 2268 4161 regis
2297 4089 2588 4159 Babylonis
2610 4087 2876 4142 obsidebat
2906 4085 3223 4141 Jerusalem.
3256 4087 3331 4140 Ac
3359 4085 3590 4140 deinde:

2019 4185 2154 4239 Ecce
2184 4183 2498 4237 munitiones
2541 4190 2822 4235 exstructi:
2863 4188 2985 4233 sunt
3017 4180 3294 4232 adversum
3327 4179 3593 4232 civitatem

2017 4287 2075 4330 ut
2115 4280 2360 4346 capiatur
2385 4292 2404 4330 :
2428 4287 2475 4329 et
2498 4276 2619 4329 urbs
2646 4277 2770 4327 data
2795 4285 2870 4328 est
2903 4275 2956 4326 in
2988 4288 3174 4325 manus
3199 4270 3594 4326 Chaldaeorum.

2021 4369 2310 4436 Quomodo
2342 4369 2508 4438 igitur
2554 4367 2773 4421 venient
2811 4365 2901 4435 qui
2937 4376 3233 4433 pra-sentes
3263 4365 3461 4419 erant?
3488 4363 3594 4418 Sed

340 4465 490 4518 ἀίεθι
519 4472 638 4514 esse
697 4455 1015 4526 “Diem-iam
1073 4461 1131 4507 ‘3'-
1190 4466 1376 4521 abrum
1409 4458 1556 4504 eum
1592 4449 1749 4518 (ιιιθδί
1780 4461 1909 4516 Ρ⁰⁵’
1941 4457 1991 4516 D
2022 4465 2076 4516 hi
2107 4464 2198 4530 qui
2247 4462 2567 4516 obsidebant
2622 4460 2831 4522 urbem,
2885 4460 3267 4529 ingredientur,
3321 4461 3514 4529 inquit,
3545 4469 3596 4512 et

370 4567 613 4610 essurus.

370 4569 613 4610 essurus.

339 4569 366 4612 S
412 4645 590 4715 (Vers.
616 4642 686 4698 ‘26
711 4640 889 4710 seqq.)
933 4657 951 4691 ι
985 4638 1050 4693 Et
1085 4638 1285 4693 factum
1321 4644 1404 4690 cst
1442 4637 1665 4691 verbum
1699 4635 1912 4689 Domini

338 4744 406 4794 ad
464 4738 777 4800 Jeremiam,
835 4734 1022 4788 dicens
1057 4748 1072 4787 :
1109 4730 1249 4784 Ecce
1301 4745 1402 4800 ego
1462 4729 1721 4783 Dominus
1772 4729 1914 4782 Deus

341 4833 606 4887 universa:
627 4829 832 4882 carnis.
864 4825 1114 4894 Nunquid
1163 4825 1294 4877 mihi
1317 4823 1533 4877 diﬂicile
1557 4825 1684 4893 (sive
1713 4824 1915 4890 impos-

340 4925 520 4993 sibile)
553 4925 656 4976 erit
685 4937 698 4972 :
733 4929 826 4973 aut
849 4917 1215 4972 abseondetur
1247 4930 1276 4968 a
1304 4932 1387 4968 me
1421 4917 1434 4943 ⁸
1467 4928 1625 4968 omne
1653 4913 1914 4967 verbum?

341 5017 634 5082 [’t‘Opterea
678 5011 794 5064 haec
857 5009 992 5062 dicit
1048 5007 1352 5058 Dominus:
1385 5005 1522 5058 Ecce
1564 5018 1663 5073 ego
1705 5005 1914 5056 tradam

341 5110 612 5162 civitatem
647 5105 802 5157 istam
830 5101 882 5153 in
915 5114 1134 5152 manum
1157 5093 1561 5158 Chaldaeorum,
1589 5105 1643 5148 et
1668 5095 1717 5148 in
1747 5091 1911 5149 manu

343 5193 482 5262 regis
525 5189 840 5259 Babylonis,
870 5196 923 5241 et
953 5187 1131 5254 capiet
1155 5201 1297 5240 eam.
1334 5184 1398 5237 Et
1428 5185 1642 5238 venient
1673 5185 1912 5239 Chaldaei

413 5330 431 5361 ¹
473 5328 551 5382 lla
577 5327 752 5381 Vatic.
811 5341 914 5378 ms.
969 5332 1021 5377 et
1073 5320 1330 5374 Babanus
1383 5320 1564 5388 legunt
1601 5337 1614 5376 :
1646 5329 1806 5390 atque
1842 5322 1913 5374 ita

345 5402 617 5455 Victorius
662 5397 790 5449 olim
836 5396 1094 5459 restituit,
1131 5391 1472 5446 assentiente
1524 5392 1710 5444 Graeco
1735 5401 1911 5456 textu,

388 5473 420 5540 ὴ
477 5469 585 5521 ἀπ’
646 5465 780 5540 ἐμ.ςῇ
834 5463 1169 5540 κρῖὃήσεταί
1227 5475 1317 5514 τισ
1377 5461 1724 5516 Martiunzeus
1789 5477 1912 5516 cum

388 5491 420 5540 η
477 5491 556 5521 απ
646 5491 780 5531 εμιιυ
835 5491 1169 5534 κρυυιλυιιαι
1227 5491 1252 5514 ‘s

340 5491 591 5602 Erasmo,
626 5546 681 5588 ut
712 5534 1067 5589 abscondalur
1095 5551 1126 5586 a
1153 5549 1252 5585 me.

410 5614 431 5642 ⁸
478 5609 713 5663 Victorio
737 5609 908 5659 lacent
937 5606 1278 5673 przcl'erente,
1305 5603 1381 5658 sic
1412 5603 1748 5656 restituimus
1773 5603 1915 5658 hunc

340 5682 541 5744 locum,
561 5694 720 5748 quem
748 5677 1091 5730 Martianaeus
1111 5675 1264 5742 juxta
1292 5674 1570 5727 Erasmnm
1595 5682 1911 5741 corruptum

343 5753 578 5821 reliquit.
612 5749 820 5806 Revera
855 5761 955 5803 vox
971 5753 1094 5804 1:231
1117 5761 1314 5814 anceps
1332 5753 1436 5812 est,
1459 5753 1722 5812 sonatque
1745 5755 1798 5801 et
1830 5761 1912 5801 vc-

2021 4555 2224 4622 cnpient
2259 4549 2395 4614 eam,
2429 4561 2482 4605 et
2506 4552 2858 4615 succenderit,
2891 4564 2944 4606 et
2969 4549 3036 4603 ad
3061 4551 3235 4605 solum
3260 4566 3429 4619 usque
3450 4567 3598 4606 cont-

2025 4649 2218 4698 bttrcnt
2255 4645 2500 4712 (verbum
2540 4644 2683 4697 enim
2730 4643 3053 4697 Ilebraicum
3081 4658 3178 4697 nso
3218 4644 3386 4710 (1N3),
3423 4643 3596 4696 ambi-

2023 4736 2228 4803 guitate
2257 4736 2360 4799 sui,
2393 4744 2447 4789 et
2494 4735 2720 4798 venient,
2779 4745 2832 4788 ct
2891 4735 3250 4803 ingredientur
3286 4735 3489 4799 sonat).
3531 4733 3596 4786 Et

2024 4830 2215 4880 domos
2274 4827 2328 4880 in
2382 4843 2610 4895 quarum
2665 4827 2977 4880 domatibus
3037 4824 3416 4878 sacrificabant
3465 4824 3596 4879 Baal

2025 4919 2168 4972 idolo
2193 4916 2562 4981 Sidoniornm,
2596 4927 2649 4971 et
2687 4919 2930 4972 libabant
2976 4919 3082 4971 (liis
3112 4917 3302 4970 alienis
3339 4917 3596 4973 libamina

2025 5011 2089 5062 ad
2125 5010 2447 5063 irritandmn
2487 5025 2592 5075 me,
2631 5020 2687 5063 ut
2744 5025 2846 5062 non
2909 5024 3094 5062 errore
3144 5007 3450 5077 religionis,
3498 5013 3593 5065 sed

2025 5101 2369 5155 contentione
2423 5103 2656 5170 quadam
2711 5111 2766 5155 ct
2815 5103 2865 5154 in
2915 5102 3228 5156 Creatorem
3265 5105 3597 5156 contumelia

2023 5193 2204 5248 facere
2234 5194 2570 5248 viderentur.
2609 5194 2890 5259 Quomodo
2931 5205 3108 5246 autem
3155 5196 3425 5263 periturus
3454 5197 3598 5250 scri-

2025 5333 2156 5395 nire,
2190 5342 2243 5382 et
2284 5331 2488 5399 ingrcdi
2521 5348 2538 5385 :
2571 5340 2735 5399 atque
2759 5331 2951 5401 Aquila
2996 5333 3215 5402 quidem
3248 5335 3348 5388 hoc
3369 5335 3596 5389 alterum

2027 5402 2262 5468 praetulit
2296 5417 2311 5453 :
2343 5406 2441 5452 hoc
2489 5412 2670 5474 autem
2721 5413 2826 5465 est,
2861 5408 3002 5472 quod
3039 5410 3102 5456 de
3140 5421 3290 5457 more
3333 5404 3600 5474 lliuroiiy-

2027 5485 2145 5542 nius
2176 5480 2347 5542 notat.
2386 5473 2558 5523 Antea
2622 5473 2747 5523 illud
2805 5476 2910 5526 sive
2971 5473 3390 5542 pra'ponebatur
3419 5473 3599 5528 verbis

2025 5541 2227 5592 uenient
2261 5539 2497 5594 Chaldwi
2529 5542 2777 5596 adversus
2819 5539 2999 5597 urbem
3045 5539 3196 5605 hanc,
3229 5546 3383 5611 quasi
3427 5545 3600 5598 altera

2024 5611 2403 5676 interpretatio
2431 5623 2572 5665 esset
2624 5612 2866 5674 illorum,
2901 5615 2966 5667 Et
3024 5617 3222 5668 venient
3259 5614 3514 5681 Chaldaei,
3548 5627 3598 5670 et

2023 5681 2384 5745 ingrediantur
2416 5699 2434 5736 :
2467 5697 2585 5747 quae
2627 5685 2821 5752 oppido
2859 5685 3013 5752 falsa,
3056 5686 3388 5755 confusaque
3436 5687 3599 5741 lectio

2026 5759 2168 5809 erat.
