3966 6176
412 247 512 314 931

1611 254 2020 322 8.¹Ἐῐ]3ΕΒΙΙ
2060 263 2506 327 ΗΙΕΒΟΝῩΜῘ

3565 277 3673 341 922

405 367 552 422 bitur
597 342 852 431 mundus.
903 367 1055 440 juxta
1121 369 1248 426 illud
1317 373 1462 442 quod
1526 378 1786 448 scriptum
1849 389 1933 434 est
1968 399 1981 436 :
2011 383 2253 454 Asupra
2301 387 2650 442 dixeratzln
2714 389 2895 456 furore
2947 402 2996 444 et
3041 392 3095 446 in
3128 393 3496 464 indignatione
3551 415 3671 454 mea

404 458 603 512 (Italum
636 467 686 513 et.
723 468 864 514 terra
915 463 1314 530 pertransibunt
1361 464 1582 536 (Matth.
1621 485 1767 535 xxxv,
1793 470 1883 541 55)
1915 486 1982 528 eo

406 553 551 618 quod
594 552 646 606 in
689 553 926 622 maligno
961 556 1169 624 positus
1197 557 1262 611 sil
1298 573 1313 610 :
1348 557 1509 615 sic-et
1537 559 1732 616 domus
1768 563 1901 632 ipsae
1930 572 1986 619 et

411 642 526 696 lota
558 642 609 696 in
636 645 834 713 quibus
867 644 1067 714 ﬁagitia
1098 656 1401 716 perpetrata
1423 657 1570 712 sunt.
1599 652 1694 707 ira:
1729 652 1823 707 Dei
1859 656 1985 708 sub-

401 733 610 799 jacent.
659 735 798 789 Sunt
836 736 927 805 qui
971 739 1308 792 contentiose
1361 739 1492 795 illud
1543 745 1686 811 quod
1721 745 1982 816 scriptum

406 840 489 879 ρει
525 841 542 880 :
573 824 741 880 Locus
796 827 850 880 in
900 845 1002 899 quo
1052 831 1340 898 cruciﬁxus
1394 843 1471 887 est
1525 834 1787 890 Dominus
1831 849 1987 909 atque

406 915 675 979 Salrator,
707 919 1058 987 spiritualiter
1112 921 1407 977 Gomorrha
1454 934 1504 979 et
1539 925 1807 998 Egyptus
1833 945 1989 984 voca-

410 1019 499 1063 tur
531 1013 720 1080 (Apoc.
754 1028 830 1076 xt,
861 1014 940 1082 8),
985 1016 1051 1068 ad
1109 1016 1224 1084 ipsa
1268 1017 1387 1071 loca
1434 1018 1693 1076 referant.
1723 1021 1826 1075 Alii
1859 1038 1988 1077 vero

412 1103 732 1158 universum
772 1109 1034 1160 mundum
1055 1109 1156 1162 sub
1187 1110 1408 1164 nomine
1435 1109 1655 1182 Egypti
1677 1123 1732 1167 et
1757 1112 1990 1169 Gomor-

410 1197 523 1251 rhae
553 1196 864 1264 signiﬁcare
911 1208 1124 1266 putant.
1158 1197 1230 1254 Ut
1271 1201 1413 1254 enim
1461 1202 1766 1258 Gomorrha
1806 1205 1989 1260 divino

410 1288 536 1355 igne
561 1287 736 1342 deleta
768 1298 890 1350 est;
927 1289 1000 1343 ita
1057 1299 1113 1345 et
1168 1293 1430 1346 mundum
1470 1293 1677 1362 judicio
1724 1295 1816 1350 Dei
1860 1310 1992 1350 con-

411 1381 787 1434 cremandum.
1377 1414 1382 1418 -

439 1526 441 1528 ,
482 1466 660 1537 (V'ers.
693 1467 810 1538 50.)
848 1491 866 1520 ι
909 1469 1078 1524 Erant
1107 1471 1252 1526 enim
1292 1472 1386 1526 fllii
1416 1472 1575 1538 Juda,
1608 1485 1662 1529 et
1703 1477 1796 1530 ﬁlii
1829 1477 1990 1533 Israel

406 1558 609 1627 jugiter
642 1559 769 1627 (sive
817 1561 940 1630 soli)
990 1561 1252 1624 facientes
1287 1567 1424 1618 mala
1463 1567 1516 1619 in
1552 1568 1725 1622 oculis
1754 1571 1892 1625 meis
1923 1571 1992 1625 ab

412 1646 776 1701 adolescentia
832 1664 951 1703 sua.
989 1667 1008 1700 ι
1050 1647 1278 1704 Verbum
1330 1653 1653 1709 llebraicum
1703 1672 1803 1712 acu
1859 1657 1987 1728 (1n).

2089 478 2232 547 facta
2263 492 2341 536 est
2379 482 2508 535 mihi
2561 484 2744 537 civitas
2783 485 2915 550 Ita'c,
2939 501 2972 538 a
3007 485 3093 540 die
3125 503 3227 556 qua
3277 489 3674 558 a'a'iﬁearerunt

2088 587 2204 626 eam
2236 588 2398 642 usque
2427 574 2496 626 ad
2514 576 2651 630 diem
2679 578 2857 642 istam,
2897 595 3000 646 qua
3026 579 3272 648 aufertur
3297 581 3361 633 de
3390 592 3670 651 conspectu

2089 682 2202 720 meo
2232 685 2252 732 ;
2295 679 2350 724 et
2374 670 2582 726 nullum
2625 674 2959 741 generaliter
2985 677 3195 745 absque
3244 687 3472 745 peccato
3504 679 3672 733 fuisse

2037 782 2039 784 '
2091 770 2514 829 monstraverat,
2546 779 2691 818 nunc
2731 780 2828 834 per
2857 777 3042 836 partes
3071 777 3378 832 θιιυωρωι,
3410 779 3463 823 υἱ
3489 784 3667 841 reges,

2091 860 2144 904 et
2184 852 2484 922 principes,
2520 863 2576 908 et
2598 858 2936 919 sacerdotes,
2962 866 3016 911 et
3048 860 3341 929 prophetas
3371 875 3582 926 eorum,
3617 871 3672 915 et

2092 954 2287 998 cuncta
2319 959 2425 999 uno
2459 959 2714 1002 sermone
2754 949 3220 1016 comprehenderis
3254 966 3268 1004 :
3312 951 3443 1017 l'iri,
3470 951 3672 1021 inquit,

2090 1036 2256 1102 Juda,
2295 1047 2343 1091 et
2400 1037 2724 1094 habitatores
2781 1038 3104 1096 Jerusalem.
3173 1042 3512 1113 Pulchreqne
3563 1061 3670 1098 non

2093 1127 2230 1181 dixit
2269 1144 2282 1181 :
2319 1128 2538 1200 1089
2578 1129 2760 1199 Reges
2791 1131 2918 1193 mei,
2943 1141 2998 1186 et
3027 1133 3302 1202 principes
3333 1136 3456 1202 mei,
3489 1146 3543 1189 et
3578 1152 3672 1190 sa-

2091 1221 2339 1273 cerdotes
2383 1221 2507 1283 mei,
2539 1232 2592 1276 et
2625 1224 2902 1292 pr0phetae
2933 1224 3037 1277 mei
3083 1242 3097 1278 :
3137 1225 3231 1279 sed
3289 1226 3415 1295 quia
3480 1242 3675 1297 pecca-

2092 1318 2288 1364 verunt
2324 1326 2477 1380 reges
2505 1327 2716 1376 eorum,
2752 1322 2804 1366 et
2853 1315 3130 1384 principes
3159 1331 3366 1382 eorum,
3397 1326 3451 1370 et
3486 1331 3674 1372 sacer-

2093 1402 2252 1456 dotes
2279 1416 2492 1468 corum,
2535 1411 2589 1457 et
2619 1405 2898 1473 prophetae
2931 1420 3142 1460 eorum.

2169 1511 2188 1544 ι
2222 1492 2285 1546 Et
2314 1503 2593 1548 verterunt
2618 1495 2681 1548 ad
2709 1509 2794 1549 me
2817 1505 2986 1567 terga,
3019 1506 3074 1550 et
3096 1510 3202 1549 non
3229 1495 3422 1552 facies.
3459 1514 3478 1547 ι
3509 1494 3674 1551 Juxta

2096 1584 2222 1640 illud
2257 1587 2398 1653 quod
2435 1586 2561 1640 alibi
2595 1587 2862 1655 scriptum
2889 1597 2972 1642 est
3005 1605 3019 1643 :
3062 1587 3128 1642 Et
3187 1600 3453 1642 verterunt
3485 1599 3678 1644 contra

2097 1693 2177 1730 me
2216 1677 2491 1746 scopulum
2544 1685 2868 1733 recedentem
2899 1679 3090 1751 (Zac/t.
3127 1697 3224 1745 vn,
3258 1683 3364 1750 ll).
3399 1681 3500 1748 Qui
3526 1685 3674 1736 enim

410 1736 608 1806 Aquila
639 1736 1030 1805 interpretatus
1090 1751 1170 1796 est
1226 1743 1388 1813 πλὴν,
1433 1747 1654 1819 1088
1682 1752 1828 1819 quod
1858 1767 1976 1806 con-

2094 1781 2369 1839 precatur,
2415 1772 2676 1826 inclinata
2710 1773 2920 1830 cervice
2972 1774 3024 1828 in
3057 1785 3259 1830 terram
3312 1791 3512 1845 pronus
3545 1777 3673 1829 frin-

407 1829 745 1899 junctionem
770 1831 1061 1901 significat,
1083 1846 1458 1893 verumtamen.
1477 1840 1790 1910 Syrmnachi
1818 1843 1991 1912 prima

412 1920 599 1986 editio,
623 1929 679 1975 et
710 1920 1090 1992 Septuaginta,
1125 1937 1180 1981 et
1205 1927 1529 1996 Theodotio,
1556 1933 1696 1987 solos
1731 1934 1993 2002 interpre-

413 2013 505 2066 tati
545 2023 688 2068 sunt.
717 2013 962 2069 Secunda
991 2021 1192 2088 quippe
1228 2019 1540 2091 Symmachi
1589 2027 1756 2081 vertit
1788 2027 2008 2094 διόλον,’

414 2120 577 2174 quem
613 2116 665 2161 et
694 2123 793 2162 nos
827 2109 880 2162 in
918 2112 1334 2180 przesentiarum
1367 2117 1541 2169 secuti
1565 2132 1775 2183 sumus,
1814 2128 1875 2174 ut
1907 2119 1992 2174 di-

406 2214 662 2254 eeremus
681 2200 900 2269 jugiter.
941 2202 1194 2258 Dicamus
1221 2203 1388 2273 igitur
1419 2208 1654 2277 primum
1693 2210 1848 2280 juxta
1881 2211 1988 2266 lle-

405 2291 674 2358 brait-um,
700 2291 796 2346 ﬁlii
824 2292 1018 2359 Israel,
1049 2303 1104 2350 et
1163 2294 1258 2350 ﬁlii
1305 2294 1443 2352 Juda
1495 2298 1759 2357 iacientes
1787 2303 1990 2374 jugiter

405 2385 632 2440 malum.
675 2383 745 2440 Et
791 2387 999 2455 decent,
1058 2389 1256 2460 inquit,
1291 2401 1348 2447 et
1398 2391 1520 2448 duae
1575 2395 1746 2450 tribus
1785 2400 1986 2454 malum

405 2477 524 2533 sine
553 2479 861 2534 cessatione
893 2477 1164 2547 fecerunt,
1209 2492 1264 2538 et
1291 2483 1440 2554 jugis
1482 2486 1584 2541 fuit
1614 2488 1693 2542 eis
1727 2489 1780 2543 in
1812 2493 1988 2559 pessi-

404 2571 510 2624 mis
570 2570 828 2640 0peribus
887 2576 1311 2642 perseverantia.
1368 2575 1424 2631 Si
1481 2587 1661 2633 autem
1717 2583 1862 2652 jngis
1931 2593 1987 2638 et

405 2675 622 2730 semper
647 2663 698 2716 in
727 2672 840 2717 toto
868 2665 1087 2733 populo,
1124 2667 1210 2720 ubi
1247 2677 1327 2722 est
1368 2667 1580 2735 iustitia
1608 2674 1986 2742 sempiterna?

404 2750 576 2807 Porro
621 2754 777 2825 juxta
830 2753 994 2821 LXX,
1054 2758 1146 2826 qui
1201 2759 1458 2816 dixerunt
1503 2760 1670 2817 :Soli
1725 2765 1983 2834 facientes

401 2847 623 2915 malum,
678 2849 856 2904 oritur
913 2854 1192 2920 quaestio:
1225 2851 1366 2909 Num
1411 2865 1467 2911 et
1515 2857 1638 2912 aliae
1694 2871 1886 2930 gentes
1915 2877 1981 2917 eo

403 2949 644 3008 tempore
693 2957 801 3011 quo
843 2940 1008 2998 Israel
1061 2941 1340 3014 Judasque
1390 2951 1713 3017 peecabant,
1775 2953 1975 3006 malum

401 3045 510 3084 non
540 3030 826 3085 fecerunt?
856 3033 1008 3097 Quod
1053 3037 1132 3088 sic
1175 3038 1410 3092 solvitur
1443 3055 1458 3095 :
1488 3041 1592 3106 Qui
1623 3043 1786 3096 habet
1835 3047 1977 3099 noti—

404 3124 535 3178 tiam
564 3123 656 3178 Dei
691 3133 748 3178 et
797 3125 1002 3180 recedit
1044 3131 1112 3180 ab
1166 3142 1255 3191 eo,
1309 3130 1459 3185 solus
1504 3145 1695 3199 peccat
1725 3135 1776 3189 in
1807 3136 1980 3192 oculis
2009 3123 2055 3164 (⁵

403 3215 539 3281 Dei;
574 3215 665 3285 qui
719 3230 848 3270 vero
889 3217 1154 3272 increduli
1208 3223 1631 3288 permanserint,
1680 3229 1836 3295 quasi
1882 3229 1979 3300 illo

403 3321 513 3361 non
555 3307 772 3362 vidente
833 3317 888 3362 et
946 3309 1273 3381 negligente,
1333 3313 1676 3384 delinquunt.
1735 3316 1896 3374 Unde
1924 3330 1980 3374 et

402 3399 573 3453 David
633 3400 717 3454 vir
781 3409 1025 3470 sanctus,
1088 3405 1213 3473 quia
1280 3419 1567 3464 corruerat
1609 3410 1659 3464 in
1694 3421 1974 3481 peccatum

397 3492 588 3547 uxoris
614 3493 782 3558 Uriae,
817 3493 1140 3563 Bethsabee,
1169 3512 1335 3567 agens
1370 3511 1551 3569 postea
1596 3505 1973 3572 paenitentiam

397 3585 484 3658 (II
514 3584 640 3656 Reg.
669 3592 791 3655 xtl),
830 3587 1109 3658 loquitur:
1149 3589 1266 3644 Tibi
1298 3592 1399 3646 soli
1432 3597 1662 3663 peccavi,
1696 3609 1742 3651 et
1773 3600 1974 3653 malum

395 3694 573 3732 coram
603 3688 649 3732 te
675 3680 776 3747 feci
811 3679 986 3750 (Ρειιι.
1020 3697 1073 3748 ι,
1107 3683 1184 3754 6),
1216 3684 1268 3738 id
1305 3696 1389 3741 est
1409 3699 1701 3760 conspectu
1731 3703 1844 3746 tuo.
1875 3693 1977 3749 De-

395 3769 561 3838 nique
627 3767 876 3840 jungitur
929 3787 945 3824 :
993 3771 1111 3826 Soli
1166 3773 1414 3842 facientes
1467 3780 1664 3833 malum
1719 3782 1772 3836 in
1805 3784 1973 3837 oculis

397 3859 505 3932 [AL
537 3860 707 3915 addit.
746 3859 921 3932 meis],
958 3864 1011 3916 in
1041 3877 1320 3934 conspectu
1364 3885 1474 3924 meo
1507 3871 1570 3924 ab
1610 3873 1971 3930 adolescentia

393 3968 514 4006 sua.
545 3950 812 4023 Quodque
837 3956 1086 4024 sequitur
1117 3975 1130 4010 :
1163 3957 1297 4014 Filii
1321 3959 1493 4015 Israel
1518 3965 1609 4034 qui
1641 3981 1801 4035 usque
1831 3984 1970 4022 nunc

392 4045 709 4100 exacerbant
744 4062 823 4100 me
847 4047 903 4100 in
942 4064 1094 4118 opere
1143 4067 1394 4105 manuum
1435 4071 1678 4118 suarum,
1702 4059 1834 4113 dicit
1857 4061 1972 4116 Do-

394 4141 590 4203 minus,
621 4140 675 4194 in
705 4139 849 4195 LXX
881 4156 991 4197 non
1042 4143 1296 4210 habetur,
1324 4159 1377 4200 et
1425 4149 1490 4202 de
1519 4147 1783 4206 ill-braico
1811 4153 1969 4209 addi-

396 4239 510 4282 tum
541 4241 643 4286 est.
675 4231 812 4298 Quia
847 4244 1026 4288 autem
1059 4236 1126 4288 ab
1162 4236 1524 4293 adolescentia
1569 4255 1666 4295 sua
1699 4258 1870 4312 usque
1902 4246 1968 4300 ad

395 4332 718 4388 praesentem
776 4323 921 4378 diem
965 4323 1166 4395 iugiter
1232 4328 1597 4398 deliquerunt,
1655 4332 1776 4388 ideo
1819 4335 1969 4405 justa

394 4415 663 4466 sententia
697 4411 792 4468 Dei
823 4425 927 4480 est,
963 4425 1017 4471 et
1057 4417 1250 4472 merito
1281 4418 1564 4489 Scriptura
1601 4426 1845 4480 contexit
1879 4443 1894 4480 :

467 4501 650 4572 (Vers.
689 4505 779 4558 5|.
811 4506 828 4573 )
861 4524 878 4555 ι
920 4503 975 4559 lu
1017 4506 1203 4563 furore
1250 4522 1306 4563 et
1333 4511 1386 4565 in
1423 4513 1796 4581 indignatione
1849 4533 1970 4571 mea

393 4592 538 4649 facta
593 4605 677 4650 est
714 4595 842 4651 mihi
875 4597 1067 4653 civitas
1107 4600 1223 4655 haec
1258 4616 1290 4654 a
1317 4603 1404 4657 die
1429 4621 1533 4673 qua
1562 4607 1971 4664 aediﬁcaverunt

393 4704 515 4743 eam
549 4702 720 4756 usque
747 4689 814 4743 ad
844 4691 985 4743 diem
1013 4693 1193 4755 istam,
1233 4708 1339 4763 qua
1361 4696 1610 4752 aufertur
1638 4701 1704 4755 de
1738 4716 1968 4770 ωηερε-

391 4791 481 4835 ctu
511 4797 671 4837 meo.
716 4800 734 4834 ι
774 4782 828 4837 Si
882 4798 952 4838 ex
997 4801 1063 4840 eo
1113 4795 1353 4858 tempore
1389 4805 1496 4858 quo
1546 4794 1779 4851 civitatis
1821 4795 1968 4866 jacta

389 4883 519 4928 sunt
573 4873 953 4943 fundamenta,
999 4895 1168 4949 usque
1235 4880 1303 4935 ad
1339 4880 1479 4935 hanc
1535 4883 1698 4951 diem,
1749 4888 1968 4956 quando

388 4977 549 5035 capta
577 4979 681 5031 est,
713 4978 874 5037 atque
901 4963 1193 5039 succensa,
1225 4984 1279 5028 et
1310 4975 1522 5028 sublata
1551 4975 1618 5031 de
1669 4991 1964 5047 conspectu

390 5057 626 5124 Domini,
689 5062 790 5114 l‘uit
854 5077 1069 5132 semper
1110 5068 1164 5119 in
1223 5068 1380 5131 vitio,
1443 5079 1500 5122 et
1538 5069 1964 5137 indignationem

387 5161 576 5208 contra
630 5168 688 5208 se
728 5154 941 5210 Domini
1008 5162 1362 5226 provocavit:
1399 5162 1486 5216 ubi
1539 5173 1624 5218 est
1667 5166 1685 5234 (
1721 5172 1776 5217 ut
1821 5178 1964 5234 saepe

378 5247 492 5316 jam
519 5248 773 5318 diximus;
814 5265 1158 5320 peccaturum
1197 5254 1398 5324 quies?

454 5343 633 5414 (νει-ε.
658 5344 748 5398 52.
782 5347 798 5414 )
838 5365 856 5398 ‹
888 5344 1117 5418 Propter
1157 5351 1444 5419 malitiam,
1485 5354 1684 5424 inquit,
1722 5357 1955 5411 ﬁliorum

381 5436 568 5504 lsrael,
605 5447 656 5493 et
689 5438 926 5492 liliorum
958 5439 1130 5503 Judac.
1188 5458 1350 5512 quam
1410 5444 1684 5513 fecerunt,
1746 5449 1812 5504 ad
1842 5449 1958 5503 ira-

379 5530 633 5583 cundiam
668 5548 754 5585 nte
806 5543 1187 5604 provocantes,
1248 5537 1351 5607 ipsi
1385 5549 1438 5593 et
1462 5555 1617 5611 reges
1639 5557 1850 5610 eorum,
1909 5555 1960 5600 et

382 5622 650 5691 principes
683 5640 893 5690 eorum,
948 5630 1260 5685 sacerdotes
1298 5648 1508 5698 eorum,
1572 5647 1627 5690 et
1679 5623 1972 5708 (irOpheta:~

377 5726 591 5786 eorum,
624 5718 726 5774 viri
760 5717 898 5776 Juda
940 5730 993 5778 et
1023 5722 1374 5803 habitatores
1405 5725 1731 5787 Jerusalem.
1770 5751 1788 5786 ι
1818 5733 1955 5801 Quia

2095 1861 2239 1915 ditur
2275 1865 2406 1932 :qui
2433 1878 2560 1918 vero
2589 1874 2800 1934 tergum
2846 1867 3032 1930 vertit,
3060 1866 3180 1937 ipso
3219 1879 3374 1936 gestu
3425 1868 3678 1936 corporis

2095 1952 2301 2006 indicat
2356 1955 2631 2025 negligere
2683 1972 2741 2011 se
2775 1958 3215 2013 counninantem.
3280 1959 3344 2013 Et
3394 1960 3518 2025 hoc,
3569 1959 3674 2027 ait,

2091 2044 2385 2101 faciebant.

2162 2135 2512 2207 (Vers.53.)
2550 2155 2568 2189 ι
2634 2136 2770 2193 Cum
2835 2139 3090 2194 docerem
3148 2155 3243 2194 eos
3298 2140 3558 2207 diluculo,
3618 2152 3675 2198 et

2090 2223 2389 2296 erudirem,
2415 2240 2470 2286 et
2500 2230 2704 2286 nollent
2734 2232 2946 2296 audire,
2982 2242 3038 2285 ut
3087 2233 3400 2302 acciperent
3425 2235 3672 2305 discipli-

2092 2339 2239 2377 nam.
2275 2342 2292 2376 ι
2324 2322 2548 2394 Fugatis
2570 2325 2776 2380 erroris
2830 2325 3086 2391 tenebris,
3118 2335 3175 2381 et
3201 2327 3348 2380 omni
3403 2327 3669 2383 idolorum

2091 2415 2260 2481 cultu,
2296 2430 2413 2470 mea
2442 2416 2715 2471 sententia
2774 2416 3089 2485 confutata,
3117 2418 3361 2487 quotidie
3388 2419 3552 2475 corda
3579 2433 3674 2475 eo-

2089 2526 2206 2562 rum
2266 2509 2576 2563 illmninare
2624 2511 2936 2579 cupiebam,
2991 2521 3045 2565 et
3098 2513 3298 2566 docere
3350 2527 3468 2580 qua:
3523 2522 3672 2568 recta

2088 2608 2234 2656 sunt.
2269 2600 2336 2654 Et
2371 2612 2427 2656 ut
2455 2601 2684 2657 liberum
2723 2612 2969 2658 servaret
3025 2604 3338 2667 arbitrium,
3392 2605 3570 2675 jungit
3612 2615 3670 2660 et

2087 2694 2217 2749 dicit
2245 2712 2258 2748 :
2299 2693 2365 2747 Et
2396 2693 2596 2750 nollent
2630 2697 2814 2751 audire
2839 2706 2894 2749 ut
2949 2697 3248 2765 acciperent
3295 2697 3666 2766 disciplinam.

2087 2787 2348 2857 Sequitur
2373 2806 2388 2842 :

2158 2881 2336 2952 (Vers.
2373 2881 2462 2936 δι.
2496 2883 2515 2952 )
2578 2899 2599 2934 ι
2639 2880 2706 2934 Ει
2735 2891 3035 2951 posuerunt
3078 2881 3216 2937 idola
3240 2897 3334 2936 sua
3381 2883 3434 2936 in
3483 2885 3669 2946 domo,

2085 2976 2136 3028 in
2159 2991 2266 3045 qua
2307 2975 2615 3031 invocatum
2645 2985 2730 3030 est
2763 2991 2959 3030 nomen
3017 2991 3220 3040 meum,
3267 2985 3325 3030 ιιι
3353 2975 3664 3045 polluerent

2085 3083 2226 3123 eam.
2259 3086 2279 3120 ι
2322 3067 2437 3122 Νοιι
2471 3067 2646 3122 solum
2668 3083 2734 3123 eo
2769 3078 3010 3137 tempore
3037 3066 3208 3121 Judas
3235 3068 3419 3137 posuit
3439 3067 3492 3122 in
3521 3080 3664 3123 tern-

2091 3160 2178 3228 plo
2216 3158 2309 3213 Dei
2333 3169 2572 3214 statuam
2613 3159 2766 3223 idoli,
2818 3173 2979 3222 quam
3019 3161 3070 3212 in
3111 3159 3414 3214 Ezechielis
3460 3160 3671 3228 princi-

2089 3251 2178 3320 pio
2203 3251 2436 3321 legimus
2469 3249 2689 3322 (Ezech.
2719 3256 2878 3316 vni):
2911 3252 3006 3306 sed
3037 3267 3208 3322 usque
3233 3252 3391 3308 hodie
3420 3256 3471 3306 in
3503 3254 3671 3308 domo

2091 3343 2204 3410 Dei,
2237 3358 2356 3413 quae
2379 3344 2768 3413 interpretatur
2802 3343 3070 3409 Ecclesia,
3103 3345 3220 3398 sive
3264 3345 3316 3399 in
3343 3346 3510 3400 corde
3543 3345 3671 3400 ani-

2086 3451 2284 3507 tuaque
2315 3436 2653 3491 credentium
2677 3438 2897 3506 ponitur
2931 3437 3159 3499 idolum,
3191 3436 3410 3504 quando
3456 3453 3663 3492 novum

2084 3527 2280 3598 dogma
2309 3527 2688 3594 c0nstituitur,
2724 3538 2776 3583 et
2799 3528 2958 3596 juxta
3015 3528 3499 3584 Deuteronomium
3532 3530 3670 3584 ado-

2085 3629 2238 3674 ratur
2270 3619 2322 3674 in
2355 3619 2673 3675 abscondito
2702 3619 2883 3689 (Deut.
2911 3635 3056 3676 xxvii
3087 3621 3146 3689 ):
3183 3620 3433 3686 Nescitis,
3464 3621 3667 3692 inquit,

2082 3714 2206 3783 quia
2237 3713 2490 3783 templum
2538 3711 2640 3767 Dei
2669 3714 2818 3776 estis,
2871 3723 2920 3766 et
2953 3711 3188 3781 Spiritus
3220 3715 3318 3771 Dei
3363 3715 3571 3770 habitat
3612 3719 3670 3770 in

2082 3806 2220 3858 vobis
2262 3803 2326 3876 (1
2369 3805 2495 3859 Cor.
2529 3820 2608 3870 ut,
2642 3805 2750 3875 16).

2153 3894 2336 3965 (Vers.
2370 3897 2484 3968 55.)
2525 3917 2542 3950 ι
2581 3898 2642 3952 ΕιΔ
2666 3901 3072 3956 aullficavernut
3107 3905 3324 3960 excelsa
3351 3906 3480 3976 (sive
3511 3908 3667 3979 aras)

2083 3987 2207 4042 Baal
2247 4010 2261 4044 :
2301 4005 2420 4062 qua:
2445 4001 2572 4046 sunt
2603 3992 2657 4047 in
2692 3992 2828 4048 valle
2854 3995 2947 4050 ﬁlii
2988 3997 3199 4052 Ennom
3240 4017 3252 4052 :
3295 4007 3351 4053 ut
3378 4001 3668 4057 initiarent

2082 4077 2222 4137 ﬁlios
2253 4097 2402 4151 suos,
2433 4093 2484 4139 et
2526 4085 2663 4140 ﬁlias
2687 4102 2815 4142 suas
2844 4089 2987 4144 idolo
3010 4088 3246 4146 Moloch.
3286 4111 3304 4142 ι
3337 4091 3440 4146 Pro
3468 4095 3665 4148 initia-

2081 4185 2195 4229 rent
2225 4176 2278 4229 in
2326 4177 2595 4234 Hebraico
2629 4183 2893 4250 scriptum
2947 4193 3029 4237 est
3065 4200 3188 4238 enin
3225 4189 3244 4254 (
3274 4185 3458 4255 '1’3'3),
3513 4189 3662 4258 quod

2076 4266 2270 4336 Aquila
2295 4278 2350 4324 et
2389 4269 2774 4341 Symmachus,
2808 4277 3212 4332 transdueerent
3251 4280 3663 4352 ;Septuaginta

2077 4371 2132 4414 et
2163 4359 2464 4417 Theodotio
2507 4363 2850 4435 interpretati
2902 4380 3054 4434 sunt,
3087 4371 3360 4440 o/j‘erreut.
3392 4375 3466 4427 De
3519 4377 3667 4430 valle

2005 4463 2048 4519 ῃ
2082 4451 2316 4506 ﬁliorum
2376 4453 2610 4522 Ennom,
2663 4475 2783 4527 qua:
2843 4458 3108 4517 Ilebraice
3163 4464 3364 4520 dicitur
3411 4482 3661 4522 cnenxou

2077 4546 2310 4612 (mnu),
2368 4559 2530 4612 supra
2595 4549 2810 4636 plenius
2868 4551 3316 4624 diximus:quod
3375 4557 3665 4626 snbjaceat

2077 4635 2230 4690 Siloe
2259 4637 2526 4705 fontibus,
2562 4649 2616 4693 et
2647 4635 2963 4697 amtenitnte
3007 4644 3113 4704 sui,
3153 4645 3279 4712 quia
3316 4647 3470 4701 locus
3521 4650 3662 4703 irri-

2072 4743 2212 4797 guus
2244 4739 2350 4794 est,
2404 4732 2661 4801 populum
2714 4733 2822 4804 [AL
2861 4729 3045 4789 addit‘
3076 4735 3281 4809 lsrael]
3314 4755 3662 4808 provocare-

2074 4823 2147 4874 rit
2180 4822 2244 4875 ad
2283 4823 2579 4892 luxuriam,
2637 4842 2798 4894 quam
2850 4829 3116 4884 idolorum
3158 4831 3335 4886 cultus
3369 4836 3658 4903 sequitur.

2072 4909 2379 4967 Notandum
2409 4929 2626 4984 qucque
2687 4919 2830 4985 quod
2867 4934 2974 4973 οδω
3007 4932 3058 4973 et
3089 4922 3321 4988 excelsa,
3385 4924 3662 4982 Hebraico

2071 5019 2327 5060 sermone
2357 5009 2699 5076 appellantur
2755 5026 2969 5065 nanum
3021 5014 3238 5084 (mm).
3273 5025 3498 5084 propter
3555 5035 3656 5074 eos

2069 5098 2160 5167 qui
2204 5099 2254 5151 in
2283 5097 2552 5156 Samuelis
2584 5111 2636 5155 et
2662 5101 2869 5172 Regum
2900 5105 3175 5161 volmnine
3210 5108 3338 5177 quid
3368 5110 3656 5178 signiﬁcet

2069 5189 2170 5245 hoc
2203 5192 2429 5247 verbum
2475 5194 2748 5250 dubitant.
2787 5195 2995 5251 Moloch
3047 5197 3249 5253 idolum
3304 5201 3659 5256 Ammonita-

2067 5297 2185 5334 rum
2211 5294 2316 5348 est,
2353 5286 2496 5354 quod
2525 5287 2581 5339 in
2639 5302 2821 5358 regem
2862 5292 3115 5354 vertitur.
3158 5294 3653 5362 Signiﬁcatautem

2066 5374 2347 5443 Scriptura
2383 5379 2588 5445 divina,
2630 5383 2774 5450 quod
2810 5398 2915 5439 non
2948 5385 3122 5438 Solum
3174 5385 3301 5438 Baal
3345 5387 3514 5453 idolo,
3553 5391 3651 5444 sed

2064 5473 2117 5518 et
2147 5465 2356 5521 Moloch
2387 5470 2710 5542 cunctisque
2737 5474 3074 5531 dtetnonibus
3095 5479 3146 5530 in
3176 5479 3296 5547 ipso
3324 5477 3444 5535 loco
3471 5496 3657 5552 popu-

2064 5557 2147 5611 lus
2178 5561 2454 5616 servierit.

2141 5671 2157 5702 ι
2193 5651 2344 5719 Quod
2400 5671 2506 5710 non
2565 5659 2815 5712 mandavi
2845 5661 2965 5715 eis:
2999 5663 3386 5720 nec‘aseendit
3436 5668 3492 5722 in
3547 5683 3652 5725 cur

2063 5757 2265 5812 meum,
2290 5756 2350 5802 ut
2383 5747 2624 5807 facerent
2659 5752 3118 5812 abominationcm
3147 5759 3310 5828 hanc,
3339 5771 3391 5816 et
3421 5761 3478 5818 in
3512 5775 3643 5832 pec-
