3966 6176
283 285 386 345 932

759 284 1253 347 COMMENTAR.
1301 283 1382 344 ΙΝ
1415 278 1814 343 JERE‘MIAM
1865 279 1878 339 ]

1983 276 2329 350 )I’HETAM
2377 277 2524 338 LIB.
2564 277 2661 346 iV,
2702 275 2857 336 CAP.
2885 276 3131 337 XXXII.

2252 176 2293 197 ο

3431 278 3533 342 934

284 403 466 450 catum
491 394 826 452 deducerent
853 396 1067 453 Judam.
1106 415 1127 451 ι
1164 396 1388 465 Proprie
1425 396 1598 451 tribus
1636 394 1773 450 Juda
1805 404 1859 449 et
1889 398 1938 458 Α
1963 401 2018 445 et
2076 391 2475 454 Macedonibus,
2535 401 2588 444 et
2645 388 2916 460 Egyptiis
2955 353 3319 458 liotnanisqite
3391 405 3534 460 saepe

282 484 566 556 Benjamin
615 488 669 542 in
722 487 848 542 fano
911 487 1091 543 Baalis
1143 499 1199 543 et
1249 487 1484 552 Moloclt,
1547 488 1855 541 daemonum

281 579 573 636 simulacra
633 591 905 636 veneratae
963 581 1178 651 1090
1234 588 1361 636 sunt
1413 577 1537 649 (111
1569 578 1696 649 Reg.
1738 579 1857 648 xl).

288 670 500 729 Vitulos
528 683 708 728 autem
739 689 937 728 aureos
967 675 1020 728 iu
1055 673 1242 727 Bethel
1284 680 1340 727 et
1392 674 1529 738 Dan,
1564 681 1618 726 et
1670 672 1859 726 decem

283 764 485 827 tribus,
532 779 654 833 quas
715 765 1057 834 appellantur
1099 763 1370 828 Samaria,
1423 761 1622 832 Joseplt
1677 772 1733 818 et
1795 762 1864 817 E-

281 858 522 927 phraitn,
577 856 869 911 incoluisse
914 855 1022 927 [ΑΙ.
1059 855 1315 928 voluisse]
1367 857 1718 925 perspicuum
1754 866 1859 911 est.

279 945 627 1019 Tantumque
679 949 806 1002 ntali
861 949 965 1004 fuit
1002 949 1144 1018 quod
1195 965 1225 1001 a
1275 948 1470 1018 populo
1505 947 1702 1002 factum
1757 957 1860 1011 est,

285 1052 346 1094 ut
377 1049 614 1095 leSlelur
658 1039 796 1096 Deus
818 1057 877 1096 se
903 1056 1177 1110 nunquam
1214 1041 1504 1108 cogitasse,
1541 1055 1642 1095 nec
1675 1054 1866 1095 ascen-

281 1135 432 1188 disse
464 1135 515 1186 in
543 1149 640 1188 cor
666 1149 847 1200 suum,
881 1149 1006 1204 quae
1037 1134 1109 1188 illi
1166 1135 1366 1189 facturi
1407 1133 1628 1189 fuerint.
1671 1131 1864 1187 Omnia

281 1234 469 1279 autem
497 1226 609 1280 haec
639 1225 1110 1296 ὰνθρωποπάθως.

362 1334 383 1367 ι
421 1315 489 1370 Ει
519 1330 666 1370 nunc
696 1325 919 1386 propter
944 1318 1072 1384 ista,
1110 1317 1226 1372 haec
1247 1318 1376 1373 dicit
1411 1317 1694 1384 Dominus,
1726 1319 1868 1374 Deus

281 1405 472 1473 Israel,
523 1409 590 1461 ad
625 1407 903 1462 civitatem
931 1408 1097 1472 hanc,
1128 1410 1193 1464 de
1219 1424 1326 1480 qua
1360 1425 1454 1464 vos
1488 1411 1692 1477 dicitis,
1723 1412 1867 1481 quod

283 1501 538 1553 tradatur
592 1502 647 1553 in
677 1515 838 1554 manu
873 1502 1016 1571 regis
1049 1499 1347 1571 Babylonis
1399 1503 1452 1556 itt
1487 1502 1692 1572 gladio,
1731 1514 1786 1558 et
1815 1505 1866 1558 in

282 1589 454 1657 fame,
488 1602 542 1644 et
573 1591 623 1644 in
654 1601 824 1661 peste.
867 1610 885 1643 ι
921 1592 1078 1648 Sicut
1112 1594 1457 1662 sperantibus
1503 1596 1787 1660 auxilium,
1818 1605 1873 1650 et

285 1684 340 1736 in
368 1699 652 1738 murorum
692 1685 947 1740 firmitate
979 1684 1290 1749 ﬁdentibns,
1325 1687 1681 1756 propltetatur
1712 1688 1864 1757 quod

1963 492 2171 554 captos,
2214 492 2268 537 et
2295 485 2579 553 hucusque
2613 485 2840 536 servire.
2898 480 3105 550 1091
3139 481 3331 536 Omnia
3374 481 3538 550 igitur

1963 579 2030 632 ad
2057 580 2349 631 adventum
2374 575 2660 630 referenda
2695 583 2819 628 sunt
2845 572 3146 627 Salvatoris
3171 587 3320 641 :qna:
3351 583 3537 626 nostra

1963 677 2016 722 et
2041 667 2162 721 fidei
2214 677 2458 734 tempore
2483 666 2728 720 videmus
2763 663 3003 733 expleta,
3037 672 3092 717 et
3142 663 3340 717 electio
3387 664 3537 730 juxta

1964 761 2284 830 Apostolum
2319 759 2672 826 reliquiarum
2697 757 2849 812 salva
2876 756 3018 810 facta
3048 765 3132 812 est
3185 758 3204 827 (
3233 755 3386 810 Rom.
3439 759 3540 824 ιι).

1965 849 2033 903 Ει
2067 851 2155 920 qui
2183 852 2232 903 in
2264 849 2486 904 Christo
2517 849 2765 902 habitant
2808 848 3167 910 confidenter,
3216 847 3400 900 datunt
3459 855 3544 900 est

1967 943 2074 998 illis
2132 959 2228 997 cor
2278 957 2444 994 unum
2497 941 2652 1010 juxta
2711 939 2842 993 illud
2878 939 3021 1008 quod
3073 938 3341 1007 scriptum
3400 949 3538 994 cst:

1968 1033 2330 1087 Multitudinis
2366 1041 2545 1085 autem
2606 1031 2931 1083 credentium
2992 1039 3108 1084 erat
3160 1046 3252 1083 cor
3303 1047 3462 1084 unum
3492 1041 3540 1084 et

1967 1126 2149 1178 anima
2177 1141 2284 1178 una
2346 1123 2487 1193 (Act.
2545 1139 2615 1183 tv.
2656 1123 2770 1188 52).
2816 1122 2878 1174 Et
2912 1125 3078 1187 viam,
3116 1121 3317 1191 inquit,
3372 1137 3538 1176 unam

1971 1218 2119 1271 illum
2147 1217 2234 1285 qui
2271 1217 2399 1270 dicit
2432 1231 2446 1269 :
2483 1213 2594 1283 Ego
2623 1232 2740 1267 sum
2789 1216 2896 1280 via,
2930 1216 3120 1268 veritas
3148 1223 3195 1268 et
3221 1215 3328 1267 vita
3360 1216 3540 1284 (Joan.

1973 1323 2085 1373 xw,
2114 1309 2190 1378 6).
2213 1308 2523 1361 Ettinteant
2547 1321 2630 1359 me
2661 1307 2930 1360 universis
2962 1306 3176 1360 diebus.
3211 1306 3540 1376 Principium

1969 1400 2112 1454 enim
2136 1399 2416 1468 sapientia:
2451 1398 2611 1451 timor
2655 1397 2866 1451 Domini
2896 1398 3078 1465 (Prov.
3102 1398 3200 1468 ut).
3265 1396 3547 1452 Universis

1972 1493 2048 1546 ait
2077 1491 2268 1546 diebus
2303 1505 2319 1545 :
2357 1491 2498 1560 quod
2523 1492 2571 1545 si
2615 1489 2816 1545 Judaeis
2839 1506 2942 1545 non
2969 1491 3246 1560 competit,
3275 1491 3340 1544 de
3362 1501 3548 1544 nostro

1972 1583 2172 1655 populo
2203 1585 2580 1653 accipiendum
2634 1593 2721 1638 est
2756 1585 2885 1643 :cui
2919 1592 2974 1638 et
3010 1585 3146 1638 bene
3183 1584 3303 1647 fuit,
3359 1593 3414 1638 et
3441 1595 3546 1646 est,

1977 1689 2030 1731 et
2067 1677 2191 1743 erit,
2228 1691 2333 1731 non
2363 1677 2538 1732 solum
2564 1678 2720 1746 ipsis,
2757 1668 2849 1733 sed
2897 1687 2953 1732 et
3016 1677 3145 1733 filiis,
3175 1693 3361 1732 eorum
3425 1685 3551 1748 post

286 1779 656 1833 subvertenda
696 1779 765 1832 sit
793 1775 1121 1853 Jerusalem,
1156 1789 1210 1834 et
1251 1780 1478 1848 papulus
1511 1780 1622 1849 jam
1645 1780 1867 1850 jamque
1899 1773 1941 1827 Β
1971 1784 2088 1824 eos.
2121 1767 2414 1824 Nobiscum
2444 1769 2591 1823 enim
2622 1777 2838 1836 pactunt
2869 1769 3071 1839 pepigit
3105 1771 3496 1839 sempiternum
3530 1787 3544 1823 :

284 1870 615 1938 capiendus,
664 1879 720 1925 et
767 1879 896 1926 ante
931 1871 1300 1939 captivitatem
1363 1873 1560 1942 gladio,
1617 1871 1761 1928 fante
1814 1883 1870 1928 et

297 1973 460 2031 peste
488 1965 761 2032 periturus
793 1979 810 2019 :
839 1965 920 2021 sic
946 1965 1382 2033 desperantibus,
1411 1976 1467 2019 et
1494 1973 1616 2034 post
1643 1967 1870 2022 subver-

287 2057 510 2110 siouem
546 2057 700 2111 urbis
727 2057 937 2112 nullam
968 2057 1200 2115 salutem
1229 2059 1688 2126 exspectantibus,
1713 2072 1868 2113 suum

287 2147 565 2201 auxilium
619 2147 931 2217 pollicetur,
983 2157 1123 2203 utet
1179 2147 1508 2203 confidentia
1562 2158 1726 2219 atque
1774 2164 1871 2204 su-

267 2233 736 2310 'perbia,justam
796 2243 1166 2308 sententiam;
1205 2253 1259 2297 et
1327 2241 1657 2310 desperatio,
1707 2250 1874 2312 atque

289 2333 578 2387 humilitas
618 2332 712 2387 Dei
745 2344 1020 2388 mereatur
1050 2334 1337 2388 auxilium.

273 2461 278 2464 -
368 2425 554 2497 tVers.
587 2426 652 2482 57
677 2441 830 2497 seqq.
861 2426 882 2496 )
911 2443 933 2479 ι
972 2426 1112 2482 Ecce
1142 2442 1242 2496 ego
1270 2429 1612 2498 congregabo
1668 2443 1762 2484 eos
1807 2432 1873 2483 de

289 2519 575 2575 universis
609 2519 770 2574 terris
796 2519 865 2574 ad
903 2533 1042 2589 quas
1075 2519 1209 2588 ejeci
1244 2520 1296 2574 in
1338 2519 1526 2575 furore
1555 2536 1698 2584 meo,
1734 2530 1787 2575 et
1820 2521 1872 2575 in

287 2614 374 2668 ira
403 2627 544 2677 mea,
572 2620 629 2666 et
658 2610 712 2664 in
749 2610 1121 2680 indignatione
1149 2611 1367 2679 grandi,
1404 2622 1458 2665 et
1495 2612 1749 2666 reducam
1781 2627 1876 2668 eos

287 2703 361 2758 ad
401 2704 580 2760 locum
613 2703 798 2766 istum,
821 2715 875 2758 et
900 2703 1147 2758 habitare
1179 2718 1274 2758 eos
1296 2704 1488 2758 faciam
1515 2706 1874 2761 conﬁdenter.

291 2795 364 2851 Et
397 2805 561 2850 erunt
598 2795 726 2850 mihi
760 2797 810 2849 itt
842 2795 1121 2865 populum,
1158 2805 1207 2849 et
1249 2810 1348 2866 ego
1376 2810 1470 2849 ero
1501 2795 1656 2850 eisin
1685 2796 1872 2850 Deum.

293 2888 363 2943 Et
395 2889 540 2943 dabo
567 2879 780 2943 eis'cor
818 2904 1005 2950 unum,
1043 2897 1096 2941 et
1148 2888 1291 2940 viam
1329 2903 1516 2951 unam,
1555 2899 1613 2941 ut
1654 2888 1880 2941 timeant

292 2999 391 3039 me
417 2982 689 3038 universis
728 2982 942 3046 diebus,
973 2992 1026 3034 et
1057 2983 1191 3036 bene
1227 2981 1297 3036 sit
1339 2983 1418 3038 eis
1447 2991 1501 3036 et
1535 2981 1662 3036 (iliis
1689 2996 1878 3036 eorum

293 3084 432 3145 post
463 3089 579 3130 eos.
612 3075 678 3128 Et
709 3073 899 3128 feriam
928 3073 1007 3128 eis
1047 3083 1264 3142 pactum
1302 3075 1691 3144 sempiternum
1727 3076 1744 3144 (
1772 3075 1880 3128 sire

294 3168 591 3236 disponam
621 3174 1003 3219 testamentum
1047 3164 1356 3232 attentum),
1397 3173 1454 3219 et
1483 3178 1589 3218 non
1632 3165 1878 3218 desinam

292 3258 382 3312 eis
421 3253 761 3324 benefacere,
822 3263 876 3309 et
928 3255 1175 3309 timorem
1229 3271 1403 3309 meum
1447 3255 1584 3310 dabo
1633 3258 1686 3309 in
1720 3257 1885 3310 corde

295 3363 518 3410 eorum,
548 3356 607 3402 ut
640 3361 750 3401 non
784 3347 1040 3400 recedant
1072 3361 1102 3400 a
1138 3346 1575 3403 me.Etl:etahor
1594 3363 1755 3418 super
1779 3348 1882 3412 eis,

295 3456 430 3496 cum
453 3441 534 3494 eis
558 3439 884 3495 benefecero
904 3440 1032 3509 (sive
1063 3447 1116 3493 et
1145 3439 1375 3494 visitabo
1398 3455 1516 3506 eos,
1541 3451 1594 3493 ut
1616 3441 1695 3495 eis
1723 3442 1881 3495 bene-

297 3532 548 3602 faciam).
574 3530 636 3583 Et
670 3531 926 3600 plautabo
943 3530 1277 3585 cositrterra
1304 3530 1406 3585 ista
1434 3531 1486 3586 in
1511 3531 1737 3586 veritate
1758 3532 1885 3601 \sice

296 3626 356 3680 in
395 3625 548 3694 tide),
585 3625 635 3678 iu
673 3635 784 3679 toto
807 3623 974 3679 corde
996 3637 1137 3687 meo,
1170 3632 1225 3677 ct
1255 3623 1311 3677 in
1342 3634 1452 3678 tota
1484 3624 1663 3678 anima
1699 3639 1874 3678 mem:

297 3716 459 3772 Multi
500 3719 600 3771 hoc
621 3725 815 3785 putant
845 3725 1091 3784 tempore
1120 3712 1422 3770 Zorobabel
1457 3714 1552 3768 lilii
1598 3713 1882 3778 Salatbiel,

285 3813 358 3864 et
390 3808 521 3862 Jesu
552 3808 642 3862 lilii
669 3807 898 3880 Joscdec
930 3807 1230 3862 sacerdotis
1272 3807 1470 3876 magni,
1505 3805 1726 3874 quando
1776 3807 1886 3873 Ag-

294 3919 454 3971 gazus
487 3913 538 3956 et
577 3899 872 3955 Zacharias
908 3901 1373 3969 prophetaverunt
1405 3899 1504 3953 sub
1533 3899 1670 3952 Ezra
1703 3912 1888 3953 sacer-

285 3995 433 4049 dote
466 3993 817 4063 completum,
860 3992 1078 4062 quando
1099 3991 1428 4047 mdilicatutn
1463 4001 1547 4046 est
1598 3991 1886 4060 templum,

294 4099 354 4142 et
386 4087 497 4142 sub
554 4085 775 4141 Neemia
810 4086 1071 4140 exstructi
1136 4084 1278 4139 muri
1329 4097 1426 4154 per
1461 4083 1750 4138 circuitum
1788 4093 1888 4139 :ut

294 4196 444 4250 quos
471 4189 599 4234 ante
629 4179 903 4247 dejecerat
929 4180 981 4232 itt
1018 4178 1224 4242 furore,
1263 4189 1320 4232 et
1353 4176 1531 4241 inira,
1561 4187 1616 4230 et
1645 4177 1700 4230 in
1749 4175 1891 4231 indi-

295 4275 566 4346 guatione
597 4273 789 4342 grandi
823 4272 892 4327 de
927 4269 1252 4336 Jerusalem,
1312 4280 1367 4326 et
1401 4270 1454 4325 in
1486 4277 1599 4326 toto
1631 4269 1766 4325 orbe
1805 4271 1890 4324 di-

295 4376 588 4438 sparserat
621 4382 635 4421 :
667 4375 857 4433 postea
885 4364 1148 4418 reductos
1195 4362 1444 4419 habitare
1495 4361 1688 4418 fecerit
1717 4362 1889 4419 conli-

1976 1876 2074 1915 nec
2107 1861 2320 1916 desinet
2377 1861 2537 1916 nobis
2572 1860 2708 1915 ultra
2760 1861 3107 1916 benefacere.
3145 1860 3549 1930 Quodquese-

1973 1953 2160 2020 quitur
2194 1969 2208 2010 :
2239 1951 2308 2005 Et
2343 1954 2581 2008 timorem
2613 1968 2782 2008 meum
2814 1953 2948 2007 dabo
2993 1954 3046 2006 in
3081 1954 3236 2008 corde
3251 1969 3454 2019 eorum,
3489 1961 3547 2006 ut

2003 2063 2107 2099 non
2128 2046 2369 2100 recedant
2401 2064 2432 2100 a
2460 2064 2564 2116 me,
2616 2047 2696 2101 sic
2745 2046 2977 2101 liberum
3033 2047 3200 2100 donat
3235 2045 3548 2107 arbitrium,

1975 2141 2033 2185 ut
2070 2142 2251 2187 tamett
2286 2134 2401 2203 ipse
2452 2134 2618 2188 timor
2663 2134 2754 2204 qui
2787 2135 3066 2199 tribuitur,
3125 2136 3298 2204 gratia
3338 2149 3553 2204 perma-

1976 2233 2098 2279 neat
2143 2225 2438 2292 largitoris.
2491 2224 2758 2295 Cumque,
2813 2226 3008 2295 inquit,
3065 2227 3142 2280 eis
3201 2227 3546 2292 beneiecero,

1976 2315 2198 2369 iactabor
2261 2318 2299 2367 ¹.
2355 2315 2566 2370 Gaudet
2623 2318 2822 2386 quippe
2876 2317 3002 2386 quia
3045 2317 3192 2371 videt
3241 2325 3548 2371 creaturam

1974 2423 2127 2462 suam
2161 2423 2284 2464 esse
2311 2408 2600 2463 salvatam.
2656 2409 2807 2464 Unde
2839 2422 2892 2464 et
2927 2410 3178 2480 gaudium
3230 2410 3548 2481 angelorum

1976 2501 2154 2555 estin
2217 2501 2370 2556 cmlis
2423 2518 2588 2570 super
2643 2519 2748 2556 uno
2816 2513 3105 2570 peccatore
3149 2504 3547 2572 ‘pmnitentiam

1979 2605 2169 2665 agente
2200 2599 2219 2667 (
2251 2594 2379 2649 Luc.
2423 2597 2533 2665 xv).
2567 2595 2634 2649 Et
2660 2595 2934 2662 plantabo,
2965 2595 3162 2664 inquit,
3218 2610 3302 2647 eos
3325 2595 3377 2646 in
3409 2604 3553 2646 terra

1979 2691 2082 2746 ista
2110 2691 2163 2743 in
2184 2691 2421 2755 veritate,
2460 2692 2577 2745 sive
2611 2694 2690 2761 (ut
2712 2688 2854 2743 LXX
2889 2690 3310 2758 transtulerunt)
3341 2691 3392 2742 in
3425 2690 3551 2758 ﬁde,

1981 2792 2039 2836 ut
2071 2784 2289 2853 proprie
2347 2782 2623 2853 signiﬁcet
2677 2783 2932 2853 p0pulum
2987 2781 3363 2837 Christianum
3397 2783 3556 2852 cujus

1984 2876 2172 2945 religio
2209 2876 2343 2931 fides
2365 2885 2468 2931 est.
2505 2875 2569 2930 In
2601 2884 2712 2931 toto
2758 2877 2914 2930 corde
2942 2893 3080 2940 meo,
3133 2885 3181 2930 et
3206 2880 3261 2932 in
3291 2886 3401 2930 tota
3436 2879 3559 2929 mti-

1983 2985 2071 3022 ma
2104 2985 2246 3023 mea.
2286 2967 2339 3023 Si
2378 2968 2593 3024 Domini
2637 2970 2800 3024 verba
2835 2980 2963 3024 sunt
3023 2969 3345 3034 Salvatoris,
3410 2981 3559 3026 recte

1984 3078 2079 3116 cor
2101 3075 2153 3117 et
2187 3063 2366 3133 anima
2399 3064 2517 3134 ejus
2548 3064 2816 3127 creditur,
2851 3064 2941 3132 qui
2977 3063 3110 3118 dicit
3141 3064 3194 3118 itt
3226 3064 3513 3134 Evangelio
3540 3081 3556 3118 :

1990 3151 2306 3209 Potestatem
2336 3155 2500 3209 habeo
2528 3156 2754 3224 ponendi
2790 3155 3027 3208 animum
3079 3171 3272 3222 meum,
3321 3167 3371 3210 et
3405 3171 3558 3226 pote-

1985 3241 2368 3302 statem'ltabeo
2421 3249 2612 3300 iterum
2643 3249 2885 3301 sumendi
2939 3247 3086 3301 illam
3135 3247 3319 3318 (Joan.
3356 3267 3407 3313 tt,
3443 3252 3558 3321 10).

1988 3342 2083 3396 Sin
2119 3351 2300 3401 autem
2337 3357 2404 3395 ex
2452 3356 2684 3409 persona
2741 3342 2832 3396 Dci
2880 3343 3060 3398 Patris
3117 3346 3437 3414 accipimus,
3474 3363 3561 3404 se-

1986 3435 2219 3488 cundum
2243 3434 2371 3488 illud
2407 3435 2812 3504 intelligendum
2843 3445 2929 3491 est
2959 3451 2973 3493 :
3012 3435 3330 3494 Neomeuias
3358 3453 3558 3496 vestras

1986 3535 2034 3578 et
2053 3522 2308 3586 Sabbata,
2335 3534 2382 3577 et
2405 3524 2517 3577 dies
2537 3525 2698 3590 festos
2729 3525 2838 3578 odit
2863 3527 3046 3581 anima
3072 3543 3188 3581 mea
3211 3528 3352 3598 (lca.
3382 3548 3417 3596 ι,
3445 3532 3558 3600 Η).

2061 3615 2240 3688 (Vers.
2271 3616 2333 3670 41
2365 3631 2518 3687 seqq.
2551 3615 2570 3687 )
2609 3635 2628 3670 ι
2658 3618 2796 3684 Quia
2823 3620 2936 3674 haec
2985 3619 3118 3676 dicit
3148 3621 3407 3681 Dominus
3441 3642 3456 3681 :
3490 3627 3564 3680 si-

1987 3719 2078 3764 cut
2103 3708 2299 3764 adduxi
2325 3724 2489 3778 super
2518 3712 2776 3780 populum
2829 3712 2996 3768 istum
3031 3729 3195 3768 onme
3229 3716 3430 3770 malum
3459 3719 3563 3773 hoc

1990 3807 2193 3873 grande
2226 3820 2241 3858 :
2270 3804 2350 3858 sic
2395 3805 2658 3859 adducam
2692 3819 2856 3874 super
2883 3821 2977 3860 eos
3006 3821 3168 3862 omne
3192 3809 3393 3864 bonum
3420 3813 3563 3881 quod

1987 3910 2088 3964 ego
2118 3896 2310 3965 loquor
2340 3896 2408 3950 ad
2429 3911 2542 3952 eos.
2582 3896 2646 3950 Et
2681 3898 3104 3966 possidebuntur
3162 3901 3280 3972 agri
3312 3902 3364 3956 itt
3417 3913 3564 3959 terra

1990 3988 2117 4051 ista,
2160 3988 2227 4042 de
2261 4004 2367 4059 qua
2433 4005 2529 4045 vos
2565 3990 2746 4045 dicitis
2806 3993 2947 4057 quod
2981 3993 3196 4048 deserta
3232 3996 3308 4051 'sit
3333 4013 3397 4051 eo
3421 4000 3566 4066 quod

1992 4095 2099 4135 non
2127 4083 2454 4137 remanserit
2482 4082 2664 4148 homo,
2689 4085 3090 4156 etjumentum,
3125 4089 3340 4160 1092
3361 4102 3412 4145 et
3440 4094 3563 4147 data

1991 4175 2062 4230 sit
2095 4175 2146 4228 in
2181 4190 2398 4230 manum
2431 4175 2832 4232 Chaldaeorum.
2869 4178 2996 4249 Agri
3031 4187 3256 4251 pecunia
3287 4196 3564 4250 emetitur,

1991 4277 2047 4322 et
2079 4267 2393 4322 scribentur
2430 4269 2482 4322 in
2505 4268 2670 4336 libro,
2705 4279 2754 4325 et
2802 4271 3148 4342 imprimetur
3197 4275 3560 4346 signaculum,

1993 4368 2046 4414 et
2087 4360 2242 4415 testis
2275 4360 2623 4416 adhibebitur
2648 4362 2704 4417 in
2739 4374 2881 4418 terra
2933 4363 3238 4432 Benjamiu,
3275 4378 3330 4422 et
3379 4369 3430 4422 in
3457 4370 3568 4422 cir-

295 4463 522 4524 denter,
546 4469 601 4514 ct
629 4459 794 4512 fuisse
845 4471 938 4511 eos
960 4455 1012 4510 in
1053 4453 1308 4526 populum
1344 4453 1437 4510 Dei
1471 4471 1486 4510 :
1518 4464 1575 4510 et
1603 4455 1883 4510 Dominum
1919 4473 1964 4528 ο
1993 4449 2136 4503 cuitu
2167 4446 2486 4518 Jerusalem,
2523 4451 2575 4505 itt
2617 4453 2930 4509 civitatibus
2989 4455 3153 4520 Jttla,
3193 4467 3249 4512 et
3286 4457 3338 4512 in
3368 4457 3568 4512 civita-

295 4550 479 4604 fuisse
515 4551 566 4602 in
603 4548 772 4602 Deum
829 4561 1043 4612 eorum,
1087 4555 1144 4602 et
1169 4557 1365 4601 caetera
1429 4561 1550 4616 quae
1599 4543 1886 4612 Scriptura

293 4643 574 4698 conti-xit.
634 4641 741 4694 Sed
803 4640 1077 4710 quomodo
1144 4639 1250 4693 hoc
1304 4638 1474 4706 possit
1530 4638 1603 4692 illi
1655 4640 1886 4709 tempori

291 4732 550 4800 coaptari
581 4749 595 4784 :
626 4731 667 4784 ll
678 4733 882 4784 abitnre
909 4747 996 4784 eos
1020 4730 1216 4798 faciam
1246 4730 1586 4796 conﬁdenter,
1619 4743 1668 4785 et
1697 4731 1889 4799 feriam

291 4829 378 4879 eis
410 4835 628 4890 pactum
662 4823 1060 4890 sempiternum,
1093 4821 1207 4878 sive
1241 4824 1516 4892 disponam
1552 4824 1658 4878 illis
1723 4834 1889 4878 testa-

295 4925 548 4969 mentum
580 4926 854 4979 a'teruum,
894 4917 1110 4984 penitus
1156 4931 1263 4969 non
1313 4928 1492 4986 potest
1547 4919 1838 4986 approbari
1873 4935 1890 4972 ;

293 5009 514 5077 quippe
559 5022 695 5075 quos
750 5007 1064 5075 legerimus,
1108 5018 1158 5064 et
1198 5023 1351 5063 sacra
1402 5019 1585 5063 narrat
1636 5011 1887 5075 historia,

292 5117 417 5157 non
455 5100 630 5156 solum
680 5116 707 5153 ιι
743 5101 936 5157 vicinis
961 5105 1238 5171 gentibus,
1268 5101 1420 5173 sed,a
1452 5101 1630 5158 Persis
1671 5119 1889 5174 queque

378 5329 394 5359 ⁸
434 5325 536 5383 Hic
567 5327 788 5381 dentom
821 5327 1088 5396 glossema
1129 5328 1272 5397 quod
1300 5329 1367 5383 de
1407 5343 1507 5382 suo
1536 5328 1680 5382 addit
1713 5327 1892 5384 Raba-

285 5415 432 5464 nus,
464 5409 524 5470 et
551 5398 652 5452 sub
692 5397 1021 5470 Hieronymi
1070 5403 1290 5454 nomine
1353 5400 1407 5453 in
1462 5399 1888 5470 Commentariis

285 5469 646 5533 obtruditur,
672 5469 986 5524 describere
1021 5484 1128 5522 non
1160 5471 1304 5536 piget
1335 5485 1350 5522 :
1393 5488 1412 5520 ι
1457 5469 1712 5524 Ezechiel
1758 5485 1894 5538 quo-

335 5555 410 5594 ne
437 5539 513 5592 ait
534 5541 678 5606 (cap.
714 5555 787 5600 ιι,
816 5541 1074 5608 vers.!i9)
1106 5555 1121 5593 ε
1150 5539 1214 5592 Ει
1238 5541 1374 5594 dabo
1402 5542 1474 5594 eis
1501 5555 1593 5592 cor
1620 5556 1889 5595 novum...

331 5609 374 5663 It
429 5610 538 5663 sint
569 5610 698 5662 mihi
733 5609 789 5661 in
818 5613 1088 5680 populum
1123 5621 1171 5663 et
1204 5627 1296 5680 ego
1344 5613 1443 5663 sim
1473 5613 1546 5664 eis
1581 5613 1636 5663 in
1696 5613 1889 5665 Deum.

284 5680 524 5747 Quibus
553 5679 1003 5736 ntatttifcstissittte
1035 5679 1419 5746 perducentur,
1447 5691 1504 5736 et
1541 5683 1758 5735 initium
1792 5697 1891 5735 v0-

289 5750 537 5808 !uutatis
597 5750 752 5807 bona:
813 5751 970 5810 nobis
1002 5753 1230 5810 Dotnino
1267 5753 1596 5829 inspirante
1639 5753 1888 5819 concedi,

1993 4541 2138 4598 tibus
2172 4544 2464 4611 montanis,
2493 4555 2548 4600 et
2584 4545 2637 4601 itt
2665 4548 2979 4603 civitatibus
3006 4551 3407 4619 campestribus
3437 4550 3569 4622 (sive

1993 4634 2248 4704 Sepbela)
2281 4647 2334 4689 ct
2366 4637 2418 4690 in
2455 4638 2766 4694 civitatibus
2816 4639 3003 4712 Nageb
3037 4641 3154 4711 (hoc
3185 4652 3261 4696 est
3306 4658 3425 4713 qua:
3470 4660 3566 4696 au-

1993 4738 2166 4783 strum
2191 4731 2364 4802 sunt),
2410 4733 2535 4801 quia
2566 4745 2880 4788 convertam
2921 4736 3292 4804 captivitatem
3347 4751 3562 4803 eorum,

1993 4821 2070 4873 ait
2129 4821 2408 4878 Dominus.
2452 4841 2470 4874 ι
2512 4821 2814 4892 Ιιωομιιιει
2867 4827 3125 4888 litteram,
3166 4826 3289 4878 licet
3330 4825 3383 4878 in
3439 4837 3568 4895 typo

1997 4916 2377 4978 put-cesserint
2406 4926 2528 4985 post
2560 4918 2792 4970 reditum
2826 4917 2891 4969 de
2924 4915 3213 4980 Cltaltlmis,
3257 4915 3475 4986 quando
3501 4918 3569 4972 ad

1992 5004 2116 5074 Cyri
2166 5007 2308 5078 regis
2349 5009 2636 5076 imperium
2679 5022 2927 5062 reversus
2978 5018 3062 5063 est
3105 5012 3333 5078 populus
3380 5008 3433 5062 in
3480 5008 3573 5062 Ju-

1993 5100 2164 5154 d.cam
2203 5121 2216 5155 :
2258 5111 2435 5158 tamen
2480 5102 2913 5172 Spiritualiterin
2940 5100 3159 5158 Christo
3211 5114 3264 5157 et
3314 5108 3574 5174 apostolis

1994 5347 2118 5388 cum
2179 5341 2274 5385 aut
2317 5345 2414 5399 per
2447 5345 2506 5384 se
2537 5338 2626 5383 aut
2683 5343 2780 5398 per
2811 5328 3249 5383 exhortationem
3281 5327 3572 5396 cujuslibet

1995 5402 2257 5463 hominis.
2298 5410 2392 5454 aut
2425 5416 2520 5470 per
2546 5401 2927 5455 necessitatem
2964 5415 3064 5454 nos
3095 5401 3160 5452 ad
3188 5400 3376 5454 Salutis
3401 5409 3573 5454 attra-

1996 5475 2076 5528 hit
2115 5473 2253 5526 viam
2277 5481 2332 5524 et
2357 5470 2751 5539 perfectionem
2780 5475 3043 5525 virtutum
3065 5470 3131 5524 ab
3161 5474 3348 5523 eodem
3381 5471 3575 5525 simil.-

1999 5555 2080 5598 ter
2108 5542 2401 5597 condonari
2433 5557 2448 5606 ;
2477 5549 2723 5594 nostrum
2753 5557 2879 5595 vero
2901 5541 3002 5595 hoc
3019 5555 3162 5601 esse,
3185 5551 3241 5594 ut
3273 5541 3336 5593 ad
3370 5542 3575 5594 exhor-

1995 5616 2286 5671 tationem.
2343 5611 2719 5679 auxiliumque
2793 5613 2908 5676 Dei,
2985 5611 3066 5665 vel
3128 5609 3432 5676 remissius,
3489 5611 3576 5666 vel

1994 5685 2212 5737 enixius
2245 5696 2630 5752 exsequamur,
2664 5690 2719 5752 et
2754 5696 2853 5750 pro
2878 5685 2979 5737 hoc
3013 5696 3111 5736 nos
3141 5682 3223 5736 vel
3259 5696 3581 5739 remunera-

1999 5755 2227 5824 tionem,
2254 5754 2337 5810 vel
2364 5750 2634 5824 supplicia
2664 5750 2985 5823 dignissima
3034 5753 3392 5822 promereri»
