4004 6182
399 286 510 351 935

400 395 586 452 verius
617 392 940 465 pleniusque
966 390 1335 462 complentur.
1369 386 1523 444 Tunc
1552 397 1607 443 et
1647 386 1901 442 homines
1919 393 1976 440 et

397 488 645 562 iumenta
672 484 881 540 reducti
905 492 1033 538 sunt
1059 484 1111 536 in
1137 478 1604 549 Eeclesiamjnxta
1653 477 1783 531 illud
1832 475 1981 546 quod

404 580 672 649 scriptum
697 584 782 632 est
810 575 1094 630 :Homines
1120 584 1170 629 et
1197 574 1439 643 iumenta
1460 571 1633 627 salvos
1662 570 1844 641 facies,
1870 568 1980 623 Do-

405 674 564 735 mine,
587 670 877 724 rationales
893 668 1091 738 quique
1113 677 1167 723 et
1184 666 1483 736 simplices.
1502 664 1658 719 Tune
1679 662 1793 730 agri
1813 660 1980 731 empti

411 773 539 817 sunt
580 762 833 832 pecunia,
868 769 927 814 ut
956 760 1262 815 faceremus
1291 758 1447 814 nobis
1476 758 1683 812 amicos
1700 755 1766 810 de
1795 754 1983 823 iniquo

407 869 739 917 mammona,
774 855 863 921 qui
894 868 994 907 nos
1023 854 1329 921 reciperent
1382 851 1436 906 in
1470 856 1678 904 aeterna
1727 847 1989 901 taberna-

406 946 527 999 Ctila
557 944 709 1015 (Luc.
744 945 873 1015 xvi).
909 944 977 997 Et
1022 944 1212 1014 scripti
1248 943 1304 997 in
1342 943 1510 1006 libro,
1547 941 1691 995 haud
1757 938 1985 993 dubium

408 1039 540 1108 quin
576 1040 899 1093 viventium.
939 1037 1005 1091 Et
1064 1038 1388 1106 impressum
1430 1041 1517 1088 est
1550 1034 1767 1102 signum
1804 1028 1988 1084 vexilli

410 1132 710 1186 Dominicae
737 1131 919 1187 crucis
955 1141 1118 1200 atque
1145 1129 1388 1183 victoriae
1425 1134 1525 1183 :et
1551 1133 1717 1179 testes
1754 1117 1987 1175 adhibiti

412 1237 543 1281 sunt
594 1238 882 1295 martyres,
917 1234 973 1280 et
1029 1223 1207 1277 omnis
1264 1229 1585 1276 sanctorum
1643 1217 1868 1270 chorus.
1928 1212 1985 1265 In

414 1329 557 1372 terra
610 1319 914 1388 Beniamin,
962 1318 1059 1371 ubi
1116 1327 1200 1370 est
1252 1313 1467 1368 Domini
1503 1309 1787 1372 fortitudo,
1838 1315 1891 1359 et
1935 1304 1989 1357 in

412 1408 650 1461 circuitu
672 1406 995 1471 Jerusalem,
1024 1409 1204 1475 inqua
1240 1414 1325 1459 est
1353 1403 1489 1456 visio
1515 1400 1688 1469 pacis,
1718 1408 1770 1452 et
1789 1404 1988 1451 eterna

417 1502 682 1555 securitas
719 1517 734 1555 :
771 1503 823 1556 iu
904 1500 1219 1555 civitatibus
1294 1496 1452 1560 Iuda,
1512 1495 1564 1547 in
1627 1490 1825 1561 quibus
1908 1495 1993 1542 est

1608 278 1671 338 S.
1712 269 2029 335 EUSEBII
2070 268 2511 333 HIERONYMI

2082 383 2152 441 de
2206 384 2401 455 quibus
2447 396 2553 437 una
2607 388 2716 444 est,
2770 381 2837 435 de
2878 392 2984 448 qua
3041 374 3280 431 dicitur:
3318 371 3437 427 Non
3494 381 3677 439 potest

2089 478 2277 533 civitas
2326 475 2574 531 abscondi
2625 476 2683 527 in
2723 481 2897 527 monte
2932 471 3103 540 posita
3137 466 3355 539 (Matth.
3403 466 3481 533 ν).
3513 464 3584 517 Et
3619 464 3677 516 in

2090 568 2400 625 civitatibus
2424 562 2849 632 campestribus,
2872 575 2993 631 quae
3021 558 3290 613 Hebraice
3327 554 3680 625 appellantur

2089 674 2322 716 SEPHELA
2358 674 2374 725 ;
2408 660 2469 712 δι
2491 657 2556 711 de
2590 654 2875 726 profundis
2897 662 3079 720 atque
3108 648 3384 720 depressis
3402 662 3501 718 per
3518 660 3678 700 cam-

2091 765 2284 823 porum
2323 749 2692 820 tequalitatem
2720 745 2790 801 ad
2812 760 3025 802 summa
3056 742 3401 813 gradiamur.
3438 737 3508 792 Et
3541 737 3681 790 civi-

2094 844 2300 898 tatibus
2352 858 2474 912 qure
2527 840 2594 895 ad
2632 848 2885 894 austrum
2920 844 3046 890 sunt
3077 848 3094 887 :
3126 834 3271 904 quod
3308 829 3494 898 Nageb
3529 826 3677 884 LXX

2093 934 2516 999 transtulerunt,
2550 931 2643 987 ubi
2690 939 2775 985 est
2810 928 3070 985 meridies
3102 937 3157 980 et
3191 926 3349 994 plena
3381 923 3473 977 lux
3535 920 3682 977 veri-

2095 1029 2245 1083 tatis.
2292 1026 2428 1082 Cnni
2461 1036 2643 1079 autem
2680 1024 2799 1078 hac
2835 1022 3021 1077 omnia
3049 1020 3192 1074 facta
3219 1017 3449 1079 fuerint,
3483 1014 3679 1085 imple-

2090 1121 2238 1176 bitur
2285 1118 2430 1189 quod
2469 1119 2733 1185 scriptum
2793 1123 2879 1169 est
2912 1130 2925 1167 :
2957 1112 3270 1168 Convertam
3311 1108 3679 1176 captivitatem

2096 1228 2298 1278 eorum,
2325 1213 2401 1265 ait
2424 1212 2699 1274 Dominus,
2721 1208 2786 1261 de
2804 1221 2910 1276 quo
2938 1205 3202 1272 scriptum
3234 1212 3319 1257 est
3351 1217 3366 1254 :
3390 1205 3679 1254 ascendens

2098 1308 2155 1361 in
2187 1304 2355 1359 altum
2395 1302 2663 1371 captivam
2711 1301 2865 1354 duxit
2908 1299 3265 1366 captivitatem
3303 1294 3478 1364 (Psat.
3507 1309 3677 1358 van,

2103 1396 2209 1469 f9).
2235 1398 2468 1464 Accepit,
2499 1396 2613 1449 sive
2641 1399 2723 1463 (nt
2762 1393 3055 1462 Apostolus
3081 1389 3179 1459 ait)
3220 1389 3363 1443 dedit
3403 1388 3546 1441 dona
3580 1385 3680 1439 lto-

2100 1488 2330 1542 minibus
2364 1485 2582 1557 (Epltes.
2612 1500 2687 1549 tv,
2724 1486 2803 1552 8).

415 1591 619 1647 Christi
653 1607 777 1647 vera
815 1592 1107 1648 confessio.
1136 1590 1202 1645 Et
1241 1591 1295 1644 iu
1334 1586 1646 1643 civitatibus
1686 1582 1992 1646 montanis,

2025 1762 3676 1788 Μ

728 1777 1972 1802 M

420 1795 686 1806 *ον-

1323 1781 2574 1795 Μ--ρῤ-ῨΜ
2622 1781 2627 1782 ,

920 1962 1029 2040 IN
1104 1949 1907 2048 SUBSEQUENTES
1990 1947 2497 2028 HOMILIAS
2572 1945 3197 2025 ADMONITIO.

496 2310 593 2365 Diu
624 2305 1048 2387 multumquede
1080 2304 1273 2361 Latino
1302 2305 1758 2373 subsequentium
1791 2304 1847 2359 in
1878 2302 2033 2359 Isaiae
2062 2303 2322 2359 Visiones
2356 2302 2723 2359 Homiliarum
2752 2301 3060 2372 lnterprete
3093 2300 3487 2366 dubitavimus,
3522 2300 3687 2357 fuerit

426 2414 597 2455 necne
630 2411 861 2466 magnus
890 2395 1273 2466 Hieronymus,
1307 2410 1377 2448 an
1409 2394 1530 2464 ejus
1557 2395 1657 2449 aevi
1686 2394 1827 2448 alius
1855 2392 2151 2462 quispiam.
2181 2392 2247 2446 Et
2273 2408 2395 2447 cum
2428 2392 2598 2447 multa
2620 2393 2837 2461 quidem
2869 2392 2925 2447 in
2961 2401 3251 2462 utramque
3270 2401 3483 2457 partem
3522 2408 3688 2461 argu-

428 2498 608 2541 tuenta
651 2492 1009 2538 occurrerent
1039 2484 1229 2548 menti,
1258 2482 1485 2536 fortiora
1516 2492 1695 2553 tamen
1723 2481 1851 2536 olim
1882 2480 1934 2534 in
1966 2483 2303 2535 contrariam
2336 2481 2408 2535 ita
2441 2480 2554 2534 visa
2607 2491 2756 2549 sunt,
2789 2489 2849 2535 ut
2870 2480 2920 2535 in
2952 2480 3136 2551 priore
3193 2491 3383 2535 nostra
3418 2478 3689 2551 Hierony-

430 2576 736 2628 miauorum
767 2571 1003 2637 Operum
1039 2571 1380 2635 recensione,
1414 2580 1543 2624 ante
1571 2584 1743 2623 annos
1768 2567 1990 2637 triginta
2012 2577 2067 2623 et
2103 2570 2248 2637 quod
2283 2569 2550 2631 excurrit,
2584 2568 2814 2624 Verona:
2846 2568 3133 2636 adornata,
3198 2582 3318 2625 eam
3351 2568 3689 2638 interpreta-

433 2668 633 2715 tionem
694 2660 754 2715 S.
790 2659 1010 2713 Doctori
1061 2660 1442 2713 censuerimus
1492 2657 1935 2728 adjudicandam.
1983 2654 2145 2725 Fugit
2202 2670 2330 2711 vero
2392 2665 2525 2712 tunc
2558 2673 2680 2720 nos,
2741 2668 2835 2712 aut
2874 2667 3022 2712 certe
3055 2672 3166 2712 non
3206 2658 3343 2711 tanti
3378 2659 3553 2711 visum
3577 2666 3687 2721 est,

432 2748 787 2803 ineluctabile
820 2758 1199 2815 argumentum
1239 2747 1391 2810 illud,
1426 2747 1569 2815 quod
1598 2762 1667 2801 ex
1705 2746 1886 2799 Rufini
1912 2745 2125 2799 eruitur
2156 2744 2590 2801 luculentissima
2621 2747 2956 2813 testimonio,
2989 2746 3079 2801 ubi
3138 2746 3258 2815 (lib.
3315 2762 3371 2799 Xl
3414 2746 3691 2816 Apologic

432 2855 569 2903 suae,
602 2852 753 2891 num.
780 2835 869 2903 27)
900 2836 1147 2905 quaedam
1190 2844 1345 2890 notat
1373 2836 1441 2890 de
1467 2833 1674 2890 Graecis
1699 2833 2035 2897 Adamantii,
2075 2833 2353 2900 inquibus
2387 2832 2581 2887 Latine
2612 2833 2889 2889 vertendis
2924 2833 3285 2904 Hieronymus
3310 2846 3498 2887 n05ter
3525 2833 3693 2887 nimia

431 2927 686 2980 libertate
722 2939 853 2979 usus
889 2925 1079 2988 fuerit,
1115 2924 1293 2993 deque
1318 2924 1619 2989 erroribus,
1650 2924 1851 2992 quibus
1876 2922 1969 2976 illa
1999 2921 2310 2989 scatebunt,
2360 2936 2455 2977 eos
2483 2922 2769 2988 duntaxat,
2799 2922 2893 2991 qui
2944 2921 3225 2976 adversari
3282 2920 3568 2975 catholica:
3624 2920 3695 2974 de

433 3012 704 3067 Trinitate
733 3012 856 3065 fidei
908 3012 1245 3077 viderentur,
1280 3012 1588 3077 sustulerit,
1620 3013 1723 3066 alia
1749 3013 1815 3065 ad
1848 3011 2218 3082 probatiorem
2251 3025 2475 3065 sensum
2534 3010 2857 3080 quibusdam
2891 3009 3155 3065 detractis
3192 3011 3484 3066 recoxerit.
3535 3010 3695 3076 Quod

435 3110 497 3153 ut
527 3098 781 3167 exemplo
811 3098 1048 3160 evincat,
1084 3097 1261 3152 locum
1317 3099 1541 3153 adducit
1576 3115 1641 3153 ex
1671 3099 1897 3155 istarum
1931 3097 2291 3154 Ilomiliarum
2331 3102 2526 3169 prima,
2566 3099 2655 3155 ubi
2713 3108 3007 3169 postquam
3068 3099 3232 3153 vertit
3286 3098 3692 3170 Hieronymus:

435 3189 539 3255 Qui
570 3199 689 3241 sunt
718 3188 818 3240 ista
852 3187 954 3239 duo
985 3185 1260 3253 Seraphim
1287 3185 1310 3239 ?
1345 3185 1601 3240 Dominus
1650 3203 1791 3241 meus
1822 3185 1979 3242 Jesus
2022 3187 2260 3243 Christus
2288 3201 2336 3241 et
2386 3187 2619 3258 Spiritus
2681 3199 2924 3251 sanctus,
2955 3189 3022 3244 de
3048 3203 3149 3244 suo
3182 3190 3355 3255 addit,
3411 3188 3492 3244 Ne
3533 3200 3690 3264 putes

437 3277 714 3333 Trinitatis
738 3274 995 3327 dissidere
1023 3283 1294 3345 naturam,
1321 3274 1367 3329 si
1403 3274 1677 3330 hominum
1719 3288 2000 3330 seruantur
2032 3277 2220 3347 oﬂicia.
2272 3280 2555 3336 Habentur
2593 3292 2777 3337 autem
2820 3283 2938 3338 haec
2963 3288 3130 3339 verba
3159 3284 3301 3336 κατὰ
3331 3283 3478 3348 λέξιν
3512 3286 3699 3338 hami-

437 3368 512 3422 lia
548 3368 651 3421 ista
683 3366 856 3434 prima
885 3364 1046 3433 paulo
1073 3374 1196 3432 post
1229 3364 1491 3419 medium.
1526 3364 1625 3419 Est
1686 3366 1857 3435 igitur
1908 3371 2024 3422 haec
2049 3370 2338 3425 manifesto
2369 3372 2466 3426 abs
2498 3372 2831 3444 Hieronymo
2867 3370 3065 3428 Latino
3124 3373 3357 3440 reddita,
3398 3389 3501 3428 nec
3528 3388 3700 3444 porro

438 3459 603 3513 dubio
634 3458 873 3526 reliquus
904 3469 1025 3510 esse
1061 3455 1213 3509 locus
1240 3464 1437 3524 potest,
1475 3456 1608 3524 quin
1638 3464 1780 3509 totus
1816 3456 1862 3510 is
1896 3456 2036 3511 liber
2065 3458 2380 3527 singularis,
2406 3474 2512 3529 quo
2543 3462 2764 3528 reliquae
2791 3472 2917 3515 octo
2967 3462 3344 3526 continentur,
3408 3462 3588 3517 eidem
3624 3463 3703 3518 sit

438 3547 501 3602 ὃ.
529 3545 676 3602 Patri
715 3544 1139 3601 adscribendos.
1175 3544 1364 3613 Neque
1390 3544 1533 3599 enim
1567 3556 1660 3599 aut
1689 3544 1920 3600 Rufinus
1957 3545 2179 3601 mentiri
2206 3554 2360 3600 tanta
2408 3546 2766 3610 confidentia,
2806 3560 2865 3602 ut
2894 3548 3131 3603 alienum
3166 3548 3334 3603 fetum
3366 3550 3704 3613 Hieronymo

438 3638 779 3700 obtruderet,
808 3646 901 3689 aut
937 3635 1204 3705 potuisset
1238 3633 1295 3688 S.
1328 3634 1445 3702 ipse
1473 3634 1634 3688 Pater
1664 3634 1720 3688 in
1754 3636 2112 3705 responsione
2182 3643 2348 3688 tanta:
2404 3636 2692 3690 calumniae
2730 3609 2929 3691 tacitus
2959 3636 3084 3691 odia
3121 3653 3495 3709 concoquere.
3548 3609 3704 3694 Hibil

438 3728 577 3780 adeo
617 3725 873 3779 evincunt
900 3723 1108 3793 priora,
1136 3736 1256 3793 quae
1290 3722 1622 3793 urgebamus
1658 3723 1711 3776 in
1746 3723 2087 3777 contrarium
2131 3735 2481 3793 argumenta,
2517 3734 2572 3779 et
2602 3741 2723 3780 cum
2758 3724 2951 3793 primis
2999 3726 3279 3781 silentium
3315 3728 3373 3782 S.
3409 3726 3592 3783 Patris
3640 3727 3703 3782 in

439 3814 722 3881 Catalogo,
754 3812 844 3866 ubi
875 3811 1011 3867 alias
1042 3810 1318 3874 homilias,
1349 3813 1403 3864 in
1431 3808 1749 3874 Jeremiam,
1781 3819 1931 3878 puta,
1966 3810 2312 3866 Ezechielem
2344 3821 2396 3867 et
2427 3812 2631 3868 Lucam
2667 3814 2949 3882 sigillatim
3014 3825 3294 3881 recenset,
3328 3819 3427 3872 bas
3462 3833 3593 3871 vero
3645 3820 3702 3872 in

439 3903 638 3959 Isaiam
683 3916 913 3972 prorsus
967 3909 1109 3955 tacet
1138 3917 1152 3955 :
1178 3900 1309 3969 quin
1341 3901 1503 3954 etiam
1529 3910 1670 3954 tacet
1700 3899 1754 3953 in
1784 3901 1886 3955 hoc
1918 3901 2035 3969 ipso
2065 3898 2473 3955 Commentario
2509 3916 2631 3967 suo,
2667 3911 2721 3956 et
2777 3902 2997 3959 Pra-fat.
3039 3902 3348 3961 Comment.
3384 3908 3438 3961 in
3477 3906 3702 3973 Isaiam,

444 3994 534 4047 ubi
561 4000 739 4046 tamen
770 3990 891 4045 illas
920 3987 1357 4060 vigintiquinque
1382 3988 1654 4052 homilias,
1686 3987 1754 4044 de
1792 3989 1991 4059 quibus
2022 3990 2141 4044 ista:
2164 4006 2343 4044 novem
2395 4000 2545 4055 sunt,
2582 3992 2791 4059 laudat,
2821 4010 2886 4050 ac
2916 3996 3203 4052 videbatur
3226 3999 3446 4067 quidem
3477 4011 3705 4069 accepta

442 4081 732 4135 occasione
756 4078 1014 4133 debuisse
1054 4082 1119 4132 de
1151 4077 1341 4141 labore
1371 4078 1475 4131 bne
1506 4091 1607 4132 suo
1635 4076 1877 4146 legentes
1908 4093 2152 4133 monere.
2187 4077 2362 4148 Hujus
2387 4082 2463 4134 rei
2488 4094 2706 4136 causam
2739 4098 2845 4136 non
2892 4084 3056 4138 aliam
3088 4085 3252 4141 facile
3282 4088 3507 4153 dixeris,
3537 4103 3705 4158 quam

444 4184 565 4239 qua:
589 4184 733 4223 nunc
760 4168 916 4221 nobis
945 4167 996 4220 in
1024 4174 1264 4221 mentem
1290 4165 1461 4220 venit.
1486 4163 1753 4218 Nimirum
1777 4180 1911 4235 opus
1940 4166 2083 4221 istud
2107 4176 2228 4237 post
2252 4168 2536 4243 conditum
2560 4171 2778 4239 quidem
2804 4170 3131 4244 Catalogum
3161 4191 3389 4229 suorum
3427 4174 3705 4241 Onerum,

445 4259 538 4311 sed
567 4256 728 4325 paulo
762 4268 942 4310 tamen
976 4271 1139 4325 quam
1166 4252 1387 4323 Origeni
1414 4252 1676 4310 infensior
1707 4270 1830 4310 esse
1856 4258 2136 4325 crepisset,
2163 4257 2527 4314 elucubravit.
2586 4260 2701 4315 Nec
2783 4261 3023 4318 fortasse
3063 4274 3245 4319 tamen
3307 4268 3706 4336 recognoverit,

446 4346 591 4415 quod
628 4346 840 4399 cautior
878 4346 933 4398 in
960 4345 1075 4400 dies
1106 4344 1284 4398 factus
1324 4343 1634 4398 Adamantii
1658 4344 1861 4414 scripta
1890 4348 2043 4414 parvi
2078 4351 2307 4417 cceperit
2336 4359 2430 4403 aut
2456 4349 2611 4405 flocci
2660 4352 2844 4408 facere
2875 4370 2889 4420 ;
2926 4369 3114 4408 revera
3141 4356 3288 4409 enim
3320 4357 3424 4410 ltoc
3464 4358 3582 4425 ipso
3649 4358 3707 4411 in

447 4450 614 4503 ope-re
639 4432 1177 4488 Commentariorum
1211 4438 1264 4488 itt
1302 4434 1498 4488 Isaiam
1536 4434 1631 4487 lib.
1666 4452 1697 4489 ν
1733 4436 1885 4489 i'llum
1926 4436 2025 4502 ait,
2076 4436 2357 4506 Allegorite
2386 4440 2589 4509 campis
2620 4442 2858 4509 evagari,
2897 4452 2948 4495 et
3000 4444 3375 4511 interpretatis
3410 4446 3708 4499 nominibus

446 4522 798 4591 singulorum,
831 4521 1095 4591 ingenium
1130 4539 1285 4575 suum
1318 4522 1495 4591 facere
1520 4521 1771 4578 Εεοιεδίω
1817 4535 2183 4580 sacramenta.
2214 4526 2329 4583 Non
2358 4540 2479 4583 erat
2514 4530 2701 4599 igitur,
2737 4547 2837 4585 cur
2867 4532 2960 4587 illa
3004 4543 3361 4599 memoraret,
3392 4544 3447 4589 et
3473 4536 3592 4591 suis
3626 4536 3708 4591 le-

448 4615 622 4680 genda
664 4620 1010 4680 pi‘Opmicret,
1038 4626 1157 4680 qua:
1183 4612 1513 4680 sibimetipsi
1542 4629 1647 4666 non
1678 4614 1813 4668 satis
1842 4616 2208 4683 probarentur
2231 4630 2339 4670 non
2364 4618 2472 4682 sui,
2510 4623 2603 4673 sed
2637 4621 2895 4691 Origenis
2921 4637 3109 4676 causa.
3136 4624 3388 4678 Accessit
3420 4625 3573 4693 quod
3604 4639 3710 4678 una

448 4716 611 4773 atque
643 4704 813 4756 altera
839 4718 903 4756 ex
944 4704 1027 4755 bis
1054 4701 1307 4757 Homiliis
1330 4703 1349 4774 (
1370 4714 1427 4758 ιιι
1453 4703 1522 4758 de
1548 4705 1742 4773 quinta
1773 4705 2059 4773 speciatim
2109 4713 2354 4760 notatum
2387 4718 2471 4764 est
2501 4708 2520 4778 )
2550 4709 2603 4762 in
2650 4706 2834 4763 Graeco
2883 4726 3159 4778 perperam
3195 4712 3347 4767 valde
3407 4713 3510 4781 fuit
3540 4730 3561 4779 ;
3589 4714 3706 4766 ideo

444 4795 603 4862 juxta
636 4808 843 4846 sensum
872 4801 918 4844 ct
946 4792 1204 4856 ordinem,
1234 4808 1339 4845 non
1369 4795 1528 4846 etiam
1551 4792 1713 4863 juxta
1744 4796 1899 4847 verfm
1933 4793 2224 4850 translata.
2261 4794 2586 4868 Huiusmodi
2610 4809 2789 4855 autem
2817 4798 2988 4856 fetum
3023 4814 3131 4858 non
3162 4816 3332 4871 usque
3367 4812 3423 4856 et
3443 4817 3616 4872 usque
3643 4815 3703 4857 se

453 4891 606 4952 patre
636 4882 855 4955 dignum
893 4881 1059 4938 fuerit
1092 4883 1412 4940 arbitratus.
