4004 6182
373 296 477 361 937

875 302 1360 364 TRANSLATIO
1398 303 1911 365 HOMILIARUM
1944 305 2326 367 ORIGENIS
2365 302 2445 364 IN
2487 296 2849 361 VISIONES
2890 297 3138 359 lSAI.E.

3527 295 3632 360 938

395 506 3624 552 Μ

972 774 1111 888 8.
1175 774 1892 889 EUSEBH
1962 770 3028 927 HIERONYMI

1445 1110 2017 1176 STRIDONENSIS
2051 1114 2542 1178 PRESBYTERI

371 1411 1399 1582 TMNSLATM
1592 1408 2646 1590 IIOMILIARUM
2832 1422 3632 1599 ORIGENIS

1253 1783 1388 1871 IN
1507 1785 2189 1880 VISIONES

856 2265 898 2333 Ι
912 2264 1063 2336 101
1101 2264 1385 2323 IIOMILIA
1414 2266 1455 2323 1.

393 2347 637 2424 V1330}.
682 2347 751 2402 Et
792 2350 988 2424 factum
1038 2363 1115 2424 est
1160 2355 1214 2405 in
1254 2356 1392 2406 anno
1435 2371 1537 2424 quo
1584 2366 1818 2410 mortuus
1871 2367 1948 2411 est

463 2416 623 2493 Ozias
654 2433 770 2482 rex,
792 2416 916 2472 'vidi
949 2420 1231 2474 Dominum
1273 2416 1533 2477 sedentem
1577 2442 1729 2493 super
1760 2428 1948 2480 solium

460 2488 738 2542 excelsum.

467 2592 517 2647 1.
536 2593 784 2658 Quandiu
800 2595 962 2651 Ozias
991 2613 1082 2652 rex
1094 2583 1257 2664 vixit,
1278 2616 1382 2656 non
1405 2604 1579 2671 potuit
1594 2605 1850 2661 visionem
1866 2608 1947 2661 vi-

388 2679 515 2735 dere
544 2682 712 2737 Isaias
748 2686 1024 2752 propheta.
1068 2685 1198 2741 Erat
1224 2691 1367 2744 enim
1410 2689 1570 2748 Ozias
1602 2704 1868 2762 peccatur.
1894 2706 1946 2751 et

389 2766 593 2824 faciens
635 2773 941 2844 malignum
1002 2785 1125 2830 ante
1175 2789 1523 2847 conspectum
1575 2780 1825 2849 Domini,
1892 2793 1945 2838 et

388 2870 554 2925 agens
583 2862 842 2914 adversus
873 2863 1200 2919 voluntatem
1235 2867 1431 2923 divina:
1465 2870 1617 2939 legis.
1666 2871 1944 2942 Ingressus

390 2955 474 3001 est
502 2948 754 3030 templum
790 2961 841 3005 et
869 2950 1066 3007 Sancta
1118 2967 1426 3012 sanctorum
1449 3002 1463 3025 ,
1494 2971 1545 3014 et
1574 2966 1642 3017 ob
1667 2962 1769 3018 hoc
1797 2965 1943 3034 lepra

386 3035 637 3106 perfusus
681 3040 735 3093 in
778 3039 957 3096 fronte
989 3054 1104 3111 est,
1137 3045 1209 3101 ita
1242 3056 1302 3101 ut
1349 3047 1493 3105 foras
1526 3051 1638 3119 (81}
1671 3053 1942 3109 civitatem

388 3127 589 3183 vadens
636 3130 772 3184 inter
820 3132 1130 3187 immundos
1164 3148 1585 3205 computaretur.
1625 3141 1809 3197 Talem
1841 3146 1941 3214 igi-

387 3222 474 3266 tur
526 3216 820 3285 principem
871 3221 1064 3275 animas
1112 3233 1319 3291 oportet
1370 3230 1536 3293 mori,
1588 3239 1647 3284 ut
1679 3234 1942 3288 visionem

386 3301 481 3357 Dei
517 3305 697 3358 videre
730 3309 1019 3375 possimus.
1050 3311 1233 3382 Neque
1264 3316 1406 3369 enim
1446 3317 1645 3374 frustra
1681 3324 1938 3392 scriptum

382 3402 468 3446 est
513 3396 665 3463 (cap.
693 3412 774 3462 Vt,
808 3414 947 3454 vers.
985 3402 1042 3468 I)
1082 3417 1097 3455 :
1138 3402 1199 3455 Et
1244 3405 1443 3472 factum
1484 3417 1558 3460 est
1584 3411 1638 3462 in
1668 3428 1802 3464 anno
1840 3431 1940 3483 quo

386 3496 621 3538 mortuus
657 3498 734 3541 est
782 3489 940 3543 Ozias
985 3508 1108 3559 rex,
1161 3494 1267 3548 vidi
1306 3495 1605 3554 Dominum.
1642 3499 1940 3573 Unicuique

2290 1789 2749 1884 ISAIIE.

1984 2250 2023 2304 Α
2055 2259 2156 2304 tem
2176 2252 2343 2320 magis
2360 2249 2518 2319 quani
2536 2247 2698 2302 Deum
2725 2256 2980 2310 amantes,
3003 2246 3092 2315 qui
3120 2244 3307 2298 habent
3335 2244 3605 2314 figuratio-

2047 2358 2158 2395 nem
2174 2342 2408 2410 pietatis,
2423 2341 2665 2393 virtutem
2686 2346 2858 2391 autem
2873 2336 2983 2404 ejus
2997 2344 3238 2405 negantes
3258 2338 3323 2390 ’°.
3339 2336 3458 2390 lla‘c
3473 2351 3605 2407 pro-

2048 2439 2165 2499 pter
2195 2442 2420 2485 mortem
2471 2430 2612 2498 regis
2642 2427 2784 2483 Ozia:
2805 2465 2820 2493 ,
2861 2436 2979 2495 post
3006 2428 3161 2495 cujus
3202 2428 3475 2480 interitum
3518 2425 3603 2479 vi—

2046 2520 2190 2575 disse
2222 2535 2281 2576 se
2311 2521 2387 2574 ait
2419 2520 2679 2574 visionem
2719 2522 2995 2588 propheta.
3031 2518 3161 2582 Qum
3189 2526 3270 2571 est
3307 2526 3485 2570 autem
3517 2517 3601 2570 vi-

2045 2611 2168 2665 sio?
2225 2609 2343 2663 Vidi
2386 2610 2663 2663 Dominum
2707 2611 2963 2664 sedentem
3013 2626 3167 2678 super
3209 2610 3450 2661 thronum
3507 2622 3601 2660 ex-

2045 2701 2237 2754 celsum
2258 2711 2308 2754 et
2335 2700 2611 2767 eleuatum,
2638 2709 2741 2755 etc.
2777 2698 2896 2754 Non
2919 2700 3098 2754 omnis
3124 2700 3215 2769 qui
3243 2698 3384 2751 videt
3404 2697 3594 2761 Deum,

2045 2790 2188 2844 videt
2233 2806 2354 2844 eum
2397 2792 2673 2846 sedentem
2718 2806 2879 2860 super
2926 2791 3182 2844 thronum
3222 2788 3494 2843 excelsum
3541 2798 3598 2841 et

2042 2881 2306 2936 elevatum
2324 2920 2339 2935 .
2375 2880 2499 2936 Scio
2530 2881 2694 2935 alium
2722 2880 3037 2949 prophetam
3065 2880 3262 2933 vidisse
3283 2877 3592 2937 Dominum,

2042 2982 2096 3027 et
2144 2972 2339 3027 vidisse
2371 2988 2495 3027 eum
2524 2988 2687 3041 super
2716 2973 2968 3025 thronum
3005 2971 3277 3026 sedentem
3305 3010 3320 3035 ,
3354 2969 3449 3023 sed
3483 2982 3591 3023 non

2041 3065 2345 3129 excelsum,
2392 3080 2563 3134 neque
2604 3067 2889 3119 elevatum.
2944 3063 3223 3119 Disserens
3268 3062 3590 3130 scripturam

2044 3151 2248 3217 Daniel,
2279 3154 2408 3208 dicit
2439 3170 2452 3205 :
2496 3152 2691 3206 Tltroui
2721 3154 2880 3221 positi
2903 3163 3021 3205 sunt
3046 3152 3111 3216 ³¹,
3146 3159 3200 3206 et
3231 3166 3336 3205 non
3367 3158 3482 3203 erat
3508 3163 3595 3204 ex-

2041 3244 2216 3298 celsus
2245 3244 2331 3297 ille
2361 3245 2607 3298 thronus.
2650 3243 2715 3296 Et
2743 3262 2757 3297 :
2806 3243 3012 3297 Veniam
3039 3283 3055 3310 ,
3087 3251 3141 3295 ut
3169 3243 3375 3296 sedeam
3405 3241 3473 3294 ad
3496 3239 3591 3309 juo

2040 3335 2320 3387 dicandum
2347 3334 2597 3403 populum
2636 3335 2689 3386 in
2711 3335 2846 3387 valle
2877 3334 3133 3401 Jesapliat
3157 3334 3223 3386 ³⁸.
3255 3331 3394 3403 Ergo
3422 3332 3508 3387 hic
3536 3333 3590 3387 in

2039 3425 2176 3479 valle
2205 3426 2371 3489 sedit,
2417 3434 2471 3479 et
2523 3425 2577 3478 in
2601 3426 2741 3479 valle
2768 3441 2890 3478 eum
2918 3426 3257 3492 iudicaturus
3285 3431 3397 3485 est,
3428 3439 3588 3492 quem

2040 3522 2122 3569 est
2168 3515 2640 3570 condemnaturus.
2690 3514 2850 3568 Aliud
2894 3523 3073 3568 autem
3122 3524 3203 3566 est
3236 3513 3416 3567 videre
3464 3527 3587 3567 eum

384 3584 628 3630 nostrum
655 3579 785 3631 vivit
812 3579 969 3634 Ozias
999 3582 1110 3636 sive
1128 3582 1360 3650 Pharao,
1386 3594 1438 3638 et
1467 3602 1571 3659 non
1603 3567 1936 3658 suspirauius

2040 3605 2314 3658 sedentem
2348 3618 2510 3673 super
2543 3604 2796 3657 thronum
2826 3603 3096 3657 excelsum
3130 3611 3186 3656 et
3210 3601 3496 3655 clevatum.
3526 3600 3591 3652 Et

388 3661 635 3734 Algyptia
672 3682 833 3736 opera
868 3669 1145 3726 facientes.
1192 3670 1245 3724 Si
1294 3681 1475 3726 autem
1533 3676 1778 3741 metitur,
1814 3687 1941 3734 tunc

2039 3693 2091 3745 in
2126 3691 2344 3747 Miehzea
2367 3693 2636 3761 egreditur
2663 3691 2806 3760 (82),
2849 3700 2903 3746 et
2941 3691 3215 3746 descendit
3262 3689 3402 3744 Deus
3422 3690 3484 3743 ³³.
3527 3690 3591 3742 Et

383 3758 739 3822 suspiramus,
775 3766 832 3811 ut
864 3760 915 3811 in
949 3761 1131 3814 Exodo
1157 3764 1414 3830 scriptum
1444 3772 1545 3816 est.
1588 3763 1645 3817 Si
1678 3765 1835 3822 Ozias
1861 3770 1940 3822 vi-
2011 3780 2071 3825 ut
2094 3770 2275 3824 videat
2298 3758 2615 3835 Sudomam,
2645 3758 2954 3824 descendit.
3002 3770 3356 3835 Descendens,
3386 3770 3484 3834 ait,
3513 3775 3587 3826 vi~~

384 3845 459 3898 vit
481 3885 495 3907 ,
528 3862 633 3900 non
686 3849 927 3903 videmus
960 3852 1180 3920 gloriam
1219 3852 1307 3905 Dei
1334 3871 1348 3917 ;
1381 3855 1424 3908 si
1458 3863 1634 3910 autem
1688 3862 1936 3925 moritur,

384 3941 513 3988 tunc
544 3935 787 3990 videmus
812 3938 990 3991 statim
1019 3948 1078 3991 ut
1104 3941 1332 3993 moritur
1370 3941 1529 3997 Ozias
1561 3946 1785 4014 gloriam
1818 3947 1933 4012 Dei,

384 4032 589 4080 tantum
634 4028 736 4082 hoc
781 4030 849 4083 sit
878 4039 936 4083 ut
975 4040 1159 4099 regnet
1206 4033 1259 4089 in
1294 4034 1449 4087 nobis
1481 4051 1657 4092 sermo
1697 4040 1817 4107 ejus
1843 4043 1934 4110 qui

382 4114 516 4170 dixit
545 4131 560 4168 :
600 4115 708 4186 Ego
746 4128 919 4171 autem
962 4122 1275 4174 constitutus
1308 4138 1425 4174 sum
1470 4140 1558 4176 rea:
1581 4123 1644 4175 ab
1660 4140 1717 4176 eo
1743 4128 1851 4195 ων,
1884 4139 1937 4184 ει

382 4222 487 4257 non
526 4218 710 4275 regnet
736 4209 836 4262 ira.
872 4208 965 4263 Est
1012 4212 1226 4274 quidem
1274 4224 1325 4267 et
1374 4218 1576 4284 peccati
1628 4233 1740 4272 rex.
1790 4217 1934 4285 Apo-

382 4296 552 4349 stolus
584 4297 653 4350 ita
686 4299 883 4363 sciens,
917 4300 1030 4353 ait:
1080 4300 1197 4354 Non
1227 4318 1346 4371 ergo
1384 4316 1552 4372 regnet
1586 4316 1849 4372 peccatum
1881 4306 1934 4357 in

381 4387 593 4439 mortali
638 4401 803 4441 restro
850 4407 1061 4458 corpore
1079 4393 1140 4443 ⁸⁸.
1178 4392 1495 4450 Miserabilis
1535 4397 1619 4450 ille
1653 4397 1815 4449 homo
1846 4397 1933 4450 cui

382 4487 660 4542 peccatum
694 4492 900 4548 regnat,
933 4484 1023 4550 qui
1055 4482 1144 4535 tali
1179 4498 1236 4536 se
1277 4487 1437 4539 tradit
1469 4488 1598 4555 regi,
1630 4486 1933 4554 despiciens

373 4582 597 4635 regnum
628 4566 739 4627 Dei,
766 4574 815 4617 et
838 4565 1135 4632 subjiciens
1159 4581 1218 4620 se
1241 4567 1525 4635 voluptati.
1546 4568 1842 4638 Propterea
1868 4588 1951 4626 vo-

2013 3862 2141 3916 debo
2176 3864 2221 3915 si
2257 3861 2543 3916 secundum
2571 3861 2858 3915 clamorem
2888 3877 3070 3914 eorum
3100 3864 3387 3914 uenientem
3417 3864 3483 3914 ad
3511 3880 3591 3915 me

2013 3964 2515 4010 consummaverunt
2548 3953 2614 4008 “.
2648 3955 2815 4025 Igitur
2847 3952 2990 4009 Deus
3021 3955 3314 4022 aliquando
3346 3969 3589 4011 sursum.

2015 4045 2309 4115 aliquando
2330 4044 2589 4099 deorsum
2624 4045 2778 4114 juxta
2817 4044 3136 4116 dignitatem
3181 4046 3394 4100 videtur
3427 4060 3596 4115 neges

2016 4141 2235 4193 tiorutn.
2255 4136 2373 4192 Vidi
2395 4155 2516 4209 ergo
2544 4139 2842 4204 Dominum,
2869 4140 3079 4209 1103
3108 4140 3268 4195 ISaias
3288 4140 3385 4198 ait.
3408 4144 3589 4196 sedcu-

2036 4234 2137 4278 tem
2162 4240 2314 4292 super
2339 4224 2579 4277 thronum
2612 4227 2872 4278 excelsum
2913 4234 2961 4277 et
3006 4224 3279 4277 eleuatum.
3328 4222 3384 4276 Si
3429 4222 3584 4275 video

2033 4311 2201 4365 Deum
2233 4315 2286 4367 in
2320 4314 2401 4367 his
2443 4314 2534 4382 qui
2565 4314 2653 4367 hic
2681 4324 2807 4367 sunt
2841 4324 3151 4382 regnantem
3172 4353 3186 4376 ,
3217 4329 3325 4366 non
3352 4315 3474 4367 eum
3506 4312 3582 4365 vi-

2033 4401 2134 4456 deo
2163 4418 2325 4471 super
2362 4403 2612 4458 thronum
2651 4404 2924 4458 excelsum
2977 4414 3027 4459 et
3077 4404 3363 4459 elevatum.
3417 4402 3472 4457 Si
3504 4404 3584 4456 γί-

2031 4492 2131 4547 deo
2181 4508 2302 4547 eum
2346 4503 2657 4562 regnantem
2699 4496 3009 4550 caelestibus
3058 4496 3379 4560 virtutibus,
3428 4495 3581 4548 video

2030 4596 2155 4635 eum
2196 4582 2465 4636 sedentem
2517 4599 2679 4653 super
2718 4586 2969 4639 thronum
3011 4588 3283 4642 excelsum
3329 4596 3379 4640 et
3407 4586 3578 4639 eleva-

373 4656 603 4725 Iuptatis
634 4666 865 4722 amator,
899 4672 1006 4711 non
1043 4667 1125 4712 est
1156 4669 1367 4713 amatur
1405 4660 1515 4715 Dei.
1560 4664 1620 4715 Et
1653 4664 1950 4718 secundum
2033 4681 2165 4725 tum.
2217 4672 2353 4736 Quid
2393 4682 2475 4728 est
2519 4674 2665 4743 quod
2716 4675 2846 4730 dicit
2892 4678 3200 4731 cmlestihus
3245 4676 3534 4747 virtutihus
3562 4680 3583 4727 ’ξ

370 4751 690 4819 Apostolum
723 4751 789 4804 de
817 4751 1142 4818 quihusdam
1166 4753 1366 4805 dicitur
1402 4771 1415 4809 :
1455 4756 1664 4825 1102
1696 4759 1949 4811 Anmnles
2031 4750 2267 4826 Throni,
2302 4763 2717 4829 dominationes,
2752 4768 3105 4835 principatus,
3135 4776 3441 4835 potestates,
3475 4766 3580 4817 vir-

383 4835 695 4901 voluptatem
720 4839 880 4905 magis
904 4855 1056 4905 quam
1087 4839 1326 4893 Deum".
1361 4842 1421 4896 Et
1448 4845 1661 4913 quidem
1695 4848 1927 4917 idipsum

386 4939 490 4977 non
518 4926 582 4977 de
614 4926 696 4979 his
727 4927 925 4980 dictum
961 4937 1037 4981 est
1063 4970 1076 4994 ,
1109 4932 1197 4998 qui
1232 4932 1455 4985 omnino
1503 4942 1630 4988 sunt
1669 4937 1927 5006 infideles,

382 5016 476 5072 sed
523 5016 586 5070 de
634 5016 718 5070 his
750 5034 838 5087 qui
874 5019 1196 5074 Intrinsecus
1240 5034 1660 5089 commorantur,
1693 5022 1931 5093 t'olnpla-

451 5154 546 5195 ¹-²⁷
581 5154 722 5211 Psal.
750 5172 809 5220 II,
844 5156 902 5210 6.
984 5158 1029 5191 ³⁸
1065 5156 1223 5213 Rern.
1260 5176 1333 5218 VI.
1381 5157 1465 5215 12.

379 5215 423 5257 ⁸³
455 5224 619 5280 Μίειι.
659 5244 698 5292 t,
730 5215 806 5281 5(
862 5227 906 5259 ³³
939 5220 1074 5284 Gen.
1106 5245 1261 5294 xuii,
1299 5215 1390 5282 2i.

444 5382 558 5457 (Sil)
582 5383 800 5457 Collatae
829 5392 955 5457 sunt
982 5384 1063 5457 hee
1089 5384 1321 5457 homilige
1349 5401 1471 5457 eum
1504 5394 1736 5457 quatuor
1760 5404 1916 5454 mss.,

373 5451 628 5521 nimirum
652 5470 665 5505 :
693 5454 715 5505 I
752 5454 1075 5507 cathedralis
1104 5454 1341 5508 ecclesia:
1372 5451 1732 5521 Ebroicensis,
1758 5457 1780 5509 1
1807 5451 1917 5511 Μαὲ

367 5520 504 5588 juris
552 5524 857 5575 monasterii
895 5521 1257 5586 Turonensis,
1319 5523 1341 5575 1
1386 5520 1915 5580 ρθιιιράηιιίςρςςιυο

375 5587 469 5643 Sim
508 5589 881 5644 Laudunensis
904 5631 919 5650 .
957 5592 979 5644 I
1015 5591 1242 5644 ahbatiae
1275 5588 1330 5644 S.
1360 5591 1499 5646 Petri
1528 5593 1595 5647 de
1625 5593 1923 5650 Selincurte

705 5692 975 5751 Parnm.
1040 5691 1250 5753 XXIV.

2033 4857 2174 4903 tutes
2199 4851 2442 4907 cmlestes
2473 4862 2619 4907 sunt.
2671 4852 2735 4907 Et
2768 4855 2810 4908 si
2838 4855 2992 4907 video
3021 4868 3165 4915 eum,
3195 4854 3467 4922 quomodo
3501 4855 3580 4907 eis

2034 4951 2219 5010 regnet
2246 4942 2298 4995 in
2330 4943 2513 5007 verbo,
2545 4945 2649 4997 ridi
2679 4945 2956 4997 Dominum
2981 4946 3236 4997 sedentem
3260 4961 3413 5013 super
3436 4947 3577 4997 thro-

2035 5046 2157 5082 num
2190 5031 2447 5085 excclsum
2479 5044 2525 5085 et
2558 5038 2829 5087 eleuatum.
2856 5033 2923 5086 Et
2957 5034 3107 5100 plena
3130 5044 3239 5088 erat
3263 5035 3445 5087 domus
3469 5037 3579 5104 μίαν

1566 5160 1609 5191 ¹⁹
1647 5159 1686 5213 ll
1716 5158 1860 5216 Tim.
1902 5179 1982 5228 ιιι,
2016 5165 2070 5219 «1.
2153 5167 2197 5198 ³⁸
2224 5166 2358 5221 ibid.
2385 5182 2536 5236 seqq.
2576 5171 2619 5203 “
2642 5171 2777 5227 Dan.
2808 5189 2902 5238 vn,
2937 5175 2990 5229 9.
3072 5174 3272 5231 "locl.
3302 5193 3382 5243 nt,
3405 5177 3459 5241 2,
3495 5179 3577 5231 I2.

2016 5393 2222 5447 ordinis
2245 5393 2791 5449 Pmmonstratensis.

2093 5463 2203 5529 (8|)
2243 5463 2393 5523 Mss"
2433 5464 2595 5531 foras.
2631 5464 2780 5516 Libh.
2814 5464 2964 5525 edit.,
2991 5471 3158 5516 extra.

2096 5530 2206 5602 (8‘2)
2248 5532 2396 5597 Mss.,
2428 5530 2710 5602 egreditur.
2740 5532 2889 5587 Lilib.
2919 5534 3070 5595 edit.,
3102 5530 3356 5593 eqrcdere.

3099 5699 3171 5760 30
