3966 6176
353 293 455 369 θιι

815 298 1299 368 ΤῐὶῖιΝΞῘΑτιΟ
1344 307 1841 369 ΙΙΟΜῙῙΛΑΒΗΜ
1882 316 1888 352 t

1992 301 2253 363 [GENIS
2296 300 2377 360 ΙΝ
2417 296 2769 363 VISIONES
2814 295 3053 359 ISALE.

2262 182 2274 211 ι

3455 284 3564 356 942

350 450 504 491 meus
534 431 693 489 .‘esus
718 431 969 488 Christus
997 444 1100 497 est,
1130 435 1222 504 qui
1256 436 1322 487 ad
1352 433 1647 489 auferenda
1680 440 1897 504 peccata
1931 434 1971 491 Δ
2003 432 2379 501 prophetarum
2432 438 2756 485 convertens
2808 442 2894 490 se,
2950 440 3081 495 ego,
3143 414 3349 493 inquit,
3403 434 3553 479 eram

349 534 536 580 nostra
589 539 619 579 a
667 524 820 580 Patre
865 527 1067 582 missus
1108 535 1209 590 est,
1238 536 1291 581 et
1316 526 1444 581 dicit
1480 543 1494 579 :
1529 525 1666 581 Ecce
1704 526 1901 580 abstuli

352 615 665 685 iniquitates
721 625 864 682 tuas,
893 626 947 671 et
998 626 1216 687 peccata
1270 624 1360 671 tua
1416 615 1897 671 circummundavi.

349 698 456 756 Nec
496 713 650 771 putes
698 716 903 759 natura:
931 705 1333 769 contumeliam,
1368 704 1411 758 si
1455 704 1624 760 Filius
1668 719 1697 759 a
1746 703 1902 759 Patre

348 793 599 848 mittitur.
643 792 883 862 Denique
914 804 974 848 ut
1015 795 1270 849 unitatem
1308 794 1521 850 deitatis
1551 795 1604 849 in
1639 794 1902 849 Trinitate

350 896 669 953 regnoscas,
690 885 838 939 solus
864 884 1120 940 Christus
1150 885 1202 939 in
1230 885 1475 956 praesenti
1503 887 1729 941 lectione
1758 900 1902 941 nunc

350 982 566 1041 peccata
596 972 838 1035 dimittit,
865 987 920 1029 et
970 982 1149 1030 tamen
1195 984 1401 1029 certum
1427 983 1512 1030 est
1560 991 1591 1029 τι
1638 966 1900 1030 Trinitate

349 1072 565 1133 peccata
596 1062 815 1117 dimitti.
851 1062 954 1130 Qui
988 1067 1130 1120 enim
1169 1065 1223 1120 in
1256 1079 1366 1120 uno
1397 1066 1700 1131 crediderit,
1731 1066 1900 1120 credit

347 1154 400 1206 in
428 1152 705 1208 omnibus.
736 1152 1016 1208 Deferatur
1038 1168 1168 1224 ergo
1196 1154 1327 1208 mihi
1364 1155 1428 1209 de
1465 1157 1658 1223 altario
1695 1157 1897 1211 cmlesti

347 1240 559 1311 forcrps
602 1251 660 1296 ut
691 1249 875 1313 tangat
901 1242 1041 1296 labia
1071 1258 1207 1298 mea.
1242 1243 1471 1313 Forceps
1500 1243 1712 1298 Domini
1747 1246 1791 1300 si
1820 1246 1897 1300 te—

254 1340 261 1345 ‘
347 1332 465 1400 ιίέξῑ
496 1330 637 1386 labia
663 1348 802 1395 mea,
835 1333 1058 1386 mundat
1082 1349 1163 1387 ea.
1197 1332 1259 1387 Et
1291 1334 1337 1387 si
1366 1335 1703 1390 mandaverit
1733 1351 1817 1401 ea,
1844 1345 1896 1390 et

346 1422 743 1477 circumciderit
788 1438 818 1477 a
872 1423 1035 1488 vitiis,
1065 1434 1125 1492 ut
1174 1441 1342 1492 nuper
1371 1425 1627 1492 diximus,
1657 1427 1891 1495 aperiam

349 1511 510 1564 verbo
543 1509 632 1564 Dei
658 1527 720 1566 os
753 1526 956 1577 meum,
989 1529 1086 1567 nec
1119 1515 1345 1569 ulterius
1379 1531 1558 1570 sermo
1586 1517 1895 1574 immundus

344 1600 486 1656 exitu
507 1616 571 1655 cx
598 1616 693 1656 ore
720 1618 840 1657 meo
868 1616 884 1658 ε
912 1605 1035 1674 quia
1064 1622 1180 1658 cum
1209 1605 1309 1660 sim
1347 1605 1522 1671 homo,
1545 1617 1593 1662 et
1625 1607 1896 1662 immunda

2005 521 2275 585 Christus,
2308 522 2398 590 qui
2437 519 2701 588 loquebar
2733 533 2826 586 per
2871 515 3178 585 prophetas.
3207 512 3346 576 Dixi,
3380 526 3554 582 neque

2006 620 2060 664 tu
2110 610 2324 673 timeas,
2363 616 2417 662 et
2464 622 2610 662 nunc
2653 607 2882 659 mittitur
2930 603 3088 658 Jesus
3136 600 3403 656 Christus.
3434 599 3553 655 Non

2006 703 2281 763 mentitur.
2329 701 2604 754 Vobiscum
2646 717 2783 764 sum,
2820 701 2891 753 ait
2928 698 3203 763 (murinus,
3233 711 3409 751 omnes
3442 697 3552 748 dies

2006 809 2164 861 usque
2196 793 2265 845 ad
2301 792 2792 844 consummationem
2829 789 3008 842 scrculi
3039 789 3102 842 ⁸³.
3130 788 3245 842 Non
3276 788 3551 865 mentitur.

2010 881 2108 934 Ubi
2142 883 2248 934 duo
2281 881 2356 935 vel
2396 892 2498 932 (res
2524 880 2725 932 collecti
2766 889 2884 931 sunt
2915 879 2964 930 in
2989 878 3197 931 nomine
3227 894 3356 941 meo,
3383 886 3431 930 et
3461 890 3553 945 ego

2002 988 2114 1023 sum
2153 972 2205 1023 in
2237 973 2403 1023 medio
2430 987 2606 1022 eorum
2643 969 2709 1021 “.
2744 968 3011 1033 Quoniam
3045 968 3207 1037 igitur
3232 974 3424 1037 ἱππ,ιο
3445 976 3550 1033 est,

2004 1076 2057 1121 et
2088 1064 2295 1120 assistit
2328 1062 2485 1117 Jesus
2517 1062 2792 1125 Christus,
2821 1073 2875 1116 et
2902 1072 3121 1132 paratus
3147 1069 3230 1115 est
3253 1069 3305 1114 et
3328 1060 3552 1129 praeiu-

2002 1169 2123 1213 ctus
2155 1159 2398 1211 summus
2428 1157 2679 1210 sacerdos
2709 1155 2901 1209 oﬂ‘erre
2922 1155 3066 1209 Patri
3094 1153 3551 1223 interpellationes

2001 1260 2241 1316 nostras,
2280 1258 2561 1317 surgentes
2606 1260 2699 1317 per
2734 1250 2907 1316 ipsum
2943 1232 3203 1301 sacrificia
3236 1242 3377 1299 l’atri
3422 1244 3551 1297 olle-

2004 1358 2212 1395 ramus.
2254 1343 2372 1410 ipse
2414 1340 2556 1393 enim
2605 1339 2913 1407 pt'epitialio
2945 1347 3026 1391 est
3058 1352 3153 1406 pro
3185 1335 3415 1405 peccatis
3454 1350 3551 1388 no-

2001 1431 2150 1495 stris,
2175 1430 2260 1482 cui
2299 1438 2381 1481 est
2413 1428 2582 1497 gloria
2618 1436 2677 1483 et.
2699 1428 2979 1495 imperium
3018 1426 3068 1477 in
3102 1426 3292 1476 szeeula
3330 1424 3552 1477 samnitio

2000 1540 2139 1577 rum.
2172 1525 2363 1575 Amen.

2475 1601 2685 1671 1107
2713 1588 3001 1654 ῐῐΟΜΙΙΛΛ
3036 1595 3099 1652 ll.

344 1691 487 1746 labia
510 1693 750 1760 habeant,
784 1695 838 1748 in
875 1697 1043 1750 medio
1071 1702 1271 1767 quodne
1307 1697 1485 1767 populi
1512 1697 1781 1752 immunda
1810 1697 1888 1761 lu-

1999 1717 2070 1773 De
2096 1734 2163 1796 eo
2193 1718 2334 1786 quod
2354 1717 2623 1798 scriptum
2652 1725 2734 1771 est
2768 1732 2781 1768 :
2809 1702 2949 1801 [Ede
2979 1715 3121 1801 uirgo
3155 1715 3207 1767 in
3243 1723 3386 1766 utero
3423 1728 3546 1766 cono

345 1781 432 1833 bia
481 1781 716 1836 habentis
761 1784 960 1839 Ιιαδὶιυ.
995 1784 1275 1857 Seraphim
1316 1788 1466 1858 quod
1505 1787 1731 1844 missum
1773 1786 1893 1852 fuit,

345 1871 624 1926 inundavit
665 1874 807 1928 labia
840 1850 1147 1944 prephetm;
1165 1893 1269 1931 non
1288 1850 1578 1934 inundavit
1604 1891 1781 1935 autem
1817 1850 1896 1935 la?

340 1954 427 2008 hia
453 1954 659 2023 populi.
684 1952 983 2011 Confessus
997 1967 1079 2010 est
1103 1957 1247 2011 enim
1269 1958 1680 2027 lpseimmuuda
1703 1964 1839 2017 labia
1857 1980 1916 2020 se

2459 1783 2633 1854 cipiet,
2659 1795 2763 1839 etc.
2808 1783 2945 1854 (cap.
2980 1783 3099 1853 vn).

2068 1879 2113 1931 l.
2153 1875 2422 1942 Quantum
2476 1874 2542 1927 ad
2604 1874 2805 1927 dictum
2834 1873 3042 1938 attinet,
3090 1870 3390 1926 Verecunde
3421 1870 3547 1927 fecit

1992 1969 2171 2020 Achaz
2200 1983 2321 2023 cum
2348 1965 2394 2019 ei
2432 1962 2627 2021 fuisset
2651 1964 2996 2033 imperatum,
3018 1971 3076 2016 ut
3103 1970 3304 2031 peteret
3332 1961 3545 2031 signum

340 2045 558 2117 1106
590 2045 814 2114 habere,
858 2058 914 2103 et
944 2046 996 2101 in
1035 2047 1216 2103 medio
1247 2050 1431 2121 populi
1461 2051 1743 2110 immunda
1769 2055 1915 2112 labia
1995 2058 2045 2108 in
2077 2058 2529 2125 profundnm,ant
2571 2057 2622 2109 in
2657 2054 2955 2113 esctslsum,
2992 2059 3045 2104 et
3071 2053 3335 2106 rationem
3369 2053 3548 2107 reddi-

346 2135 592 2187 habentis
630 2135 889 2190 habitare.
938 2136 1040 2191 Sed
1074 2137 1174 2191 hoc
1208 2139 1351 2207 quod
1382 2141 1607 2195 missum
1642 2151 1724 2197 est
1747 2157 1893 2197 sera-

341 2222 513 2287 phim,
547 2239 654 2277 non
683 2224 945 2294 judicavit
981 2227 1173 2297 dignos
1223 2244 1344 2284 esse
1386 2230 1453 2283 de
1485 2232 1708 2300 populo,
1743 2242 1797 2285 ut
1840 2243 1893 2287 et

340 2313 555 2367 illorum
598 2314 737 2369 labia
779 2317 1117 2380 entuudaret,
1160 2327 1215 2373 et
1259 2319 1463 2376 idcirco
1505 2321 1683 2376 adhuc
1731 2323 1892 2392 impie

338 2417 526 2475 agunt,
560 2405 762 2461 idcirco
790 2406 968 2463 adhuc
999 2406 1225 2462 Domino
1258 2424 1378 2465 meo
1403 2408 1530 2466 Iesu
1558 2410 1777 2469 Christo
1807 2430 1892 2468 re-

338 2504 596 2564 pugnant,
654 2498 831 2552 adhuc
876 2499 925 2552 ei
982 2499 1306 2553 maledicunt
1358 2502 1653 2559 immundis
1708 2505 1887 2561 labiis.

338 2581 450 2651 Ego
484 2596 659 2639 autem
693 2602 902 2656 precor,
951 2601 1009 2643 ut
1054 2590 1275 2645 veniens
1321 2596 1588 2664 seraphin)
1638 2597 1892 2651 cmundet

339 2677 475 2730 inhio
513 2696 649 2732 mea.

504 2769 566 2820 1ιί
600 2787 764 2838 regem
806 2771 1083 2826 Domitium
1112 2770 1340 2829 Sabaoth
1386 2775 1494 2830 vidi
1540 2778 1703 2830 oculis
1738 2779 1886 2833 meis.

334 2856 446 2912 Cur
475 2877 577 2912 non
606 2861 849 2915 dicamus
873 2863 924 2915 in
951 2866 1197 2932 praesenti
1230 2865 1567 2919 traditionem
1594 2869 1883 2937 quamdam

335 2945 641 3001 Judmorum
676 2951 1022 3006 verisimilem
1054 2954 1291 3023 quidem,
1325 2973 1423 3013 nec
1466 2967 1646 3013 tamen
1683 2976 1888 3025 veram,

1993 2148 2069 2200 dit
2125 2163 2222 2202 cur
2273 2156 2453 2218 petere
2507 2144 2759 2200 noluerit.
2817 2142 2905 2195 Ait
2961 2142 3157 2213 quippe
3206 2144 3366 2214 (cap.
3429 2156 3545 2207 vn,

1992 2257 2134 2295 vers.
2172 2242 2257 2310 1?.)
2281 2259 2294 2295 :
2326 2239 2444 2294 Non
2469 2246 2663 2309 petam,
2687 2247 2735 2289 et
2761 2252 2863 2288 non
2893 2235 3098 2288 tentabo
3131 2234 3428 2290 Dominum.
3455 2233 3548 2290 Est

1992 2339 2169 2385 tamen
2200 2345 2360 2400 super
2380 2330 2480 2384 hoc
2504 2330 2667 2384 verbo
2695 2328 2962 2395 eulpatus,
3008 2336 3063 2380 et
3101 2326 3299 2382 dicitur
3323 2326 3389 2379 ad
3415 2343 3538 2381 eum

1996 2426 2158 2486 (vers.
2180 2417 2263 2488 l3)
2290 2438 2304 2473 :
2336 2420 2525 2473 Audite
2554 2433 2708 2482 nunc,
2739 2419 2925 2471 domus
2940 2416 3133 2470 David.
3166 2414 3417 2487 Nunquid
3435 2433 3545 2469 mo-

1994 2511 2168 2563 dicum
2186 2509 2324 2563 vobis
2349 2525 2599 2578 pra’scare
2618 2518 2875 2561 certamen
2893 2506 3204 2572 hominibus,
3220 2519 3268 2561 et
3289 2507 3544 2577 quomodo

1998 2600 2216 2653 Domino
2244 2599 2509 2669 priestatis
2539 2599 2839 2651 certamen?
2870 2595 3282 2651 Deindcdicitur
3313 2597 3424 2650 hmc
3460 2612 3544 2649 rc-

1990 2691 2280 2760 promissio
2314 2691 2483 2759 (vers.
2514 2689 2600 2759 14)
2640 2707 2653 2742 :
2683 2687 2809 2741 ideo
2852 2689 3101 2744 Domitius
3145 2690 3251 2754 ipse
3279 2689 3423 2742 dabit
3456 2704 3544 2743 νο-

1992 2783 2068 2834 bis
2097 2782 2323 2852 signum.
2366 2780 2495 2833 Erce
2536 2781 2677 2849 virgo
2708 2782 2761 2833 in
2800 2792 2947 2835 utero
2993 2782 3233 2850 accipiet,
3277 2790 3326 2834 et
3373 2779 3543 2850 pariet

1990 2870 2182 2939 lilium,
2213 2881 2261 2923 et
2301 2870 2505 2923 vocabis
2548 2885 2730 2921 nomen
2771 2867 2883 2932 eius
2924 2866 3256 2920 Emmanuel.
3293 2863 3415 2920 Haec
3450 2880 3544 2919 ex.

1991 2967 2279 3028 ponantur,
2314 2970 2366 3014 et
2413 2961 2478 3014 de
2526 2959 2747 3029 reliquis
2791 2957 3116 3023 videbimus,
3161 2958 3458 3027 indigentes
3490 2966 3545 3012 et

333 3049 389 3093 et
430 3042 753 3097 solutionem
804 3044 922 3115 ejus
951 3055 1115 3115 quare
1160 3064 1265 3101 non
1319 3050 1955 3113 inveniamus?AiuutC
1991 3055 2042 3105 in
2092 3053 2197 3115 illis
2248 3051 2416 3117 gratia
2473 3050 2564 3103 Dei
2618 3060 2674 3103 ut
2732 3047 3166 3104 manifestentur.
3214 3042 3439 3102 Jubetur
3485 3058 3545 3103 ut

335 3133 458 3187 ideo
502 3129 695 3188 Isaiam
745 3149 864 3192 esse
917 3148 1124 3191 sectum
1177 3142 1478 3215 a_populo,
1508 3143 1661 3212 quasi
1710 3144 1878 3215 legent

331 3226 792 3292 praevaricantem,
826 3235 877 3281 ct
904 3237 1051 3281 extra
1099 3211 1405 3299 Scripturas
1451 3211 1883 3290 ειιιιιιιιιιίειιιίοιιι.

333 3315 615 3385 Scriptura
646 3317 787 3370 enim
818 3317 947 3372 dicit
982 3337 994 3371 :
1044 3317 1209 3373 Nemo
1251 3323 1439 3376 ridebit
1479 3324 1667 3392 faciem
1698 3341 1885 3390 meam,

328 3417 382 3460 es
408 3413 539 3464 viret
564 3411 629 3461 υ.
663 3409 765 3464 Iste
809 3426 932 3464 vero
973 3411 1048 3464 ait
1081 3431 1094 3465 :
1154 3410 1273 3465 Vidi
1310 3413 1586 3468 Dominum
1632 3414 1882 3471 Sabaoth.

327 3496 565 3570 Moyses,
615 3502 786 3565 aiunt,
840 3516 944 3555 non
989 3502 1137 3565 vidit,
1166 3512 1218 3555 ct
1252 3510 1304 3557 tu
1350 3504 1550 3560 vidisti.
1583 3506 1645 3560 Et
1674 3517 1888 3576 prepter

330 3593 438 3643 hoc
461 3606 583 3643 eum
618 3602 929 3656 secuerunt,
960 3603 1013 3647 et
1041 3594 1535 3650 condemnaverunt
1560 3612 1682 3650 eum
1713 3608 1771 3651 ut
1794 3599 1888 3651 im-

326 3682 506 3751 pium.
534 3678 650 3735 Non
683 3684 824 3736 enim
855 3685 1099 3739 sciebant
1132 3688 1256 3755 quia
1291 3687 1503 3744 duabus
1539 3688 1640 3744 alis
1674 3689 1885 3744 velave-

323 3783 461 3830 runt
507 3772 699 3827 faciem
735 3772 826 3827 Dei
861 3775 1150 3844 seraphim.
1198 3776 1317 3830 Vidi
1349 3777 1647 3841 Dominum,
1682 3781 1771 3833 sed
1807 3780 1886 3833 la-

319 3863 469 3918 ciem
502 3877 609 3921 non
636 3862 770 3917 vidit
802 3862 987 3930 Isaias,
1021 3882 1117 3920 nec
1154 3866 1362 3937 Moyses
1392 3868 1541 3922 vidit.
1577 3867 1882 3922 Posteriora

319 3952 486 4015 vidit,
518 3961 577 4006 ut
615 3952 877 4021 scriptum
912 3962 1014 4017 est,
1049 3953 1281 4025 Moyses.
1338 3956 1715 4009 Verumtamen
1754 3958 1885 4011 vidit

320 4043 645 4102 hominum.
688 4044 788 4097 etsi
824 4044 1013 4098 faciem
1050 4045 1168 4112 ejus
1200 4060 1305 4097 non
1351 4047 1497 4099 vidit.
1530 4044 1593 4099 Et
1629 4049 1716 4102 hic
1758 4063 1885 4118 ergo

315 4134 485 4197 vidit,
524 4133 645 4188 licet
678 4131 867 4188 faciem
898 4149 1001 4187 non
1027 4133 1239 4188 viderit.
1278 4134 1413 4190 Male
1476 4135 1641 4208 igitur
1689 4142 1886 4194 conde-

316 4221 1005 4292 mnoveruntprophetam.
1031 4223 1192 4288 (vers.
1218 4224 1267 4288 5,
1295 4225 1349 4296 6)
1391 4224 1455 4279 Et
1502 4241 1668 4295 regem
1700 4226 1883 4280 Domi-

312 4329 455 4364 num
490 4311 724 4365 Sabaoth
765 4313 869 4365 vidi
908 4313 1073 4366 oculis
1111 4315 1259 4377 meis,
1287 4328 1335 4367 et
1376 4317 1565 4369 missus
1594 4325 1669 4371 est
1707 4318 1773 4371 ad
1804 4334 1882 4373 mc

1991 3153 2131 3210 petat
2178 3142 2411 3211 signum,
2442 3154 2546 3194 non
2574 3141 2913 3209 simpliciter,
2942 3140 3035 3194 sed
3064 3139 3164 3194 sibi
3200 3139 3322 3209 ipsi.
3353 3136 3543 3193 Sermo

1991 3232 2189 3301 quippe
2232 3231 2306 3283 ait
2345 3230 2508 3300 (vers.
2553 3229 2640 3298 il)
2670 3247 2682 3284 :
2713 3228 2965 3283 Pele'tibi
2995 3222 3202 3300 sigrium
3242 3228 3542 3283 a'Domino

1993 3323 2096 3375 Ι)εο
2126 3333 2215 3375 tuo
2246 3322 2299 3375 in
2342 3321 2661 3390 profundum
2689 3329 2782 3375 aut
2811 3324 2864 3375 in
2892 3322 3171 3376 excelsum.
3197 3319 3538 3389 Pmpositum

1987 3424 2068 3468 est
2096 3414 2321 3495 signum
2372 3411 2635 3467 Dominus
2696 3428 2851 3467 meus
2902 3412 3064 3467 Jesus
3112 3412 3384 3467 Christus.
3427 3410 3543 3466 Hoc

1986 3506 2129 3561 enim
2173 3514 2257 3558 est
2303 3506 2513 3571 signum
2570 3503 2716 3573 quod
2757 3502 2981 3574 jubetur
3005 3513 3062 3558 ut
3092 3504 3192 3558 sibi
3223 3505 3456 3574 postulet
3486 3506 3538 3559 in

1987 3593 2311 3664 profundum
2339 3602 2431 3646 aut
2461 3593 2513 3645 in
2540 3592 2837 3647 excelsum.
2864 3590 2920 3645 In
2948 3590 3274 3661 profundum
3298 3592 3538 3660 quidem,

1984 3683 2109 3753 quia
2159 3682 2253 3752 qui
2305 3681 2602 3747 descendit,
2648 3683 2761 3753 ipse
2809 3690 2912 3735 est.
2965 3680 3022 3733 in
3071 3680 3340 3735 excelsum
3390 3696 3537 3745 vero,

1985 3774 2109 3841 quia
2163 3771 2253 3841 qui
2311 3770 2556 3823 ascendit
2608 3786 2769 3840 super
2825 3782 3017 3824 omnes
3055 3769 3243 3834 cwlos,
3272 3767 3385 3838 ipse
3435 3779 3535 3824 est.

1985 3864 2111 3917 Mihi
2149 3874 2328 3918 autem
2364 3863 2465 3917 hoc
2488 3863 2698 3932 signum
2731 3862 3067 3931 propositum
3094 3859 3354 3915 Dominus
3378 3875 3533 3915 meus

1983 3954 2142 4008 .lcsus
2175 3954 2426 4008 Christus
2465 3952 2517 4005 in
2551 3950 2877 4021 profundum
2905 3950 3039 4005 etin
3072 3949 3367 4015 excelsum,
3404 3950 3538 4003 nihil

1986 4044 2223 4110 prodest,
2259 4041 2303 4096 si
2338 4059 2443 4095 non
2479 4042 2612 4096 mihi
2659 4042 2749 4095 liat
2795 4042 3112 4111 mysterium
3154 4039 3221 4093 de
3268 4039 3537 4109 profundo

1980 4144 2033 4187 et
2059 4134 2269 4187 excelso
2299 4134 2436 4201 ejus.
2472 4132 2606 4186 Cum
2635 4132 2778 4185 enim
2806 4147 2905 4201 ego
2938 4148 3191 4202 recepero
3221 4133 3535 4203 mysterium

1982 4226 2046 4278 de.
2075 4225 2294 4280 Christo
2318 4221 2467 4288 Jesu,
2499 4224 2564 4277 de
2596 4223 2861 4292 profundo
2883 4232 2937 4276 et
2967 4224 3202 4285 excelso,
3231 4232 3360 4278 tunc
3390 4224 3535 4277 arei-

1983 4319 2123 4384 piam
2147 4317 2357 4386 signum
2387 4316 2683 4369 secundum
2708 4326 3034 4383 praeceptum
3062 4313 3297 4378 Domini,
3323 4324 3377 4368 et
3398 4315 3537 4370 dico-

309 4415 465 4454 smus
495 4402 560 4454 de
584 4402 861 4470 seraphim.
890 4400 1007 4456 Non
1048 4412 1131 4459 est
1168 4421 1305 4460 unus
1356 4406 1466 4475 (86)
1519 4406 1729 4462 Domini
1776 4410 1878 4462 mei
1914 4380 1958 4435 θ
1984 4380 2069 4461 tur
2093 4380 2222 4461 mihi
2255 4406 2408 4475 quasi
2437 4404 2654 4459 babenti
2688 4380 2741 4458 in
2770 4380 3090 4473 memetipso
3120 4405 3449 4474 profundum
3482 4412 3536 4459 et

302 4489 456 4545 Jcsu
498 4489 701 4545 Christi
744 4492 1011 4569 adventus
1047 4510 1154 4561 quo
1185 4495 1461 4551 descendit
1498 4497 1561 4550 ad
1592 4506 1761 4554 terras
1788 4517 1802 4553 :
1829 4510 1881 4553 et

300 4583 383 4638 ad
416 4581 610 4636 Isaiam
638 4583 802 4647 venit,
828 4592 881 4637 et
901 4583 965 4638 ad
994 4582 1211 4655 Moysen
1242 4586 1407 4650 venit,
1436 4599 1490 4641 et
1519 4591 1584 4643 ad
1618 4592 1877 4659 populum

295 4672 496 4735 venit,
537 4682 590 4727 et
634 4673 703 4728 ad
758 4689 1199 4744 unumquemque
1251 4678 1635 4746 prophetarum
1693 4680 1873 4745 venit;

297 4778 504 4834 neque
533 4775 586 4820 tu
618 4766 851 4820 timeas:
879 4766 1041 4820 etiam
1076 4767 1120 4821 si
1152 4766 1261 4835 jam
1310 4770 1448 4824 caelo
1497 4774 1746 4838 receptus
1775 4782 1876 4837 est,

294 4856 524 4908 iterum
550 4859 747 4911 veniet.
774 4858 909 4923 Quia
950 4867 1129 4912 autem
1163 4870 1213 4913 et
1252 4871 1375 4914 ante
1400 4862 1736 4930 praesentiam
1765 4879 1883 4916 car-

292 4948 505 5002 nalem
542 4947 606 5001 ad
662 4949 909 5007 homines
947 4954 1174 5016 venerit,
1222 4953 1397 5021 ipsum
1453 4958 1633 5026 accipe
1688 4967 1878 5010 testem

289 5038 731 5094 denuntiantem
760 5052 921 5111 atque
951 5044 1214 5098 dicentem
1247 5065 1259 5097 :
1300 5044 1649 5111 Hierusalem,
1685 5047 1880 5100 Ilioru-

288 5128 511 5192 sulcm,
562 5143 678 5197 qua:
725 5132 918 5184 occidis
950 5133 1271 5211 prop/tetas,
1316 5146 1363 5188 et
1407 5135 1612 5203 lepidus
1661 5152 1744 5186 eos
1790 5137 1878 5204 qui

284 5220 475 5271 missi
495 5228 613 5271 sunt
647 5222 715 5272 ad
750 5233 813 5281 te.
846 5227 1043 5292 quoties
1068 5226 1205 5277 votui
1236 5226 1477 5293 colligere
1502 5226 1640 5294 ﬁlios
1672 5236 1787 5278 tuos
1811 5228 1874 5281 δ’.
1911 5256 1953 5285 χ

285 5307 552 5370 Quoties
583 5311 747 5364 volui.
785 5311 897 5366 Non
926 5316 1074 5379 dicit,
1111 5332 1216 5368 non
1261 5316 1366 5367 vidi
1412 5326 1462 5368 te
1505 5316 1606 5369 nisi
1651 5316 1754 5369 isto
1781 5317 1875 5368 {lai-

284 5408 491 5451 taiztu
539 5415 553 5451 :
603 5399 697 5452 sed
735 5402 896 5467 dicit,
944 5407 1154 5471 quoties
1199 5406 1361 5457 volui.
1399 5404 1462 5457 Et
1508 5419 1601 5473 per
1638 5405 1879 5475 singulos

292 5512 421 5633 ’-δ’
470 5507 642 5564 Exod.
676 5526 867 5576 xutu,
899 5512 988 5565 2t).
1066 5516 1107 5544 ι’
1139 5514 1321 5569 Matth.
1360 5530 1511 5578 uin,
1543 5512 1627 5566 57.

338 5598 357 5631 Ι

338 5598 357 5631 l

1737 5512 1780 5541 ⁵³
1821 5511 2008 5565 Matth.
2043 5525 2230 5572 uvtal,
2263 5507 2350 5561 20.

1981 4497 2250 4551 eveclsum
2285 4515 2297 4549 :
2338 4493 2515 4563 Neque
2541 4493 2738 4546 dixeris
2767 4494 2823 4547 in
2846 4494 3002 4547 corde
3025 4504 3154 4548 tuo:
3191 4493 3321 4559 Quis
3351 4511 3533 4549 ascen-

1980 4588 2056 4639 dit
2087 4589 2139 4639 in
2169 4585 2393 4638 uelum?
2436 4582 2550 4634 lloc
2576 4592 2651 4635 est
2683 4582 2953 4637 Christum
2982 4584 3252 4637 deducere.
3284 4586 3389 4638 Aut
3417 4596 3532 4655 quis

1979 4678 2240 4730 dcxc‘ettdt'l
2282 4680 2330 4728 in
2360 4677 2644 4747 abyssum?
2680 4675 2790 4729 Hoc
2814 4686 2890 4730 est
2918 4676 3190 4730 Christum
3225 4690 3290 4729 ex
3314 4679 3534 4731 mortuis

1982 4769 2221 4820 reducere
2274 4766 2439 4819 Juxta
2479 4777 2553 4820 est
2583 4768 2790 4821 verbum
2837 4777 2987 4820 tuum
3035 4768 3323 4822 vehemens
3361 4768 3415 4820 in
3445 4784 3532 4821 ore

1984 4869 2098 4921 tuo,
2130 4869 2177 4910 ct
2202 4859 2252 4910 in
2284 4858 2435 4911 corde
2459 4869 2545 4910 tuo
2576 4858 2639 4911 “.
2666 4855 2980 4925 Prmcipitur
3008 4870 3136 4926 ergo
3165 4857 3322 4913 nobis
3352 4860 3531 4910 omni-

1984 4945 2105 5007 bus,
2142 4953 2199 4998 ut
2241 4955 2485 5013 petamus
2517 4945 2671 4998 nobis
2701 4946 2801 4998 hoc
2845 4944 3082 5013 signum,
3115 4952 3173 4998 ut
3220 4946 3376 5000 nobis
3405 4948 3534 5000 utile

1982 5033 2075 5089 ﬁat
2123 5035 2335 5103 signum
2367 5034 2508 5103 quod
2536 5034 2627 5087 dat
2663 5033 2919 5087 Dominus
2948 5032 3088 5090 Deus
3117 5035 3169 5089 in
3204 5035 3531 5104 profundum

1984 5135 2037 5177 et
2069 5128 2120 5180 in
2163 5126 2456 5180 excelsum.
2486 5124 2541 5177 Si
2576 5126 2696 5194 quis
2729 5134 2907 5179 autem
2942 5135 3025 5180 est
3054 5127 3146 5195 qui
3181 5127 3336 5190 sciat,
3367 5137 3421 5182 et
3448 5143 3535 5180 ra-

1986 5217 2227 5270 tionabili
2294 5216 2741 5284 contemplatione
2785 5227 3075 5286 cognoscat
3117 5218 3217 5273 hoc
3265 5217 3406 5287 quod
3451 5216 3533 5269 di-

1984 5320 2127 5362 ctum
2159 5318 2263 5372 est,
2297 5309 2359 5360 in.
2388 5308 2702 5376 profundum
2732 5323 2777 5362 et
2808 5311 2858 5362 in
2888 5311 3167 5373 ercclsum,
3196 5325 3302 5364 non
3332 5308 3534 5376 disjuu-

1984 5408 2120 5454 etive
2149 5415 2268 5453 esse.
2290 5400 2514 5464 dictum,
2547 5402 2810 5469 signiﬁcat
2832 5404 2977 5455 enim
3018 5404 3117 5457 Ite.
3151 5403 3290 5468 quod
3326 5411 3533 5454 υιηιιιιο

2456 5508 2497 5538 Vt
2527 5508 2710 5561 Matth.
2753 5528 2906 5572 xvm,
2942 5512 3023 5564 19.
3126 5513 3167 5541 ⁸³
3204 5508 3357 5563 llutn.
3388 5524 3442 5570 ι,
3473 5505 3529 5572 6,

371 5668 515 5731 (Si?!
560 5667 671 5721 Non
716 5681 789 5722 cst
822 5688 951 5723 unus
987 5673 1191 5725 Domini
1234 5676 1329 5727 mei
1372 5672 1494 5726 Iesu
1536 5673 1734 5725 Christi
1778 5670 2050 5733 adcentus,
2081 5681 2182 5722 rte.
2210 5668 2340 5721 Vide
2367 5670 2817 5737 lib.tt0;i.’,eniau
2851 5712 2864 5737 ,
2891 5681 3080 5739 qumst.
3107 5671 3159 5729 ὅ,
3182 5687 3328 5724 imm.
3350 5674 3404 5724 ἰ.
