3966 6176
392 275 498 340 943

1552 267 1612 327 S.
1643 268 1955 328 EUSEBII
1990 260 2279 330 HIERON
2294 270 2419 328 YMI

3488 272 3602 339 9M

393 421 498 471 que
534 405 719 474 possit.
754 404 877 459 Pete
906 408 1001 462 tibi
1036 410 1236 478 signum
1281 425 1312 463 ι
1358 408 1577 460 Domino
1626 408 1679 460 in
1717 403 1940 475 profun-
1971 407 2017 461 Α
2047 400 2273 467 st'onis;
2310 416 2402 454 aut
2432 410 2577 455 certe
2607 414 2820 478 rursum
2853 402 3025 469 gratia
3055 400 3145 455 Dei
3171 417 3266 471 per
3295 418 3455 473 quem
3482 406 3597 460 vult

392 497 516 548 dum
550 504 599 548 et
637 496 691 548 in
727 496 1004 552 excelsum.
1035 498 1099 554 Et
1131 501 1184 553 in
1211 499 1569 568 promissione
1593 507 1768 550 autem
1804 493 1941 547 dixit

392 585 676 650 Apostolus
716 605 726 638 :
775 587 846 662 lit
889 573 1273 657 cognoscamus
1329 586 1454 656 quid
1506 586 1572 638 sit
1628 585 1944 655 profundum

390 686 436 724 ct
488 677 740 730 excelsum
763 717 775 741 ,
826 689 879 732 et
916 678 1214 748 longitudo,
1260 686 1310 731 et
1354 677 1579 733 latitudo
1616 677 1681 730 ⁸⁵⁸⁸.
1716 677 1781 730 Et
1813 677 1946 730 dixit

394 765 559 817 {tr/ms
582 783 601 819 :
623 767 737 820 Non
762 779 951 826 petam.
977 768 1290 823 lneredulus
1311 768 1427 821 fuit.
1449 768 1587 821 Dixit
1613 767 1754 820 enim
1780 784 1793 819 :
1819 765 1948 821 Pete

309 905 312 908 ,
396 849 486 900 tibi
524 849 644 916 ipsi.
687 849 922 918 Populus
949 861 1127 905 autem
1174 866 1346 921 usque
1374 852 1532 906 hodie
1567 867 1674 906 non
1709 854 1838 921 petit
1866 853 1941 907 si-

396 954 579 1006 gntum,
599 948 875 1008 propterea
891 956 996 995 non
1011 941 1169 996 habet
1209 941 1382 1008 illum,
1411 952 1465 996 et
1483 943 1680 1012 praebet
1712 941 1941 997 Domino

398 1037 665 1081 certamen
702 1029 1044 1102 populus‘qui
1082 1045 1190 1083 non
1220 1030 1407 1099 recipit
1436 1029 1722 1084 Dominum
1760 1047 1937 1087 meum

394 1114 574 1170 Jesttm
603 1106 898 1171 Christum.
930 1117 1131 1174 Deinde
1163 1120 1264 1174 alia
1291 1121 1534 1189 sequitur
1554 1124 1797 1190 quwstio.
1833 1123 1940 1178 lsto

393 1206 535 1279 enim
565 1204 775 1281 dicente
810 1221 823 1256 :
855 1203 975 1257 Non
1008 1215 1200 1274 petam,
1224 1223 1381 1276 neque
1405 1210 1609 1261 tentabo
1638 1208 1936 1274 Dominum;

389 1288 605 1364 1.108
630 1304 683 1348 ct
707 1295 1013 1349 aestimante
1039 1297 1395 1349 testationem
1424 1311 1545 1351 esse
1570 1297 1613 1349 si
1645 1307 1853 1365 peteret
1884 1301 1961 1356 si-

385 1403 575 1454 gnum,
605 1385 683 1439 ait
713 1402 726 1437 :
758 1385 949 1437 Audite
975 1400 1134 1450 nunc,
1157 1385 1338 1438 domus
1364 1384 1552 1438 Dauid.
1586 1370 1745 1455 Nan]
1790 1391 1841 1441 .d
1872 1400 1962 1445 va.

386 1480 460 1531 bis
485 1478 600 1529 mod
608 1478 745 1529 icnrn
770 1485 844 1528 est
872 1485 1121 1545 prrrstare
1146 1488 1403 1532 certamen
1430 1478 1744 1546 hominibus,
1763 1493 1809 1535 ct
1833 1499 1959 1552 quo-

388 1566 541 1620 modo
561 1566 785 1621 Douiino
801 1566 1068 1628 praestatis
1081 1566 1380 1620 certamen?
1400 1565 1513 1622 Non
1543 1580 1756 1637 przestat
1779 1582 1959 1628 autem

388 1656 659 1699 certamen
697 1646 920 1701 Domino
940 1690 955 1714 ,
1004 1664 1176 1719 neque
1203 1651 1514 1710 hominibus
1542 1669 1661 1710 eum
1701 1658 1934 1713 arbitror

2043 489 2307 543 illuminet
2339 506 2457 554 nos,
2486 499 2543 543 ut
2568 476 2841 542 nonultra
2874 503 3208 557 quzer‘amns,
3243 493 3333 549 sed
3366 495 3595 561 quaestio

2043 586 2227 631 nostra
2259 578 2517 634 solvatur.
2576 575 2631 628 Si
2662 585 2839 629 autem
2878 580 3077 629 temere
3100 575 3166 628 ad
3195 590 3299 629 non
3326 568 3591 631 intellecta

2039 669 2468 737 prorumpimus,
2496 682 2596 721 nos
2622 667 2766 736 ipsos
2797 662 3160 720 eausabimur.
3206 663 3334 731 Quae
3364 676 3594 738 estergo

2041 757 2236 812 domus
2262 757 2466 811 David?
2506 756 2562 811 Si
2607 755 2769 811 David
2799 755 3048 810 Christus
3074 764 3177 820 cst,
3205 766 3262 809 ut
3286 756 3593 826 freqttentcr

2040 847 2298 915 probavi,
2333 847 2527 900 domus
2558 844 2721 898 David
2763 859 2861 898 nos
2890 858 3080 898 sumus
3109 840 3345 899 Ecclesia
3378 845 3503 912 Dei;
3539 852 3591 899 et

2039 936 2235 991 dicitur
2261 935 2415 989 nobis
2443 934 2533 1004 qui
2563 933 2795 988 Ecclesia
2827 948 3034 992 sumus.
3061 943 3246 988 utnon
3276 942 3590 1003 praestemus

2038 1034 2308 1081 certamen
2348 1024 2457 1079 Deo
2487 1039 2645 1092 supra
2675 1023 2874 1078 dictum
2894 1064 2909 1088 ,
2940 1023 3031 1078 sed
3055 1023 3217 1077 dante
3245 1022 3470 1079 Domino
3505 1025 3585 1079 si-

2039 1130 2201 1184 gnum
2245 1114 2604 1183 suscipiamus
2633 1112 2784 1166 illud.
2848 1109 3036 1177 Nobis,
3074 1128 3178 1165 non
3205 1113 3384 1168 domui
3421 1114 3582 1168 David

2039 1203 2139 1257 ista
2169 1203 2441 1257 dicuntur.
2511 1201 2573 1255 Et
2604 1202 2969 1271 prophetatur,
2997 1201 3121 1270 quia
3153 1203 3198 1255 si
3230 1203 3351 1271 quis
3379 1215 3459 1257 est
3487 1205 3574 1256 do

2038 1305 2159 1343 mus
2188 1288 2374 1354 David,
2403 1290 2618 1344 vocabit
2653 1304 2845 1343 nomen
2871 1289 2992 1358 ejus
3023 1288 3356 1345 Emmanuel.
3402 1290 3459 1345 ln
3488 1294 3578 1346 ad-

2036 1387 2196 1434 ventu
2245 1380 2386 1435 enim
2414 1376 2614 1435 Christi
2656 1380 2769 1435 sola
2802 1379 3038 1434 Ecclesia
3069 1389 3253 1434 nostra
3279 1380 3345 1434 de
3368 1381 3583 1437 Christo

2034 1469 2166 1523 dicit
2194 1488 2206 1516 :
2242 1464 2529 1522 Nobiscum
2561 1469 2719 1523 Deus.
2786 1468 2880 1524 llis
2907 1484 2964 1523 ιιι
2991 1468 3136 1523 dedit
3159 1469 3327 1538 gratia
3360 1468 3451 1524 Dei
3484 1486 3579 1524 cx-

2036 1557 2287 1626 planatis,
2323 1559 2425 1611 alia
2456 1557 2568 1628 jam
2602 1574 2905 1627 qua-ramus
2932 1557 3232 1627 aenigmata.

2102 1646 2156 1701 2.
2198 1645 2349 1702 Vers.
2379 1650 2465 1703 15.
2527 1646 2785 1720 Butyrum
2820 1660 2866 1703 et
2900 1648 3001 1704 mel
3024 1651 3372 1704 manducabit.
3434 1652 3579 1718 Quo—

387 1742 641 1797 prrcstare
673 1742 945 1787 certamen
991 1736 1081 1804 qui
1128 1736 1256 1805 pcti't
1288 1739 1500 1813 signum
1528 1741 1579 1794 in
1604 1738 1926 1809 profundum
1963 1720 2005 1777 Β
2036 1741 2195 1793 tnddo
2234 1738 2482 1794 Christus
2517 1742 2863 1810 prophetatur
2903 1742 3152 1813 butyrum
3193 1750 3247 1796 et
3278 1744 3381 1797 mel
3428 1761 3573 1799 com-

365 1805 475 1874 ἰιιιι
512 1822 564 1875 in
597 1818 889 1900 excelsum.
927 1822 1207 1879 Ccrlamcn
1236 1810 1551 1896 quippc'llei
1580 1840 1682 1895 est,
1704 1846 1928 1900 quomo—

383 1912 450 1965 do
496 1913 663 1966 salvet
709 1896 1004 1967 hominem.
1057 1905 1173 1968 Non
1205 1928 1417 1985 praestat
1464 1920 1626 1989 igitur
1656 1930 1926 1978 certamen

385 2002 609 2056 Domino
632 2001 721 2070 Qui
748 2000 985 2085 confugit
1016 2007 1080 2058 ad
1114 2009 1357 2062 salutem.
1409 1997 1507 2075 Qui
1547 2027 1671 2065 vero
1702 2010 1929 2068 Domino

381 2097 617 2141 certante
653 2099 709 2142 ut
746 2089 914 2143 salvet
942 2090 1237 2157 hominem,
1285 2091 1419 2161 fugit
1449 2112 1478 2148 a
1510 2094 1697 2164 salute,
1730 2107 1780 2152 ct
1800 2114 1928 2168 pro.-

379 2178 466 2231 cui
492 2179 689 2234 recedit
737 2195 767 2233 a
816 2178 1077 2247 Domino,
1129 2195 1344 2252 prtrstat
1376 2172 1603 2245 Domino
1635 2199 1926 2245 certamen.

384 2269 507 2324 Ideo
549 2271 695 2324 dabit
740 2271 993 2325 Dominus
1033 2275 1140 2341 ipse
1183 2277 1322 2329 vobis
1349 2278 1571 2347 signum.
1632 2279 1765 2333 Ecce
1787 2280 1928 2351 uirgo

379 2362 430 2413 in
459 2371 604 2415 utero
631 2363 879 2427 accipiet,
918 2373 966 2416 et
994 2367 1160 2439 pariet
1187 2366 1355 2434 [ilium
1376 2409 1389 2433 ,
1434 2379 1481 2421 et
1514 2372 1715 2424 vocabis
1745 2388 1929 2426 nomen

376 2452 486 2518 ejus
548 2451 877 2509 Emmanuel.
958 2453 1169 2509 Veritas
1228 2459 1611 2526 exemplarium
1659 2461 1928 2529 propheta:

378 2542 537 2610 hujus
568 2543 716 2606 dicit,
766 2546 988 2600 vocabis.
1032 2542 1088 2599 ln
1124 2545 1370 2601 Matthaao
1417 2564 1577 2617 porro
1626 2550 1827 2605 scimus
1853 2552 1925 2606 le.-

375 2631 550 2685 ctitari
580 2650 592 2685 :
626 2629 696 2685 Et
728 2635 995 2688 r’ocabitur
1028 2637 1138 2706 (87)
1169 2654 1352 2691 nomen
1375 2639 1485 2707 ejus
1515 2638 1822 2694 Emmanuel
1856 2641 1923 2700 ⁸⁷,

373 2709 487 2773 Non
514 2722 804 2790 possumus
828 2724 1004 2779 dicere
1029 2764 1043 2787 ,
1075 2726 1199 2793 quia
1233 2728 1476 2797 oporteat
1513 2730 1690 2784 minus
1724 2732 1924 2801 aliquid

375 2809 553 2889 facere
596 2811 664 2866 de
709 2812 987 2881 propheta.
1065 2814 1348 2880 Quomodo
1406 2818 1532 2872 vero
1580 2818 1922 2889 Evange‘lium

359 2884 510 2955 hanc
541 2901 701 2955 habet
741 2900 1101 2972 scripturam?
1152 2892 1345 2960 Utrum
1380 2906 1447 2960 ab
1478 2907 1658 2976 aliquo
1692 2884 1798 2962 non
1843 2911 1921 2963 in-

372 2989 636 3059 telligente
656 3029 670 3053 ,
712 3001 763 3045 ct
792 2992 857 3045 ad
893 2992 1131 3047 faciliora
1166 3005 1446 3057 currente,
1492 2999 1760 3064 quomodo
1786 3009 1838 3053 et
1866 2999 1918 3053 in

370 3081 491 3135 aliis
523 3082 707 3136 multis
730 3082 928 3137 factum
961 3093 1076 3149 est;
1110 3102 1176 3139 an
1210 3086 1289 3140 sic
1318 3100 1348 3140 a
1376 3085 1657 3155 principio,
1691 3097 1744 3141 ut
1774 3089 1918 3142 dicat

372 3172 595 3224 forsitan
643 3170 840 3240 aliquis
884 3173 1083 3227 editum
1111 3188 1230 3228 esse
1272 3172 1646 3244 Evangelium;
1679 3177 1772 3245 qui
1804 3179 1917 3232 vult

370 3257 645 3316 deliberet.
687 3261 949 3332 Propheta
986 3264 1200 3332 quidem
1232 3264 1514 3320 manifeste
1541 3267 1714 3334 habet,
1742 3279 1792 3321 et
1826 3285 1914 3323 vo-

369 3352 511 3405 cabis
555 3355 738 3408 nomen
783 3354 893 3423 ejiis
947 3349 1276 3409 Emmanuel.
1335 3355 1467 3412 Novi
1521 3361 1806 3428 quemdam
1860 3363 1913 3415 in

364 3442 585 3494 exordio
632 3443 1021 3513 scripturarum
1070 3442 1345 3517 Evangelii
1387 3449 1644 3517 legentem
1676 3466 1689 3505 :
1723 3450 1790 3504 Et
1822 3470 1913 3507 vo-

363 3531 504 3583 cabis
527 3549 707 3589 nomen
736 3536 846 3598 eius
880 3535 1207 3600 Emmanuel,
1240 3538 1442 3592 dixisse
1466 3540 1601 3593 intra
1632 3542 1866 3609 scipsutn
1900 3564 1911 3597 :

1912 3608 1935 3633 Ω

361 3620 506 3687 Quid
548 3639 631 3679 est
654 3667 670 3692 ,
719 3628 970 3681 vocabis?
1007 3628 1139 3693 Quis
1168 3629 1415 3684 vocabit?
1448 3628 1646 3682 Achaz.
1688 3630 1751 3685 Et
1779 3620 1915 3699 quo-4

2035 1829 2289 1884 cstnrus?
2319 1830 2373 1884 Si
2399 1832 2500 1886 hoc
2527 1831 2687 1886 fuerit
2714 1848 2769 1885 οι
2784 1833 3008 1901 positum
3040 1831 3265 1889 Domino
3292 1835 3577 1897 tribuente,

2033 1934 2222 1974 rursus
2243 1935 2304 1974 ea
2329 1935 2448 1989 qua:
2474 1928 2792 1990 sequuntur,
2810 1922 2969 1976 aliam
2994 1922 3151 1977 nobis
3171 1924 3413 1994 ingerent
3440 1941 3579 1996 qna:-

2031 2013 2284 2065 Stionem.
2345 2004 2668 2080 Utinamque
2709 2026 2898 2067 omnes
2931 2011 3227 2066 faceremus
3256 2014 3386 2067 illud
3432 2016 3575 2084 quod

2029 2098 2284 2167 scriptum
2338 2107 2419 2152 est
2454 2115 2466 2150 :
2505 2095 2828 2151 Scrutantini
2868 2090 3168 2168 Scripturas
3200 2095 3261 2149 ⁸⁸.
3318 2098 3480 2154 Plura
3512 2115 3574 2154 ex

2027 2182 2399 2252 corporalibus
2442 2182 2577 2239 eibis
2621 2187 2895 2240 nominata
2925 2196 3051 2242 sunt
3079 2187 3130 2240 in
3159 2185 3449 2256 Scriptnris
3482 2206 3577 2259 pro

2027 2274 2165 2328 escis
2193 2274 2543 2342 spiritalibus.
2590 2273 2754 2340 Quasi
2785 2277 2935 2332 modo
2964 2278 3073 2330 nati
3106 2268 3313 2348 parvuli
3343 2282 3573 2336 rationa-

2028 2364 2127 2416 bile
2156 2374 2204 2417 et
2228 2365 2335 2417 sine
2365 2365 2483 2418 dolo
2511 2364 2593 2418 lac
2620 2360 2910 2421 desiderate
2942 2368 3005 2422 ".
3050 2368 3188 2440 Ergo
3219 2377 3300 2425 est
3328 2371 3447 2426 sine
3477 2372 3574 2425 du-

2027 2450 2117 2505 bio
2148 2452 2229 2505 lac
2260 2450 2604 2517 rationabile,
2637 2464 2685 2509 et
2721 2464 2928 2525 oportet
2974 2458 3128 2512 nobis
3155 2459 3461 2514 istiusmodi
3492 2461 3575 2516 lac.

2026 2556 2282 2611 quaerere.
2323 2540 2556 2597 Rursum
2595 2545 2648 2598 in
2671 2543 2975 2600 Proverbiis
3000 2548 3065 2603 de
3094 2549 3248 2605 melle
3274 2552 3531 2621 scriptum
3555 2572 3571 2609 :

2028 2629 2134 2685 Hel
2169 2632 2429 2686 inveniens
2466 2633 2671 2688 comede
2716 2637 2851 2705 quod
2878 2637 3094 2706 stt/ﬁcit,
3141 2655 3202 2692 ne
3228 2640 3366 2708 forte
3391 2643 3571 2710 plenus

2024 2738 2226 2776 evomas
2256 2723 2322 2778 '°.
2381 2721 2519 2778 Num
2547 2725 2752 2781 curavit
2786 2726 3017 2796 Spiritus
3066 2738 3287 2786 sanctus
3318 2732 3387 2786 de
3418 2734 3573 2789 melle

2024 2810 2128 2865 i510
2147 2811 2288 2880 quod
2315 2821 2501 2865 notum
2527 2822 2628 2873 est,
2650 2828 2716 2868 ne
2748 2815 2887 2868 forte
2907 2815 3026 2884 plus
3054 2818 3442 2875 comedamus?
3468 2820 3570 2876 Sed

2024 2901 2262 2956 sentiens
2294 2903 2478 2970 utique
2506 2903 2737 2971 Spiritus
2772 2914 2992 2960 sanctus
3036 2908 3137 2961 mel
3173 2909 3415 2977 spiritale
3446 2913 3521 2966 ait
3550 2930 3565 2965 :

2028 2990 2132 3044 Mel
2162 2994 2419 3045 inveniens
2451 2994 2654 3046 comede
2679 2993 2818 3061 quod
2838 2994 3041 3063 sufﬁcit.
3084 2996 3218 3062 Quid
3241 3007 3416 3053 autem
3446 3016 3570 3053 sen-

2025 3084 2162 3138 tiens
2197 3084 2430 3153 Spiritus
2457 3092 2675 3136 sanctus
2710 3084 2957 3155 praecepit
2986 3087 3161 3147 nobis.
3199 3098 3255 3141 ut
3279 3089 3323 3141 si
3360 3088 3567 3143 inveni-

2020 3189 2202 3231 remus
2230 3177 2333 3230 mel
2353 3217 2367 3241 ,
2402 3174 2689 3229 iuvenibile
2717 3186 2799 3231 cst
2824 3178 2868 3233 si
2899 3179 2990 3248 qui
3016 3183 3113 3233 lem
3146 3180 3247 3234 mel
3267 3223 3281 3242 .
3318 3184 3569 3235 comeda—

2016 3279 2141 3321 mus
2166 3266 2305 3336 quod
2339 3262 2576 3323 stillicit‘l
2606 3263 2766 3329 Vade,
2795 3268 2890 3332 ait,
2922 3269 2992 3322 ad
3018 3283 3185 3338 apem,
3208 3277 3256 3321 et
3278 3270 3416 3323 disce
3439 3286 3569 3340 quo-

1996 3359 2149 3409 modo
2180 3355 2444 3421 operatrix
2464 3365 2560 3408 est.
2590 3352 2803 3422 1110
2830 3353 2897 3408 Et
2921 3355 3277 3411 inveniuntur
3299 3364 3585 3427 propheta)

1995 3461 2124 3516 apes
2158 3461 2297 3500 esse.
2331 3440 2567 3515 Fingnnt
2602 3446 2868 3514 siquidem
2906 3461 3082 3507 ceras.
3114 3458 3167 3504 et
3206 3451 3362 3503 mella
3395 3453 3574 3507 conli—

1996 3540 2169 3601 ciunt,
2200 3548 2254 3592 et
2285 3538 2585 3593 siaudii-nti
2611 3539 2738 3592 mihi
2764 3541 2983 3608 expedit
3014 3542 3216 3605 dicere,
3256 3543 3360 3596 lavi
3381 3559 3573 3600 eorum

1997 3633 2282 3700 scripturae
2312 3638 2439 3684 sunt
2467 3643 2604 3698 quas
2632 3631 2995 3698 reliquerunt.
3034 3630 3097 3683 Et
3134 3632 3319 3688 volens
3350 3638 3471 3690 veni
3507 3639 3576 3691 ad

362 3715 523 3770 modo
548 3718 920 3786 potuitAchaz
938 3720 1005 3776 de
1023 3718 1942 3791 Salvatorequipostgenerationes
2019 3720 2363 3788 Stripturas,
2418 3732 2471 3777 et
2508 3722 2686 3777 inveni
2717 3724 2841 3777 mel.
2882 3714 2985 3776 Sed
3019 3722 3221 3775 comede
3256 3722 3374 3776 mel.
3412 3721 3480 3776 Et
3511 3725 3577 3784 in.

363 3804 566 3860 multas
606 3806 779 3873 venit,
811 3810 1003 3867 audire
1040 3827 1054 3864 :
1088 3809 1310 3864 Vocubis
1355 3828 1546 3866 nomen
1581 3813 1693 3883 ejus
1729 3812 1942 3866 Emma-
2014 3809 2320 3866 Proverbiis
2350 3828 2539 3867 rursus
2562 3814 2758 3869 dicitur
2785 3832 2796 3866 :
2826 3813 3004 3865 Bonus
3033 3822 3107 3865 est
3138 3813 3272 3864 enim
3301 3812 3476 3880 fatuis,
3507 3825 3565 3865 ut

360 3896 525 3959 nnel;
562 3908 725 3969 atque
760 3903 831 3954 ita
865 3916 963 3970 pro
982 3917 1050 3957 eo
1070 3905 1213 3971 quod
1243 3914 1349 3967 est,
1371 3906 1600 3966 rocabis,
1633 3906 1941 3974 scripsisse,
2012 3902 2346 3959 indulcentur
2378 3904 2552 3971 fauces
2580 3913 2684 3957 tua:
2706 3905 2772 3956 εί.
2822 3901 3057 3956 Putasne
3096 3900 3198 3955 hoc
3230 3901 3361 3955 dicit
3388 3902 3564 3971 Spiri-

359 3990 651 4046 vocabitur.
719 3979 934 4065 1109
968 3997 1072 4050 Sed
1112 3997 1236 4052 vide
1291 3999 1415 4066 quia
1453 4014 1562 4054 non
1620 4000 1802 4053 Acha;
1857 4001 1932 4056 di.
2014 4001 2100 4046 tus
2135 4001 2385 4057 sanctus,
2438 3993 2658 4047 comede
2690 3993 2796 4047 mel
2826 3992 2968 4061 quod
3002 3991 3056 4043 in
3082 4004 3181 4044 usu
3216 3998 3329 4054 est,
3360 3991 3562 4045 bonum

364 4083 502 4136 citur
532 4101 545 4136 :
589 4083 655 4137 Et
696 4085 894 4137 vocabis
936 4092 1116 4139 nomen
1145 4085 1255 4153 ejus
1290 4084 1638 4150 Emmanuel,
1672 4089 1763 4143 sed
1812 4090 1911 4144 do-

366 4175 475 4227 mui
525 4174 689 4229 David
732 4176 850 4230 vide
906 4172 1189 4232 manifeste
1228 4177 1429 4232 dictum
1468 4196 1480 4232 :
1521 4180 1710 4233 Audite
1751 4200 1908 4250 nunc,

361 4264 545 4317 domus
575 4266 742 4319 David
774 4282 791 4319 :
828 4266 1077 4338 Nunquid
1106 4261 1365 4321 modicum
1403 4266 1543 4323 vobis
1567 4281 1640 4324 est
1662 4284 1910 4340 praestare

361 4366 617 4410 certamen
645 4357 973 4423 nominibus,
1013 4369 1063 4414 et
1102 4367 1357 4430 quomodo
1387 4353 1608 4416 Domino
1644 4366 1907 4432 praestatis
1939 4378 1984 4434 ι)
2010 4362 2071 4409 ιιι
2102 4355 2168 4408 de
2206 4352 2363 4407 mene
2415 4351 2691 4406 comedere
2740 4366 2841 4405 “0"
2888 4353 3088 4419 9055"“
3134 4368 3148 4402 ³

361 4447 658 4500 certamen?
715 4447 840 4502 Ideo
886 4449 1033 4502 dabit
1069 4449 1322 4505 Dominus
1354 4452 1461 4521 ipse
1500 4453 1640 4506 vobis
1680 4455 1904 4523 signum.

364 4536 496 4589 Ecce
519 4539 658 4607 virgo
687 4539 741 4590 in
772 4548 916 4591 utero
950 4540 1219 4607 concipiet,
1252 4550 1299 4594 et
1330 4543 1497 4610 pariet
1522 4542 1712 4610 ﬁlium,
1742 4553 1790 4596 et
1822 4560 1909 4596 vo-

359 4630 501 4683 cabis
541 4646 725 4683 nomen
764 4630 874 4698 ejus
911 4627 1239 4684 Emmanuel.
1302 4630 1403 4685 Sed
1456 4616 1672 4700 quando
1724 4632 1907 4701 itaque

360 4734 464 4772 non
495 4717 842 4787 intelligimus
876 4717 977 4772 hoc
1009 4717 1153 4787 quod
1181 4718 1381 4772 dictum
1416 4730 1516 4783 est,
1551 4719 1683 4772 nihil
1727 4735 1790 4773 ex
1842 4736 1905 4774 eo

359 4809 536 4861 minus
569 4807 850 4874 faciamus,
893 4821 1066 4875 neque
1100 4806 1164 4860 ad
1194 4804 1435 4860 faciliora
1463 4821 1764 4870 curramus,
1808 4808 1898 4862 sed

357 4905 727 4965 exspectemus
775 4890 946 4950 donec
996 4894 1165 4964 gratia
1200 4893 1293 4947 Dei
1322 4891 1571 4961 subjiciat
1617 4894 1774 4947 nobis
1805 4909 1899 4962 per

359 4985 801 5040 illuminationem
855 4984 1091 5041 scicntia:
1139 4983 1567 5053 explanationem
1602 4982 1712 5052 (88)
1746 4998 1895 5051 qua:-

425 5098 469 5128 "
499 5094 691 5163 Ephes.
735 5112 817 5162 ιιι,
856 5096 940 5151 18.
1045 5096 1088 5129 ⁸⁷
1125 5095 1313 5150 Matth.
1354 5112 1393 5163 ι,
1422 5094 1512 5149 25.

359 5181 504 5231 xxiv,
530 5166 614 5219 l3.

425 5256 535 5325 (87)
578 5252 641 5308 In
670 5250 916 5325 blattth
945 5247 1570 5325 porroscimuslecjitari
1598 5262 1615 5299 :
1655 5244 1723 5297 Et
1744 5260 1893 5325 voca-

357 5315 646 5387 bitur,'etc.
688 5323 874 5377 Matth.
903 5315 954 5386 ιζ
983 5322 1073 5383 ‘25,
1100 5321 1293 5388 legitur
1318 5318 1370 5370 in
1400 5315 1600 5388 Graecis
1620 5315 1891 5383 exempla-

356 5384 510 5448 ribus
532 5397 611 5446 vel
637 5384 948 5462 καλέεσθαι.
965 5391 1043 5443 vel
1071 5384 1338 5462 ξριὶῖέσεις,
1368 5388 1450 5462 vel
1478 5384 1746 5462 ιςαλέοςετε,
1773 5398 1895 5462 trus-

354 5479 515 5528 quam
541 5478 670 5533 vero
691 5450 1034 5533 κληθήσελιαι.
1076 5458 1209 5533 illnc
1232 5455 1599 5533 suspicorhoe
1625 5453 1743 5533 loc_o
1772 5450 1893 5533 llic-

357 5520 638 5599 ronymum
660 5520 1001 5599 interpretem;
1017 5527 1266 5599 habuisse
1280 5520 1522 5576 vocabitis
1538 5537 1560 5599 ί
1579 5520 1733 5599 quod
1742 5529 1863 5589 post
1880 5547 1891 5551 ~

353 5615 413 5650 ea
445 5588 852 5653 miiaiiucrisiuin
894 5596 1175 5651 oscitantia
1228 5601 1489 5646 mutatum
1537 5588 1694 5645 fuerit.
1722 5588 1775 5641 in
1806 5605 1894 5640 vo-

1602 5094 1647 5126 ’⁵⁸
1683 5092 1851 5181 103ηό
1870 5110 1922 5156 v,
1954 5095 2039 5150 59.

2011 4084 2156 4138 enim
2193 4084 2311 4138 est?
2347 4083 2459 4153 Ego
2483 4100 2587 4139 non
2611 4084 2783 4139 audeo
2812 4085 2989 4137 dicere
3014 4081 3141 4150 quia
3167 4081 3232 4135 de
3257 4082 3412 4134 melle
3441 4097 3565 4135 cor-

2009 4192 2176 4246 poreo
2207 4175 2337 4228 mihi
2363 4174 2637 4243 praecipiat
2670 4172 2904 4243 Spiritus
2930 4182 3172 4237 sanctus,
3207 4168 3415 4224 comede
3442 4173 3557 4226 mel.

2011 4265 2147 4321 Ecce
2167 4279 2272 4317 non
2305 4263 2473 4316 habeo
2498 4303 2512 4326 ,
2543 4269 2634 4315 aut
2674 4272 2817 4316 certe
2844 4269 3047 4314 natm-ae
3076 4261 3383 4328 hujusmodi
3414 4276 3556 4319 sum.

3196 4365 3303 4418 qua
3355 4363 3560 4404 ratione

2009 4444 2140 4497 mihi
2184 4442 2343 4505 dicit,
2377 4443 2594 4496 comede
2625 4439 2765 4505 mel,
2792 4448 2843 4492 et.
2871 4439 2975 4492 noli
3025 4440 3308 4494 cemedere
3342 4457 3557 4505 cantes,

2008 4532 2100 4587 sed
2134 4532 2376 4596 comede,
2429 4530 2523 4593 lili,
2565 4529 2689 4594 mel,
2732 4529 2932 4582 bonum
2959 4530 3226 4583 esteniin.
3282 4529 3339 4583 Si
3376 4532 3558 4585 videas

2007 4640 2133 4694 apes
2177 4623 2499 4692 prophetas,
2551 4630 2603 4674 et
2645 4634 2780 4689 opus
2820 4635 3006 4675 eorum
3054 4621 3211 4675 mella
3263 4623 3344 4676 vel
3380 4623 3555 4688 favos,

2006 4724 2134 4768 tunc
2164 4712 2370 4767 videbis
2403 4710 2674 4781 quomodo
2701 4725 2799 4779 pro
2828 4711 3088 4779 dignitate
3116 4712 3287 4766 sancti
3319 4711 3557 4781 Spiritus

2006 4803 2292 4871 intelligas,
2324 4799 2529 4853 comede
2556 4798 2674 4862 mel,
2700 4800 2800 4866 ﬁli,
2829 4799 3017 4853 bonum
3039 4809 3114 4852 est
3142 4801 3296 4855 enim.
3344 4799 3404 4855 Si
3436 4803 3556 4871 quis

2004 4893 2292 4946 meditatur
2334 4890 2548 4958 eloquia
2591 4889 2803 4954 divina,
2849 4896 2904 4944 et
2942 4891 3178 4943 nutritur
3206 4893 3554 4946 sermonibus

2003 4981 2427 5052 Scripturarum,
2459 4979 2690 5049 complet
2714 4981 3023 5034 mandatum
3054 4980 3295 5034 divinum
3330 4982 3550 5049 jubens,

2144 5094 2189 5126 ’δ’
2226 5093 2419 5149 chtr.
2457 5109 2516 5159 ιι,
2555 5092 2609 5145 2.
2707 5093 2752 5125 ⁸ο
2779 5092 2938 5148 Prov.
2965 5108 3092 5159 xxv,
3117 5093 3201 5147 16.
3305 5094 3353 5126 ’ί
3389 5093 3546 5150 Prov.

2707 5093 2752 5125 ⁸ο
2779 5092 2938 5148 Prov.
2965 5108 3092 5161 xxv,
3117 5093 3201 5147 16.

1998 5244 2223 5305 cabitur.
2268 5248 2354 5304 Uti
2379 5249 2603 5317 Vulgata
2626 5250 2812 5319 Latina
2841 5250 3001 5305 habet
3019 5249 3171 5307 Isaia:
3196 5268 3294 5319 vn,
3320 5253 3406 5307 ll.
3432 5252 3551 5308 Car

2000 5329 2171 5389 terum
2214 5319 2366 5387 juxta
2398 5320 2593 5389 lingua:
2633 5318 2904 5389 llehraicm
2931 5318 3285 5387 idiotismum,
3311 5324 3427 5375 sive
3448 5339 3549 5374 κα-

1996 5385 2244 5459 λέσουσιζ
2295 5390 2409 5459 sive
2450 5385 2732 5452 κᾶλέσεις,
2776 5388 3014 5459 legatur,
3050 5385 3381 5459 perinde’cst
3410 5408 3472 5445 ac
3500 5393 3545 5445 si

1998 5455 2261 5527 legeretur
2279 5458 2622 5527 κληθήσεται.

2068 5524 2178 5595 (83)
2217 5524 2378 5592 Mss,
2403 5524 2869 5595 explanationem,
2895 5526 3046 5592 cdit.,
3078 5527 3535 5582 illuminationcm.
