  <div class='ocr_page' id='page_1' title='image "/cluster/home/n/w/nwhite01/storage/ocr_20150623/24/hvd.32044096580485/478.png"; bbox 0 0 3966 6176; ppageno 0'>
   <div class='ocr_carea' id='block_1_1' title="bbox 356 328 463 394">
    <p class='ocr_par' dir='ltr' id='par_1_1' title="bbox 356 328 463 394">
     <span class='ocr_line' id='line_1_1' title="bbox 356 328 463 394; baseline 0 -1"><span class='ocrx_word' id='word_1_1' title='bbox 356 328 463 394; x_wconf 68' lang='grc'><strong>915</strong></span> 
     </span>
    </p>
   </div>
   <div class='ocr_carea' id='block_1_2' title="bbox 787 318 1892 399">
    <p class='ocr_par' dir='ltr' id='par_1_2' title="bbox 787 318 1892 399">
     <span class='ocr_line' id='line_1_2' title="bbox 787 318 1892 399; baseline 0.001 -5"><span class='ocrx_word' id='word_1_2' title='bbox 787 318 1278 399; x_wconf 64' lang='grc' dir='ltr'><strong>τιιειΝςιΑΤιο</strong></span> <span class='ocrx_word' id='word_1_3' title='bbox 1315 331 1827 395; x_wconf 73' lang='lat' dir='ltr'><strong>BOMlLlARUM</strong></span> <span class='ocrx_word' id='word_1_4' title='bbox 1867 332 1892 394; x_wconf 79' lang='lat' dir='ltr'><strong>t</strong></span> 
     </span>
    </p>
   </div>
   <div class='ocr_carea' id='block_1_3' title="bbox 1993 318 3034 399">
    <p class='ocr_par' dir='ltr' id='par_1_3' title="bbox 1993 330 3034 398">
     <span class='ocr_line' id='line_1_3' title="bbox 1993 330 3034 398; baseline 0.003 -4"><span class='ocrx_word' id='word_1_5' title='bbox 1993 330 2243 394; x_wconf 77' lang='lat' dir='ltr'><strong>[GENIS</strong></span> <span class='ocrx_word' id='word_1_6' title='bbox 2281 332 2361 392; x_wconf 74' lang='grc' dir='ltr'><strong>ΙΝ</strong></span> <span class='ocrx_word' id='word_1_7' title='bbox 2404 333 2755 393; x_wconf 72' lang='lat' dir='ltr'><strong>VlSiOXES</strong></span> <span class='ocrx_word' id='word_1_8' title='bbox 2793 335 3034 398; x_wconf 69' lang='grc' dir='ltr'><strong>ΙΒΑΙᾹΞ.</strong></span> 
     </span>
    </p>
   </div>
   <div class='ocr_carea' id='block_1_4' title="bbox 1964 205 2246 228">
    <p class='ocr_par' dir='ltr' id='par_1_4' title="bbox 1964 205 2246 228">
     <span class='ocr_line' id='line_1_4' title="bbox 1964 205 2246 228; baseline 0.021 -4"><span class='ocrx_word' id='word_1_9' title='bbox 1964 216 2038 226; x_wconf 58' lang='grc' dir='ltr'><strong>...σας</strong></span> <span class='ocrx_word' id='word_1_10' title='bbox 2052 205 2220 228; x_wconf 49' lang='grc' dir='ltr'><strong>και-Ἀ</strong></span> <span class='ocrx_word' id='word_1_11' title='bbox 2235 218 2246 225; x_wconf 76' lang='grc'><strong><em>⁸</em></strong></span> 
     </span>
    </p>
   </div>
   <div class='ocr_carea' id='block_1_5' title="bbox 3453 335 3558 398">
    <p class='ocr_par' dir='ltr' id='par_1_5' title="bbox 3453 335 3558 398">
     <span class='ocr_line' id='line_1_5' title="bbox 3453 335 3558 398; baseline -0.01 0"><span class='ocrx_word' id='word_1_12' title='bbox 3453 335 3558 398; x_wconf 57' lang='lat'><strong>9&amp;6</strong></span> 
     </span>
    </p>
   </div>
   <div class='ocr_carea' id='block_1_6' title="bbox 357 450 3556 528">
    <p class='ocr_par' dir='ltr' id='par_1_6' title="bbox 357 450 3556 528">
     <span class='ocr_line' id='line_1_6' title="bbox 357 450 3556 528; baseline 0 -21"><span class='ocrx_word' id='word_1_13' title='bbox 357 454 562 508; x_wconf 72' lang='lat' dir='ltr'><strong>comede</strong></span> <span class='ocrx_word' id='word_1_14' title='bbox 588 451 709 519; x_wconf 79' lang='lat' dir='ltr'><strong>mel,</strong></span> <span class='ocrx_word' id='word_1_15' title='bbox 737 453 817 520; x_wconf 79' lang='lat' dir='ltr'><strong>[ili</strong></span> <span class='ocrx_word' id='word_1_16' title='bbox 834 468 856 521; x_wconf 85' lang='lat'><strong><em>;</em></strong></span> <span class='ocrx_word' id='word_1_17' title='bbox 882 465 935 507; x_wconf 88' lang='lat' dir='ltr'><strong>et</strong></span> <span class='ocrx_word' id='word_1_18' title='bbox 965 451 1166 509; x_wconf 84' lang='lat' dir='ltr'><strong>faciens</strong></span> <span class='ocrx_word' id='word_1_19' title='bbox 1181 452 1320 523; x_wconf 89' lang='lat' dir='ltr'><strong>quod</strong></span> <span class='ocrx_word' id='word_1_20' title='bbox 1343 452 1554 523; x_wconf 89' lang='lat' dir='ltr'><strong>jussum</strong></span> <span class='ocrx_word' id='word_1_21' title='bbox 1580 459 1684 528; x_wconf 78' lang='lat' dir='ltr'><strong>est,</strong></span> <span class='ocrx_word' id='word_1_22' title='bbox 1708 450 1908 519; x_wconf 91' lang='lat' dir='ltr'><strong>potitur</strong></span> <span class='ocrx_word' id='word_1_23' title='bbox 1936 454 1977 510; x_wconf 84' lang='grc' dir='ltr'>Α</span> <span class='ocrx_word' id='word_1_24' title='bbox 2009 450 2097 504; x_wconf 72' lang='lat' dir='ltr'><strong>tiae</strong></span> <span class='ocrx_word' id='word_1_25' title='bbox 2142 457 2196 504; x_wconf 91' lang='lat' dir='ltr'><strong>et</strong></span> <span class='ocrx_word' id='word_1_26' title='bbox 2246 450 2491 520; x_wconf 87' lang='lat' dir='ltr'><strong>pietatis,</strong></span> <span class='ocrx_word' id='word_1_27' title='bbox 2542 453 2765 520; x_wconf 79' lang='lat' dir='ltr'><strong>spiritus</strong></span> <span class='ocrx_word' id='word_1_28' title='bbox 2801 452 3013 506; x_wconf 87' lang='lat' dir='ltr'><strong>timoris</strong></span> <span class='ocrx_word' id='word_1_29' title='bbox 3043 452 3268 509; x_wconf 86' lang='lat' dir='ltr'><strong>Domini.</strong></span> <span class='ocrx_word' id='word_1_30' title='bbox 3329 455 3433 513; x_wconf 81' lang='lat' dir='ltr'><strong>Ista</strong></span> <span class='ocrx_word' id='word_1_31' title='bbox 3467 474 3556 514; x_wconf 70' lang='lat' dir='ltr'><strong>sa.</strong></span> 
     </span>
    </p>
   </div>
   <div class='ocr_carea' id='block_1_7' title="bbox 358 540 1907 617">
    <p class='ocr_par' dir='ltr' id='par_1_7' title="bbox 358 540 1907 617">
     <span class='ocr_line' id='line_1_7' title="bbox 358 540 1907 617; baseline -0.003 -18"><span class='ocrx_word' id='word_1_32' title='bbox 358 558 605 599; x_wconf 83' lang='lat' dir='ltr'><strong>sermone</strong></span> <span class='ocrx_word' id='word_1_33' title='bbox 626 542 719 616; x_wconf 86' lang='lat' dir='ltr'><strong>qui</strong></span> <span class='ocrx_word' id='word_1_34' title='bbox 749 544 1014 612; x_wconf 83' lang='lat' dir='ltr'><strong>sequitur,</strong></span> <span class='ocrx_word' id='word_1_35' title='bbox 1043 543 1230 596; x_wconf 85' lang='lat' dir='ltr'><strong>bonum</strong></span> <span class='ocrx_word' id='word_1_36' title='bbox 1255 552 1333 597; x_wconf 82' lang='lat' dir='ltr'><strong>est</strong></span> <span class='ocrx_word' id='word_1_37' title='bbox 1361 544 1517 597; x_wconf 86' lang='lat' dir='ltr'><strong>enim.</strong></span> <span class='ocrx_word' id='word_1_38' title='bbox 1547 540 1683 617; x_wconf 75' lang='lat' dir='ltr'><strong>Quia</strong></span> <span class='ocrx_word' id='word_1_39' title='bbox 1708 542 1907 600; x_wconf 81' lang='lat' dir='ltr'><strong>bonum</strong></span> 
     </span>
    </p>
   </div>
   <div class='ocr_carea' id='block_1_8' title="bbox 356 629 1905 701">
    <p class='ocr_par' dir='ltr' id='par_1_8' title="bbox 356 629 1905 701">
     <span class='ocr_line' id='line_1_8' title="bbox 356 629 1905 701; baseline -0.003 -13"><span class='ocrx_word' id='word_1_40' title='bbox 356 641 442 688; x_wconf 87' lang='lat' dir='ltr'><strong>est</strong></span> <span class='ocrx_word' id='word_1_41' title='bbox 482 632 585 687; x_wconf 89' lang='lat' dir='ltr'><strong>hoc</strong></span> <span class='ocrx_word' id='word_1_42' title='bbox 616 632 759 695; x_wconf 87' lang='lat' dir='ltr'><strong>mel,</strong></span> <span class='ocrx_word' id='word_1_43' title='bbox 795 632 938 701; x_wconf 90' lang='lat' dir='ltr'><strong>quod</strong></span> <span class='ocrx_word' id='word_1_44' title='bbox 972 631 1028 687; x_wconf 90' lang='lat' dir='ltr'><strong>in</strong></span> <span class='ocrx_word' id='word_1_45' title='bbox 1074 629 1366 700; x_wconf 89' lang='lat' dir='ltr'><strong>Scripturis</strong></span> <span class='ocrx_word' id='word_1_46' title='bbox 1410 631 1696 684; x_wconf 80' lang='lat' dir='ltr'><strong>invenitur.</strong></span> <span class='ocrx_word' id='word_1_47' title='bbox 1753 629 1905 701; x_wconf 82' lang='lat' dir='ltr'><strong>Quod</strong></span> 
     </span>
    </p>
   </div>
   <div class='ocr_carea' id='block_1_9' title="bbox 357 721 1908 792">
    <p class='ocr_par' dir='ltr' id='par_1_9' title="bbox 357 721 1908 792">
     <span class='ocr_line' id='line_1_9' title="bbox 357 721 1908 792; baseline -0.003 -13"><span class='ocrx_word' id='word_1_48' title='bbox 357 733 534 779; x_wconf 86' lang='lat' dir='ltr'><strong>autem</strong></span> <span class='ocrx_word' id='word_1_49' title='bbox 559 723 757 779; x_wconf 92' lang='lat' dir='ltr'><strong>dicitur</strong></span> <span class='ocrx_word' id='word_1_50' title='bbox 789 740 802 777; x_wconf 90' lang='lat'><strong>:</strong></span> <span class='ocrx_word' id='word_1_51' title='bbox 849 722 991 776; x_wconf 83' lang='lat' dir='ltr'><strong><em>Vade</em></strong></span> <span class='ocrx_word' id='word_1_52' title='bbox 1019 723 1088 776; x_wconf 86' lang='lat' dir='ltr'><strong>ad</strong></span> <span class='ocrx_word' id='word_1_53' title='bbox 1117 739 1284 792; x_wconf 84' lang='lat' dir='ltr'><strong>apem,</strong></span> <span class='ocrx_word' id='word_1_54' title='bbox 1324 722 1631 788; x_wconf 73' lang='lat' dir='ltr'><strong>istiusmodi</strong></span> <span class='ocrx_word' id='word_1_55' title='bbox 1656 730 1756 777; x_wconf 92' lang='lat' dir='ltr'><strong>est.</strong></span> <span class='ocrx_word' id='word_1_56' title='bbox 1810 721 1908 776; x_wconf 86' lang='lat' dir='ltr'><strong>Est</strong></span> 
     </span>
    </p>
   </div>
   <div class='ocr_carea' id='block_1_10' title="bbox 356 813 1904 889">
    <p class='ocr_par' dir='ltr' id='par_1_10' title="bbox 356 813 1904 889">
     <span class='ocr_line' id='line_1_10' title="bbox 356 813 1904 889; baseline -0.003 -22"><span class='ocrx_word' id='word_1_57' title='bbox 356 814 637 883; x_wconf 77' lang='lat' dir='ltr'><strong>quaedam,</strong></span> <span class='ocrx_word' id='word_1_58' title='bbox 681 824 740 869; x_wconf 91' lang='lat' dir='ltr'><strong>ut</strong></span> <span class='ocrx_word' id='word_1_59' title='bbox 772 814 843 873; x_wconf 84' lang='lat' dir='ltr'><strong>ita</strong></span> <span class='ocrx_word' id='word_1_60' title='bbox 878 813 1053 872; x_wconf 89' lang='lat' dir='ltr'><strong>dicam</strong></span> <span class='ocrx_word' id='word_1_61' title='bbox 1075 855 1089 878; x_wconf 91' lang='lat'><strong>,</strong></span> <span class='ocrx_word' id='word_1_62' title='bbox 1127 813 1243 882; x_wconf 91' lang='lat' dir='ltr'><strong>apis</strong></span> <span class='ocrx_word' id='word_1_63' title='bbox 1286 827 1448 883; x_wconf 85' lang='lat' dir='ltr'><strong>super</strong></span> <span class='ocrx_word' id='word_1_64' title='bbox 1482 827 1609 886; x_wconf 83' lang='lat' dir='ltr'><strong>apes</strong></span> <span class='ocrx_word' id='word_1_65' title='bbox 1642 830 1655 865; x_wconf 93' lang='lat'>:</span> <span class='ocrx_word' id='word_1_66' title='bbox 1684 820 1904 889; x_wconf 76' lang='lat' dir='ltr'><strong>etquo-</strong></span> 
     </span>
    </p>
   </div>
   <div class='ocr_carea' id='block_1_11' title="bbox 359 903 1907 976">
    <p class='ocr_par' dir='ltr' id='par_1_11' title="bbox 359 903 1907 976">
     <span class='ocr_line' id='line_1_11' title="bbox 359 903 1907 976; baseline -0.002 -18"><span class='ocrx_word' id='word_1_67' title='bbox 359 905 520 964; x_wconf 87' lang='lat' dir='ltr'><strong>modo</strong></span> <span class='ocrx_word' id='word_1_68' title='bbox 555 905 696 959; x_wconf 90' lang='lat' dir='ltr'><strong>inter</strong></span> <span class='ocrx_word' id='word_1_69' title='bbox 728 922 857 976; x_wconf 86' lang='lat' dir='ltr'><strong>apes</strong></span> <span class='ocrx_word' id='word_1_70' title='bbox 879 921 972 963; x_wconf 80' lang='lat' dir='ltr'><strong>rex</strong></span> <span class='ocrx_word' id='word_1_71' title='bbox 997 905 1214 974; x_wconf 88' lang='lat' dir='ltr'><strong>quidam</strong></span> <span class='ocrx_word' id='word_1_72' title='bbox 1236 912 1314 958; x_wconf 91' lang='lat' dir='ltr'><strong>est</strong></span> <span class='ocrx_word' id='word_1_73' title='bbox 1341 904 1430 973; x_wconf 79' lang='lat' dir='ltr'><strong>qui</strong></span> <span class='ocrx_word' id='word_1_74' title='bbox 1460 903 1766 961; x_wconf 79' lang='lat' dir='ltr'><strong>nominatur</strong></span> <span class='ocrx_word' id='word_1_75' title='bbox 1787 916 1907 955; x_wconf 88' lang='lat' dir='ltr'><strong>esse</strong></span> 
     </span>
    </p>
   </div>
   <div class='ocr_carea' id='block_1_12' title="bbox 358 988 1904 1064">
    <p class='ocr_par' dir='ltr' id='par_1_12' title="bbox 358 988 1904 1064">
     <span class='ocr_line' id='line_1_12' title="bbox 358 988 1904 1064; baseline -0.003 -18"><span class='ocrx_word' id='word_1_76' title='bbox 358 1010 468 1060; x_wconf 76' lang='lat' dir='ltr'><strong>rex,</strong></span> <span class='ocrx_word' id='word_1_77' title='bbox 490 994 569 1048; x_wconf 92' lang='lat' dir='ltr'><strong>sic</strong></span> <span class='ocrx_word' id='word_1_78' title='bbox 583 994 830 1063; x_wconf 89' lang='lat' dir='ltr'><strong>princeps</strong></span> <span class='ocrx_word' id='word_1_79' title='bbox 938 1008 1100 1064; x_wconf 88' lang='lat' dir='ltr'><strong>apum</strong></span> <span class='ocrx_word' id='word_1_80' title='bbox 1198 992 1457 1046; x_wconf 88' lang='lat' dir='ltr'><strong>Dominus</strong></span> <span class='ocrx_word' id='word_1_81' title='bbox 1478 1001 1557 1045; x_wconf 91' lang='lat' dir='ltr'><strong>est</strong></span> <span class='ocrx_word' id='word_1_82' title='bbox 1571 990 1729 1045; x_wconf 83' lang='lat' dir='ltr'><strong>Jesus</strong></span> <span class='ocrx_word' id='word_1_83' title='bbox 1743 988 1904 1043; x_wconf 88' lang='lat' dir='ltr'><strong>Chri-</strong></span> 
     </span>
    </p>
   </div>
   <div class='ocr_carea' id='block_1_13' title="bbox 356 1082 1904 1153">
    <p class='ocr_par' dir='ltr' id='par_1_13' title="bbox 356 1082 1904 1153">
     <span class='ocr_line' id='line_1_13' title="bbox 356 1082 1904 1153; baseline -0.005 -12"><span class='ocrx_word' id='word_1_84' title='bbox 356 1096 492 1147; x_wconf 83' lang='lat' dir='ltr'><strong>stus,</strong></span> <span class='ocrx_word' id='word_1_85' title='bbox 526 1084 591 1138; x_wconf 89' lang='lat' dir='ltr'><strong>ad</strong></span> <span class='ocrx_word' id='word_1_86' title='bbox 620 1100 779 1153; x_wconf 87' lang='lat' dir='ltr'><strong>quem</strong></span> <span class='ocrx_word' id='word_1_87' title='bbox 805 1083 965 1137; x_wconf 88' lang='lat' dir='ltr'><strong>mittit</strong></span> <span class='ocrx_word' id='word_1_88' title='bbox 996 1100 1079 1137; x_wconf 90' lang='lat' dir='ltr'><strong>me</strong></span> <span class='ocrx_word' id='word_1_89' title='bbox 1112 1082 1343 1152; x_wconf 86' lang='lat' dir='ltr'><strong>Spiritus</strong></span> <span class='ocrx_word' id='word_1_90' title='bbox 1376 1092 1595 1137; x_wconf 90' lang='lat' dir='ltr'><strong>sanctus</strong></span> <span class='ocrx_word' id='word_1_91' title='bbox 1628 1089 1688 1136; x_wconf 91' lang='lat' dir='ltr'><strong>ut</strong></span> <span class='ocrx_word' id='word_1_92' title='bbox 1726 1095 1904 1135; x_wconf 50' lang='lat' dir='ltr'><strong>come-</strong></span> 
     </span>
    </p>
   </div>
   <div class='ocr_carea' id='block_1_14' title="bbox 354 1171 1904 1241">
    <p class='ocr_par' dir='ltr' id='par_1_14' title="bbox 354 1171 1904 1241">
     <span class='ocr_line' id='line_1_14' title="bbox 354 1171 1904 1241; baseline -0.005 -10"><span class='ocrx_word' id='word_1_93' title='bbox 354 1178 475 1231; x_wconf 86' lang='lat' dir='ltr'><strong>dam</strong></span> <span class='ocrx_word' id='word_1_94' title='bbox 509 1176 611 1229; x_wconf 90' lang='lat' dir='ltr'><strong>mel</strong></span> <span class='ocrx_word' id='word_1_95' title='bbox 630 1216 645 1238; x_wconf 87' lang='lat'><strong>,</strong></span> <span class='ocrx_word' id='word_1_96' title='bbox 671 1176 873 1229; x_wconf 88' lang='lat' dir='ltr'><strong>bonum</strong></span> <span class='ocrx_word' id='word_1_97' title='bbox 902 1183 981 1228; x_wconf 91' lang='lat' dir='ltr'><strong>est</strong></span> <span class='ocrx_word' id='word_1_98' title='bbox 1008 1176 1151 1228; x_wconf 86' lang='lat' dir='ltr'><strong>enim</strong></span> <span class='ocrx_word' id='word_1_99' title='bbox 1180 1216 1196 1240; x_wconf 95' lang='lat'><strong>,</strong></span> <span class='ocrx_word' id='word_1_100' title='bbox 1231 1183 1283 1229; x_wconf 91' lang='lat' dir='ltr'><strong>et</strong></span> <span class='ocrx_word' id='word_1_101' title='bbox 1316 1172 1468 1227; x_wconf 85' lang='lat' dir='ltr'><strong>favus</strong></span> <span class='ocrx_word' id='word_1_102' title='bbox 1492 1173 1607 1241; x_wconf 78' lang='lat' dir='ltr'><strong>ejus</strong></span> <span class='ocrx_word' id='word_1_103' title='bbox 1643 1181 1698 1226; x_wconf 89' lang='lat' dir='ltr'><strong>ut</strong></span> <span class='ocrx_word' id='word_1_104' title='bbox 1726 1171 1904 1225; x_wconf 82' lang='lat' dir='ltr'><strong>indul-</strong></span> 
     </span>
    </p>
   </div>
   <div class='ocr_carea' id='block_1_15' title="bbox 353 1259 1905 1323">
    <p class='ocr_par' dir='ltr' id='par_1_15' title="bbox 353 1259 1905 1323">
     <span class='ocr_line' id='line_1_15' title="bbox 353 1259 1905 1323; baseline -0.004 -2"><span class='ocrx_word' id='word_1_105' title='bbox 353 1278 541 1323; x_wconf 75' lang='lat' dir='ltr'><strong>rentur</strong></span> <span class='ocrx_word' id='word_1_106' title='bbox 572 1267 755 1321; x_wconf 84' lang='lat' dir='ltr'><strong>fauces</strong></span> <span class='ocrx_word' id='word_1_107' title='bbox 788 1280 938 1318; x_wconf 67' lang='lat' dir='ltr'><strong>meae.</strong></span> <span class='ocrx_word' id='word_1_108' title='bbox 987 1264 1049 1318; x_wconf 86' lang='lat' dir='ltr'><strong>Et</strong></span> <span class='ocrx_word' id='word_1_109' title='bbox 1077 1265 1215 1317; x_wconf 87' lang='lat' dir='ltr'><strong>forte</strong></span> <span class='ocrx_word' id='word_1_110' title='bbox 1246 1263 1555 1319; x_wconf 77' lang='lat' dir='ltr'><strong>subtiliores</strong></span> <span class='ocrx_word' id='word_1_111' title='bbox 1585 1263 1770 1316; x_wconf 67' lang='lat' dir='ltr'><strong>litterae</strong></span> <span class='ocrx_word' id='word_1_112' title='bbox 1795 1259 1905 1315; x_wconf 85' lang='lat' dir='ltr'><strong>favi</strong></span> 
     </span>
    </p>
   </div>
   <div class='ocr_carea' id='block_1_16' title="bbox 352 1351 1905 1423">
    <p class='ocr_par' dir='ltr' id='par_1_16' title="bbox 352 1351 1905 1423">
     <span class='ocr_line' id='line_1_16' title="bbox 352 1351 1905 1423; baseline -0.004 -12"><span class='ocrx_word' id='word_1_113' title='bbox 352 1365 544 1421; x_wconf 89' lang='lat' dir='ltr'><strong>erunt,</strong></span> <span class='ocrx_word' id='word_1_114' title='bbox 579 1356 684 1409; x_wconf 90' lang='lat' dir='ltr'><strong>mel</strong></span> <span class='ocrx_word' id='word_1_115' title='bbox 717 1370 843 1408; x_wconf 87' lang='lat' dir='ltr'><strong>vero</strong></span> <span class='ocrx_word' id='word_1_116' title='bbox 871 1364 953 1408; x_wconf 85' lang='lat' dir='ltr'><strong>est</strong></span> <span class='ocrx_word' id='word_1_117' title='bbox 993 1353 1081 1423; x_wconf 85' lang='lat' dir='ltr'><strong>qui</strong></span> <span class='ocrx_word' id='word_1_118' title='bbox 1114 1356 1166 1406; x_wconf 92' lang='lat' dir='ltr'><strong>in</strong></span> <span class='ocrx_word' id='word_1_119' title='bbox 1198 1354 1280 1406; x_wconf 84' lang='lat' dir='ltr'><strong>his</strong></span> <span class='ocrx_word' id='word_1_120' title='bbox 1309 1360 1391 1407; x_wconf 87' lang='lat' dir='ltr'><strong>est</strong></span> <span class='ocrx_word' id='word_1_121' title='bbox 1421 1353 1741 1407; x_wconf 88' lang='lat' dir='ltr'><strong>intellectus.</strong></span> <span class='ocrx_word' id='word_1_122' title='bbox 1800 1351 1905 1406; x_wconf 85' lang='lat' dir='ltr'><strong>iste</strong></span> 
     </span>
    </p>
   </div>
   <div class='ocr_carea' id='block_1_17' title="bbox 353 1442 1901 1516">
    <p class='ocr_par' dir='ltr' id='par_1_17' title="bbox 353 1442 1901 1516">
     <span class='ocr_line' id='line_1_17' title="bbox 353 1442 1901 1516; baseline -0.006 -14"><span class='ocrx_word' id='word_1_123' title='bbox 353 1462 512 1516; x_wconf 89' lang='lat' dir='ltr'><strong>porro</strong></span> <span class='ocrx_word' id='word_1_124' title='bbox 537 1445 629 1515; x_wconf 85' lang='lat' dir='ltr'><strong>qui</strong></span> <span class='ocrx_word' id='word_1_125' title='bbox 661 1456 742 1500; x_wconf 93' lang='lat' dir='ltr'><strong>est</strong></span> <span class='ocrx_word' id='word_1_126' title='bbox 775 1454 931 1499; x_wconf 87' lang='lat' dir='ltr'><strong>natus</strong></span> <span class='ocrx_word' id='word_1_127' title='bbox 956 1460 1021 1497; x_wconf 90' lang='lat' dir='ltr'><strong>ex</strong></span> <span class='ocrx_word' id='word_1_128' title='bbox 1053 1445 1255 1511; x_wconf 73' lang='lat' dir='ltr'><strong>virgine</strong></span> <span class='ocrx_word' id='word_1_129' title='bbox 1278 1442 1613 1508; x_wconf 82' lang='lat' dir='ltr'><strong>Emmanuel,</strong></span> <span class='ocrx_word' id='word_1_130' title='bbox 1650 1443 1901 1512; x_wconf 75' lang='lat' dir='ltr'><strong>butyrum</strong></span> 
     </span>
    </p>
   </div>
   <div class='ocr_carea' id='block_1_18' title="bbox 350 1533 1899 1601">
    <p class='ocr_par' dir='ltr' id='par_1_18' title="bbox 350 1533 1899 1601">
     <span class='ocr_line' id='line_1_18' title="bbox 350 1533 1899 1601; baseline -0.003 -12"><span class='ocrx_word' id='word_1_131' title='bbox 350 1546 402 1589; x_wconf 89' lang='lat' dir='ltr'><strong>ct</strong></span> <span class='ocrx_word' id='word_1_132' title='bbox 430 1535 537 1589; x_wconf 86' lang='lat' dir='ltr'><strong>mel</strong></span> <span class='ocrx_word' id='word_1_133' title='bbox 570 1535 880 1599; x_wconf 75' lang='lat' dir='ltr'><strong>manducet,</strong></span> <span class='ocrx_word' id='word_1_134' title='bbox 914 1543 968 1588; x_wconf 89' lang='lat' dir='ltr'><strong>et</strong></span> <span class='ocrx_word' id='word_1_135' title='bbox 1008 1533 1199 1601; x_wconf 72' lang='lat' dir='ltr'><strong>quaerit</strong></span> <span class='ocrx_word' id='word_1_136' title='bbox 1225 1533 1293 1587; x_wconf 91' lang='lat' dir='ltr'><strong>ab</strong></span> <span class='ocrx_word' id='word_1_137' title='bbox 1314 1546 1634 1601; x_wconf 86' lang='lat' dir='ltr'><strong>unoquoque</strong></span> <span class='ocrx_word' id='word_1_138' title='bbox 1656 1539 1899 1586; x_wconf 89' lang='lat' dir='ltr'><strong>nostrum</strong></span> 
     </span>
    </p>
   </div>
   <div class='ocr_carea' id='block_1_19' title="bbox 352 1607 1901 1694">
    <p class='ocr_par' dir='ltr' id='par_1_19' title="bbox 352 1607 1901 1694">
     <span class='ocr_line' id='line_1_19' title="bbox 352 1607 1901 1694; baseline -0.002 -16"><span class='ocrx_word' id='word_1_139' title='bbox 352 1624 603 1694; x_wconf 82' lang='lat' dir='ltr'><strong>butyrum</strong></span> <span class='ocrx_word' id='word_1_140' title='bbox 641 1624 988 1678; x_wconf 82' lang='lat' dir='ltr'><strong>manducare.</strong></span> <span class='ocrx_word' id='word_1_141' title='bbox 1030 1622 1310 1690; x_wconf 85' lang='lat' dir='ltr'><strong>Quomodo</strong></span> <span class='ocrx_word' id='word_1_142' title='bbox 1340 1636 1370 1674; x_wconf 88' lang='lat' dir='ltr'><strong>a</strong></span> <span class='ocrx_word' id='word_1_143' title='bbox 1398 1607 1621 1690; x_wconf 76' lang='lat' dir='ltr'><strong>singulis</strong></span> <span class='ocrx_word' id='word_1_144' title='bbox 1657 1630 1901 1675; x_wconf 87' lang='lat' dir='ltr'><strong>nostrum</strong></span> 
     </span>
    </p>
   </div>
   <div class='ocr_carea' id='block_1_20' title="bbox 351 1711 1900 1785">
    <p class='ocr_par' dir='ltr' id='par_1_20' title="bbox 351 1711 1900 1785">
     <span class='ocr_line' id='line_1_20' title="bbox 351 1711 1900 1785; baseline -0.004 -15"><span class='ocrx_word' id='word_1_145' title='bbox 351 1716 600 1785; x_wconf 77' lang='lat' dir='ltr'><strong>butyrum</strong></span> <span class='ocrx_word' id='word_1_146' title='bbox 631 1714 823 1785; x_wconf 60' lang='lat' dir='ltr'><strong>quaerit</strong></span> <span class='ocrx_word' id='word_1_147' title='bbox 846 1723 899 1768; x_wconf 91' lang='lat' dir='ltr'><strong>et</strong></span> <span class='ocrx_word' id='word_1_148' title='bbox 922 1714 1045 1782; x_wconf 87' lang='lat' dir='ltr'><strong>mel,</strong></span> <span class='ocrx_word' id='word_1_149' title='bbox 1085 1727 1262 1767; x_wconf 89' lang='lat' dir='ltr'><strong>sermo</strong></span> <span class='ocrx_word' id='word_1_150' title='bbox 1289 1712 1548 1767; x_wconf 85' lang='lat' dir='ltr'><strong>edocehit.</strong></span> <span class='ocrx_word' id='word_1_151' title='bbox 1602 1711 1775 1784; x_wconf 78' lang='lat' dir='ltr'><strong>Opera</strong></span> <span class='ocrx_word' id='word_1_152' title='bbox 1800 1726 1900 1765; x_wconf 81' lang='lat' dir='ltr'><strong>no-</strong></span> 
     </span>
    </p>
   </div>
   <div class='ocr_carea' id='block_1_21' title="bbox 349 1801 1893 1872">
    <p class='ocr_par' dir='ltr' id='par_1_21' title="bbox 349 1801 1893 1872">
     <span class='ocr_line' id='line_1_21' title="bbox 349 1801 1893 1872; baseline -0.003 -11"><span class='ocrx_word' id='word_1_153' title='bbox 349 1814 459 1861; x_wconf 89' lang='lat' dir='ltr'><strong>stra</strong></span> <span class='ocrx_word' id='word_1_154' title='bbox 501 1803 717 1869; x_wconf 81' lang='lat' dir='ltr'><strong>dulcia,</strong></span> <span class='ocrx_word' id='word_1_155' title='bbox 750 1818 1031 1862; x_wconf 81' lang='lat' dir='ltr'><strong>sermones</strong></span> <span class='ocrx_word' id='word_1_156' title='bbox 1074 1802 1249 1863; x_wconf 82' lang='lat' dir='ltr'><strong>nostri</strong></span> <span class='ocrx_word' id='word_1_157' title='bbox 1275 1801 1594 1857; x_wconf 77' lang='lat' dir='ltr'><strong>suavissimi</strong></span> <span class='ocrx_word' id='word_1_158' title='bbox 1626 1812 1678 1872; x_wconf 86' lang='lat' dir='ltr'><strong>et</strong></span> <span class='ocrx_word' id='word_1_159' title='bbox 1713 1803 1893 1872; x_wconf 79' lang='lat' dir='ltr'><strong>utiles,</strong></span> 
     </span>
    </p>
   </div>
   <div class='ocr_carea' id='block_1_22' title="bbox 350 1893 1895 1968">
    <p class='ocr_par' dir='ltr' id='par_1_22' title="bbox 350 1893 1895 1968">
     <span class='ocr_line' id='line_1_22' title="bbox 350 1893 1895 1968; baseline -0.005 -15"><span class='ocrx_word' id='word_1_160' title='bbox 350 1896 505 1955; x_wconf 82' lang='lat' dir='ltr'><strong>mella</strong></span> <span class='ocrx_word' id='word_1_161' title='bbox 526 1904 654 1951; x_wconf 90' lang='lat' dir='ltr'><strong>sunt</strong></span> <span class='ocrx_word' id='word_1_162' title='bbox 677 1910 797 1968; x_wconf 64' lang='lat' dir='ltr'><strong>quae</strong></span> <span class='ocrx_word' id='word_1_163' title='bbox 819 1895 1106 1952; x_wconf 86' lang='lat' dir='ltr'><strong>manducat</strong></span> <span class='ocrx_word' id='word_1_164' title='bbox 1134 1893 1487 1959; x_wconf 84' lang='lat' dir='ltr'><strong>Emmanuel,</strong></span> <span class='ocrx_word' id='word_1_165' title='bbox 1524 1909 1643 1961; x_wconf 68' lang='lat' dir='ltr'><strong>qum</strong></span> <span class='ocrx_word' id='word_1_166' title='bbox 1666 1894 1895 1959; x_wconf 78' lang='lat' dir='ltr'><strong>mandu-</strong></span> 
     </span>
    </p>
   </div>
   <div class='ocr_carea' id='block_1_23' title="bbox 346 1981 1895 2056">
    <p class='ocr_par' dir='ltr' id='par_1_23' title="bbox 346 1981 1895 2056">
     <span class='ocr_line' id='line_1_23' title="bbox 346 1981 1895 2056; baseline -0.001 -17"><span class='ocrx_word' id='word_1_167' title='bbox 346 1997 433 2043; x_wconf 81' lang='lat' dir='ltr'><strong>cat</strong></span> <span class='ocrx_word' id='word_1_168' title='bbox 461 1985 563 2041; x_wconf 88' lang='lat' dir='ltr'><strong>iste</strong></span> <span class='ocrx_word' id='word_1_169' title='bbox 593 1986 686 2056; x_wconf 85' lang='lat' dir='ltr'><strong>qui</strong></span> <span class='ocrx_word' id='word_1_170' title='bbox 719 1992 879 2039; x_wconf 91' lang='lat' dir='ltr'><strong>natus</strong></span> <span class='ocrx_word' id='word_1_171' title='bbox 906 1993 988 2053; x_wconf 79' lang='lat' dir='ltr'><strong>est</strong></span> <span class='ocrx_word' id='word_1_172' title='bbox 1008 1984 1074 2038; x_wconf 90' lang='lat' dir='ltr'><strong>de</strong></span> <span class='ocrx_word' id='word_1_173' title='bbox 1101 1984 1328 2054; x_wconf 75' lang='lat' dir='ltr'><strong>virgine.</strong></span> <span class='ocrx_word' id='word_1_174' title='bbox 1373 1981 1428 2037; x_wconf 93' lang='lat' dir='ltr'><strong>Si</strong></span> <span class='ocrx_word' id='word_1_175' title='bbox 1467 1998 1592 2037; x_wconf 80' lang='lat' dir='ltr'><strong>vero</strong></span> <span class='ocrx_word' id='word_1_176' title='bbox 1618 1997 1895 2039; x_wconf 87' lang='lat' dir='ltr'><strong>sermones</strong></span> 
     </span>
    </p>
   </div>
   <div class='ocr_carea' id='block_1_24' title="bbox 347 2071 1895 2143">
    <p class='ocr_par' dir='ltr' id='par_1_24' title="bbox 347 2071 1895 2143">
     <span class='ocr_line' id='line_1_24' title="bbox 347 2071 1895 2143; baseline -0.005 -9"><span class='ocrx_word' id='word_1_177' title='bbox 347 2075 520 2135; x_wconf 82' lang='lat' dir='ltr'><strong>nostri</strong></span> <span class='ocrx_word' id='word_1_178' title='bbox 549 2074 909 2139; x_wconf 83' lang='lat' dir='ltr'><strong>amaritudine</strong></span> <span class='ocrx_word' id='word_1_179' title='bbox 938 2074 1079 2143; x_wconf 89' lang='lat' dir='ltr'><strong>pleni</strong></span> <span class='ocrx_word' id='word_1_180' title='bbox 1105 2081 1251 2141; x_wconf 83' lang='lat' dir='ltr'><strong>sunt,</strong></span> <span class='ocrx_word' id='word_1_181' title='bbox 1281 2072 1383 2137; x_wconf 88' lang='lat' dir='ltr'><strong>ira,</strong></span> <span class='ocrx_word' id='word_1_182' title='bbox 1406 2071 1764 2136; x_wconf 84' lang='lat' dir='ltr'><strong>animositate,</strong></span> <span class='ocrx_word' id='word_1_183' title='bbox 1786 2088 1895 2127; x_wconf 83' lang='lat' dir='ltr'><strong>mo-</strong></span> 
     </span>
    </p>
   </div>
   <div class='ocr_carea' id='block_1_25' title="bbox 346 2148 1895 2239">
    <p class='ocr_par' dir='ltr' id='par_1_25' title="bbox 346 2148 1895 2239">
     <span class='ocr_line' id='line_1_25' title="bbox 346 2148 1895 2239; baseline -0.002 -18"><span class='ocrx_word' id='word_1_184' title='bbox 346 2167 523 2231; x_wconf 87' lang='lat' dir='ltr'><strong>testia,</strong></span> <span class='ocrx_word' id='word_1_185' title='bbox 572 2148 945 2239; x_wconf 45' lang='lat' dir='ltr'><strong>tprpiloquio;</strong></span> <span class='ocrx_word' id='word_1_186' title='bbox 966 2164 1135 2229; x_wconf 73' lang='lat' dir='ltr'><strong>vitiis,</strong></span> <span class='ocrx_word' id='word_1_187' title='bbox 1185 2163 1543 2228; x_wconf 88' lang='lat' dir='ltr'><strong>contentione,</strong></span> <span class='ocrx_word' id='word_1_188' title='bbox 1582 2162 1727 2216; x_wconf 88' lang='lat' dir='ltr'><strong>dedit</strong></span> <span class='ocrx_word' id='word_1_189' title='bbox 1749 2163 1803 2216; x_wconf 92' lang='lat' dir='ltr'><strong>in</strong></span> <span class='ocrx_word' id='word_1_190' title='bbox 1832 2178 1895 2218; x_wconf 90' lang='lat' dir='ltr'><strong>os</strong></span> 
     </span>
    </p>
   </div>
   <div class='ocr_carea' id='block_1_26' title="bbox 346 2256 1894 2327">
    <p class='ocr_par' dir='ltr' id='par_1_26' title="bbox 346 2256 1894 2327">
     <span class='ocr_line' id='line_1_26' title="bbox 346 2256 1894 2327; baseline -0.006 -10"><span class='ocrx_word' id='word_1_191' title='bbox 346 2278 525 2317; x_wconf 88' lang='lat' dir='ltr'><strong>meum</strong></span> <span class='ocrx_word' id='word_1_192' title='bbox 571 2260 660 2327; x_wconf 84' lang='lat' dir='ltr'><strong>fel,</strong></span> <span class='ocrx_word' id='word_1_193' title='bbox 694 2272 747 2319; x_wconf 77' lang='lat' dir='ltr'><strong>et</strong></span> <span class='ocrx_word' id='word_1_194' title='bbox 770 2275 882 2320; x_wconf 80' lang='lat' dir='ltr'><strong>non</strong></span> <span class='ocrx_word' id='word_1_195' title='bbox 917 2259 1151 2316; x_wconf 87' lang='lat' dir='ltr'><strong>comedit</strong></span> <span class='ocrx_word' id='word_1_196' title='bbox 1183 2260 1248 2312; x_wconf 90' lang='lat' dir='ltr'><strong>ab</strong></span> <span class='ocrx_word' id='word_1_197' title='bbox 1276 2257 1361 2312; x_wconf 86' lang='lat' dir='ltr'><strong>his</strong></span> <span class='ocrx_word' id='word_1_198' title='bbox 1401 2258 1741 2312; x_wconf 88' lang='lat' dir='ltr'><strong>sermonibus</strong></span> <span class='ocrx_word' id='word_1_199' title='bbox 1773 2256 1894 2310; x_wconf 82' lang='lat' dir='ltr'><strong>Sal-</strong></span> 
     </span>
    </p>
   </div>
   <div class='ocr_carea' id='block_1_27' title="bbox 346 2344 1894 2414">
    <p class='ocr_par' dir='ltr' id='par_1_27' title="bbox 346 2344 1894 2414">
     <span class='ocr_line' id='line_1_27' title="bbox 346 2344 1894 2414; baseline -0.006 -5"><span class='ocrx_word' id='word_1_200' title='bbox 346 2361 523 2411; x_wconf 78' lang='lat' dir='ltr'><strong>vator.</strong></span> <span class='ocrx_word' id='word_1_201' title='bbox 561 2350 824 2407; x_wconf 84' lang='lat' dir='ltr'><strong>Comedct</strong></span> <span class='ocrx_word' id='word_1_202' title='bbox 850 2356 1028 2404; x_wconf 91' lang='lat' dir='ltr'><strong>autem</strong></span> <span class='ocrx_word' id='word_1_203' title='bbox 1060 2346 1306 2403; x_wconf 80' lang='lat' dir='ltr'><strong>Salvator</strong></span> <span class='ocrx_word' id='word_1_204' title='bbox 1339 2347 1405 2401; x_wconf 90' lang='lat' dir='ltr'><strong>de</strong></span> <span class='ocrx_word' id='word_1_205' title='bbox 1436 2346 1770 2400; x_wconf 88' lang='lat' dir='ltr'><strong>sermonibus</strong></span> <span class='ocrx_word' id='word_1_206' title='bbox 1801 2344 1894 2414; x_wconf 90' lang='lat' dir='ltr'><strong>qui</strong></span> 
     </span>
    </p>
   </div>
   <div class='ocr_carea' id='block_1_28' title="bbox 343 2437 1892 2511">
    <p class='ocr_par' dir='ltr' id='par_1_28' title="bbox 343 2437 1892 2511">
     <span class='ocr_line' id='line_1_28' title="bbox 343 2437 1892 2511; baseline -0.005 -15"><span class='ocrx_word' id='word_1_207' title='bbox 343 2451 475 2496; x_wconf 86' lang='lat' dir='ltr'><strong>sunt</strong></span> <span class='ocrx_word' id='word_1_208' title='bbox 521 2441 665 2511; x_wconf 87' lang='lat' dir='ltr'><strong>apud</strong></span> <span class='ocrx_word' id='word_1_209' title='bbox 713 2439 995 2505; x_wconf 83' lang='lat' dir='ltr'><strong>homines,</strong></span> <span class='ocrx_word' id='word_1_210' title='bbox 1045 2438 1093 2494; x_wconf 89' lang='lat' dir='ltr'><strong>si</strong></span> <span class='ocrx_word' id='word_1_211' title='bbox 1140 2437 1338 2491; x_wconf 79' lang='lat' dir='ltr'><strong>fuerint</strong></span> <span class='ocrx_word' id='word_1_212' title='bbox 1378 2450 1654 2492; x_wconf 89' lang='lat' dir='ltr'><strong>sermones</strong></span> <span class='ocrx_word' id='word_1_213' title='bbox 1703 2450 1892 2489; x_wconf 88' lang='lat' dir='ltr'><strong>eorum</strong></span> 
     </span>
    </p>
   </div>
   <div class='ocr_carea' id='block_1_29' title="bbox 344 2524 1892 2600">
    <p class='ocr_par' dir='ltr' id='par_1_29' title="bbox 344 2524 1892 2600">
     <span class='ocr_line' id='line_1_29' title="bbox 344 2524 1892 2600; baseline -0.006 -13"><span class='ocrx_word' id='word_1_214' title='bbox 344 2532 469 2587; x_wconf 89' lang='lat' dir='ltr'><strong>mel.</strong></span> <span class='ocrx_word' id='word_1_215' title='bbox 529 2529 904 2600; x_wconf 76' lang='lat' dir='ltr'><strong>Appi-abemus</strong></span> <span class='ocrx_word' id='word_1_216' title='bbox 945 2530 1049 2583; x_wconf 89' lang='lat' dir='ltr'><strong>hoc</strong></span> <span class='ocrx_word' id='word_1_217' title='bbox 1086 2528 1153 2585; x_wconf 89' lang='lat' dir='ltr'><strong>de</strong></span> <span class='ocrx_word' id='word_1_218' title='bbox 1197 2526 1489 2595; x_wconf 87' lang='lat' dir='ltr'><strong>Scripturis</strong></span> <span class='ocrx_word' id='word_1_219' title='bbox 1518 2542 1533 2580; x_wconf 93' lang='lat'><strong>:</strong></span> <span class='ocrx_word' id='word_1_220' title='bbox 1568 2524 1700 2578; x_wconf 84' lang='lat' dir='ltr'><strong>Ecce</strong></span> <span class='ocrx_word' id='word_1_221' title='bbox 1722 2536 1803 2578; x_wconf 81' lang='lat' dir='ltr'><strong>sta</strong></span> <span class='ocrx_word' id='word_1_222' title='bbox 1824 2525 1892 2577; x_wconf 84' lang='lat' dir='ltr'><strong>ad</strong></span> 
     </span>
    </p>
   </div>
   <div class='ocr_carea' id='block_1_30' title="bbox 343 2616 1892 2690">
    <p class='ocr_par' dir='ltr' id='par_1_30' title="bbox 343 2616 1892 2690">
     <span class='ocr_line' id='line_1_30' title="bbox 343 2616 1892 2690; baseline -0.008 -12"><span class='ocrx_word' id='word_1_223' title='bbox 343 2625 556 2687; x_wconf 78' lang='lat' dir='ltr'><strong>ostium,</strong></span> <span class='ocrx_word' id='word_1_224' title='bbox 580 2632 629 2676; x_wconf 83' lang='lat' dir='ltr'><strong>et</strong></span> <span class='ocrx_word' id='word_1_225' title='bbox 655 2622 825 2690; x_wconf 80' lang='lat' dir='ltr'><strong>pulso.</strong></span> <span class='ocrx_word' id='word_1_226' title='bbox 868 2618 927 2674; x_wconf 85' lang='lat' dir='ltr'><strong>Si</strong></span> <span class='ocrx_word' id='word_1_227' title='bbox 956 2620 1072 2690; x_wconf 84' lang='lat' dir='ltr'><strong>quis</strong></span> <span class='ocrx_word' id='word_1_228' title='bbox 1108 2618 1366 2688; x_wconf 72' lang='lat' dir='ltr'><strong>aperuerit</strong></span> <span class='ocrx_word' id='word_1_229' title='bbox 1392 2617 1519 2669; x_wconf 74' lang='lat' dir='ltr'><strong>mihi</strong></span> <span class='ocrx_word' id='word_1_230' title='bbox 1547 2616 1739 2668; x_wconf 78' lang='lat' dir='ltr'><strong>ostium</strong></span> <span class='ocrx_word' id='word_1_231' title='bbox 1759 2654 1775 2679; x_wconf 93' lang='lat'><strong>,</strong></span> <span class='ocrx_word' id='word_1_232' title='bbox 1808 2616 1892 2668; x_wconf 83' lang='lat' dir='ltr'><strong>in-</strong></span> 
     </span>
    </p>
   </div>
   <div class='ocr_carea' id='block_1_31' title="bbox 344 2704 1889 2785">
    <p class='ocr_par' dir='ltr' id='par_1_31' title="bbox 344 2704 1889 2785">
     <span class='ocr_line' id='line_1_31' title="bbox 344 2704 1889 2785; baseline -0.006 -18"><span class='ocrx_word' id='word_1_233' title='bbox 344 2715 557 2785; x_wconf 70' lang='lat' dir='ltr'><strong>grediar</strong></span> <span class='ocrx_word' id='word_1_234' title='bbox 583 2710 651 2763; x_wconf 74' lang='lat' dir='ltr'><strong>ad</strong></span> <span class='ocrx_word' id='word_1_235' title='bbox 672 2726 811 2772; x_wconf 84' lang='lat' dir='ltr'><strong>eum,</strong></span> <span class='ocrx_word' id='word_1_236' title='bbox 839 2719 886 2763; x_wconf 83' lang='lat' dir='ltr'><strong>et</strong></span> <span class='ocrx_word' id='word_1_237' title='bbox 914 2707 1122 2764; x_wconf 71' lang='lat' dir='ltr'><strong>cantabo</strong></span> <span class='ocrx_word' id='word_1_238' title='bbox 1153 2722 1267 2761; x_wconf 86' lang='lat' dir='ltr'><strong>cum</strong></span> <span class='ocrx_word' id='word_1_239' title='bbox 1291 2705 1385 2760; x_wconf 79' lang='lat' dir='ltr'><strong>illo</strong></span> <span class='ocrx_word' id='word_1_240' title='bbox 1412 2717 1460 2758; x_wconf 85' lang='lat' dir='ltr'><strong>et</strong></span> <span class='ocrx_word' id='word_1_241' title='bbox 1483 2704 1571 2758; x_wconf 82' lang='lat' dir='ltr'><strong>ille</strong></span> <span class='ocrx_word' id='word_1_242' title='bbox 1604 2721 1803 2759; x_wconf 85' lang='lat' dir='ltr'><strong>mecum</strong></span> <span class='ocrx_word' id='word_1_243' title='bbox 1823 2705 1889 2765; x_wconf 67' lang='grc'><strong>’,³.</strong></span> 
     </span>
    </p>
   </div>
   <div class='ocr_carea' id='block_1_32' title="bbox 342 2795 1893 2873">
    <p class='ocr_par' dir='ltr' id='par_1_32' title="bbox 342 2795 1893 2873">
     <span class='ocr_line' id='line_1_32' title="bbox 342 2795 1893 2873; baseline -0.008 -12"><span class='ocrx_word' id='word_1_244' title='bbox 342 2802 509 2873; x_wconf 74' lang='lat' dir='ltr'><strong>igitur</strong></span> <span class='ocrx_word' id='word_1_245' title='bbox 537 2801 652 2869; x_wconf 88' lang='lat' dir='ltr'><strong>ipse</strong></span> <span class='ocrx_word' id='word_1_246' title='bbox 682 2799 963 2871; x_wconf 86' lang='lat' dir='ltr'><strong>pollicetur</strong></span> <span class='ocrx_word' id='word_1_247' title='bbox 990 2812 1055 2853; x_wconf 85' lang='lat' dir='ltr'><strong>se</strong></span> <span class='ocrx_word' id='word_1_248' title='bbox 1078 2813 1139 2852; x_wconf 80' lang='lat' dir='ltr'><strong>ex</strong></span> <span class='ocrx_word' id='word_1_249' title='bbox 1187 2795 1388 2851; x_wconf 89' lang='lat' dir='ltr'><strong>nostris</strong></span> <span class='ocrx_word' id='word_1_250' title='bbox 1419 2804 1758 2853; x_wconf 76' lang='lat' dir='ltr'><strong>cmnaturum</strong></span> <span class='ocrx_word' id='word_1_251' title='bbox 1790 2808 1893 2849; x_wconf 85' lang='lat' dir='ltr'><strong>no—</strong></span> 
     </span>
    </p>
   </div>
   <div class='ocr_carea' id='block_1_33' title="bbox 343 2887 1891 2956">
    <p class='ocr_par' dir='ltr' id='par_1_33' title="bbox 343 2887 1891 2956">
     <span class='ocr_line' id='line_1_33' title="bbox 343 2887 1891 2956; baseline -0.007 -7"><span class='ocrx_word' id='word_1_252' title='bbox 343 2895 555 2949; x_wconf 81' lang='lat' dir='ltr'><strong>hiscum</strong></span> <span class='ocrx_word' id='word_1_253' title='bbox 583 2906 722 2948; x_wconf 88' lang='lat' dir='ltr'><strong>esse.</strong></span> <span class='ocrx_word' id='word_1_254' title='bbox 783 2890 1002 2946; x_wconf 89' lang='lat' dir='ltr'><strong>Certum</strong></span> <span class='ocrx_word' id='word_1_255' title='bbox 1045 2899 1128 2943; x_wconf 86' lang='lat' dir='ltr'><strong>est</strong></span> <span class='ocrx_word' id='word_1_256' title='bbox 1166 2896 1346 2947; x_wconf 86' lang='lat' dir='ltr'><strong>autem</strong></span> <span class='ocrx_word' id='word_1_257' title='bbox 1380 2887 1509 2956; x_wconf 76' lang='lat' dir='ltr'><strong>quia</strong></span> <span class='ocrx_word' id='word_1_258' title='bbox 1548 2894 1602 2941; x_wconf 89' lang='lat' dir='ltr'><strong>et</strong></span> <span class='ocrx_word' id='word_1_259' title='bbox 1635 2901 1734 2940; x_wconf 89' lang='lat' dir='ltr'><strong>nos</strong></span> <span class='ocrx_word' id='word_1_260' title='bbox 1768 2899 1891 2945; x_wconf 87' lang='lat' dir='ltr'><strong>cum</strong></span> 
     </span>
    </p>
   </div>
   <div class='ocr_carea' id='block_1_34' title="bbox 345 2975 1894 3050">
    <p class='ocr_par' dir='ltr' id='par_1_34' title="bbox 345 2975 1894 3050">
     <span class='ocr_line' id='line_1_34' title="bbox 345 2975 1894 3050; baseline -0.009 -9"><span class='ocrx_word' id='word_1_261' title='bbox 345 2987 436 3041; x_wconf 86' lang='lat' dir='ltr'><strong>illo</strong></span> <span class='ocrx_word' id='word_1_262' title='bbox 462 2998 762 3050; x_wconf 74' lang='lat' dir='ltr'><strong>cmnamus,</strong></span> <span class='ocrx_word' id='word_1_263' title='bbox 784 2981 832 3037; x_wconf 88' lang='lat' dir='ltr'><strong>si</strong></span> <span class='ocrx_word' id='word_1_264' title='bbox 858 2994 1135 3046; x_wconf 62' lang='lat' dir='ltr'><strong>cernemus</strong></span> <span class='ocrx_word' id='word_1_265' title='bbox 1159 2978 1329 3037; x_wconf 89' lang='lat' dir='ltr'><strong>illum.</strong></span> <span class='ocrx_word' id='word_1_266' title='bbox 1370 2976 1668 3036; x_wconf 86' lang='lat' dir='ltr'><strong>Comedens</strong></span> <span class='ocrx_word' id='word_1_267' title='bbox 1696 2975 1894 3046; x_wconf 88' lang='lat' dir='ltr'><strong>quippe</strong></span> 
     </span>
    </p>
   </div>
   <div class='ocr_carea' id='block_1_35' title="bbox 2008 538 3552 612">
    <p class='ocr_par' dir='ltr' id='par_1_35' title="bbox 2008 538 3552 612">
     <span class='ocr_line' id='line_1_35' title="bbox 2008 538 3552 612; baseline 0.006 -22"><span class='ocrx_word' id='word_1_268' title='bbox 2008 538 2204 607; x_wconf 90' lang='lat' dir='ltr'><strong>pientia</strong></span> <span class='ocrx_word' id='word_1_269' title='bbox 2263 538 2459 605; x_wconf 83' lang='lat' dir='ltr'><strong>patitur</strong></span> <span class='ocrx_word' id='word_1_270' title='bbox 2502 539 2850 609; x_wconf 84' lang='lat' dir='ltr'><strong>opprobrium</strong></span> <span class='ocrx_word' id='word_1_271' title='bbox 2884 555 2915 593; x_wconf 91' lang='lat' dir='ltr'><strong>a</strong></span> <span class='ocrx_word' id='word_1_272' title='bbox 2947 541 3130 595; x_wconf 79' lang='lat' dir='ltr'><strong>multis</strong></span> <span class='ocrx_word' id='word_1_273' title='bbox 3158 544 3434 612; x_wconf 85' lang='lat' dir='ltr'><strong>sapientiis</strong></span> <span class='ocrx_word' id='word_1_274' title='bbox 3467 548 3552 600; x_wconf 82' lang='lat' dir='ltr'><strong>in-</strong></span> 
     </span>
    </p>
   </div>
   <div class='ocr_carea' id='block_1_36' title="bbox 2006 614 3557 698">
    <p class='ocr_par' dir='ltr' id='par_1_36' title="bbox 2006 614 3557 698">
     <span class='ocr_line' id='line_1_36' title="bbox 2006 614 3557 698; baseline 0.008 -19"><span class='ocrx_word' id='word_1_275' title='bbox 2006 627 2349 698; x_wconf 79' lang='lat' dir='ltr'><strong>surgentibus</strong></span> <span class='ocrx_word' id='word_1_276' title='bbox 2401 628 2454 681; x_wconf 92' lang='lat' dir='ltr'><strong>in</strong></span> <span class='ocrx_word' id='word_1_277' title='bbox 2499 614 2577 683; x_wconf 86' lang='lat' dir='ltr'><strong>se.</strong></span> <span class='ocrx_word' id='word_1_278' title='bbox 2644 627 2751 683; x_wconf 83' lang='lat' dir='ltr'><strong>iste</strong></span> <span class='ocrx_word' id='word_1_279' title='bbox 2785 644 2945 683; x_wconf 89' lang='lat' dir='ltr'><strong>verus</strong></span> <span class='ocrx_word' id='word_1_280' title='bbox 2996 630 3294 688; x_wconf 87' lang='lat' dir='ltr'><strong>intellectus</strong></span> <span class='ocrx_word' id='word_1_281' title='bbox 3329 637 3557 691; x_wconf 87' lang='lat' dir='ltr'><strong>sustinet</strong></span> 
     </span>
    </p>
   </div>
   <div class='ocr_carea' id='block_1_37' title="bbox 2006 712 3552 791">
    <p class='ocr_par' dir='ltr' id='par_1_37' title="bbox 2006 712 3552 791">
     <span class='ocr_line' id='line_1_37' title="bbox 2006 712 3552 791; baseline 0.006 -26"><span class='ocrx_word' id='word_1_282' title='bbox 2006 712 2352 781; x_wconf 88' lang='lat' dir='ltr'><strong>opprobrium</strong></span> <span class='ocrx_word' id='word_1_283' title='bbox 2398 715 2465 768; x_wconf 90' lang='lat' dir='ltr'><strong>ab</strong></span> <span class='ocrx_word' id='word_1_284' title='bbox 2497 714 2856 771; x_wconf 86' lang='lat' dir='ltr'><strong>intellectibus</strong></span> <span class='ocrx_word' id='word_1_285' title='bbox 2890 716 3061 773; x_wconf 75' lang='lat' dir='ltr'><strong>falsis.</strong></span> <span class='ocrx_word' id='word_1_286' title='bbox 3125 720 3271 774; x_wconf 87' lang='lat' dir='ltr'><strong>istud</strong></span> <span class='ocrx_word' id='word_1_287' title='bbox 3303 736 3552 791; x_wconf 79' lang='lat' dir='ltr'><strong>magnum</strong></span> 
     </span>
    </p>
   </div>
   <div class='ocr_carea' id='block_1_38' title="bbox 2004 792 3555 874">
    <p class='ocr_par' dir='ltr' id='par_1_38' title="bbox 2004 792 3555 874">
     <span class='ocr_line' id='line_1_38' title="bbox 2004 792 3555 874; baseline 0.006 -18"><span class='ocrx_word' id='word_1_288' title='bbox 2004 792 2286 858; x_wconf 79' lang='lat' dir='ltr'><strong>censiiium</strong></span> <span class='ocrx_word' id='word_1_289' title='bbox 2311 806 2673 874; x_wconf 86' lang='lat' dir='ltr'><strong>opprobratur</strong></span> <span class='ocrx_word' id='word_1_290' title='bbox 2699 822 2730 861; x_wconf 90' lang='lat' dir='ltr'><strong>a</strong></span> <span class='ocrx_word' id='word_1_291' title='bbox 2758 808 2942 863; x_wconf 88' lang='lat' dir='ltr'><strong>multis</strong></span> <span class='ocrx_word' id='word_1_292' title='bbox 2962 810 3206 865; x_wconf 85' lang='lat' dir='ltr'><strong>consiliis</strong></span> <span class='ocrx_word' id='word_1_293' title='bbox 3233 825 3343 865; x_wconf 85' lang='lat' dir='ltr'><strong>non</strong></span> <span class='ocrx_word' id='word_1_294' title='bbox 3373 812 3555 866; x_wconf 83' lang='lat' dir='ltr'><strong>bonis.</strong></span> 
     </span>
    </p>
   </div>
   <div class='ocr_carea' id='block_1_39' title="bbox 2004 892 3553 970">
    <p class='ocr_par' dir='ltr' id='par_1_39' title="bbox 2004 892 3553 970">
     <span class='ocr_line' id='line_1_39' title="bbox 2004 892 3553 970; baseline 0.007 -24"><span class='ocrx_word' id='word_1_295' title='bbox 2004 892 2108 947; x_wconf 86' lang='lat' dir='ltr'><strong>Ista</strong></span> <span class='ocrx_word' id='word_1_296' title='bbox 2132 895 2304 950; x_wconf 87' lang='lat' dir='ltr'><strong>virtus</strong></span> <span class='ocrx_word' id='word_1_297' title='bbox 2330 897 2670 952; x_wconf 88' lang='lat' dir='ltr'><strong>maledicitur</strong></span> <span class='ocrx_word' id='word_1_298' title='bbox 2695 914 2729 953; x_wconf 84' lang='lat' dir='ltr'><strong>a</strong></span> <span class='ocrx_word' id='word_1_299' title='bbox 2751 900 3006 968; x_wconf 87' lang='lat' dir='ltr'><strong>quadam,</strong></span> <span class='ocrx_word' id='word_1_300' title='bbox 3039 917 3160 970; x_wconf 65' lang='lat' dir='ltr'><strong>quae</strong></span> <span class='ocrx_word' id='word_1_301' title='bbox 3199 918 3322 956; x_wconf 82' lang='lat' dir='ltr'><strong>cum</strong></span> <span class='ocrx_word' id='word_1_302' title='bbox 3348 918 3457 958; x_wconf 86' lang='lat' dir='ltr'><strong>non</strong></span> <span class='ocrx_word' id='word_1_303' title='bbox 3486 905 3553 957; x_wconf 88' lang='lat' dir='ltr'><strong>sit</strong></span> 
     </span>
    </p>
   </div>
   <div class='ocr_carea' id='block_1_40' title="bbox 2004 984 3553 1055">
    <p class='ocr_par' dir='ltr' id='par_1_40' title="bbox 2004 984 3553 1055">
     <span class='ocr_line' id='line_1_40' title="bbox 2004 984 3553 1055; baseline 0.007 -18"><span class='ocrx_word' id='word_1_304' title='bbox 2004 984 2196 1049; x_wconf 88' lang='lat' dir='ltr'><strong>virtus,</strong></span> <span class='ocrx_word' id='word_1_305' title='bbox 2234 987 2555 1055; x_wconf 90' lang='lat' dir='ltr'><strong>repromittit</strong></span> <span class='ocrx_word' id='word_1_306' title='bbox 2601 1004 2660 1044; x_wconf 90' lang='lat' dir='ltr'><strong>se</strong></span> <span class='ocrx_word' id='word_1_307' title='bbox 2709 1004 2828 1045; x_wconf 91' lang='lat' dir='ltr'><strong>esse</strong></span> <span class='ocrx_word' id='word_1_308' title='bbox 2859 992 3133 1045; x_wconf 76' lang='lat' dir='ltr'><strong>virtutem.</strong></span> <span class='ocrx_word' id='word_1_309' title='bbox 3198 991 3303 1047; x_wconf 84' lang='lat' dir='ltr'><strong>ista</strong></span> <span class='ocrx_word' id='word_1_310' title='bbox 3329 993 3553 1049; x_wconf 81' lang='lat' dir='ltr'><strong>scientia</strong></span> 
     </span>
    </p>
   </div>
   <div class='ocr_carea' id='block_1_41' title="bbox 2003 1076 3551 1150">
    <p class='ocr_par' dir='ltr' id='par_1_41' title="bbox 2003 1076 3551 1150">
     <span class='ocr_line' id='line_1_41' title="bbox 2003 1076 3551 1150; baseline 0.006 -21"><span class='ocrx_word' id='word_1_311' title='bbox 2003 1076 2207 1145; x_wconf 88' lang='lat' dir='ltr'><strong>patitur</strong></span> <span class='ocrx_word' id='word_1_312' title='bbox 2235 1078 2581 1146; x_wconf 88' lang='lat' dir='ltr'><strong>opprobrium</strong></span> <span class='ocrx_word' id='word_1_313' title='bbox 2610 1094 2641 1133; x_wconf 89' lang='lat' dir='ltr'><strong>a</strong></span> <span class='ocrx_word' id='word_1_314' title='bbox 2670 1082 2901 1150; x_wconf 86' lang='lat' dir='ltr'><strong>quadam</strong></span> <span class='ocrx_word' id='word_1_315' title='bbox 2947 1081 3067 1136; x_wconf 86' lang='lat' dir='ltr'><strong>falsi</strong></span> <span class='ocrx_word' id='word_1_316' title='bbox 3114 1084 3349 1138; x_wconf 79' lang='lat' dir='ltr'><strong>nominis</strong></span> <span class='ocrx_word' id='word_1_317' title='bbox 3378 1085 3551 1138; x_wconf 86' lang='lat' dir='ltr'><strong>scien-</strong></span> 
     </span>
    </p>
   </div>
   <div class='ocr_carea' id='block_1_42' title="bbox 2002 1165 3553 1241">
    <p class='ocr_par' dir='ltr' id='par_1_42' title="bbox 2002 1165 3553 1241">
     <span class='ocr_line' id='line_1_42' title="bbox 2002 1165 3553 1241; baseline 0.005 -22"><span class='ocrx_word' id='word_1_318' title='bbox 2002 1165 2076 1219; x_wconf 88' lang='lat' dir='ltr'><strong>tia</strong></span> <span class='ocrx_word' id='word_1_319' title='bbox 2102 1179 2300 1220; x_wconf 91' lang='lat' dir='ltr'><strong>nomen</strong></span> <span class='ocrx_word' id='word_1_320' title='bbox 2328 1181 2485 1221; x_wconf 90' lang='lat' dir='ltr'><strong>suum</strong></span> <span class='ocrx_word' id='word_1_321' title='bbox 2525 1168 2877 1237; x_wconf 88' lang='lat' dir='ltr'><strong>subripiente.</strong></span> <span class='ocrx_word' id='word_1_322' title='bbox 2921 1173 3028 1224; x_wconf 86' lang='lat' dir='ltr'><strong>ista</strong></span> <span class='ocrx_word' id='word_1_323' title='bbox 3063 1170 3235 1240; x_wconf 88' lang='lat' dir='ltr'><strong>pietas</strong></span> <span class='ocrx_word' id='word_1_324' title='bbox 3257 1175 3553 1241; x_wconf 84' lang='lat' dir='ltr'><strong>exprobra-</strong></span> 
     </span>
    </p>
   </div>
   <div class='ocr_carea' id='block_1_43' title="bbox 2002 1255 3552 1333">
    <p class='ocr_par' dir='ltr' id='par_1_43' title="bbox 2002 1255 3552 1333">
     <span class='ocr_line' id='line_1_43' title="bbox 2002 1255 3552 1333; baseline 0.006 -26"><span class='ocrx_word' id='word_1_325' title='bbox 2002 1262 2088 1308; x_wconf 88' lang='lat' dir='ltr'><strong>tur</strong></span> <span class='ocrx_word' id='word_1_326' title='bbox 2142 1255 2210 1309; x_wconf 90' lang='lat' dir='ltr'><strong>ab</strong></span> <span class='ocrx_word' id='word_1_327' title='bbox 2232 1270 2315 1322; x_wconf 87' lang='lat' dir='ltr'><strong>ea,</strong></span> <span class='ocrx_word' id='word_1_328' title='bbox 2348 1269 2466 1323; x_wconf 69' lang='lat' dir='ltr'><strong>quae</strong></span> <span class='ocrx_word' id='word_1_329' title='bbox 2491 1271 2613 1311; x_wconf 91' lang='lat' dir='ltr'><strong>cum</strong></span> <span class='ocrx_word' id='word_1_330' title='bbox 2644 1273 2704 1311; x_wconf 86' lang='lat' dir='ltr'><strong>se</strong></span> <span class='ocrx_word' id='word_1_331' title='bbox 2734 1259 2880 1313; x_wconf 88' lang='lat' dir='ltr'><strong>dicat</strong></span> <span class='ocrx_word' id='word_1_332' title='bbox 2906 1275 3023 1315; x_wconf 87' lang='lat' dir='ltr'><strong>esse</strong></span> <span class='ocrx_word' id='word_1_333' title='bbox 3053 1262 3325 1331; x_wconf 87' lang='lat' dir='ltr'><strong>pietatem,</strong></span> <span class='ocrx_word' id='word_1_334' title='bbox 3362 1264 3552 1333; x_wconf 90' lang='lat' dir='ltr'><strong>impie-</strong></span> 
     </span>
    </p>
   </div>
   <div class='ocr_carea' id='block_1_44' title="bbox 2002 1346 3554 1424">
    <p class='ocr_par' dir='ltr' id='par_1_44' title="bbox 2002 1346 3554 1424">
     <span class='ocr_line' id='line_1_44' title="bbox 2002 1346 3554 1424; baseline 0.005 -24"><span class='ocrx_word' id='word_1_335' title='bbox 2002 1354 2085 1401; x_wconf 86' lang='lat' dir='ltr'><strong>tas</strong></span> <span class='ocrx_word' id='word_1_336' title='bbox 2114 1356 2214 1413; x_wconf 91' lang='lat' dir='ltr'><strong>est,</strong></span> <span class='ocrx_word' id='word_1_337' title='bbox 2243 1350 2296 1400; x_wconf 89' lang='lat' dir='ltr'><strong>et</strong></span> <span class='ocrx_word' id='word_1_338' title='bbox 2322 1346 2517 1417; x_wconf 88' lang='lat' dir='ltr'><strong>impios</strong></span> <span class='ocrx_word' id='word_1_339' title='bbox 2542 1348 2776 1402; x_wconf 89' lang='lat' dir='ltr'><strong>instruit.</strong></span> <span class='ocrx_word' id='word_1_340' title='bbox 2820 1348 2925 1404; x_wconf 89' lang='lat' dir='ltr'><strong>istc</strong></span> <span class='ocrx_word' id='word_1_341' title='bbox 2950 1352 3113 1406; x_wconf 86' lang='lat' dir='ltr'><strong>timor</strong></span> <span class='ocrx_word' id='word_1_342' title='bbox 3136 1354 3335 1423; x_wconf 90' lang='lat' dir='ltr'><strong>patitur</strong></span> <span class='ocrx_word' id='word_1_343' title='bbox 3356 1369 3554 1424; x_wconf 89' lang='lat' dir='ltr'><strong>oppro-</strong></span> 
     </span>
    </p>
   </div>
   <div class='ocr_carea' id='block_1_45' title="bbox 2001 1438 3549 1507">
    <p class='ocr_par' dir='ltr' id='par_1_45' title="bbox 2001 1438 3549 1507">
     <span class='ocr_line' id='line_1_45' title="bbox 2001 1438 3549 1507; baseline 0.004 -15"><span class='ocrx_word' id='word_1_344' title='bbox 2001 1438 2178 1492; x_wconf 91' lang='lat' dir='ltr'><strong>brium</strong></span> <span class='ocrx_word' id='word_1_345' title='bbox 2226 1438 2295 1492; x_wconf 93' lang='lat' dir='ltr'><strong>ab</strong></span> <span class='ocrx_word' id='word_1_346' title='bbox 2336 1452 2403 1492; x_wconf 89' lang='lat' dir='ltr'><strong>eo</strong></span> <span class='ocrx_word' id='word_1_347' title='bbox 2437 1439 2529 1507; x_wconf 92' lang='lat' dir='ltr'><strong>qui</strong></span> <span class='ocrx_word' id='word_1_348' title='bbox 2561 1445 2781 1507; x_wconf 88' lang='lat' dir='ltr'><strong>putatur</strong></span> <span class='ocrx_word' id='word_1_349' title='bbox 2807 1453 2927 1494; x_wconf 88' lang='lat' dir='ltr'><strong>esse</strong></span> <span class='ocrx_word' id='word_1_350' title='bbox 2972 1441 3155 1496; x_wconf 87' lang='lat' dir='ltr'><strong>timor.</strong></span> <span class='ocrx_word' id='word_1_351' title='bbox 3226 1442 3549 1498; x_wconf 76' lang='lat' dir='ltr'><strong>Multienim</strong></span> 
     </span>
    </p>
   </div>
   <div class='ocr_carea' id='block_1_46' title="bbox 1999 1527 3552 1596">
    <p class='ocr_par' dir='ltr' id='par_1_46' title="bbox 1999 1527 3552 1596">
     <span class='ocr_line' id='line_1_46' title="bbox 1999 1527 3552 1596; baseline 0.004 -16"><span class='ocrx_word' id='word_1_352' title='bbox 1999 1527 2321 1596; x_wconf 86' lang='lat' dir='ltr'><strong>pollicentur</strong></span> <span class='ocrx_word' id='word_1_353' title='bbox 2353 1527 2595 1581; x_wconf 87' lang='lat' dir='ltr'><strong>divinum</strong></span> <span class='ocrx_word' id='word_1_354' title='bbox 2630 1535 2856 1591; x_wconf 88' lang='lat' dir='ltr'><strong>metum,</strong></span> <span class='ocrx_word' id='word_1_355' title='bbox 2909 1529 3001 1583; x_wconf 87' lang='lat' dir='ltr'><strong>sed</strong></span> <span class='ocrx_word' id='word_1_356' title='bbox 3040 1545 3149 1584; x_wconf 91' lang='lat' dir='ltr'><strong>non</strong></span> <span class='ocrx_word' id='word_1_357' title='bbox 3179 1546 3301 1586; x_wconf 90' lang='lat' dir='ltr'><strong>cum</strong></span> <span class='ocrx_word' id='word_1_358' title='bbox 3331 1532 3552 1586; x_wconf 84' lang='lat' dir='ltr'><strong>scientia</strong></span> 
     </span>
    </p>
   </div>
   <div class='ocr_carea' id='block_1_47' title="bbox 2000 1617 3555 1698">
    <p class='ocr_par' dir='ltr' id='par_1_47' title="bbox 2000 1617 3555 1698">
     <span class='ocr_line' id='line_1_47' title="bbox 2000 1617 3555 1698; baseline 0.003 -26"><span class='ocrx_word' id='word_1_359' title='bbox 2000 1627 2265 1673; x_wconf 85' lang='lat' dir='ltr'><strong>metuunt.</strong></span> <span class='ocrx_word' id='word_1_360' title='bbox 2318 1617 2605 1698; x_wconf 74' lang='lat' dir='ltr'><strong>Quomodo</strong></span> <span class='ocrx_word' id='word_1_361' title='bbox 2629 1633 2759 1689; x_wconf 82' lang='lat' dir='ltr'><strong>ergo</strong></span> <span class='ocrx_word' id='word_1_362' title='bbox 2788 1618 2903 1673; x_wconf 68' lang='lat' dir='ltr'><strong>ista:</strong></span> <span class='ocrx_word' id='word_1_363' title='bbox 2926 1629 3127 1689; x_wconf 82' lang='lat' dir='ltr'><strong>septem</strong></span> <span class='ocrx_word' id='word_1_364' title='bbox 3160 1623 3439 1691; x_wconf 87' lang='lat' dir='ltr'><strong>patiuntur</strong></span> <span class='ocrx_word' id='word_1_365' title='bbox 3466 1636 3555 1691; x_wconf 90' lang='lat' dir='ltr'><strong>op-</strong></span> 
     </span>
    </p>
   </div>
   <div class='ocr_carea' id='block_1_48' title="bbox 1999 1707 3551 1780">
    <p class='ocr_par' dir='ltr' id='par_1_48' title="bbox 1999 1707 3551 1780">
     <span class='ocr_line' id='line_1_48' title="bbox 1999 1707 3551 1780; baseline 0.003 -19"><span class='ocrx_word' id='word_1_366' title='bbox 1999 1708 2282 1777; x_wconf 88' lang='lat' dir='ltr'><strong>probrium</strong></span> <span class='ocrx_word' id='word_1_367' title='bbox 2343 1709 2767 1763; x_wconf 88' lang='lat' dir='ltr'><strong>consideremus.</strong></span> <span class='ocrx_word' id='word_1_368' title='bbox 2828 1707 2963 1763; x_wconf 70' lang='lat' dir='ltr'><strong>Vide</strong></span> <span class='ocrx_word' id='word_1_369' title='bbox 3007 1712 3323 1780; x_wconf 75' lang='lat' dir='ltr'><strong>sapientiam</strong></span> <span class='ocrx_word' id='word_1_370' title='bbox 3368 1713 3551 1766; x_wconf 67' lang='lat' dir='ltr'><strong>saeculi</strong></span> 
     </span>
    </p>
   </div>
   <div class='ocr_carea' id='block_1_49' title="bbox 1999 1796 3548 1874">
    <p class='ocr_par' dir='ltr' id='par_1_49' title="bbox 1999 1796 3548 1874">
     <span class='ocr_line' id='line_1_49' title="bbox 1999 1796 3548 1874; baseline 0.005 -24"><span class='ocrx_word' id='word_1_371' title='bbox 1999 1796 2200 1867; x_wconf 86' lang='lat' dir='ltr'><strong>hujus,</strong></span> <span class='ocrx_word' id='word_1_372' title='bbox 2250 1797 2371 1852; x_wconf 83' lang='lat' dir='ltr'><strong>vide</strong></span> <span class='ocrx_word' id='word_1_373' title='bbox 2416 1798 2734 1874; x_wconf 81' lang='lat' dir='ltr'><strong>sapientiam</strong></span> <span class='ocrx_word' id='word_1_374' title='bbox 2777 1799 3079 1869; x_wconf 82' lang='lat' dir='ltr'><strong>principum</strong></span> <span class='ocrx_word' id='word_1_375' title='bbox 3126 1802 3312 1861; x_wconf 78' lang='lat' dir='ltr'><strong>mundi</strong></span> <span class='ocrx_word' id='word_1_376' title='bbox 3366 1802 3548 1871; x_wconf 87' lang='lat' dir='ltr'><strong>hujus,</strong></span> 
     </span>
    </p>
   </div>
   <div class='ocr_carea' id='block_1_50' title="bbox 1995 1886 3551 1961">
    <p class='ocr_par' dir='ltr' id='par_1_50' title="bbox 1995 1886 3551 1961">
     <span class='ocr_line' id='line_1_50' title="bbox 1995 1886 3551 1961; baseline 0.005 -22"><span class='ocrx_word' id='word_1_377' title='bbox 1995 1886 2266 1957; x_wconf 82' lang='lat' dir='ltr'><strong>quomodo</strong></span> <span class='ocrx_word' id='word_1_378' title='bbox 2285 1889 2611 1957; x_wconf 69' lang='lat' dir='ltr'><strong>exprobrant</strong></span> <span class='ocrx_word' id='word_1_379' title='bbox 2631 1886 2950 1956; x_wconf 83' lang='lat' dir='ltr'><strong>sapientiam</strong></span> <span class='ocrx_word' id='word_1_380' title='bbox 2970 1889 3173 1944; x_wconf 88' lang='lat' dir='ltr'><strong>Christi</strong></span> <span class='ocrx_word' id='word_1_381' title='bbox 3200 1892 3328 1955; x_wconf 89' lang='lat' dir='ltr'><strong>mei,</strong></span> <span class='ocrx_word' id='word_1_382' title='bbox 3348 1900 3399 1945; x_wconf 88' lang='lat' dir='ltr'><strong>et</strong></span> <span class='ocrx_word' id='word_1_383' title='bbox 3418 1907 3551 1961; x_wconf 83' lang='lat' dir='ltr'><strong>quo-</strong></span> 
     </span>
    </p>
   </div>
   <div class='ocr_carea' id='block_1_51' title="bbox 1996 1971 3550 2053">
    <p class='ocr_par' dir='ltr' id='par_1_51' title="bbox 1996 1971 3550 2053">
     <span class='ocr_line' id='line_1_51' title="bbox 1996 1971 3550 2053; baseline 0.003 -21"><span class='ocrx_word' id='word_1_384' title='bbox 1996 1971 2157 2033; x_wconf 83' lang='lat' dir='ltr'><strong>modo</strong></span> <span class='ocrx_word' id='word_1_385' title='bbox 2185 1979 2514 2053; x_wconf 78' lang='lat' dir='ltr'><strong>exprobrant</strong></span> <span class='ocrx_word' id='word_1_386' title='bbox 2558 1981 2877 2051; x_wconf 85' lang='lat' dir='ltr'><strong>sapientiam</strong></span> <span class='ocrx_word' id='word_1_387' title='bbox 2905 1979 3170 2036; x_wconf 72' lang='lat' dir='ltr'><strong>iudaismi</strong></span> <span class='ocrx_word' id='word_1_388' title='bbox 3202 1983 3310 2035; x_wconf 88' lang='lat' dir='ltr'><strong>veri</strong></span> <span class='ocrx_word' id='word_1_389' title='bbox 3333 2021 3347 2045; x_wconf 92' lang='lat'><strong>,</strong></span> <span class='ocrx_word' id='word_1_390' title='bbox 3397 1983 3550 2052; x_wconf 80' lang='lat' dir='ltr'><strong>juxta</strong></span> 
     </span>
    </p>
   </div>
   <div class='ocr_carea' id='block_1_52' title="bbox 1994 2068 3555 2145">
    <p class='ocr_par' dir='ltr' id='par_1_52' title="bbox 1994 2068 3555 2145">
     <span class='ocr_line' id='line_1_52' title="bbox 1994 2068 3555 2145; baseline 0.004 -26"><span class='ocrx_word' id='word_1_391' title='bbox 1994 2081 2155 2135; x_wconf 89' lang='lat' dir='ltr'><strong>quem</strong></span> <span class='ocrx_word' id='word_1_392' title='bbox 2182 2083 2283 2124; x_wconf 89' lang='lat' dir='ltr'><strong>nos</strong></span> <span class='ocrx_word' id='word_1_393' title='bbox 2314 2068 2754 2124; x_wconf 86' lang='lat' dir='ltr'><strong>circumcidimur</strong></span> <span class='ocrx_word' id='word_1_394' title='bbox 2786 2069 3125 2145; x_wconf 80' lang='lat' dir='ltr'><strong>spiritaliter,</strong></span> <span class='ocrx_word' id='word_1_395' title='bbox 3153 2070 3243 2123; x_wconf 86' lang='lat' dir='ltr'><strong>isti</strong></span> <span class='ocrx_word' id='word_1_396' title='bbox 3268 2084 3394 2125; x_wconf 85' lang='lat' dir='ltr'><strong>vero</strong></span> <span class='ocrx_word' id='word_1_397' title='bbox 3422 2086 3555 2140; x_wconf 71' lang='lat' dir='ltr'><strong>prte—</strong></span> 
     </span>
    </p>
   </div>
   <div class='ocr_carea' id='block_1_53' title="bbox 1995 2157 3551 2230">
    <p class='ocr_par' dir='ltr' id='par_1_53' title="bbox 1995 2157 3551 2230">
     <span class='ocr_line' id='line_1_53' title="bbox 1995 2157 3551 2230; baseline 0.001 -18"><span class='ocrx_word' id='word_1_398' title='bbox 1995 2157 2269 2212; x_wconf 86' lang='lat' dir='ltr'><strong>ciduntur.</strong></span> <span class='ocrx_word' id='word_1_399' title='bbox 2310 2157 2550 2229; x_wconf 82' lang='lat' dir='ltr'><strong>lntellige</strong></span> <span class='ocrx_word' id='word_1_400' title='bbox 2579 2159 2760 2228; x_wconf 83' lang='lat' dir='ltr'><strong>itaque</strong></span> <span class='ocrx_word' id='word_1_401' title='bbox 2785 2161 3056 2229; x_wconf 89' lang='lat' dir='ltr'><strong>quomodo</strong></span> <span class='ocrx_word' id='word_1_402' title='bbox 3083 2161 3344 2230; x_wconf 87' lang='lat' dir='ltr'><strong>sapientia</strong></span> <span class='ocrx_word' id='word_1_403' title='bbox 3372 2163 3551 2217; x_wconf 63' lang='grc' dir='ltr'><strong>δείξουιί</strong></span> 
     </span>
    </p>
   </div>
   <div class='ocr_carea' id='block_1_54' title="bbox 1996 2246 3549 2318">
    <p class='ocr_par' dir='ltr' id='par_1_54' title="bbox 1996 2246 3549 2318">
     <span class='ocr_line' id='line_1_54' title="bbox 1996 2246 3549 2318; baseline 0.004 -18"><span class='ocrx_word' id='word_1_404' title='bbox 1996 2246 2160 2316; x_wconf 90' lang='lat' dir='ltr'><strong>hujus</strong></span> <span class='ocrx_word' id='word_1_405' title='bbox 2208 2257 2260 2303; x_wconf 91' lang='lat' dir='ltr'><strong>et</strong></span> <span class='ocrx_word' id='word_1_406' title='bbox 2290 2248 2593 2318; x_wconf 86' lang='lat' dir='ltr'><strong>principum</strong></span> <span class='ocrx_word' id='word_1_407' title='bbox 2636 2248 2820 2303; x_wconf 89' lang='lat' dir='ltr'><strong>mundi</strong></span> <span class='ocrx_word' id='word_1_408' title='bbox 2874 2250 3070 2317; x_wconf 87' lang='lat' dir='ltr'><strong>istius,</strong></span> <span class='ocrx_word' id='word_1_409' title='bbox 3105 2251 3433 2305; x_wconf 85' lang='lat' dir='ltr'><strong>maledicunt</strong></span> <span class='ocrx_word' id='word_1_410' title='bbox 3459 2267 3549 2315; x_wconf 81' lang='lat' dir='ltr'><strong>sa-</strong></span> 
     </span>
    </p>
   </div>
   <div class='ocr_carea' id='block_1_55' title="bbox 1995 2336 3554 2409">
    <p class='ocr_par' dir='ltr' id='par_1_55' title="bbox 1995 2336 3554 2409">
     <span class='ocr_line' id='line_1_55' title="bbox 1995 2336 3554 2409; baseline 0.006 -22"><span class='ocrx_word' id='word_1_411' title='bbox 1995 2336 2236 2405; x_wconf 68' lang='lat' dir='ltr'><strong>pientiae;</strong></span> <span class='ocrx_word' id='word_1_412' title='bbox 2264 2345 2316 2391; x_wconf 92' lang='lat' dir='ltr'><strong>et</strong></span> <span class='ocrx_word' id='word_1_413' title='bbox 2340 2337 2409 2390; x_wconf 92' lang='lat' dir='ltr'><strong>ob</strong></span> <span class='ocrx_word' id='word_1_414' title='bbox 2436 2337 2539 2392; x_wconf 91' lang='lat' dir='ltr'><strong>hoc</strong></span> <span class='ocrx_word' id='word_1_415' title='bbox 2562 2339 2820 2407; x_wconf 63' lang='lat' dir='ltr'><strong>quaeritur</strong></span> <span class='ocrx_word' id='word_1_416' title='bbox 2845 2339 3008 2394; x_wconf 90' lang='lat' dir='ltr'><strong>homo</strong></span> <span class='ocrx_word' id='word_1_417' title='bbox 3036 2340 3129 2409; x_wconf 91' lang='lat' dir='ltr'><strong>qui</strong></span> <span class='ocrx_word' id='word_1_418' title='bbox 3160 2357 3284 2395; x_wconf 90' lang='lat' dir='ltr'><strong>cum</strong></span> <span class='ocrx_word' id='word_1_419' title='bbox 3321 2343 3437 2396; x_wconf 87' lang='lat' dir='ltr'><strong>istis</strong></span> <span class='ocrx_word' id='word_1_420' title='bbox 3466 2357 3554 2397; x_wconf 82' lang='lat' dir='ltr'><strong>se—</strong></span> 
     </span>
    </p>
   </div>
   <div class='ocr_carea' id='block_1_56' title="bbox 1996 2425 3551 2499">
    <p class='ocr_par' dir='ltr' id='par_1_56' title="bbox 1996 2425 3551 2499">
     <span class='ocr_line' id='line_1_56' title="bbox 1996 2425 3551 2499; baseline 0.005 -19"><span class='ocrx_word' id='word_1_421' title='bbox 1996 2436 2139 2496; x_wconf 89' lang='lat' dir='ltr'><strong>ptem</strong></span> <span class='ocrx_word' id='word_1_422' title='bbox 2189 2425 2524 2499; x_wconf 80' lang='lat' dir='ltr'><strong>spiritalibus</strong></span> <span class='ocrx_word' id='word_1_423' title='bbox 2565 2428 2715 2483; x_wconf 86' lang='lat' dir='ltr'><strong>velut</strong></span> <span class='ocrx_word' id='word_1_424' title='bbox 2754 2428 3070 2484; x_wconf 89' lang='lat' dir='ltr'><strong>mulieribus</strong></span> <span class='ocrx_word' id='word_1_425' title='bbox 3113 2430 3218 2495; x_wconf 89' lang='lat' dir='ltr'><strong>sit,</strong></span> <span class='ocrx_word' id='word_1_426' title='bbox 3257 2442 3315 2484; x_wconf 86' lang='lat' dir='ltr'><strong>ut</strong></span> <span class='ocrx_word' id='word_1_427' title='bbox 3341 2430 3551 2488; x_wconf 86' lang='lat' dir='ltr'><strong>auferat</strong></span> 
     </span>
    </p>
   </div>
   <div class='ocr_carea' id='block_1_57' title="bbox 1992 2517 3547 2594">
    <p class='ocr_par' dir='ltr' id='par_1_57' title="bbox 1992 2517 3547 2594">
     <span class='ocr_line' id='line_1_57' title="bbox 1992 2517 3547 2594; baseline 0.006 -25"><span class='ocrx_word' id='word_1_428' title='bbox 1992 2530 2178 2570; x_wconf 89' lang='lat' dir='ltr'><strong>earum</strong></span> <span class='ocrx_word' id='word_1_429' title='bbox 2205 2519 2578 2586; x_wconf 88' lang='lat' dir='ltr'><strong>opprobrium.</strong></span> <span class='ocrx_word' id='word_1_430' title='bbox 2613 2517 2839 2589; x_wconf 83' lang='lat' dir='ltr'><strong>Proprie</strong></span> <span class='ocrx_word' id='word_1_431' title='bbox 2866 2535 3009 2575; x_wconf 88' lang='lat' dir='ltr'><strong>unus</strong></span> <span class='ocrx_word' id='word_1_432' title='bbox 3034 2528 3119 2576; x_wconf 90' lang='lat' dir='ltr'><strong>est</strong></span> <span class='ocrx_word' id='word_1_433' title='bbox 3146 2522 3308 2578; x_wconf 90' lang='lat' dir='ltr'><strong>homo</strong></span> <span class='ocrx_word' id='word_1_434' title='bbox 3336 2524 3429 2594; x_wconf 88' lang='lat' dir='ltr'><strong>qui</strong></span> <span class='ocrx_word' id='word_1_435' title='bbox 3453 2538 3547 2579; x_wconf 87' lang='lat' dir='ltr'><strong>au-</strong></span> 
     </span>
    </p>
   </div>
   <div class='ocr_carea' id='block_1_58' title="bbox 1994 2602 3547 2679">
    <p class='ocr_par' dir='ltr' id='par_1_58' title="bbox 1994 2602 3547 2679">
     <span class='ocr_line' id='line_1_58' title="bbox 1994 2602 3547 2679; baseline 0.006 -20"><span class='ocrx_word' id='word_1_436' title='bbox 1994 2602 2132 2660; x_wconf 88' lang='lat' dir='ltr'><strong>ferat</strong></span> <span class='ocrx_word' id='word_1_437' title='bbox 2164 2620 2351 2663; x_wconf 86' lang='lat' dir='ltr'><strong>earum</strong></span> <span class='ocrx_word' id='word_1_438' title='bbox 2376 2609 2748 2679; x_wconf 85' lang='lat' dir='ltr'><strong>opprobrium.</strong></span> <span class='ocrx_word' id='word_1_439' title='bbox 2801 2610 2936 2679; x_wconf 84' lang='lat' dir='ltr'><strong>Quis</strong></span> <span class='ocrx_word' id='word_1_440' title='bbox 2959 2620 3043 2667; x_wconf 87' lang='lat' dir='ltr'><strong>est</strong></span> <span class='ocrx_word' id='word_1_441' title='bbox 3075 2612 3177 2667; x_wconf 87' lang='lat' dir='ltr'><strong>iste</strong></span> <span class='ocrx_word' id='word_1_442' title='bbox 3210 2608 3412 2669; x_wconf 70' lang='lat' dir='ltr'><strong>homo?</strong></span> <span class='ocrx_word' id='word_1_443' title='bbox 3456 2613 3547 2669; x_wconf 73' lang='lat' dir='ltr'><strong>Je-</strong></span> 
     </span>
    </p>
   </div>
   <div class='ocr_carea' id='block_1_59' title="bbox 1994 2696 3545 2771">
    <p class='ocr_par' dir='ltr' id='par_1_59' title="bbox 1994 2696 3545 2771">
     <span class='ocr_line' id='line_1_59' title="bbox 1994 2696 3545 2771; baseline 0.003 -20"><span class='ocrx_word' id='word_1_444' title='bbox 1994 2711 2088 2751; x_wconf 88' lang='lat' dir='ltr'><strong>sus</strong></span> <span class='ocrx_word' id='word_1_445' title='bbox 2115 2696 2208 2765; x_wconf 90' lang='lat' dir='ltr'><strong>qui</strong></span> <span class='ocrx_word' id='word_1_446' title='bbox 2249 2698 2413 2751; x_wconf 79' lang='lat' dir='ltr'><strong>exivit</strong></span> <span class='ocrx_word' id='word_1_447' title='bbox 2440 2697 2597 2768; x_wconf 80' lang='lat' dir='ltr'><strong>juxta</strong></span> <span class='ocrx_word' id='word_1_448' title='bbox 2627 2714 2848 2755; x_wconf 82' lang='lat' dir='ltr'><strong>carnem</strong></span> <span class='ocrx_word' id='word_1_449' title='bbox 2878 2700 2945 2756; x_wconf 87' lang='lat' dir='ltr'><strong>de</strong></span> <span class='ocrx_word' id='word_1_450' title='bbox 2983 2701 3164 2758; x_wconf 81' lang='lat' dir='ltr'><strong>radice</strong></span> <span class='ocrx_word' id='word_1_451' title='bbox 3192 2700 3343 2757; x_wconf 77' lang='lat' dir='ltr'><strong>Iesse</strong></span> <span class='ocrx_word' id='word_1_452' title='bbox 3376 2703 3545 2771; x_wconf 76' lang='lat' dir='ltr'><strong>factus</strong></span> 
     </span>
    </p>
   </div>
   <div class='ocr_carea' id='block_1_60' title="bbox 1991 2785 3543 2860">
    <p class='ocr_par' dir='ltr' id='par_1_60' title="bbox 1991 2785 3543 2860">
     <span class='ocr_line' id='line_1_60' title="bbox 1991 2785 3543 2860; baseline 0.006 -23"><span class='ocrx_word' id='word_1_453' title='bbox 1991 2799 2059 2838; x_wconf 67' lang='lat' dir='ltr'><strong>es</strong></span> <span class='ocrx_word' id='word_1_454' title='bbox 2083 2787 2276 2840; x_wconf 77' lang='lat' dir='ltr'><strong>semine</strong></span> <span class='ocrx_word' id='word_1_455' title='bbox 2308 2785 2477 2841; x_wconf 75' lang='lat' dir='ltr'><strong>David</strong></span> <span class='ocrx_word' id='word_1_456' title='bbox 2521 2789 2803 2843; x_wconf 74' lang='lat' dir='ltr'><strong>secundum</strong></span> <span class='ocrx_word' id='word_1_457' title='bbox 2848 2805 3058 2845; x_wconf 77' lang='lat' dir='ltr'><strong>carnem</strong></span> <span class='ocrx_word' id='word_1_458' title='bbox 3080 2830 3097 2853; x_wconf 91' lang='lat'><strong>,</strong></span> <span class='ocrx_word' id='word_1_459' title='bbox 3141 2793 3543 2860; x_wconf 68' lang='lat' dir='ltr'><strong>pra-deuinctus</strong></span> 
     </span>
    </p>
   </div>
   <div class='ocr_carea' id='block_1_61' title="bbox 1994 2873 3541 2950">
    <p class='ocr_par' dir='ltr' id='par_1_61' title="bbox 1994 2873 3541 2950">
     <span class='ocr_line' id='line_1_61' title="bbox 1994 2873 3541 2950; baseline 0.004 -21"><span class='ocrx_word' id='word_1_460' title='bbox 1994 2873 2171 2931; x_wconf 75' lang='lat' dir='ltr'><strong>Filius</strong></span> <span class='ocrx_word' id='word_1_461' title='bbox 2195 2876 2293 2931; x_wconf 84' lang='lat' dir='ltr'><strong>Dei</strong></span> <span class='ocrx_word' id='word_1_462' title='bbox 2323 2879 2378 2931; x_wconf 77' lang='lat' dir='ltr'><strong>in</strong></span> <span class='ocrx_word' id='word_1_463' title='bbox 2400 2879 2588 2932; x_wconf 84' lang='lat' dir='ltr'><strong>virtute</strong></span> <span class='ocrx_word' id='word_1_464' title='bbox 2603 2879 2764 2948; x_wconf 70' lang='lat' dir='ltr'><strong>juxta</strong></span> <span class='ocrx_word' id='word_1_465' title='bbox 2789 2881 3033 2950; x_wconf 75' lang='lat' dir='ltr'><strong>spiritum</strong></span> <span class='ocrx_word' id='word_1_466' title='bbox 3052 2881 3457 2950; x_wconf 81' lang='lat' dir='ltr'><strong>justiﬁcationis</strong></span> <span class='ocrx_word' id='word_1_467' title='bbox 3469 2882 3541 2935; x_wconf 84' lang='grc'><strong>³³.</strong></span> 
     </span>
    </p>
   </div>
   <div class='ocr_carea' id='block_1_62' title="bbox 1995 2962 3543 3042">
    <p class='ocr_par' dir='ltr' id='par_1_62' title="bbox 1995 2962 3543 3042">
     <span class='ocr_line' id='line_1_62' title="bbox 1995 2962 3543 3042; baseline 0.003 -20"><span class='ocrx_word' id='word_1_468' title='bbox 1995 2966 2140 3022; x_wconf 86' lang='lat' dir='ltr'><strong>Exiit</strong></span> <span class='ocrx_word' id='word_1_469' title='bbox 2164 2967 2360 3037; x_wconf 89' lang='lat' dir='ltr'><strong>quippe</strong></span> <span class='ocrx_word' id='word_1_470' title='bbox 2392 2970 2540 3040; x_wconf 81' lang='lat' dir='ltr'><strong>virga</strong></span> <span class='ocrx_word' id='word_1_471' title='bbox 2566 2968 2676 3040; x_wconf 82' lang='lat'><strong>(89)</strong></span> <span class='ocrx_word' id='word_1_472' title='bbox 2702 2970 2767 3025; x_wconf 89' lang='lat' dir='ltr'><strong>de</strong></span> <span class='ocrx_word' id='word_1_473' title='bbox 2800 2970 2980 3026; x_wconf 89' lang='lat' dir='ltr'><strong>radice</strong></span> <span class='ocrx_word' id='word_1_474' title='bbox 3005 2962 3176 3026; x_wconf 76' lang='lat' dir='ltr'><strong>Jesse.</strong></span> <span class='ocrx_word' id='word_1_475' title='bbox 3247 2967 3406 3042; x_wconf 72' lang='lat' dir='ltr'><strong>Virga</strong></span> <span class='ocrx_word' id='word_1_476' title='bbox 3435 2988 3543 3027; x_wconf 89' lang='lat' dir='ltr'><strong>non</strong></span> 
     </span>
    </p>
   </div>
   <div class='ocr_carea' id='block_1_63' title="bbox 342 3056 3541 3142">
    <p class='ocr_par' dir='ltr' id='par_1_63' title="bbox 342 3056 3541 3142">
     <span class='ocr_line' id='line_1_63' title="bbox 342 3056 3541 3142; baseline -0.004 -11"><span class='ocrx_word' id='word_1_477' title='bbox 342 3076 410 3131; x_wconf 89' lang='lat' dir='ltr'><strong>de</strong></span> <span class='ocrx_word' id='word_1_478' title='bbox 450 3074 654 3129; x_wconf 86' lang='lat' dir='ltr'><strong>nostris</strong></span> <span class='ocrx_word' id='word_1_479' title='bbox 699 3070 858 3126; x_wconf 91' lang='lat' dir='ltr'><strong>bonis</strong></span> <span class='ocrx_word' id='word_1_480' title='bbox 904 3067 1262 3132; x_wconf 86' lang='lat' dir='ltr'><strong>sermonibus,</strong></span> <span class='ocrx_word' id='word_1_481' title='bbox 1301 3066 1552 3136; x_wconf 87' lang='lat' dir='ltr'><strong>operibus</strong></span> <span class='ocrx_word' id='word_1_482' title='bbox 1586 3073 1640 3120; x_wconf 91' lang='lat' dir='ltr'><strong>et</strong></span> <span class='ocrx_word' id='word_1_483' title='bbox 1681 3064 1891 3118; x_wconf 90' lang='lat' dir='ltr'><strong>intelle-</strong></span> <span class='ocrx_word' id='word_1_484' title='bbox 1918 3082 1963 3142; x_wconf 66' lang='grc' dir='ltr'><strong>ϐ</strong></span> <span class='ocrx_word' id='word_1_485' title='bbox 1994 3068 2076 3111; x_wconf 88' lang='lat' dir='ltr'><strong>est</strong></span> <span class='ocrx_word' id='word_1_486' title='bbox 2102 3056 2492 3126; x_wconf 79' lang='lat' dir='ltr'><strong>primogenitus</strong></span> <span class='ocrx_word' id='word_1_487' title='bbox 2517 3060 2696 3115; x_wconf 90' lang='lat' dir='ltr'><strong>omnis</strong></span> <span class='ocrx_word' id='word_1_488' title='bbox 2728 3069 3007 3123; x_wconf 72' lang='lat' dir='ltr'><strong>creaturae,</strong></span> <span class='ocrx_word' id='word_1_489' title='bbox 3030 3061 3181 3132; x_wconf 81' lang='lat' dir='ltr'><strong>virga</strong></span> <span class='ocrx_word' id='word_1_490' title='bbox 3206 3076 3311 3115; x_wconf 91' lang='lat' dir='ltr'><strong>non</strong></span> <span class='ocrx_word' id='word_1_491' title='bbox 3340 3071 3422 3117; x_wconf 91' lang='lat' dir='ltr'><strong>est</strong></span> <span class='ocrx_word' id='word_1_492' title='bbox 3449 3065 3541 3133; x_wconf 82' lang='lat' dir='ltr'><strong>qui</strong></span> 
     </span>
    </p>
   </div>
   <div class='ocr_carea' id='block_1_64' title="bbox 340 3155 1888 3233">
    <p class='ocr_par' dir='ltr' id='par_1_64' title="bbox 340 3155 1888 3233">
     <span class='ocr_line' id='line_1_64' title="bbox 340 3155 1888 3233; baseline -0.008 -12"><span class='ocrx_word' id='word_1_493' title='bbox 340 3174 453 3231; x_wconf 90' lang='lat' dir='ltr'><strong>ctu,</strong></span> <span class='ocrx_word' id='word_1_494' title='bbox 487 3162 727 3233; x_wconf 83' lang='lat' dir='ltr'><strong>repascit</strong></span> <span class='ocrx_word' id='word_1_495' title='bbox 759 3175 861 3215; x_wconf 90' lang='lat' dir='ltr'><strong>nos</strong></span> <span class='ocrx_word' id='word_1_496' title='bbox 886 3160 1001 3215; x_wconf 80' lang='lat' dir='ltr'><strong>suis</strong></span> <span class='ocrx_word' id='word_1_497' title='bbox 1035 3158 1175 3219; x_wconf 84' lang='lat' dir='ltr'><strong>escis</strong></span> <span class='ocrx_word' id='word_1_498' title='bbox 1200 3156 1555 3227; x_wconf 84' lang='lat' dir='ltr'><strong>spiritalibus,</strong></span> <span class='ocrx_word' id='word_1_499' title='bbox 1592 3164 1645 3210; x_wconf 89' lang='lat' dir='ltr'><strong>et</strong></span> <span class='ocrx_word' id='word_1_500' title='bbox 1668 3155 1888 3219; x_wconf 83' lang='lat' dir='ltr'><strong>divinis,</strong></span> 
     </span>
    </p>
   </div>
   <div class='ocr_carea' id='block_1_65' title="bbox 339 3246 1892 3322">
    <p class='ocr_par' dir='ltr' id='par_1_65' title="bbox 339 3246 1892 3322">
     <span class='ocr_line' id='line_1_65' title="bbox 339 3246 1892 3322; baseline -0.009 -9"><span class='ocrx_word' id='word_1_501' title='bbox 339 3266 393 3315; x_wconf 90' lang='lat' dir='ltr'><strong>et</strong></span> <span class='ocrx_word' id='word_1_502' title='bbox 419 3255 754 3311; x_wconf 85' lang='lat' dir='ltr'><strong>melioribus.</strong></span> <span class='ocrx_word' id='word_1_503' title='bbox 793 3251 1088 3322; x_wconf 83' lang='lat' dir='ltr'><strong>Propterea</strong></span> <span class='ocrx_word' id='word_1_504' title='bbox 1114 3248 1240 3318; x_wconf 85' lang='lat' dir='ltr'><strong>quia</strong></span> <span class='ocrx_word' id='word_1_505' title='bbox 1269 3249 1480 3313; x_wconf 78' lang='lat' dir='ltr'><strong>beatum</strong></span> <span class='ocrx_word' id='word_1_506' title='bbox 1506 3252 1589 3315; x_wconf 83' lang='lat' dir='ltr'><strong>est</strong></span> <span class='ocrx_word' id='word_1_507' title='bbox 1617 3246 1892 3315; x_wconf 85' lang='lat' dir='ltr'><strong>suscipere</strong></span> 
     </span>
    </p>
   </div>
   <div class='ocr_carea' id='block_1_66' title="bbox 342 3334 1889 3410">
    <p class='ocr_par' dir='ltr' id='par_1_66' title="bbox 342 3334 1889 3410">
     <span class='ocr_line' id='line_1_66' title="bbox 342 3334 1889 3410; baseline -0.007 -11"><span class='ocrx_word' id='word_1_508' title='bbox 342 3345 704 3409; x_wconf 84' lang='lat' dir='ltr'><strong>Salvatorem,</strong></span> <span class='ocrx_word' id='word_1_509' title='bbox 738 3340 940 3410; x_wconf 88' lang='lat' dir='ltr'><strong>apertis</strong></span> <span class='ocrx_word' id='word_1_510' title='bbox 965 3337 1121 3394; x_wconf 89' lang='lat' dir='ltr'><strong>ostiis</strong></span> <span class='ocrx_word' id='word_1_511' title='bbox 1147 3336 1454 3407; x_wconf 71' lang='lat' dir='ltr'><strong>principalis</strong></span> <span class='ocrx_word' id='word_1_512' title='bbox 1487 3334 1666 3396; x_wconf 85' lang='lat' dir='ltr'><strong>cordis</strong></span> <span class='ocrx_word' id='word_1_513' title='bbox 1698 3336 1889 3403; x_wconf 83' lang='lat' dir='ltr'><strong>nostri,</strong></span> 
     </span>
    </p>
   </div>
   <div class='ocr_carea' id='block_1_67' title="bbox 340 3414 1891 3505">
    <p class='ocr_par' dir='ltr' id='par_1_67' title="bbox 340 3414 1891 3505">
     <span class='ocr_line' id='line_1_67' title="bbox 340 3414 1891 3505; baseline -0.005 -17"><span class='ocrx_word' id='word_1_514' title='bbox 340 3447 703 3505; x_wconf 71' lang='lat' dir='ltr'><strong>praeparemus</strong></span> <span class='ocrx_word' id='word_1_515' title='bbox 728 3431 775 3484; x_wconf 89' lang='lat' dir='ltr'><strong>ei</strong></span> <span class='ocrx_word' id='word_1_516' title='bbox 806 3430 999 3494; x_wconf 85' lang='lat' dir='ltr'><strong>mella,</strong></span> <span class='ocrx_word' id='word_1_517' title='bbox 1034 3442 1087 3482; x_wconf 88' lang='lat' dir='ltr'><strong>et</strong></span> <span class='ocrx_word' id='word_1_518' title='bbox 1129 3414 1343 3487; x_wconf 76' lang='lat' dir='ltr'><strong>omnem</strong></span> <span class='ocrx_word' id='word_1_519' title='bbox 1392 3441 1601 3481; x_wconf 71' lang='lat' dir='ltr'><strong>caenam</strong></span> <span class='ocrx_word' id='word_1_520' title='bbox 1634 3426 1783 3495; x_wconf 91' lang='lat' dir='ltr'><strong>ejus;</strong></span> <span class='ocrx_word' id='word_1_521' title='bbox 1832 3435 1891 3482; x_wconf 89' lang='lat' dir='ltr'><strong>ut</strong></span> 
     </span>
    </p>
   </div>
   <div class='ocr_carea' id='block_1_68' title="bbox 339 3514 1889 3593">
    <p class='ocr_par' dir='ltr' id='par_1_68' title="bbox 339 3514 1889 3593">
     <span class='ocr_line' id='line_1_68' title="bbox 339 3514 1889 3593; baseline -0.007 -16"><span class='ocrx_word' id='word_1_522' title='bbox 339 3526 455 3593; x_wconf 88' lang='lat' dir='ltr'><strong>ipse</strong></span> <span class='ocrx_word' id='word_1_523' title='bbox 481 3536 581 3577; x_wconf 89' lang='lat' dir='ltr'><strong>nos</strong></span> <span class='ocrx_word' id='word_1_524' title='bbox 613 3520 775 3585; x_wconf 80' lang='lat' dir='ltr'><strong>ducat</strong></span> <span class='ocrx_word' id='word_1_525' title='bbox 802 3519 867 3572; x_wconf 88' lang='lat' dir='ltr'><strong>ad</strong></span> <span class='ocrx_word' id='word_1_526' title='bbox 903 3532 1151 3588; x_wconf 76' lang='lat' dir='ltr'><strong>magnam</strong></span> <span class='ocrx_word' id='word_1_527' title='bbox 1197 3530 1406 3570; x_wconf 81' lang='lat' dir='ltr'><strong>cmnam</strong></span> <span class='ocrx_word' id='word_1_528' title='bbox 1438 3514 1612 3569; x_wconf 87' lang='lat' dir='ltr'><strong>Patris</strong></span> <span class='ocrx_word' id='word_1_529' title='bbox 1644 3514 1695 3566; x_wconf 93' lang='lat' dir='ltr'><strong>in</strong></span> <span class='ocrx_word' id='word_1_530' title='bbox 1724 3528 1889 3585; x_wconf 82' lang='lat' dir='ltr'><strong>regno</strong></span> 
     </span>
    </p>
   </div>
   <div class='ocr_carea' id='block_1_69' title="bbox 339 3601 1892 3677">
    <p class='ocr_par' dir='ltr' id='par_1_69' title="bbox 339 3601 1892 3677">
     <span class='ocr_line' id='line_1_69' title="bbox 339 3601 1892 3677; baseline -0.005 -14"><span class='ocrx_word' id='word_1_531' title='bbox 339 3609 622 3673; x_wconf 75' lang='lat' dir='ltr'><strong>cmiorum,</strong></span> <span class='ocrx_word' id='word_1_532' title='bbox 658 3622 780 3677; x_wconf 80' lang='lat' dir='ltr'><strong>quae</strong></span> <span class='ocrx_word' id='word_1_533' title='bbox 808 3613 892 3661; x_wconf 90' lang='lat' dir='ltr'><strong>est</strong></span> <span class='ocrx_word' id='word_1_534' title='bbox 923 3604 977 3667; x_wconf 84' lang='lat' dir='ltr'><strong>in</strong></span> <span class='ocrx_word' id='word_1_535' title='bbox 1005 3604 1224 3662; x_wconf 78' lang='lat' dir='ltr'><strong>Christo</strong></span> <span class='ocrx_word' id='word_1_536' title='bbox 1250 3601 1398 3666; x_wconf 81' lang='lat' dir='ltr'><strong>Jesu,</strong></span> <span class='ocrx_word' id='word_1_537' title='bbox 1423 3603 1507 3657; x_wconf 91' lang='lat' dir='ltr'><strong>cui</strong></span> <span class='ocrx_word' id='word_1_538' title='bbox 1530 3609 1613 3656; x_wconf 89' lang='lat' dir='ltr'><strong>est</strong></span> <span class='ocrx_word' id='word_1_539' title='bbox 1637 3601 1809 3672; x_wconf 74' lang='lat' dir='ltr'><strong>gloria</strong></span> <span class='ocrx_word' id='word_1_540' title='bbox 1837 3609 1892 3656; x_wconf 88' lang='lat' dir='ltr'><strong>et</strong></span> 
     </span>
    </p>
   </div>
   <div class='ocr_carea' id='block_1_70' title="bbox 340 3693 1540 3771">
    <p class='ocr_par' dir='ltr' id='par_1_70' title="bbox 340 3693 1540 3771">
     <span class='ocr_line' id='line_1_70' title="bbox 340 3693 1540 3771; baseline -0.011 -13"><span class='ocrx_word' id='word_1_541' title='bbox 340 3700 621 3771; x_wconf 73' lang='lat' dir='ltr'><strong>unperium</strong></span> <span class='ocrx_word' id='word_1_542' title='bbox 650 3702 705 3757; x_wconf 87' lang='lat' dir='ltr'><strong>in</strong></span> <span class='ocrx_word' id='word_1_543' title='bbox 736 3697 933 3755; x_wconf 61' lang='lat' dir='ltr'><strong>saecula</strong></span> <span class='ocrx_word' id='word_1_544' title='bbox 965 3695 1309 3753; x_wconf 63' lang='lat' dir='ltr'><strong>saeculorum.</strong></span> <span class='ocrx_word' id='word_1_545' title='bbox 1345 3693 1540 3747; x_wconf 80' lang='lat' dir='ltr'><strong>Amen.</strong></span> 
     </span>
    </p>
   </div>
   <div class='ocr_carea' id='block_1_71' title="bbox 782 3783 1448 3865">
    <p class='ocr_par' dir='ltr' id='par_1_71' title="bbox 782 3783 1448 3865">
     <span class='ocr_line' id='line_1_71' title="bbox 782 3783 1448 3865; baseline -0.006 -17"><span class='ocrx_word' id='word_1_546' title='bbox 782 3787 998 3865; x_wconf 66' lang='grc' dir='ltr'>λιιι</span> <span class='ocrx_word' id='word_1_547' title='bbox 1038 3783 1324 3840; x_wconf 77' lang='grc' dir='ltr'><strong>ΠΟΜΙΜΑ</strong></span> <span class='ocrx_word' id='word_1_548' title='bbox 1363 3784 1448 3844; x_wconf 87' lang='lat' dir='ltr'><strong>Ill.</strong></span> 
     </span>
    </p>
   </div>
   <div class='ocr_carea' id='block_1_72' title="bbox 650 3875 1578 3947">
    <p class='ocr_par' dir='ltr' id='par_1_72' title="bbox 650 3875 1578 3947">
     <span class='ocr_line' id='line_1_72' title="bbox 650 3875 1578 3947; baseline -0.008 -15"><span class='ocrx_word' id='word_1_549' title='bbox 650 3877 723 3931; x_wconf 89' lang='lat' dir='ltr'><strong>De</strong></span> <span class='ocrx_word' id='word_1_550' title='bbox 749 3887 941 3947; x_wconf 82' lang='lat' dir='ltr'><strong>septem</strong></span> <span class='ocrx_word' id='word_1_551' title='bbox 969 3875 1272 3928; x_wconf 80' lang='lat' dir='ltr'><strong>mulieribus</strong></span> <span class='ocrx_word' id='word_1_552' title='bbox 1313 3876 1453 3943; x_wconf 84' lang='lat' dir='ltr'><strong>(cap.</strong></span> <span class='ocrx_word' id='word_1_553' title='bbox 1483 3885 1578 3945; x_wconf 71' lang='grc' dir='ltr'><strong>ιν).</strong></span> 
     </span>
    </p>
   </div>
   <div class='ocr_carea' id='block_1_73' title="bbox 405 3962 1889 4038">
    <p class='ocr_par' dir='ltr' id='par_1_73' title="bbox 405 3962 1889 4038">
     <span class='ocr_line' id='line_1_73' title="bbox 405 3962 1889 4038; baseline -0.005 -14"><span class='ocrx_word' id='word_1_554' title='bbox 405 3969 457 4025; x_wconf 82' lang='grc' dir='ltr'><strong>Ι.</strong></span> <span class='ocrx_word' id='word_1_555' title='bbox 508 3967 729 4038; x_wconf 81' lang='lat' dir='ltr'><strong>Septem</strong></span> <span class='ocrx_word' id='word_1_556' title='bbox 776 3967 1029 4023; x_wconf 88' lang='lat' dir='ltr'><strong>mulieres</strong></span> <span class='ocrx_word' id='word_1_557' title='bbox 1073 3964 1349 4035; x_wconf 84' lang='lat' dir='ltr'><strong>patiuntur</strong></span> <span class='ocrx_word' id='word_1_558' title='bbox 1399 3962 1786 4032; x_wconf 87' lang='lat' dir='ltr'><strong>opprobrium,</strong></span> <span class='ocrx_word' id='word_1_559' title='bbox 1836 3973 1889 4017; x_wconf 88' lang='lat' dir='ltr'><strong>et</strong></span> 
     </span>
    </p>
   </div>
   <div class='ocr_carea' id='block_1_74' title="bbox 334 4050 1889 4128">
    <p class='ocr_par' dir='ltr' id='par_1_74' title="bbox 334 4050 1889 4128">
     <span class='ocr_line' id='line_1_74' title="bbox 334 4050 1889 4128; baseline -0.004 -15"><span class='ocrx_word' id='word_1_560' title='bbox 334 4059 680 4114; x_wconf 87' lang='lat' dir='ltr'><strong>circumeunt</strong></span> <span class='ocrx_word' id='word_1_561' title='bbox 719 4064 1023 4128; x_wconf 70' lang='lat' dir='ltr'><strong>quaerentes</strong></span> <span class='ocrx_word' id='word_1_562' title='bbox 1073 4070 1195 4111; x_wconf 89' lang='lat' dir='ltr'><strong>eum</strong></span> <span class='ocrx_word' id='word_1_563' title='bbox 1251 4054 1520 4124; x_wconf 86' lang='lat' dir='ltr'><strong>recipere,</strong></span> <span class='ocrx_word' id='word_1_564' title='bbox 1574 4055 1664 4124; x_wconf 90' lang='lat' dir='ltr'><strong>qui</strong></span> <span class='ocrx_word' id='word_1_565' title='bbox 1702 4050 1889 4124; x_wconf 87' lang='lat' dir='ltr'><strong>possit</strong></span> 
     </span>
    </p>
   </div>
   <div class='ocr_carea' id='block_1_75' title="bbox 336 4141 1886 4217">
    <p class='ocr_par' dir='ltr' id='par_1_75' title="bbox 336 4141 1886 4217">
     <span class='ocr_line' id='line_1_75' title="bbox 336 4141 1886 4217; baseline -0.004 -14"><span class='ocrx_word' id='word_1_566' title='bbox 336 4148 550 4204; x_wconf 85' lang='lat' dir='ltr'><strong>auferre</strong></span> <span class='ocrx_word' id='word_1_567' title='bbox 577 4148 925 4217; x_wconf 87' lang='lat' dir='ltr'><strong>opprobrium</strong></span> <span class='ocrx_word' id='word_1_568' title='bbox 971 4160 1178 4199; x_wconf 91' lang='lat' dir='ltr'><strong>earum.</strong></span> <span class='ocrx_word' id='word_1_569' title='bbox 1239 4141 1373 4213; x_wconf 69' lang='lat' dir='ltr'><strong>lpsze</strong></span> <span class='ocrx_word' id='word_1_570' title='bbox 1405 4153 1605 4212; x_wconf 88' lang='lat' dir='ltr'><strong>septem</strong></span> <span class='ocrx_word' id='word_1_571' title='bbox 1636 4143 1886 4197; x_wconf 89' lang='lat' dir='ltr'><strong>mulieres</strong></span> 
     </span>
    </p>
   </div>
   <div class='ocr_carea' id='block_1_76' title="bbox 342 4233 1887 4308">
    <p class='ocr_par' dir='ltr' id='par_1_76' title="bbox 342 4233 1887 4308">
     <span class='ocr_line' id='line_1_76' title="bbox 342 4233 1887 4308; baseline -0.003 -17"><span class='ocrx_word' id='word_1_572' title='bbox 342 4239 723 4308; x_wconf 88' lang='lat' dir='ltr'><strong>repromittunt</strong></span> <span class='ocrx_word' id='word_1_573' title='bbox 751 4246 808 4290; x_wconf 92' lang='lat' dir='ltr'><strong>ut</strong></span> <span class='ocrx_word' id='word_1_574' title='bbox 833 4249 990 4290; x_wconf 90' lang='lat' dir='ltr'><strong>suum</strong></span> <span class='ocrx_word' id='word_1_575' title='bbox 1018 4250 1211 4304; x_wconf 84' lang='lat' dir='ltr'><strong>panem</strong></span> <span class='ocrx_word' id='word_1_576' title='bbox 1248 4233 1595 4298; x_wconf 84' lang='lat' dir='ltr'><strong>manducent,</strong></span> <span class='ocrx_word' id='word_1_577' title='bbox 1645 4242 1697 4288; x_wconf 92' lang='lat' dir='ltr'><strong>et</strong></span> <span class='ocrx_word' id='word_1_578' title='bbox 1723 4233 1887 4293; x_wconf 83' lang='lat' dir='ltr'><strong>vesti-</strong></span> 
     </span>
    </p>
   </div>
   <div class='ocr_carea' id='block_1_77' title="bbox 1994 3146 3542 3218">
    <p class='ocr_par' dir='ltr' id='par_1_77' title="bbox 1994 3146 3542 3218">
     <span class='ocr_line' id='line_1_77' title="bbox 1994 3146 3542 3218; baseline 0.004 -20"><span class='ocrx_word' id='word_1_579' title='bbox 1994 3146 2049 3200; x_wconf 92' lang='lat' dir='ltr'><strong>in</strong></span> <span class='ocrx_word' id='word_1_580' title='bbox 2091 3146 2358 3217; x_wconf 88' lang='lat' dir='ltr'><strong>principio</strong></span> <span class='ocrx_word' id='word_1_581' title='bbox 2404 3158 2520 3202; x_wconf 90' lang='lat' dir='ltr'><strong>erat</strong></span> <span class='ocrx_word' id='word_1_582' title='bbox 2567 3151 2706 3218; x_wconf 90' lang='lat' dir='ltr'><strong>apud</strong></span> <span class='ocrx_word' id='word_1_583' title='bbox 2751 3149 2917 3205; x_wconf 89' lang='lat' dir='ltr'><strong>Deum</strong></span> <span class='ocrx_word' id='word_1_584' title='bbox 2965 3149 3105 3205; x_wconf 87' lang='lat' dir='ltr'><strong>Deus</strong></span> <span class='ocrx_word' id='word_1_585' title='bbox 3138 3147 3406 3215; x_wconf 71' lang='lat' dir='ltr'><strong>Verbum,</strong></span> <span class='ocrx_word' id='word_1_586' title='bbox 3449 3154 3542 3208; x_wconf 84' lang='lat' dir='ltr'><strong>sed</strong></span> 
     </span>
    </p>
   </div>
   <div class='ocr_carea' id='block_1_78' title="bbox 1990 3236 3540 3309">
    <p class='ocr_par' dir='ltr' id='par_1_78' title="bbox 1990 3236 3540 3309">
     <span class='ocr_line' id='line_1_78' title="bbox 1990 3236 3540 3309; baseline 0.004 -20"><span class='ocrx_word' id='word_1_587' title='bbox 1990 3236 2145 3306; x_wconf 81' lang='lat' dir='ltr'><strong>virga</strong></span> <span class='ocrx_word' id='word_1_588' title='bbox 2173 3237 2240 3291; x_wconf 89' lang='lat' dir='ltr'><strong>de</strong></span> <span class='ocrx_word' id='word_1_589' title='bbox 2268 3238 2446 3292; x_wconf 89' lang='lat' dir='ltr'><strong>radice</strong></span> <span class='ocrx_word' id='word_1_590' title='bbox 2478 3236 2651 3304; x_wconf 79' lang='lat' dir='ltr'><strong>Jesse,</strong></span> <span class='ocrx_word' id='word_1_591' title='bbox 2703 3241 2794 3308; x_wconf 86' lang='lat' dir='ltr'><strong>qui</strong></span> <span class='ocrx_word' id='word_1_592' title='bbox 2817 3240 2973 3309; x_wconf 79' lang='lat' dir='ltr'><strong>juxta</strong></span> <span class='ocrx_word' id='word_1_593' title='bbox 3004 3256 3220 3295; x_wconf 86' lang='lat' dir='ltr'><strong>carnem</strong></span> <span class='ocrx_word' id='word_1_594' title='bbox 3256 3250 3413 3296; x_wconf 90' lang='lat' dir='ltr'><strong>natus</strong></span> <span class='ocrx_word' id='word_1_595' title='bbox 3438 3252 3540 3297; x_wconf 89' lang='lat' dir='ltr'><strong>est.</strong></span> 
     </span>
    </p>
   </div>
   <div class='ocr_carea' id='block_1_79' title="bbox 1989 3325 3544 3398">
    <p class='ocr_par' dir='ltr' id='par_1_79' title="bbox 1989 3325 3544 3398">
     <span class='ocr_line' id='line_1_79' title="bbox 1989 3325 3544 3398; baseline 0.005 -19"><span class='ocrx_word' id='word_1_596' title='bbox 1989 3325 2134 3380; x_wconf 79' lang='lat' dir='ltr'><strong>Exiit</strong></span> <span class='ocrx_word' id='word_1_597' title='bbox 2162 3342 2290 3398; x_wconf 77' lang='lat' dir='ltr'><strong>ergo</strong></span> <span class='ocrx_word' id='word_1_598' title='bbox 2324 3329 2471 3397; x_wconf 81' lang='lat' dir='ltr'><strong>virga</strong></span> <span class='ocrx_word' id='word_1_599' title='bbox 2516 3329 2585 3383; x_wconf 90' lang='lat' dir='ltr'><strong>de</strong></span> <span class='ocrx_word' id='word_1_600' title='bbox 2621 3331 2801 3384; x_wconf 88' lang='lat' dir='ltr'><strong>radice</strong></span> <span class='ocrx_word' id='word_1_601' title='bbox 2847 3328 3019 3396; x_wconf 81' lang='lat' dir='ltr'><strong>Jesse,</strong></span> <span class='ocrx_word' id='word_1_602' title='bbox 3070 3341 3122 3386; x_wconf 89' lang='lat' dir='ltr'><strong>et</strong></span> <span class='ocrx_word' id='word_1_603' title='bbox 3146 3332 3245 3386; x_wconf 86' lang='lat' dir='ltr'><strong>flos</strong></span> <span class='ocrx_word' id='word_1_604' title='bbox 3272 3333 3337 3386; x_wconf 90' lang='lat' dir='ltr'><strong>de</strong></span> <span class='ocrx_word' id='word_1_605' title='bbox 3361 3333 3544 3387; x_wconf 89' lang='lat' dir='ltr'><strong>radice</strong></span> 
     </span>
    </p>
   </div>
   <div class='ocr_carea' id='block_1_80' title="bbox 1989 3414 3547 3488">
    <p class='ocr_par' dir='ltr' id='par_1_80' title="bbox 1989 3414 3547 3488">
     <span class='ocr_line' id='line_1_80' title="bbox 1989 3414 3547 3488; baseline 0.004 -20"><span class='ocrx_word' id='word_1_606' title='bbox 1989 3414 2110 3487; x_wconf 83' lang='lat' dir='ltr'><strong>ejus</strong></span> <span class='ocrx_word' id='word_1_607' title='bbox 2154 3416 2396 3472; x_wconf 89' lang='lat' dir='ltr'><strong>ascendit</strong></span> <span class='ocrx_word' id='word_1_608' title='bbox 2437 3417 2499 3468; x_wconf 76' lang='grc'><strong>⁸⁸.</strong></span> <span class='ocrx_word' id='word_1_609' title='bbox 2563 3415 2697 3482; x_wconf 77' lang='lat' dir='ltr'><strong>Quis</strong></span> <span class='ocrx_word' id='word_1_610' title='bbox 2740 3428 2823 3472; x_wconf 90' lang='lat' dir='ltr'><strong>est</strong></span> <span class='ocrx_word' id='word_1_611' title='bbox 2868 3417 2969 3472; x_wconf 85' lang='lat' dir='ltr'><strong>flos</strong></span> <span class='ocrx_word' id='word_1_612' title='bbox 2996 3416 3214 3488; x_wconf 51' lang='lat' dir='ltr'><strong>et‘qua</strong></span> <span class='ocrx_word' id='word_1_613' title='bbox 3242 3430 3323 3474; x_wconf 92' lang='lat' dir='ltr'><strong>est</strong></span> <span class='ocrx_word' id='word_1_614' title='bbox 3354 3421 3547 3474; x_wconf 69' lang='lat' dir='ltr'><strong>radix?</strong></span> 
     </span>
    </p>
   </div>
   <div class='ocr_carea' id='block_1_81' title="bbox 1990 3503 3541 3581">
    <p class='ocr_par' dir='ltr' id='par_1_81' title="bbox 1990 3503 3541 3581">
     <span class='ocr_line' id='line_1_81' title="bbox 1990 3503 3541 3581; baseline 0.005 -24"><span class='ocrx_word' id='word_1_615' title='bbox 1990 3503 2165 3559; x_wconf 79' lang='lat' dir='ltr'><strong>Ambo</strong></span> <span class='ocrx_word' id='word_1_616' title='bbox 2193 3505 2336 3559; x_wconf 89' lang='lat' dir='ltr'><strong>enim</strong></span> <span class='ocrx_word' id='word_1_617' title='bbox 2368 3505 2422 3558; x_wconf 91' lang='lat' dir='ltr'><strong>in</strong></span> <span class='ocrx_word' id='word_1_618' title='bbox 2453 3520 2618 3559; x_wconf 91' lang='lat' dir='ltr'><strong>unum</strong></span> <span class='ocrx_word' id='word_1_619' title='bbox 2650 3504 2880 3575; x_wconf 86' lang='lat' dir='ltr'><strong>idlpsum</strong></span> <span class='ocrx_word' id='word_1_620' title='bbox 2913 3507 3212 3581; x_wconf 75' lang='lat' dir='ltr'><strong>subjacent.</strong></span> <span class='ocrx_word' id='word_1_621' title='bbox 3276 3509 3541 3565; x_wconf 73' lang='lat' dir='ltr'><strong>Diﬁ‘eren—</strong></span> 
     </span>
    </p>
   </div>
   <div class='ocr_carea' id='block_1_82' title="bbox 1990 3594 3539 3667">
    <p class='ocr_par' dir='ltr' id='par_1_82' title="bbox 1990 3594 3539 3667">
     <span class='ocr_line' id='line_1_82' title="bbox 1990 3594 3539 3667; baseline 0.004 -19"><span class='ocrx_word' id='word_1_622' title='bbox 1990 3595 2063 3648; x_wconf 87' lang='lat' dir='ltr'><strong>tia</strong></span> <span class='ocrx_word' id='word_1_623' title='bbox 2092 3604 2269 3649; x_wconf 87' lang='lat' dir='ltr'><strong>autem</strong></span> <span class='ocrx_word' id='word_1_624' title='bbox 2303 3604 2385 3650; x_wconf 90' lang='lat' dir='ltr'><strong>est</strong></span> <span class='ocrx_word' id='word_1_625' title='bbox 2411 3594 2771 3666; x_wconf 78' lang='lat' dir='ltr'><strong>negotiorum.</strong></span> <span class='ocrx_word' id='word_1_626' title='bbox 2807 3595 2940 3659; x_wconf 77' lang='lat' dir='ltr'><strong>Nam</strong></span> <span class='ocrx_word' id='word_1_627' title='bbox 2974 3598 3019 3651; x_wconf 89' lang='lat' dir='ltr'><strong>si</strong></span> <span class='ocrx_word' id='word_1_628' title='bbox 3043 3606 3297 3667; x_wconf 76' lang='lat' dir='ltr'><strong>peccator</strong></span> <span class='ocrx_word' id='word_1_629' title='bbox 3327 3615 3405 3666; x_wconf 90' lang='lat' dir='ltr'><strong>es,</strong></span> <span class='ocrx_word' id='word_1_630' title='bbox 3433 3616 3539 3655; x_wconf 80' lang='lat' dir='ltr'><strong>non</strong></span> 
     </span>
    </p>
   </div>
   <div class='ocr_carea' id='block_1_83' title="bbox 1988 3683 3543 3762">
    <p class='ocr_par' dir='ltr' id='par_1_83' title="bbox 1988 3683 3543 3762">
     <span class='ocr_line' id='line_1_83' title="bbox 1988 3683 3543 3762; baseline 0.002 -23"><span class='ocrx_word' id='word_1_631' title='bbox 1988 3692 2071 3739; x_wconf 88' lang='lat' dir='ltr'><strong>est</strong></span> <span class='ocrx_word' id='word_1_632' title='bbox 2101 3683 2199 3739; x_wconf 87' lang='lat' dir='ltr'><strong>tibi</strong></span> <span class='ocrx_word' id='word_1_633' title='bbox 2227 3683 2325 3740; x_wconf 82' lang='lat' dir='ltr'><strong>llos</strong></span> <span class='ocrx_word' id='word_1_634' title='bbox 2345 3725 2361 3749; x_wconf 93' lang='lat'><strong>,</strong></span> <span class='ocrx_word' id='word_1_635' title='bbox 2394 3699 2569 3754; x_wconf 88' lang='lat' dir='ltr'><strong>neque</strong></span> <span class='ocrx_word' id='word_1_636' title='bbox 2592 3685 2796 3755; x_wconf 76' lang='lat' dir='ltr'><strong>videbis</strong></span> <span class='ocrx_word' id='word_1_637' title='bbox 2831 3687 3013 3762; x_wconf 68' lang='lat' dir='ltr'><strong>florem</strong></span> <span class='ocrx_word' id='word_1_638' title='bbox 3042 3688 3132 3757; x_wconf 88' lang='lat' dir='ltr'><strong>qui</strong></span> <span class='ocrx_word' id='word_1_639' title='bbox 3157 3696 3325 3743; x_wconf 77' lang='lat' dir='ltr'><strong>estex</strong></span> <span class='ocrx_word' id='word_1_640' title='bbox 3364 3689 3543 3744; x_wconf 80' lang='lat' dir='ltr'><strong>radice</strong></span> 
     </span>
    </p>
   </div>
   <div class='ocr_carea' id='block_1_84' title="bbox 1987 3773 3538 3848">
    <p class='ocr_par' dir='ltr' id='par_1_84' title="bbox 1987 3773 3538 3848">
     <span class='ocr_line' id='line_1_84' title="bbox 1987 3773 3538 3848; baseline 0.002 -19"><span class='ocrx_word' id='word_1_641' title='bbox 1987 3774 2161 3831; x_wconf 83' lang='lat' dir='ltr'><strong>Jesse.</strong></span> <span class='ocrx_word' id='word_1_642' title='bbox 2225 3773 2409 3830; x_wconf 79' lang='lat' dir='ltr'><strong>Veniet</strong></span> <span class='ocrx_word' id='word_1_643' title='bbox 2434 3776 2576 3847; x_wconf 88' lang='lat' dir='ltr'><strong>enim</strong></span> <span class='ocrx_word' id='word_1_644' title='bbox 2601 3784 2653 3829; x_wconf 90' lang='lat' dir='ltr'><strong>et</strong></span> <span class='ocrx_word' id='word_1_645' title='bbox 2679 3776 2744 3830; x_wconf 89' lang='lat' dir='ltr'><strong>ad</strong></span> <span class='ocrx_word' id='word_1_646' title='bbox 2775 3777 2998 3848; x_wconf 75' lang='lat' dir='ltr'><strong>te‘virga</strong></span> <span class='ocrx_word' id='word_1_647' title='bbox 3019 3818 3034 3844; x_wconf 92' lang='lat'><strong>,</strong></span> <span class='ocrx_word' id='word_1_648' title='bbox 3078 3779 3350 3847; x_wconf 87' lang='lat' dir='ltr'><strong>quomodo</strong></span> <span class='ocrx_word' id='word_1_649' title='bbox 3374 3778 3538 3833; x_wconf 51' lang='lat' dir='ltr'><strong>disab</strong></span> 
     </span>
    </p>
   </div>
   <div class='ocr_carea' id='block_1_85' title="bbox 1988 3860 3539 3937">
    <p class='ocr_par' dir='ltr' id='par_1_85' title="bbox 1988 3860 3539 3937">
     <span class='ocr_line' id='line_1_85' title="bbox 1988 3860 3539 3937; baseline 0.003 -19"><span class='ocrx_word' id='word_1_650' title='bbox 1988 3864 2147 3933; x_wconf 87' lang='lat' dir='ltr'><strong>pulus</strong></span> <span class='ocrx_word' id='word_1_651' title='bbox 2171 3863 2281 3935; x_wconf 85' lang='lat'><strong>(90)</strong></span> <span class='ocrx_word' id='word_1_652' title='bbox 2309 3866 2472 3936; x_wconf 68' lang='lat' dir='ltr'><strong>virgae</strong></span> <span class='ocrx_word' id='word_1_653' title='bbox 2494 3860 2548 3918; x_wconf 81' lang='lat' dir='ltr'><strong>et</strong></span> <span class='ocrx_word' id='word_1_654' title='bbox 2570 3864 2717 3920; x_wconf 79' lang='lat' dir='ltr'><strong>ﬂoris</strong></span> <span class='ocrx_word' id='word_1_655' title='bbox 2739 3864 2997 3935; x_wconf 87' lang='lat' dir='ltr'><strong>loquitur.</strong></span> <span class='ocrx_word' id='word_1_656' title='bbox 3039 3867 3115 3923; x_wconf 87' lang='lat' dir='ltr'><strong>De</strong></span> <span class='ocrx_word' id='word_1_657' title='bbox 3142 3868 3293 3937; x_wconf 77' lang='lat' dir='ltr'><strong>virga</strong></span> <span class='ocrx_word' id='word_1_658' title='bbox 3322 3869 3539 3937; x_wconf 83' lang='lat' dir='ltr'><strong>quidem</strong></span> 
     </span>
    </p>
   </div>
   <div class='ocr_carea' id='block_1_86' title="bbox 1987 3952 3540 4024">
    <p class='ocr_par' dir='ltr' id='par_1_86' title="bbox 1987 3952 3540 4024">
     <span class='ocr_line' id='line_1_86' title="bbox 1987 3952 3540 4024; baseline 0.004 -16"><span class='ocrx_word' id='word_1_659' title='bbox 1987 3953 2118 4019; x_wconf 82' lang='lat' dir='ltr'><strong>dicit</strong></span> <span class='ocrx_word' id='word_1_660' title='bbox 2144 3972 2157 4009; x_wconf 90' lang='lat'><strong>:</strong></span> <span class='ocrx_word' id='word_1_661' title='bbox 2196 3953 2336 4019; x_wconf 83' lang='lat' dir='ltr'><strong>Quid</strong></span> <span class='ocrx_word' id='word_1_662' title='bbox 2366 3955 2545 4017; x_wconf 78' lang='lat' dir='ltr'><strong>vultis,</strong></span> <span class='ocrx_word' id='word_1_663' title='bbox 2571 3952 2626 4006; x_wconf 82' lang='lat' dir='ltr'><strong>in</strong></span> <span class='ocrx_word' id='word_1_664' title='bbox 2654 3954 2799 4024; x_wconf 82' lang='lat' dir='ltr'><strong>virga</strong></span> <span class='ocrx_word' id='word_1_665' title='bbox 2825 3957 3024 4010; x_wconf 75' lang='lat' dir='ltr'><strong>ueniam</strong></span> <span class='ocrx_word' id='word_1_666' title='bbox 3046 3958 3115 4009; x_wconf 82' lang='lat' dir='ltr'><strong>ad</strong></span> <span class='ocrx_word' id='word_1_667' title='bbox 3139 3972 3222 4011; x_wconf 80' lang='lat' dir='ltr'><strong>vos</strong></span> <span class='ocrx_word' id='word_1_668' title='bbox 3241 3960 3267 4011; x_wconf 68' lang='grc'><em>2</em></span> <span class='ocrx_word' id='word_1_669' title='bbox 3300 3956 3376 4011; x_wconf 88' lang='lat' dir='ltr'><strong>De</strong></span> <span class='ocrx_word' id='word_1_670' title='bbox 3406 3958 3540 4014; x_wconf 74' lang='lat' dir='ltr'><strong>lore</strong></span> 
     </span>
    </p>
   </div>
   <div class='ocr_carea' id='block_1_87' title="bbox 1990 4044 3540 4117">
    <p class='ocr_par' dir='ltr' id='par_1_87' title="bbox 1990 4044 3540 4117">
     <span class='ocr_line' id='line_1_87' title="bbox 1990 4044 3540 4117; baseline 0.003 -18"><span class='ocrx_word' id='word_1_671' title='bbox 1990 4061 2115 4100; x_wconf 89' lang='lat' dir='ltr'><strong>vero</strong></span> <span class='ocrx_word' id='word_1_672' title='bbox 2157 4065 2172 4102; x_wconf 91' lang='lat'><strong>:</strong></span> <span class='ocrx_word' id='word_1_673' title='bbox 2206 4047 2289 4101; x_wconf 81' lang='lat' dir='ltr'><strong>An</strong></span> <span class='ocrx_word' id='word_1_674' title='bbox 2336 4048 2390 4101; x_wconf 83' lang='lat' dir='ltr'><strong>in</strong></span> <span class='ocrx_word' id='word_1_675' title='bbox 2416 4046 2675 4100; x_wconf 84' lang='lat' dir='ltr'><strong>charitate</strong></span> <span class='ocrx_word' id='word_1_676' title='bbox 2718 4045 2815 4100; x_wconf 87' lang='lat' dir='ltr'><strong>Dei</strong></span> <span class='ocrx_word' id='word_1_677' title='bbox 2856 4056 2906 4101; x_wconf 83' lang='lat' dir='ltr'><strong>et</strong></span> <span class='ocrx_word' id='word_1_678' title='bbox 2944 4050 3131 4117; x_wconf 73' lang='lat' dir='ltr'><strong>spiritu</strong></span> <span class='ocrx_word' id='word_1_679' title='bbox 3178 4044 3540 4103; x_wconf 69' lang='lat' dir='ltr'><strong>mansuetudil</strong></span> 
     </span>
    </p>
   </div>
   <div class='ocr_carea' id='block_1_88' title="bbox 1987 4135 3536 4208">
    <p class='ocr_par' dir='ltr' id='par_1_88' title="bbox 1987 4135 3536 4208">
     <span class='ocr_line' id='line_1_88' title="bbox 1987 4135 3536 4208; baseline 0.003 -18"><span class='ocrx_word' id='word_1_680' title='bbox 1987 4137 2068 4191; x_wconf 80' lang='lat' dir='ltr'><strong>nis</strong></span> <span class='ocrx_word' id='word_1_681' title='bbox 2097 4138 2185 4190; x_wconf 71' lang='grc'><strong>⁸⁸7</strong></span> <span class='ocrx_word' id='word_1_682' title='bbox 2212 4136 2356 4192; x_wconf 82' lang='lat' dir='ltr'><strong>Exiit</strong></span> <span class='ocrx_word' id='word_1_683' title='bbox 2382 4152 2510 4207; x_wconf 78' lang='lat' dir='ltr'><strong>ergo</strong></span> <span class='ocrx_word' id='word_1_684' title='bbox 2540 4137 2607 4192; x_wconf 88' lang='lat' dir='ltr'><strong>de</strong></span> <span class='ocrx_word' id='word_1_685' title='bbox 2636 4136 2816 4190; x_wconf 89' lang='lat' dir='ltr'><strong>radice</strong></span> <span class='ocrx_word' id='word_1_686' title='bbox 2845 4135 2995 4194; x_wconf 82' lang='lat' dir='ltr'><strong>Jesse</strong></span> <span class='ocrx_word' id='word_1_687' title='bbox 3017 4140 3166 4208; x_wconf 76' lang='lat' dir='ltr'><strong>virga</strong></span> <span class='ocrx_word' id='word_1_688' title='bbox 3192 4140 3469 4208; x_wconf 75' lang='lat' dir='ltr'><strong>sapientia:</strong></span> <span class='ocrx_word' id='word_1_689' title='bbox 3487 4140 3536 4195; x_wconf 89' lang='lat' dir='ltr'><strong>ei</strong></span> 
     </span>
    </p>
   </div>
   <div class='ocr_carea' id='block_1_89' title="bbox 1994 4229 3537 4301">
    <p class='ocr_par' dir='ltr' id='par_1_89' title="bbox 1994 4229 3537 4301">
     <span class='ocr_line' id='line_1_89' title="bbox 1994 4229 3537 4301; baseline 0.003 -18"><span class='ocrx_word' id='word_1_690' title='bbox 1994 4230 2086 4300; x_wconf 90' lang='lat' dir='ltr'><strong>qui</strong></span> <span class='ocrx_word' id='word_1_691' title='bbox 2118 4229 2397 4298; x_wconf 90' lang='lat' dir='ltr'><strong>suppliciis</strong></span> <span class='ocrx_word' id='word_1_692' title='bbox 2446 4230 2718 4298; x_wconf 88' lang='lat' dir='ltr'><strong>plectitur,</strong></span> <span class='ocrx_word' id='word_1_693' title='bbox 2750 4232 2895 4300; x_wconf 77' lang='lat' dir='ltr'><strong>virga</strong></span> <span class='ocrx_word' id='word_1_694' title='bbox 2926 4232 2973 4285; x_wconf 89' lang='lat' dir='ltr'><strong>ei</strong></span> <span class='ocrx_word' id='word_1_695' title='bbox 3007 4231 3101 4300; x_wconf 90' lang='lat' dir='ltr'><strong>qui</strong></span> <span class='ocrx_word' id='word_1_696' title='bbox 3128 4231 3330 4300; x_wconf 82' lang='lat' dir='ltr'><strong>indiget</strong></span> <span class='ocrx_word' id='word_1_697' title='bbox 3357 4232 3537 4301; x_wconf 82' lang='lat' dir='ltr'><strong>incre-</strong></span> 
     </span>
    </p>
   </div>
   <div class='ocr_carea' id='block_1_90' title="bbox 336 4320 3534 4397">
    <p class='ocr_par' dir='ltr' id='par_1_90' title="bbox 336 4320 3534 4397">
     <span class='ocr_line' id='line_1_90' title="bbox 336 4320 3534 4397; baseline -0.001 -16"><span class='ocrx_word' id='word_1_698' title='bbox 336 4327 529 4383; x_wconf 86' lang='lat' dir='ltr'><strong>mentis</strong></span> <span class='ocrx_word' id='word_1_699' title='bbox 553 4327 671 4381; x_wconf 88' lang='lat' dir='ltr'><strong>suis</strong></span> <span class='ocrx_word' id='word_1_700' title='bbox 696 4325 1025 4394; x_wconf 77' lang='lat' dir='ltr'><strong>aperiantur.</strong></span> <span class='ocrx_word' id='word_1_701' title='bbox 1076 4322 1192 4377; x_wconf 81' lang='lat' dir='ltr'><strong>Non</strong></span> <span class='ocrx_word' id='word_1_702' title='bbox 1226 4338 1443 4377; x_wconf 89' lang='lat' dir='ltr'><strong>necesse</strong></span> <span class='ocrx_word' id='word_1_703' title='bbox 1469 4322 1666 4378; x_wconf 90' lang='lat' dir='ltr'><strong>habent</strong></span> <span class='ocrx_word' id='word_1_704' title='bbox 1692 4338 1883 4393; x_wconf 90' lang='lat' dir='ltr'><strong>panem</strong></span> <span class='ocrx_word' id='word_1_705' title='bbox 1913 4391 1947 4397; x_wconf 39' lang='grc' dir='ltr'><strong>Α</strong></span> <span class='ocrx_word' id='word_1_706' title='bbox 1985 4320 2234 4389; x_wconf 87' lang='lat' dir='ltr'><strong>patione,</strong></span> <span class='ocrx_word' id='word_1_707' title='bbox 2279 4320 2427 4388; x_wconf 80' lang='lat' dir='ltr'><strong>virga</strong></span> <span class='ocrx_word' id='word_1_708' title='bbox 2473 4322 2523 4372; x_wconf 90' lang='lat' dir='ltr'><strong>ei</strong></span> <span class='ocrx_word' id='word_1_709' title='bbox 2561 4321 2652 4389; x_wconf 89' lang='lat' dir='ltr'><strong>qui</strong></span> <span class='ocrx_word' id='word_1_710' title='bbox 2700 4335 2918 4376; x_wconf 87' lang='lat' dir='ltr'><strong>necesse</strong></span> <span class='ocrx_word' id='word_1_711' title='bbox 2958 4322 3119 4376; x_wconf 83' lang='lat' dir='ltr'><strong>habet</strong></span> <span class='ocrx_word' id='word_1_712' title='bbox 3153 4330 3211 4376; x_wconf 89' lang='lat' dir='ltr'><strong>ut</strong></span> <span class='ocrx_word' id='word_1_713' title='bbox 3242 4332 3534 4397; x_wconf 77' lang='lat' dir='ltr'><strong>arguatur;</strong></span> 
     </span>
    </p>
   </div>
   <div class='ocr_carea' id='block_1_91' title="bbox 332 4391 3540 4486">
    <p class='ocr_par' dir='ltr' id='par_1_91' title="bbox 332 4391 3540 4486">
     <span class='ocr_line' id='line_1_91' title="bbox 332 4391 3540 4486; baseline -0.001 -17"><span class='ocrx_word' id='word_1_714' title='bbox 332 4416 449 4486; x_wconf 85' lang='lat' dir='ltr'><strong>ejus</strong></span> <span class='ocrx_word' id='word_1_715' title='bbox 470 4456 486 4482; x_wconf 90' lang='lat'><strong>,</strong></span> <span class='ocrx_word' id='word_1_716' title='bbox 520 4415 615 4470; x_wconf 86' lang='lat' dir='ltr'><strong>sed</strong></span> <span class='ocrx_word' id='word_1_717' title='bbox 650 4391 846 4468; x_wconf 80' lang='lat' dir='ltr'><strong>nomen</strong></span> <span class='ocrx_word' id='word_1_718' title='bbox 877 4413 997 4483; x_wconf 88' lang='lat' dir='ltr'><strong>ejus</strong></span> <span class='ocrx_word' id='word_1_719' title='bbox 1031 4413 1125 4485; x_wconf 90' lang='lat' dir='ltr'><strong>qui</strong></span> <span class='ocrx_word' id='word_1_720' title='bbox 1161 4412 1510 4483; x_wconf 88' lang='lat' dir='ltr'><strong>opprobrium</strong></span> <span class='ocrx_word' id='word_1_721' title='bbox 1533 4391 1719 4467; x_wconf 84' lang='lat' dir='ltr'><strong>earum</strong></span> <span class='ocrx_word' id='word_1_722' title='bbox 1752 4428 1881 4483; x_wconf 89' lang='lat' dir='ltr'><strong>pos—</strong></span> <span class='ocrx_word' id='word_1_723' title='bbox 1913 4391 1960 4448; x_wconf 72' lang='grc' dir='ltr'><strong>θ</strong></span> <span class='ocrx_word' id='word_1_724' title='bbox 1987 4411 2087 4466; x_wconf 87' lang='lat' dir='ltr'><strong>tios</strong></span> <span class='ocrx_word' id='word_1_725' title='bbox 2115 4424 2242 4463; x_wconf 90' lang='lat' dir='ltr'><strong>vero</strong></span> <span class='ocrx_word' id='word_1_726' title='bbox 2263 4409 2312 4463; x_wconf 91' lang='lat' dir='ltr'><strong>ei</strong></span> <span class='ocrx_word' id='word_1_727' title='bbox 2341 4408 2433 4478; x_wconf 90' lang='lat' dir='ltr'><strong>qui</strong></span> <span class='ocrx_word' id='word_1_728' title='bbox 2458 4408 2569 4479; x_wconf 92' lang='lat' dir='ltr'><strong>jam</strong></span> <span class='ocrx_word' id='word_1_729' title='bbox 2595 4410 2838 4464; x_wconf 88' lang='lat' dir='ltr'><strong>eruditus</strong></span> <span class='ocrx_word' id='word_1_730' title='bbox 2867 4419 2971 4476; x_wconf 89' lang='lat' dir='ltr'><strong>est,</strong></span> <span class='ocrx_word' id='word_1_731' title='bbox 2992 4419 3047 4466; x_wconf 87' lang='lat' dir='ltr'><strong>et</strong></span> <span class='ocrx_word' id='word_1_732' title='bbox 3079 4425 3184 4465; x_wconf 92' lang='lat' dir='ltr'><strong>non</strong></span> <span class='ocrx_word' id='word_1_733' title='bbox 3211 4391 3413 4482; x_wconf 79' lang='lat' dir='ltr'><strong>indiget</strong></span> <span class='ocrx_word' id='word_1_734' title='bbox 3436 4396 3540 4467; x_wconf 85' lang='lat' dir='ltr'><strong>du-</strong></span> 
     </span>
    </p>
   </div>
   <div class='ocr_carea' id='block_1_92' title="bbox 333 4501 1883 4575">
    <p class='ocr_par' dir='ltr' id='par_1_92' title="bbox 333 4501 1883 4575">
     <span class='ocr_line' id='line_1_92' title="bbox 333 4501 1883 4575; baseline 0.001 -17"><span class='ocrx_word' id='word_1_735' title='bbox 333 4506 403 4559; x_wconf 89' lang='lat' dir='ltr'><strong>sit</strong></span> <span class='ocrx_word' id='word_1_736' title='bbox 429 4503 664 4559; x_wconf 87' lang='lat' dir='ltr'><strong>auferre.</strong></span> <span class='ocrx_word' id='word_1_737' title='bbox 701 4501 819 4557; x_wconf 90' lang='lat' dir='ltr'><strong>Non</strong></span> <span class='ocrx_word' id='word_1_738' title='bbox 843 4504 1082 4574; x_wconf 75' lang='lat' dir='ltr'><strong>indigent</strong></span> <span class='ocrx_word' id='word_1_739' title='bbox 1104 4504 1439 4559; x_wconf 79' lang='lat' dir='ltr'><strong>vestimentis</strong></span> <span class='ocrx_word' id='word_1_740' title='bbox 1464 4504 1701 4559; x_wconf 91' lang='lat' dir='ltr'><strong>bominis</strong></span> <span class='ocrx_word' id='word_1_741' title='bbox 1721 4518 1883 4575; x_wconf 87' lang='lat' dir='ltr'><strong>quem</strong></span> 
     </span>
    </p>
   </div>
   <div class='ocr_carea' id='block_1_93' title="bbox 331 4590 1887 4659">
    <p class='ocr_par' dir='ltr' id='par_1_93' title="bbox 331 4590 1887 4659">
     <span class='ocr_line' id='line_1_93' title="bbox 331 4590 1887 4659; baseline -0.003 -12"><span class='ocrx_word' id='word_1_742' title='bbox 331 4601 637 4647; x_wconf 84' lang='lat' dir='ltr'><strong>assumunt.</strong></span> <span class='ocrx_word' id='word_1_743' title='bbox 676 4590 897 4646; x_wconf 76' lang='lat' dir='ltr'><strong>Meliora</strong></span> <span class='ocrx_word' id='word_1_744' title='bbox 929 4590 1131 4646; x_wconf 87' lang='lat' dir='ltr'><strong>habent</strong></span> <span class='ocrx_word' id='word_1_745' title='bbox 1156 4591 1477 4646; x_wconf 87' lang='lat' dir='ltr'><strong>vestimenta</strong></span> <span class='ocrx_word' id='word_1_746' title='bbox 1514 4604 1675 4659; x_wconf 89' lang='lat' dir='ltr'><strong>quam</strong></span> <span class='ocrx_word' id='word_1_747' title='bbox 1710 4597 1887 4659; x_wconf 90' lang='lat' dir='ltr'><strong>potest</strong></span> 
     </span>
    </p>
   </div>
   <div class='ocr_carea' id='block_1_94' title="bbox 332 4681 1880 4751">
    <p class='ocr_par' dir='ltr' id='par_1_94' title="bbox 332 4681 1880 4751">
     <span class='ocr_line' id='line_1_94' title="bbox 332 4681 1880 4751; baseline 0 -15"><span class='ocrx_word' id='word_1_748' title='bbox 332 4682 410 4738; x_wconf 82' lang='lat' dir='ltr'><strong>eis</strong></span> <span class='ocrx_word' id='word_1_749' title='bbox 436 4683 602 4735; x_wconf 88' lang='lat' dir='ltr'><strong>homo</strong></span> <span class='ocrx_word' id='word_1_750' title='bbox 630 4688 907 4751; x_wconf 66' lang='lat' dir='ltr'><strong>praestare.</strong></span> <span class='ocrx_word' id='word_1_751' title='bbox 965 4681 1249 4748; x_wconf 73' lang='lat' dir='ltr'><strong>Lautiores</strong></span> <span class='ocrx_word' id='word_1_752' title='bbox 1284 4681 1481 4747; x_wconf 85' lang='lat' dir='ltr'><strong>habent</strong></span> <span class='ocrx_word' id='word_1_753' title='bbox 1517 4682 1688 4745; x_wconf 89' lang='lat' dir='ltr'><strong>cibos,</strong></span> <span class='ocrx_word' id='word_1_754' title='bbox 1718 4696 1880 4750; x_wconf 90' lang='lat' dir='ltr'><strong>quam</strong></span> 
     </span>
    </p>
   </div>
   <div class='ocr_carea' id='block_1_95' title="bbox 328 4769 1881 4842">
    <p class='ocr_par' dir='ltr' id='par_1_95' title="bbox 328 4769 1881 4842">
     <span class='ocr_line' id='line_1_95' title="bbox 328 4769 1881 4842; baseline -0.001 -15"><span class='ocrx_word' id='word_1_755' title='bbox 328 4772 569 4830; x_wconf 85' lang='lat' dir='ltr'><strong>conditio</strong></span> <span class='ocrx_word' id='word_1_756' title='bbox 618 4781 796 4842; x_wconf 85' lang='lat' dir='ltr'><strong>potest</strong></span> <span class='ocrx_word' id='word_1_757' title='bbox 840 4772 1077 4839; x_wconf 89' lang='lat' dir='ltr'><strong>humana</strong></span> <span class='ocrx_word' id='word_1_758' title='bbox 1119 4770 1323 4841; x_wconf 79' lang='lat' dir='ltr'><strong>largiri.</strong></span> <span class='ocrx_word' id='word_1_759' title='bbox 1388 4769 1555 4839; x_wconf 86' lang='lat' dir='ltr'><strong>Cujus</strong></span> <span class='ocrx_word' id='word_1_760' title='bbox 1596 4785 1728 4842; x_wconf 77' lang='lat' dir='ltr'><strong>ergo</strong></span> <span class='ocrx_word' id='word_1_761' title='bbox 1772 4772 1881 4826; x_wconf 91' lang='lat' dir='ltr'><strong>sint</strong></span> 
     </span>
    </p>
   </div>
   <div class='ocr_carea' id='block_1_96' title="bbox 328 4859 1877 4933">
    <p class='ocr_par' dir='ltr' id='par_1_96' title="bbox 328 4859 1877 4933">
     <span class='ocr_line' id='line_1_96' title="bbox 328 4859 1877 4933; baseline -0.005 -12"><span class='ocrx_word' id='word_1_762' title='bbox 328 4871 535 4933; x_wconf 78' lang='lat' dir='ltr'><strong>septem</strong></span> <span class='ocrx_word' id='word_1_763' title='bbox 568 4863 845 4930; x_wconf 86' lang='lat' dir='ltr'><strong>mulieres,</strong></span> <span class='ocrx_word' id='word_1_764' title='bbox 892 4871 947 4917; x_wconf 91' lang='lat' dir='ltr'><strong>et</strong></span> <span class='ocrx_word' id='word_1_765' title='bbox 993 4861 1136 4931; x_wconf 91' lang='lat' dir='ltr'><strong>quod</strong></span> <span class='ocrx_word' id='word_1_766' title='bbox 1167 4861 1238 4916; x_wconf 89' lang='lat' dir='ltr'><strong>sit</strong></span> <span class='ocrx_word' id='word_1_767' title='bbox 1283 4859 1631 4931; x_wconf 86' lang='lat' dir='ltr'><strong>opprobrium</strong></span> <span class='ocrx_word' id='word_1_768' title='bbox 1666 4876 1877 4927; x_wconf 87' lang='lat' dir='ltr'><strong>earum,</strong></span> 
     </span>
    </p>
   </div>
   <div class='ocr_carea' id='block_1_97' title="bbox 325 4949 1876 5028">
    <p class='ocr_par' dir='ltr' id='par_1_97' title="bbox 325 4949 1876 5028">
     <span class='ocr_line' id='line_1_97' title="bbox 325 4949 1876 5028; baseline 0 -24"><span class='ocrx_word' id='word_1_769' title='bbox 325 4949 549 5022; x_wconf 76' lang='lat' dir='ltr'><strong>dignum</strong></span> <span class='ocrx_word' id='word_1_770' title='bbox 577 4958 661 5006; x_wconf 89' lang='lat' dir='ltr'><strong>est</strong></span> <span class='ocrx_word' id='word_1_771' title='bbox 685 4951 1047 5019; x_wconf 75' lang='lat' dir='ltr'><strong>considerare.</strong></span> <span class='ocrx_word' id='word_1_772' title='bbox 1083 4950 1293 5023; x_wconf 80' lang='lat' dir='ltr'><strong>Septem</strong></span> <span class='ocrx_word' id='word_1_773' title='bbox 1322 4950 1573 5005; x_wconf 87' lang='lat' dir='ltr'><strong>mulieres</strong></span> <span class='ocrx_word' id='word_1_774' title='bbox 1598 4961 1706 5028; x_wconf 80' lang='lat' dir='ltr'><strong>una</strong></span> <span class='ocrx_word' id='word_1_775' title='bbox 1730 4958 1876 5016; x_wconf 89' lang='lat' dir='ltr'><strong>sunt,</strong></span> 
     </span>
    </p>
   </div>
   <div class='ocr_carea' id='block_1_98' title="bbox 333 5039 1877 5110">
    <p class='ocr_par' dir='ltr' id='par_1_98' title="bbox 333 5039 1877 5110">
     <span class='ocr_line' id='line_1_98' title="bbox 333 5039 1877 5110; baseline -0.002 -14"><span class='ocrx_word' id='word_1_776' title='bbox 333 5040 756 5110; x_wconf 72' lang='lat' dir='ltr'><strong>Spiritus‘enim</strong></span> <span class='ocrx_word' id='word_1_777' title='bbox 801 5040 895 5096; x_wconf 88' lang='lat' dir='ltr'><strong>Dei</strong></span> <span class='ocrx_word' id='word_1_778' title='bbox 943 5048 1087 5096; x_wconf 90' lang='lat' dir='ltr'><strong>sunt.</strong></span> <span class='ocrx_word' id='word_1_779' title='bbox 1145 5039 1211 5097; x_wconf 85' lang='lat' dir='ltr'><strong>Et</strong></span> <span class='ocrx_word' id='word_1_780' title='bbox 1255 5047 1338 5094; x_wconf 90' lang='lat' dir='ltr'><strong>est</strong></span> <span class='ocrx_word' id='word_1_781' title='bbox 1377 5039 1478 5094; x_wconf 88' lang='lat' dir='ltr'><strong>ista</strong></span> <span class='ocrx_word' id='word_1_782' title='bbox 1505 5053 1645 5103; x_wconf 90' lang='lat' dir='ltr'><strong>una,</strong></span> <span class='ocrx_word' id='word_1_783' title='bbox 1674 5048 1877 5109; x_wconf 89' lang='lat' dir='ltr'><strong>septem</strong></span> 
     </span>
    </p>
   </div>
   <div class='ocr_carea' id='block_1_99' title="bbox 326 5117 1875 5202">
    <p class='ocr_par' dir='ltr' id='par_1_99' title="bbox 326 5117 1875 5202">
     <span class='ocr_line' id='line_1_99' title="bbox 326 5117 1875 5202; baseline 0 -18"><span class='ocrx_word' id='word_1_784' title='bbox 326 5139 474 5192; x_wconf 68' lang='lat' dir='ltr'><strong>sunt.</strong></span> <span class='ocrx_word' id='word_1_785' title='bbox 516 5129 751 5202; x_wconf 86' lang='lat' dir='ltr'><strong>Spiritus</strong></span> <span class='ocrx_word' id='word_1_786' title='bbox 774 5130 918 5187; x_wconf 90' lang='lat' dir='ltr'><strong>enim</strong></span> <span class='ocrx_word' id='word_1_787' title='bbox 939 5129 1032 5186; x_wconf 91' lang='lat' dir='ltr'><strong>Dei</strong></span> <span class='ocrx_word' id='word_1_788' title='bbox 1055 5137 1137 5185; x_wconf 88' lang='lat' dir='ltr'><strong>est</strong></span> <span class='ocrx_word' id='word_1_789' title='bbox 1163 5127 1383 5199; x_wconf 85' lang='lat' dir='ltr'><strong>spiritus</strong></span> <span class='ocrx_word' id='word_1_790' title='bbox 1415 5128 1689 5198; x_wconf 68' lang='lat' dir='ltr'><strong>sapientia:</strong></span> <span class='ocrx_word' id='word_1_791' title='bbox 1709 5117 1762 5183; x_wconf 78' lang='lat' dir='ltr'><strong>et</strong></span> <span class='ocrx_word' id='word_1_792' title='bbox 1788 5129 1875 5185; x_wconf 88' lang='lat' dir='ltr'><strong>in-</strong></span> 
     </span>
    </p>
   </div>
   <div class='ocr_carea' id='block_1_100' title="bbox 330 5216 1876 5294">
    <p class='ocr_par' dir='ltr' id='par_1_100' title="bbox 330 5216 1876 5294">
     <span class='ocr_line' id='line_1_100' title="bbox 330 5216 1876 5294; baseline -0.003 -15"><span class='ocrx_word' id='word_1_793' title='bbox 330 5223 595 5293; x_wconf 77' lang='lat' dir='ltr'><strong>tellectus,</strong></span> <span class='ocrx_word' id='word_1_794' title='bbox 621 5222 842 5292; x_wconf 85' lang='lat' dir='ltr'><strong>spiritus</strong></span> <span class='ocrx_word' id='word_1_795' title='bbox 866 5220 1077 5279; x_wconf 88' lang='lat' dir='ltr'><strong>consilii</strong></span> <span class='ocrx_word' id='word_1_796' title='bbox 1110 5228 1164 5281; x_wconf 82' lang='lat' dir='ltr'><strong>et</strong></span> <span class='ocrx_word' id='word_1_797' title='bbox 1188 5217 1419 5283; x_wconf 74' lang='lat' dir='ltr'><strong>virtutis,</strong></span> <span class='ocrx_word' id='word_1_798' title='bbox 1454 5216 1676 5294; x_wconf 88' lang='lat' dir='ltr'><strong>spiritus</strong></span> <span class='ocrx_word' id='word_1_799' title='bbox 1701 5219 1876 5283; x_wconf 80' lang='lat' dir='ltr'><strong>scien-</strong></span> 
     </span>
    </p>
   </div>
   <div class='ocr_carea' id='block_1_101' title="bbox 400 5401 1905 5482">
    <p class='ocr_par' dir='ltr' id='par_1_101' title="bbox 400 5401 1905 5482">
     <span class='ocr_line' id='line_1_101' title="bbox 400 5401 1905 5482; baseline -0.003 -18"><span class='ocrx_word' id='word_1_800' title='bbox 400 5413 442 5445; x_wconf 80' lang='grc'><strong><em>⁵³</em></strong></span> <span class='ocrx_word' id='word_1_801' title='bbox 479 5413 648 5482; x_wconf 82' lang='lat' dir='ltr'><strong>Apoc.</strong></span> <span class='ocrx_word' id='word_1_802' title='bbox 692 5423 775 5477; x_wconf 86' lang='grc' dir='ltr'>ιιι,</span> <span class='ocrx_word' id='word_1_803' title='bbox 801 5407 890 5462; x_wconf 73' lang='grc'><strong>20.</strong></span> <span class='ocrx_word' id='word_1_804' title='bbox 964 5407 1011 5438; x_wconf 85' lang='grc'><strong><em>⁸³</em></strong></span> <span class='ocrx_word' id='word_1_805' title='bbox 1051 5403 1205 5458; x_wconf 82' lang='lat' dir='ltr'><strong>Rom.</strong></span> <span class='ocrx_word' id='word_1_806' title='bbox 1247 5417 1285 5468; x_wconf 89' lang='grc' dir='ltr'>ι,</span> <span class='ocrx_word' id='word_1_807' title='bbox 1314 5402 1369 5467; x_wconf 75' lang='lat'><strong>3,</strong></span> <span class='ocrx_word' id='word_1_808' title='bbox 1394 5410 1446 5457; x_wconf 75' lang='grc'><strong>4.</strong></span> <span class='ocrx_word' id='word_1_809' title='bbox 1523 5401 1569 5435; x_wconf 74' lang='grc'><strong>⁸⁸</strong></span> <span class='ocrx_word' id='word_1_810' title='bbox 1604 5401 1709 5457; x_wconf 89' lang='lat' dir='ltr'><strong>lsa.</strong></span> <span class='ocrx_word' id='word_1_811' title='bbox 1742 5418 1817 5470; x_wconf 85' lang='lat' dir='ltr'><strong>xt,</strong></span> <span class='ocrx_word' id='word_1_812' title='bbox 1856 5403 1905 5459; x_wconf 83' lang='lat' dir='ltr'><strong>l.</strong></span> 
     </span>
    </p>
   </div>
   <div class='ocr_carea' id='block_1_102' title="bbox 401 5589 1861 5667">
    <p class='ocr_par' dir='ltr' id='par_1_102' title="bbox 401 5589 1861 5667">
     <span class='ocr_line' id='line_1_102' title="bbox 401 5589 1861 5667; baseline -0.009 -15"><span class='ocrx_word' id='word_1_813' title='bbox 401 5597 510 5667; x_wconf 80' lang='lat'><strong>(89)</strong></span> <span class='ocrx_word' id='word_1_814' title='bbox 559 5596 716 5664; x_wconf 84' lang='lat' dir='ltr'><strong>Virga</strong></span> <span class='ocrx_word' id='word_1_815' title='bbox 745 5592 1091 5667; x_wconf 86' lang='lat' dir='ltr'><strong>omittitur_i_n</strong></span> <span class='ocrx_word' id='word_1_816' title='bbox 1121 5590 1299 5655; x_wconf 88' lang='lat' dir='ltr'><strong>editis,</strong></span> <span class='ocrx_word' id='word_1_817' title='bbox 1329 5590 1419 5645; x_wconf 84' lang='lat' dir='ltr'><strong>sed</strong></span> <span class='ocrx_word' id='word_1_818' title='bbox 1441 5597 1616 5667; x_wconf 78' lang='lat' dir='ltr'><strong>exstat</strong></span> <span class='ocrx_word' id='word_1_819' title='bbox 1646 5589 1700 5643; x_wconf 91' lang='lat' dir='ltr'><strong>in</strong></span> <span class='ocrx_word' id='word_1_820' title='bbox 1729 5602 1861 5667; x_wconf 78' lang='lat' dir='ltr'><strong>mss.</strong></span> 
     </span>
    </p>
   </div>
   <div class='ocr_carea' id='block_1_103' title="bbox 316 5661 1867 5750">
    <p class='ocr_par' dir='ltr' id='par_1_103' title="bbox 316 5661 1867 5750">
     <span class='ocr_line' id='line_1_103' title="bbox 316 5661 1867 5750; baseline -0.006 -29"><span class='ocrx_word' id='word_1_821' title='bbox 316 5661 523 5723; x_wconf 78' lang='lat' dir='ltr'><strong>Ibidem</strong></span> <span class='ocrx_word' id='word_1_822' title='bbox 570 5661 700 5722; x_wconf 73' lang='lat' dir='ltr'><strong>mss.</strong></span> <span class='ocrx_word' id='word_1_823' title='bbox 733 5666 973 5720; x_wconf 85' lang='lat' dir='ltr'><strong>habent:</strong></span> <span class='ocrx_word' id='word_1_824' title='bbox 1021 5661 1175 5750; x_wconf 83' lang='lat' dir='ltr'><strong>Virga</strong></span> <span class='ocrx_word' id='word_1_825' title='bbox 1209 5678 1310 5714; x_wconf 78' lang='lat' dir='ltr'><strong>non</strong></span> <span class='ocrx_word' id='word_1_826' title='bbox 1355 5670 1428 5713; x_wconf 80' lang='lat' dir='ltr'><strong>est</strong></span> <span class='ocrx_word' id='word_1_827' title='bbox 1473 5661 1867 5731; x_wconf 64' lang='lat' dir='ltr'><strong>primogenitae.</strong></span> 
     </span>
    </p>
   </div>
   <div class='ocr_carea' id='block_1_104' title="bbox 1985 4496 3538 4571">
    <p class='ocr_par' dir='ltr' id='par_1_104' title="bbox 1985 4496 3538 4571">
     <span class='ocr_line' id='line_1_104' title="bbox 1985 4496 3538 4571; baseline 0.002 -18"><span class='ocrx_word' id='word_1_828' title='bbox 1985 4514 2045 4554; x_wconf 89' lang='lat' dir='ltr'><strong>ra</strong></span> <span class='ocrx_word' id='word_1_829' title='bbox 2078 4496 2432 4563; x_wconf 90' lang='lat' dir='ltr'><strong>correctione,</strong></span> <span class='ocrx_word' id='word_1_830' title='bbox 2462 4496 2544 4552; x_wconf 88' lang='lat' dir='ltr'><strong>vel</strong></span> <span class='ocrx_word' id='word_1_831' title='bbox 2569 4506 2714 4552; x_wconf 88' lang='lat' dir='ltr'><strong>certe</strong></span> <span class='ocrx_word' id='word_1_832' title='bbox 2745 4513 2852 4552; x_wconf 85' lang='lat' dir='ltr'><strong>non</strong></span> <span class='ocrx_word' id='word_1_833' title='bbox 2876 4499 3079 4567; x_wconf 71' lang='lat' dir='ltr'><strong>indiget</strong></span> <span class='ocrx_word' id='word_1_834' title='bbox 3098 4501 3294 4571; x_wconf 76' lang='lat' dir='ltr'><strong>pmnis,</strong></span> <span class='ocrx_word' id='word_1_835' title='bbox 3326 4500 3419 4556; x_wconf 89' lang='lat' dir='ltr'><strong>sed</strong></span> <span class='ocrx_word' id='word_1_836' title='bbox 3444 4516 3538 4556; x_wconf 82' lang='lat' dir='ltr'><strong>va-</strong></span> 
     </span>
    </p>
   </div>
   <div class='ocr_carea' id='block_1_105' title="bbox 1982 4572 3534 4667">
    <p class='ocr_par' dir='ltr' id='par_1_105' title="bbox 1982 4572 3534 4667">
     <span class='ocr_line' id='line_1_105' title="bbox 1982 4572 3534 4667; baseline 0.002 -23"><span class='ocrx_word' id='word_1_837' title='bbox 1982 4590 2114 4644; x_wconf 90' lang='lat' dir='ltr'><strong>lenti</strong></span> <span class='ocrx_word' id='word_1_838' title='bbox 2135 4589 2246 4658; x_wconf 83' lang='lat' dir='ltr'><strong>jam</strong></span> <span class='ocrx_word' id='word_1_839' title='bbox 2278 4587 2469 4667; x_wconf 81' lang='lat' dir='ltr'><strong>florere</strong></span> <span class='ocrx_word' id='word_1_840' title='bbox 2502 4590 2768 4659; x_wconf 79' lang='lat' dir='ltr'><strong>incipere,</strong></span> <span class='ocrx_word' id='word_1_841' title='bbox 2800 4572 2857 4645; x_wconf 74' lang='lat' dir='ltr'><strong>et</strong></span> <span class='ocrx_word' id='word_1_842' title='bbox 2882 4590 2948 4646; x_wconf 89' lang='lat' dir='ltr'><strong>ad</strong></span> <span class='ocrx_word' id='word_1_843' title='bbox 2975 4590 3272 4661; x_wconf 83' lang='lat' dir='ltr'><strong>perfectum</strong></span> <span class='ocrx_word' id='word_1_844' title='bbox 3301 4591 3534 4647; x_wconf 86' lang='lat' dir='ltr'><strong>fructum</strong></span> 
     </span>
    </p>
   </div>
   <div class='ocr_carea' id='block_1_106' title="bbox 1982 4670 3536 4748">
    <p class='ocr_par' dir='ltr' id='par_1_106' title="bbox 1982 4670 3536 4748">
     <span class='ocr_line' id='line_1_106' title="bbox 1982 4670 3536 4748; baseline 0.001 -14"><span class='ocrx_word' id='word_1_845' title='bbox 1982 4678 2147 4734; x_wconf 82' lang='lat' dir='ltr'><strong>exire.</strong></span> <span class='ocrx_word' id='word_1_846' title='bbox 2203 4670 2445 4732; x_wconf 80' lang='lat' dir='ltr'><strong>Primum</strong></span> <span class='ocrx_word' id='word_1_847' title='bbox 2480 4672 2619 4732; x_wconf 83' lang='lat' dir='ltr'><strong>enim</strong></span> <span class='ocrx_word' id='word_1_848' title='bbox 2650 4679 2751 4734; x_wconf 83' lang='lat' dir='ltr'><strong>tios</strong></span> <span class='ocrx_word' id='word_1_849' title='bbox 2795 4681 3134 4745; x_wconf 88' lang='lat' dir='ltr'><strong>ostenditur,</strong></span> <span class='ocrx_word' id='word_1_850' title='bbox 3183 4680 3372 4735; x_wconf 88' lang='lat' dir='ltr'><strong>deinde</strong></span> <span class='ocrx_word' id='word_1_851' title='bbox 3413 4690 3536 4748; x_wconf 86' lang='lat' dir='ltr'><strong>post</strong></span> 
     </span>
    </p>
   </div>
   <div class='ocr_carea' id='block_1_107' title="bbox 1982 4768 3535 4838">
    <p class='ocr_par' dir='ltr' id='par_1_107' title="bbox 1982 4768 3535 4838">
     <span class='ocr_line' id='line_1_107' title="bbox 1982 4768 3535 4838; baseline -0.001 -16"><span class='ocrx_word' id='word_1_852' title='bbox 1982 4768 2164 4823; x_wconf 82' lang='lat' dir='ltr'><strong>florem</strong></span> <span class='ocrx_word' id='word_1_853' title='bbox 2207 4768 2356 4838; x_wconf 79' lang='lat' dir='ltr'><strong>virga</strong></span> <span class='ocrx_word' id='word_1_854' title='bbox 2399 4769 2458 4823; x_wconf 85' lang='lat' dir='ltr'><strong>fit</strong></span> <span class='ocrx_word' id='word_1_855' title='bbox 2494 4778 2547 4824; x_wconf 92' lang='lat' dir='ltr'><strong>et</strong></span> <span class='ocrx_word' id='word_1_856' title='bbox 2585 4771 2649 4824; x_wconf 88' lang='lat' dir='ltr'><strong>ad</strong></span> <span class='ocrx_word' id='word_1_857' title='bbox 2679 4770 2915 4826; x_wconf 90' lang='lat' dir='ltr'><strong>fructum</strong></span> <span class='ocrx_word' id='word_1_858' title='bbox 2940 4773 3068 4826; x_wconf 88' lang='lat' dir='ltr'><strong>exit.</strong></span> <span class='ocrx_word' id='word_1_859' title='bbox 3126 4768 3270 4823; x_wconf 83' lang='lat' dir='ltr'><strong>Exiit</strong></span> <span class='ocrx_word' id='word_1_860' title='bbox 3291 4770 3440 4838; x_wconf 75' lang='lat' dir='ltr'><strong>virga</strong></span> <span class='ocrx_word' id='word_1_861' title='bbox 3467 4769 3535 4822; x_wconf 88' lang='lat' dir='ltr'><strong>de</strong></span> 
     </span>
    </p>
   </div>
   <div class='ocr_carea' id='block_1_108' title="bbox 1983 4856 3531 4928">
    <p class='ocr_par' dir='ltr' id='par_1_108' title="bbox 1983 4856 3531 4928">
     <span class='ocr_line' id='line_1_108' title="bbox 1983 4856 3531 4928; baseline -0.002 -14"><span class='ocrx_word' id='word_1_862' title='bbox 1983 4860 2166 4927; x_wconf 89' lang='lat' dir='ltr'><strong>radice</strong></span> <span class='ocrx_word' id='word_1_863' title='bbox 2188 4856 2364 4922; x_wconf 76' lang='lat' dir='ltr'><strong>Iesse,</strong></span> <span class='ocrx_word' id='word_1_864' title='bbox 2412 4864 2465 4913; x_wconf 81' lang='lat' dir='ltr'><strong>et</strong></span> <span class='ocrx_word' id='word_1_865' title='bbox 2494 4858 2592 4915; x_wconf 85' lang='lat' dir='ltr'><strong>llos</strong></span> <span class='ocrx_word' id='word_1_866' title='bbox 2614 4860 2683 4916; x_wconf 88' lang='lat' dir='ltr'><strong>de</strong></span> <span class='ocrx_word' id='word_1_867' title='bbox 2709 4861 2892 4915; x_wconf 85' lang='lat' dir='ltr'><strong>radice</strong></span> <span class='ocrx_word' id='word_1_868' title='bbox 2920 4859 3037 4928; x_wconf 88' lang='lat' dir='ltr'><strong>ejus</strong></span> <span class='ocrx_word' id='word_1_869' title='bbox 3065 4859 3337 4923; x_wconf 87' lang='lat' dir='ltr'><strong>ascendet,</strong></span> <span class='ocrx_word' id='word_1_870' title='bbox 3364 4865 3418 4911; x_wconf 86' lang='lat' dir='ltr'><strong>et</strong></span> <span class='ocrx_word' id='word_1_871' title='bbox 3443 4872 3531 4911; x_wconf 86' lang='lat' dir='ltr'><strong>re-</strong></span> 
     </span>
    </p>
   </div>
   <div class='ocr_carea' id='block_1_109' title="bbox 1982 4945 3529 5018">
    <p class='ocr_par' dir='ltr' id='par_1_109' title="bbox 1982 4945 3529 5018">
     <span class='ocr_line' id='line_1_109' title="bbox 1982 4945 3529 5018; baseline -0.002 -15"><span class='ocrx_word' id='word_1_872' title='bbox 1982 4951 2263 5018; x_wconf 81' lang='lat' dir='ltr'><strong>quiescant</strong></span> <span class='ocrx_word' id='word_1_873' title='bbox 2287 4961 2450 5017; x_wconf 89' lang='lat' dir='ltr'><strong>super</strong></span> <span class='ocrx_word' id='word_1_874' title='bbox 2475 4962 2598 5003; x_wconf 90' lang='lat' dir='ltr'><strong>eum</strong></span> <span class='ocrx_word' id='word_1_875' title='bbox 2629 4957 2832 5018; x_wconf 81' lang='lat' dir='ltr'><strong>septem</strong></span> <span class='ocrx_word' id='word_1_876' title='bbox 2863 4947 3138 5014; x_wconf 89' lang='lat' dir='ltr'><strong>mulieres,</strong></span> <span class='ocrx_word' id='word_1_877' title='bbox 3174 4946 3397 5016; x_wconf 86' lang='lat' dir='ltr'><strong>spiritus</strong></span> <span class='ocrx_word' id='word_1_878' title='bbox 3421 4945 3529 5000; x_wconf 92' lang='lat' dir='ltr'><strong>Do-</strong></span> 
     </span>
    </p>
   </div>
   <div class='ocr_carea' id='block_1_110' title="bbox 1983 5033 3535 5105">
    <p class='ocr_par' dir='ltr' id='par_1_110' title="bbox 1983 5033 3535 5105">
     <span class='ocr_line' id='line_1_110' title="bbox 1983 5033 3535 5105; baseline 0 -14"><span class='ocrx_word' id='word_1_879' title='bbox 1983 5036 2138 5102; x_wconf 88' lang='lat' dir='ltr'><strong>mini,</strong></span> <span class='ocrx_word' id='word_1_880' title='bbox 2191 5034 2413 5105; x_wconf 87' lang='lat' dir='ltr'><strong>spiritns</strong></span> <span class='ocrx_word' id='word_1_881' title='bbox 2464 5037 2741 5104; x_wconf 78' lang='lat' dir='ltr'><strong>sapientia:</strong></span> <span class='ocrx_word' id='word_1_882' title='bbox 2781 5041 2838 5089; x_wconf 87' lang='lat' dir='ltr'><strong>et</strong></span> <span class='ocrx_word' id='word_1_883' title='bbox 2884 5033 3188 5105; x_wconf 77' lang='lat' dir='ltr'><strong>intellectus</strong></span> <span class='ocrx_word' id='word_1_884' title='bbox 3229 5034 3535 5103; x_wconf 74' lang='lat' dir='ltr'><strong>requiescet</strong></span> 
     </span>
    </p>
   </div>
   <div class='ocr_carea' id='block_1_111' title="bbox 1983 5120 3532 5196">
    <p class='ocr_par' dir='ltr' id='par_1_111' title="bbox 1983 5120 3532 5196">
     <span class='ocr_line' id='line_1_111' title="bbox 1983 5120 3532 5196; baseline -0.003 -13"><span class='ocrx_word' id='word_1_885' title='bbox 1983 5120 2146 5196; x_wconf 86' lang='lat' dir='ltr'><strong>super</strong></span> <span class='ocrx_word' id='word_1_886' title='bbox 2168 5140 2291 5181; x_wconf 89' lang='lat' dir='ltr'><strong>eum</strong></span> <span class='ocrx_word' id='word_1_887' title='bbox 2323 5124 2390 5177; x_wconf 79' lang='grc'><strong>⁸⁸.</strong></span> <span class='ocrx_word' id='word_1_888' title='bbox 2428 5123 2660 5193; x_wconf 83' lang='lat' dir='ltr'><strong>Spiritus</strong></span> <span class='ocrx_word' id='word_1_889' title='bbox 2692 5126 2838 5180; x_wconf 87' lang='lat' dir='ltr'><strong>enim</strong></span> <span class='ocrx_word' id='word_1_890' title='bbox 2870 5124 3149 5195; x_wconf 68' lang='lat' dir='ltr'><strong>sapientia</strong></span> <span class='ocrx_word' id='word_1_891' title='bbox 3176 5138 3286 5180; x_wconf 88' lang='lat' dir='ltr'><strong>non</strong></span> <span class='ocrx_word' id='word_1_892' title='bbox 3314 5123 3532 5194; x_wconf 78' lang='lat' dir='ltr'><strong>requie-</strong></span> 
     </span>
    </p>
   </div>
   <div class='ocr_carea' id='block_1_112' title="bbox 1982 5213 3527 5287">
    <p class='ocr_par' dir='ltr' id='par_1_112' title="bbox 1982 5213 3527 5287">
     <span class='ocr_line' id='line_1_112' title="bbox 1982 5213 3527 5287; baseline 0.003 -16"><span class='ocrx_word' id='word_1_893' title='bbox 1982 5217 2059 5271; x_wconf 88' lang='lat' dir='ltr'><strong>vit</strong></span> <span class='ocrx_word' id='word_1_894' title='bbox 2089 5216 2145 5269; x_wconf 90' lang='lat' dir='ltr'><strong>in</strong></span> <span class='ocrx_word' id='word_1_895' title='bbox 2180 5214 2392 5284; x_wconf 80' lang='lat' dir='ltr'><strong>Moyse,</strong></span> <span class='ocrx_word' id='word_1_896' title='bbox 2441 5213 2662 5282; x_wconf 87' lang='lat' dir='ltr'><strong>spiritus</strong></span> <span class='ocrx_word' id='word_1_897' title='bbox 2708 5215 2986 5285; x_wconf 75' lang='lat' dir='ltr'><strong>sapientia:</strong></span> <span class='ocrx_word' id='word_1_898' title='bbox 3029 5229 3139 5270; x_wconf 87' lang='lat' dir='ltr'><strong>non</strong></span> <span class='ocrx_word' id='word_1_899' title='bbox 3180 5214 3444 5287; x_wconf 84' lang='lat' dir='ltr'><strong>requievit</strong></span> <span class='ocrx_word' id='word_1_900' title='bbox 3473 5215 3527 5275; x_wconf 81' lang='lat' dir='ltr'><strong>in</strong></span> 
     </span>
    </p>
   </div>
   <div class='ocr_carea' id='block_1_113' title="bbox 1981 5396 3036 5464">
    <p class='ocr_par' dir='ltr' id='par_1_113' title="bbox 1981 5396 3036 5464">
     <span class='ocr_line' id='line_1_113' title="bbox 1981 5396 3036 5464; baseline -0.002 -10"><span class='ocrx_word' id='word_1_901' title='bbox 1981 5403 2028 5436; x_wconf 82' lang='grc'><strong>⁸⁸</strong></span> <span class='ocrx_word' id='word_1_902' title='bbox 2064 5399 2086 5454; x_wconf 90' lang='grc' dir='ltr'><strong>ι</strong></span> <span class='ocrx_word' id='word_1_903' title='bbox 2120 5397 2247 5453; x_wconf 90' lang='lat' dir='ltr'><strong>Cor.</strong></span> <span class='ocrx_word' id='word_1_904' title='bbox 2293 5411 2365 5461; x_wconf 87' lang='lat' dir='ltr'><strong>tv,</strong></span> <span class='ocrx_word' id='word_1_905' title='bbox 2398 5396 2487 5451; x_wconf 75' lang='lat' dir='ltr'><strong>2i.</strong></span> <span class='ocrx_word' id='word_1_906' title='bbox 2562 5396 2611 5430; x_wconf 82' lang='grc'><strong>³⁸</strong></span> <span class='ocrx_word' id='word_1_907' title='bbox 2644 5396 2749 5455; x_wconf 71' lang='lat' dir='ltr'><strong>lsa.</strong></span> <span class='ocrx_word' id='word_1_908' title='bbox 2787 5398 2949 5464; x_wconf 67' lang='lat' dir='ltr'><strong>n.1,</strong></span> <span class='ocrx_word' id='word_1_909' title='bbox 2982 5398 3036 5452; x_wconf 61' lang='grc' dir='ltr'><strong>ε.</strong></span> 
     </span>
    </p>
   </div>
   <div class='ocr_carea' id='block_1_114' title="bbox 1976 5581 3109 5652">
    <p class='ocr_par' dir='ltr' id='par_1_114' title="bbox 1976 5581 3109 5652">
     <span class='ocr_line' id='line_1_114' title="bbox 1976 5581 3109 5652; baseline -0.007 -12"><span class='ocrx_word' id='word_1_910' title='bbox 1976 5585 2131 5640; x_wconf 89' lang='lat' dir='ltr'><strong>Libb.</strong></span> <span class='ocrx_word' id='word_1_911' title='bbox 2158 5583 2284 5652; x_wconf 85' lang='lat' dir='ltr'><strong>editi</strong></span> <span class='ocrx_word' id='word_1_912' title='bbox 2311 5599 2323 5637; x_wconf 90' lang='lat'><strong>:</strong></span> <span class='ocrx_word' id='word_1_913' title='bbox 2370 5581 2525 5651; x_wconf 81' lang='lat' dir='ltr'><strong>Virga</strong></span> <span class='ocrx_word' id='word_1_914' title='bbox 2553 5581 2692 5652; x_wconf 79' lang='lat' dir='ltr'><strong>enim</strong></span> <span class='ocrx_word' id='word_1_915' title='bbox 2716 5581 3109 5652; x_wconf 64' lang='lat' dir='ltr'><strong>primogenitae.</strong></span> 
     </span>
    </p>
   </div>
   <div class='ocr_carea' id='block_1_115' title="bbox 2047 5649 3220 5730">
    <p class='ocr_par' dir='ltr' id='par_1_115' title="bbox 2047 5649 3220 5730">
     <span class='ocr_line' id='line_1_115' title="bbox 2047 5649 3220 5730; baseline -0.008 -21"><span class='ocrx_word' id='word_1_916' title='bbox 2047 5653 2159 5725; x_wconf 85' lang='lat'><strong>(90)</strong></span> <span class='ocrx_word' id='word_1_917' title='bbox 2200 5651 2353 5723; x_wconf 52' lang='lat' dir='ltr'><strong>list,</strong></span> <span class='ocrx_word' id='word_1_918' title='bbox 2384 5649 2904 5725; x_wconf 45' lang='lat' dir='ltr'><strong>discipu_lus.,edit.,&#39;</strong></span> <span class='ocrx_word' id='word_1_919' title='bbox 2931 5649 3220 5730; x_wconf 58' lang='lat' dir='ltr'><strong>apostolus,</strong></span> 
     </span>
    </p>
   </div>
  </div>
