3966 6176
354 235 458 295 947

347 369 474 420 ,Ινδιι
506 366 674 429 Nave,
704 367 925 436 spiritus
951 366 1228 436 sapientia:
1258 383 1360 420 non
1403 366 1666 434 requievit
1703 367 1754 416 in
1798 367 1909 422 sin-

349 462 487 525 gulis
518 460 923 528 prophetarum,
946 458 998 512 in
1035 459 1189 523 Isaia,
1221 458 1277 517 in
1306 457 1558 513 Jeremia.

376 551 468 618 11
482 549 572 618 12
585 552 634 602 2.
653 545 760 601 Nec
784 563 908 598 vero
923 547 1075 614 quasi
1089 546 1545 614 blasphemantem
1561 559 1644 598 tne
1659 543 1901 611 lapidctis

351 644 480 695 dum
507 641 662 695 velim
699 637 998 704 gloriﬁcare
1018 635 1305 690 Dominum
1335 649 1514 690 meum
1539 633 1722 688 Jesum
1744 634 1901 690 Cbri»

352 743 494 784 stum
530 748 544 783 :
579 729 671 782 sed
701 727 1029 780 sustinentes
1061 725 1398 780 considerate
1426 725 1571 794 quod
1604 725 1822 787 dicitur,
1847 735 1901 781 ct

357 821 599 875 videbitis
630 820 758 889 quia
789 819 842 872 in
888 818 1034 871 nullo
1078 831 1267 870 eorum
1310 816 1634 884 requieverit
1661 813 1901 884 spiritus,

351 928 458 966 non
490 911 632 979 quod
669 911 734 964 ad
776 909 981 963 nullum
1016 923 1203 962 eorum
1234 906 1474 972 venerit,
1520 906 1613 960 sed
1655 907 1798 976 quod
1847 906 1898 959 in

306 997 313 1006 ’
351 1002 498 1055 nullo
525 1001 863 1068 requieverit.
897 998 1054 1053 Venit
1083 1013 1244 1067 super
1267 997 1524 1067 Moysem,
1555 1005 1740 1051 etnon
1783 1011 1898 1052 cre—

347 1093 481 1147 didit
505 1091 716 1162 Moyses
755 1099 873 1160 post
905 1091 1153 1160 spiritum
1198 1088 1472 1158 sapientia:
1508 1087 1600 1157 qui
1649 1087 1795 1142 venit
1832 1088 1898 1146 ad

348 1198 492 1237 eum.
529 1183 720 1236 Audite
769 1182 936 1247 enim,
980 1181 1074 1244 ait,
1111 1188 1438 1234 contumaces
1472 1195 1491 1232 :
1531 1177 1782 1246 Nunquid
1832 1194 1898 1231 es

281 1322 287 1326 .
346 1281 493 1340 petra
525 1273 628 1325 ista
651 1271 870 1331 educam
895 1272 1032 1325 vobis
1061 1285 1250 1339 aquam
1272 1270 1358 1327 "il
1383 1267 1540 1324 Venit
1577 1283 1738 1338 super
1774 1283 1895 1322 om-

347 1378 444 1418 nes
468 1361 664 1427 iustos,
692 1362 838 1416 venit
867 1369 921 1416 et
945 1376 1105 1430 super
1132 1359 1345 1422 lsaiam;
1375 1360 1466 1414 sed
1493 1359 1621 1428 quid
1649 1358 1756 1412 ait?
1783 1357 1896 1413 Im-

347 1453 543 1506 munda
575 1452 716 1505 labia
740 1452 965 1515 habens;
1005 1461 1055 1504 et
1097 1452 1149 1504 in
1186 1451 1353 1504 medio
1402 1448 1579 1518 populi
1622 1449 1895 1503 immunda

348 1543 489 1596 labia
517 1543 774 1605 habentis,
806 1558 895 1612 ego
923 1542 1099 1594 habito
1123 1541 1190 1596 ⁸⁸.
1223 1539 1377 1595 Venit
1408 1541 1628 1610 spiritus
1677 1541 1892 1610 sapien-

349 1633 436 1686 tia:
457 1632 735 1700 postillsm
765 1630 1044 1700 forcipem,
1062 1638 1116 1685 et
1146 1630 1342 1699 ignem,
1356 1630 1501 1691 venit
1521 1629 1586 1688 ad
1617 1629 1892 1685 immunda

347 1720 486 1774 labia
523 1720 830 1784 habentem,
865 1719 960 1774 sed
984 1734 1091 1775 non
1120 1719 1398 1788 requievit.
1419 1718 1661 1775 Ministro
1681 1719 1896 1790 quidem

348 1819 413 1857 eo
468 1819 599 1858 usus
635 1816 750 1871 est,
795 1821 901 1858 non
941 1813 1120 1861 autem
1157 1805 1438 1874 requievit.
1483 1806 1795 1866 Tribulatur
1829 1809 1896 1862 ad

345 1906 723 1961 quemcunque
757 1893 964 1950 venerit
994 1892 1284 1946 hominem.
1318 1891 1513 1949 Peccat
1541 1894 1684 1950 enim
1719 1895 1898 1950 omnis

349 1981 530 2048 homo,
567 1998 666 2038 nec
701 1993 785 2038 est
809 1984 992 2053 justus
1031 1999 1194 2054 super
1221 1995 1416 2041 terram
1456 1986 1548 2055 qui
1591 1986 1752 2040 faciat
1797 1987 1894 2041 bo-

348 2088 498 2136 num,
525 2081 580 2126 et
608 2086 718 2132 non
745 2084 946 2142 peccet.
973 2073 1140 2129 Nemo
1169 2077 1389 2130 mundus
1413 2095 1444 2130 a
1473 2077 1897 2146 sordibus,neque

343 2161 391 2214 si
418 2177 523 2214 una
545 2161 632 2221 die
654 2162 723 2214 sit
755 2163 860 2219 vita
883 2164 1029 2232 ejus;
1043 2170 1301 2220 numerati
1326 2177 1496 2221 autem
1529 2184 1724 2222 menses
1759 2169 1893 2234 ejus.

344 2249 510 2318 Igitur
527 2267 690 2318 super
709 2252 914 2308 nullum
934 2255 1238 2322 requiescit.
1256 2255 1554 2312 Possumus
1574 2271 1626 2312 et
1643 2259 1707 2312 de
1721 2259 1894 2312 Evan-

343 2339 483 2409 gelia
523 2339 773 2408 probare,
823 2342 950 2412 quia
989 2344 1133 2396 venit
1181 2345 1402 2414 spiritus
1449 2360 1611 2414 super
1655 2347 1892 2411 multus,

341 2443 530 2487 etnon
561 2433 763 2491 mansit
790 2434 843 2488 in
890 2435 989 2488 eis.
1024 2434 1165 2490 Ante
1210 2436 1486 2504 paululum
1527 2437 1722 2491 lectum
1762 2445 1844 2494 est
1876 2455 1890 2492 :

343 2521 465 2576 Non
488 2523 804 2591 permanebit
837 2523 1052 2593 spiritus
1078 2541 1220 2584 meus
1262 2526 1318 2579 in
1349 2526 1640 2580 hominibus
1678 2527 1793 2584 istis
1840 2529 1894 2582 iu

341 2622 592 2671 ueternum
619 2615 685 2667 ⁵³.
715 2612 833 2668 Non
866 2615 962 2680 ait,
995 2631 1102 2672 non
1133 2617 1255 2680 erit,
1286 2618 1402 2680 sed,
1429 2633 1530 2670 non
1551 2619 1888 2686 permanebit.

346 2702 521 2758 Unum
550 2705 680 2758 vidit
701 2703 935 2765 Joannes
965 2706 1138 2761 solum
1172 2707 1226 2759 in
1254 2721 1361 2784 quo
1392 2709 1703 2775 permansit,
1734 2718 1786 2763 et
1811 2710 1888 2763 si-

341 2806 504 2859 gnum
527 2792 627 2847 hoc
653 2803 768 2846 erat
800 2812 812 2846 :
837 2793 1004 2862 Super
1027 2811 1180 2868 quem
1200 2796 1390 2858 videris
1416 2794 1669 2865 Spiritum
1690 2797 1891 2855 descen-

340 2879 564 2944 dentem,
590 2888 638 2936 et
663 2890 956 2942 manentem
984 2882 1040 2935 in
1077 2897 1166 2946 eo,
1200 2884 1298 2936 iste
1345 2894 1422 2940 est
1470 2883 1641 2938 Filius
1684 2884 1779 2940 Dei
1823 2885 1886 2938 θα.

339 2965 664 3030 Hinistravit
690 2968 905 3037 quidem
935 2970 1098 3024 verbo
1134 2968 1228 3030 Dei
1264 2971 1456 3037 spiritu
1484 2971 1837 3056 dcscerrdepte
1871 2991 1883 3026 :

339 3063 462 3124 post
493 3055 769 3118 modicum
792 3066 997 3126 peccat,
1027 3065 1148 3126 post
1184 3059 1453 3118 modicum
1491 3061 1726 3114 Otiosum
1769 3075 1890 3114 ver-

337 3146 467 3201 bum
497 3146 736 3216 loquitur
767 3164 780 3200 :
809 3148 991 3202 nescio
1014 3157 1194 3206 autem
1221 3149 1267 3202 si
1293 3160 1344 3203 et
1382 3149 1500 3204 sine
1527 3160 1747 3219 peccato
1776 3167 1885 3205 ma-

339 3248 484 3293 neat.
515 3236 749 3296 Putasne
783 3250 1045 3312 praesente
1075 3239 1268 3309 spiritu
1299 3255 1523 3308 peccare
1554 3242 1891 3296 conceditur?

339 3330 514 3398 Super
543 3329 750 3393 nullum
777 3342 904 3401 ergo
935 3331 1199 3399 requievit
1221 3330 1442 3398 spiritus
1466 3329 1560 3385 Dei
1593 3335 1887 3398 secundum

336 3421 480 3490 quod
509 3423 766 3489 scriptum
791 3431 873 3476 est
897 3439 911 3476 :
941 3421 1091 3474 Exiit
1116 3422 1259 3491 uirga
1279 3421 1342 3476 de
1370 3422 1546 3476 radice
1565 3421 1710 3477 Iesse
1729 3434 1776 3477 et
1790 3426 1887 3493 ﬂos

335 3514 400 3566 de
427 3504 734 3581 radieeejus
766 3512 1023 3577 ascendit,
1049 3521 1097 3565 et
1127 3512 1398 3581 requiescit
1419 3528 1570 3578 super
1589 3530 1704 3570 eum
1733 3517 1890 3584 spiri-

338 3612 420 3656 tus
448 3602 564 3665 Dei,
594 3604 814 3671 spiritus.
832 3603 1123 3670 sapientius,
1153 3602 1369 3669 spiritus
1393 3602 1706 3672 intellectus,
1730 3607 1886 3674 spiri-

335 3695 470 3745 ritus
494 3691 701 3754 consilii
729 3700 778 3745 et
803 3691 1008 3752 uirtutis
1033 3690 1099 3744 οι.
1125 3689 1347 3766 Propter
1371 3691 1476 3746 hoc
1502 3695 1682 3763 magni
1710 3694 1888 3748 consi-

334 3783 394 3838 lii
429 3792 514 3838 est
534 3782 777 3851 augebis,
814 3792 1032 3860 propter
1059 3781 1163 3842 hoc
1192 3782 1437 3848 invaluit,
1463 3791 1518 3838 et
1555 3783 1887 3838 invalescens

334 3873 599 3939 ascendit,
628 3881 682 3926 et
709 3874 976 3927 mirantur
999 3887 1122 3930 cum
1157 3873 1381 3930 virtutes
1409 3873 1810 3939 ascendentem,
1833 3882 1886 3932 et

334 3966 523 4020 dicunt
549 3966 615 4019 de
646 3978 712 4018 eo
760 3982 782 4020 ι
811 3963 911 4018 Iste
935 3975 1016 4018 est
1045 3962 1305 4027 Dominus
1333 3962 1490 4026 fortis
1517 3975 1570 4018 et
1609 3974 1797 4043 potens
1829 3963 1884 4020 in

333 4053 536 4124 prailio.
566 4054 650 4108 Ad
685 4054 827 4110 hunc
857 4067 984 4122 ergo
1010 4050 1187 4115 dicam
1217 4053 1271 4106 in
1308 4053 1546 4116 coelestia
1593 4053 1884 4116 ascenden-

335 4153 461 4208 tem,
489 4143 570 4198 vel
591 4143 657 4197 ad
680 4141 1045 4206 fortitudinem
1075 4142 1213 4210 ejus.
1236 4140 1306 4196 Et
1330 4143 1572 4212 requievit
1601 4157 1751 4210 super
1768 4159 1884 4196 eum

331 4237 550 4303 spiritus
582 4232 790 4288 consilii
835 4241 884 4286 et
922 4232 1269 4301 fortitudinis.
1335 4229 1589 4306 fortitudo
1635 4249 1786 4299 mea,
1833 4243 1881 4286 et

1508 246 1548 301 S
1593 246 1895 310 EUSEBH
1931 247 1978 304 ll
1997 245 2395 306 IERONYi‘M'

3459 261 3568 324 9i8

2014 369 2323 435 pre/tendent
2343 381 2531 436 septem
2558 371 2796 424 mulieres
2827 387 2981 422 unum
3008 370 3262 426 hominem
3288 374 3512 429 dicentes
3540 393 3560 426 :

2016 458 2211 512 Panem
2234 468 2468 518 nostrum
2491 457 2944 523 manducabimns,
2968 470 3015 514 et
3034 463 3344 516 vestimentis
3367 469 3561 518 nostris

2007 555 2317 606 opertemttr,‘
2347 549 2693 593 verumtamen
2723 556 2905 594 nomen
2931 555 3078 596 tuum
3112 547 3374 604 invocetur
3409 563 3561 610 super

2008 643 2098 680 nos
2127 627 2190 678 ⁸³.
2221 627 2372 682 Tune
2404 627 2804 698 apprehendent
2831 640 2881 684 et
2917 646 3038 685 vere
3065 633 3319 687 tenebunt
3355 643 3556 702 septem

2007 715 2255 775 mulieres
2275 715 2546 773 hominem
2571 733 2736 771 unum
2761 717 2942 774 Iesum
2967 721 3239 777 Christum
3272 723 3557 784 Dominum

2006 815 2248 860 nostrum
2271 807 2423 877 juxta
2452 809 2592 878 quod
2618 809 2929 880 intelligitur
2968 812 3164 877 homo,
3204 813 3358 883 juxta
3399 815 3546 884 quod

2005 906 2163 952 natus
2192 905 2292 961 est,
2320 897 2470 967 juxta
2504 899 2647 968 quod
2682 915 2878 968 corpus
2913 903 3222 971 assumpsit.
3257 905 3554 973 Apprehen-

2004 986 2123 1038 dent
2157 1001 2347 1054 septem
2374 988 2610 1042 mulieres
2643 989 2899 1044 hominem
2926 1007 3104 1058 unum,
3143 994 3370 1048 dicentes
3400 1009 3420 1048 :
3449 997 3553 1049 Pa-

2005 1091 2116 1132 nem
2143 1087 2376 1134 nostrum
2395 1078 2842 1137 manducabintus.
2866 1078 3016 1138 Multi
3049 1083 3328 1138 ambulant
3373 1085 3553 1138 homi-

2005 1181 2122 1231 nes,
2163 1175 2214 1220 et
2245 1167 2448 1220 nullum
2485 1168 2890 1237 apprehendnnt
2923 1171 3207 1236 mulieres,
3255 1173 3431 1228 nullus
3474 1174 3554 1226 eis

2003 1257 2175 1325 placet
2205 1257 2385 1311 homo.
2417 1255 2534 1312 Non
2561 1258 2702 1313 cnim
2743 1268 2956 1330 pr0pter
2994 1261 3228 1330 inopiam
3273 1264 3552 1321 hominum

2001 1363 2168 1401 unum
2203 1347 2476 1402 hominem
2511 1350 2938 1418 apprehendunt,
2969 1367 3074 1406 non
3114 1365 3331 1422 promer
3361 1357 3552 1413 rarita-

2001 1445 2106 1489 tem
2133 1435 2366 1490 hominis
2391 1436 2604 1505 qualem
2633 1437 2914 1492 voluerunt
2941 1477 2957 1503 ,
3002 1439 3162 1494 talem
3200 1442 3549 1509 quaesierunt;

2000 1539 2166 1577 unum
2196 1524 2368 1578 solum
2401 1535 2714 1593 repererunt
2757 1527 3027 1581 hominem
3062 1542 3220 1597 quem
3250 1529 3552 1598 apprehen—

1999 1617 2212 1683 derunt,
2235 1629 2294 1674 ut
2311 1620 2491 1676 dicant
2511 1622 2560 1676 ei
2590 1638 2603 1674 :
2627 1619 2825 1675 Panem
2845 1632 3079 1684 nostrum
3100 1623 3547 1689 mandat-abimus,

1931 1695 1977 1757 Β
1998 1718 2043 1761 et
2067 1709 2382 1765 aestimatis
2398 1711 2592 1764 nostris
2617 1712 2924 1778 aperientur.
2943 1710 3035 1772 Est
3055 1712 3273 1782 quidam
3290 1713 3442 1770 aibas
3461 1731 3550 1770 sa-

1995 1799 2224 1866 pientiae,
2247 1810 2328 1854 est
2347 1799 2565 1869 quidam
2586 1801 2740 1856 cibus
2756 1801 3002 1859 similiter
3030 1802 3331 1861 intellectus
3346 1815 3399 1859 et
3425 1807 3545 1861 rel?—

1996 1903 2226 1957 quorum
2248 1889 2552 1958 spirituum.
2574 1889 2707 1957 Quis
2727 1903 2808 1946 est
2825 1891 2924 1946 iste
2939 1891 3122 1946 cibus?
3149 1883 3267 1947 Non
3291 1895 3454 1950 timeo
3475 1897 3549 1950 di-

1995 1995 2135 2046 cere,
2151 1980 2302 2036 cibus
2324 1981 2464 2035 alius
2479 1990 2562 2036 est
2579 1992 2728 2036 extra
2751 1983 2904 2046 istos,
2923 1982 3057 2037 forte
3071 1992 3129 2037 ut
3143 1999 3292 2040 meus
3302 1997 3380 2039 est
3395 1987 3548 2041 cibus

1995 2085 2172 2124 sermo
2199 2069 2311 2137 Dei,
2335 2071 2427 2140 qui
2453 2072 2527 2127 ait
2551 2092 2562 2125 :
2599 2071 2708 2142 Ego
2736 2089 2849 2126 sum
2876 2074 3026 2142 panis
3049 2074 3218 2128 vivens
3239 2077 3404 2144 quide
3421 2078 3547 2130 caele

1993 2159 2251 2222 descendi,
2285 2167 2336 2212 et
2375 2160 2532 2211 vitam
2563 2159 2629 2211 do
2664 2159 2854 2212 mundo
2880 2160 2944 2225 “;
2971 2159 3048 2214 sic
3078 2161 3356 2230 sapientiae
3391 2161 3546 2216 cibus

1995 2249 2108 2317 ipse
2133 2257 2302 2317 pater.
2327 2247 2548 2317 Propter
2565 2249 2665 2303 hoc
2685 2259 2765 2304 est
2793 2268 2806 2303 :
2834 2249 2981 2304 Meus
2995 2251 3139 2304 cibus
3164 2262 3260 2316 est,
3277 2263 3332 2305 ut
3351 2253 3544 2319 [aciem

1993 2339 2303 2394 voluntatem
2341 2339 2451 2406 ejus
2491 2340 2580 2415 qui
2608 2356 2685 2392 me
2717 2339 2898 2405 misit,
2934 2350 2992 2392 ut
3019 2357 3374 2401 consummem
3417 2357 3546 2410 opus

1991 2428 2101 2496 ejus
2122 2428 2186 2480 ".
2210 2427 2316 2482 Nec
2336 2428 2630 2502 putandum
2655 2437 2737 2483 est
2763 2429 2943 2498 aliquo
2963 2430 3202 2500 indigere
3226 2432 3543 2502 sapientiam

1991 2530 2041 2572 et
2063 2518 2406 2587 intellectum,
2425 2529 2751 2590 caeterosque
2767 2521 3010 2590 spiritus,
3032 2521 3159 2592 quia
3181 2523 3343 2576 alium
3361 2525 3539 2580 cibum

1993 2609 2242 2675 habeant,
2276 2624 2396 2664 cum
2438 2610 2602 2664 totius
2639 2609 3054 2680 dispensationis
3082 2626 3222 2666 unus
3266 2613 3338 2666 sit
3390 2614 3544 2669 cibus

1991 2708 2183 2754 natura
2212 2699 2322 2754 Dei.
2360 2697 2556 2753 Panem
2586 2708 2826 2754 nostrum
2846 2701 3362 2779 manduculn'mu_s,etI
3387 2705 3541 2756 vesti-

1990 2791 2177 2851 mentis
2216 2789 2411 2844 nostris
2447 2789 2754 2858 operiemur.
2789 2780 3132 2860 Est'quidam
3179 2803 3404 2848 ornatus
3449 2809 3540 2848 sa-

1989 2879 2201 2956 pientia:
2227 2894 2333 2947 quo
2365 2879 2666 2936 decoratur.
2692 2877 2892 2938 Ornata
2930 2890 3011 2934 est
3040 2895 3287 2936 sermone
3326 2883 3542 2952 sapien-

1990 2971 2082 3025 tia.
2121 2969 2356 3039 Singulzc
2401 2970 2592 3032 barum
2643 2969 2928 3033 mulierum
2972 2972 3167 3027 habent
3200 2983 3536 3028 ornamenta.

2001 3059 2359 3120 Verumtamen
2382 3077 2564 3114 nomen
2590 3072 2737 3114 tuum
2763 3061 3028 3120 invocetur
3048 3078 3203 3131 super
3239 3079 3353 3126 nos,
3389 3066 3542 3132 aufer

1987 3151 2314 3221 opprobrium
2339 3160 2594 3210 nostrum.
2623 3150 2777 3225 Quod
2802 3161 2886 3207 est
2913 3168 3108 3208 nomen
3139 3154 3439 3230 sapientiae?
3459 3154 3542 3210 le-

1987 3259 2100 3298 sus.
2153 3240 2293 3308 Quid
2339 3252 2423 3297 est
2461 3259 2473 3295 :
2510 3239 2786 3296 Invocetur
2822 3259 3007 3296 nomen
3045 3255 3190 3298 tuum
3225 3261 3382 3314 super
3419 3249 3546 3300 nos?

1986 3333 2097 3403 Ego
2133 3349 2252 3388 sum
2285 3333 2566 3402 sapientia,
2602 3333 2844 3390 volo.tuo
2875 3333 3092 3388 nomine
3119 3335 3297 3390 vocari
3338 3345 3399 3390 ut
3433 3353 3537 3405 ego

1986 3423 2248 3494 sapientia
2282 3423 2430 3477 dicar
2472 3421 2629 3478 Jesus
2653 3461 2668 3488 ,
2724 3433 2783 3477 ut
2825 3422 3125 3483 intellectus
3155 3434 3210 3479 et
3249 3427 3539 3488 consilium

1985 3528 2238 3582 magnum
2269 3521 2321 3568 et
2358 3511 2634 3578 fortitudo,
2668 3520 2722 3566 et
2757 3511 2982 3568 scientia
3018 3521 3071 3566 ct
3089 3513 3260 3583 pietas
3296 3525 3348 3570 et
3374 3518 3540 3571 timor

1983 3601 2078 3660 Dei
2103 3597 2446 3660 nominentur
2471 3599 2648 3666 Jesus,
2675 3608 2734 3658 ut
2768 3601 2949 3656 omnia
2975 3601 3029 3655 in
3058 3601 3309 3659 omnibus
3339 3620 3536 3660 nomen

1985 3700 2136 3748 tuum
2173 3691 2282 3746 ﬁat.
2322 3689 2525 3747 Nomen
2560 3702 2706 3753 tuum
2736 3691 3001 3753 invocetur
3027 3709 3182 3762 super
3205 3709 3297 3747 nos
3316 3734 3334 3760 ,
3385 3696 3539 3764 aufer

1983 3781 2315 3857 opprobrium
2359 3791 2616 3836 nostrum.
2664 3779 2868 3843 Revera
2913 3781 3139 3844 abstulit
3187 3786 3535 3856 opprobrium

1981 3869 2389 3936 lesus.ldcirco
2431 3881 2730 3942 surgentes,
2775 3885 2994 3927 oremus
3040 3871 3208 3931 Deum
3252 3875 3346 3944 qui
3395 3876 3540 3936 hunc

1984 3963 2133 4018 misit
2165 3961 2460 4028 hominem,
2491 3971 2548 4020 ut
2579 3971 2782 4033 septem
2811 3963 3098 4022 mulierum
3126 3965 3346 4034 spiritus
3373 3966 3428 4019 in
3465 3982 3533 4022 co

1983 4055 2361 4124 requiesceret,
2389 4060 2445 4108 ut
2470 4061 2522 4106 et
2545 4053 2701 4115 nobis
2737 4054 2838 4108 iste
2871 4054 3036 4110 homo
3063 4055 3264 4110 tribuat
3284 4071 3534 4110 commu-
3559 4099 3572 4118 ,

1982 4145 2199 4204 nionem
2226 4143 2418 4205 harum
2449 4143 2758 4210 mulierum;
2785 4152 2842 4198 ut
2866 4151 3201 4205 assumentes
3221 4158 3313 4200 eas
3345 4145 3540 4202 ﬁamus

1981 4235 2268 4304 sapientes,
2300 4233 2653 4302 intelligentes
2681 4233 2736 4288 in
2772 4231 2881 4289 Deo
2903 4243 2956 4288 et
2978 4234 3290 4288 hominibus
3311 4239 3332 4299 ,‘
3363 4237 3538 4289 virtu-

330 4327 448 4378 Inus
495 4339 609 4376 mea
646 4322 923 4387 Dominus,
961 4331 1010 4376 et
1048 4321 1219 4390 factus
1249 4332 1326 4384 est
1349 4321 1475 4383 mihi
1492 4322 1545 4382 in
1565 4320 1787 4374 salutent
1810 4322 1876 4375 ⁶².
1910 4330 1954 4391 ο
1980 4326 2124 4380 tibus
2155 4324 2476 4384 edomantes
2505 4325 2740 4390 animam
2770 4333 3012 4387 nostram
3043 4327 3096 4378 In
3121 4307 3339 4381 Christo
3377 4324 3529 4392 Jesn,

332 4415 615 4482 ltequievit
636 4427 769 4482 ergo
790 4427 952 4491 super
976 4428 1100 4468 eum
1132 4411 1354 4481 spiritus
1394 4411 1508 4475 Dei,
1539 4411 1764 4486 spiritus
1799 4427 1886 4466 sa.

323 4503 543 4572 pientia:
573 4517 629 4558 et
662 4505 994 4571 intellcctus,
1049 4506 1268 4586 1,113
1314 4509 1546 4579 spiritus
1594 4511 1811 4583 consilii
1845 4520 1898 4566 et
1975 4507 2167 4565 Amen.

325 4596 684 4660 fortitudinis,
709 4597 935 4667 spiritus
965 4600 1246 4668 sapientiae
1269 4608 1326 4655 et
1352 4600 1596 4671 pietatis,
1615 4611 1673 4658 et
1703 4602 1895 4670 imple-

330 4687 404 4742 ιιι
434 4703 560 4742 eum.
591 4689 817 4759 spiritus
850 4689 1066 4745 timoris
1098 4691 1334 4747 Domini.

389 4788 442 4840 '5.
460 4784 506 4837 u
515 4783 706 4839 ulieres
722 4781 882 4850 igitur
894 4787 1196 4849 quiet-entes
1205 4791 1366 4846 quem
1378 4785 1676 4843 assumant,
1693 4791 1878 4847 appre-

331 4877 566 4930 hcndent
595 4881 799 4944 septem
830 4887 998 4930 unum
1032 4869 1328 4924 hominem.
1360 4867 1426 4932 Et
1452 4868 1556 4924 hoc
1576 4884 1642 4923 ex
1680 4869 1875 4939 priori-

330 4968 434 5022 bus.
455 4966 668 5036 pendet,
689 4973 742 5019 et
763 4971 972 5038 Oportet
997 4961 1172 5030 primo
1199 4973 1522 5030 cognoscere
1545 4959 1762 5028 quando
1790 4975 1874 5014 rc-

326 5057 538 5127 eipiant.
553 5066 755 5124 septem
768 5055 1025 5111 mulieres.
1049 5067 1222 5112 unum
1235 5050 1537 5106 hominem.
1559 5048 1692 5104 Cum
1709 5048 1876 5109 fortes

330 5148 660 5210 llierussbm
698 5146 964 5204 humiliati
995 5144 1222 5206 fuerint,
1257 5157 1382 5198 eum
1431 5141 1669 5203 luserim
1709 5141 1876 5200 theca:

326 5255 512 5296 eorum
545 5246 854 5295 ornamenta
881 5236 1110 5289 ﬁliarum
1153 5235 1304 5299 Sion,
1333 5249 1457 5290 cum
1490 5233 1740 5290 derelicta
1766 5229 1872 5287 ine.

326 5330 398 5386 rit
422 5331 512 5385 illa
548 5330 683 5393 sola,
709 5342 834 5382 cum
865 5326 999 5380 elisa
1053 5324 1208 5380 fuerit
1241 5324 1306 5376 ad
1356 5335 1574 5389 terram,
1620 5331 1743 5376 tunc
1781 5337 1875 5388 ap-

1465 5531 1507 5560 ⁵¹³
1533 5530 1663 5582 Gen.
1704 5543 1773 5586 γι,
1803 5527 1850 5578 5.

421 5545 463 5575 ⁸⁷
494 5541 650 5596 Num.
685 5558 775 5600 xx,
817 5539 895 5591 l0.
992 5536 1037 5569 “
1067 5534 1167 5588 lsa.
1200 5549 1272 5594 vn,
1310 5534 1358 5584 5.

325 5611 368 5642 ⁸⁵
400 5613 502 5666 lsa.
534 5628 604 5678 tv,
641 5612 686 5663 l.

1979 4415 2065 4470 cui
2107 4423 2193 4478 est
2229 4414 2399 4485 gloria
2440 4423 2495 4476 et
2535 4414 2825 4495 imperium
2865 4414 2921 4468 in
2960 4425 3153 4471 sarcina
3187 4416 3531 4476 saeculorum.

2373 4575 2416 4642 ι
2433 4575 2470 4643 1
2487 4573 2729 4648 lli-15
2762 4578 3045 4639 unum
3072 4581 3161 4639 tv.

2219 4679 2294 4739 De
2325 4681 2519 4736 uisione
2549 4678 2644 4734 Dei
2661 4687 2708 4731 et
2735 4680 2992 4748 seraphim
3025 4678 3164 4747 (cap.
3198 4676 3294 4746 vr).

2051 4774 2101 4826 l.
2129 4771 2467 4842 lmpossibile
2485 4779 2567 4825 est
2581 4769 2822 4824 invenire
2839 4769 3159 4839 principium
3179 4765 3288 4821 Dei.
3316 4765 3533 4824 Princie

1981 4865 2126 4933 pium
2145 4873 2298 4918 ortus
2315 4862 2407 4916 Dei
2425 4877 2687 4931 nusquam
2706 4860 3135 4928 comprehendis.
3159 4857 3275 4912 Non
3299 4857 3425 4913 dico
3449 4867 3527 4924 tu,

1980 4954 2072 5011 sed
2095 4952 2498 5023 nequealiquis,
2516 4966 2691 5022 neque
2777 4949 2925 5007 aliud
3029 4949 3323 5024 quidquam
3341 4963 3528 5002 eorum

1980 5060 2099 5114 qua:
2121 5021 2440 5097 subsistunt.
2459 5021 2615 5095 Solus
2632 5039 2874 5093 Salvator
2888 5049 2937 5094 et
2959 5021 3188 5106 Spiritus
3204 5021 3427 5091 sanctus
3437 5037 3530 5104 qui

1981 5153 2193 5206 semper
2215 5134 2434 5192 fuerunt
2459 5147 2578 5186 cum
2595 5131 2725 5196 Deo,
2743 5120 2924 5185 vident
2942 5129 3129 5181 faciem
3150 5128 3290 5196 ejus;
3317 5137 3370 5181 et
3393 5126 3534 5181 forte

1982 5227 2153 5296 angeli
2183 5225 2275 5304 qui
2322 5224 2505 5277 vident
2535 5221 2736 5292 jugitcr
2767 5219 2956 5274 faciem
2991 5217 3166 5273 Patris
3213 5217 3306 5286 qui
3343 5225 3428 5270 est
3473 5217 3530 5269 in

1978 5317 2152 5379 caelis,
2183 5316 2362 5371 vident
2391 5322 2446 5368 et
2476 5311 2736 5382 principia
2765 5309 3120 5379 negotiorum.
3147 5306 3237 5362 Sic
3263 5314 3442 5388 autem
3475 5314 3532 5359 et

1953 5526 1994 5555 ⁶⁰
2021 5522 2173 5578 Joan.
2209 5537 2246 5585 l,
2279 5520 2367 5586 55,
2402 5520 2489 5572 54.
2570 5516 2610 5546 ⁶¹
2646 5515 2749 5569 lsa.
2785 5531 2857 5579 xu,
2908 5513 2954 5576 l,
2985 5512 3036 5565 2.
3117 5512 3158 5542 ⁶²
3201 5507 3302 5562 lsa.
3342 5519 3442 5575 tut,
3469 5505 3532 5569 2,

766 5593 810 5641 δ’*
844 5608 998 5659 han.
1028 5619 1094 5667 vt,
1124 5604 1182 5658 5i
1227 5612 1278 5657 et
1317 5602 1402 5655 55.
1483 5601 1523 5630 ⁵³
1553 5597 1708 5650 Joan.
1751 5612 1820 5661 ιγ,
1869 5593 1956 5651 Si.
