4004 6182
418 320 526 387 949

874 316 1358 379 TRANSLATIO
1398 316 1560 376 110M
1576 315 1903 377 lLlARUM
1938 311 2310 375 ORIGENIS
2352 312 2434 374 ΙΝ
2474 312 2826 375 VISIONES
2866 311 3112 376 ISAIIE.

3513 308 3623 373 950

415 437 580 509 pedes
611 435 949 492 abscondunt
979 447 1103 490 ante
1130 437 1374 491 homines
1398 437 1691 506 seraphim.
1725 436 1964 491 Novissi-
1993 446 2039 500 Α
2068 443 2215 496 sunt.
2247 450 2275 487 a
2309 432 2578 503 seraphim
2609 429 2980 500 prophetatur,
3011 428 3140 497 quia
3183 425 3424 482 futurum
3452 426 3522 484 sit
3559 439 3616 484 ut

417 545 505 584 tua
536 529 678 584 enim
707 537 765 584 ut
792 534 938 590 sunt,
972 544 1079 580 non
1116 529 1291 580 valent
1312 527 1573 591 enarrari.
1605 525 1733 591 Quis
1762 542 1969 579 urinan-

416 621 566 676 tiavit
586 620 650 675 de
678 619 969 673 novissimis
1010 619 1089 672 “?
1121 618 1193 672 ait
1228 618 1525 687 Scriptura.
1569 618 1698 685 Quae
1724 619 1968 673 videmus

418 717 500 780 (ut
520 719 700 766 tamen
729 709 1085 773 concedatur,
1120 710 1244 779 quia
1276 710 1455 777 aliqua
1501 708 1763 776 videmus)
1794 709 1966 762 media

417 810 546 856 sunt
577 820 589 854 :
617 816 737 870 quze
758 811 882 855 ante
909 802 1163 855 mundum
1200 800 1421 863 fuerim,
1467 799 1798 868 ignoramus.
1830 797 1969 854 Fue-

418 903 545 949 runt
567 909 730 964 porro
761 893 1007 962 qutedam
1035 901 1158 947 ante
1184 893 1465 947 mundum.
1490 890 1620 956 Quze
1660 898 1782 960 post
1810 906 1969 944 mun-

416 985 544 1038 dum
576 990 827 1038 secutura
859 982 986 1049 sint,
1019 982 1082 1035 ad
1111 990 1317 1036 certum
1348 997 1453 1035 non
1493 979 1965 1050 apprchendimus.

419 1074 587 1130 Erunt
613 1081 792 1127 autem
822 1072 924 1127 alia
951 1079 1071 1142 post
1098 1072 1377 1126 mundum.
1400 1069 1475 1124 Ea
1502 1071 1663 1141 igitur
1686 1085 1806 1139 qua:
1831 1070 1970 1124 scri-

416 1177 505 1236 pta
543 1174 669 1219 sunt
696 1183 708 1218 :
740 1162 804 1217 In
827 1163 1085 1233 principio
1121 1162 1243 1232 fecit
1295 1161 1427 1216 Deus
1457 1158 1641 1214 cmlum
1669 1160 1717 1215 et
1751 1168 1967 1226 terram,

417 1267 556 1310 terra
580 1264 752 1308 autent
773 1264 884 1308 erat
904 1253 1178 1307 invisibilis
1206 1262 1254 1306 et
1286 1252 1646 1322 incomposita,
1678 1261 1724 1305 et
1752 1250 1970 1305 tenebrat

416 1355 564 1401 erant
594 1363 746 1413 super
766 1346 1029 1415 abyssum,
1058 1354 1107 1399 et
1132 1345 1349 1413 spiritus
1379 1338 1472 1396 Dei
1506 1342 1771 1411 ferebatur
1815 1359 1970 1411 super

415 1452 581 1505 quas
612 1437 678 1501 ⁸⁷,
700 1433 1193 1504 apprehenduntur.
1230 1431 1438 1490 Mundae
1465 1442 1618 1488 erant
1650 1448 1804 1501 aqum
1830 1432 1966 1499 istae,

419 1527 471 1580 in
504 1526 700 1596 quibus
747 1524 1033 1579 incubabat
1076 1525 1298 1594 spiritus
1333 1522 1446 1578 Dei.
1490 1522 1593 1577 Sed
1642 1534 1695 1578 et
1739 1524 1970 1579 tenebras

416 1632 537 1685 quae
588 1632 750 1685 super
800 1618 1054 1687 abyssum
1106 1624 1296 1680 erant,
1348 1630 1455 1668 non
1513 1622 1639 1668 sunt
1697 1613 1966 1682 ingenita).

419 1704 715 1775 Utrumque
767 1706 909 1760 enim
955 1721 1021 1759 ex
1071 1704 1241 1758 nihilo
1288 1712 1525 1758 creatum
1576 1709 1676 1756 est.
1721 1701 1859 1755 Audi
1914 1699 1967 1754 in

418 1796 551 1851 lsaia
586 1796 850 1850 dicentem
881 1793 1168 1847 Dominum
1208 1811 1223 1847 :
1259 1788 1367 1862 Ego
1400 1792 1539 1845 Deus
1573 1791 1663 1860 qui
1702 1792 1971 1845 construxi

417 1886 604 1947 lucem,
635 1896 683 1939 et
716 1885 817 1954 feci
845 1882 1079 1936 tenebras
1108 1881 1174 1936 “.
1226 1881 1364 1935 Audi
1391 1880 1709 1949 sapientiam
1750 1880 1803 1933 in
1834 1877 1970 1934 Pro-

420 1970 617 2024 verbiis
666 1970 1041 2040 praedicantem
1096 1986 1111 2024 :
1178 1972 1310 2021 Ante
1357 1983 1533 2020 omnes
1590 1966 1803 2035 abyssos
1845 1973 1972 2021 nata

419 2074 534 2111 sum
571 2058 635 2109 ".
668 2055 786 2111 Non
818 2064 975 2110 erant
1011 2056 1110 2110 ista
1146 2056 1378 2125 ingenita
1400 2094 1415 2119 ,
1451 2055 1543 2109 sed
1586 2053 1836 2123 quando,
1891 2052 1972 2107 vel

420 2146 692 2217 quomodo
718 2156 843 2200 sunt
870 2156 1019 2208 nata,
1053 2146 1256 2199 nescio.
1292 2143 1549 2198 Velantur
1573 2144 1715 2198 enim
1757 2154 1787 2196 a
1822 2155 1972 2196 sera-

419 2239 564 2306 phim
595 2239 772 2306 priora
799 2251 1022 2307 Operam
1055 2237 1168 2300 Dei,
1201 2236 1253 2290 id
1279 2247 1360 2291 est
1384 2236 1548 2291 facies
1579 2235 1694 2301 Dei;
1726 2235 1973 2289 similiter

418 2336 596 2381 autem
630 2336 682 2381 et
716 2327 897 2396 pedes.
947 2326 1019 2380 Ea
1052 2342 1172 2396 qua:
1218 2333 1339 2396 post
1381 2332 1679 2380 extremum
1713 2323 1971 2379 sarculum

422 2417 601 2469 futura
630 2425 757 2470 sunt
783 2415 836 2468 in
867 2416 1062 2471 sarcula
1093 2417 1432 2475 surculorum.
1454 2415 1578 2484 quis
1608 2420 1785 2484 potest
1808 2422 1973 2483 culpo-

423 2506 586 2560 nere?
624 2505 974 2561 Garrulorum
1025 2516 1109 2561 est
1156 2506 1432 2561 hominum
1484 2506 1673 2560 horum
1726 2506 1970 2560 notitiam

422 2596 677 2665 polliceri,
704 2597 1054 2651 nescientium
1080 2598 1204 2665 quia
1237 2599 1399 2650 homo
1443 2613 1504 2651 ea
1556 2605 1763 2651 tantum
1794 2604 1974 2667 potest

418 2703 610 2756 capere
638 2702 756 2755 quze
791 2687 966 2741 media
1014 2695 1160 2752 sunt,
1185 2696 1238 2741 et
1275 2703 1336 2740 ea
1370 2698 1489 2755 qua}
1541 2695 1661 2755 post
1714 2687 1970 2743 mundum

422 2791 593 2844 usque
621 2776 686 2830 ad
717 2777 1237 2831 consummationem
1270 2777 1323 2831 in
1348 2760 1566 2843 'judieio
1598 2786 1725 2831 sunt
1766 2776 1967 2838 futura.

419 2865 486 2920 de
514 2867 707 2937 pinnis,
730 2867 795 2921 de
822 2868 1191 2920 retributione.
1234 2866 1297 2920 Et
1326 2866 1516 2922 horum
1556 2882 1773 2936 quoque
1804 2869 1970 2923 multa

420 2953 682 3008 absconsa
713 2964 837 3007 sunt
863 2955 1037 3017 nobis,
1080 2963 1135 3007 ut
1166 2964 1383 3023 propter
1434 2956 1534 3009 hoc
1567 2956 1783 3025 quidem
1837 2955 1972 3010 scri-

420 3046 567 3111 ptum
598 3041 671 3097 sit
696 3042 872 3110 (γεγε.
897 3043 955 3114 2)
985 3061 999 3097 :
1028 3044 1244 3119 1116
1269 3045 1483 3102 Duabus
1512 3048 1758 3104 vetabant
1776 3049 1987 3120 faciem.

414 3129 531 3184 Non
563 3131 739 3185 solum
767 3141 947 3187 autem
985 3135 1261 3200 velabant,
1295 3138 1391 3192 sed
1434 3148 1490 3193 et
1517 3139 1899 3210 contegebant,
1940 3140 1991 3195 id

416 3231 500 3276 est
526 3225 606 3278 sic
634 3224 904 3290 volabant,
932 3234 989 3283 ut
1007 3210 1108 3281 63c
1129 3229 1401 3281 mollitum
1425 3229 1705 3285 videretur
1726 3230 1991 3301 priorum,

424 3309 546 3369 dico
576 3319 755 3371 autem
786 3310 962 3375 faciei;
997 3325 1170 3378 neque
1201 3310 1475 3379 paululum
1499 3310 1626 3378 quid
1658 3325 1976 3380 agnoscere—

426 3409 515 3459 tur
542 3399 981 3459 novissimorum,
1015 3398 1116 3451 hoc
1143 3407 1225 3451 est
1252 3400 1443 3466 pedum
1469 3398 1609 3466 ejus.
1651 3396 1863 3449 Duabus
1890 3411 1977 3448 vo—

426 3489 626 3553 labant.
662 3489 858 3558 Aperta
897 3498 1025 3543 sunt
1067 3488 1238 3542 media
1266 3489 1333 3546 ad
1364 3487 1853 3555 contemplandum.
1907 3485 1976 3545 Et

426 3577 725 3632 clamabant
767 3576 901 3630 alter
946 3576 1014 3629 ad
1054 3577 1295 3635 alterum.
1339 3574 1456 3633 Non
1490 3577 1624 3630 alter
1667 3575 1734 3631 ad
1770 3575 1974 3650 plures.

428 3670 520 3725 sed
558 3670 697 3725 alter
737 3669 803 3723 ad
852 3669 1100 3723 alterum.
1148 3666 1348 3725 Audire
1384 3669 1529 3722 enim
1560 3666 1972 3724 sanctitudinem

428 3759 521 3812 Dei
547 3772 669 3827 qua:
692 3759 1044 3812 annnntiatur
1069 3772 1099 3809 ιι
1134 3754 1430 3822 Salvatore,
1462 3757 1617 3826 juxta
1665 3756 1973 3827 dignitatem

426 3848 504 3903 rei
530 3863 688 3902 nemo
716 3856 888 3916 potest
909 3849 1013 3902 nisi
1047 3848 1279 3917 Spiritus
1298 3856 1538 3912 sanctus;
1564 3847 1835 3917 quomodo
1857 3860 1978 3899 rur—

426 3954 546 3993 sum
577 3938 879 3996 inhabitare
907 3939 1315 3993 sanctimoniam
1359 3937 1451 3991 Dei
1481 3953 1600 4007 qum
1627 3937 1976 3993 annuntialur

427 4044 461 4089 a
485 4028 682 4098 Spiritu
710 4035 920 4092 sancto,
949 4041 1108 4085 nemo
1139 4036 1314 4097 potest
1352 4027 1454 4082 nisi
1507 4029 1656 4082 solus
1704 4025 1971 4081 Salvator.
2009 4011 2026 4025 ’

427 4118 508 4177 0b
552 4118 605 4173 id
654 4117 790 4173 alter
833 4116 901 4171 ad
942 4118 1167 4177 alterum
1200 4106 1525 4181 clamabant,
1558 4125 1615 4171 et
1663 4117 1912 4171 dicebant
1949 4131 1971 4173 ,ι

427 4208 604 4280 (Vers.
633 4209 689 4281 5)
716 4207 960 4272 Sanctus,
989 4218 1223 4273 sanctus,
1248 4217 1482 4261 sanctus.
1509 4206 1624 4263 Non
1664 4206 1744 4259 eis
1778 4203 1973 4263 sulllcit

423 4301 588 4355 semel
610 4301 846 4355 clamare
877 4317 892 4353 :
922 4297 1167 4365 Sanctus,
1197 4313 1371 4371 neque
1401 4297 1505 4361 bis,
1555 4296 1647 4350 sed
1677 4292 1968 4364 perfectum

2068 525 2372 579 universam
2406 530 2599 576 terram
2629 520 2797 589 gloria
2828 518 2921 574 Dei
2950 518 3054 572 mei
3092 516 3345 573 Christus
3377 517 3615 588 impleat.

2069 617 2124 671 In
2155 615 2406 670 omnibus
2434 615 2629 683 quippe
2656 613 2748 683 qn‘i
2771 610 3175 667 conversatione
3200 626 3295 666 sua
3321 611 3619 680 glorificent

2070 707 2257 772 Deum,
2292 706 2460 777 gloria
2492 704 2587 759 Dei
2609 711 2714 767 est,
2743 711 2903 773 atque
2928 703 3000 757 ita
3024 692 3273 756 universa
3291 710 3431 755 terra
3459 702 3617 772 plena

2067 807 2152 854 est
2198 798 2365 867 gloria
2416 794 2531 851 Dei.
2572 795 2711 850 Olim
2749 804 2857 847 nou
2903 792 3083 847 omnis
3114 799 3255 845 terra
3300 792 3458 861 plena
3501 803 3621 847 erat

2068 887 2237 957 gloria
2269 884 2382 951 Dei,
2417 886 2509 940 sed
2543 899 2683 939 unus
2706 882 2936 952 angulus
2962 892 3137 944 terrae,
3160 880 3377 951 quando
3402 882 3619 937 diceba-

2068 988 2156 1033 tur
2180 996 2193 1031 :
2222 974 2392 1031 Notus
2426 979 2477 1029 in
2498 973 2686 1029 Iudico
2710 972 2866 1033 Deus,
2896 973 2952 1025 in
2980 969 3148 1024 Israel
3169 987 3413 1041 magnum
3434 988 3617 1025 nomen

2067 1067 2178 1136 ejus
2208 1068 2275 1121 τί.
2301 1066 2483 1121 Gloria
2513 1064 2645 1130 Deo,
2676 1064 2768 1133 qui
2802 1062 2952 1118 misit
2980 1060 3176 1115 Filium
3200 1076 3380 1128 suum,
3404 1068 3465 1117 ut
3500 1077 3617 1116 om-

2069 1160 2155 1213 nis
2184 1146 2323 1212 terra
2353 1159 2508 1227 plena
2533 1155 2680 1210 ﬂeret
2699 1155 2864 1225 gloria
2900 1168 3021 1209 sua.
3055 1151 3159 1207 Sed
3188 1151 3319 1222 quid
3339 1152 3434 1206 tibi
3456 1153 3616 1222 prod-

2068 1256 2180 1313 est,
2208 1247 2253 1302 si
2296 1255 2437 1301 terra
2462 1246 2615 1315 plena
2646 1246 2717 1300 sit
2759 1252 2976 1315 propter
3012 1238 3269 1302 ecclesias
3314 1243 3615 1305 beatorum,

2068 1338 2163 1406 qui
2184 1338 2490 1406 ubicunque
2520 1347 2665 1401 sunt,
2705 1336 2875 1406 gloria
2902 1334 2995 1390 Dei
3018 1375 3033 1400 ,
3079 1343 3134 1389 ιιι
3175 1342 3353 1388 autem
3390 1347 3499 1387 non
3542 1332 3619 1388 sis

2068 1428 2339 1499 particeps
2365 1426 2547 1495 gloriae
2575 1425 2922 1495 plenitudinis
2949 1424 3067 1479 Dei?
3086 1423 3151 1478 Et
3184 1433 3238 1479 tu
3260 1438 3390 1493 ergo
3410 1423 3616 1487 labora,

2069 1526 2123 1571 et
2154 1519 2208 1571 in
2233 1517 2444 1572 eunetis
2470 1517 2671 1570 enitere
2696 1523 2754 1569 ut
2784 1517 2860 1570 sis
2890 1516 3115 1586 gloriam
3148 1513 3238 1568 Dei
3261 1524 3530 1584 querens,
3561 1522 3621 1569 ut

2072 1607 2332 1661 inhabitet
2369 1614 2424 1661 et
2470 1607 2708 1660 inveniat
2748 1607 2926 1660 locum
2968 1606 3021 1659 in
3058 1614 3127 1670 te,
3156 1612 3210 1659 et
3244 1604 3342 1659 tias
3367 1603 3527 1659 etiam
3562 1612 3619 1658 tu

2074 1714 2195 1752 cum
2222 1699 2364 1753 omni
2398 1699 2616 1753 terrain
2642 1710 2748 1767 qua
2780 1706 2863 1753 est
2889 1696 3069 1775 gloria
3096 1695 3185 1751 Dei
3217 1696 3406 1765 plena,
3450 1696 3617 1765 gloria
3668 1688 3683 1693 ’

2005 1768 2046 1822 Β
2071 1789 2210 1859 ejus.
2240 1788 2520 1854 Quomodo
2548 1788 2606 1842 ﬁt
2635 1802 2729 1856 per
2769 1786 3011 1857 singulos
3058 1768 3305 1841 nostrum
3343 1785 3620 1855 plenitudo

2047 1873 2231 1943 gloriae
2253 1866 2346 1924 Dei
2374 1867 2398 1922 'l
2420 1868 2477 1924 Si
2499 1885 2618 1938 qua:
2646 1869 2806 1932 facio,
2827 1884 2949 1939 qua;
2971 1870 3190 1939 loquor,
3208 1869 3261 1924 in
3286 1871 3511 1942 gloriam
3532 1870 3627 1928 Dei

2050 1966 2204 2030 liant,
2233 1965 2427 2032 plenus
2474 1978 2654 2018 sermo
2680 1975 2836 2017 meus
2862 1973 2916 2017 et
2948 1971 3102 2017 actus
3130 1960 3191 2018 ﬁt
3219 1961 3389 2033 gloria
3430 1962 3546 2019 Dei.
3568 1964 3627 2019 Si

2050 2066 2103 2112 et
2128 2068 2419 2127 processus
2445 2093 2460 2118 ,
2492 2049 2707 2124 1117
2735 2062 2789 2108 et
2821 2053 3104 2122 ingressus
3131 2069 3287 2108 meus
3318 2052 3371 2107 in
3399 2056 3630 2125 gloriam

2073 2146 2166 2200 Dei
2197 2156 2298 2210 est,
2335 2145 2379 2199 si
2410 2144 2585 2207 cibus,
2617 2143 2662 2197 si
2692 2152 2851 2211 potus
2877 2153 3050 2207 meus,
3087 2141 3133 2195 si
3165 2140 3346 2196 omnia
3379 2154 3500 2208 quae
3532 2138 3618 2193 fa-

2072 2237 2178 2299 cio,
2202 2237 2256 2289 in
2274 2236 2501 2305 gloriam
2528 2232 2617 2287 Dei
2649 2230 2802 2296 (iant,
2826 2238 2881 2286 et
2908 2246 3007 2301 ego
3025 2230 3294 2300 particeps
3316 2240 3435 2283 sum
3463 2229 3622 2283 istius

2069 2326 2194 2380 dicti
2227 2344 2240 2378 :
2279 2324 2442 2377 Plena
2464 2332 2540 2377 est
2561 2332 2705 2375 terra
2723 2320 2895 2392 gloria
2934 2320 3067 2388 ejus.
3096 2318 3231 2374 Cum
3264 2328 3394 2389 ergo
3437 2316 3618 2371 omnia

2070 2417 2173 2471 ista
2202 2412 2396 2479 facere,
2432 2414 2697 2467 elevatum
2723 2418 2809 2466 est
2837 2409 3248 2479 superliminare
3286 2423 3318 2463 a
3357 2423 3489 2463 voce
3532 2422 3621 2462 se—

2072 2508 2305 2578 raphim,
2337 2522 2442 2576 qua
2487 2503 2807 2561 clamabant.
2844 2502 3077 2557 Béatunr
3093 2509 3177 2556 est
3205 2501 3389 2569 itaque
3418 2512 3616 2553 unum-

2069 2612 2336 2672 quemque
2359 2606 2604 2653 nostrum
2632 2597 2703 2649 ita
2726 2595 2974 2652 laborare
2994 2600 3052 2646 ut
3073 2591 3342 2661 particeps
3355 2588 3450 2645 fiat
3470 2587 3617 2652 ostii,

2068 2700 2123 2747 et
2151 2687 2581 2760 superliminaris
2609 2686 2769 2753 ostii,
2815 2684 2959 2755 quod
2981 2683 3136 2752 juxta
3170 2681 3501 2735 intellectum
3536 2688 3621 2732 est

2069 2782 2318 2841 Christus
2355 2780 2515 2835 Deus.
2553 2776 2738 2847 Neque
2790 2775 2937 2834 enim
2986 2773 3241 2827 indecens
3295 2771 3442 2824 dictu
3498 2782 3621 2823 reor

2070 2870 2268 2925 ostium
2307 2872 2523 2925 carnem
2545 2909 2560 2934 ,
2606 2876 2660 2922 et
2693 2864 3109 2937 superliminare
3138 2861 3361 2916 verbum
3411 2874 3623 2914 nuncu-

2072 2959 2208 3029 pari.
2846 2949 2856 2959 ’

2141 3040 2354 3101 5.Vers.
2388 3048 2444 3111 4,
2471 3045 2525 3101 5.
2579 3044 2846 3104 Eleeatam
2891 3042 2968 3097 est
3000 3039 3394 3109 superliminare
3428 3054 3465 3092 ι
3506 3053 3622 3093 voce

2073 3153 2177 3208 qua
2216 3136 2534 3199 clamabant,
2567 3136 2614 3187 el
2639 3133 2824 3213 dorsus
2867 3132 3064 3202 repleta
3096 3140 3173 3184 est
3207 3130 3373 3198 fumo.
3418 3127 3623 3184 Fumus

2073 3230 2174 3293 iste
2207 3230 2409 3283 donum
2438 3237 2521 3283 est
2556 3228 2622 3281 de
2647 3226 2815 3297 gloria
2842 3224 2955 3279 Dei.
2988 3223 3055 3277 Et
3077 3223 3191 3276 dixi
3214 3238 3233 3277 :
3257 3220 3302 3277 0
3326 3222 3483 3275 miser
3506 3235 3622 3289 ego,

2072 3322 2319 3388 quoniam
2352 3328 2689 3388 cornpunctus
2714 3316 2867 3370 sum!
2898 3317 3198 3383 Antequam
3244 3313 3425 3368 videas
3456 3311 3624 3366 visio-

2075 3426 2219 3475 nem,
2253 3424 2359 3464 non
2392 3407 2665 3465 conﬁteris
2685 3415 2736 3461 te
2758 3418 2879 3461 esse
2907 3404 3185 3467 miserum,
3217 3418 3255 3458 ο
3284 3401 3462 3457 lsaia-l
3500 3399 3620 3456 Non

2074 3502 2150 3557 ait
2185 3516 2200 3555 :
2233 3498 2471 3569 quandiu
2493 3497 2627 3552 visit
2660 3496 2838 3562 Osias,
2880 3506 3058 3563 neque
3088 3494 3146 3551 in
3180 3508 3400 3548 sensum
3440 3507 3621 3547 meum

2073 3591 2220 3646 venit
2249 3591 2376 3660 quia
2407 3589 2572 3644 miser
2601 3602 2800 3643 essem.
2844 3584 3050 3653 Incipio
3080 3592 3259 3638 autem
3298 3598 3463 3639 nosse
3491 3582 3621 3652 quia

2074 3684 2240 3739 miser
2271 3697 2414 3745 sum,
2445 3679 2665 3750 quando
2711 3677 2871 3732 video
2899 3677 3168 3731 visionem
3193 3674 3455 3729 moriente
3486 3672 3621 3728 mihi

2073 3772 2200 3827 Osia
2224 3780 2347 3839 rege
2370 3770 2603 3838 leproso,
2634 3775 2688 3823 et
2711 3767 2833 3821 dico
2870 3780 2886 3820 :
2916 3764 2965 3821 0
2985 3765 3142 3822 miser
3156 3764 3273 3834 ego!
3300 3760 3455 3819 Nunc
3485 3763 3622 3819 inci-

2073 3863 2163 3931 pio
2181 3869 2235 3916 et
2265 3874 2367 3930 ego
2397 3858 2644 3914 conﬁteri
2691 3854 2954 3918 Domino.
2984 3861 3040 3912 et
3066 3854 3249 3908 dicere
3281 3852 3351 3908 de
3391 3859 3622 3907 memet.

2075 3952 2190 4020 ipso
2216 3948 2300 4005 :0
2324 3947 2489 4004 miser
2512 3949 2642 4017 ego!
2674 3944 2959 4011 Quomodo
2982 3941 3150 4001 Isaias
3179 3942 3309 3997 dicit
3339 3959 3355 3997 :
3381 3940 3427 3997 Ο
3458 3942 3622 3996 miser

2073 4058 2193 4113 ego.
2218 4040 2468 4099 Proxime
2493 4048 2672 4095 autem
2705 4037 2829 4091 huic
2849 4044 2905 4090 et
2936 4030 3233 4103 Apostolus
3255 4032 3384 4089 dicit
3412 4048 3427 4087 :
3459 4030 3622 4085 Εἶδον

2071 4149 2163 4203 ego
2192 4133 2367 4199 homo,
2411 4132 2527 4199 quis
2566 4144 2646 4186 me
2678 4124 2919 4186 liberabit
2948 4125 3013 4179 de
3047 4138 3260 4193 corpore
3296 4123 3480 4180 mortis
3518 4121 3620 4175 Itu-

2073 4226 2157 4289 ius
2184 4218 2501 4276 "meatum
2530 4228 2614 4274 est
2642 4212 2793 4289 'ergo
2820 4228 2879 4271 ut
2905 4218 3164 4271 miserum
3203 4222 3290 4269 me
3325 4213 3514 4268 fatear.
3560 4210 3620 4267 Si

2073 4328 2160 4369 me
2202 4312 2576 4375 bumiliavero’,
2603 4318 2660 4365 et
2700 4308 2968 4379 panitcns
3002 4319 3167 4374 super
3208 4300 3441 4372 peccatis
3484 4300 3621 4354 meis

425 4404 709 4453 numerum
767 4384 1046 4445 Trinitatis
1097 4395 1422 4452 assumunt,
1474 4393 1534 4439 ut
1574 4382 1967 4438 multitudinem

2071 4404 2291 4470 ﬂevere,
2318 4401 2569 4457 exaudiet
2609 4412 2695 4453 me
2722 4397 2886 4463 Deus,
2916 4405 2971 4450 ct
3007 4394 3157 4449 dabit
3194 4391 3327 4446 mibi
3369 4390 3622 4446 liberator

423 4481 726 4570 sa‘nctitatis
752 4477 1096 4535 manifestent
1121 4477 1237 4543 Dei,
1264 4492 1384 4546 qum
1417 4485 1498 4530 est
1526 4475 1683 4533 trina:
1708 4474 1993 4528 sanctus--

426 4562 495 4626 tis
519 4572 740 4641 repetita
768 4570 1150 4630 communitas,
1181 4567 1438 4623 sanctitas
1474 4564 1673 4630 Patris,
1712 4562 1974 4618 sanctitas

425 4663 685 4733 unigeniti
740 4660 901 4726 Filii,
958 4668 1011 4715 et
1071 4658 1302 4729 Spiritus
1343 4657 1538 4712 sancti.
1588 4654 1796 4709 Etenim
1850 4670 1974 4707 san-

422 4751 657 4821 ctiﬁcans
688 4762 737 4806 et
758 4750 1075 4819 sanetiﬁcati
1101 4762 1164 4803 ea:
1185 4764 1289 4801 uno
1305 4762 1478 4801 omnes
1498 4747 1566 4800 ⁷⁸.
1596 4743 1701 4816 Qui
1739 4744 1976 4800 sanctiﬁ-

423 4852 509 4898 cat
539 4841 782 4896 ﬁlvstor
803 4850 905 4906 est,
946 4841 1100 4909 juxta
1128 4839 1229 4894 hoc
1269 4838 1413 4908 quod
1455 4838 1616 4891 homo
1653 4844 1741 4891 est
1783 4851 1815 4889 a
1861 4833 1973 4889 Deo

426 4931 581 4990 Patre
627 4928 895 5002 accipiens
934 4931 1293 4985 sanctitatem.
1322 4926 1530 4993 Dicunt
1565 4927 1747 4995 itaque
1784 4943 1800 4979 :
1831 4924 1970 4979 Sau-

425 5039 559 5092 cius,
580 5033 813 5090 sanctus,
838 5035 1050 5078 sanctus
1078 5021 1329 5076 Dominus
1348 5017 1487 5075 Deus
1512 5016 1761 5072 Sabaoth.
1796 5014 1967 5071 luter-

425 5122 664 5191 pretatur
686 5115 944 5180 Sabaoth,
971 5123 1030 5169 ut
1056 5110 1247 5184 Aquila
1272 5110 1511 5175 tradidit,
1542 5108 1810 5162 Dominus.
1825 5107 1970 5164 mili-

426 5212 641 5267 tiaram.

491 5318 547 5373 2.
580 5316 744 5379 Plena
764 5325 839 5377 est
860 5314 1027 5371 omnis
1053 5320 1190 5369 terra
1213 5312 1380 5382 gloria
1395 5311 1527 5379 ejus.
1545 5304 1682 5362 Olim
1707 5305 1863 5376 plena
1881 5304 1972 5358 do—

427 5424 549 5467 mus
574 5417 691 5464 erat
721 5407 911 5478 gloria,
957 5420 1101 5460 nunc
1135 5418 1263 5459 vero
1299 5403 1383 5457 his
1432 5398 1523 5469 qui
1563 5410 1724 5466 super
1767 5402 1968 5450 terram

488 5609 539 5647 ⁸⁸
561 5610 661 5669 lsa.
696 5628 805 5677 xtl,
835 5613 926 5668 26.
979 5614 1024 5646 ι’
1053 5612 1245 5668 Cenes.
1275 5628 1313 5676 i,
1340 5612 1394 5679 1,
1427 5610 1481 5664 2.
1559 5612 1603 5643 ⁸⁸
1635 5610 1738 5667 lsa.
1765 5625 1887 5678 ην,
1916 5608 1971 5665 7.

2068 5610 2092 5643 π’
2120 5606 2280 5664 Prov.
2308 5622 2424 5676 vni,
2448 5608 2536 5664 24.

418 5679 463 5711 "’
491 5679 649 5741 Rom.
705 5697 800 5749 vn,
833 5683 922 5737 24.
998 5681 1044 5713 ’³
1075 5682 1205 5738 ibid.
1234 5680 1322 5740 25.

2072 4504 2206 4555 rem,
2230 4498 2283 4546 et
2304 4491 2483 4545 dicam
2508 4507 2522 4546 :
2548 4487 2758 4546 Gratias
2782 4485 2889 4539 Deo
2906 4481 3198 4552 perluunt
3219 4480 3488 4535 Christum
3511 4479 3620 4536 Do-

2072 4583 2267 4639 minum
2294 4588 2529 4633 nostrum
2551 4577 2617 4630 ⁷³.
2645 4575 2842 4629 Verum
2871 4590 2937 4629 ex
2956 4573 3119 4628 corde
3142 4572 3387 4626 dicamus
3418 4562 3622 4623 :Niscr

2072 4682 2175 4740 ego
2197 4684 2340 4723 sum.
2362 4666 2744 4736 Unusquisque
2959 4663 3272 4718 recordetur
3306 4672 3499 4719 cauas
3518 4657 3623 4712 mi-

2074 4760 2341 4816 seriarum
2361 4772 2583 4813 suarum
2597 4765 2649 4811 et
2673 4755 2890 4819 delicta,
2912 4762 2968 4809 et
2988 4753 3235 4808 dicamus
3251 4757 3533 4819 surgentes
3552 4747 3621 4802 ad

2074 4847 2399 4912 orationem,
2417 4854 2684 4899 memores
2699 4843 2915 4913 quidem
2932 4839 3089 4910 quasi
3100 4838 3415 4893 confitentes
3432 4875 3450 4903 ,
3470 4834 3621 4890 obliti

2076 4944 2259 4994 autem
2286 4934 2441 5004 quasi
2462 4934 2575 5003 jam
2605 4947 2715 4987 non
2743 4930 3022 4992 facientes,
3049 4936 3106 4982 et
3127 4926 3372 4985 dicamus
3406 4942 3422 4979 :
3454 4922 3621 4981 Miser

2073 5024 2433 5097 ego,quouiam
2455 5031 2790 5089 compunctus
2822 5032 2957 5073 sum.
2986 5014 3104 5070 Non
3149 5024 3232 5068 est
3266 5022 3621 5083 compunctus

2072 5124 2363 5183 antequam
2397 5112 2601 5166 videret
2626 5110 2913 5170 visionem,
2944 5114 3231 5176 antequam
3258 5102 3416 5163 Dsias
3442 5116 3620 5161 more-

2074 5214 2221 5260 retur
2249 5218 2408 5261 tcum
2439 5202 2629 5272 incipit
2651 5199 3017 5269 penitentiam
3042 5209 3220 5268 agere,
3240 5193 3423 5256 statim
3445 5191 3577 5251 dicit
3600 5206 3616 5244 :

2072 5296 2320 5364 quoniam:
2353 5301 2689 5361 compunctus
2725 5305 2865 5346 sum.
2912 5287 2971 5342 Si
3008 5287 3133 5357 quis
3178 5286 3298 5342 sine
3327 5298 3492 5340 sensu
3534 5289 3619 5337 est

2069 5384 2221 5453 juxta
2256 5383 2563 5438 interiorem
2593 5381 2894 5447 hominem,
2925 5393 3049 5435 cum
3083 5383 3332 5448 peccator
3355 5374 3461 5440 sit,
3505 5383 3615 5427 non

2614 5611 2657 5642 ⁷⁰
2686 5609 2819 5668 lleb.
2853 5625 2914 5677 ιι,
2945 5610 3032 5669 ll.
3108 5610 3151 5643 "
3185 5604 3328 5668 Psal.
3359 5624 3522 5679 uxr,
3554 5610 3611 5670 2.
