4004 6182
362 300 466 367 951

1542 298 1603 359 S.
1635 296 1944 357 EUSEBlI
1983 292 2267 359 lllEl’tON
2284 296 2412 360 YMI

3481 306 3594 372 9'52

357 435 757 508 ccmpungitur;
792 437 883 494 sed
913 439 1073 508 quasi
1104 438 1158 493 in
1194 439 1462 494 exteriora
1497 440 1742 494 membra
1793 439 1915 494 licet
1947 444 1993 499 Λ
2090 441 2140 507 5.
2186 438 2249 495 Et
2287 441 2475 494 missus
2512 446 2588 491 est
2632 437 2700 492 ad
2742 456 2819 493 me
2870 456 2999 494 unus
3029 438 3093 494 de
3126 439 3412 510 seraphim,
3450 441 3589 493 etin

356 526 617 583 adhibeas
659 529 980 595 stimulum,
1024 544 1131 582 non
1175 529 1337 585 sentit
1374 540 1649 585 mortuum
1695 546 1919 600 corpus,

357 620 547 676 eodem
594 621 754 674 modo
793 620 840 675 si
888 619 1146 674 adhibeas
1200 621 1471 689 peccatori
1528 621 1690 675 verba
1739 618 1921 675 divina

359 711 681 789 mortilicato
711 726 805 780 per
836 718 1150 779 peccatum,
1196 718 1252 765 et
1285 726 1393 765 non
1416 711 1615 789 ,agenti
1655 712 1922 782 paeniten-

357 800 483 852 tiam
502 780 715 867 {neque
744 808 977 853 maestus
1007 807 1111 869 est,
1141 813 1322 868 neque
1350 780 1595 875 poenitet,
1615 780 1790 873 neque
1821 800 1919 854 ha-

358 893 443 945 bet
483 891 759 945 tristitiam
789 902 1103 959 operantem
1146 880 1545 955 conlessionem
1574 931 1590 957 ,
1644 894 1919 948 tristitiam

354 999 476 1050 qua:
506 981 801 1036 secundum
828 980 997 1036 Deum
1025 980 1126 1035 est.
1165 979 1221 1037 Si
1251 982 1376 1051 quis
1399 990 1582 1045 autem
1607 982 1720 1035 vult
1749 984 1923 1037 salva-

356 1073 423 1137 ri,
448 1081 503 1126 et
532 1072 762 1125 audierit
791 1087 1072 1126 sermones
1112 1072 1391 1141 arguentis
1425 1086 1504 1137 se,
1535 1081 1590 1127 et
1623 1073 1923 1142 corripien-

353 1162 443 1222 tis,
479 1162 659 1215 statim
699 1162 829 1216 dicit
875 1179 888 1214 :
917 1162 961 1215 Ο
992 1162 1157 1216 miser
1186 1177 1305 1232 ego.
1343 1159 1452 1216 Nec
1484 1162 1680 1223 sullicit
1722 1164 1920 1227 dicere,

357 1254 516 1305 miser
535 1267 650 1322 ego;
679 1252 1057 1321 opponendum
1080 1265 1162 1307 cst
1181 1253 1251 1315 ei,
1275 1253 1400 1321 quia
1425 1261 1762 1321 compunctus
1783 1270 1920 1305 sunt.

358 1340 683 1410 Utinamque
744 1342 976 1410 amplius
1021 1343 1485 1411 compungamur!
1521 1341 1734 1407 Quanto
1776 1343 1918 1396 enim

357 1430 477 1498 plus
512 1431 959 1501 compungimur,
1007 1439 1156 1499 tanto
1203 1432 1326 1499 plus
1368 1431 1527 1485 nobis
1577 1441 1919 1501 peccatorum

354 1522 572 1575 vincula
602 1522 869 1579 laxantur.
902 1521 1124 1601 Propter
1150 1524 1253 1577 hoc
1282 1523 1472 1577 Achab
1502 1523 1589 1578 ille
1639 1539 1746 1579 non
1776 1523 1920 1577 tnui-

356 1621 483 1665 tunt
528 1613 779 1674 utilitatis
819 1621 903 1677 est
945 1623 1308 1677 consecutus,
1355 1616 1481 1686 quia
1523 1631 1631 1667 non
1689 1614 1920 1669 multum

349 1711 709 1772 compunctus
740 1714 853 1776 est;
889 1704 980 1758 sed
1014 1714 1371 1773 compunctus
1400 1706 1617 1779 quidem
1647 1715 1730 1760 est
1754 1704 1921 1759 semel

2024 547 2182 584 manu
2205 532 2317 600 ejus
2341 530 2559 593 habebat
2589 531 2883 595 carbonem,
2910 547 3059 600 quem
3085 542 3355 600 acceperat
3384 531 3588 600 forcipe

2021 624 2085 695 de
2123 622 2307 677 altari.
2351 620 2499 699 Non_
2517 636 2843 691 quocunque
2894 621 3207 693 simpliciter
3254 628 3312 675 et
3359 620 3591 674 fortuito

2022 709 2280 780 propheta
2322 711 2445 784 igne
2487 721 2771 782 purgatur,
2818 710 2910 765 sed
2939 711 3033 780 qui
3072 719 3158 765 est
3193 710 3258 766 de
3284 711 3440 765 altari
3465 708 3584 763 Dei.

2024 799 2080 854 Si
2113 809 2373 875 purgatus
2407 816 2514 855 non
2548 801 2717 855 fueris
2749 800 2938 855 altaris
2973 800 3115 869 igne,
3144 801 3344 855 residet
3368 801 3466 855 tibi
3494 800 3589 855 ille

2022 893 2087 947 de
2125 907 2233 962 quo
2261 894 2465 948 dictum
2498 904 2580 948 est
2605 909 2619 946 :
2648 893 2730 948 Ite
2763 910 2793 947 a
2821 909 2898 947 me
2928 894 2983 947 in
3011 894 3181 963 ignem
3212 902 3464 947 tcternum
3492 893 3587 965 qui

2023 986 2354 1053 praeparatus
2400 995 2476 1039 est
2502 983 2703 1039 Zabulo
2750 994 2799 1037 et
2844 984 3043 1054 angelis
3080 983 3193 1053 ejus
3218 985 3288 1039 "’.
3329 982 3452 1036 Non
3500 991 3589 1037 est

2022 1075 2144 1131 talis
2180 1073 2320 1144 ignis
2348 1070 2414 1128 de
2443 1073 2622 1129 altari.
2653 1072 2853 1131 Omnes
2884 1074 2995 1143 igni
3027 1072 3271 1127 tradendi
3302 1081 3448 1137 sunt,
3485 1072 3586 1127 sed

2023 1182 2129 1220 non
2159 1182 2350 1222 omnes
2376 1167 2469 1221 uni
2502 1165 2633 1236 igni,
2669 1167 2806 1221 alios
2827 1166 2892 1220 de
2922 1164 3080 1220 altari
3115 1164 3255 1234 ignis
3284 1171 3585 1233 exspectat,

2022 1257 2160 1311 alios
2204 1256 2344 1326 ignis
2387 1258 2482 1326 qui
2524 1265 2856 1329 praeparatus
2896 1266 2980 1312 est
3022 1256 3231 1313 Zabulo
3280 1266 3335 1313 et
3374 1257 3587 1333 angelis

2020 1345 2159 1414 ejus.
2212 1344 2421 1416 Tangat
2471 1362 2600 1418 ergo
2646 1347 2789 1403 labia
2834 1348 3035 1403 mentis
3071 1357 3126 1403 et
3158 1348 3352 1404 animae
3387 1359 3589 1404 nostra:

2022 1449 2201 1489 sermo
2245 1435 2580 1507 corripiens,
2616 1446 2675 1493 ut
2717 1445 2771 1493 et
2809 1453 2910 1493 nos
2942 1438 3206 1504 dicamus,
3244 1447 3295 1492 et
3327 1439 3498 1508 tetigit
3527 1455 3588 1493 os

2023 1539 2213 1579 meum.
2261 1524 2319 1579 Si
2360 1526 2693 1580 mandavero
2724 1541 2787 1582 os
2826 1542 3030 1593 meum,
3061 1536 3119 1582 ut
3153 1528 3289 1581 nihil
3325 1530 3586 1596 otiosum,

2023 1615 2158 1671 nihil
2196 1614 2437 1683 fatuum,
2475 1617 2608 1679 nihil
2648 1627 2831 1686 turpe,
2864 1620 2998 1673 nihil
3032 1620 3262 1674 scurrile
3289 1620 3372 1689 (ut
3399 1621 3583 1675 omni:

2024 1705 2189 1765 semel
2224 1706 2543 1775 nominem),
2581 1707 2719 1765 nihil
2752 1724 2942 1762 eorum
2981 1724 3103 1780 qua:
3143 1708 3428 1765 interdicta
3458 1720 3589 1766 sunt

351 1805 584 1850 tantum.
618 1793 982 1863 Quamobrem
1009 1797 1213 1849 dictum
1257 1806 1341 1852 est
1370 1815 1385 1850 :
1418 1775 1632 1851 ⁷γὶιιὶδιὲ
1661 1796 1918 1863 quomodo
1950 1775 1993 1830 Β
2021 1793 2233 1863 loquar,
2253 1804 2380 1849 tunc
2402 1811 2694 1864 possumus
2716 1797 2915 1861 dicere,
2941 1775 3105 1867 tetigit
3123 1815 3180 1853 os
3206 1813 3393 1853 meum.
3415 1798 3590 1855 Porro

348 1895 684 1955 compunctus
708 1894 783 1939 est
805 1884 984 1938 Achab
1016 1885 1083 1938 ⁷⁸.
1118 1885 1175 1941 Si
1206 1900 1333 1939 vero
1367 1887 1490 1954 quis
1524 1885 1645 1938 talis
1675 1883 1922 1938 fueritut

352 1993 461 2031 non
495 1985 670 2032 cesset
695 1979 1008 2046 compungi,
1046 1978 1175 2033 dicit
1207 1977 1460 2032 similiter
1495 1986 1552 2032 ut
1574 1975 1869 2045 Apostolus
1903 1993 1916 2028 :

354 2066 476 2122 Non
512 2085 630 2121 sum
669 2069 857 2136 dignus
894 2068 1069 2121 vocari
1105 2068 1379 2136 apostolus
1418 2078 1628 2136 propter
1650 2067 1746 2119 hoc
1783 2067 1919 2134 quod

348 2169 650 2230 persecutus
683 2175 802 2212 sum
844 2157 1135 2212 Ecclesium
1165 2158 1262 2212 Dei
1299 2160 1366 2223 ⁷⁰;
1398 2168 1452 2212 et
1480 2177 1493 2211 :
1535 2158 1670 2211 Mihi
1704 2159 1920 2213 minimo

350 2252 582 2306 omnium
603 2261 908 2312 sanctorum
938 2250 1065 2304 data
1087 2260 1162 2303 est
1189 2251 1294 2304 ista
1316 2252 1491 2320 gratia
1516 2251 1581 2317 7‘;
1620 2259 1673 2305 et
1710 2268 1723 2304 :
1757 2248 1922 2304 Fide-

349 2342 415 2398 lis
441 2342 578 2397 Deus
604 2342 731 2412 quia
757 2340 914 2403 Iesus
946 2341 1188 2397 Christus
1223 2342 1358 2396 venit
1411 2342 1464 2395 in
1492 2342 1629 2394 [tunc
1668 2341 1922 2399 mundum

347 2444 641 2503 peccatores
663 2432 891 2499 sulcare,
919 2448 1139 2501 quorum
1162 2432 1364 2500 primus
1385 2447 1476 2501 ego
1500 2448 1616 2491 sum
1637 2432 1705 2485 ".
1732 2428 1921 2486 Vides-

353 2542 420 2583 ne
442 2525 573 2596 quia
599 2525 831 2579 multum
862 2532 1225 2593 compunctus
1247 2532 1351 2587 est,
1383 2532 1436 2576 et
1465 2536 1572 2575 non
1602 2524 1790 2585 semel,
1826 2522 1921 2577 sed

345 2631 561 2690 semper
591 2618 858 2682 scribens,
885 2624 939 2677 et
968 2616 1235 2687 loquens,
1277 2624 1334 2673 et
1361 2629 1527 2682 agens
1562 2623 1921 2681 compulimus

346 2706 467 2763 cst?
523 2707 806 2774 Quomodo
853 2716 909 2760 et
950 2704 1120 2773 lsaias
1185 2704 1239 2758 in
1292 2704 1547 2773 praesenti
1582 2741 1598 2770 ,
1654 2705 1749 2774 qui
1794 2707 1923 2761 dicit

350 2800 514 2867 (vers.
544 2799 600 2871 5)
635 2818 648 2854 :
680 2799 724 2855 0
765 2799 925 2853 miser
949 2813 1041 2868 ego
1066 2813 1208 2864 sum,
1237 2809 1573 2866 compunctus
1609 2813 1764 2864 sum,
1798 2799 1923 2867 quia

350 2906 469 2944 cum
500 2892 598 2944 sint
624 2890 796 2956 homo,
826 2899 875 2944 et
904 2887 1177 2942 immunda
1200 2886 1344 2942 labia
1382 2890 1622 2958 habeam,
1649 2901 1703 2944 et
1734 2907 1790 2944 sn
1814 2907 1921 2944 rne—

349 2982 441 3036 dio
465 2996 666 3052 quoque
690 2981 869 3049 populi
891 2982 1165 3036 immunda
1209 2982 1354 3037 labia
1393 2980 1631 3035 habentis
1673 2983 1919 3035 habitem.

2021 1886 2261 1954 quandiu
2310 1887 2587 1943 immunda
2634 1888 2773 1943 labia
2806 1889 3007 1955 habeo,
3054 1898 3109 1944 et
3144 1889 3456 1947 immundas
3500 1899 3592 1947 res

2020 1991 2168 2046 gero,
2210 1987 2431 2047 propter
2476 1979 2640 2033 verba
2689 1981 2898 2048 peccati
2950 1995 3057 2035 non
3092 1980 3268 2050 tangit
3307 1997 3371 2036 os
3403 1998 3584 2037 meum

2022 2066 2162 2136 ignis
2187 2066 2254 2121 de
2279 2068 2458 2134 altari,
2480 2082 2658 2138 neque
2684 2070 2919 2125 mittitur
2951 2071 3017 2125 ad
3048 2087 3134 2127 me
3163 2088 3309 2126 unus
3335 2076 3403 2127 de
3437 2088 3589 2127 serae-

2022 2157 2195 2226 phim.

2091 2247 2144 2302 6.
2186 2245 2339 2303 Vers.
2383 2248 2435 2302 ’1.
2480 2248 2549 2305 Ει
2588 2251 2723 2303 dixit
2760 2265 2780 2303 :
2814 2247 2948 2304 Ecce
2999 2252 3145 2323 tetigi
3189 2250 3333 2305 labia
3383 2262 3496 2317 tua,
3536 2261 3585 2305 et

2021 2337 2218 2394 abstuli
2262 2341 2567 2412 iniquitates
2609 2352 2751 2409 tuas,
2786 2352 2838 2399 et
2873 2352 3086 2409 peccata
3126 2355 3219 2399 tua
3257 2344 3589 2411 circumpur-

2018 2430 2158 2499 gavi.
2210 2429 2448 2490 Mordeat
2487 2448 2588 2487 nos
2625 2448 2806 2488 sermo
2849 2434 3097 2497 divinus,
3140 2441 3332 2494 exurat
3375 2435 3589 2491 animas

2021 2536 2242 2580 nostras
2277 2524 2562 2583 :dicamns
2606 2524 2887 2581 audientes
2921 2541 2935 2576 :
2984 2523 3171 2578 Nonne
3211 2541 3304 2578 cor
3348 2536 3587 2585 nostrum

2024 2615 2212 2672 ardens
2248 2625 2363 2669 erat
2402 2617 2457 2668 in
2501 2614 2646 2673 nobis
2672 2616 2764 2673 ὀἳ
2811 2626 2873 2671 ιιι
2903 2616 3230 2671 auferantur
3270 2615 3589 2685 iniquitates

2024 2714 2221 2761 nostra:
2290 2714 2453 2775 atque
2514 2715 2767 2774 peccata,
2817 2716 2870 2761 et
2919 2707 3109 2762 mundi
3158 2705 3331 2761 eﬂecti
3383 2705 3590 2761 mundo

2025 2807 2119 2848 ore
2168 2795 2481 2862 mundoque
2522 2795 2706 2863 corde,
2753 2806 2806 2849 et
2837 2796 3038 2850 munda
3091 2805 3204 2849 tota
3250 2793 3588 2850 conscientia

2025 2884 2223 2951 gratias
2263 2898 2488 2950 agamus
2527 2884 2883 2954 omnipotenti
2914 2884 3045 2950 Deo,
3093 2884 3146 2938 in
3173 2884 3392 2939 Christo
3435 2883 3585 2952 Iesu,

2025 2974 2113 3028 cui
2144 2984 2226 3028 est
2254 2974 2425 3044 gloria
2466 2984 2519 3029 et
2551 2976 2841 3045 imperium
2891 2977 2945 3029 in
2990 2975 3187 3037 saecula
3237 2975 3585 3037 saeculorum.

351 3072 687 3126 Adnotem‘us
715 3080 769 3125 et
806 3072 952 3126 aliud
987 3071 1246 3141 quiddam
1267 3114 1283 3139 ,
1324 3074 1453 3141 quia
1498 3082 1723 3141 peccata
1775 3074 1923 3129 Isaia:
1952 3095 1995 3154 ε
2024 3065 2218 3119 Amen.

353 3178 460 3219 non
493 3164 549 3217 in
601 3162 798 3229 factis,
847 3163 941 3218 sed
988 3174 1197 3218 tantum
1238 3164 1293 3217 in
1345 3163 1691 3225 sermonibus
1741 3173 1914 3219 erant.

350 3252 576 3324 Propter
608 3253 754 3323 quod
782 3253 859 3309 ait
889 3272 902 3308 :
930 3254 1070 3318 Quia
1100 3270 1216 3308 cum
1241 3254 1393 3306 homo
1422 3255 1544 3319 sim,
1570 3264 1619 3308 et
1648 3255 1921 3307 immunda

350 3343 494 3398 labia
529 3344 766 3399 habeam.
802 3342 936 3398 Erat
967 3354 1148 3399 autem
1180 3354 1231 3399 et
1273 3345 1507 3415 populus
1535 3345 1813 3400 immunda
1845 3348 1923 3399 la-

353 3435 442 3489 bia
475 3435 700 3490 labens.
723 3433 842 3491 Non
876 3435 1060 3491 decuit
1091 3451 1216 3490 eum
1239 3451 1499 3500 accusare
1532 3437 1814 3505 populum,
1867 3445 1920 3488 et

352 3527 535 3584 dicere
553 3529 706 3598 plura
735 3535 954 3598 peccata
977 3527 1033 3599 iu
1067 3540 1134 3584 eo
1166 3542 1289 3589 esse
1319 3545 1481 3598 quam
1515 3526 1916 3582 intututtdorutn

354 3620 642 3675 labiorurm

2468 3147 2689 3220 1119
2739 3148 3028 3210 llOMlLlA
3061 3157 3122 3212 ν.

2024 3270 2095 3323 De
2133 3284 2198 3323 eo
2223 3269 2367 3335 quod
2413 3270 2674 3336 seriptum
2712 3278 2796 3324 est
2821 3286 2834 3320 :
2864 3269 2994 3333 Quis
3034 3268 3251 3321 elevavit
3284 3266 3350 3319 ab
3390 3268 3587 3321 oriente

2045 3390 2053 3398 ,
2081 3339 2349 3407 justitiam
2386 3338 2532 3408 (xu,
2572 3340 2653 3406 9.),
2709 3348 2763 3393 et
2810 3341 2877 3393 de
2926 3338 3131 3391 visione
3186 3338 3382 3391 iterum
3431 3337 3587 3393 aliter

2093 3413 2230 3477 (cap.
2262 3407 2357 3473 γι).

2104 3524 2155 3576 1.
2212 3523 2303 3575 Ait
2352 3519 2641 3587 prophetes
2693 3534 2812 3575 esse
2853 3502 3131 3577 Christum
3178 3520 3447 3575 viventem
3492 3521 3589 3590 ju-

2018 3612 2242 3676 stitiam,
2295 3621 2349 3665 et
2398 3609 2724 3678 putabamus
2790 3621 2892 3661 nos
2951 3606 3019 3661 ab
3060 3606 3322 3677 Apostolo
3375 3609 3585 3663 dictum

425 3708 645 3776 1118
671 3706 726 3760 4.
756 3705 822 3767 Et
855 3719 1029 3773 regem
1052 3705 1342 3759 Dominum
1369 3701 1601 3759 Sabaoth
1628 3701 1738 3756 vidi
1759 3695 1920 3756 oculis
2017 3718 2139 3759 esse
2168 3700 2301 3771 (9i),
2333 3701 2459 3770 quia
2485 3699 2735 3754 Christus
2763 3697 2836 3753 sit
2865 3697 3108 3765 justitia,
3139 3708 3188 3751 et
3214 3700 3583 3768 sanctiﬁcatio,

348 3802 501 3855 meis.
534 3801 593 3857 Si
633 3798 852 3871 quando
879 3799 950 3854 de
972 3799 1087 3854 Deo
1115 3797 1561 3869 cogitaverimus,
1595 3809 1718 3851 cum
1749 3794 1927 3847 adhuc
2016 3806 2065 3849 ει
2099 3793 2402 3861 redemptio,
2448 3801 2499 3847 et
2542 3790 2803 3859 sapientia
2823 3789 2890 3843 ⁸¹.
2939 3787 3104 3843 Forte
3149 3798 3330 3844 autem
3358 3799 3415 3845 et
3437 3790 3585 3860 Apo-

351 3909 543 3948 sumus
577 3904 916 3963 peccatores,
945 3901 1004 3947 et
1030 3905 1132 3946 nos
1182 3889 1435 3945 dicamus
1461 3903 1583 3958 quae
1631 3902 1774 3942 nunc
1805 3885 1934 3939 dicit
2019 3886 2192 3943 stolus
2237 3885 2535 3939 instructus
2567 3898 2597 3936 a
2626 3882 2922 3951 prophetis,
2963 3884 3112 3936 novit
3136 3883 3431 3937 animatam
3462 3897 3587 3939 esse

355 3983 613 4054 prepheta
650 3983 815 4052 (vers.
843 3982 898 4054 6)
926 3998 940 4033 :
996 3979 1067 4034 Et
1110 3980 1301 4033 missus
1341 3987 1420 4031 est
1455 3977 1524 4029 ad
1560 3992 1638 4030 me
1685 3991 1818 4029 unus
1855 3975 1918 4026 de
1950 3970 1957 3979 ’
2015 3976 2280 4046 justitiam
2300 3982 2355 4028 et
2383 3973 2675 4035 viventem.
2706 3971 2838 4041 Qua:
2859 3973 3064 4041 estista
3108 3974 3350 4042 justitia‘!
3382 3972 3585 4045 Unige-

353 4073 636 4143 sercpltim.
672 4072 846 4140 Quam
888 4073 1065 4127 bonus
1097 4070 1270 4126 Deus!
1306 4067 1478 4135 Quia,
1513 4068 1721 4137 inquit,
1755 4066 1918 4120 audio

355 4167 698 4221 conlltentem
722 4164 939 4236 Isaiam;
967 4164 1105 4219 dixit
1131 4163 1278 4217 enim
1306 4178 1318 4213 :
1351 4160 1395 4216 Ο
1431 4161 1589 4217 miser
1614 4174 1741 4228 ego;
1776 4173 1916 4226 quo-

355 4258 501 4311 niam
549 4257 710 4311 audio
763 4257 1135 4325 pmuitentem,
1188 4254 1264 4307 ait
1307 4251 1916 4322 quippe:(.‘ompunctus

355 4363 506 4412 sum;
559 4347 687 4416 quia
743 4349 961 4416 propria
1011 4347 1208 4402 delicta
1268 4343 1636 4413 pronuntiavit
1688 4341 1911 4395 dicens:

2020 4070 2166 4124 nitus
2197 4066 2309 4121 Dei.
2339 4063 2476 4130 Quia
2503 4071 2682 4127 autem
2720 4077 2827 4124 non
2881 4064 2950 4119 ab
2974 4064 3235 4131 Apostolo
3269 4063 3379 4135 (92)
3401 4076 3583 4119 ortum

2013 4165 2098 4213 est
2327 4156 2604 4210 Christum
2642 4169 2764 4219 esse
2790 4154 3082 4223 justitiam,
3113 4165 3169 4208 et
3198 4154 3493 4225 viventem,
3532 4165 3584 4210 et

2018 4248 2398 4304 subsistentem
2421 4245 2710 4314 justitiam,
2731 4249 2825 4300 sed
2857 4245 3097 4300 invenies
3125 4255 3177 4301 et
3196 4254 3229 4299 ιι
3255 4246 3582 4315 propheticis

2023 4338 2366 4394 sermonibus
2413 4337 2515 4392 hoc
2550 4336 2708 4401 nobis
2739 4336 3063 4406 mysterium
3109 4337 3434 4400 exhibitum,
3462 4352 3583 4392 cer-

358 4438 497 4503 Quia
540 4453 658 4491 cum
685 4438 785 4490 sim
813 4439 985 4502 homo,
1022 4447 1070 4492 et
1098 4435 1371 4489 immunda
1422 4430 1565 4486 labia
1583 4427 1824 4488 habeam.
1862 4431 1914 4482 in
1948 4422 1990 4477 Β
2023 4440 2134 4483 tum
2175 4438 2228 4482 et
2272 4443 2303 4480 a
2335 4427 2570 4495 capitulo
2620 4427 2673 4482 in
2706 4442 2816 4495 quo
2850 4442 2995 4493 nunc
3041 4427 3200 4481 lectio
3251 4428 3580 4498 conquievit.

357 4528 527 4584 medio
558 4544 760 4601 quoque
791 4529 969 4597 populi
1002 4528 1272 4580 immunda
1304 4526 1450 4579 labia
1485 4524 1722 4580 habentis
1761 4523 1915 4577 habi-

358 4632 480 4683 tem,
522 4630 576 4675 et
616 4635 717 4691 ego
746 4620 923 4673 adhuc
971 4620 1225 4687 loquente
1261 4632 1327 4672 eo
1360 4617 1502 4681 dico,
1537 4631 1663 4671 ecce
1699 4615 1911 4669 adsum.

356 4711 428 4765 Et
452 4713 643 4766 missus
678 4720 753 4764 est
789 4709 859 4763 ad
888 4724 968 4762 me
996 4724 1129 4761 unus
1168 4707 1233 4760 de
1261 4708 1542 4776 seraphim,
1588 4715 1636 4759 et
1673 4705 1728 4758 in
1759 4720 1917 4757 manu

354 4818 453 4857 sua
476 4801 695 4857 habebat
723 4800 1021 4854 carbonem.
1048 4796 1226 4851 Carbo
1253 4796 1489 4850 defertur
1508 4795 1575 4849 ad
1601 4794 1917 4865 prophetam

352 4905 411 4950 ut
456 4909 551 4965 per
592 4894 735 4965 ignis
786 4892 1059 4948 ustionem
1101 4898 1399 4960 purgentur
1449 4887 1589 4948 labia
1627 4887 1765 4956 ejus,
1797 4896 1918 4956 quae

350 4985 647 5054 aliquando
686 4991 1060 5055 peccaverant.
1094 4981 1229 5047 Quis
1264 4988 1347 5035 est
1377 4980 1479 5035 iste
1507 4994 1650 5033 unus
1679 4978 1744 5032 de
1769 4993 1919 5037 sera-

352 5076 546 5145 phim?
590 5058 854 5131 Dominus
904 5090 1056 5130 meus
1089 5072 1248 5128 Iesus
1287 5070 1582 5126 Christus:
1622 5070 1724 5124 iste
1760 5068 1913 5137 juxta

352 5166 810 5236 dispensationem
851 5168 1032 5221 carnis
1078 5165 1278 5220 missus
1307 5170 1391 5215 est
1419 5160 1626 5214 habens
1665 5159 1721 5212 in
1749 5172 1912 5212 manu

357 5274 455 5313 sua
491 5257 808 5323 carbonem,
839 5264 893 5311 et
916 5258 1137 5312 dicens:
1174 5254 1358 5325 Ignem
1383 5253 1495 5306 veni
1534 5251 1735 5303 mittere
1761 5265 1916 5318 super

357 5360 573 5416 terram,
605 5360 655 5405 et
691 5349 893 5402 utinam
917 5349 1034 5418 jam
1064 5347 1246 5401 ardeat
1269 5347 1349 5399 "l

423 5448 474 5482 "
498 5447 562 5502 lll
596 5446 728 5515 Reg.

770 5462 885 5510 rm,
917 5446 1007 5500 29.
1083 5446 1128 5477 ⁷⁸
1158 5444 1321 5498 lCor.
1356 5459 1444 5508 xv,
1472 5443 1524 5497 9.
1599 5440 1644 5471 ⁷⁸
1676 5436 1873 5509 Ephes.

2043 5430 2419 5510 8.-"l__T_im.
2475 5445 2512 5493 ι,
2571 5443 2659 5510 xv:

2022 4520 2150 4585 Quis
2186 4520 2353 4585 enim,
2388 4519 2583 4588 inquit,
2609 4534 2820 4587 surgere
2847 4518 2970 4586 fecit
2991 4518 3054 4579 ab
3076 4519 3273 4573 oriente
3286 4519 3580 4587 justitiam,

2018 4622 2067 4665 et
2101 4610 2299 4663 vocavit
2330 4625 2444 4662 eam
2486 4607 2555 4661 ad
2581 4608 2735 4676 pedes
2772 4623 2895 4669 suos
2918 4606 3003 4659 “‘3
3041 4606 3264 4665 Vocavit
3287 4607 3578 4674 justitiam.

2021 4703 2365 4758 Manifestum
2410 4712 2493 4755 est
2534 4701 2830 4755 animatam
2895 4713 3018 4753 eam
3071 4713 3193 4752 esse
3248 4697 3293 4752 si
3342 4698 3583 4751 ambulet

2019 4804 2229 4849 vocata.
2301 4790 2524 4846 Vocavit
2569 4798 2751 4844 autem
2797 4787 3077 4843 Christum
3111 4786 3302 4851 Pater,
3354 4802 3465 4855 quo
3508 4787 3581 4840 ob

2019 4894 2259 4940 nostram
2289 4882 2518 4937 salutem
2543 4881 2611 4934 ad
2642 4894 2741 4933 nos
2770 4880 2872 4932 iter
2899 4878 3121 4942 iaceret,
3151 4886 3204 4931 et
3230 4875 3582 4932 descenderet

2017 4977 2086 5031 de
2116 4958 2255 5029 emlo
2283 4972 2349 5027 ad
2379 4986 2479 5025 nos
2504 4987 2517 5023 :
2546 4969 2712 5023 Nemo
2750 4969 2895 5023 enim
2935 4968 3169 5021 ascendit
3194 4967 3249 5019 in
3270 4966 3455 5020 omium
3476 4966 3579 5018 nisi

2018 5066 2107 5135 qui
2142 5066 2206 5117 de
2263 5062 2389 5116 ctelo
2425 5060 2687 5115 descendit
2728 5056 2903 5111 Filius
2954 5058 3180 5110 hominis
3223 5057 3290 5108 ⁸³.
3355 5054 3580 5109 Vocavit

2018 5173 2141 5214 eum
2185 5156 2252 5210 de
2296 5154 2503 5208 oriente
2545 5170 2559 5205 :
2604 5166 2711 5204 non
2760 5149 2827 5203 de
2872 5150 2977 5204 isto
3022 5148 3308 5212 sensibili,
3367 5147 3461 5201 sed
3509 5147 3579 5203 de

2020 5248 2235 5304 oriente
2275 5243 2412 5299 lucis
2460 5256 2618 5296 verte.
2685 5239 2910 5309 Propter
2956 5239 3101 5308 quod
3156 5238 3417 5306 scriptum
3459 5244 3575 5289 est:

2021 5338 2153 5405 Quis
2178 5349 2453 5404 exsurgere
2480 5332 2543 5385 de
2570 5331 2766 5384 oriente
2806 5329 2927 5398 fecit
2957 5327 3252 5396 justitiam,
3280 5325 3578 5409 .etnocaoit

2754 5426 2798 5457 ⁷⁸
2821 5424 2953 5479 Luc.
3004 5441 3099 5489 sti,
3148 5422 3239 5477 ιθ.
3312 5421 3358 5453 ⁷⁸
3384 5416 3573 5475 Matth.

359 5496 1044 5586 xxv,’ii."'i’°'t;i12.'x}'.§,
1073 5515 1161 5568 se.
1211 5496 1279 5545 ἐι
1306 5514 1327 5565 ι
1350 5496 1543 5574 Coi-.1,
1568 5511 1655 5564 so.
1718 5496 1774 5542 ἐ·
1810 5510 1917 5564 lsa.

2021 5521 2081 5577 ῃ,
2112 5503 2166 5556 2.
2243 5501 2288 5532 ⁸³
2307 5498 2462 5553 Joan.
2499 5514 2579 5560 ιιι,
2622 5496 2707 5550 1-5.

429 5632 543 5701 (91)
568 5630 703 5687 Tres
731 5647 866 5687 mss.
899 5629 1019 5685 cod.
1055 5629 1135 5682 sic
1160 5629 1390 5701 habent,
1435 5625 1556 5679 libri
1588 5639 1714 5678 vero
1752 5620 1907 5681 editi.

360 5699 604 5769 putamus
636 5702 700 5753 ab
730 5702 977 5769 Apostolo
1011 5703 1178 5753 solum
1209 5699 1405 5750 dictum
1437 5710 1565 5749 esse.

2085 5614 2197 5685 (99.)
2250 5611 2404 5685 Libb.
2458 5608 2610 5676 editi,
2667 5625 2764 5673 non
2818 5606 2982 5665 solum
3026 5606 3088 5667 ab
3130 5602 3399 5683 Apostolo.
3444 5600 3571 5669 Mss.

2024 5679 2280 5742 omittunt
2307 5679 2498 5737 solum.
