4004 6182
382 317 494 382 953

852 314 1340 379 TRANSLATIO
1379 315 1885 381 ueunusnuu
1930 298 2304 381 oniuums
2341 320 2423 381 lN
2465 321 2816 384 VISIONES
2850 324 3098 391 15am.

3508 325 3619 392 954

393 472 508 527 eam
541 456 611 509 ad
644 455 793 523 pedes
830 457 995 509 suos?
1019 454 1177 509 Pater
1219 454 1430 507 vocavit
1470 451 1667 506 Filium
1690 492 1705 515 ,
1745 450 1855 505 imo
1895 457 1954 503 ut
1984 455 2028 510 Α
2056 464 2177 504 meo
2201 450 2671 505 comminationem
2702 448 2931 504 dicentis
2964 465 2977 501 ε
3024 447 3082 504 Si
3123 465 3221 504 non
3259 451 3433 508 lavero
3458 453 3613 522 pedes

394 563 521 603 vere
547 547 826 613 dicamus,
859 545 999 601 Deus
1032 546 1301 599 hominem
1330 543 1542 598 vocavit
1580 541 1849 611 justitiam
1882 540 1951 595 ad

394 635 559 703 pedes
604 648 767 698 suos,
813 632 866 687 id
914 643 999 688 est
1044 633 1466 687 incarnationem
1498 629 1619 684 Filii
1669 630 1775 685 sui.
1826 629 1954 682 Iden

395 732 449 778 et
486 723 778 779 adoramus
820 722 1113 777 scabellum
1165 721 1361 790 pedum
1407 720 1576 785 illius,
1621 720 1775 789 juxta
1808 719 1952 788 quod

397 815 657 883 scriptum
689 822 773 868 est
802 828 817 864 ε
851 812 1083 866 Ἀᾱοναιε
1119 811 1403 867 scabellum
1439 811 1629 878 pedum
1657 810 1795 879 ejus,
1828 811 1952 880 quia

396 915 636 959 sanctum
677 913 773 959 est.
812 904 954 959 Caro
998 904 1260 974 siquidem
1291 901 1505 956 Domini
1534 902 1796 955 honorem
1832 900 1955 954 Dei-

396 994 523 1048 tatis
576 993 825 1048 assumit.
897 991 1037 1059 Quia
1087 1001 1265 1046 autem
1327 990 1653 1061 principium
1710 988 1954 1043 lectionis

397 1084 574 1138 altiori
606 1084 806 1153 indiget
833 1083 1190 1152 expositione,
1218 1097 1435 1137 oremus
1461 1098 1733 1136 summum
1755 1080 1953 1151 Regem

397 1184 456 1230 ut
490 1190 668 1229 sermo
704 1175 796 1245 qui
839 1182 1063 1229 vocatus
1105 1174 1329 1240 abierat,
1379 1172 1446 1227 ad
1493 1189 1589 1227 nos
1632 1173 1825 1227 iterum
1866 1187 1952 1226 τεο

395 1275 655 1328 vertatur,
710 1274 770 1319 ut
818 1279 991 1333 pauca
1040 1264 1194 1334 juxta
1250 1264 1664 1334 possibilitatem
1714 1273 1952 1318 nostram

395 1357 779 1412 cdisseramus.
989 1356 997 1365 ’

462 1445 673 1513 1120
687 1445 740 1498 2.
761 1443 827 1496 Et
846 1446 1042 1515 factum
1069 1452 1145 1497 est
1172 1445 1223 1495 in
1246 1458 1386 1497 anno
1405 1458 1505 1512 quo
1524 1456 1759 1495 mortuus
1776 1450 1855 1496 est
1877 1459 1969 1497 rex

391 1535 548 1593 Osias
571 1555 590 1592 :
623 1540 727 1592 uidi
750 1538 1029 1591 Dominum
1059 1536 1318 1589 sedentem
1339 1552 1500 1603 supra
1527 1536 1768 1590 thronum
1794 1540 1977 1592 (περι-ι

394 1640 531 1689 sum,
565 1634 615 1679 et
653 1625 804 1691 plena
840 1636 952 1678 erat
997 1624 1182 1676 domus
1215 1624 1385 1694 gloria
1426 1625 1560 1694 ejus,
1594 1637 1641 1680 et
1693 1626 1956 1696 seraphin:

394 1714 606 1767 stabant
647 1715 700 1766 in
735 1714 961 1767 circuitu
1000 1714 1145 1781 ejus,
1186 1730 1277 1767 sex
1321 1716 1424 1769 ala:
1462 1717 1588 1782 uni,
1655 1727 1700 1770 et
1737 1733 1827 1770 sex
1853 1716 1957 1770 ala:

2057 547 2194 605 tuos,
2223 556 2325 594 non
2351 540 2559 593 habebis
2585 549 2788 609 partem
2823 556 3021 594 mecum
3046 539 3113 596 δ”.
3151 540 3271 596 Ideo
3304 543 3420 596 lava
3451 544 3613 612 pedes

2052 645 2222 696 meos,
2256 639 2313 684 ut
2341 630 2565 683 habeam
2595 638 2798 699 partem
2829 638 3027 684 tecum.
3057 628 3163 684 Sed
3192 630 3321 699 quid
3357 630 3466 696 aio,
3494 630 3615 688 lava

2051 722 2213 789 pedes
2243 720 2433 775 meos?
2472 719 2665 775 Petrus
2692 720 2797 774 hoc
2826 721 3001 790 potuit
3024 721 3223 786 dicere,
3254 720 3346 791 qui
3379 735 3487 774 non
3519 719 3625 785 hae

2054 810 2170 863 buit
2200 824 2445 876 necesse,
2476 809 2580 864 nisi
2611 817 2820 863 tantum
2849 819 2907 863 ut
2940 811 3098 878 pedes
3135 810 3255 879 ejus
3286 811 3618 879 lavarentur;

2055 907 2198 953 lotus
2234 900 2432 969 quippe
2476 900 2713 953 mundus
2751 907 2887 953 erat.
2924 899 3034 969 Ego
3065 901 3246 969 potius
3273 916 3395 955 cum
3446 904 3616 958 semel

2055 993 2197 1046 lotus
2227 991 2351 1056 sim,
2386 991 2476 1045 illo
2508 991 2722 1061 indigeo
2754 991 3099 1060 baptismate,
3132 992 3197 1046 de
3222 1007 3331 1061 quo
3357 992 3618 1048 Dominus

2054 1082 2166 1135 ait:
2193 1081 2301 1151 Ego
2333 1081 2480 1134 aliud
2509 1081 2765 1149 baptisma
2799 1082 2959 1136 habeo
2989 1083 3249 1151 baptizari
3269 1082 3315 1115 ⁸⁸
3343 1083 3476 1155 (9'5).
3508 1082 3621 1139 Cur

2055 1173 2155 1226 ista
2186 1170 2457 1225 diximus?
2476 1170 2727 1239 Przeparo
2759 1179 2913 1225 etme
2933 1181 2983 1225 et
3002 1172 3283 1227 audientes
3304 1174 3368 1226 ad
3408 1172 3618 1241 majora

2057 1261 2334 1332 mysteria.
2393 1259 2450 1332 Si
2504 1269 2683 1314 tamen
2728 1260 2930 1325 veniat,
2982 1261 3027 1315 si
3074 1262 3367 1316 descendat
3411 1262 3477 1316 ad
3514 1275 3618 1316 nos

2054 1366 2233 1405 sermo
2259 1350 2353 1404 Dei
2380 1393 2396 1417 ,
2423 1329 2611 1405 ‘timeo
2648 1350 2790 1403 enim
2828 1364 2893 1403 ne
2928 1366 3014 1403 me
3053 1349 3251 1419 fugiat,
3295 1366 3361 1403 ne
3399 1351 3617 1404 benedi-

2053 1442 2288 1495 ctionem
2312 1456 2531 1512 quoque
2560 1456 2735 1494 meam
2775 1439 3115 1511 dedignetur.
3153 1440 3312 1510 Fugit
3335 1442 3608 1510 quondam

2054 1544 2233 1584 sermo
2250 1530 2506 1598 populum
2524 1538 2741 1598 propter
2753 1530 2928 1583 Achar
2943 1529 3056 1601 (9-1)
3073 1545 3238 1582 unum
3257 1538 3617 1599 peccatorcm;

2056 1619 2211 1690 fugit,
2242 1621 2486 1690 inquam,
2521 1635 2701 1675 sermo
2732 1619 2991 1689 populum
3016 1628 3236 1689 pmpter
3289 1634 3456 1673 unum
3482 1606 3622 1689 ’ρες-

2056 1722 2294 1766 calorem
2320 1710 2523 1777 Achar,
2549 1712 2715 1765 tilium
2763 1710 3001 1774 Zamhri,
3037 1710 3133 1763 filii
3167 1709 3325 1770 Zara,
3363 1725 3426 1767 ex
3475 1710 3619 1765 tribu

396 1802 588 1865 alteri;
633 1812 683 1855 et
723 1801 927 1855 duabus
972 1801 1178 1873 quidem
1222 1802 1460 1856 uelabant
1504 1805 1690 1873 faciem
1737 1805 1869 1874 ejus,
1906 1814 1956 1859 et
1990 1796 2214 1869 Βδυιξει,
2246 1804 2338 1873 qui
2378 1804 2692 1857 inobcdiens
2722 1801 2824 1855 fuit
2852 1801 2981 1867 Deo,
3016 1811 3070 1855 et
3099 1802 3220 1855 ideo
3252 1802 3618 1857 anathemati-

394 1894 598 1946 duabus
631 1893 869 1947 uelabant
898 1893 1048 1959 pedes
1070 1931 1086 1954 ,
1120 1901 1168 1944 et
1201 1892 1402 1946 duabus
1438 1894 1679 1948 volabant
1703 1935 1717 1957 ,
1755 1905 1803 1948 et
1843 1895 1954 1948 cla-

395 1982 605 2036 mabant
634 1983 771 2036 alter
796 1982 865 2035 ad
891 1987 1138 2046 alterum,
1162 1990 1210 2034 et
1235 1983 1480 2036 dicebant
1507 1999 1524 2037 :
1556 1982 1804 2050 Sanctus,
1833 2001 1956 2041 san-

393 2082 529 2138 ctus,
553 2082 764 2126 sanctus
800 2072 1050 2124 Dominus
1085 2068 1219 2123 Deus
1247 2071 1498 2139 Sabaoth,
1529 2072 1682 2144 plena
1708 2084 1783 2127 est
1816 2085 1956 2126 terra

394 2160 562 2231 gloria
590 2164 701 2231 ejus
724 2162 790 2230 ⁸⁵,
823 2174 870 2217 ει
898 2163 1125 2227 reliqua.
1155 2158 1352 2216 Verum
1385 2172 1444 2217 ut
1468 2172 1521 2216 ct
1552 2178 1651 2215 nos
1676 2163 1955 2219 videamus

399 2255 661 2309 visionem
702 2271 866 2325 quam
913 2258 1048 2311 vidit
1099 2256 1287 2320 Isaias,
1331 2268 1588 2309 vocemus
1633 2250 1814 2309 Jcsum
1864 2256 1955 2325 qui

400 2362 503 2400 non
553 2346 859 2402 videntibus
910 2346 1133 2417 largitus
1178 2356 1261 2401 est
1311 2345 1517 2400 oculos.
1568 2343 1755 2399 Potest
1813 2348 1955 2399 enim

395 2436 555 2490 etiam
591 2449 733 2490 nunc
764 2435 947 2490 venire
981 2445 1033 2491 et
1069 2435 1267 2498 lacere,
1301 2446 1359 2489 ut
1388 2450 1449 2488 ea
1481 2451 1601 2505 quae
1635 2437 1687 2493 in
1730 2436 1959 2491 lectione

397 2533 735 2580 sacramenta
782 2526 923 2581 dicta
958 2536 1105 2594 sunt,
1156 2529 1358 2596 apertis
1391 2528 1563 2582 oculis
1615 2528 1956 2593 intueamur;

397 2616 835 2683 repromittamus
866 2616 914 2669 ei
947 2616 1059 2685 jam
1092 2632 1193 2671 nos
1237 2632 1343 2671 non
1378 2618 1517 2672 ultra
1553 2616 1728 2672 facere
1762 2633 1960 2687 corpus

396 2704 601 2760 Christi
648 2721 840 2775 corpus
884 2708 1216 2773 meretricis,
1246 2723 1346 2762 nec
1383 2706 1560 2763 facere
1602 2724 1764 2780 opera
1797 2710 1959 2781 digna

400 2794 566 2850 luctu.
620 2792 1007 2866 Unusquisque
1051 2806 1297 2853 nostrum
1346 2799 1462 2854 haec
1502 2800 1664 2854 corde
1707 2798 1962 2869 loquatur

400 2887 466 2939 ad
494 2884 681 2950 Deum,
708 2897 761 2941 et
789 2903 1074 2957 precemur
1103 2899 1161 2943 ut
1188 2890 1449 2945 adventus
1474 2890 1591 2960 ejus
1620 2891 1781 2945 etiam
1819 2906 1961 2946 nunc

400 2977 513 3032 ibt.
561 2976 616 3032 Si
650 2979 793 3032 enim
840 2993 948 3032 non
982 2979 1258 3033 advenerit
1286 2977 1467 3043 Jesus,
1516 2981 1617 3034 ista
1644 2980 1824 3035 videre
1853 2994 1959 3034 non

402 3085 712 3143 possumus.
762 3073 967 3127 Precor
1007 3081 1068 3127 ut
1102 3074 1349 3127 mittatur
1389 3073 1551 3126 etiam
1595 3074 1659 3125 ad
1696 3087 1781 3128 me
1812 3088 1961 3128 sera-

401 3162 578 3241 phim,
620 3170 674 3215 et
712 3163 1101 3231 comprehenso
1147 3165 1213 3219 de
1258 3164 1462 3233 forcipe
1501 3164 1735 3218 carbone
1769 3174 1960 3234 purget

402 3252 543 3307 labia
573 3267 714 3318 mea,
742 3268 797 3308 et
826 3253 953 3322 quid
988 3254 1109 3308 dico
1139 3255 1280 3309 labia
1330 3255 1488 3310 mea?
1519 3255 1688 3310 Isaias
1739 3267 1960 3310 sanctus

402 3352 538 3409 erat,
562 3351 617 3397 et
653 3342 774 3397 ideo
824 3331 1030 3420 tantum
1066 3346 1205 3399 labia
1235 3345 1354 3415 ejus
1395 3352 1618 3415 purgata
1653 3353 1799 3409 sunt,
1835 3346 1961 3415 quia

405 3432 561 3489 labiis
588 3445 818 3501 tantum,
847 3434 899 3488 id
931 3445 1012 3490 est
1044 3451 1294 3491 sermone
1328 3437 1648 3506 deliquerat.
1687 3434 1798 3507 Ego
1835 3452 1962 3492 vero

405 3538 509 3576 nou
548 3536 666 3576 sum
703 3523 861 3588 talis,
895 3530 953 3577 ut
987 3523 1187 3593 possim
1224 3523 1423 3582 dicere.
1458 3523 1600 3593 quod
1638 3518 1825 3577 solum
1856 3522 1965 3575 ini-

407 3614 604 3667 munda
641 3614 781 3667 labia
824 3614 1019 3678 habeo,
1052 3614 1145 3668 sed
1183 3624 1367 3667 metuo
1399 3628 1466 3667 ne
1498 3613 1838 3667 immundum
1870 3625 1966 3665 cor

408 3705 657 3768 habeam,
700 3705 1010 3760 immundos
1054 3705 1262 3771 oculos,
1295 3703 1602 3758 immundus
1639 3716 1820 3767 aures,
1864 3701 1967 3755 lm-

408 3794 667 3848 rnundum
698 3809 777 3849 os.
809 3792 1058 3859 Quandiu
1086 3793 1140 3846 in
1169 3793 1421 3849 omnibus
1453 3792 1572 3847 istis
1601 3806 1785 3862 pecco,
1821 3799 1967 3845 totus

410 3883 721 3936 immundus
768 3898 910 3937 sum.
955 3882 1013 3936 Si
1062 3882 1249 3937 videro
1290 3882 1571 3937 mulierem
1616 3882 1681 3935 ad
1710 3880 1968 3950 concupi-

410 3973 688 4035 scendum,
720 3962 829 4040 jam
873 3973 1173 4028 moechatus
1216 3987 1335 4027 sum
1378 3987 1498 4026 eam
1532 3971 1585 4024 in
1627 3969 1789 4024 corde
1827 3984 1965 4023 meo.

411 4060 549 4117 Ecce
585 4062 899 4116 immundos
935 4064 1126 4119 oculos
1154 4063 1349 4117 habeo.
1421 4061 1480 4115 Si
1508 4060 1573 4115 de
1606 4069 1820 4131 pectore
1849 4075 1970 4113 meo

412 4161 604 4203 exeant
635 4150 985 4220 cogitationes
1025 4152 1295 4220 pessimae,
1338 4150 1620 4213 adulteria,
1658 4150 1971 4204 fornicatio—

414 4256 529 4304 nes,
566 4240 698 4295 falsa
729 4241 1057 4304 testimonia,
1094 4254 1219 4301 ecce
1252 4256 1347 4296 cor
1395 4241 1736 4295 immundum
1774 4240 1969 4294 habeo.

414 4319 583 4394 Quam
624 4331 845 4400 formosi
883 4331 1036 4400 pedes
1077 4332 1547 4402 euangelizantium
1588 4346 1788 4401 pacem,
1816 4346 1973 4383 evan--

411 4413 747 4490 gelizantium
781 4421 914 4475 bona
936 4420 1004 4474 ⁸⁸.
1046 4419 1159 4491 Ego
1189 4436 1317 4476 vero
1355 4422 1516 4475 timeo
1545 4435 1613 4474 ne
1645 4433 1872 4475 currens
1904 4421 1971 4474 ad

340 4540 343 4543 -
415 4504 553 4568 mala
570 4513 879 4568 immundos
895 4514 1057 4580 pedes
1074 4514 1323 4568 habeam.
1338 4511 1583 4566 Exteudo
1598 4512 1663 4566 ad
1682 4510 1970 4565 Dominum

417 4619 610 4661 manus
628 4617 794 4657 meas.
820 4602 886 4656 Et
906 4604 1043 4658 forte
1074 4614 1321 4659 avertens
1340 4603 1703 4663 faciem‘suam
1721 4604 1851 4658 dicit
1874 4621 1887 4657 :
1915 4600 1975 4657 Si

413 4691 749 4746 extenderitis
780 4706 987 4755 manus,
1024 4703 1254 4744 avertam
1281 4693 1468 4761 faciem
1500 4709 1665 4746 meam
1688 4709 1720 4746 a
1743 4691 1883 4746 vobis
1903 4690 1968 4743 ⁸⁸.

415 4782 548 4848 Quis
566 4797 692 4851 ergo
711 4796 796 4835 me
810 4780 1071 4845 mundat?
1103 4780 1236 4854 Quis
1258 4782 1399 4836 lavat
1419 4782 1583 4852 pedes
1610 4784 1798 4838 meos?
1817 4782 1969 4845 Iesu,

418 4875 562 4938 veni,
596 4874 844 4929 sordidos
869 4875 1039 4929 habeo
1068 4875 1254 4944 pedes,
1278 4883 1498 4944 propter
1517 4891 1604 4930 me
1632 4875 1728 4929 tias
1758 4891 1968 4939 servus,

421 4964 571 5022 mitte
592 4949 787 5033 aquém
811 4975 955 5020 tuam
980 4966 1032 5020 in
1061 4967 1254 5036 pelvim
1281 4975 1461 5034 tuam;
1495 4970 1638 5034 veni,
1669 4969 1787 5023 lava
1812 4970 1976 5038 pedes

420 5070 589 5110 meos.
628 5053 695 5109 Et
734 5055 849 5111 scio
890 5057 1234 5111 temerarium
1278 5070 1399 5111 esse
1426 5057 1571 5126 quod
1600 5058 1745 5119 dico,
1775 5058 1868 5112 sed
1896 5059 1978 5133 pti-

2056 1906 2211 1951 zatus
2253 1906 2337 1950 est
2360 1895 2426 1947 ⁸⁹.
2482 1894 2547 1947 Ει
2590 1895 2716 1963 quia
2768 1909 2915 1949 nunc
2967 1895 3146 1963 pOpuli
3202 1894 3491 1949 multitudo
3539 1906 3622 1949 est

2054 1984 2614 2056 propterParasceven
2633 1983 2766 2053 (95),
2789 1993 2841 2038 et
2862 1985 3096 2037 maxime
3121 1985 3175 2037 in
3207 1983 3488 2040 Dominica
3514 1985 3618 2047 dic,

2055 2092 2175 2146 qute
2218 2076 2486 2146 passionis
2516 2074 2717 2129 Christi
2770 2076 3244 2130 commemoratrix
3301 2084 3382 2131 est
3420 2077 3617 2146 (neque

2055 2169 2198 2223 enim
2252 2166 2578 2221 resurrectio
2628 2164 2841 2220 Domini
2896 2167 3062 2221 semel
3110 2168 3165 2220 in
3208 2183 3372 2230 anno.
3417 2176 3472 2222 et
3515 2181 3621 2221 non

2057 2273 2271 2326 semper
2304 2266 2429 2326 post
2474 2264 2677 2325 septem
2702 2256 2820 2310 dies
2868 2256 3214 2325 celebratur),
3261 2267 3411 2312 orate
3455 2257 3622 2312 Deum

2057 2349 2505 2417 omnipotentem,
2573 2356 2634 2401 ut
2696 2348 2878 2402 veniat
2946 2348 3012 2401 ad
3082 2363 3182 2402 nos
3243 2363 3422 2402 sermo
3480 2349 3621 2417 ejus.

2060 2438 2284 2493 Etiamsi
2326 2449 2639 2509 peccatores
2658 2440 2812 2503 estis,
2845 2448 2995 2493 orate
3025 2438 3336 2493 Dominum.
3367 2438 3625 2493 Peccate-

2060 2545 2146 2583 res
2195 2530 2417 2584 exaudit
2446 2528 2608 2584 Deus.
2659 2529 2813 2594 Quod
2860 2531 2905 2583 si
2950 2529 3153 2584 timetis
3201 2529 3329 2583 illud
3379 2530 3522 2599 quod
3567 2530 3624 2587 in

2060 2619 2352 2691 Evangelio
2394 2619 2596 2675 dicitur
2628 2640 2641 2673 ;
2668 2620 2875 2675 Scimus
2905 2621 3029 2690 quia
3056 2630 3351 2689 peccatores
3396 2637 3500 2676 non
3529 2635 3624 2675 ex-

2059 2709 2248 2763 audiat
2274 2709 2409 2764 Deus
2429 2710 2499 2774 ”,
2539 2708 2705 2764 nolite
2735 2709 3137 2778 pertimv'scere,
3169 2710 3337 2764 nolite
3381 2710 3622 2764 credere.

2059 2799 2249 2853 Cacus
2281 2807 2395 2852 erat
2436 2798 2530 2868 qui
2574 2799 2679 2852 hoc
2714 2797 2869 2851 dixit.
2920 2795 3092 2868 Magis
3127 2806 3305 2851 autem
3338 2798 3539 2851 credite
3569 2798 3623 2852 ei

2062 2889 2156 2957 qui
2188 2888 2348 2953 dicit,
2385 2897 2439 2943 et
2476 2904 2580 2943 non
2613 2887 2869 2941 mentitur
2915 2905 2929 2941 :
2981 2886 3047 2941 Et
3087 2888 3134 2940 si
3175 2888 3371 2956 fuerint
3408 2878 3624 2955 peccata

2062 2988 2233 3033 vestra
2261 2988 2318 3031 ut
2347 2981 2634 3043 coccinum,
2665 2987 2721 3031 ut
2754 2978 2933 3030 lanam
2967 2977 3240 3031 dealbabo.
3278 2976 3342 3030 Et
3374 2980 3420 3030 si
3448 2977 3626 3033 volue-

2064 3050 2204 3134 ritis,
2245 3077 2292 3121 et
2320 3068 2595 3137 audieritis
2628 3082 2727 3125 mc.
2757 3066 2892 3119 bona
2920 3078 3072 3120 terra:
3102 3068 3265 3120 edetis
3285 3068 3352 3119 “.
3377 3065 3435 3121 Si
3465 3070 3628 3124 vultis

2065 3158 2147 3212 vel
2194 3172 2340 3210 nunc
2380 3157 2602 3222 audire,
2635 3171 2855 3212 oremus
2901 3158 2953 3209 in
3001 3172 3289 3210 commune
3312 3156 3623 3219 Dominum,

2065 3248 2329 3302 utsaltem
2363 3262 2528 3312 nunc,
2563 3248 2878 3301 adveniente
2899 3245 3095 3311 Verbo,
3118 3248 3426 3315 preplictica
3458 3252 3625 3306 verba

2062 3339 2206 3392 dicta
2234 3338 2515 3391 valeamus
2543 3336 2845 3390 advertere.

2134 3431 2187 3483 5.
2230 3426 2455 3480 Factum
2500 3435 2606 3489 est,
2647 3427 2843 3494 inquit,
2888 3427 2939 3478 in
2972 3444 3109 3479 anno
3136 3444 3235 3497 quo
3272 3439 3508 3482 mortuus
3552 3440 3627 3482 est

2069 3519 2225 3574 Osias
2267 3534 2389 3583 rex,
2431 3519 2533 3573 vidi
2565 3517 2847 3570 Dominum
2894 3517 3154 3571 sedentem
3194 3535 3350 3587 super
3382 3522 3628 3574 thronum

2063 3610 2341 3666 excelsum.
2383 3608 2527 3665 Visio
2569 3610 2798 3678 ascripta
2827 3621 2926 3663 est.
2964 3610 3076 3664 Cur
3113 3612 3253 3679 regis
3297 3619 3506 3681 tempus
3548 3613 3630 3666 si,

2060 3694 2365 3763 gnificatum
2382 3698 2405 3751 ἲ
2425 3697 2691 3754 lntendite
2710 3701 2923 3769 quando
2940 3701 2982 3769 ι
2997 3701 3147 3770 121
3170 3702 3360 3755 oborta
3379 3700 3448 3754 sit
3465 3700 3622 3752 visio.
3643 3735 3649 3741 υ

2060 3789 2193 3842 Cum
2217 3801 2464 3843 mortuus
2481 3803 2562 3845 est
2578 3790 2732 3847 Osias
2755 3808 2868 3853 rex.
2892 3793 3022 3846 vidit
3048 3794 3209 3848 Isaias
3229 3792 3510 3846 Dominum
3528 3790 3598 3845 Sa
3612 3820 3629 3830 -

2065 3878 2229 3932 baoth
2273 3878 2542 3932 sedentem
2595 3891 2759 3944 super
2795 3877 3049 3928 thronum
3089 3877 3381 3930 excelsum.
3419 3876 3476 3930 Si
3500 3880 3629 3946 quis

2066 3984 2131 4022 ex
2170 3969 2370 4023 nesttis
2405 3969 2552 4021 novit
2588 3968 2681 4036 qui
2728 3965 2887 4019 fuerat
2929 3966 3107 4028 Osias,
3146 3976 3199 4021 ct
3229 3982 3350 4037 qum
3380 3970 3625 4037 gesserit,

2069 4062 2156 4115 ille
2186 4069 2361 4130 potest
2394 4074 2557 4114 nosse
2590 4059 2718 4128 quid
2759 4058 3005 4113 docuerit
3036 4061 3292 4128 prepheta
3335 4075 3431 4129 per
3468 4062 3630 4130 spiri-

2071 4163 2207 4210 tum.
2242 4152 2370 4223 quid
2401 4152 2647 4206 exhibeat
2681 4150 2836 4203 nobis
2863 4164 3043 4204 sermo
3067 4150 3303 4203 divinus.
3341 4150 3538 4205 Vadam
3561 4153 3628 4206 ad

2070 4246 2234 4299 vitam
2267 4242 2427 4305 Osias,
2458 4251 2506 4296 et
2539 4241 2810 4310 requiram
2843 4255 2908 4294 ex
2939 4239 3247 4309 Regnorum
3283 4241 3455 4309 libris,
3488 4252 3543 4297 et
3561 4259 3626 4298 ex

2070 4328 2519 4403 Paralipomenon
2555 4332 2776 4385 historia
2807 4332 2871 4385 de
2898 4330 3054 4395 Osia;
3085 4333 3266 4402 ibique
3291 4335 3482 4388 videbo
3502 4336 3631 4404 quia

2010 4459 2049 4512 ο
2076 4424 2440 4480 necessarium
2466 4425 2555 4489 sit,
2582 4424 2626 4478 si
2658 4423 2897 4477 futurum
2919 4424 2986 4476 sit
3016 4435 3075 4478 ut
3100 4425 3309 4480 videam
3345 4425 3632 4482 Dominum

2081 4516 2315 4571 Sabaoth
2350 4515 2622 4569 sedentem
2653 4530 2816 4583 super
2855 4516 3110 4570 thronum
3158 4516 3453 4582 excelsum,
3497 4518 3631 4571 mihi

2079 4607 2214 4660 mori
2241 4606 2423 4683 Osia‘m
2460 4620 2661 4673 regem.
2692 4605 2799 4661 Iste
2828 4606 2984 4662 Osias
3012 4622 3077 4662 ex
3107 4609 3312 4663 semine
3343 4607 3507 4662 David
3536 4608 3633 4662 do-

2078 4698 2360 4761 scendcns,
2391 4704 2444 4750 ct
2472 4711 2704 4766 regnans
2738 4699 2790 4751 in
2824 4698 3023 4766 populo
3052 4697 3211 4759 Juda,
3246 4698 3485 4767 quandiu
3513 4698 3637 4766 qui-

2078 4788 2199 4839 dem
2228 4785 2364 4838 vixit
2388 4784 2682 4840 Zacharias
2716 4787 2808 4853 qui
2843 4787 3171 4855 intelligebat
3197 4786 3299 4855 (sic
3325 4785 3469 4839 enim
3500 4786 3637 4839 scri-

2079 4885 2230 4947 ptum
2253 4884 2333 4930 est
2358 4877 2595 4931 secundo
2616 4877 2754 4932 libro
2775 4876 3265 4947 Paralipomenon),
3287 4876 3413 4930 fecit
3432 4885 3636 4930 rectum

2082 4971 2136 5022 in
2185 4976 2475 5038 conspectu
2525 4966 2735 5022 Domini
2759 4971 2829 5021 η.
2874 4966 2980 5022 Nec
3029 4967 3299 5022 suﬁciens
3343 4967 3467 5032 isto,
3512 4965 3639 5021 fecit

2084 5059 2373 5113 luminaria
2408 5073 2599 5126 magna
2643 5057 2893 5122 Domino,
2942 5065 2995 5111 et
3038 5056 3343 5125 composuit
3382 5054 3638 5125 templum

488 5208 534 5243 “
557 5205 656 5262 lsa.
684 5207 908 5274 v1.1.2,
929 5208 982 5263 5.
1069 5211 1115 5243 ⁸⁸
1140 5210 1240 5265 lsa.
1269 5225 1363 5274 ut,
1394 5209 1459 5275 '7;
1518 5209 1676 5264 Rom.
1712 5226 1764 5271 κ,
1797 5211 1883 5264 15.
1923 5211 1962 5242 ⁸⁸

2062 5226 2165 5275 ut,
2209 5211 2293 5265 15.
2368 5209 2735 5272 ⁸⁷1οωι.χιιι,
2793 5207 2846 5263 8.
2920 5208 3242 5276 "Luc.xn,
3294 5207 3382 5265 50.
3456 5205 3638 5265 "108.

419 5289 516 5341 tu,
543 5278 636 5332 ΞΒ.
708 5278 754 5309 ’⁸
775 5276 932 5339 Joan.
960 5294 1036 5345 ix,
1060 5280 1150 5333 5i.

1225 5282 1267 5313 ἰ
1292 5280 1394 5334 lsa.
1430 5280 1694 5346 ι,18,19.
1768 5284 1812 5314 ιι
1842 5280 1882 5333 ιι
1911 5279 1962 5333 P:

2064 5297 2208 5342 \xVI,
2232 5281 2284 5334 4.
3050 5310 3053 5311 ν

2156 5436 2269 5507 (95)
2300 5436 2520 5506 Propter
2545 5435 2902 5507 Parasceven,
2935 5442 3041 5488 etc.
3078 5431 3253 5507 Verba
3295 5430 3508 5507 quidem
3546 5432 3641 5507 in—

491 5435 605 5573 Ξθὸζ
643 5435 732 5490 Sic
758 5449 913 5495 mss.;
937 5437 1079 5491 male
1100 5452 1225 5491 vero
1251 5438 1402 5503 editi,
1427 5438 1713 5505 baptizare.

514 5505 583 5559 96
643 5504 930 5573 Perpcram
959 5506 1223 5561 editiones
1254 5522 1284 5561 a
1310 5508 1655 5562 Genebrardo
1682 5524 1711 5561 e

514 5504 605 5571 96)
643 5504 930 5573 Perpcram
959 5506 1223 5561 editiones
1254 5522 1284 5561 a
1310 5504 1655 5562 Genebrardo
1682 5515 1735 5561 et
1757 5505 1981 5565 Erasmo

424 5584 724 5695 procurata).
760 5574 956 5655 habent
983 5577 1196 5647 Δείμας
1230 5579 1388 5644 paulo
1418 5578 1608 5657 melius
1638 5576 1803 5630 editio
1839 5575 1978 5629 ider-

447 5660 518 5695 tnt
544 5642 744 5695 Athan.
776 5653 974 5695 onttme
1003 5662 1129 5695 vero
1163 5647 1278 5695 and.
1310 5645 1524 5695 Ehrmc.
1557 5646 1747 5695 Achar.
1777 5645 1842 5695 de
1871 5662 1978 5695 nuo

425 5642 518 5696 lini
544 5642 744 5704 Athan,
776 5645 974 5711 optime
1003 5662 1129 5699 vero
1163 5642 1278 5701 eod.
1310 5645 1524 5701 Ehroic.
1557 5646 1747 5709 Achar,
1777 5645 1842 5700 de
1871 5662 1979 5715 quo

424 5711 604 5771 Josuc.
632 5728 724 5771 vn.
751 5712 839 5771 25.

455 5728 604 5775 osuc,
632 5728 724 5777 vu,
751 5728 839 5771 Xa.

2087 5500 2486 5575 ter'pretatiunis
2514 5522 2579 5559 ex
2609 5505 2811 5575 Graccq
2835 5511 3091 5575 corrupto
3124 5504 3397 5556 adortmta:
3437 5500 3515 5554 sic
3546 5500 3645 5556 hac-

2085 5571 2211 5629 bent
2239 5591 2252 5625 :
2278 5586 2332 5628 at
2357 5592 2441 5629 res
2470 5577 2704 5643 postulat
2732 5593 2746 5627 :
2778 5571 3367 5640 Propter'l’arascercn,
3389 5585 3505 5643 qua:
3528 5584 3644 5643 pas-

2084 5645 2248 5698 sionis
2275 5639 2484 5697 Christi
2511 5644 2967 5696 commcmoratrix
2990 5653 3095 5698 est:
3122 5652 3171 5694 et
3200 5642 3427 5693 maxime
3458 5640 3511 5692 in
3534 5639 3637 5694 Ωο-

2086 5715 2279 5767 minim
2312 5714 2429 5777 die;
2472 5729 2629 5778 neque
2655 5714 2812 5777 enim,
2844 5721 2947 5765 etc.
