4004 6182
419 231 533 297 955
1584 236 1644 303 s.
1666 236 1975 302 unseen
2003 239 2447 307 HIERONYMI
3532 267 3646 335 θα

423 358 539 426 Dei,
564 371 619 416 et
667 366 850 420 multa:
902 363 1122 421 fuerunt
1177 365 1233 421 in
1277 367 1538 439 religione
1573 371 1691 441 ejus
1732 372 1982 430 virtutes.
2015 382 2058 439 Α
2086 378 2234 447 pulo,
2282 390 2336 435 et
2381 381 2514 438 rexit
2560 383 2771 440 urbem.
2819 385 2943 446 Hinc
2979 390 3173 450 diebus
3199 403 3253 450 et
3279 398 3533 456 noctibus
3562 402 3641 460 Ic-

419 449 649 516 Qttando
680 463 861 509 autem
890 465 1137 511 mortuus
1186 466 1268 513 est
1313 457 1606 517 Zacharias
1655 463 1980 535 intelligens,
2084 478 2270 536 gentes
2315 479 2368 524 et
2418 472 2696 530 audientes
2726 474 3010 534 Dominum
3041 449 3641 558 dicentem—:HC—iportitit

418 552 549 607 tunc
580 544 705 598 fecit
733 545 1052 615 malignum.
1085 547 1219 613 Quis
1253 549 1341 603 hic
1368 550 1462 620 qui
1496 549 1624 607 fecit
1653 554 1984 624 malignum?
2083 564 2131 610 te
2151 558 2352 611 mittere
2382 561 2656 628 pecmtiam
2680 579 2846 619 meam
2877 569 2946 620 ad
2968 585 3217 638 mensam,
3246 544 3296 628 et
3318 592 3411 647 ego

418 633 533 689 I'lex
562 645 698 701 erat,
730 651 837 690 non
871 639 1147 694 sacerdos.
1202 638 1355 694 Alius
1400 641 1537 696 ordo
1588 644 1789 713 regius,
1840 647 1981 702 alius
2078 664 2196 700 cum
2224 651 2396 704 usuris
2428 666 2543 706 eam
2571 655 2853 724 exegissem
2874 659 2943 728 ”,
2975 675 3084 715 non
3112 633 3425 735 colligemus
3459 669 3514 724 in
3540 687 3638 725 stt-

417 724 552 780 onlo
585 727 955 783 sacerdotalis.
987 728 1171 784 Voluit
1202 729 1409 800 ingredi
1433 731 1486 785 in
1518 734 1797 803 templum,
1825 746 1877 791 et
1901 739 1977 792 ln-
2077 738 2233 795 dario
2282 758 2460 800 tunam
2504 745 2786 813 creditam,
2819 724 3547 822 nec'pecuniamvmittainus

412 831 536 870 cum
558 830 716 886 agere
734 819 1029 873 sacerdotis
1051 828 1105 873 et
1133 820 1309 875 facere
1336 836 1475 891 opus
1497 824 1640 892 quod
1666 842 1774 879 non
1805 826 1979 884 fuerat
2076 838 2274 884 terram
2294 872 2311 898 ,
2350 832 2444 887 sed
2484 832 2790 891 ieneremur
2829 819 2964 895 eant—
2992 846 3223 913 populis.
3267 846 3330 901 Et
3370 865 3494 904 cum
3534 869 3638 908 nos

410 907 462 959 ei
490 922 832 963 concessum.
865 907 1072 964 Introiit
1098 912 1431 979 pratveniens
1455 916 1782 983 sacerdotes,
1806 928 1857 972 ct
1885 934 1977 973 as-
2075 922 2466 978 crediderimus
2512 924 2847 984 Dominicam
2899 907 3165 990 rationem
3204 938 3377 1004 vobis,
3420 942 3528 997 erit
3556 944 3637 997 vi-

404 999 643 1067 sumpsit
667 1014 761 1054 vas
790 1001 1083 1055 libaminis.
1121 1001 1403 1071 Ingressus
1430 1019 1609 1063 autem
1638 1014 1694 1061 et
1722 1009 1974 1077 princeps
2071 1009 2306 1064 dendnm
2353 1016 2623 1081 quomodo
2667 1018 2874 1075 credita
2919 1035 3044 1076 cum
3094 1027 3275 1083 usuris
3314 999 3630 1093 essolvatis.

404 1089 772 1153 sacerdotum,
806 1093 899 1160 qui
932 1101 1173 1162 tempore
1212 1094 1304 1148 illo
1343 1106 1479 1158 erat,
1506 1106 1559 1149 et
1588 1099 1859 1167 octoginta
1887 1117 1975 1155 sa-
2073 1099 2267 1167 Quam,
2298 1112 2404 1157 etc.
2428 1104 2618 1159 Amen.

399 1179 651 1233 certlotes
680 1197 803 1235 cum
837 1197 923 1244 eo,
974 1183 1112 1237 dixit
1153 1184 1218 1238 ad
1271 1200 1394 1242 eum
1440 1186 1688 1254 princeps
1722 1190 1975 1242 sacerdo-
2499 1215 2711 1286 1122
2737 1217 2794 1291 ε
2826 1217 3113 1277 “mm,”
3153 1220 3243 1278 γι,

398 1280 514 1328 .tutn
549 1290 562 1326 :
604 1270 795 1327 Nonne
839 1283 894 1328 tu
927 1291 987 1329 es
1017 1274 1195 1343 Osiss,
1228 1287 1280 1333 ct
1318 1294 1424 1332 non
1460 1279 1813 1334 sacerdos”?
1846 1280 1972 1335 Vio-

399 1362 574 1419 lenter
622 1367 1004 1432 perseveravit,
1051 1377 1105 1421 et
1151 1368 1295 1437 lepra
1344 1371 1584 1425 ascendit
1633 1371 1686 1423 in
1738 1372 1967 1427 frontem

390 1451 538 1519 ,ejns.
563 1451 847 1521 Prujeetus
865 1465 947 1508 est
971 1466 1241 1523 mortuus,
1267 1473 1522 1529 egressus
1549 1470 1630 1512 est
1657 1458 1724 1514 de
1750 1462 1967 1530 templo,

386 1543 579 1603 ,eduxit
606 1559 729 1598 eum
754 1544 1034 1605 Dominus,
1072 1546 1236 1618 Igitur
1262 1549 1507 1618 leprosus
1543 1550 1716 1606 factus
1739 1563 1965 1621 estpro—

387 1641 514 1701 pter
533 1635 1030 1701 praevaricationem
1068 1637 1218 1708 legis.
1251 1637 1635 1709 Unusquisque
1666 1642 1767 1694 sub
1797 1655 1963 1710 regno

2074 1338 2398 1432 Deneq'qnod
2423 1343 2683 1432 scriptum
2708 1355 2789 1432 est
2818 1365 2831 1401 :
2858 1347 3021 1432 Quem
3052 1356 3279 1432 mittam,
3304 1366 3354 1413 et
3384 1365 3502 1432 quis
3532 1365 3629 1421 ibit

2140 1408 2305 1473 nobis,
2329 1419 2464 1500 etc?
2509 1408 2680 1500 usque
2718 1417 2783 1470 ad
2822 1408 2963 1500 eum.
2992 1421 3172 1478 locum
3214 1408 3629 1500 iit,

2138 1489 2526 1546 convertantur,
2552 1490 2602 1537 et
2630 1500 2810 1545 senem
2831 1503 2916 1543 eos
2946 1488 3086 1561 (Cap.
3115 1509 3213 1565 νυ,

2138 1618 2189 1673 I.
2231 1619 2431 1677 Vidcns
2463 1621 2632 1681 Isaias
2656 1623 2943 1684 Dominum
2973 1629 3209 1688 Sabaoth
3232 1637 3507 1694 sedentem
3532 1658 3628 1697 su-

384 1733 498 1791 cst,
541 1726 655 1781 sive
695 1729 922 1797 peccati,
959 1731 1074 1785 sive
1115 1730 1362 1800 iustitiae.
1396 1732 1453 1786 Si
1502 1744 1780 1803 peccatum
1826 1736 1937 1789 mih

2058 1724 2156 1778 per
2181 1708 2434 1773 thronum
2476 1719 2750 1776 excelsum
2789 1732 2842 1778 et
2876 1724 3164 1792 elcvatum,
3209 1730 3394 1787 videns
3442 1743 3625 1788 autem

386 1829 598 1887 regnat,
640 1835 781 1874 unus
814 1836 935 1875 sum
968 1820 1033 1875 de
1068 1823 1289 1891 regibus
1338 1823 1525 1889 Israel,
1570 1826 1660 1894 qui
1701 1828 1956 1895 templum

391 1909 650 1974 violenter
683 1912 910 1980 ingrcssi
940 1925 1086 1968 sunt.
1121 1912 1179 1968 Si
1202 1916 1387 1984 justus
1413 1933 1533 1971 sum
1559 1918 1717 1983 juxta
1742 1934 1960 1977 utensut-

393 2017 507 2054 ram
542 2001 819 2071 profectus
850 2002 977 2067 mei,
1025 2012 1079 2057 et
1113 2003 1255 2061 facio
1304 2014 1535 2068 rectum,
1585 2017 1639 2060 et
1671 2023 1956 2077 pel'SCVt‘t'o

386 2100 511 2144 ante
541 2101 898 2159 conspectum
932 2092 1049 2159 Dei,
1075 2103 1263 2163 regnat
1297 2095 1425 2148 tnihi
1447 2096 1680 2164 justitia.
1708 2096 1954 2162 Quandiu

383 2198 511 2236 vero
539 2182 670 2236 vixit
698 2183 967 2250 leprosos,
1000 2184 1172 2238 Isaias
1222 2184 1500 2245 immunda
1551 2186 1691 2244 labia
1745 2188 1949 2242 habuit.

373 2273 635 2338 .Quandiu
672 2274 803 2327 vixit
840 2274 1062 2343 iniquus
1106 2290 1212 2329 non
1257 2276 1429 2344 potuit
1457 2268 1627 2331 Isaias
1658 2277 1949 2335 Dominum

383 2362 627 2417 Sabaoth
657 2365 859 2428 videre,
894 2373 948 2418 ct
981 2365 1260 2420 immunda
1290 2367 1433 2425 labia
1467 2367 1672 2433 habuit,
1703 2368 1806 2422 sub
1845 2369 1950 2425 ini-

380 2470 491 2524 quo
516 2456 714 2526 quippe
749 2472 874 2526 rege
925 2463 1063 2512 erat.
1118 2455 1347 2523 Quando
1374 2457 1517 2511 enim
1549 2458 1738 2526 incipit
1770 2458 1948 2527 videre

377 2547 641 2601 visionem
672 2547 804 2603 Dei?
831 2563 976 2602 anno
1004 2563 1114 2617 quo
1145 2558 1394 2604 mortuus
1422 2558 1507 2604 est
1539 2548 1721 2605 Osias.
1749 2549 1843 2606 His
1872 2552 1945 2606 si,

378 2637 525 2691 milia
549 2648 604 2692 et
635 2638 702 2693 de
750 2638 936 2693 multis
979 2639 1194 2708 scriptis
1227 2640 1426 2711 poteris
1453 2640 1635 2695 dicere
1674 2641 1946 2697 tribuente

378 2729 511 2783 Deo.
556 2727 611 2781 In
648 2728 837 2783 Exodo
879 2729 1184 2787 istiusmodi
1223 2730 1479 2805 quiddam
1514 2732 1778 2801 scriptum
1812 2742 1942 2792 est:

374 2820 449 2885 ﬁt
481 2819 680 2888 factum
716 2832 790 2874 est
836 2830 952 2889 post
997 2820 1111 2875 dies
1167 2821 1392 2891 aliquot,
1449 2832 1684 2879 mortuus
1726 2832 1802 2877 est
1851 2839 1942 2879 rea:

378 2894 619 2979 Egypti,
650 2919 698 2963 et
725 2911 1116 2978 suspiravcruut
1145 2912 1248 2979 ﬁlii
1275 2911 1466 2976 Israel,
1492 2923 1542 2966 et
1567 2914 1800 2971 ascendit
1824 2914 1940 2968 cia-

374 3015 491 3052 mor
521 3015 700 3053 eorum
735 3000 803 3051 ad
832 2998 995 3058 Deum
1018 3001 1082 3053 οδ.
1119 2999 1372 3066 Quandiu
1405 3002 1539 3054 vixit
1566 3000 1796 3069 Pharao,
1829 3019 1935 3066 non

370 3090 783 3159 suspiraverunt
824 3089 916 3142 lilii
965 3088 1151 3155 Israel,
1196 3101 1250 3144 et
1286 3090 1342 3143 in
1374 3090 1527 3159 pejus
1557 3093 1717 3161 positi
1754 3108 1820 3148 ne
1846 3110 1937 3165 ge-

370 3179 550 3234 mendi
575 3180 792 3248 quidem
821 3180 1131 3234 habuerunt
1154 3179 1378 3234 liberam
1408 3179 1741 3237 facultatem.
1777 3172 1933 3238 Vive-

370 3273 463 3324 hat
489 3270 687 3340 quippe
710 3286 800 3323 rex
824 3270 916 3338 qui
945 3270 1244 3342 imperabat
1271 3271 1352 3326 eis
1380 3279 1434 3326 et
1457 3272 1654 3328 lateres
1680 3281 1732 3328 et
1753 3275 1936 3343 paleas

370 3356 567 3415 iacere.
614 3356 865 3424 Quandiu
895 3358 1033 3413 vixit
1064 3357 1279 3413 Pharao
1301 3400 1317 3425 ,
1373 3376 1483 3415 non
1525 3362 1935 3430 suspiraverunt

365 3448 437 3509 ad
466 3446 657 3513 Deum;
689 3465 812 3503 cum
844 3459 1094 3504 mortuus
1122 3457 1207 3504 est
1234 3448 1465 3513 Pharao,
1496 3459 1626 3506 tunc
1648 3452 1934 3508 valuerunt

367 3539 582 3593 madida
617 3538 830 3594 ﬂetibus
860 3554 955 3594 ora
995 3540 1303 3594 sustollere.
1337 3539 1482 3595 Vivit
1525 3557 1616 3596 rex
1662 3544 1931 3614 malignus

360 3630 420 3684 In
462 3618 680 3700 pectore
718 3641 928 3697 nostro,
973 3632 1216 3702 quandiu
1264 3633 1397 3687 vivit
1426 3632 1639 3689 Pharao
1667 3633 1925 3691 Zahulus.

362 3720 518 3777 ’I‘unc
554 3723 751 3777 lateres
789 3738 1080 3792 operantur
1122 3730 1179 3777 et
1217 3724 1435 3794 paleas,
1486 3733 1616 3781 tunc
1664 3726 1933 3797 Iacrymas

363 3812 507 3879 intra
562 3813 837 3868 silentium
896 3814 1241 3882 devoramus,
1294 3825 1352 3871 et
1403 3817 1710 3888 iniquitatis
1763 3835 1925 3890 opera

360 3904 536 3982 prima
566 3902 817 3993 Iaeituus.
856 3905 995 3959 Cum
1026 3917 1207 3960 autem
1242 3916 1490 3965 mortuus
1524 3908 1706 3973 fuerit,
1742 3910 1925 3966 Domi-

361 4013 436 4052 no
454 3996 567 4053 Deo
588 4013 686 4053 nos
706 3998 981 4062 visitante,
1009 4006 1139 4053 tunc
1159 4000 1501 4072 suspiramus
1521 4003 1587 4054 ad
1608 4001 1923 4065 Dominum,

2059 1810 2113 1856 et
2152 1807 2423 1875 seraphim
2467 1810 2875 1869 circumstantia
2915 1832 3062 1884 eum,
3111 1829 3167 1875 et
3205 1824 3489 1880 remissam
3509 1828 3622 1901 (96)

2058 1905 2399 1965 peccatorum
2430 1900 2700 1969 accipiens
2723 1919 2817 1972 per
2835 1919 2958 1958 cum
2989 1906 3191 1976 ignem,
3215 1913 3306 1980 qui
3335 1914 3533 1971 allatus

2056 1984 2253 2039 altario
2290 1987 2426 2041 labia
2461 1989 2580 2057 ejus
2613 2001 2862 2048 contactu
2900 2000 3169 2068 purgavit,
3208 2004 3284 2055 ait
3313 2018 3373 2057 se
3399 2007 3623 2065 audisse

2055 2090 2241 2130 vocem
2276 2075 2486 2132 Dotnini
2519 2096 2625 2135 non
2654 2083 2992 2159 imperantis,
3028 2091 3122 2145 sed
3150 2095 3438 2151 excitantis
3460 2107 3623 2167 atque

2052 2164 2282 2222 dicentis
2314 2169 2479 2237 (vers.
2512 2170 2566 2235 8,
2603 2172 2657 2243 9)
2685 2192 2698 2228 ε
2729 2173 2892 2241 Quem
2930 2181 3158 2247 mittam,
3198 2195 3247 2239 et
3278 2186 3394 2256 quis
3421 2164 3619 2246 ibit-ad

2049 2259 2292 2326 populum
2328 2259 2543 2327 ipsum?
2579 2260 2778 2318 Deinde
2801 2265 2931 2320 dicit
2962 2284 3019 2323 se
3053 2274 3399 2341 respondisse
3431 2276 3615 2334 Domi-

2052 2360 2160 2400 no:
2194 2345 2329 2401 Ecce
2352 2366 2465 2403 sum
2497 2368 2611 2421 ego,
2655 2356 2803 2408 mitte
2848 2373 2947 2411 me.
2976 2357 3175 2416 Factus
3200 2373 3380 2419 autem
3424 2367 3481 2420 in
3514 2369 3617 2426 hoc

2050 2434 2192 2501 loco,
2224 2447 2277 2492 et
2307 2447 2562 2499 scrutatis
2590 2458 2651 2496 ea
2678 2460 2799 2513 quae
2827 2448 3024 2518 scripta
3053 2463 3200 2519 sunt,
3230 2454 3447 2511 invenio
3467 2460 3612 2515 aliud

2048 2527 2246 2585 Iccisse
2273 2530 2513 2603 Moysen,
2547 2536 2691 2590 aliud
2731 2537 2945 2595 Isaiam.
2986 2541 3199 2612 Moyses
3235 2548 3380 2601 enim
3410 2550 3614 2608 electus

2046 2620 2111 2674 ad
2136 2623 2476 2679 eductionem
2510 2629 2692 2699 populi
2717 2628 2784 2684 de
2811 2643 2954 2689 terra
2986 2631 3224 2705 ASgypti,
3253 2638 3328 2690 ait
3350 2657 3364 2699 ;
3389 2639 3613 2700 Provide

2044 2711 2214 2772 alium
2255 2733 2405 2784 quem
2447 2721 2625 2777 mittas
2646 2723 2712 2787 "’,
2768 2724 2928 2778 etiam
2978 2726 3189 2781 videtur
3241 2732 3613 2793 contradicere

2044 2800 2174 2886 Deo.
2222 2803 2389 2863 Isaias
2430 2825 2556 2863 vero
2597 2827 2704 2868 non
2748 2812 2973 2879 electus,
3019 2818 3113 2871 sed
3150 2819 3410 2874 audiens:
3445 2822 3611 2886 Quem

2042 2883 2271 2963 mittam,
2305 2911 2354 2953 et
2399 2903 2515 2971 quis
2559 2903 2651 2956 ibit
2680 2903 2882 2969 f’Ecce,
2926 2905 3120 2976 inquit,
3157 2924 3251 2977 ego
3282 2926 3423 2976 sum,
3452 2883 3609 2969 initis

2043 3005 2140 3044 me.
2177 2986 2405 3062 Dignum
2436 3003 2519 3048 est
2565 3012 2693 3064 ergo
2730 2997 3066 3065 spiritalibus
3095 3001 3361 3069 spiritalia
3383 3018 3605 3075 compa-

2042 3097 2184 3144 rare,
2202 3091 2254 3136 et
2278 3086 2552 3153 requirere
2658 3089 2783 3159 quis
2889 3089 3150 3146 eduobus
3176 3092 3604 3152 meliusfecerit:

2039 3172 2342 3244 Moysesne,
2377 3173 2468 3244 qtti
2503 3187 2792 3245 postquam
2822 3177 3026 3234 electus
3057 3190 3158 3244 est,
3200 3183 3505 3250 recusavit;
3535 3201 3604 3241 an

2036 3263 2205 3321 Isaias
2242 3266 2335 3336 qui
2369 3283 2433 3321 ne
2458 3267 2663 3322 electus
2691 3269 2909 3337 quidem
2945 3270 3061 3341 ipse
3100 3272 3295 3328 obtulit
3326 3284 3386 3330 ut
3425 3276 3603 3333 mitto-

2035 3367 2188 3412 rctur
2231 3359 2296 3413 ad
2341 3358 2619 3428 populum.
2650 3352 2843 3416 Nescio
2871 3362 3014 3417 enim
3044 3363 3090 3418 si
3119 3374 3301 3434 potest
3328 3367 3454 3437 quis
3480 3384 3601 3431 eam

2033 3450 2467 3504 contrarietatem
2516 3452 2871 3520 negotiorum
2887 3469 3008 3522 quae
3033 3453 3088 3509 in
3117 3464 3346 3525 utroque
3368 3458 3600 3528 videtur,

2033 3540 2342 3605 intendens,
2365 3540 2544 3595 dicere
2567 3539 2695 3610 quia
2720 3539 2773 3595 id
2795 3541 2970 3611 ipsum
2996 3544 3182 3599 fecerit
3200 3545 3432 3617 Moyses,
3452 3549 3597 3618 quod

2031 3630 2221 3686 Isaias.
2252 3628 2362 3698 Ego
2391 3629 2649 3684 audacter
2669 3627 2770 3684 feci
2792 3645 3116 3708 comparans
3139 3633 3276 3690 duos
3303 3646 3525 3693 sanctos
3541 3648 3598 3693 et

2028 3720 2217 3777 beatos
2259 3721 2429 3786 viros,
2457 3730 2512 3775 et
2555 3721 2871 3786 decernens,
2909 3731 2965 3778 ct
3006 3724 3194 3781 dicens
3232 3728 3595 3789 verecundius

2027 3810 2245 3885 Moysen
2295 3810 2488 3867 fecisse
2532 3811 2943 3895 quam‘lsaiam.
2980 3812 3192 3885 Moyses
3234 3816 3434 3889 quippe
3477 3834 3594 3877 nta-

2027 3898 2360 3968 gnitudinem
2393 3898 2794 3963 considerabat.
2838 3915 3072 3968 pricesse
3114 3905 3313 3975 populo
3352 3906 3419 3960 ad
3459 3905 3592 3962 eda.

2025 3989 2255 4045 ccndum
2293 4005 2417 4043 cum
2448 3989 2513 4043 de
2561 3999 2702 4044 terra
2742 3989 2982 4062 Egypti,
3013 4002 3067 4047 et
3089 4009 3388 4067 repugnare
3416 3995 3589 4068 Egy.

367 4087 583 4141 Idcirco
609 4100 830 4143 oremus
860 4086 1172 4151 Dominum,
1206 4098 1264 4143 ut
1296 4105 1523 4159 regnum
1546 4093 1751 4164 peccati
1780 4093 1923 4160 qttod

2037 4082 2258 4148 ptiorum
2304 4080 2763 4138 incantationibus
2794 4091 2847 4136 et
2877 4082 3175 4139 maleﬁciis.
3213 4084 3442 4155 Propter
3483 4087 3590 4147 hoc

349 4187 443 4236 est
489 4178 542 4230 in
576 4178 791 4231 mortali
820 4186 1008 4232 nostro
1036 4192 1284 4246 corpore,
1325 4180 1608 4234 moriatur.
1641 4180 1925 4242 Peccatum

2037 4171 2098 4224 tit
2126 4188 2141 4224 :
2172 4170 2396 4227 Provide
2422 4166 2586 4232 alium
2609 4188 2759 4241 quem
2785 4174 2985 4239 mittas.
3010 4174 3123 4229 Iste
3151 4185 3330 4236 autem
3359 4193 3466 4230 non
3489 4193 3586 4231 ex.

354 4266 528 4333 enim,
560 4269 657 4329 ait,
689 4275 954 4320 mortuum
986 4278 1087 4328 est,
1135 4283 1228 4337 ego
1279 4278 1453 4322 autem
1495 4270 1677 4322 revixi.
1702 4268 1771 4323 Et
1798 4285 1920 4324 rur-
2019 4270 2270 4332 spectans
2313 4263 2502 4318 audire
2541 4265 2670 4333 quid
2712 4265 2761 4319 ei
2786 4264 3070 4335 iuberetur
3096 4275 3165 4326 ιιισ
3185 4268 3406 4334 ὤθει-οι.
3439 4284 3503 4324 ac
3532 4270 3582 4331 Si

357 4374 480 4416 sum
515 4377 532 4413 :
564 4357 838 4414 Peccatum
869 4359 1078 4426 revixit,
1113 4375 1206 4428 ego
1234 4369 1409 4415 autent
1439 4369 1677 4416 mortuus
1708 4378 1824 4416 sum
1845 4363 1915 4419 “.

2037 4354 2221 4408 :lcctus
2266 4353 2499 4409 luisset:
2533 4354 2683 4419 Ecce,
2724 4356 2922 4425 inquit,
2967 4375 3086 4416 sum
3125 4375 3241 4431 ego,
3290 4365 3438 4417 mitte
3476 4378 3581 4421 me.

354 4450 618 4506 llorientc
646 4466 754 4505 uno
779 4451 871 4521 qui
896 4450 1099 4519 potitur
1139 4466 1305 4520 regno
1335 4452 1538 4521 peccati
1571 4450 1721 4519 Osia,
1753 4454 1920 4509 mori-

358 4554 449 4603 tur
474 4550 531 4595 et
561 4539 794 4595 Pharao.
827 4540 962 4594 Cum
990 4541 1219 4594 moritur
1247 4557 1338 4598 rex
1364 4543 1654 4611 pessimus,
1676 4544 1826 4613 erige
1849 4545 1917 4600 ad

356 4633 555 4695 mlunt
602 4630 817 4694 oculos,
856 4631 1221 4687 ct‘exaudivit
1275 4648 1462 4688 vocem
1519 4651 1694 4689 meatu
1749 4634 1916 4704 Deus,

356 4725 629 4802 quomodo
650 4723 945 4789 Abraham,
975 4732 1028 4777 et
1058 4723 1228 4788 Isaac,
1253 4732 1308 4778 et
1328 4723 1495 4780 Jacob
1516 4745 1531 4790 ;
1554 4736 1609 4781 ct
1635 4727 1789 4782 video
1812 4725 1918 4784 Do-

354 4816 562 4882 minum
591 4813 828 4877 Sabaoth
868 4816 1141 4870 sedentem
1189 4824 1243 4869 et
1290 4826 1601 4885 regnantem
1629 4832 1794 4889 super
1820 4832 1917 4875 ex-

357 4906 563 4965 celsum
591 4906 811 4972 solium,
844 4920 1005 4975 ignem
1055 4905 1288 4976 populus
1314 4920 1421 4959 non
1453 4905 1605 4960 vidit.
1660 4905 1907 4962 Nondqu

2021 4442 2176 4505 Unde
2204 4445 2330 4514 quia
2365 4445 2620 4513 ignorans
2650 4445 2779 4515 quid
2807 4448 2855 4502 ei
2875 4447 3157 4518 juberetur
3182 4462 3242 4504 ut
3262 4450 3483 4519 diceret,
3514 4467 3586 4508 ac

2017 4537 2071 4592 si
2098 4537 2301 4590 electus
2343 4534 2566 4591 luisset:
2616 4536 2768 4603 Ecce,
2814 4539 2909 4600 ait,
2950 4556 3042 4610 ego
3075 4557 3214 4604 sum,
3265 4543 3411 4596 mitte
3461 4561 3580 4609 me;

2018 4628 2133 4681 luce
2168 4627 2389 4696 jubctur
2433 4638 2491 4681 ut
2533 4627 2680 4681 dicat
2714 4644 2833 4696 qua:
2874 4642 3030 4685 erant
3072 4630 3308 4701 inoptata
3339 4634 3575 4693 dicenti.

2015 4718 2209 4779 Annon
2241 4727 2360 4773 erat
2386 4719 2678 4788 inoptabile
2719 4721 2898 4779 statim
2930 4721 3145 4791 iussum
3179 4726 3579 4795 prophetizare,

2013 4824 2043 4883 a
2074 4809 2541 4865 maledictionibus
2574 4810 2809 4881 incipere
2841 4812 3107 4869 dicentem
3154 4816 3317 4884 (vers.
3349 4817 3403 4884 9,
3432 4819 3515 4888 10)
3553 4838 3572 4876 ε

2012 4903 2153 4955 Aure
2177 4901 2425 4966 audietis,
2454 4912 2501 4954 et
2526 4918 2626 4955 non
2658 4903 3043 4974 intelligetis,“
3074 4908 3300 4963 videntes
3324 4913 3574 4983 cernetis,

352 4997 500 5061 enim
528 4995 688 5053 θείας
714 5005 962 5058 mortuus
995 4995 1191 5053 fuerat.
1246 4994 1383 5050 Volo
1427 4996 1684 5069 quiddam
1733 4997 1911 5052 simile
2009 5003 2059 5044 et
2101 5008 2201 5044 non
2244 4991 2483 5050 videbitis
2520 5007 2538 5046 :
2574 4993 2923 5047 iucrassatum
2960 5006 3036 5050 est
3078 4999 3214 5052 enim
3256 5015 3349 5052 cor
3385 5002 3571 5071 populi

353 5090 691 5159 interponere
717 5088 869 5145 bona:
918 5090 1016 5154 rei,
1068 5103 1191 5157 quae
1220 5086 1345 5143 huic
1374 5087 1644 5144 contraria
1675 5096 1775 5142 est.
1808 5087 1912 5142 Iste
2008 5082 2186 5152 hujus,
2221 5091 2274 5135 et
2302 5083 2532 5152 reliqua.
2591 5083 2751 5137 Forte
2784 5101 2929 5154 ergo,
2984 5088 3028 5141 si
3075 5098 3253 5143 tamen
3304 5091 3569 5145 audenter

353 5183 469 5251 ipse
511 5176 702 5245 Osias,
752 5180 999 5248 quanditr
1039 5180 1175 5234 vixit
1222 5177 1514 5240 Zacharias
1566 5178 1903 5248 intelligens,

2037 5165 2212 5234 rpedit
2226 5165 2430 5229 dicere,
2448 5165 2772 5222 temeritatis
2788 5176 2849 5222 et
2865 5169 3105 5225 audacia
3120 5171 3431 5226 mercedem
3442 5185 3572 5226 con-

352 5289 464 5342 μου
518 5271 646 5329 fecit
698 5282 977 5342 peccatum
1022 5274 1076 5327 iu
1129 5282 1420 5342 conspectu
1461 5271 1589 5334 Dei;
1640 5273 1905 5325 moriente

2037 5265 2215 5309 acutus
2245 5263 2348 5319 est,
2373 5264 2519 5310 utea
2540 5255 2800 5324 iubeatur
2829 5258 3013 5314 dicere
3037 5270 3159 5331 qute
3186 5261 3574 5332 prophetiam

347 5364 618 5433 Zacharia
657 5362 947 5418 declinavit
984 5378 1017 5416 ιι
1050 5360 1311 5426 Domino,
1346 5362 1436 5417 ubi
1479 5360 1765 5431 imperavit
1802 5373 1900 5428 po-
1994 5343 2234 5404 ηοιειηιο
2273 5346 2487 5417 1125
2515 5346 2652 5413 Quia
2692 5356 2874 5402 amem
2903 5355 3340 5422 comparavimus
3377 5353 3569 5411 Isaiam

407 5485 455 5518 ”
476 5482 523 5538 II
540 5480 716 5537 Paral.
750 5493 889 5544 xxvi,
916 5479 967 5543 4,
995 5478 1078 5533 l8.
1116 5476 1163 5509 “
1189 5475 1357 5531 Exod.
1385 5491 1442 5540 ιι,
1464 5475 1553 5530 23.
1593 5476 1637 5508 "
1658 5474 1816 5529 Rom.
1839 5486 1932 5538 vn,
1952 5444 2005 5539 δ,
2031 5473 2115 5527 l0.
2154 5471 2200 5503 ⁹⁶
2224 5469 2411 5524 Matth.
2442 5485 2563 5533 xxv,
2585 5451 2681 5534 27;
2704 5466 2835 5522 Luc.
2858 5482 2965 5531 xix,
2986 5466 3076 5523 23.
3116 5467 3160 5499 "
3189 5468 3358 5523 Exod.
3383 5484 3456 5533 tv,
3480 5470 3568 5527 ιδ.

2011 5589 2219 5644 terduut
2245 5605 2276 5643 a
2307 5586 2573 5642 veteribus
2617 5583 2893 5654 theologis,
2922 5580 3270 5653 TcrluIIiano,
3303 5583 3567 5657 Cyprium

415 5597 528 5661 (96)
555 5596 732 5650 Codex
776 5595 1137 5658 Turonensis,
1185 5595 1562 5656 remissionem,
1596 5592 1681 5645 alii
1719 5593 1901 5645 rentis-
2011 5592 2210 5667 terdunt

415 5684 457 5714 νη
488 5682 506 5714 ,ο
538 5666 747 5714 remissa
787 5674 962 5714 autem
998 5680 1094 5714 nro
1140 5663 1454 5714 remissione
1496 5672 1783 5714 nan-natur
1814 5661 1900 5713 in-
2010 5669 2058 5714 et
2095 5658 2210 5711 alus

2010 5674 2058 5712 CI
2095 5674 2229 5712 allIS.

342 5684 457 5731 μανι
488 5682 506 5718 :
538 5666 747 5717 remissa
787 5674 962 5717 autem
998 5680 1094 5728 pro
1140 5663 1454 5717 remissione
1496 5672 1783 5731 usurpatur
1814 5661 1900 5713 in-
