4004 6182
397 295 502 358 9ζ›7

843 286 1336 350 ΤηΑΝςιΑτιῡ
1376 286 1882 348 IIOMILIABUM
1927 286 1961 341 (ἶ

2065 287 2300 346 GEle
2361 286 2439 345 IN
2486 286 2844 348 i’lSlONES
2885 288 3129 354 lSAlE.

3521 290 3627 356 958

401 431 456 474 et
478 419 716 490 Moysen,
763 431 1156 486 componamus
1193 424 1247 466 et
1279 414 1436 468 aliam
1471 415 1772 483 proximam
1815 430 1964 465 eom-
1997 419 2036 472 Α
2068 415 2268 466 attraxi
2302 416 2544 482 spiritum
2573 416 2613 467 ⁷.
2666 413 2787 467 ιιωο
2830 412 3049 482 quidem
3093 419 3313 481 propter
3354 413 3456 471 hoc
3481 416 3625 486 quod

406 511 744 579 parationem
771 505 925 562 Isaia:
947 517 1003 560 et
1036 506 1190 560 Jonas
1209 507 1274 558 ’⁸.
1307 505 1398 559 ille
1421 506 1654 558 mittitur
1679 505 1968 574 praulicare

401 601 736 655 eversionem
789 595 1044 652 Ninivitis
1091 604 1212 665 post
1259 604 1369 649 tres
1400 595 1536 661 dies,
1581 603 1633 648 et
1671 595 1814 663 piget
1842 609 1966 646 eum

405 688 670 756 proﬁcisci
717 687 990 741 nolentem
1040 699 1208 738 causa
1245 683 1514 737 malorum
1566 683 1822 738 civitatis.
1867 682 1968 736 Istc

402 795 530 836 vero
551 795 655 832 non
677 787 996 847 exspectans
1025 777 1153 848 quid
1186 776 1236 831 ei
1265 776 1619 844 imperaretur
1655 785 1714 827 ut
1743 775 1963 836 diceret,

401 872 475 928 ait
506 888 518 923 :
554 869 684 922 Ecce
710 884 804 938 ego
834 885 973 933 sum,
1008 869 1154 927 mitte
1182 884 1282 927 me.
1313 868 1518 927 Bonum
1553 874 1635 919 est
1662 879 1767 918 non
1795 865 1967 932 prosi-

405 961 500 1013 lire
523 959 588 1011 ad
611 973 705 1016 eas
732 973 852 1026 qua:
877 972 909 1011 a
938 957 1052 1011 D.-o
1073 965 1200 1011 sunt
1219 957 1508 1026 dignitates
1527 964 1579 1008 et
1606 953 1962 1022 principatus,

401 1059 455 1101 ct
488 1047 789 1108 ministeria
821 1047 932 1116 (97)
969 1046 1239 1109 Ecclesire,
1274 1048 1366 1102 sed
1406 1046 1604 1104 imitari
1638 1045 1877 1115 Moysen,
1915 1053 1967 1098 et

401 1139 578 1197 dicere
606 1152 728 1192 cum
760 1151 825 1190 eo
863 1155 876 1192 ε
914 1136 1132 1190 Proride
1175 1136 1339 1188 alium
1367 1152 1518 1204 quem
1550 1136 1750 1189 mittas.
1784 1133 1967 1204 Neque

399 1227 543 1278 enim
566 1226 630 1278 ad
653 1225 1015 1294 principatum
1041 1223 1295 1277 Ecclesiae
1323 1224 1467 1276 venit
1485 1222 1577 1291 qui
1604 1222 1806 1278 salvari
1831 1223 1962 1287 vult,

399 1327 453 1369 ct
486 1316 529 1369 si
561 1325 774 1384 praeest,
799 1317 890 1369 sed
929 1317 998 1368 ad
1027 1315 1340 1368 servitutem
1373 1313 1645 1379 Ecclesiae,
1688 1314 1734 1374 si
1759 1323 1966 1383 oportet

399 1409 579 1460 dicere
608 1415 662 1458 et
690 1407 755 1459 de
788 1405 1078 1474 Evangelio
1118 1423 1132 1458 :
1172 1404 1440 1474 Principes
1479 1406 1688 1474 quidem
1735 1407 1964 1475 gentium

400 1499 743 1555 dominantur
763 1499 860 1560 eis,
894 1507 944 1551 et
977 1498 1068 1566 qui
1091 1507 1397 1565 potestatem
1425 1496 1612 1550 habent
1644 1497 1825 1557 initiis
1854 1514 1965 1549 ma-

399 1590 652 1656 gistratus
699 1597 972 1643 vocantur.
1022 1587 1143 1641 Non
1183 1589 1262 1640 sic
1303 1600 1475 1642 autem
1518 1588 1616 1642 erit
1646 1587 1700 1639 in
1729 1587 1961 1651 vobis";

403 1694 500 1736 nec
542 1679 686 1735 enim
732 1679 1082 1733 dominantur
1115 1678 1389 1750 principes
1423 1678 1683 1744 iuvabis,
1731 1679 1826 1733 sed
1868 1678 1962 1747 qui

2069 507 2144 557 ait
2168 503 2362 559 Isaias:
2391 507 2518 558 licce
2551 522 2663 558 sum
2694 521 2808 574 ego,
2836 505 2980 557 mitts
3008 518 3108 557 me.

2135 596 2189 648 9..
2231 595 2516 649 Faciamus
2557 605 2736 660 autem
2771 610 2834 648 es
2883 602 3036 663 parte
3074 601 3130 648 et
3161 607 3286 648 cum
3319 608 3405 648 eo.
3449 593 3632 650 Voluit

2066 689 2208 740 cnim
2238 702 2361 741 cum
2392 688 2692 757 accepisset
2714 685 2824 755 jam
2847 687 3076 756 gratiam
3110 703 3140 741 a
3164 686 3294 749 Deo,
3321 703 3429 741 non
3457 687 3512 740 in
3535 704 3630 739 vas

2066 793 2226 831 cuum
2249 793 2368 830 eam
2392 777 2656 846 accipere,
2681 777 2774 830 sed
2799 776 2876 829 uti
2897 791 2960 829 ea
2984 775 3051 828 ad
3071 775 3403 830 necessaria.
3432 773 3632 828 V'idens
3717 839 3720 842 ,

2066 869 2358 937 seraphim,
2385 868 2571 922 videns
2598 867 2886 922 Dominum
2910 866 3146 940 Sabaoth
3170 867 3446 922 sedentem
3470 881 3632 934 super

2069 961 2324 1014 thronum
2365 960 2641 1013 excelsum
2673 967 2726 1012 et
2757 960 3043 1024 elevatum,
3093 958 3226 1012 dixit
3257 957 3417 1027 (vers.
3446 958 3501 1026 5)
3533 975 3544 1010 :
3587 955 3630 1010 0

2069 1050 2223 1101 miser
2246 1065 2358 1118 ego,
2391 1049 2637 1117 quoniam
2665 1057 3000 1116 compunctus
3025 1063 3162 1111 sunt,
3187 1047 3310 1117 quia
3337 1062 3454 1099 cum
3478 1048 3631 1100 homo

2065 1139 2186 1200 sim,
2232 1147 2280 1190 ct
2326 1137 2600 1189 immunda
2650 1136 2795 1188 labia
2846 1135 3090 1198 habeam,
3141 1135 3198 1186 in
3232 1133 3401 1188 medio
3431 1149 3632 1202 quoque

2065 1231 2242 1299 populi
2273 1230 2417 1282 labia
2453 1231 2723 1282 immunda
2753 1229 2989 1282 habentis
3025 1227 3274 1292 habitent,
3312 1242 3482 1296 regem
3520 1224 3633 1278 Do-

2068 1324 2267 1374 minum
2295 1320 2530 1375 Sabaoth
2561 1321 2667 1374 vidi
2701 1319 2866 1374 oculis
2895 1320 3046 1372 meis.
3076 1317 3190 1372 Hoc
3213 1318 3422 1378 dicens.
3457 1327 3511 1371 ct
3533 1317 3633 1370 tui—

2065 1428 2244 1466 scrum
2289 1426 2348 1466 se
2394 1410 2632 1472 faciens,
2681 1418 2918 1463 meretur
2957 1407 3252 1471 auxilium,
3301 1407 3634 1476 suscipiente

2066 1501 2178 1556 Deo
2223 1502 2583 1555 humilitatem
2633 1501 2774 1570 ejus.
2829 1499 2983 1565 Quod
3031 1509 3112 1555 est
3159 1489 3299 1553 istud
3327 1499 3635 1553 auxilium?

2065 1590 2242 1661 (νει-ε.
2262 1593 2315 1656 6,
2346 1591 2398 1660 7)
2431 1589 2624 1643 Missus
2649 1601 2747 1657 est,
2772 1592 2867 1654 ait,
2891 1591 2959 1644 ad
2996 1608 3073 1644 nte
3099 1607 3233 1643 unus
3259 1591 3322 1642 de
3348 1591 3632 1657 seraphin,

2063 1693 2111 1738 et
2155 1681 2372 1736 habebat
2421 1684 2474 1735 in
2520 1682 2717 1750 forcipe
2759 1681 3054 1748 carbonem,
3087 1699 3238 1751 quem
3279 1681 3531 1736 attulerat
3568 1681 3634 1735 de

403 1770 514 1823 vult
559 1779 795 1832 vestrum
849 1785 969 1827 esse
1019 1745 1214 1838 maior,
1261 1745 1365 1824 erit
1406 1769 1650 1826 omnium
1681 1745 1960 1824 minimus.
1995 1745 2036 1799 Β
2066 1770 2250 1836 altari,
2295 1781 2345 1824 et
2393 1745 2560 1841 tetigit
2602 1745 2746 1825 labia
2789 1788 2925 1838 mea,
2972 1745 3178 1824 ctdiicit
3207 1787 3226 1825 :
3260 1771 3392 1825 Ecce
3433 1771 3632 1826 abstuli

398 1860 502 1933 Qui
535 1862 651 1914 vult.
669 1875 788 1916 esse
816 1861 1050 1930 primus,
1073 1861 1177 1914 erit
1201 1861 1446 1915 omnium
1477 1861 1830 1915 novissimus.
1857 1859 1962 1926 Qui

400 1961 624 2006 vocatur
656 1967 786 2021 ergo
817 1953 882 2005 ad
921 1952 1313 2022 episcopatum,
1359 1965 1468 2005 non
1501 1950 1568 2005 ad
1599 1951 1960 2020 principatum

397 2053 644 2106 vocatur,
690 2042 783 2096 sed
818 2043 884 2095 ad
925 2042 1242 2097 servitutem
1276 2041 1444 2095 totius
1487 2040 1761 2096 Ecclesia.
1798 2039 1858 2094 Si
1883 2041 1964 2096 vis

397 2132 619 2187 credere
655 2131 722 2187 de
756 2130 1072 2202 Scripturis,
1120 2133 1245 2202 quia
1287 2132 1344 2193 in
1391 2131 1630 2190 Ecclesia
1671 2147 1858 2186 servus
1894 2132 1964 2191 sit

399 2224 641 2281 omnium
672 2225 764 2295 qui
807 2233 1020 2294 praest,
1059 2225 1283 2286 suadeat
1327 2223 1424 2285 tibi
1473 2224 1587 2293 ipse
1629 2222 1874 2278 Salvator
1913 2235 1963 2278 et

403 2317 681 2382 llontinus,
727 2317 818 2386 qui
865 2317 988 2378 talis
1038 2325 1330 2382 tantusque
1374 2313 1548 2371 lactus
1589 2315 1752 2368 estin
1787 2315 1964 2368 medio

399 2409 814 2478 discipulorum,
845 2423 952 2461 non
983 2409 1142 2476 quasi
1161 2405 1532 2470 discumbens,
1559 2406 1652 2460 sed
1682 2406 1835 2474 quasi
1865 2404 1964 2458 mi-

401 2503 657 2560 nistrans.
701 2499 988 2567 Accipiens
1015 2498 1156 2553 enim
1192 2498 1413 2551 linteum
1448 2505 1735 2566 postquam
1768 2505 1964 2551 exutus

399 2597 481 2644 est
521 2589 881 2651 vestimentis,
913 2586 1194 2657 pnecinxit
1237 2600 1316 2649 se,
1351 2593 1406 2638 et
1434 2585 1654 2638 mittens
1679 2599 1876 2652 aquam
1909 2583 1961 2636 in

401 2679 592 2746 pelvim
625 2677 789 2746 cmpit
824 2677 1007 2732 lavare
1045 2675 1208 2743 pedes
1248 2673 1661 2742 discipulorum,
1696 2685 1750 2727 et
1784 2672 1964 2726 deter-

399 2783 524 2841 gere
563 2769 728 2825 linteo
773 2781 884 2837 quo
926 2777 1043 2822 erat
1086 2765 1428 2836 praecinctus.
1461 2764 1524 2827 Et
1555 2767 1757 2825 docens
1775 2765 1963 2833 quales

399 2867 646 2928 oporteat
674 2875 793 2914 esse
821 2859 1093 2928 principes
1131 2866 1386 2927 tanquam
1421 2872 1630 2917 servos.
1673 2857 1750 2914 ait
1789 2874 1804 2910 :
1863 2855 1962 2915 Vas

401 2953 595 3008 uocatis
633 2967 712 3004 me
743 2949 1060 3020 Magistrum
1099 2958 1146 3004 et
1187 2949 1486 3008 Dominum,
1521 2957 1570 3001 et
1609 2949 1731 3000 bene
1757 2948 1960 3014 dicitis,

400 3057 516 3094 sunt
543 3041 754 3094 etenim.
790 3039 850 3096 Si
873 3054 993 3108 ergo
1024 3036 1277 3093 Dominus
1307 3047 1354 3090 et
1385 3035 1640 3105 Magister
1667 3048 1834 3090 vester
1859 3037 1963 3090 lavi

398 3132 540 3184 vobis
565 3129 738 3198 pedes,
771 3137 822 3181 et
853 3145 940 3182 uos
966 3127 1159 3180 debetis
1189 3127 1503 3180 alterutrum
1537 3125 1716 3182 lauare
1743 3128 1894 3196 pedes
1921 3129 1958 3183 ⁸.

404 3220 461 3272 In
494 3215 806 3270 servitutem
843 3216 1005 3284 igitur
1044 3224 1270 3268 vocatur
1318 3214 1570 3270 Ecclesia?
1599 3216 1869 3286 princeps,
1904 3227 1962 3271 ut

398 3307 570 3380 possit
603 3321 669 3361 ex
696 3307 953 3361 servitute
981 3306 1084 3360 ista
1114 3305 1191 3359 ire
1222 3305 1288 3359 ad
1320 3306 1518 3360 solium
1550 3308 1791 3371 cmleste,
1821 3309 1962 3367 sicut

399 3381 658 3467 scriptum
685 3408 769 3452 est
794 3413 810 3449 :
839 3396 1100 3452 Sedebitis
1129 3413 1284 3465 super
1311 3398 1523 3451 thronos
1551 3398 1847 3461 duodecim,
1870 3399 1962 3466 ju-

398 3492 628 3543 dicantes
657 3489 930 3543 duodecim
961 3488 1129 3543 tribus
1151 3487 1324 3544 Israel
1343 3491 1386 3542 ‘.
1415 3489 1554 3542 Audi
1584 3505 1709 3543 vero
1736 3498 1790 3544 et
1822 3489 1963 3542 Pau—

401 3582 508 3634 lum
540 3591 647 3638 tam
682 3581 1005 3652 praclarum
1041 3580 1218 3633 virum
1266 3579 1554 3645 dicentem,
1604 3580 1732 3648 quia
1771 3594 1962 3635 servus

400 3671 562 3728 fuerit
594 3673 836 3727 omnium
873 3672 1231 3726 credentium.
1265 3669 1377 3740 Ego
1404 3688 1542 3736 sum,
1578 3671 1674 3738 ait,
1714 3673 1960 3730 minimus

398 3762 792 3831 apostolorum;
821 3777 922 3815 non
953 3778 1066 3815 sunt
1093 3762 1281 3832 dignus
1311 3763 1485 3816 uocari
1518 3764 1808 3832 apostolus,
1836 3764 1963 3839 quia

396 3851 694 3922 persecutus
743 3870 861 3906 sunt
907 3852 1199 3908 Ecclesium
1243 3853 1340 3913 Dei
1363 3854 1403 3908 ³.
1437 3853 1608 3908 Porro
1641 3854 1686 3909 si
1717 3855 1822 3910 hoc
1852 3869 1960 3908 non

398 3946 610 4000 videtur
647 3946 949 4014 approbare
975 3947 1287 4007 servitutem
1318 3947 1458 4015 ejus,
1489 3946 1586 4001 sed
1620 3955 1831 4001 tantum
1862 3947 1964 4000 hu-

398 4033 705 4096 militatem,
729 4031 856 4092 audi
877 4048 1000 4089 eum
1026 4033 1293 4088 dicentem
1317 4053 1330 4086 :
1365 4033 1520 4087 Facti
1549 4051 1729 4089 sumus
1755 4037 1962 4104 parvuli

396 4123 454 4179 in
488 4122 660 4182 medio
703 4131 954 4186 uestrum,
1002 4124 1160 4192 quasi
1189 4126 1369 4177 nutrix
1417 4126 1586 4192 foveat
1629 4127 1771 4194 filios
1817 4143 1960 4192 suos,

396 4227 516 4267 cum
546 4227 814 4280 possemus
842 4228 1026 4282 graues
1048 4229 1178 4278 esse,
1209 4226 1266 4268 ut
1296 4213 1492 4269 Christi
1519 4217 1802 4285 apostoli".
1837 4215 1964 4270 lmi-

399 4312 600 4357 tatorcs
624 4318 752 4373 ergo
782 4319 882 4358 nos
927 4319 1048 4360 esse
1091 4305 1304 4373 expedit
1339 4307 1625 4360 humilium
1655 4309 1824 4380 ipsius
1855 4307 1954 4361 Do-

2065 1864 2368 1933 iniquitates
2400 1875 2520 1922 tuas
2545 1875 2593 1918 et
2624 1874 2840 1932 peccata
2880 1873 2970 1921 tua
3016 1864 3463 1932 circumpurgavi.
3486 1863 3634 1916 Con-

2063 1965 2282 2011 secutus
2317 1964 2399 2010 est
2438 1955 2782 2021 benelicium,
2813 1956 3053 2011 mundus
3073 1955 3318 2021 allectus,
3349 1968 3404 2010 et
3437 1957 3631 2011 remis-

2065 2049 2273 2102 sionem
2303 2049 2574 2117 accipiens
2598 2058 2958 2117 peccatorum.
2991 2048 3126 2102 Cum
3158 2051 3400 2104 audisset
3427 2069 3440 2104 :
3467 2051 3632 2114 Quem

2065 2139 2272 2190 mittam
2300 2140 2368 2191 ad
2398 2138 2668 2208 populum,
2711 2149 2760 2193 et
2781 2140 2898 2209 quis
2930 2139 3026 2193 ibit
3053 2140 3246 2195 nobis?
3275 2158 3382 2194 non
3416 2152 3635 2210 propter

2065 2227 2300 2295 priorem
2331 2228 2722 2285 conscientiam
2758 2245 2928 2284 ausus
2962 2228 3064 2287 fuit
3094 2231 3276 2284 dicere
3309 2248 3324 2283 :
3354 2230 3486 2283 Ecce
3515 2247 3630 2300 ego,

2067 2321 2214 2374 mitte
2240 2337 2339 2384 me,
2375 2321 2470 2374 scd
2497 2320 2587 2373 ubi
2618 2321 2865 2380 audierat
2892 2339 2906 2374 :
2938 2319 3071 2377 Ecce
3101 2319 3296 2374 abstuli
3327 2321 3631 2390 iniquitates

2065 2420 2200 2461 tuas.
2229 2407 2394 2479 Igitur
2420 2411 2546 2478 quia
2571 2411 2741 2463 sancti
2769 2419 3229 2479 eompunguntnr,
3259 2420 3314 2464 et
3341 2412 3633 2480 requiritur

2066 2501 2206 2554 inter
2230 2499 2444 2572 Moysen
2466 2503 2755 2566 etlsaiam,
2787 2500 3186 2557 satisfaciamus
3219 2518 3316 2571 pro
3344 2502 3546 2573 Moyse;
3577 2516 3632 2558 et

2063 2594 2228 2650 etiam
2260 2608 2358 2660 pro
2374 2590 2737 2656 lsaia,dantes
2758 2592 2905 2646 etcis
3016 2592 3084 2648 de
3187 2592 3484 2664 Scriptnris
3509 2612 3630 2648 sor—

2067 2695 2171 2738 tem
2197 2701 2372 2739 suam.
2403 2684 2616 2755 Moyses
2649 2700 2756 2739 non
2791 2694 3000 2756 accepit
3034 2687 3409 2742 remissionem
3440 2703 3632 2755 pecta-

2067 2786 2266 2837 torum,
2293 2786 2349 2827 ut
2373 2775 2574 2830 dict-ret
2597 2775 2750 2844 quasi
2771 2775 2882 2845 jam
2913 2777 3167 2832 conscius
3199 2793 3257 2832 se
3286 2779 3632 2844 nunnlatum,

2074 2867 2220 2920 Mitte
2265 2883 2366 2929 me,
2419 2876 2635 2936 propter
2665 2860 2808 2935 quod
2842 2868 2916 2922 ait
2951 2887 2964 2922 :
2994 2867 3221 2922 Provide
3272 2869 3437 2921 alium
3479 2886 3632 2939 quem

2065 2959 2268 3021 mittas,
2303 2958 2534 3011 habebat
2569 2958 2710 3011 enim
2749 2960 2800 3012 in
2831 2959 3160 3012 conscientia
3201 2959 3630 3018 interfectionem

1991 3068 2031 3123 ς
2065 3048 2339 3118 x’Egyptii;
2385 3048 2521 3102 forte
2559 3061 2737 3102 autem
2783 3059 2841 3102 ut
2871 3049 3034 3102 homo
3073 3049 3278 3104 Sciebat
3306 3067 3364 3103 se
3397 3062 3448 3103 t-t
3479 3067 3629 3120 qua:-

2065 3139 2188 3191 dam
2241 3138 2346 3191 alia
2391 3137 2592 3192 habere
2630 3148 2870 3206 peccata,
2917 3151 3195 3207 propterea
3247 3149 3480 3194 recusat.
3529 3140 3632 3194 Isto

2065 3239 2243 3280 autem
2297 3243 2402 3280 non
2448 3228 2605 3295 quasi
2641 3240 2830 3282 natura
2870 3229 3052 3297 justus
3107 3231 3341 3296 postulat
3385 3230 3632 3285 ruinisth

2064 3318 2227 3380 rium,
2256 3317 2348 3369 sed
2373 3318 2526 3386 quasi
2559 3319 2787 3385 gratiam
2823 3329 3171 3374 consecutus.
3210 3319 3299 3374 Sit:
3331 3331 3385 3375 et
3419 3320 3628 3392 Moyses

2064 3408 2106 3461 si
2139 3407 2372 3460 similem
2416 3407 2640 3475 gratiam
2681 3409 3024 3476 percepisset.
3057 3411 3405 3480 audissetque
3440 3431 3452 3466 :
3497 3413 3630 3466 Ecce

2062 3497 2257 3551 abstuli
2297 3497 2598 3566 iniquitates
2655 3509 2807 3562 tuas;
2857 3509 2910 3552 et
2958 3501 3059 3553 hoc
3099 3518 3112 3553 :
3165 3501 3629 3557 Ciratntmundari

2060 3598 2272 3656 peccata
2301 3599 2412 3653 tua,
2447 3605 2722 3656 nunquam
2753 3589 2889 3643 forte
2911 3591 3136 3644 dixisset
3165 3611 3178 3644 :
3208 3591 3432 3646 Provide
3460 3595 3628 3647 alium

2063 3693 2212 3745 quem
2243 3679 2444 3728 mittas.
2476 3675 2645 3729 liabet
2673 3693 2799 3746 ergo
2829 3681 3030 3748 aliquid
3064 3683 3311 3749 rationis,
3338 3693 3391 3736 et
3415 3683 3626 3754 Hnyses

2064 3784 2343 3832 recusans,
2375 3779 2426 3821 ct
2461 3769 2631 3824 lsaias
2657 3771 2844 3824 dict-ns
2869 3790 2881 3824 :
2912 3770 3040 3824 Ecce
3066 3789 3156 3840 ego
3185 3789 3325 3835 situt,
3349 3778 3497 3827 mitte
3523 3793 3622 3836 me.

2124 3853 2336 3929 1127
2361 3853 2534 3907 3.Sed
2555 3853 2835 3910 videamus
2857 3871 2920 3910 ea
2935 3856 3098 3914 etiam
3119 3872 3240 3925 qua:
3259 3859 3501 3927 pra-cipit
3530 3862 3629 3912 lto.

2053 3946 2231 3999 minns
2255 3955 2315 3999 ut
2337 3944 2538 4014 populo
2562 3946 2802 4000 diceret:
2841 3947 3002 4010 Vade,
3024 3957 3074 4002 et
3095 3950 3180 4002 die
3200 3951 3394 4017 papula
3426 3967 3444 4004 :
3486 3955 3626 4006 Aure

2055 4038 2302 4097 audietis,
2319 4045 2369 4092 et
2390 4053 2494 4098 non
2507 4037 2830 4106 intelligetis,
2859 4048 2908 4093 et
2936 4041 3165 4095 videntes
3183 4041 3428 4102 cernetis,
3449 4053 3500 4095 et
3523 4060 3626 4096 non

2061 4122 2324 4185 uidebitis,
2375 4121 2743 4176 Incrassatunt
2769 4133 2844 4176 est
2881 4125 3020 4178 enim
3045 4139 3134 4176 cor
3159 4127 3337 4194 popwi
3371 4129 3551 4196 hujus,
3574 4141 3627 4194 et

2062 4214 2282 4267 auribus
2303 4215 2533 4284 graviter
2562 4214 2868 4279 audierunt,
2911 4224 2960 4268 et
2988 4216 3166 4274 oculos
3189 4217 3509 4283 clauserunt,
3541 4237 3625 4274 ne:

2060 4306 2268 4372 quando
2311 4305 2520 4360 uideant
2551 4307 2739 4369 oculis,
2771 4317 2824 4360 et
2858 4308 3075 4370 auribus
3108 4311 3352 4373 audiant,
3389 4322 3440 4366 et
3469 4315 3624 4366 cordo

395 4391 526 4445 mitti
561 4405 878 4448 sermonum
903 4403 1069 4464 atque
1102 4391 1394 4459 factorum,
1423 4403 1477 4449 et
1495 4396 1723 4462 apostoli
1749 4397 1889 4465 eius,
1911 4407 1967 4452 ct
1987 4393 2028 4449 υ
2057 4395 2372 4465 intelligant,
2395 4407 2445 4450 et
2487 4390 2855 4454 conuertantur
2873 4440 2888 4466 ,
2922 4410 2971 4457 et
2998 4401 3191 4460 saluom
3217 4419 3336 4468 eos;
3372 4404 3628 4472 bifariam

397 4485 576 4538 lacere
599 4483 750 4555 quod
774 4485 984 4546 tactum
999 4496 1080 4541 est
1111 4486 1324 4566 1126
1346 4502 1376 4539 a
1408 4485 1613 4557 Moyse,
1635 4497 1694 4542 ut
1733 4489 1965 4543 etiamsi

399 4585 626 4636 vocatur
646 4577 843 4644 aliquis
860 4577 924 4628 ad
949 4579 1312 4643 principatum
1333 4579 1476 4632 dicat
1514 4595 1531 4634 :
1562 4577 1780 4634 Proride
1799 4582 1965 4636 aliaat

395 4675 544 4726 quem
572 4659 772 4715 mittas.
806 4658 914 4714 Deo
945 4659 1075 4714 dicit
1104 4679 1118 4714 :
1154 4660 1272 4714 Non
1303 4679 1419 4720 sum
1465 4664 1656 4732 dignus
1694 4675 1813 4718 ante
1845 4665 1956 4718 heri

394 4761 440 4801 et
469 4750 869 4803 nudiustertius.
906 4749 1080 4809 Exilis
1116 4751 1254 4807 uocis
1289 4768 1425 4816 sum,
1468 4763 1516 4806 et
1559 4755 1894 4824 tardilinguis
1911 4755 1952 4809 ³.

399 4838 461 4901 ΕΙ.
493 4841 624 4907 quia
665 4837 774 4893 Deo
814 4839 951 4894 dixit
991 4841 1268 4894 humiliter
1299 4860 1312 4892 ι
1355 4840 1529 4895 Exilis
1562 4845 1699 4896 vocis
1734 4860 1871 4908 sum,
1908 4853 1958 4899 et

398 4930 766 4999 turdilinguis,
793 4931 944 4984 audit
982 4947 1012 4985 a
1042 4929 1151 4984 Deo
1181 4949 1193 4984 :
1219 4930 1348 4994 Quis
1377 4933 1515 4990 dedit
1555 4949 1624 4995 ps
1662 4936 1884 4998 homini,
1909 4946 1958 4990 et

395 5017 510 5090 quis
555 5017 676 5086 fecit
717 5018 936 5072 surdum
982 5029 1029 5071 et
1077 5026 1303 5081 mutum,
1352 5017 1603 5074 videntem
1641 5029 1688 5072 et
1720 5022 1958 5080 cmcum.’

400 5105 584 5162 Nonne
607 5123 701 5175 ego
734 5107 983 5162 Dominus
1016 5107 1152 5161 Deus
1178 5108 1236 5161 °?
1262 5108 1433 5164 Crede
1455 5109 1582 5174 Deo,
1615 5125 1870 5164 consecra
1905 5122 1956 5168 te

395 5196 468 5252 ei.
497 5193 645 5252 Licet
671 5198 895 5260 subtilis
931 5198 1080 5259 vocis
1118 5199 1196 5253 sis
1238 5198 1511 5268 tardaeque
1548 5200 1763 5268 lingua),
1805 5205 1954 5259 trade.

399 5293 450 5340 te
491 5287 726 5343 sermoni
768 5285 882 5339 Dei.
922 5286 1078 5341 Dices
1125 5297 1308 5355 postea
1339 5301 1353 5339 :
1386 5286 1457 5341 0s
1492 5303 1657 5340 meum
1697 5294 1878 5359 aperui
1901 5303 1950 5346 ct

465 5446 510 5478 ’⁸
539 5449 663 5504 Jon.
691 5465 727 5503 ι.

397 5501 416 5539 '~
441 5513 607 5570 Exod.
641 5501 725 5584 iv,
748 5522 830 5573 ιο.
892 5501 1064 5575 quia.
1089 5501 1219 5577 "ti."
1238 5501 1280 5551 ἶ
1289 5501 1876 5603 uitta-.1313;f3":

471 5651 578 5721 (97)
619 5653 769 5716 Mss,
802 5656 1121 5718 ministeria;
1154 5655 1303 5720 editi,
1340 5661 1604 5724 mysteria.

542 5887 582 5901 σο

2059 4487 2238 4542 sciens
2281 4490 2550 4543 sermonis
2591 4489 2946 4556 auditionem,
2981 4499 3038 4546 et
3073 4494 3342 4562 duplicem
3391 4511 3630 4557 noscens

2060 4579 2538 4647 constitutionem,
2594 4583 2696 4634 hoc
2744 4593 2826 4637 est
2869 4585 3014 4641 aliud
3071 4601 3258 4640 eorum
3321 4590 3620 4660 emptu-ale,

2061 4669 2204 4723 aliud
2229 4671 2490 4739 spiritale,
2526 4681 2620 4725 aut
2649 4674 2713 4727 ad
2744 4677 2999 4743 populum
3033 4679 3413 4747 prophetisans
3437 4679 3504 4732 de
3536 4679 3622 4744 his

2062 4771 2182 4825 quae
2215 4757 2270 4810 in
2318 4758 2548 4814 adventu
2589 4759 2792 4815 ﬂltristi
2851 4763 3030 4824 futura
3078 4774 3258 4830 erant,
3302 4765 3428 4832 quia
3477 4778 3628 4835 esset

2061 4853 2276 4914 tempus
2323 4849 2542 4916 quando
2573 4850 2840 4916 audirent,
2896 4863 2949 4906 et
2992 4868 3097 4905 non
3133 4853 3490 4920 intelligerent
3531 4869 3628 4921 ea,

2061 4934 2117 4988 Si
2152 4937 2366 5004 quidem
2401 4953 2525 4992 cum
2571 4941 2823 5013 audirent
2872 4943 3160 5005 Dominum
3215 4958 3393 4997 meum
3432 4943 3630 5011 .lcsntn,

2056 5025 2356 5095 Christum,
2411 5045 2600 5084 vocem
2655 5039 2865 5091 tantum
2918 5031 3187 5087 dictorum
3219 5032 3457 5098 audiere,
3510 5049 3628 5098 not;

2055 5131 2298 5172 sensum.
2329 5117 2398 5172 Et.
2421 5119 2524 5178 hoc
2542 5134 2608 5174 es
2636 5135 2702 5175 eo
2731 5120 3072 5176 manifestum
3099 5113 3210 5192 Est,
3236 5122 3362 5191 quia
3394 5123 3525 5179 foris
3547 5123 3622 5188 ad

2057 5210 2316 5278 populum
2352 5210 2404 5262 in
2436 5210 2710 5280 parabolis
2740 5211 3060 5280 loquebatur
3086 5229 3108 5279 ;,
3130 5212 3410 5288 discipulis
3435 5223 3620 5281 autem

2057 5308 2267 5352 secreto
2319 5297 2648 5360 dissolvebat
2704 5315 2818 5359 eas.
2889 5301 3181 5372 PrOphctat
3225 5311 3404 5362 autem
3470 5303 3618 5372 quod

842 5450 1049 5534 "ll-suc:
1088 5453 1340 5534 stringit,
1363 5453 1452 5534 2_6.
1525 5455 1540 5486 ⁸
1572 5454 1739 5534 ,Ιοξιηἒ
1760 5476 1882 5534 stu,
1919 5462 1997 5527 I3,
2025 5464 2110 5520 Η.
2181 5465 2201 5498 ⁸
2232 5462 2418 5519 Matth.
2443 5481 2557 5532 XIX,
2588 5467 2680 5530 28.
2745 5467 2765 5498 ³
2794 5465 2814 5520 l
2842 5466 2969 5528 Cor.
2995 5482 3082 5532 xv,
3150 5468 3170 5496 "
3199 5465 3216 5517 ι
3243 5464 3436 5521 Thess.
3466 5477 3528 5534 tt,
3556 5461 3615 5525 Ἰ.
