4004 6182
344 340 453 405 959

1510 322 1574 382 S.
1607 315 1921 381 EUSEBII
1962 310 2373 376 HIERONYM
2380 309 2409 370 Ι

3476 302 3590 366 960

331 430 563 513 evenit:
592 455 732 510 Aure
750 451 1054 521 audietis,et
1083 464 1185 504 non
1210 446 1537 517 intelligetis.
1567 444 1740 500 Porro
1763 439 1907 513 quod
1937 441 1984 499 Α
2011 434 2086 491 cit
2122 432 2379 489 Salomon
2408 448 2424 486 :
2460 427 2562 485 Pes
2599 404 2723 521 titus
2763 441 2870 483 non
2908 424 3139 521 agenda
3173 421 3238 478 “.
3276 420 3352 477 De
3380 419 3584 519 quibus

351 548 419 601 de
449 548 678 601 adventu
727 541 938 597 Domini
989 541 1093 595 hoc
1150 540 1221 594 sit
1267 538 1466 607 popqu
1501 534 1907 605 prophetatum,

350 638 472 705 ipse
501 634 752 688 Salvator
773 632 904 687 dicit
930 648 944 685 :
968 613 1106 683 Bene
1130 625 1452 697 propltctavit
1481 625 1544 677 de
1564 622 1707 677 vobis
1735 620 1910 674 Isaias

352 725 593 794 inquiens
625 740 643 778 :
672 726 811 777 Aure
848 721 1099 784 audietis,
1153 726 1202 772 et
1235 733 1335 771 non
1369 715 1669 785 intelligetis
1690 715 1736 768 ³.
1770 712 1914 767 Con-

352 815 611 869 eedamus
651 828 779 884 ergo
804 812 932 882 quia
964 823 1245 864 sermones
1274 806 1486 861 Domini
1546 804 1774 876 populus
1812 820 1915 858 au-

358 906 604 961 srultans
616 918 715 959 nos
731 905 927 973 poterit
958 916 1117 956 nosse
1148 915 1269 971 qua:
1291 900 1433 954 dicta
1455 900 1587 953 sint.
1625 897 1915 953 Videamus

354 1003 533 1049 autem
560 994 689 1062 quid
711 994 781 1049 sit
797 995 899 1049 hoc
927 994 1072 1064 quod
1101 994 1346 1063 sequitur
1382 1011 1395 1047 :
1437 992 1505 1046 Et
1523 993 1750 1046 videntes
1781 992 1916 1045 ride-

355 1084 499 1147 bitis,
519 1094 567 1137 et
592 1100 694 1137 non
719 1085 917 1139 scietis.
941 1083 1057 1139 Non
1083 1084 1265 1153 siquis
1282 1083 1414 1137 vidit
1443 1098 1506 1137 ea
1532 1098 1652 1152 quae
1669 1083 1915 1137 Salvator

352 1174 605 1234 faciebat.
653 1175 839 1229 statim
873 1176 1062 1232 videns
1103 1175 1280 1245 potuit
1322 1176 1620 1244 intelligere
1656 1191 1752 1229 cur
1774 1173 1915 1229 facta

354 1269 481 1323 sint.
523 1266 691 1322 Veluti
729 1267 1055 1338 (exemplum
1098 1266 1461 1337 assumamus)
1491 1267 1621 1320 lavit
1651 1267 1813 1335 pedes
1836 1266 1918 1319 di-

354 1360 686 1428 scipulorum
729 1374 744 1412 :
785 1368 840 1415 et
885 1360 1140 1414 videbant
1195 1360 1412 1429 quidem
1469 1359 1605 1412 bene
1648 1358 1918 1428 quomodo

354 1449 572 1503 lavabat
613 1450 778 1519 pedes
810 1449 1068 1519 Magister
1110 1450 1430 1519 discipulis;
1459 1449 1709 1522 videbant
1738 1457 1915 1503 autem

352 1548 410 1594 et
433 1540 525 1594 alii
552 1541 646 1609 qui
678 1550 833 1594 erant
869 1548 1162 1610 praesentes
1182 1582 1197 1608 ,
1220 1539 1315 1595 sed
1348 1540 1400 1594 id
1431 1548 1638 1594 tantum
1662 1540 1805 1609 quod
1827 1541 1922 1594 lie-

352 1633 469 1700 bat,
518 1648 630 1687 non
685 1634 848 1687 etiam
884 1649 983 1687 cur
1022 1632 1202 1689 ﬂebat.
1238 1631 1543 1687 Similitudo
1574 1634 1771 1703 quippe
1807 1641 1922 1688 erat

350 1723 554 1777 lavatio
602 1723 819 1791 pedum,
871 1737 977 1793 qua
1009 1724 1139 1777 lavit
1171 1723 1403 1778 Verbum
1443 1724 1535 1779 Dei
1568 1727 1725 1794 pedes
1755 1724 1922 1779 disci-

353 1812 630 1882 pulorum.
690 1812 894 1869 Idcirco
942 1815 1018 1870 ait
1070 1815 1316 1870 Salvator
1345 1817 1413 1869 ad
1451 1825 1793 1871 recusantem
1825 1815 1924 1871 Pe-

354 1913 499 1958 trum
522 1946 537 1968 ,
580 1915 635 1960 et
666 1906 932 1961 dicentem
972 1925 986 1963 :
1024 1905 1149 1960 Non
1180 1906 1379 1961 lavabis
1407 1906 1567 1974 pedes-
1589 1923 1748 1961 meos.
1782 1906 1922 1973 Quid

354 1997 474 2052 ait?
502 1998 655 2064 Quod
698 2016 789 2070 ego
822 2001 995 2069 facio,
1045 2009 1100 2053 tu
1150 1999 1313 2052 nescis
1359 2000 1531 2062 modo,
1576 2000 1706 2053 scies
1749 2010 1923 2053 autem

355 2099 539 2158 postea
561 2091 603 2145 ’.
636 2090 781 2156 Quid
800 2103 983 2146 autem
1020 2089 1391 2145 facis-modo?
1423 2090 1554 2144 dicit
1577 2088 1787 2145 Petrus.
1834 2089 1925 2145 Vi-

354 2178 460 2232 deo
493 2189 547 2234 te
589 2179 850 2233 lavantem
886 2180 1050 2249 pedes
1083 2189 1316 2240 nostros.
1350 2188 1402 2236 et
1436 2180 1632 2250 pelvim
1665 2181 1920 2250 positam,

357 2268 525 2322 linteo
558 2277 608 2324 te
630 2271 1001 2338 praecinctum,
1037 2282 1089 2326 et
1113 2272 1435 2327 servientem
1464 2272 1641 2335 nobis,
1665 2282 1718 2327 et
1740 2273 1922 2329 deler-

355 2367 572 2428 gentem
620 2360 782 2429 pedes
822 2369 1057 2416 nostros.
1112 2360 1306 2417 Verum
1336 2363 1462 2433 quia
1502 2377 1610 2417 non
1653 2372 1769 2419 erat
1822 2362 1925 2421 boc

363 2449 639 2520 negotium
663 2451 964 2520 corporale,
985 2450 1078 2506 sed
1106 2451 1376 2521 spiritale,
1412 2452 1659 2507 Salvator
1687 2454 1923 2509 nudatus

360 2539 534 2593 mittit
577 2539 873 2607 spiritalem
908 2553 1103 2610 aquam
1133 2540 1187 2594 ιιι
1218 2541 1415 2611 pelvim
1440 2543 1736 2596 secundum
1772 2540 1923 2597 Scri-

359 2640 570 2702 pturas,
596 2631 810 2686 etlavat
831 2634 995 2701 pedes
1021 2632 1414 2702 discipulorum
1443 2647 1693 2696 suorum,
1712 2642 1776 2687 ut
1799 2647 1923 2688 cum

361 2723 550 2779 mundi
580 2721 805 2787 fuerint,
840 2723 1135 2778 ascendant
1178 2723 1245 2778 ad
1295 2723 1560 2778 dicentem
1594 2741 1606 2777 :
1640 2722 1753 2792 Ego
1807 2738 1924 2776 sum

356 2812 448 2867 oio
471 2812 545 2877 ⁸⁶;
593 2821 646 2867 et
694 2827 801 2867 non
836 2812 977 2882 pleni
1009 2814 1247 2882 pulvere,
1284 2829 1444 2883 quem
1477 2822 1729 2869 excutere
1759 2813 1927 2869 voluit

363 2918 529 2972 super
569 2903 852 2972 indignos,
888 2913 942 2958 et
976 2919 1087 2957 non
1121 2905 1474 2973 suscipientes
1502 2920 1711 2974 pacem,
1750 2920 1927 2974 neque

357 2980 556 3065 dignos
595 3008 784 3047 eorum
818 3009 939 3063 quas
986 2995 1322 3049 dicebantur.
1375 2996 1443 3049 Et
1495 2995 1622 3064 quia
1663 2995 1766 3048 hoc
1813 3000 1929 3047 erat

364 3088 510 3157 quod
539 3088 964 3154 signiﬁcabatur,
987 3089 1110 3143 ideo
1129 3092 1203 3144 ait
1228 3107 1244 3145 :
1269 3091 1312 3159 1
1327 3092 1486 3162 128
1502 3090 1757 3163 Quodego
1775 3093 1935 3162 facio,
1955 3131 1997 3189 ο

371 3188 431 3229 tu
461 3178 631 3233 nescis
646 3179 821 3242 modo,
842 3179 972 3231 scies
1000 3180 1174 3232 autem
1196 3179 1446 3246 postea“.
1473 3178 1600 3235 Erat
1622 3188 1804 3235 autem
1836 3180 1939 3235 hoc

371 3271 517 3337 quod
561 3280 615 3324 et
663 3269 885 3338 reliquis
921 3269 1120 3325 dictum
1167 3280 1250 3326 est
1289 3288 1303 3325 :
1345 3268 1481 3336 Quia
1520 3287 1607 3324 vos
1635 3271 1830 3324 vocatis
1858 3287 1939 3324 me

375 3361 687 3431 Magistrum
711 3369 758 3414 et
795 3360 1094 3424 Dominum,
1126 3371 1173 3416 et
1195 3360 1319 3416 bene
1347 3362 1536 3416 dicitis.
1569 3359 1695 3416 Sum
1727 3363 1936 3417 etenim.

372 3447 435 3502 Si
463 3448 624 3519 igitur
651 3465 742 3519 ego
775 3449 1023 3503 Dominus
1047 3460 1094 3504 et
1120 3450 1365 3521 Magister
1398 3451 1503 3504 lavi
1532 3452 1682 3520 pedes
1720 3459 1932 3513 vestros,

372 3545 427 3589 et
458 3553 547 3590 vos
575 3539 765 3592 debetis
813 3539 1030 3592 invicem
1077 3538 1257 3594 lavare
1296 3542 1359 3593 ".
1395 3541 1535 3609 Ergo
1561 3541 1665 3595 hoc
1704 3541 1834 3594 dicit
1876 3549 1937 3594 ut

368 3625 658 3694 episcopus
686 3628 905 3681 mittens
932 3643 1121 3696 aquam
1147 3628 1199 3681 in
1231 3630 1445 3697 pelvim,
1481 3639 1536 3683 et
1560 3638 1753 3684 exutus
1780 3630 1937 3684 vesti-

363 3709 471 3764 bus
507 3708 644 3775 suis,
678 3716 734 3763 et
772 3708 1095 3778 praecinctus
1123 3708 1291 3771 linteo
1323 3723 1410 3763 me
1441 3710 1762 3764 extendente
1793 3709 1932 3762 lavet

367 3800 534 3869 pedes
555 3800 738 3855 meos?
770 3799 1047 3869 Siquidem
1083 3814 1201 3867 vos,
1232 3800 1429 3869 inquit,
1459 3799 1666 3855 debetis
1701 3799 1928 3853 invicem

363 3890 551 3945 lavare
582 3891 743 3960 pedes
777 3898 1006 3945 vestros.
1047 3889 1104 3944 Si
1150 3890 1253 3944 hoc
1282 3899 1366 3943 est
1408 3889 1552 3958 quod
1583 3890 1805 3951 dicitur,
1836 3903 1932 3942 ne-

367 3998 460 4039 mo
490 3993 730 4040 vestrum
771 3985 1085 4039 mandatum
1119 3984 1378 4041 servabit.
1427 3982 1596 4040 Nemo
1625 3984 1769 4038 enim
1810 3984 1932 4053 qui-

366 4075 687 4144 buscunque
722 4075 1063 4130 venientibus
1099 4088 1386 4130 assumens
1417 4076 1638 4129 linteum
1670 4075 1930 4130 diaconus

366 4166 454 4221 vel
505 4166 804 4236 presbyter,
861 4165 976 4219 sive
1017 4167 1305 4234 episcopus
1348 4165 1493 4220 lavat
1524 4165 1706 4234 pedes.
1741 4164 1847 4219 Sed
1885 4163 1931 4219 si

370 4256 640 4325 intelligas
678 4270 741 4310 ea
779 4270 901 4325 qua:
940 4254 1139 4324 scripta
1169 4263 1324 4320 sunt,
1355 4257 1447 4324 qui
1484 4266 1610 4310 vere
1635 4254 1777 4309 beati
1807 4262 1933 4311 sunt

367 4347 605 4416 episcopi
657 4347 956 4403 servientes
1006 4344 1261 4401 Ecclesia:
1289 4386 1305 4414 ,
1356 4346 1577 4400 mittunt
1620 4360 1816 4414 aquam
1864 4345 1932 4401 de

371 4438 671 4508 Scriptnris
710 4439 765 4491 in
820 4438 1013 4507 pelvim
1049 4439 1274 4504 animas,
1320 4439 1463 4508 quod
1518 4446 1601 4492 est
1634 4438 1930 4492 secundum

2013 535 2067 582 et
2092 527 2146 580 in
2180 523 2410 579 Psalmis
2452 519 2716 591 scriptum
2763 525 2848 574 est
2889 535 2904 571 :
2942 515 3049 570 Mei
3095 522 3272 569 autem
3300 529 3428 583 pene
3453 513 3583 565 moti

2009 622 2132 669 sunt
2150 613 2301 684 pedes
2329 612 2394 664 η.
2421 608 2624 671 Verum
2652 617 2707 662 et
2732 621 2854 676 quae
2887 604 3295 660 constituuntur
3320 601 3501 654 viduas
3528 598 3584 650 in

2011 706 2266 763 Ecclesiis
2294 722 2309 760 :
2342 702 2403 759 Si
2447 712 2772 766 mactarunt,
2817 697 3015 768 inquit,
3058 696 3213 765 pedes
3244 693 3463 749 tavit“.
3522 689 3585 745 Si

2012 806 2192 852 autem
2236 796 2321 849 vis
2367 792 2610 863 apertius
2652 787 2845 843 audire
2895 784 3171 856 quomodo
3228 783 3386 837 vidua
3437 780 3586 834 lavat

2011 897 2323 944 sanctorum
2349 884 2514 954 pedes
2537 923 2553 949 ,
2583 879 2711 934 audi
2745 877 2973 932 Paulum
3005 875 3063 929 in
3088 873 3195 929 alio
3226 872 3351 927 loco
3377 869 3585 925 constiv

2013 987 2253 1034 tuentem
2283 973 2484 1036 viduis,
2524 979 2580 1025 et
2621 969 2888 1024 dicentem
2913 983 2929 1020 :
2956 964 3105 1047 Bene,
3134 964 3376 1017 docentes
3405 969 3464 1012 at
3484 975 3586 1027 pu-

2012 1068 2162 1121 dicas
2188 1060 2411 1135 eﬂiciant
2448 1056 2869 1115 adolescentulas
2891 1053 2936 1086 "
2952 1093 2968 1120 ,
3002 1052 3247 1106 lavantes
3275 1048 3466 1103 sordes
3487 1060 3586 1114 pe-

2015 1160 2143 1215 dum
2181 1153 2617 1226 juveneularum.
2672 1147 2739 1201 Et
2769 1147 2886 1202 istae
2920 1145 3097 1199 vidua:
3132 1142 3308 1211 digna:
3338 1149 3467 1193 sunt
3490 1151 3587 1190 ec-

2016 1247 2321 1305 clesiastico
2344 1246 2571 1309 honore,
2599 1251 2938 1312 quaecunque
2964 1243 3278 1291 sanctorum
3310 1230 3475 1303 pedes
3507 1228 3589 1281 la-

2014 1350 2143 1396 vant
2159 1349 2410 1397 sermone
2425 1334 2684 1405 spiritalis
2704 1330 2984 1394 doctrinas,
3001 1334 3314 1383 sanctorum
3330 1334 3461 1376 vero
3474 1332 3585 1373 non

2016 1428 2382 1485 masculorum
2407 1465 2423 1491 ,
2454 1425 2547 1478 sed
2568 1421 2878 1477 mulierum.
2907 1416 3111 1470 Docere
3129 1413 3273 1467 enim
3303 1409 3584 1466 mulierem

2019 1536 2126 1576 non
2148 1517 2431 1590 permittit,
2459 1528 2633 1585 neque
2648 1508 2942 1583 principari
2956 1506 3092 1562 viro.
3112 1502 3239 1559 Vult
3253 1516 3378 1556 esse
3398 1499 3591 1553 mulie-

2018 1627 2108 1667 res
2119 1611 2258 1665 bene
2277 1609 2554 1673 docentes,
2570 1614 2632 1660 ut
2653 1604 2721 1658 ad
2736 1602 3042 1657 castitatem
3052 1596 3315 1653 suadeant
3327 1609 3434 1649 non
3454 1591 3584 1647 ado-

2020 1696 2306 1763 lescentes,
2328 1695 2422 1751 sed
2453 1691 2924 1756 adolescentulos;
2960 1687 3221 1742 indecens
3247 1683 3450 1753 quippe
3478 1688 3587 1746 est,

1954 1797 1995 1853 Β
2024 1797 2086 1844 ιιι
2115 1788 2308 1842 mulier
2337 1787 2595 1856 magistra
2630 1783 2733 1837 viri
2760 1782 2890 1847 ﬁat;
2922 1779 3016 1835 sed
3047 1787 3105 1833 ut
3131 1778 3435 1833 castitatem
3462 1788 3594 1828 sua—

2024 1880 2190 1934 deant
2236 1873 2693 1941 adolescentulis,
2742 1881 2797 1926 et
2850 1885 3036 1926 amare
3086 1868 3237 1923 viros
3282 1876 3338 1922 et
3389 1865 3593 1931 liberos

2022 1982 2177 2024 suos.
2232 1946 2685 2032 Discamus‘ergo
2733 1962 2916 2015 lavare
2959 1959 3122 2029 pedes
3170 1954 3584 2024 discipulorum.

2020 2058 2126 2116 ista
2160 2068 2381 2129 propter
2406 2058 2509 2112 hoc
2538 2056 2682 2110 dicta
2728 2063 2856 2109 sunt
2902 2069 2920 2106 :
2976 2049 3220 2105 Videntes
3249 2046 3512 2110 videbitis,
3537 2050 3591 2099 et

2022 2164 2127 2206 non
2176 2152 2378 2205 scietis.
2433 2147 2701 2217 Quoniam
2748 2145 2797 2201 si
2844 2144 2973 2215 quid
3018 2143 3184 2198 ﬂebat
3211 2156 3243 2196 a
3277 2139 3591 2203 Salvatore,

2020 2242 2091 2296 ab
2138 2240 2223 2296 bis
2273 2239 2492 2310 quidem
2543 2237 2635 2307 qui
2677 2251 2793 2291 non
2848 2233 3255 2304 intelligebant,
3305 2229 3594 2285 videbatur

2018 2332 2173 2403 juxta
2195 2345 2414 2401 corpus,
2437 2344 2544 2383 non
2558 2327 2858 2403 _videbatur
2875 2326 3031 2395 iuxta
3058 2323 3325 2379 rationem
3349 2337 3367 2384 ;
3409 2320 3480 2373 ab
3506 2318 3594 2373 bis

2011 2437 2143 2478 vero
2153 2419 2248 2490 qui
2266 2414 2658 2485 intelligebant,
2672 2410 2959 2465 videbatur
2971 2408 3186 2480 quidem
3205 2408 3247 2476 1
3258 2404 3590 2475 129justa

2017 2514 2232 2574 oculos.
2256 2508 2543 2566 videbatur
2567 2504 2994 2571 autemetjuxta
3018 2500 3351 2555 intellectum
3375 2516 3392 2563 ;
3424 2497 3498 2550 ita
3526 2504 3591 2550 ut

2022 2618 2132 2658 non
2161 2601 2524 2671 compleretur
2570 2610 2735 2665 super
2778 2594 2936 2649 beate
2993 2592 3265 2654 videntes,
3311 2589 3419 2642 hoc
3441 2585 3589 2655 quod

2023 2695 2225 2751 dictum
2259 2700 2386 2748 est:
2428 2689 2673 2745 Videntes
2704 2683 2968 2748 uidebitis,
3013 2692 3063 2736 et
3112 2696 3220 2735 non
3253 2678 3451 2741 scietis,
3493 2672 3588 2730 sed

2023 2802 2188 2858 super
2212 2793 2544 2857 peccatores.
2576 2780 2682 2835 Sed
2708 2785 2763 2833 et
2789 2784 2987 2832 cuncta
3014 2771 3434 2842 Evangeliorum
3463 2782 3590 2823 ore-

2024 2893 2149 2934 mus
2181 2874 2422 2930 videntes
2445 2870 2732 2941 dupliciter
2762 2870 2941 2923 videre
2962 2907 2979 2932 ,
3015 2863 3287 2934 quomodo
3317 2859 3459 2917 facta
3480 2858 3591 2914 sint

2020 2970 2177 3040 juxta
2238 2977 2456 3033 corpus,
2517 2960 2735 3030 quando
2779 2958 3031 3012 Salvator
3084 2950 3475 3008 nosterw'enit
3521 2948 3589 3003 ad

2029 3069 2220 3114 terras.
2265 3054 2476 3109 Etenim
2511 3052 2808 3108 similitudo
2841 3056 2975 3111 erat,
3010 3052 3063 3100 et
3093 3054 3254 3116 typus
3281 3042 3587 3097 {utin-orum

2032 3146 2457 3216 unumquodque
2482 3144 2625 3213 quod
2654 3141 2814 3195 ﬂebat
2840 3140 2895 3194 iu
2925 3152 3173 3208 corpore.
3209 3134 3384 3189 Veluti
3408 3134 3591 3190 nescio

2029 3241 2154 3310 quis
2184 3253 2213 3291 a
2242 3236 2520 3290 nativitate
2555 3247 2737 3287 caecus
2770 3231 2943 3285 visum
2975 3227 3318 3298 recuperavit
3344 3226 3388 3258 "
3417 3243 3432 3279 :
3467 3237 3595 3279 vere

2030 3338 2207 3382 autem
2240 3342 2416 3381 caecus
2446 3326 2550 3378 iste
2572 3339 2603 3376 a
2634 3322 2911 3376 nativitate
2937 3327 3056 3374 erat
3090 3317 3370 3388 gentilium
3416 3329 3592 3385 popu-

2032 3419 2136 3478 lus.
2167 3418 2254 3471 cui
2286 3417 2534 3469 Salvator
2564 3413 2795 3469 reddidit
2823 3412 3023 3476 visum,
3057 3409 3228 3465 saliva
3257 3422 3357 3465 sua
3382 3418 3591 3476 turgens

2028 3509 2218 3563 oculos
2237 3508 2376 3575 ejus,
2400 3513 2454 3559 et
2480 3505 2693 3559 mittens
2713 3502 2781 3557 ad
2809 3500 3034 3563 Siloam,
3053 3499 3197 3570 quod
3210 3499 3594 3566 interpretatur

2030 3598 2239 3651 missus.
2288 3594 2532 3648 Mittebat
2580 3594 2779 3662 quippe
2810 3605 2913 3649 eos
2953 3603 3094 3658 quos
3120 3587 3312 3656 spiritu
3344 3585 3502 3639 unxit
3535 3591 3594 3637 nt

2028 3686 2328 3748 crederent,
2361 3684 2427 3738 ad
2460 3682 2684 3745 Siloam,
2714 3682 2769 3736 id
2806 3688 2893 3735 est
2927 3679 2996 3737 ad
3026 3677 3304 3747 apostolos
3332 3685 3386 3730 et
3420 3674 3594 3743 magi-

2029 3784 2195 3843 stros,
2220 3783 2438 3844 propter
2470 3774 2616 3843 quod
2646 3772 2910 3841 scriptum
2937 3778 3022 3826 est
3041 3770 3109 3825 de
3147 3767 3295 3833 Siloa
3316 3808 3332 3832 ,
3360 3767 3488 3836 quia
3512 3768 3595 3819 in-

2031 3874 2346 3936 terpretatur
2360 3865 2549 3919 missus
2578 3866 2640 3918 ".
2672 3862 2737 3918 Et
2758 3863 3190 3932 quotiescunque
3214 3859 3508 3928 incipimus
3527 3858 3595 3911 ab

2027 3956 2158 4014 Jesu
2207 3957 2435 4022 visitari,
2465 3966 2524 4010 ut
2567 3955 2890 4024 recipiamus
2937 3954 3133 4008 animae
3166 3951 3377 4014 oculos,
3427 3949 3594 4003 mittit

2028 4063 2133 4104 nos
2166 4047 2235 4103 ad
2285 4047 2511 4113 Siloam,
2550 4046 2657 4100 hoc
2700 4054 2789 4100 est
2830 4043 3054 4099 missus.
3110 4041 3173 4097 Et
3219 4039 3595 4109 unusquisque

2028 4153 2159 4210 ergo
2192 4147 2438 4194 nostrum
2467 4136 2685 4207 quando
2710 4133 2839 4206 legit
2866 4149 2933 4189 ea
2954 4148 3079 4205 quae
3106 4132 3163 4186 in
3187 4130 3497 4200 Evangeliis
3516 4128 3594 4182 fs-

2029 4237 2117 4283 cta
2143 4235 2289 4291 sunt,
2314 4234 2434 4282 oret
2458 4241 2526 4282 ne
2549 4223 2711 4278 etiam
2738 4223 2793 4277 in
2824 4237 2885 4278 se
2911 4220 3248 4290 compleatur
3283 4236 3298 4272 :
3353 4214 3593 4271 Videam

2031 4318 2294 4382 videbitis,
2331 4325 2382 4371 et
2404 4330 2509 4369 non
2528 4314 2726 4369 scietis.

2102 4432 2155 4485 4.
2187 4430 2245 4485 Si
2269 4436 2481 4494 autem,
2516 4434 2574 4481 ut
2597 4425 2914 4480 existimant
2951 4422 3331 4493 simpliciores,
3362 4420 3453 4476 illa
3470 4432 3594 4489 qua

370 4528 704 4597 Scripturas,
753 4535 808 4581 et
855 4535 1064 4581 tentant
1098 4528 1294 4597 pedum
1331 4527 1719 4596 discipulorum
1743 4527 1933 4583 sordes
1965 4522 2007 4576 Ι)
2034 4521 2175 4577 facta
2212 4528 2340 4575 sunt
2367 4533 2475 4574 non
2505 4526 2725 4588 propter
2752 4530 2885 4582 nos,
2920 4515 3013 4570 sed
3052 4524 3274 4584 propter
3296 4526 3356 4568 se
3380 4519 3592 4567 tantum

316 4652 319 4655 ι
364 4620 589 4685 lavare,
625 4629 678 4674 et
707 4618 888 4674 eluere
911 4657 927 4681 ,
965 4627 1019 4673 et
1066 4619 1349 4689 projicere.
1404 4617 1470 4671 Et
1502 4619 1582 4674 sic
1618 4619 1933 4674 custodiunt

368 4711 610 4781 episcopi
644 4711 958 4765 mandatum
996 4710 1268 4762 imitantes
1297 4706 1503 4775 Jcsum,
1528 4710 1608 4764 sic
1631 4718 1685 4763 et
1710 4710 1930 4780 presby-

366 4802 495 4857 teri.
526 4800 743 4857 Utinam
769 4809 824 4856 et
843 4816 946 4872 ego
979 4799 1241 4868 accipiam
1269 4813 1413 4852 nunc
1433 4814 1627 4868 aquam
1658 4814 1776 4868 qute
1807 4815 1933 4869 pos-

369 4892 442 4947 sit
468 4893 664 4947 animaa
702 4900 893 4948 vestra:
924 4895 1086 4962 pedes
1117 4892 1321 4955 lavare,
1355 4898 1407 4945 et
1436 4891 1810 4960 unusquisque
1842 4907 1933 4947 ve-

369 4990 544 5037 strum
571 4979 717 5038 dicat
742 4998 865 5037 eum
893 4982 1054 5038 fuerit
1075 4981 1218 5036 lotus
1247 4999 1262 5035 :
1302 4977 1427 5034 Ldvi
1447 4979 1600 5048 pedes
1625 4995 1784 5044 meos,
1805 4996 1932 5052 quo-

372 5073 525 5127 modo
549 5072 832 5143 inquinabo
856 5073 980 5127 illos
1003 5074 1079 5127 “l
1130 5072 1243 5128 Hoc
1270 5073 1415 5128 enim
1452 5085 1653 5141 sponsa
1695 5071 1827 5125 dicit
1876 5069 1930 5127 in

371 5164 610 5223 Canticis
653 5165 1013 5227 canticorum,
1056 5180 1163 5219 non
1202 5163 1495 5219 ostendens
1522 5176 1812 5233 corporeos
1834 5177 1930 5234 pe-

369 5254 467 5311 des
496 5255 656 5318 lotos,
688 5256 785 5310 sed
808 5255 971 5324 pedes
995 5270 1105 5309 non
1140 5254 1491 5309 odendentes.
1529 5251 1602 5308 De
1624 5250 1824 5324 quibus
1846 5252 1931 5308 di-

2032 4612 2175 4669 l‘acta
2201 4620 2348 4677 sunt,
2373 4620 2428 4667 et
2457 4626 2565 4665 non
2593 4616 2749 4664 erant
2776 4607 3023 4677 exempla
3049 4607 3272 4660 alterius
3297 4604 3398 4669 rei,
3427 4615 3595 4671 expc.

2042 4715 2174 4771 nant
2197 4717 2357 4774 quem
2381 4701 2486 4756 hoc
2508 4699 2651 4771 quod
2677 4699 2880 4753 dictum
2899 4708 2982 4753 est
3006 4716 3020 4751 :
3057 4695 3296 4750 Videntes
3328 4692 3592 4755 videbitis,

2031 4806 2079 4851 et
2109 4810 2211 4849 non
2238 4794 2414 4848 scietis
2435 4833 2449 4858 ,
2474 4791 2675 4848 habeat
2716 4804 2961 4845 sensum.
3000 4786 3135 4843 Nam
3163 4786 3209 4840 si
3236 4799 3346 4840 non
3375 4798 3438 4838 ea
3471 4797 3593 4852 qua:

2031 4885 2351 4941 videbantur
2389 4883 2659 4938 habebant
2691 4883 2923 4952 aliquem
2956 4893 3177 4934 sensum
3206 4882 3496 4940 secretum,
3533 4881 3593 4927 ut

2032 4995 2156 5037 cum
2185 4977 2493 5034 carnalibus
2518 4976 2690 5030 oculis
2726 4976 2888 5030 etiam
2922 4971 3234 5041 spiritaliter
3260 4968 3591 5037 inspiceren-

2031 5081 2143 5133 tur,
2191 5082 2466 5137 nunquam
2504 5066 2728 5121 dixisset
2763 5082 2776 5118 :
2818 5062 3060 5116 Videntes
3090 5057 3353 5124 uidebitis,
3400 5062 3451 5109 et
3485 5068 3588 5105 non

2034 5163 2230 5218 scietis.
2262 5159 2341 5213 Ad
2378 5156 2819 5227 approbationem
2849 5162 3028 5206 autem
3058 5152 3252 5204 horum
3283 5144 3392 5217 (98)
3417 5151 3473 5199 et
3504 5142 3587 5195 al-

2036 5253 2206 5310 terius
2230 5247 2415 5316 scripti
2448 5246 2513 5300 de
2534 5243 2823 5314 Evangelia
2841 5239 3206 5297 testimonium
3228 5234 3587 5304 proferemus,

444 5395 464 5426 ⁸
490 5392 678 5446 Matth.
725 5407 845 5456 xm,
892 5391 991 5452 id;
1026 5408 1114 5457 xv,
1181 5394 1231 5447 7.
1305 5393 1327 5423 ’
1365 5392 1522 5446 Joan.
1557 5408 1675 5457 xm,
1706 5395 1758 5459 7,
1786 5396 1839 5446 8.
1917 5395 1960 5427 “
2033 5395 2211 5448 Joan.«
2254 5403 2364 5455 xtv,
2418 5387 2472 5441 6.
2538 5386 2591 5459 ff
2625 5383 2954 5459 Joa_n.__xm,
2987 5381 3056 5459 8._
3118 5378 3159 5459 ξ’
3195 5375 3347 5459 ἰδῇς...
3382 5374 3472 5437 l3,

374 5465 419 5525 υ
448 5462 607 5520 Cant.
666 5478 699 5514 v
723 5502 737 5525 ,
774 5462 825 5515 5.

377 5524 417 5563 ⁸⁸
446 5533 603 5595 ibitl.,
628 5533 679 5586 7.

905 5461 950 5494 “
971 5445 1130 5518 Prov.
1188 5479 1267 5528 Ill,
1307 5463 1397 5517 £3.
1476 5463 1518 5493 ¹⁸
1553 5445 1693 5517 Psal.
1744 5445 1919 5526 txxn,

2021 5445 2194 5516 ,"i'sl
2245 5445 2387 5513 Tini.
2444 5471 2498 5520 ν,
2532 5453 2616 5511 to.
2693 5455 2736 5486 ιτ
2769 5452 2873 5508 'l‘it.
2923 5466 2982 5516 ιι,
3025 5450 3078 5515 5,
3115 5448 3170 5503 ι.
3246 5445 3467 5500 ιιιοειιι.
3507 5456 3586 5509 ιχ,

445 5688 557 5756 (98)
598 5695 676 5746 Ad
711 5692 1136 5764 approbationem
1167 5702 1341 5746 antem
1376 5678 1601 5759 horum,
1643 5703 1745 5749 etc.
1781 5693 1909 5749 Vide
1937 5692 2302 5758 prmfationem
2336 5699 2574 5744 nostram
2612 5684 2679 5740 ad
2714 5695 2843 5738 wm.
2878 5679 2941 5747 ll,
2983 5694 3105 5750 pag.
3136 5693 3212 5733 ιι.
