3966 6176
430 268 532 334 961

899 265 1381 329 TliANSLATlO
1417 262 1919 324 liOMlLlARUM
1963 262 2331 324 ORIGENIS
2376 264 2452 323 IN
2492 264 2860 325 VISIONES
2901 263 3147 326 ISAUE.

3541 264 3648 328 962

432 390 572 461 quod
619 386 775 457 juxta
814 403 910 444 eos
961 391 1055 458 qui
1108 397 1316 444 tantum
1366 388 1595 443 litteram
1651 397 1985 457 sequuntur,
2014 393 2057 448 Α
2089 400 2180 440 reo
2206 387 2367 442 corde
2403 389 2666 443 vocabulo
2700 390 2893 444 animae
2922 400 3119 446 nostra:
3146 390 3439 463 principale
3467 398 3641 449 nomi-

436 479 765 532 mendaetum
814 487 915 533 est.
954 479 1089 533 Dicit
1132 479 1378 533 Salvator
1410 489 1463 533 et
1500 477 1760 532 Dominus
1801 486 1986 531 noster

434 569 498 622 ad
521 568 816 637 discipulos
848 569 901 622 in
936 568 1229 639 Evangelio
1263 570 1557 624 secundum
1584 566 1846 621 Joannem
1877 585 1891 621 :
1923 565 1984 620 Si

427 654 778 721 credideritis,
816 673 915 709 non
941 658 1108 711 solum
1134 675 1249 727 qua:
1273 675 1363 727 ego
1391 658 1531 725 facio
1552 656 1796 725 facietis;
1821 654 1909 709 sed
1934 664 1983 708 et

427 745 632 814 majora
668 746 850 800 horum
879 748 1084 816 facietis
1119 751 1183 801 ¹⁰.
1223 748 1513 804 Videamus
1538 763 1666 819 ergo
1700 747 1745 802 si
1778 747 1982 815 majOra

425 837 606 907 aliqua
652 836 874 894 fecerint
928 840 1197 910 discipuli.
1255 839 1393 907 Quid
1455 840 1630 909 majus
1683 848 1765 893 est
1819 853 1980 907 quam

426 939 700 983 mortuum
750 930 1053 985 suscitare?
1088 929 1221 996 Quis
1259 947 1367 987 non
1404 931 1528 993 dico
1570 939 1838 991 nostrum,
1888 926 1981 982 sed

421 1017 788 1085 apostolorum
819 1030 1089 1073 mortuum
1124 1021 1443 1076 suscitavit?
1470 1018 1650 1073 Refert
1682 1017 1905 1071 historia
1937 1016 1979 1046 ¹¹

420 1106 548 1174 quia
582 1106 782 1163 Paulus
805 1106 1103 1181 Eutychum
1141 1110 1547 1166 resuscitaverit
1583 1125 1612 1163 a
1644 1106 1895 1169 mortuis.
1926 1114 1982 1161 et

422 1194 615 1251 Petrus
648 1195 931 1250 Tabitham
973 1213 1094 1267 qua}
1125 1199 1504 1268 interpretatur
1547 1199 1746 1251 Dorcas
1782 1197 1847 1250 ²².
1878 1194 1979 1251 ista

421 1295 599 1340 autem
635 1298 689 1342 et
732 1288 834 1342 alia
887 1288 1192 1345 istiusmodi
1252 1289 1479 1342 inveniri
1527 1296 1754 1357 possunt
1811 1303 1824 1339 :
1889 1284 1980 1338 ubi

419 1385 546 1430 sunt
578 1378 831 1447 majora?
881 1377 989 1434 Sed
1035 1388 1088 1434 et
1122 1386 1305 1434 caecos
1345 1377 1591 1433 Salvator
1615 1375 1740 1431 fecit
1762 1389 1977 1428 rursum

420 1469 602 1521 videre
642 1469 707 1530 ⁸³,
758 1479 811 1523 et
858 1470 1002 1539 quod
1035 1470 1210 1538 majus
1237 1480 1336 1533 est,
1363 1484 1457 1524 eos
1483 1468 1577 1537 qui
1603 1468 1684 1522 sic
1717 1465 1824 1519 nati
1858 1463 1975 1518 fue-

420 1568 567 1612 runt.
613 1556 910 1613 Exhibeant
937 1575 1074 1629 quos
1102 1575 1272 1615 cmcos
1300 1559 1370 1614 ab
1395 1568 1548 1613 utero
1575 1556 1824 1612 manibus
1846 1565 1976 1621 apo-

417 1651 678 1706 stolorum
711 1660 927 1705 curatos
959 1651 1289 1720 aspexerint.
1334 1649 1399 1703 Et
1420 1650 1524 1704 alia
1554 1646 1759 1702 inﬁnita
1795 1649 1972 1713 potest

2083 485 2262 540 natur,
2295 487 2349 531 ut
2388 479 2729 534 manifestum
2773 489 2857 535 est
2897 496 2963 534 ex
2998 498 3063 535 eo
3086 483 3226 552 quod
3257 484 3310 536 in
3344 483 3633 554 Evangelm

2082 564 2278 619 dicitur
2338 584 2352 620 :
2406 565 2560 621 Beati
2612 571 2805 622 mundo
2858 571 3012 624 corde
3037 572 3102 621 ’⁸.
3162 570 3348 641 Neque
3398 574 3540 627 enim
3583 576 3638 629 hi

2082 655 2285 724 mundo
2313 657 2473 711 corde
2506 666 2652 723 sunt,
2679 660 2771 727 qui
2801 660 3143 729 sanguinem,
3173 664 3255 717 vel
3279 664 3639 734 quodcunque

2081 746 2321 801 materiae
2353 748 2651 816 corporalis
2695 750 3020 808 intrinsecus
3044 768 3152 807 non
3180 754 3396 809 habent.
3429 754 3532 810 Sed
3556 757 3637 811 di-

2081 844 2225 890 ctum
2271 847 2350 891 est
2388 856 2401 893 :
2436 839 2590 891 Beati
2630 841 2825 893 mundo
2875 844 3045 907 corde,
3102 858 3199 913 pro
3240 858 3305 897 eo
3353 845 3496 914 quod
3533 854 3635 907 est,

2081 925 2220 980 beati
2288 928 2380 997 qui
2458 930 2719 983 mundum
2790 931 2991 987 habent.
3056 933 3349 1003 principale
3420 935 3633 991 animm.

2080 1015 2382 1088 Principale
2433 1021 2748 1076 nominatur
2788 1037 2885 1092 pro
2926 1024 3105 1078 corde.
3152 1024 3417 1089 Quoniam
3474 1025 3638 1095 igitur

2080 1106 2373 1176 principale
2394 1109 2588 1163 anima:
2621 1121 2818 1166 nostra:
2846 1113 2990 1181 quod
3020 1126 3136 1167 esse
3167 1113 3362 1167 dicitur
3388 1116 3440 1167 in
3473 1116 3637 1169 corde

2079 1200 2478 1266 corporeo,sive
2503 1201 2762 1255 mundum
2788 1211 2978 1259 estcor
3003 1205 3636 1269 nostrum,siveimmun«

2078 1287 2204 1340 dum
2225 1304 2238 1353 ;
2272 1288 2609 1345 immundum
2623 1291 2839 1361 quidem
2859 1296 3076 1363 quando
3095 1295 3447 1364 cogitationes
3463 1297 3637 1364 pessis

2081 1394 2180 1431 mae
2210 1379 2561 1448 egrediuntur
2594 1397 2656 1436 ex
2683 1397 2768 1448 eo,
2797 1383 3113 1450 homicidia,
3146 1386 3428 1449 adulteria,
3471 1387 3633 1448 furta,

2076 1466 2271 1522 falsum
2310 1470 2676 1527 testimonium
2699 1513 2713 1537 ,
2748 1474 3133 1543 blasphemiae;
3167 1476 3428 1529 mundum
3454 1490 3635 1531 autem

2075 1562 2294 1628 quando
2321 1563 2676 1632 cogitationes
2704 1575 2924 1629 sanctae,
2955 1574 3010 1620 et
3041 1566 3345 1621 intellectus
3369 1567 3558 1641 divini,
3583 1580 3636 1620 et

2078 1666 2229 1705 mens
2275 1667 2442 1720 pura;
2477 1664 2693 1723 propter
2730 1654 2832 1710 hoc
2872 1656 3244 1710 arbitrandum
3277 1666 3359 1710 est
3391 1666 3637 1710 attenua-

418 1742 483 1794 de
516 1739 815 1808 Evangeliis
847 1742 1084 1795 invenire
1107 1741 1200 1810 qui
1228 1736 1457 1811 quaerit,
1490 1741 1617 1809 quia
1647 1752 1819 1808 neque
1849 1747 1979 1804 (ψο-
2011 1728 2049 1781 Β
2081 1749 2192 1795 tum
2218 1744 2433 1812 quidem
2463 1760 2582 1800 esse
2608 1746 2831 1811 dictum,
2864 1756 3198 1801 attenuatum
3229 1763 3259 1802 a
3286 1756 3473 1802 sancto
3505 1746 3630 1816 Spi-

416 1832 539 1887 stoli
566 1832 648 1885 his
681 1831 884 1900 majora
914 1830 1157 1897 fecerint,
1187 1847 1359 1901 neque
1388 1848 1574 1886 eorum
1607 1842 1970 1886 successores.

421 1919 614 1975 Verum
644 1936 823 1976 sermo
854 1920 1147 1989 Scriptura:
1186 1922 1291 1977 tale
1321 1922 1573 1991 quiddam
1602 1920 1814 1972 locutus
1842 1925 1924 1972 est
1956 1935 1969 1971 :

418 2014 503 2069 his
523 2028 643 2082 quae
680 2029 778 2081 ego
813 2014 914 2067 feci
946 2013 1338 2082 corporalibus,
1369 2028 1463 2067 vos
1500 2008 1704 2083 majora
1743 2003 1967 2065 facietis.

415 2101 527 2172 Ego
560 2102 663 2157 feci
706 2118 990 2172 resurgere
1042 2118 1109 2158 cx
1165 2102 1397 2156 mortuis
1448 2100 1826 2169 corporaliter,
1874 2112 1972 2151 vos

415 2206 695 2261 resurgere
722 2190 931 2248 facietis
957 2208 1023 2248 ex
1046 2192 1277 2248 mortuis
1303 2191 1634 2260 spiritaliter.
1671 2189 1780 2256 Ego
1814 2190 1971 2243 ca-cis

412 2284 673 2341 sensibile
707 2285 812 2339 hoc
863 2284 1043 2339 lumen
1075 2284 1268 2346 inludi,
1310 2298 1406 2337 vos
1453 2281 1749 2352 spiritalem
1795 2283 1968 2335 lucem

414 2390 518 2430 non
543 2376 849 2430 videntibus
878 2370 1095 2429 dabitis.
1146 2371 1325 2444 Usque
1355 2373 1421 2426 ad
1454 2374 1591 2426 hanc
1620 2382 1797 2426 autem
1828 2373 1968 2424 diem

415 2468 527 2522 huc
574 2467 777 2536 majora
808 2467 959 2537 signa
1008 2480 1038 2519 a
1088 2464 1458 2534 corporalibus
1482 2479 1603 2533 quae
1636 2462 1761 2517 fecit
1788 2460 1966 2527 Jesus,

407 2573 510 2627 ego
527 2559 684 2613 video
699 2555 814 2613 ﬁeri
835 2574 931 2629 per
951 2559 1298 2617 ﬁdelissimos
1310 2558 1442 2613 disci
1451 2558 1602 2628 pulos
1618 2558 1766 2613 .lesu.
1785 2560 1979 2614 Annon

410 2649 538 2706 caeci
573 2664 718 2705 nunc
749 2653 953 2717 vident,
991 2651 1204 2719 1130
1247 2660 1302 2707 et
1351 2650 1532 2707 claudi
1583 2650 1886 2723 ambulant,
1931 2662 1986 2705 et

408 2736 609 2806 leprosi
633 2737 985 2799 mandantur,
1016 2743 1070 2790 et
1103 2737 1309 2805 reliqua
1346 2733 1518 2827 ﬁunt?
1550 2733 1604 2787 Si
1641 2735 1684 2788 is
1716 2736 1807 2813 qui
1852 2735 1966 2789 heri

407 2829 711 2883 obcaecatus
744 2837 825 2881 est
851 2827 1111 2881 accedens
1151 2827 1215 2879 ad
1243 2825 1634 2895 idolum'quasi
1676 2828 1739 2879 al
1774 2826 1963 2891 Deum,

409 2918 565 2973 hodie
610 2917 823 2971 invocet
865 2915 1031 2969 Deum
1063 2917 1241 2971 vivum
1287 2917 1513 2986 pristina
1564 2917 1962 2986 derelinquens,

409 3017 587 3055 nonne
631 3002 812 3056 videt?
849 3002 1041 3055 Annon
1077 3003 1163 3071 qui
1201 3005 1315 3057 heri
1359 3004 1584 3058 claudus
1607 3014 1722 3058 erat
1748 3013 1965 3073 pr0pter
1990 3043 2034 3099 ο

407 3098 710 3157 peccatum,
764 3105 906 3144 nunc
956 3101 1172 3160 propter
1220 3091 1606 3161 discipulorum
1661 3094 1961 3147 doctrinam

405 3180 508 3234 iter
547 3195 733 3234 Verum
764 3180 988 3236 edoctus
1029 3181 1204 3236 stabili
1237 3182 1479 3251 graditur
1510 3182 1677 3256 pede?
1719 3183 1822 3250 Qui
1847 3184 1963 3238 heri

405 3269 612 3324 aridam
657 3271 887 3325 habebat
917 3288 1158 3336 manum,
1185 3284 1234 3325 et
1271 3272 1499 3327 otiosam
1526 3274 1591 3329 ad
1617 3274 1962 3330 benefacien-

405 3362 557 3426 dum,
589 3362 747 3417 hodie
783 3364 1048 3431 recipiens
1079 3382 1297 3421 manum
1326 3367 1488 3421 habet
1516 3382 1635 3421 eam
1661 3368 1763 3420 viv.
1782 3368 1965 3421 ntem?

407 3451 463 3509 Si
489 3453 690 3509 videris
725 3457 955 3525 aliquem
995 3458 1284 3532 pollutum,
1335 3467 1387 3513 et
1421 3458 1623 3526 lepram
1677 3458 1731 3511 in
1780 3458 1962 3513 anima

409 3543 688 3599 habentem
743 3548 922 3603 subito
971 3550 1249 3618 poznitere,
1296 3566 1359 3604 ac
1404 3550 1667 3604 doctrina:
1713 3564 1963 3604 sermone

403 3649 807 3708 compunctum,
842 3656 947 3695 non
979 3650 1031 3696 te
1052 3642 1231 3712 pigeat
1273 3644 1484 3707 dicere,
1527 3643 1656 3712 quia
1687 3644 1861 3712 majus
1892 3643 1963 3697 sit

408 3726 550 3785 hunc
579 3733 891 3801 spiritaliter
926 3734 1219 3803 leprosum,
1262 3749 1422 3803 quam
1453 3735 1739 3803 quemdam
1767 3748 1962 3787 carna-

405 3820 527 3876 liter
562 3824 727 3877 fuisse
772 3835 1079 3894 purgatum.
1118 3824 1182 3879 Et
1212 3827 1325 3880 haec
1347 3826 1562 3895 quidem
1608 3824 1807 3895 largius
1837 3838 1973 3903 pro-1

406 3915 545 3969 ludit
588 3916 785 3980 oratio,
838 3919 1060 3985 cupiens
1099 3918 1382 3972 ostendere
1416 3917 1543 3984 quid
1578 3917 1648 3971 sit
1685 3916 1787 3972 hoc
1816 3919 1958 3986 quod

403 4005 605 4060 dictum
631 4015 715 4059 est
739 4024 753 4060 ;
776 4006 842 4059 Et
869 4007 1093 4060 videntes
1128 4008 1363 4061 videbitis
1386 4046 1401 4071 ,
1429 4017 1478 4061 et
1506 4024 1607 4061 non
1635 4007 1957 4079 intelligetis.

470 4096 524 4150 5.
554 4095 683 4161 Qua:
711 4106 891 4150 autent
920 4113 1084 4152 causa
1131 4108 1213 4153 est
1256 4100 1560 4153 audientem
1604 4115 1712 4155 non
1757 4101 1958 4155 intelli-

403 4203 547 4257 gere,
586 4198 640 4243 et
664 4190 933 4244 videntem
967 4205 1073 4244 non
1106 4190 1315 4245 videre?
1350 4191 1714 4247 lncrassatum
1750 4204 1848 4257 est,
1877 4195 1962 4248 iu-

400 4278 539 4346 quit,
587 4292 675 4329 cor
718 4277 895 4346 pepuli
947 4279 1122 4347 hujus.
1163 4279 1439 4349 Siquidem
1481 4284 1845 4337 necessarium
1877 4292 1961 4337 est

2073 1834 2180 1886 ritu
2213 1831 2419 1902 1131
2443 1837 2558 1906 ejus
2576 1836 2668 1905 qui
2714 1838 2952 1891 salvatur
2997 1856 3013 1892 :
3056 1839 3414 1893 incrassatum
3449 1849 3630 1894 autem

2072 1930 2124 1975 et
2155 1921 2503 1989 praefocatum
2557 1941 2587 1979 a
2634 1928 2837 1980 malitia
2888 1928 3007 1997 ejus
3038 1930 3132 1999 qui
3165 1937 3370 1997 peccat.
3425 1928 3632 1984 Dicitur

2069 2007 2214 2062 enim
2243 2010 2307 2064 de
2342 2019 2528 2065 sancto
2572 2010 2772 2080 Spiritu
2814 2014 2907 2082 qui
2947 2024 3029 2068 est
3077 2013 3372 2068 secundum
3417 2016 3635 2081 sapien-

2075 2098 2229 2165 tiam,
2258 2099 2385 2169 quia
2414 2103 2483 2155 sit
2507 2104 2859 2171 multifarius,
2888 2104 3075 2170 tenuis,
3104 2104 3390 2169 mobilis",
3424 2114 3477 2157 et
3503 2104 3631 2172 quia

2069 2189 2251 2257 justus
2310 2192 2539 2261 accipiat
2594 2194 2738 2248 hunc
2791 2194 3044 2249 subtilem
3103 2195 3375 2265 spiritum.
3447 2194 3635 2249 Differt

2070 2281 2267 2348 quippe
2302 2280 2389 2336 hic
2438 2283 2662 2352 spiritus
2703 2287 2771 2338 ab
2802 2285 3053 2340 omnibus
3097 2285 3380 2354 spiritibus
3424 2286 3632 2339 intelle-

2068 2371 2336 2424 ctualibus
2356 2410 2371 2433 ,
2403 2373 2618 2427 mundis
2639 2414 2655 2439 ,
2704 2374 3012 2443 subtilibus.
3057 2373 3153 2429 Est
3182 2390 3312 2445 ergo
3336 2376 3631 2446 principale

2067 2462 2244 2517 cordis
2296 2469 2455 2516 tenue
2489 2463 2704 2533 quidem
2760 2466 2904 2534 quod
2958 2465 3200 2534 spiritale
3248 2476 3329 2522 est
3372 2484 3389 2520 ε
3431 2467 3631 2537 pingue

2042 2555 2243 2607 autem
2272 2554 2414 2622 quod
2453 2568 2518 2607 ex
2546 2550 2842 2624 corporalis
2877 2556 3115 2610 materiae
3153 2557 3284 2612 vitio
3312 2568 3625 2611 concretum

2065 2653 2148 2698 est
2172 2683 2186 2707 ,
2221 2645 2438 2715 plenum
2470 2647 2891 2713 cogitationibus
2920 2644 3313 2716 corporalibus,
3349 2664 3468 2716 qua:
3499 2656 3628 2701 sunt
3714 2686 3721 2692 .

2065 2732 2119 2787 in
2152 2735 2592 2803 reprehensione.
2637 2734 2725 2790 Sic
2754 2736 2952 2791 dicitur
2979 2754 2992 2789 :
3029 2734 3391 2791 Incrassatum
3429 2749 3504 2791 est
3536 2753 3629 2789 cor

2065 2825 2242 2893 populi
2286 2826 2459 2895 hujus.
2494 2828 2733 2895 intelligo
2772 2843 2837 2880 ex
2867 2842 2931 2882 co
2971 2828 3330 2882 inerassatum
3363 2828 3481 2889 esse
3508 2842 3623 2887 cor.

2065 2917 2192 2983 quia
2244 2916 2377 2970 nihil
2417 2918 2486 2971 sit
2521 2919 2571 2970 in
2627 2933 2692 2971 eo
2728 2929 2919 2988 praeter
2971 2919 3237 2973 humanas
3283 2928 3337 2972 et
3383 2917 3627 2973 carnales

2064 3007 2471 3063 Sollicitudines.
2530 3008 2813 3073 Quomodo
2880 3010 3023 3065 enim
3096 3010 3321 3065 materia
3382 3011 3626 3079 corporis

2066 3099 2280 3167 pinguis
2309 3111 2410 3166 est,
2445 3102 2630 3155 eodem
2662 3102 2820 3154 modo
2853 3102 3015 3156 etiam
3047 3101 3290 3171 corporei
3325 3100 3625 3156 intellectus

2063 3200 2115 3242 et
2146 3190 2516 3259 cogitationes.
2566 3191 2639 3245 Ex
2674 3209 2782 3262 quo
2832 3208 2952 3246 cum
2999 3192 3108 3246 duo
3143 3193 3318 3261 posita
3352 3192 3495 3254 sint,
3542 3192 3626 3245 in-

2064 3280 2296 3334 erassati
2328 3298 2422 3334 eor
2451 3298 2515 3335 ex
2548 3283 2896 3336 szecularilzus
2923 3282 3103 3347 curis,
3153 3294 3206 3336 et
3244 3281 3507 3336 attenuari
3556 3298 3625 3336 ex

2063 3372 2424 3425 sollicitudine
2454 3372 2702 3440 spiritali,
2737 3389 2856 3425 eum
2888 3373 3009 3440 quis
3037 3372 3237 3441 cogitat
3274 3388 3336 3427 ea
3371 3389 3491 3442 qua:
3517 3371 3625 3426 Do-

2063 3462 2196 3515 mini
2250 3473 2408 3527 suut,
2462 3464 2750 3532 p:ojiciens
2799 3463 3177 3532 pinguedinem
3218 3478 3284 3517 ex
3331 3465 3530 3530 corde,
3566 3471 3623 3517 et

2063 3553 2240 3608 sciens
2267 3554 2392 3621 quia
2428 3555 2473 3607 si
2520 3555 2880 3607 inci-assatum
2923 3553 3082 3607 fuerit
3126 3569 3221 3607 cor
3253 3552 3371 3621 ejus
3394 3593 3410 3619 ,
3450 3568 3625 3622 neque

2063 3644 2292 3714 accipiat
2326 3658 2605 3699 sermones
2643 3644 2769 3709 Dei,
2801 3660 2975 3713 neque
3011 3646 3189 3698 videat
3217 3644 3410 3698 salutis
3437 3658 3623 3698 sacra-

2065 3745 2243 3787 menta
2272 3750 2285 3784 :
2324 3735 2653 3803 deponanms
2680 3747 2731 3789 et
2760 3752 2858 3790 nos
2905 3736 3317 3789 crassitudinem
3340 3773 3355 3796 ,
3386 3744 3437 3788 et
3463 3750 3620 3788 assu-

2063 3839 2272 3876 mamus
2298 3838 2415 3875 eam
2450 3838 2568 3892 quae
2598 3823 2736 3876 dicta
2765 3834 2845 3877 est
2878 3823 3213 3888 tenuitatem,
3250 3836 3306 3876 ιιι
3334 3835 3387 3876 et
3413 3838 3512 3875 nos
3538 3822 3622 3873 di-

2062 3928 2249 3968 camus
2296 3914 2566 3983 qut;modo
2598 3911 2891 3982 Prophetes
2936 3902 2949 3964 Ξ
3012 3908 3190 3967 Sizivit
3238 3929 3291 3965 τη
3346 3922 3393 3965 te
3442 3913 3621 3966 anima

2062 4020 2174 4056 mea
2195 4044 2209 4069 ,
2242 4020 2394 4073 quam
2430 4003 2787 4073 multipliciter
2815 4004 2907 4057 tibi
2938 4021 3060 4056 caro
3088 4021 3220 4056 mea.
3257 4001 3320 4055 In
3353 4013 3491 4057 terra
3527 4006 3620 4058 dc-

2060 4108 2223 4160 serta,
2254 4095 2393 4148 invia
2424 4105 2470 4147 et
2498 4096 2773 4163 inaquosa,
2799 4095 2873 4146 sic
2904 4096 2955 4145 in
2980 4104 3161 4146 sancto
3193 4096 3415 4162 apparui
3440 4096 3617 4148 tibi":

2062 4203 2166 4241 non
2202 4188 2356 4256 quasi
2396 4198 2614 4241 sanctus
2660 4186 2849 4240 fuerint
2885 4185 3219 4249 naturaliter,
3248 4186 3339 4239 sed
3370 4186 3413 4239 si
3444 4188 3624 4241 carnis

2061 4276 2345 4345 p.udentia
2390 4276 2646 4338 tabescit,
2683 4284 2735 4328 et
2770 4276 2811 4329 si
2846 4275 3125 4343 prudentia
3160 4273 3337 4326 carnis
3361 4275 3621 4328 extabat--

400 4368 623 4439 intelligi
656 4379 709 4422 et
739 4372 841 4425 hoc
868 4372 1009 4424 unde
1036 4371 1145 4435 sit,
1192 4388 1296 4426 non
1329 4376 1516 4427 eadem
1545 4382 1627 4429 est
1658 4375 1958 4445 corporalis
1993 4365 2034 4419 D
2066 4367 2156 4431 rit,
2196 4376 2323 4422 tunc
2350 4367 2400 4419 in
2433 4376 2621 4421 sancto
2652 4368 2919 4434 appareto
2948 4365 3017 4417 ei.
3052 4362 3176 4418 llaec
3214 4366 3268 4417 in
3292 4365 3626 4435 explanatio-

400 4468 455 4515 et
476 4461 736 4529 spiritalis
768 4460 1033 4529 pinguedo
1060 4501 1074 4525 ,
1128 4478 1301 4531 neque
1328 4463 1515 4517 eadem
1546 4471 1627 4518 est
1662 4465 1958 4534 corporalis

402 4554 657 4618 tenuitas,
712 4562 767 4607 et
820 4554 1098 4622 spiritalis.
1155 4553 1364 4608 Etenim
1411 4556 1552 4624 quod
1607 4559 1960 4625 corporaliter

402 4661 646 4701 crassum
678 4654 801 4712 est,
836 4646 888 4699 in
925 4662 1088 4701 carne
1126 4646 1216 4712 ﬁt,
1268 4656 1319 4701 et
1353 4648 1487 4701 nihil
1522 4649 1649 4702 mihi
1689 4658 1960 4703 noettcor

400 4750 655 4791 carneum
686 4737 731 4790 si
758 4738 1088 4791 incrassetur
1113 4776 1129 4801 ,
1165 4754 1337 4807 neque
1367 4740 1580 4808 prodest
1613 4755 1643 4793 a
1677 4741 1958 4810 languore,

400 4825 485 4878 vel
536 4840 567 4879 a
620 4841 945 4896 quacunque
1004 4842 1167 4881 causa
1216 4836 1543 4882 attenuctur.
1600 4828 1727 4886 Tale
1776 4840 1956 4886 autem

397 4916 653 4970 existimo
702 4916 817 4971 ﬁeri
868 4932 963 4971 cor
1017 4933 1272 4971 carneum
1317 4933 1503 4972 eorum
1540 4920 1631 4987 qui
1671 4919 1958 4977 formidine

399 5009 765 5061 continentur.
838 5005 1123 5073 Quomodo
1187 5010 1329 5063 enim
1392 5011 1488 5063 toti
1544 5012 1829 5066 tabescunt
1890 5012 1958 5067 al)

399 5100 771 5170 aegrotatione,
823 5100 901 5155 sic
944 5100 1096 5154 aiunt
1138 5108 1188 5154 et
1219 5100 1670 5169 crassitudinem,
1713 5115 1765 5159 et
1797 5106 1956 5174 quid-

397 5192 529 5261 quid
574 5192 771 5260 pingue
821 5200 903 5247 est
954 5191 1096 5244 circa
1145 5206 1239 5245 cor
1266 5207 1453 5246 eorum
1488 5195 1790 5249 exzenuari.
1817 5196 1955 5262 Quid

397 5296 529 5352 ergo
574 5282 707 5336 mihi
754 5291 910 5336 nocet
950 5284 996 5337 si
1036 5283 1315 5350 corporale
1345 5297 1441 5338 cor
1476 5299 1654 5338 meum
1694 5286 1959 5342 inerasse-

399 5372 524 5426 tur?
561 5371 687 5428 Esto
714 5388 844 5428 Vero
873 5381 929 5427 et
970 5374 1237 5427 attenuari
1270 5388 1364 5429 cor
1396 5390 1595 5440 meum,
1645 5377 1773 5447 quid
1825 5377 1958 5431 mihi

397 5478 464 5516 ex
492 5462 597 5519 isto
642 5464 895 5533 prodest?
938 5461 1040 5519 Sed
1081 5479 1176 5519 eor
1214 5466 1580 5535 nuncupativo
1608 5481 1729 5520 cum
1760 5481 1958 5536 corpo-

468 5577 513 5608 ὀ
548 5574 703 5630 Joan.
744 5593 854 5642 xw,
884 5577 965 5630 l2.
1043 5581 1083 5610 "
1120 5578 1234 5632 Act.
1272 5594 1357 5632 xx.
1437 5580 1480 5608 "
1508 5579 1625 5635 Act.
1663 5595 1736 5635 ιχ.

672 5648 699 5663 ρ

676 5667 685 5675 ο

397 5659 536 5710 Lm,
578 5647 632 5713 2,
671 5648 722 5703 5.

1813 5581 1857 5611 ”
1878 5580 2064 5637 Matth.
2106 5593 2161 5632 ιι
2230 5576 2275 5609 ⁸⁵
2309 5573 2493 5627 Matth.
2547 5588 2595 5637 ν,
2623 5572 2676 5624 8.

2064 4475 2186 4513 nem
2236 4459 2352 4526 ejus
2404 4458 2546 4526 quod
2601 4446 2802 4511 dictnin
2853 4465 2933 4509 (δι
2965 4474 2978 4508 :
3014 4454 3374 4512 Incrassatum
3413 4468 3487 4512 est
3536 4473 3625 4510 cor

2060 4548 2236 4620 populi
2270 4547 2446 4617 hujus.

2134 4642 2186 4696 6.
2232 4640 2488 4708 Sequitur
2520 4647 2698 4692 autem
2735 4657 2748 4693 :
2790 4638 2853 4690 Et
2886 4640 3099 4693 auribus
3126 4640 3234 4692 suis
3258 4638 3486 4709 grauiter
3527 4656 3622 4691 au-

2065 4736 2296 4788 dierunt.
2327 4732 2468 4785 Nihil
2494 4732 2623 4784 mihi
2653 4741 2808 4785 nocet
2834 4731 2878 4784 si
2913 4732 3146 4801 graviter
3176 4733 3390 4783 audiam
3423 4746 3619 4799 corpoo

2067 4827 2280 4888 raliter,
2326 4839 2500 4893 neque
2545 4824 2643 4876 ista
2680 4823 2808 4875 mihi
2858 4836 3033 4893 causa.
3071 4821 3127 4873 ﬁt
3162 4830 3218 4873 ut
3247 4836 3355 4875 non
3403 4822 3621 4874 audiam

2064 4931 2341 4973 sermones
2376 4914 2489 4967 Dei.
2520 4913 2801 4979 Quomodo
2832 4912 2974 4964 enim
3009 4910 3137 4962 nihil
3178 4910 3307 4962 mihi
3337 4919 3494 4965 nocet
3520 4927 3621 4965 car-

2066 5009 2201 5064 citas
2249 5008 2584 5076 corporalis,
2644 5006 2687 5058 si
2745 5017 2850 5057 non
2908 5001 3069 5055 fuerit
3118 5003 3387 5055 obcrecata
3440 5003 3619 5054 anima

2066 5117 2184 5155 mea
2216 5118 2228 5154 :
2262 5102 2341 5154 sic
2372 5114 2544 5168 neque
2578 5097 2784 5159 levitas,
2812 5111 2985 5164 neque
3017 5094 3299 5165 gravitudo
3327 5093 3617 5147 auditionis

2067 5189 2362 5260 corporalis
2394 5188 2611 5258 impedit
2646 5186 2938 5255 quidquam
2991 5185 3141 5238 mihi.
3192 5182 3286 5239 Est
3336 5185 3438 5237 alia
3475 5200 3619 5252 quar-

2065 5282 2189 5335 dam
2225 5279 2504 5349 gravitudo
2537 5278 2856 5341 auditionis,
2898 5290 3018 5345 quae
3051 5284 3242 5329 noceat
3280 5274 3473 5328 anime
3523 5274 3629 5327 ho—

2068 5374 2249 5427 minis.
2286 5371 2415 5438 Qna:
2442 5378 2524 5424 est
2559 5369 2658 5425 ista
2694 5367 2973 5439 gravitudo
2994 5408 3010 5434 ,
3042 5381 3159 5435 qua:
3187 5377 3269 5422 est
3297 5366 3350 5420 in
3385 5364 3626 5419 auditio-

2066 5479 2188 5517 nem
2219 5462 2449 5517 animze?
2476 5458 2782 5522 Peccatum,
2802 5458 3093 5512 secundum
3114 5456 3438 5526 Scripturas,
3459 5472 3620 5525 gravo

2795 5570 2837 5603 ια
2878 5569 3001 5639 Sap.
3058 5586 3161 5625 νει,
3214 5567 3302 5619 es.
3392 5570 3436 5600 ι·
3476 5565 3618 5626 l‘sal.
