4004 6182
436 274 544 336 963

1572 262 1633 322 5.
1676 259 1981 321 EUSEBll
2036 257 2468 325 ΠΙΕΒΟΝΥΜΙ

3557 258 3675 329 θδι

433 405 535 451 est.
569 398 790 467 Propter
817 397 959 466 quod
1004 397 1241 451 sentiens
1266 396 1388 466 quis
1414 402 1630 468 peccata
1664 416 1757 454 sua
1780 442 1794 464 ,
1822 401 1951 453 dicit
1982 419 1995 455 :
2029 409 2071 462 Α
2100 401 2275 453 dicitis
2311 400 2434 471 quia
2460 397 2715 461 videmus,
2756 407 3020 467 peccatum
3043 408 3270 454 vestrum
3307 408 3479 453 manet
3504 399 3572 455 ⁸⁸.
3601 399 3675 453 Et

435 487 603 551 Quasi
634 505 763 542 onus
793 504 947 558 grave
972 496 1203 557 gruratw
1234 498 1354 540 sunt
1387 503 1540 556 super
1567 505 1645 541 me
1663 489 1728 542 ’⁷.
1783 489 1845 543 Ει
1872 491 1997 558 quia

436 578 617 640 gravis
664 586 749 631 est
798 577 1082 645 iniquitas,
1130 584 1347 645 propter
1402 577 1505 632 hoc
1545 591 1707 647 super
1739 579 1998 633 talentum

434 666 638 734 plumbi
690 666 871 731 sedet,
942 674 1002 719 ut
1060 664 1113 718 in
1185 663 1450 720 Zacharia
1503 667 1763 737 scriptum
1831 667 1994 722 est".

434 755 669 827 Egyptii
702 768 881 811 autem
922 771 1030 812 non
1072 756 1329 827 quoniam
1362 758 1542 828 gravia
1578 758 1844 812 habebant
1873 774 1996 812 cor-

432 863 559 916 pora
588 848 855 904 submersi
890 856 1018 904 sunt
1068 847 1224 919 quasi
1264 848 1540 917 plumbum
1583 850 1637 902 in
1667 862 1806 918 aqua
1835 850 1997 902 vehe-

432 940 692 1006 menti",
762 941 857 994 sed
908 941 1034 1009 quia
1100 937 1296 993 animae
1344 953 1532 992 eorum
1599 940 1667 992 ad
1734 939 1992 993 talentum

431 1027 632 1095 plumbi
660 1068 673 1090 .
707 1043 870 1098 super
906 1026 1052 1098 quod
1093 1027 1312 1082 sedebat
1365 1028 1653 1097 iniquitas,
1697 1040 1997 1099 aggravant:

429 1126 583 1170 erant
607 1133 619 1168 :
646 1128 864 1187 propter
894 1118 1039 1187 quod
1068 1116 1340 1171 submersi
1372 1125 1502 1170 sunt
1534 1127 1788 1186 tanquam
1820 1118 1995 1186 plum-

434 1208 555 1259 lnnn
590 1208 640 1259 in
677 1223 816 1276 aqua
848 1206 1177 1262 vehementi.
1224 1205 1518 1260 Gravitudo
1557 1221 1686 1276 ergo
1723 1207 1931 1261 aurium
1962 1222 1994 1263 a

430 1306 650 1365 peccato
700 1299 790 1363 lit,
821 1308 871 1352 et
903 1298 1090 1353 levitas
1122 1313 1154 1351 a
1197 1295 1430 1366 justitiu.
1462 1295 1601 1362 Quid
1633 1300 1877 1368 estquod
1910 1298 1993 1353 fa-

428 1389 536 1443 ciat
581 1389 828 1444 auditum
901 1404 1008 1443 non
1076 1388 1312 1459 graviter
1355 1388 1577 1452 audire,
1632 1388 1724 1441 sed
1777 1388 1995 1443 leviter?

431 1477 627 1532 Pennas
657 1480 845 1542 verbi,
875 1493 1062 1548 peunte
1092 1478 1328 1533 virtutis.
1375 1477 1584 1532 Exenim
1624 1492 1813 1546 penna:
1849 1480 1991 1534 verbi

428 1569 657 1621 multant
706 1568 940 1624 levitatis
972 1568 1222 1623 afferunt.
1258 1568 1389 1635 Quis
1447 1567 1593 1622 dabit
1640 1568 1767 1621 mihi
1797 1578 1994 1636 pennas

426 1653 559 1706 sicut
592 1654 879 1723 columbw,
903 1667 951 1710 et
990 1658 1307 1726 requiestam
1334 1657 1418 1711 *οἳ
1442 1654 1555 1712 Hoc
1585 1656 1714 1711 dicit
1750 1656 1988 1726 Prophe-

2101 492 2237 545 bcne
2267 496 2363 555 ait,
2399 490 2580 544 dicitis
2608 490 2733 560 quia
2764 490 3016 556 videmus,
3042 505 3170 545 vere
3201 490 3345 544 cnim
3375 489 3505 545 dicit
3534 492 3664 559 quia

2096 580 2348 645 videant,
2401 589 2456 635 et
2503 580 2737 634 habeant
2803 580 3212 650 possibilitatem
3262 579 3511 644 videndi,
3567 585 3664 634 Sed

2096 669 2406 725 claudentes
2432 670 2621 727 oculos
2651 685 2755 724 non
2789 670 2995 725 vident.
3050 669 3114 723 Et
3140 669 3188 725 si
3217 670 3433 741 quando
3460 670 3665 725 videris

2097 758 2431 827 ingeniosam
2464 757 2533 812 ad
2571 757 2976 828 intelligendum
3027 757 3263 811 animam
3297 767 3350 812 et
3375 757 3616 811 velocem
3641 794 3661 822 ,

2094 853 2148 899 et
2176 847 2432 910 alacrem,
2488 860 2595 900 non
2625 845 2973 899 meditantem
2999 843 3214 913 eloquia
3238 841 3354 908 Dei,
3390 856 3665 913 cognosce

2094 933 2221 1003 quia
2253 949 2359 987 non
2393 940 2618 1003 propter
2646 932 2944 987 caecitatem
2976 947 3083 986 non
3113 931 3257 985 videt
3280 945 3346 985 ea
3383 946 3506 1000 qua:
3531 945 3661 983 con-

2097 1024 2334 1079 tinentur
2377 1025 2433 1078 in
2482 1024 2797 1094 Scripturis,
2840 1039 2950 1077 non
2988 1024 3058 1076 ob
3097 1023 3151 1076 id
3176 1022 3302 1091 quia
3336 1021 3391 1075 in
3420 1022 3663 1077 tenebris

2094 1117 2182 1180 sit;
2219 1117 2311 1170 sed
2341 1117 2469 1185 quia
2501 1116 2701 1171 claudit
2729 1115 2936 1170 oculos.
2980 1113 3039 1168 Si
3081 1129 3208 1183 ergo
3237 1113 3476 1167 audieris
3506 1110 3662 1167 Scri-

2095 1213 2302 1271 pturatn
2334 1204 2570 1258 divinam
2604 1203 2872 1258 dicentem
2922 1203 3005 1258 his
3027 1202 3121 1272 qui
3156 1201 3413 1255 claudunt
3444 1202 3658 1267 oculos,

2092 1295 2238 1363 aperi
2273 1295 2459 1350 oculos
2486 1303 2628 1359 tuos,
2673 1305 2727 1348 et
2756 1302 2900 1348 recta
2925 1294 3078 1357 vide;
3099 1292 3247 1362 aperi
3273 1294 3464 1348 oculos
3491 1292 3561 1346 ab
3588 1306 3657 1346 eo

2092 1387 2234 1455 quod
2270 1386 2570 1453 clauseras,
2604 1394 2732 1440 tunc
2766 1385 2969 1455 poteris
2996 1384 3181 1439 videre
3283 1392 3432 1440 recta
3458 1427 3475 1452 ,
3599 1392 3657 1437 et

2093 1477 2441 1532 considerare
2470 1478 2651 1532 lumen
2677 1476 2938 1530 veritatis.
2968 1472 3034 1528 Et
3062 1487 3280 1530 accusat
3310 1473 3528 1543 quidem
3560 1488 3658 1529 eos

2097 1566 2161 1621 de
2207 1567 2404 1636 quibus
2453 1568 2750 1637 quaeritur,
2795 1581 2894 1620 cur
2941 1567 3130 1620 oculos
3172 1565 3430 1620 claudant
3473 1579 3541 1618 ne
3569 1566 3654 1617 vi-

2093 1659 2274 1714 deant.
2306 1658 2422 1714 Non
2447 1668 2629 1715 autem
2659 1671 2711 1715 et
2751 1660 2853 1715 hoc
2880 1660 3039 1722 dicit.
3078 1659 3205 1728 quia
3251 1674 3361 1711 non
3400 1658 3653 1723 expediat

427 1751 508 1798 tes
554 1761 660 1799 non
698 1760 862 1802 orans
914 1760 970 1802 ut
1014 1748 1315 1817 corporalis
1364 1763 1569 1817 pennas
1618 1749 1847 1819 accipiat
1894 1766 1989 1804 co-
2024 1731 2067 1789 Β
2094 1749 2385 1819 aliquando
2411 1759 2463 1806 et
2490 1751 2742 1806 claudere
2767 1751 2960 1805 animm
2994 1749 3204 1805 oculos.
3229 1747 3455 1817 Expedit
3481 1748 3649 1813 enim,

426 1834 622 1890 liirnbm
642 1877 656 1901 ,
692 1838 787 1893 sed
822 1853 1029 1908 pennas
1070 1839 1335 1893 columine
1360 1836 1595 1907 Spiritus
1624 1840 1819 1895 sancti.
1851 1838 1991 1893 Dicit

424 1936 606 1981 autem
643 1944 838 1984 rursus
889 1930 1146 1987 Salomon
1178 1934 1245 1989 de
1270 1933 1433 1989 divite
1459 1953 1472 1988 :
1500 1933 1783 2005 Componet
1813 1945 1989 1989 autem

421 2018 525 2072 sibi
558 2037 754 2090 pennas
780 2026 1035 2092 quomodo
1065 2028 1245 2097 aquila
1270 2067 1284 2092 ,
1316 2039 1366 2082 et
1396 2030 1716 2082 convertitur
1746 2031 1799 2083 in
1831 2031 1986 2083 domo

422 2108 536 2176 ejus
573 2113 662 2180 qui
690 2124 876 2181 prwest
910 2115 993 2168 illi
1012 2116 1075 2170 ³⁸.
1123 2116 1178 2170 Si
1208 2118 1539 2187 accipiamus
1574 2121 1734 2191 igitur
1758 2136 1984 2189 pennas,

424 2192 615 2253 leviter
652 2202 958 2259 audiemus.
1010 2202 1069 2260 Si
1117 2216 1294 2261 autem
1330 2211 1765 2277 peccat-erimus,
1809 2220 1863 2266 et
1895 2228 1989 2267 nea

424 2289 687 2358 gligentes
718 2290 985 2348 fuerimus
1008 2296 1153 2350 circa
1180 2298 1317 2364 alas,
1362 2310 1414 2353 et
1446 2300 1497 2354 de
1517 2299 1769 2355 fluxerint
1802 2317 1987 2370 penna:

425 2388 639 2442 nostrae,
668 2382 1037 2449 gravahimur,
1061 2394 1113 2438 et
1144 2388 1382 2456 graviter
1409 2389 1714 2445 audiemus.
1745 2391 1983 2450 Auribus

420 2482 549 2538 ergo
594 2470 710 2524 suis
771 2483 1084 2540 peccatores
1130 2477 1362 2543 graviter
1413 2480 1721 2535 audierunt.
1785 2481 1984 2539 Omnes

420 2562 635 2626 quidem
683 2560 896 2627 Judaei,
949 2565 1043 2633 qui
1095 2574 1224 2621 tunc
1281 2569 1571 2624 audierunt
1616 2572 1980 2637 Salvatorem,

417 2652 655 2723 graviter
685 2668 809 2707 eum
846 2656 1156 2722 audierunt,
1191 2657 1311 2712 ideo
1345 2675 1453 2713 non
1483 2661 1846 2716 crediderunt.
1877 2661 1982 2719 Us-

419 2758 527 2812 qie
568 2743 730 2798 hodie
777 2755 957 2799 autem
1001 2754 1269 2817 quotquot
1306 2748 1587 2805 audientes
1633 2750 1978 2822 Scripturas,

421 2848 526 2885 non
560 2834 791 2887 audiunt
835 2850 1139 2891 sermonem
1172 2839 1523 2907 spiritaliter,
1558 2842 1650 2909 qui
1696 2841 1827 2898 levis
1860 2856 1977 2911 est,

419 2924 512 2976 sed
563 2923 790 2977 litteram
841 2940 963 2993 quae
994 2936 1078 2981 est
1116 2929 1294 2999 gravis
1332 2938 1385 2983 et
1430 2931 1715 2997 occidens,
1748 2934 1981 3003 graviter

420 3013 664 3068 audiunt.
689 3017 866 3084 Atque
900 3015 973 3072 ita
1003 3016 1290 3087 dupliciter
1318 3020 1537 3074 auditur
1562 3021 1861 3092 Scriptura.
1897 3025 1980 3081 Ab

418 3120 484 3157 eo
509 3105 602 3175 qui
632 3121 740 3159 non
775 3106 1021 3177 intelligit
1073 3124 1195 3178 qua:
1235 3111 1518 3175 dicuntur,
1553 3115 1786 3182 graviter
1819 3117 1977 3171 audi-

418 3200 540 3260 tur;
567 3195 635 3249 ab
662 3211 727 3250 eo
754 3212 880 3251 vero
905 3198 997 3267 qui
1033 3199 1281 3271 intelligit
1331 3216 1473 3267 eam,
1509 3218 1619 3258 non
1663 3204 1837 3261 solum
1876 3222 1978 3262 aus

417 3284 565 3340 ditur
593 3302 701 3341 non
732 3290 987 3358 graviter,
1033 3292 1125 3346 sed
1163 3294 1342 3362 potius
1388 3303 1567 3350 acute.
1604 3292 1756 3352 Unde
1801 3307 1851 3353 et
1882 3300 1976 3369 qui

419 3375 480 3430 iit
506 3376 830 3448 intelligens,
864 3380 923 3435 lit
946 3377 1185 3439 auditor.

487 3465 539 3519 7.
583 3465 677 3527 Est
720 3477 774 3523 et
825 3471 970 3525 aliud
1009 3481 1187 3526 autem
1215 3471 1359 3541 quod
1407 3472 1758 3543 prophetatur
1789 3473 1855 3528 de
1882 3490 1978 3545 po-

415 3556 542 3624 pulo
564 3555 896 3623 Iudaeorum,
929 3571 983 3616 et
1007 3562 1072 3616 de
1105 3564 1359 3618 omnibus
1382 3564 1561 3628 nobis,
1588 3564 1636 3619 si
1664 3565 1973 3635 peccaveri-

416 3656 560 3702 mus.
617 3645 683 3701 Et
715 3648 892 3702 oculos
926 3667 1049 3705 suos
1078 3652 1419 3717 clauserunt,
1451 3656 1723 3724 nequando
1768 3656 1973 3711 videant

412 3736 600 3802 oculis,
629 3747 680 3792 et
718 3740 935 3795 auribus
969 3743 1189 3797 audiant
1239 3754 1288 3797 et
1319 3744 1473 3798 corde
1517 3742 1831 3817 intelligant.
1864 3747 1973 3802 Eo-

414 3843 536 3884 rum
571 3833 662 3903 qui
686 3849 793 3888 non
821 3830 1034 3899 vident,
1064 3831 1284 3904 quidam
1313 3834 1441 3890 caeci
1489 3845 1646 3902 sunt,
1673 3846 1727 3891 et
1757 3840 1975 3908 propter

411 3922 706 3978 caecitatem
742 3938 846 3978 non
873 3923 1089 3990 vident;
1131 3924 1350 3994 quidam
1380 3924 1433 3980 in
1462 3927 1698 3982 tenebris
1726 3939 1851 3983 sunt
1870 3969 1884 3991 .
1917 3940 1973 3985 et

415 4019 696 4082 propterea
725 4027 833 4066 non
863 4012 1065 4068 vident.
1092 4013 1198 4070 Alii
1229 4022 1411 4069 autem
1444 4004 1621 4087 neque
1649 4018 1703 4073 in
1738 4018 1972 4075 tenebris

411 4111 573 4164 sunt,
612 4117 786 4172 neque
815 4103 941 4159 czcci
973 4114 1137 4167 sunt,
1172 4105 1264 4158 sed
1296 4105 1425 4183 quia
1468 4106 1720 4161 claudunt
1759 4109 1969 4173 oculos,

413 4202 520 4244 non
542 4191 740 4247 vident.
769 4192 833 4247 Et
856 4194 960 4248 scit
984 4193 1084 4248 bas
1109 4193 1461 4259 ditl‘erentias,
1488 4212 1612 4266 quas
1640 4199 1965 4270 principales

409 4282 589 4336 cordis
626 4285 797 4339 nostri
847 4294 1004 4347 sunt,
1058 4283 1337 4355 Scriptura
1391 4287 1593 4344 divina.
1639 4288 1775 4344 Dicit
1821 4290 1964 4344 enim

2089 1842 2231 1896 sicut
2265 1842 2611 1897 manifestum
2665 1841 2793 1897 fecit
2838 1842 3042 1904 lsaias,
3091 1840 3276 1895 dicens
3305 1841 3358 1894 in
3401 1840 3489 1894 his
3531 1856 3650 1909 qua:

2089 1944 2429 2004 sequuntur:
2464 1933 2593 1998 Quis
2619 1935 2952 1987 annuntiuvit
2982 1933 3122 1986 vobis
3158 1931 3325 1985 locum
3359 1934 3651 1985 aeternam?

2089 2022 2195 2087 Qui
2224 2021 2458 2075 ambulat
2489 2023 2542 2074 in
2560 2021 2777 2090 justitia
2800 2063 2815 2087 ,
2857 2033 2904 2075 et
2949 2020 3184 2091 loquitur
3217 2036 3391 2074 rerum
3435 2025 3571 2074 riam
3596 2032 3645 2074 et

2087 2124 2304 2177 rectam,
2332 2113 2581 2167 obturuns
2612 2128 2765 2165 aures
2788 2122 2845 2164 ut
2882 2127 2984 2164 non
3030 2112 3215 2165 audiat
3231 2111 3503 2180 judicium
3526 2126 3650 2163 san—

2087 2205 2295 2276 guinis,
2340 2213 2388 2257 et
2430 2202 2679 2257 claudens
2724 2201 2904 2255 oculos
2939 2211 2996 2254 ut
3040 2216 3142 2255 non
3173 2201 3348 2255 videat
3386 2202 3646 2271 iniquita-

2087 2307 2188 2351 tem
2209 2296 2276 2351 “.
2333 2295 2387 2350 Si
2436 2294 2678 2350 futurum
2711 2304 2793 2348 est
2830 2303 2886 2348 ut
2930 2293 3177 2362 aperiens
3223 2294 3415 2347 oculos
3452 2294 3649 2347 anime

2084 2389 2298 2443 audiam
2327 2396 2381 2442 et
2416 2388 2645 2441 sentiam
2675 2385 3029 2455 turpiloquia,
3062 2385 3256 2439 melius
3279 2394 3364 2438 est
3393 2385 3648 2439 claudere

2084 2480 2331 2541 auditus,
2376 2493 2536 2548 quam
2568 2478 2756 2532 audire
2790 2494 2910 2547 qua:
2961 2487 3213 2532 noceant.
3251 2475 3483 2542 Quando
3513 2486 3647 2547 ergo

2081 2569 2368 2623 claudam?
2396 2567 2626 2634 Quando
2658 2569 2796 2621 mala
2826 2568 3105 2632 d.cuntur,
3140 2572 3205 2622 'ut
3238 2582 3415 2637 neque
3444 2567 3645 2621 intetli-

2081 2676 2201 2731 gam
2232 2677 2316 2714 ea.
2342 2660 2568 2726 Quando
2598 2660 2827 2712 videnda
2856 2669 2982 2713 sunt
3007 2659 3221 2725 eloquia
3252 2658 3385 2713 Dei?
3412 2657 3645 2724 Quando

2081 2753 2466 2816 convertimur,
2512 2763 2567 2806 et
2598 2761 2755 2806 sanat
2789 2766 2892 2805 nos
2936 2750 3079 2805 Deus
3102 2788 3117 2814 ,
3168 2751 3387 2804 mittens
3416 2751 3640 2804 verbum

2080 2843 2224 2912 quod
2268 2852 2423 2897 sanat
2461 2858 2551 2896 eos
2587 2842 2676 2911 qui
2702 2841 2889 2896 volunt
2921 2842 3100 2897 curari
3145 2840 3198 2894 in
3223 2841 3440 2895 Christo
3470 2838 3598 2895 Jesu
3624 2882 3645 2906 ,

2080 2934 2165 2989 cui
2203 2944 2285 2988 est
2316 2933 2486 3004 gloria
2523 2943 2576 2988 et
2608 2933 2896 3003 imperium
2945 2935 2997 2988 in
3048 2935 3243 2989 saecula
3292 2934 3639 2988 szcculomm.

2082 3026 2271 3081 Am"-
2471 3111 2773 3184 11324
2808 3110 3093 3167 llOMllJA
3134 3110 3241 3165 Vll-

2078 3227 2156 3282 De
2187 3241 2252 3281 eo
2278 3227 2422 3287 quod
2458 3221 2720 3295 scriptum
2754 3230 2837 3277 est
2869 3239 2883 3275 :
2921 3228 3053 3295 [sicce
3092 3238 3183 3291 ego
3215 3233 3259 3274 et
3298 3221 3483 3290 pueri,
3532 3231 3634 3277 ctc.

2692 3300 2834 3363 (cap.
2863 3292 3002 3362 vin).
3046 3310 3053 3315 η

2147 3386 2198 3439 i.
2240 3385 2320 3439 Da
2349 3385 2574 3454 sapienti
2623 3386 2981 3445 occasionem,
3034 3391 3083 3435 et
3127 3384 3417 3450 sapientior
3446 3382 3547 3435 erit
3569 3381 3637 3442 ³³,

2073 3475 2202 3530 dicit
2231 3490 2409 3530 serum
2437 3474 2674 3528 divinus.
2710 3471 3059 3527 Occasionem
3089 3481 3267 3524 autem
3307 3483 3640 3540 acceperunt

2074 3566 2424 3622 sacratissimi
2470 3563 2699 3634 apostoli
2732 3563 2797 3616 ad
2830 3561 3160 3616 intellectum
3197 3561 3639 3630 prepbetioorum

2074 3672 2405 3714 sermonum.
2448 3652 2679 3710 Oremus
2722 3653 2888 3708 Deum
2938 3662 2996 3706 ut
3041 3653 3375 3721 accipiamus
3417 3653 3636 3721 sapien-

2074 3752 2226 3816 tiam,
2255 3756 2308 3803 et
2337 3746 2610 3819 possimus
2639 3745 2750 3799 lieri
2785 3744 3139 3815 sapientiores
3168 3758 3265 3813 per
3288 3745 3635 3799 occasionem

2071 3839 2436 3910 apestolorum
2477 3838 2546 3892 ad
2592 3837 2881 3906 prophetas
2926 3834 3295 3903 exponendas.
3340 3831 3638 3903 Apostolus

2073 3928 2361 3981 recordans
2391 3924 2554 3992 hujus
2583 3923 2710 3978 dicti
2742 3922 2908 3994 (vers.
2943 3923 3028 3993 l8)
3061 3941 3074 3977 :
3116 3922 3249 3977 Ecce
3284 3937 3378 3993 ego
3404 3932 3453 3977 et
3484 3925 3636 3991 pueri

2070 4032 2195 4087 quos
2238 4016 2374 4070 Deus
2417 4015 2559 4067 dedit
2590 4014 2759 4077 mihi;
2800 4013 2994 4069 deinde
3022 4013 3217 4081 infert,
3247 4026 3301 4069 et
3332 4014 3587 4071 edisserit
3617 4032 3633 4067 :

2072 4108 2212 4172 Quia
2245 4122 2365 4176 ergo
2399 4107 2544 4169 pueri
2568 4106 3078 4159 communicaverunt
3108 4107 3351 4176 sanguini
3379 4115 3430 4159 et
3460 4107 3633 4168 carni,

2068 4210 2113 4253 et
2139 4200 2249 4266 ipse
2275 4196 2510 4266 proxime
2538 4212 2623 4250 eos
2656 4195 2828 4264 factus
2875 4206 2953 4250 cst
2996 4197 3086 4266 qui
3118 4199 3507 4266 participantur
3545 4214 3633 4250 co-

2069 4306 2185 4343 rum
2211 4303 2228 4341 :
2254 4297 2310 4340 ut
2340 4302 2432 4355 per
2460 4296 2673 4339 mortem
2716 4286 2953 4341 destruat
2974 4301 3090 4341 eum
3115 4288 3205 4356 qui
3233 4287 3507 4356 imperium
3534 4288 3633 4339 lie-

412 4369 661 4425 Salvator
692 4372 771 4425 his
794 4373 882 4442 qui
908 4381 1027 4427 sunt
1050 4374 1104 4426 in
1138 4375 1381 4442 vinculis,
1415 4379 1588 4441 exite;
1616 4390 1663 4432 et
1690 4379 1772 4433 Itis
1799 4381 1889 4449 qui
1916 4380 1970 4433 in
2004 4396 2045 4450 ι)
2070 4376 2152 4431 bet
2178 4375 2393 4441 mortis,
2425 4375 2521 4431 hoc
2548 4384 2625 4429 est
2667 4373 2939 4441 Zabulon,
2979 4385 3026 4428 et
3050 4386 3199 4428 eruat
3224 4368 3309 4430 eos
3339 4377 3632 4445 quicunque

411 4458 651 4523 tenebris,
680 4469 738 4513 ut
763 4461 836 4514 eis
867 4456 1150 4530 reveletur;
1180 4475 1229 4521 et
1252 4468 1553 4521 sedentibus
1588 4467 1644 4521 in
1682 4469 1888 4537 regione
1919 4478 1968 4523 et

407 4550 595 4603 umbra
633 4552 841 4617 mortis,
885 4551 979 4606 tua:
1002 4564 1119 4609 orta
1152 4564 1231 4610 est
1267 4559 1343 4611 eis
1365 4556 1431 4612 “.
1466 4557 1558 4612 Isti
1586 4572 1694 4613 non
1721 4558 1971 4613 viderunt

407 4641 557 4706 ideo,
584 4641 712 4711 quia
743 4641 964 4698 fuerunt
1001 4644 1054 4698 in
1084 4647 1353 4714 tenebris,
1397 4648 1570 4703 donec
1616 4649 1853 4704 oriretur
1889 4651 1970 4706 eis

405 4727 521 4787 lux.
572 4733 765 4801 Surdi,
797 4736 1012 4802 audite,
1060 4747 1114 4792 et
1145 4739 1306 4803 (περὶ,
1353 4741 1595 4809 aspicite.
1633 4741 1699 4796 Et
1732 4742 1851 4797 ideo
1882 4743 1969 4797 isti

406 4833 517 4878 non
540 4825 789 4882 viderunt
821 4836 965 4890 ante,
999 4829 1126 4897 quia
1156 4832 1474 4885 naturaliter
1498 4833 1624 4887 caeci
1655 4843 1828 4889 erant.
1858 4833 1961 4900 Qui

407 4922 537 4970 vero
585 4926 735 4972 extra
783 4918 885 4974 ista
936 4920 1344 4991 sunt,.quique
1387 4922 1453 4974 ad
1499 4925 1960 4991 comparationem

403 5018 675 5064 rrccorum
702 5021 967 5065 eteorum
998 5012 1088 5080 qui
1118 5015 1169 5067 in
1198 5012 1436 5068 tenebris
1485 5024 1641 5081 sunt,
1672 5015 1842 5070 multo
1872 5030 1962 5084 pe-

400 5088 550 5165 jores
574 5109 736 5154 sunt:
765 5102 799 5156 ii
830 5111 957 5157 sunt
985 5105 1075 5172 qui
1102 5104 1221 5159 ideo
1249 5120 1357 5160 non
1390 5106 1591 5171 vident,
1621 5108 1748 5177 quia
1776 5107 1963 5162 oculos

401 5198 597 5257 Sponte
626 5193 949 5247 clauserant.
999 5191 1111 5247 Hoc
1140 5206 1319 5249 autem
1366 5196 1439 5250 ita
1482 5212 1602 5251 esse
1632 5207 1690 5251 ut
1726 5198 1959 5253 asserui-

404 5284 559 5343 tuus,
620 5280 868 5337 Salvator
915 5283 1043 5336 mihi
1096 5286 1407 5341 testimonio
1454 5288 1586 5352 erit,
1626 5289 1861 5345 dicens:
1903 5290 1962 5345 Si

401 5365 530 5417 ι’ωεὶ
570 5366 772 5424 essetis.
809 5381 908 5418 non
951 5369 1204 5425 haberetis
1245 5384 1545 5438 peccatum;
1592 5390 1728 5427 nunc
1772 5385 1944 5428 autem

482 5562 529 5601 ‘7
563 5569 704 5623 l‘sal.
735 5586 940 5624 xxxv".
981 5570 1031 5624 5.
1115 5572 1158 5603 "
1187 5572 1347 5625 Zach.
1384 5589 1435 5626 v.
1511 5576 1556 5606 ’⁵
1582 5575 1750 5628 Evod.
1799 5587 1882 5625 xv.

406 5628 479 5701 ῖς
505 5639 689 5693 Matth.
721 5657 789 5701 tv.
828 5642 910 5692 lii.

1963 5576 2008 5608 “
2030 5575 2173 5629 Psal.
2205 5591 2310 5631 Liv.
2349 5575 2395 5629 7.

987 5642 1211 5697 “1min.
1254 5659 1325 5706 Iv,
1356 5644 1436 5696 lt.
1517 5644 1558 5673 "
1590 5645 1690 5699 lsa.
1728 5661 1913 5707 tum,
1951 5646 1968 5697 l

2080 5646 2150 5699 ιδ.
2230 5646 2454 5699 ’νικοςΔ
2497 5647 2649 5709 me.
2727 5645 2961 5700 “Hebr.
2994 5665 3052 5713 ιν,
3097 5651 3181 5708 ιῖῑ,
3216 5652 3293 5709 lt.
3332 5642 3412 5706 l5.

2066 4476 2206 4521 metu
2233 4467 2417 4518 mortis
2460 4466 2516 4518 in
2558 4466 2921 4533 sempiternam
2951 4464 3112 4517 vitam
3139 4465 3214 4518 rei
3233 4474 3382 4519 erant
3404 4467 3631 4517 seruitu-

2066 4558 2132 4610 tis
2151 4556 2215 4610 ³⁸.
2256 4556 2427 4626 Igitur
2458 4556 2584 4625 quia
2619 4555 2770 4624 pueri
2802 4554 3090 4624 participes
3118 4554 3292 4611 eﬂ'ecti
3342 4567 3467 4609 sunt
3498 4571 3631 4611 san-

2064 4646 2245 4717 guinis
2278 4655 2334 4700 et
2363 4647 2578 4709 carnis,
2612 4655 2666 4699 et
2712 4646 2959 4699 Salvator
2988 4656 3172 4700 noster
3205 4642 3630 4701 communicavit

2064 4738 2216 4794 carni
2261 4746 2424 4806 atque
2466 4738 2738 4806 sanguini.
2770 4737 3017 4791 Alienum
3054 4737 3201 4791 enim
3231 4747 3346 4792 erat
3372 4754 3402 4791 a
3434 4747 3628 4793 natura

2065 4839 2120 4885 et
2151 4829 2432 4884 divinitate
2476 4829 2615 4898 ejus,
2643 4830 2958 4899 sanguinem
2986 4839 3039 4884 et
3064 4844 3280 4883 carnem
3308 4830 3623 4899 suscipere:

2067 4928 2289 4990 propter
2319 4934 2418 4974 nos
2447 4929 2626 4973 autem
2657 4934 2720 4973 ea
2752 4935 2873 4989 qua:
2905 4920 3005 4974 sibi
3049 4928 3205 4974 erant
3234 4918 3405 4972 aliena
3437 4936 3625 4974 susce-

2067 5012 2179 5081 pit,
2216 5020 2274 5065 ut
2308 5011 2634 5068 domesticos
2666 5010 2768 5064 sibi
2810 5009 3008 5065 faceret
3033 5011 3125 5081 qui
3157 5011 3431 5065 fueramus
3461 5013 3623 5064 alieni

2067 5119 2161 5172 per
2197 5110 2501 5171 peccatum.
2551 5100 2616 5155 Et
2645 5101 2863 5170 quidem
2893 5101 3184 5170 Apostolus
3223 5101 3303 5154 sic
3337 5102 3621 5169 exposuit,

2064 5194 2247 5248 dicens
2281 5213 2294 5248 :
2326 5193 2467 5258 Quia
2493 5210 2613 5263 ergo
2652 5194 2798 5263 pueri
2833 5196 3339 5247 communicaverunt
3374 5194 3621 5261 sanguini

2061 5297 2109 5339 ct
2141 5286 2304 5350 carni,
2323 5295 2372 5338 et
2400 5286 2507 5354 ipse
2526 5288 2760 5355 proxime
2784 5303 2869 5339 eos
2895 5286 3064 5352 factus
3082 5296 3155 5336 est
3179 5284 3270 5354 qui
3291 5286 3621 5353 participari-

2061 5383 2146 5426 lnr
2174 5391 2370 5428 eorum.
2408 5374 2513 5442 Ego
2537 5386 2716 5428 autem
2743 5375 2939 5431 dicam.
2972 5374 3227 5440 quoniam
3262 5371 3535 5439 quomodo
3553 5382 3606 5427 et

2475 5578 2512 5608 ³¹
2538 5576 2708 5655 θεων.
2728 5592 2902 5655 ἐξίῃ-.
2934 5576 2986 5630 5.
3063 5578 3107 5655 ”_
3132 5579 3210 5631 lsa
3268 5595 3412 5643 vLIv,
3436 5582 3505 5648 9;
3534 5598 3616 5655 ιι,
