4004 6182
368 297 479 362 965

848 280 1322 349 TllANSLATlO
1364 280 1867 343 "OMILIARUM
1906 277 2276 353 ORIGENIS
2311 280 2392 341 lii
2435 272 2790 342 VISIONES
2830 272 3088 344 iSMAi'.

3486 279 3599 350 966

374 398 525 489 pueri
557 415 1095 470 communicaverunt
1135 413 1386 483 sanguini
1428 421 1481 466 ct
1514 412 1664 467 carni
1686 450 1701 475 ,
1732 422 1786 465 et
1816 410 1932 481 ipse
1958 414 2005 472 Α
2032 412 2166 466 bitat
2199 412 2253 466 in
2285 411 2666 481 speculatorio,
2695 420 2750 467 et
2780 410 2832 463 in
2869 410 3013 462 omni
3045 409 3223 463 anima
3250 418 3423 480 potest
3457 426 3593 469 con-

375 506 618 579 proxime
648 520 743 559 eos
776 504 950 559 lactus
999 514 1075 558 cst
1126 501 1217 571 qui
1269 503 1663 571 participantur
1693 516 1881 557 eorum
1913 518 1926 554 :

371 602 451 657 sic
472 600 597 669 quin
627 598 780 667 pueri
815 612 922 651 non
952 607 1180 665 possunt
1214 594 1472 649 fortiores
1502 592 1692 645 audire
1724 606 1933 644 sermo-

374 705 499 751 nes,
548 688 744 741 debent
787 687 929 739 enim
978 693 1035 738 ut
1078 684 1227 750 pueri
1259 682 1448 761 audire
1489 692 1768 737 sermones
1801 677 1928 742 Dei,

373 791 589 851 propter
618 779 721 832 hoc
753 777 929 830 lactus
956 777 1007 829 in
1036 774 1299 842 sanguine
1326 786 1616 842 puerorum
1642 786 1808 825 causa
1836 769 1930 838 qui

371 866 914 923 communicaverunt
940 863 1092 917 carni
1125 872 1178 916 et
1211 861 1659 930 sanguini,quasi
1694 859 1931 928 parvulis

372 954 633 1026 loquens,
673 956 912 1023 loquitur
962 970 1068 1007 non
1117 953 1298 1007 divina
1349 960 1403 1005 et
1454 951 1775 1013 iueﬂabilia,
1836 949 1928 1003 sed

369 1062 708 1118 quaecunque
734 1058 926 1115 capere
957 1052 1184 1113 possunt
1219 1043 1447 1111 parvuli.
1495 1041 1708 1101 Parvuli
1750 1049 1929 1094 autem

370 1153 561 1192 omnes
592 1137 839 1189 homines
863 1144 1009 1194 sunt,
1036 1134 1080 1186 si
1115 1149 1210 1188 eos
1236 1148 1524 1202 comparas
1546 1133 1611 1188 ad
1646 1127 1933 1201 perfectio-

372 1243 493 1281 nem
545 1226 703 1281 Verbi
749 1244 762 1279 :
824 1227 947 1278 licet
992 1224 1211 1294 Moysen
1259 1224 1540 1286 nomines,
1593 1224 1716 1277 licet
1762 1238 1927 1277 unum

369 1319 574 1373 dixeris
599 1320 666 1371 de
693 1317 968 1386 prophetis
989 1358 1003 1379 ,
1057 1317 1179 1368 licet
1203 1316 1465 1368 Joannem
1487 1357 1502 1379 ,
1530 1331 1640 1384 quo
1671 1314 1844 1382 major
1874 1315 1928 1367 in

370 1411 511 1462 natis
541 1408 827 1460 mulierum
881 1420 1040 1458 nemo
1075 1404 1213 1469 fuit;
1257 1404 1380 1457 licet
1408 1405 1472 1456 ad
1508 1404 1785 1471 apostolos
1834 1418 1928 1455 ve-

293 1549 296 1552 .
371 1501 519 1561 nias;
550 1498 787 1561 Petrum,
821 1498 905 1549 cui
941 1506 1107 1564 porta:
1136 1494 1289 1547 inferi
1320 1511 1425 1547 non
1458 1494 1786 1548 invaleSeeut
1806 1535 1821 1554 ,
1847 1493 1929 1546 vel

368 1589 594 1644 Paulum
623 1588 715 1661 (ιιιί
758 1599 948 1655 raptus
1002 1596 1085 1640 est
1134 1598 1305 1654 usque
1338 1588 1402 1639 ad
1441 1586 1656 1639 tertium
1692 1586 1927 1649 caelum,

366 1691 421 1735 ct
463 1680 666 1733 audivit
712 1678 1008 1732 indicibilia
1054 1679 1253 1740 verba,
1320 1693 1425 1730 non
1468 1677 1692 1745 deponis
1738 1690 1927 1728 eorum

2030 504 2237 572 spicere
2264 503 2565 567 veritatem,
2596 503 2698 557 iste
2740 501 2870 556 facit
2910 500 3063 570 signa
3108 509 3164 554 et
3209 502 3453 573 prodigia
3497 511 3595 573 per

2030 590 2384 659 Salvatorem,
2424 605 2478 647 et
2517 602 2639 663 post
2670 592 3024 657 Salvatorem,
3058 608 3151 662 per
3176 592 3451 660 apostolos
3483 610 3496 646 :
3537 602 3591 649 et

2030 683 2334 753 ubicunque
2380 684 2653 739 invenitur
2691 684 2868 738 anima
2912 694 3034 754 apta
3071 684 3371 738 ministerio
3402 684 3590 754 signo-

2030 788 2149 827 rum
2179 783 2233 829 et
2257 774 2619 844 prodigiorum
2645 773 2759 838 Dei,
2789 773 2902 829 sive
2917 774 3072 844 juxta
3101 774 3396 843 spiritalem
3427 789 3589 829 curae

2031 867 2255 931 tionem,
2286 868 2398 923 sive
2422 867 2752 922 sensibiliter
2778 868 3115 923 exhortando
3137 881 3232 922 eos
3253 868 3344 935 qui
3368 869 3594 922 veniunt

2029 957 2097 1011 ad
2138 982 2143 987 -
2195 958 2354 1015 fidem
2377 999 2395 1025 ,
2526 965 2741 1012 nonest
2766 956 2975 1010 otiosus
3009 954 3171 1018 Deus,
3199 956 3290 1025 qui
3315 963 3443 1009 tunc
3466 954 3594 1008 fecit

2031 1047 2182 1115 signa
2207 1048 2539 1116 etprodigia,
2562 1047 2723 1101 etiaut
2757 1062 2901 1100 nunc
2932 1047 3142 1115 operari
3174 1061 3257 1100 ea.
3290 1044 3466 1114 (Vera.
3502 1045 3590 1114 19)

2035 1136 2099 1191 Et
2146 1138 2192 1190 si
2234 1138 2466 1189 dixerint
2516 1138 2585 1191 ad
2633 1152 2739 1199 vos,
2771 1136 2988 1205 quaerite
3019 1135 3386 1196 vetttriloqnos,
3423 1144 3470 1186 et
3502 1149 3590 1186 eos

2028 1229 2117 1297 qui
2150 1228 2214 1281 de
2243 1239 2383 1280 terra
2414 1227 2671 1290 clamant,
2704 1226 2795 1295 qui
2845 1226 3027 1278 inania
3074 1225 3376 1294 loquuntur,
3406 1225 3498 1294 qui
3527 1224 3593 1276 de

2028 1329 2199 1371 ventre
2236 1317 2488 1380 clamant,
2514 1331 2615 1368 non
2644 1326 2816 1383 gentes
2839 1316 2908 1366 ad
2939 1313 3101 1366 Deum
3123 1329 3273 1366 suum
3300 1314 3591 1383 requirunt,

2030 1410 2119 1477 Qui
2155 1409 2434 1477 exquirunt
2465 1407 2527 1459 de
2564 1406 2851 1460 virentibus
2880 1414 3129 1457 mortuos.
3161 1402 3430 1458 Attendite
3454 1418 3592 1472 quo-

2031 1499 2175 1552 niam
2207 1498 2439 1551 obscure
2470 1497 2611 1550 dicta
2640 1506 2787 1560 sunt,
2812 1503 2865 1548 et
2894 1494 3052 1549 debet
3083 1508 3295 1559 sensus,
3331 1491 3438 1547 Deo
3472 1492 3592 1561 ipso

2030 1591 2288 1660 largiente
2307 1599 2362 1644 et
2392 1590 2684 1654 revela:.te,
2715 1590 2986 1643 cohzcrere
3006 1586 3397 1656 superioribus.
3425 1584 3593 1641 Docet

2028 1696 2158 1751 ergo
2190 1692 2377 1748 nos)”
2407 1696 2512 1733 non
2559 1680 2730 1735 simus
2776 1681 3006 1733 aliorum
3055 1692 3368 1732 sermonum
3418 1676 3591 1732 disci-

366 1770 623 1839 gloriam,
649 1768 864 1828 dicens,
896 1769 1024 1836 quia
1070 1776 1123 1821 et
1154 1768 1253 1835 ipsi
1290 1769 1343 1820 in
1375 1768 1455 1821 eis
1501 1782 1621 1835 qua:
1645 1766 1923 1818 intellexc-
1961 1739 2154 1838 "puli,
2188 1739 2617 1821 nisicmlestiunt
2637 1776 2691 1822 et
2723 1766 3016 1820 bonorum.
3041 1761 3257 1833 1136
3276 1759 3418 1816 Sunt
3447 1759 3602 1815 enim’

365 1868 494 1914 runt
539 1859 943 1928 comparatione
983 1873 1171 1913 eorum
1215 1874 1336 1926 quae
1365 1874 1470 1912 non
1511 1859 1922 1921 intellexerunt,

366 1950 711 2019 parvulorum
738 1948 1038 2018 disciplinis
1068 1948 1264 2002 eruditi
1289 1959 1435 2011 sunt,
1467 1964 1590 2018 qua!
1613 1947 1925 2002 hominibus

364 2040 669 2093 traduntur.
717 2038 857 2093 Dicit
901 2053 1029 2107 ergo
1080 2036 1331 2093 Salvator
1375 2055 1483 2094 non
1529 2041 1596 2094 de
1644 2039 1729 2094 his
1785 2048 1925 2106 quos

367 2126 563 2185 Paulus
608 2129 660 2183 in
701 2129 920 2184 Christo
964 2133 1216 2198 parvulos
1259 2140 1569 2200 nuncupat,
1629 2144 1683 2185 et
1729 2128 1924 2183 asserit

363 2222 500 2276 lacte
526 2222 790 2288 potandos
811 2262 824 2285 ,
856 2231 911 2277 et
945 2239 1052 2277 non
1094 2223 1216 2276 forti
1253 2225 1376 2278 cibo
1397 2263 1412 2286 ,
1444 2223 1538 2278 sed
1570 2224 1637 2276 de
1668 2221 1924 2276 omnibus

363 2309 525 2363 simul
559 2311 868 2364 hominibus
896 2325 910 2375 ς
944 2311 1076 2364 Ecce
1095 2328 1187 2381 ego
1209 2326 1256 2365 et
1279 2313 1486 2382 parvuli
1513 2315 1611 2366 mei
1637 2328 1763 2382 quos
1796 2312 1922 2365 mihi

360 2402 503 2455 dedit
535 2402 695 2458 Deus.
732 2400 944 2472 1135
982 2401 1178 2455 Verum
1211 2407 1487 2468 quomodo
1514 2410 1569 2454 tn
1614 2401 1800 2470 pueris
1845 2400 1935 2455 alii

357 2506 485 2547 sunt
509 2495 633 2549 aliis
654 2494 969 2563 alacriores,
995 2502 1049 2548 et
1076 2508 1138 2547 ea
1165 2508 1287 2563 qua:
1309 2491 1389 2547 eis
1415 2501 1545 2546 sunt
1566 2491 1761 2546 tradita
1789 2492 1938 2545 Vrina-

356 2584 471 2636 cius
489 2597 899 2651 consequuntur
922 2582 1058 2648 :sir,
1082 2582 1329 2652 inquam.
1360 2581 1599 2635 similem
1628 2579 1928 2649 ingeniosis

364 2670 545 2737 pueris
591 2671 790 2725 factum
821 2670 1037 2743 Moysen
1079 2681 1132 2726 et
1179 2673 1489 2741 prophetas,
1514 2674 1604 2728 sed
1630 2683 1683 2728 et
1713 2672 1922 2729 Domini

364 2760 532 2813 nostri
559 2758 685 2814 Jesu
718 2760 920 2817 Christi
955 2763 1255 2831 apostolos.
1304 2763 1593 2832 Propterea
1630 2766 1920 2820 sentientes

362 2850 679 2920 semetipsos
707 2853 798 2920 qui
830 2853 1045 2908 etiamsi
1088 2854 1445 2923 profecerim,
1475 2868 1764 2924 puerorum
1798 2872 1921 2924 pro-

364 2939 587 2995 l'ceerint
615 2941 854 3011 profectu
881 2985 897 3009 ,
928 2945 1182 2998 dixerunt
1206 2963 1219 2999 :
1256 2944 1338 2998 Ea:
1362 2957 1509 3013 parte
1538 2947 1916 3015 cognoscimus,

359 3044 405 3097 et
428 3047 492 3085 ea
517 3045 663 3100 parte
690 3034 1053 3102 propltetamus
1069 3038 1134 3091 ⁸⁷.
1173 3035 1281 3090 Nec
1307 3038 1449 3090 enim
1480 3037 1655 3089 adhuc
1682 3035 1920 3090 veritatis

362 3122 597 3188 negotia,
627 3122 718 3174 sed
749 3123 968 3178 umbras
998 3124 1339 3193 negotiorum
1375 3124 1801 3193 conspiciebant,
1824 3139 1920 3180 nee

363 3211 573 3278 plenam
620 3212 828 3276 lucem,
875 3214 968 3268 sed
1014 3214 1302 3269 obscuram
1348 3216 1657 3284 imaginem.
1691 3214 1923 3285 Ideoque

362 3303 707 3370 repetebant,
750 3304 1031 3359 dicentes:
1073 3303 1317 3359 Videmus
1359 3322 1495 3360 nunc
1531 3321 1622 3372 per
1658 3308 1922 3376 speculum

361 3402 408 3444 ct
437 3394 490 3445 in
513 3395 789 3464 tuiqmate
818 3438 833 3459 ,
862 3406 983 3451 tunc
1010 3408 1183 3450 autem
1216 3399 1350 3466 facie
1393 3399 1461 3450 ad
1491 3397 1679 3467 faciem
1692 3400 1755 3453 ⁸⁸.
1789 3400 1923 3465 Quis

361 3496 489 3551 ergo
516 3483 628 3535 haec
662 3484 841 3553 legens
874 3496 925 3539 et
959 3486 1262 3558 intelligens
1292 3487 1570 3541 inﬂabitur
1595 3495 1651 3541 et
1685 3489 1922 3557 erigetur

363 3585 525 3638 super
561 3573 866 3640 scientiam,
898 3590 993 3628 seu
1029 3591 1192 3643 super
1218 3578 1581 3647 quodcunque
1610 3578 1925 3633 donorum?

366 3660 573 3715 Etenim
625 3675 820 3718 cuneta
867 3682 989 3735 quae
1024 3668 1089 3722 ad
1133 3683 1335 3737 pueros
1358 3668 1724 3735 devenerunt,
1754 3671 1923 3724 multo

363 3757 617 3813 inferiora
663 3766 790 3811 sunt
836 3758 921 3811 his
944 3772 1065 3827 quze
1111 3759 1347 3828 reposita
1373 3769 1500 3815 sunt
1527 3762 1678 3817 viris.
1721 3760 1923 3816 Debent

360 3863 489 3917 ergo
520 3864 625 3901 non
648 3848 847 3903 elevari
892 3857 945 3903 et
972 3850 1254 3919 superbire
1299 3850 1335 3904 ii
1373 3850 1466 3920 qui
1498 3852 1753 3907 videntur
1782 3853 1922 3906 inter

360 3956 557 4011 pueros
597 3942 826 3997 acrioris
874 3943 1071 4012 ingenii
1110 3953 1164 3998 et
1206 3943 1518 3999 velocioris.
1563 3943 1698 3999 Istos
1743 3955 1920 4001 autem

363 4046 559 4100 pueros
602 4032 849 4088 homines
891 4034 1018 4087 dicit
1052 4048 1274 4100 omnes,
1306 4049 1444 4103 quos
1473 4047 1525 4090 et
1556 4035 1804 4091 Salvator
1828 4038 1921 4092 de-

361 4122 737 4176 monstrabat:
776 4122 925 4188 Ecce,
959 4125 1229 4192 inquiens,
1265 4139 1379 4195 ego,
1411 4134 1460 4179 et
1488 4128 1635 4194 pueri
1662 4129 1762 4181 mei
1792 4145 1921 4198 quos

362 4212 489 4264 mihi
519 4213 663 4265 dedit
708 4212 863 4267 Deus.
894 4213 1104 4268 Donum
1131 4216 1337 4285 accepit
1360 4226 1414 4271 et
1440 4215 1687 4273 Salvator
1716 4235 1745 4273 a
1786 4219 1917 4277 Deo.

362 4294 529 4356 Nemo
552 4305 694 4357 enim
729 4305 876 4358 venit
900 4305 965 4358 ad
992 4320 1116 4359 eum
1139 4346 1155 4371 ,
1198 4308 1243 4361 si
1299 4324 1407 4362 non
1451 4310 1543 4377 qui
1583 4310 1731 4365 misit
1759 4326 1881 4365 eum
1901 4353 1917 4376 ,

2018 1857 2236 1925 quidam
2256 1856 2591 1923 loquentium
2605 1864 2660 1910 et
2673 1853 3049 1925 pollicentium
3066 1851 3372 1903 doctrinam
3390 1863 3611 1913 veram,

2020 1950 2110 2017 qui
2143 1964 2253 2002 non
2280 1948 2577 2017 loquuntur
2600 1946 2867 2009 caelestia,
2907 1944 3002 2001 sed
3035 1953 3274 1997 terrena.
3305 1940 3412 2008 Qui
3434 1950 3509 1995 est
3535 1957 3601 1995 ea:

2029 2050 2190 2100 terra,
2219 2037 2285 2089 de
2323 2046 2463 2089 terra
2509 2034 2783 2103 loquitur;
2829 2032 2920 2102 qui
2967 2031 3032 2084 de
3078 2028 3205 2083 caelo
3246 2029 3403 2091 venit,
3434 2042 3591 2095 super

2027 2144 2058 2181 o
2081 2152 2090 2178 ε
2115 2142 2201 2180 nes
2230 2135 2340 2187 est,
2375 2135 2423 2178 et
2463 2125 2601 2195 quod
2642 2124 2772 2176 cidit
2816 2132 2866 2175 et
2910 2123 3146 2186 audivit,
3183 2119 3496 2189 testiﬁcatur
3519 2119 3585 2169 ”.

2030 2220 2259 2289 Siquis,
2306 2218 2401 2280 ait,
2452 2216 2633 2285 pueris
2666 2216 2758 2284 qui
2811 2214 2863 2267 in
2915 2228 3000 2267 me
3051 2212 3297 2276 credunt,
3347 2211 3586 2265 dixerit:

2028 2310 2262 2375 Quaerite
2307 2305 2681 2373 oeutriloquos,
2720 2316 2769 2357 et
2797 2319 2883 2357 eos
2926 2304 3016 2372 qui
3047 2305 3109 2355 de
3155 2312 3294 2355 terra
3336 2301 3588 2364 clamant,

2025 2401 2115 2468 qui
2144 2399 2322 2451 inania
2348 2396 2652 2465 loquuntur,
2686 2395 2776 2464 qui
2805 2395 2868 2448 de
2911 2404 3085 2448 ventre
3129 2392 3383 2457 clamant,
3427 2391 3591 2445 veluti

2025 2489 2249 2558 quan-ite
2296 2486 2562 2539 dte-monia
2598 2502 2611 2537 :
2646 2484 2713 2537 ab
2758 2500 2866 2537 una
2914 2485 3057 2537 enim
3103 2484 3283 2553 specie
3326 2481 3592 2537 daemonis

2024 2578 2346 2646 ventriloqni
2396 2573 2672 2646 τροπικῶς
2711 2574 2893 2629 omnia
2931 2575 3195 2628 daemonia
3237 2573 3587 2642 nuncupavit.

2025 2670 2086 2724 Si
2129 2669 2358 2723 dixerint
2409 2668 2576 2725 vobis.
2623 2667 2845 2735 quarite
2906 2667 3288 2735 rentriloquos,
3336 2665 3440 2719 hoc
3481 2675 3587 2726 est,

2025 2761 2251 2831 quaerite
2277 2776 2306 2813 ιι
2329 2758 2666 2814 dat-monibus
2704 2757 2819 2811 sive
2832 2756 3235 2820 ,divinationem
3256 2796 3270 2821 ,
3304 2756 3418 2809 sive
3449 2755 3589 2808 veri-

2026 2860 2213 2918 tatem,
2243 2851 2357 2905 sive
2401 2858 2669 2905 sacratam
2701 2848 3243 2920 contemplationem,
3270 2846 3592 2916 respondete

1986 2990 2003 3005 κ
2023 2943 2106 2996 eis
2129 2956 2249 3010 quae
2278 2941 2424 2993 dico.
2453 2939 2583 3005 Qua:
2607 2950 2733 2994 sunt
2757 2955 2880 3009 qua:
2918 2954 3013 2994 eos
3038 2938 3227 2993 docet?
3259 2935 3317 2991 In
3357 2952 3589 3007 sequen—

2027 3036 2171 3091 tibus
2202 3034 2349 3088 dicit.
2382 3033 2445 3088 Et
2482 3040 2610 3087 sunt
2637 3030 2861 3099 quidam
2899 3029 2996 3101 qui
3028 3029 3249 3084 mittunt
3275 3042 3391 3093 vos,
3416 3027 3593 3097 magis

2021 3136 2200 3180 autem
2235 3125 2675 3188 catechumenos,
2709 3133 2973 3192 quantum
3008 3120 3061 3175 iu
3094 3120 3226 3190 ipsis
3249 3133 3333 3173 est
3368 3118 3435 3172 ad
3468 3132 3591 3171 ven-

2022 3217 2307 3285 triloquos.
2345 3214 2445 3281 Qui
2473 3216 2616 3267 enim
2643 3214 2832 3267 volant
2857 3228 2950 3266 vos
2985 3213 3063 3266 ire
3092 3212 3158 3265 ad
3186 3210 3348 3274 idola,
3376 3209 3442 3264 de
3466 3209 3590 3275 qui-

2022 3310 2124 3363 bus
2154 3308 2414 3377 seriptum
2447 3319 2529 3361 est
2554 3322 2567 3355 :
2599 3305 2666 3358 Et
2690 3322 2863 3358 omnes
2885 3304 2961 3357 dii
2986 3306 3214 3374 gentium
3236 3304 3496 3358 daemonia
3519 3302 3587 3366 δ’,

2021 3402 2210 3455 volunt
2238 3414 2335 3454 vos
2380 3399 2457 3452 ire
2499 3413 2606 3451 non
2651 3398 2823 3451 solum
2873 3395 2938 3450 ad
2971 3396 3361 3465 vcntriloquos,
3390 3393 3483 3449 sed
3518 3394 3588 3447 ad

2022 3506 2237 3546 omnem
2273 3490 2509 3559 speciem
2538 3488 2868 3542 diemonum.
2902 3485 3286 3541 Verumtamen
3318 3486 3459 3559 Deus
3488 3500 3586 3538 no-

2022 3594 2131 3637 ster
2162 3580 2255 3650 qui
2289 3581 2342 3633 in
2373 3579 2513 3634 casio
2540 3590 2593 3632 et
2642 3580 2695 3632 iu
2747 3591 2888 3632 terra
2921 3578 3171 3631 universa
3214 3554 3587 3641 facitfevellat

2025 3690 2127 3728 nos
2152 3688 2181 3726 a
2207 3672 2563 3733 daemonibus,
2589 3682 2643 3724 et
2671 3669 2965 3724 familiares
2996 3669 3098 3723 sibi
3138 3667 3300 3723 faciat
3345 3683 3439 3737 per
3467 3652 3585 3720 Siti—

2020 3774 2263 3819 vatorenr
2282 3772 2526 3817 nostrum
2549 3761 2733 3817 Iesum
2762 3760 3060 3816 Christum.
3096 3759 3285 3814 Videte
3315 3776 3443 3830 ergo
3490 3775 3587 3815 nc-

2020 3858 2241 3927 quando
2263 3856 2562 3925 decipiatur
2603 3856 2835 3922 alicujus
2867 3869 2931 3907 ex
2961 3853 3117 3907 vobis
3162 3853 3365 3915 anima,
3394 3860 3452 3906 ut
3480 3852 3581 3906 ad-

2021 3949 2128 4002 huc
2153 3947 2391 4015 ambigat
2421 3954 2475 4001 et
2500 3945 2730 4010 dubitet,
2761 3961 2886 4000 cum
2916 3945 3150 3999 audierit
3177 3944 3327 3998 illum
3357 3955 3409 3998 et
3432 3944 3580 3997 illum

2021 4040 2318 4103 hominem,
2347 4039 2400 4092 in
2426 4037 2518 4093 illo
2540 4038 2685 4093 idolo
2715 4038 2924 4091 daemon
2953 4036 3161 4091 curavit
3183 4036 3333 4089 illum
3366 4035 3585 4105 languo-

2020 4140 2158 4191 rem,
2191 4126 2320 4179 illud
2351 4133 2405 4179 et
2450 4125 2579 4179 illud
2606 4125 2883 4179 divinavit.
2917 4124 3023 4179 Ista
3061 4124 3244 4179 omnia
3287 4124 3425 4178 idola
3457 4132 3583 4177 sunt

2019 4216 2424 4291 daemonum,et
2461 4216 2740 4269 hominum
2774 4231 2881 4269 non
2906 4215 3346 4285 cognoscentium
3384 4214 3582 4268 verita-

2022 4315 2149 4361 tem.
2199 4306 2486 4361 Aseendite
2536 4304 2718 4360 animo
2759 4304 2826 4358 ad
2874 4304 3038 4358 Deum
3078 4304 3169 4374 qui
3211 4314 3293 4358 est
3338 4303 3580 4357 ontuium

361 4395 640 4449 attraxerit
669 4395 969 4450 venientem
1000 4396 1066 4450 ad
1098 4396 1453 4463 Salvatorem,
1484 4403 1624 4453 sicut
1654 4401 1706 4454 in
1743 4401 1920 4456 Evan-
1949 4404 1994 4458 D
2022 4407 2252 4465 creator,
2300 4412 2354 4453 et
2398 4407 2708 4468 comparate
2753 4398 3007 4468 pietatem
3061 4397 3217 4450 istam
3271 4397 3417 4450 omni
3468 4394 3584 4464 (99)

361 4484 498 4555 pelio
524 4485 672 4553 quod
716 4488 1010 4542 secundum
1059 4486 1320 4543 Joannem
1376 4499 1459 4544 est
1501 4491 1809 4546 didicimus.
1854 4491 1918 4546 Et

360 4576 616 4644 quoniam
649 4577 856 4645 accepit
883 4576 1086 4632 donum
1119 4593 1148 4632 a
1178 4578 1338 4635 Patre
1385 4596 1480 4636 eos
1523 4582 1618 4651 qui
1656 4583 1916 4652 credunt,

362 4666 562 4721 idcirco
592 4668 847 4737 propheta
877 4668 943 4722 de
969 4670 1049 4723 eis
1078 4671 1153 4724 ait
1185 4690 1200 4726 :
1237 4671 1370 4726 Ecce
1406 4690 1497 4744 ego
1529 4685 1576 4728 et
1607 4676 1756 4744 pueri
1788 4691 1915 4745 quo:

363 4758 486 4811 milii
507 4757 648 4811 dedit
681 4751 839 4814 Deus.
864 4757 971 4813 Nec
990 4762 1262 4829 putandus
1290 4776 1372 4819 est
1400 4780 1507 4819 non
1536 4766 1797 4820 habuisse
1821 4766 1915 4835 qui

360 4847 588 4915 accepit,
618 4862 742 4901 cum
776 4849 953 4904 adhuc
982 4851 1176 4905 habeat
1210 4852 1325 4921 ipse
1352 4854 1443 4921 qui
1474 4855 1700 4910 dederit.

280 4928 297 4935 ”
428 4935 480 4989 2.
515 4936 714 4991 Deinde
746 4939 800 4991 in
841 4940 1062 5008 reliquis
1094 4942 1373 5009 prophetat
1422 4941 1666 4998 Salvator
1695 4945 1748 4998 in
1790 4960 1914 5015 pro-

358 5025 539 5093 pheta,
572 5028 759 5083 dicens
783 5028 1022 5083 futurum
1070 5046 1187 5084 esse
1216 5042 1272 5085 ut
1302 5048 1424 5085 cum
1478 5036 1743 5104 awperit
1780 5036 1912 5105 pue-

358 5130 469 5177 ros,
495 5117 645 5186 signa
679 5127 732 5171 et
767 5120 1006 5189 prodigia
1048 5120 1179 5174 [iant
1221 5121 1274 5173 in
1313 5122 1496 5176 Israel.
1536 5121 1705 5178 liabet.
1732 5133 1910 5179 autem

324 5252 337 5257 -
360 5205 435 5260 ita
467 5224 482 5261 :
521 5205 583 5260 Et
609 5219 763 5262 erant
794 5211 948 5279 signa
977 5221 1026 5263 et
1053 5211 1294 5281 prodigia
1324 5214 1377 5265 in
1408 5211 1578 5266 Israel
1609 5231 1640 5268 a
1684 5214 1910 5270 Domino

362 5296 612 5366 Sabaoth,
642 5303 731 5371 qui
765 5302 968 5357 habitat
1007 5304 1063 5356 in
1095 5314 1268 5357 monte
1310 5303 1458 5359 Sion.
1500 5304 1604 5370 Qui
1634 5307 1777 5360 enim
1812 5307 1910 5360 ha—

2022 4505 2142 4559 quae
2190 4490 2542 4543 annuntiatur
2586 4504 2705 4543 esse
2734 4488 2926 4558 pietas,
2959 4502 3055 4541 nec
3088 4498 3169 4540 est
3198 4486 3392 4556 pietas,
3420 4494 3473 4540 et
3496 4486 3584 4539 vi-

2021 4580 2143 4634 dete
2172 4582 2297 4649 quia
2346 4594 2445 4635 vos
2495 4580 2634 4634 beati
2684 4582 2836 4634 estis.
2871 4577 3005 4644 Quis
3048 4579 3191 4633 enim
3238 4578 3429 4633 similis
3461 4577 3585 4643 tibi,
3639 4602 3657 4650 ξ,

2021 4675 2218 4744 populo
2266 4673 2473 4728 salvete
2521 4688 2551 4727 a
2594 4671 2862 4726 Domino?
2890 4671 3001 4726 Et:
3052 4670 3218 4724 Beata
3259 4686 3381 4740 gens
3428 4668 3588 4736 cujus
3623 4669 3656 4707 ι’

2023 4765 2276 4819 Dominus
2311 4763 2447 4818 Deus
2480 4765 2613 4833 ejus,
2639 4764 2857 4834 papulas
2886 4779 3035 4834 quem
3082 4761 3231 4829 elegit
3274 4761 3328 4811 in
3366 4758 3578 4810 habita-

2023 4859 2212 4911 tionem
2240 4856 2342 4909 sibi
2364 4856 2430 4909 ".
2467 4832 2626 4909 Beata
2660 4832 2857 4924 quippe
2894 4832 3024 4922 gens
3056 4849 3155 4905 fuit
3181 4850 3452 4920 quondam
3481 4846 3578 4902 Jud

2018 4948 2279 5010 dmorunt,
2308 4944 2399 5000 sed
2426 4945 2654 5015 perdidit
2685 4943 3090 5005 beatitudinem,
3134 4949 3187 4994 et
3212 4938 3380 5008 ejecta
3404 4945 3487 4993 est
3511 4938 3585 4991 de‘

2019 5037 2139 5091 loco
2169 5052 2287 5100 suo,
2314 5036 2439 5105 quia
2468 5051 2590 5090 cum
2632 5035 2724 5103 qui
2757 5034 2959 5087 missus
2989 5041 3073 5086 est
3105 5039 3160 5086 et
3202 5016 3582 5085 testimonium

2021 5127 2209 5182 habuit
2236 5126 2433 5191 Patris,
2462 5141 2567 5180 non
2608 5125 2781 5179 solum
2827 5139 2923 5194 per
2960 5124 3130 5195 legem
3170 5130 3225 5176 et
3263 5120 3583 5191 prophetas,

2018 5234 2205 5272 verum
2229 5226 2283 5271 et
2308 5218 2360 5269 in
2397 5216 2567 5287 signis
2598 5225 2651 5270 et
2682 5215 2962 5284 prodigiis,
2992 5214 3256 5268 insidians
3288 5209 3579 5266 interfecit.

2021 5307 2302 5362 Bcatitudo
2347 5321 2474 5376 ergo
2526 5307 2931 5376 trausmigravit
2970 5306 3034 5359 ad
3080 5320 3178 5360 nos
3213 5301 3343 5360 Jesu
3375 5298 3579 5357 Christi

427 5563 661 5620 "lCor.
700 5581 817 5630 xm,
857 5567 911 5624 9.
986 5568 1029 5599 ³⁸
1067 5568 1194 5621 ibid.
1246 5568 1308 5621 12
1379 5571 1423 5601 ³⁹
1447 5570 1602 5641 Joap.
1643 5587 1724 5638 ιιι,
1755 5573 1842 5637 5i,
1869 5571 1922 5625 '59

2034 5572 2076 5602 ⁸⁸
2106 5570 2243 5626 Psal.
2287 5586 2405 5632 xcv,
2442 5572 2496 5625 5.
2574 5572 2611 5602 ⁸³
2646 5570 2786 5626 l‘sal.
2823 5588 2988 5633 vnn.
3019 5570 3103 5626 l9.

430 5657 542 5729 (99)
571 5659 721 5727 Mss,
746 5662 920 5724 omni;
948 5664 1099 5725 edit.,
1127 5664 1374 5716 omnium.
