4004 6182
535 306 639 372 θῦἹ
686 321 693 332 ’

1699 305 1763 369 S.
1798 303 2103 366 EUSEBII
2156 304 2204 363 ll
2223 302 2597 365 IERONYMI

3659 304 3774 369 968

539 428 858 498 discipulos,
888 436 942 482 et
978 428 1247 482 credimus
1291 427 1357 497 in
1393 442 1457 482 co
1501 428 1827 484 inconcusse
1858 436 1913 482 et
1946 427 2099 481 tirme
2127 431 2170 486 Α
2202 439 2320 478 mre.
2356 423 2458 476 Sed
2496 431 2551 476 et
2579 422 2623 476 si
2652 420 2852 476 dicitur
2880 419 2933 474 in
2965 419 3439 489 reprontisstonem
3467 436 3479 472 :
3509 419 3609 475 Pes
3634 432 3765 479 tm

536 522 776 575 viventes
795 520 947 589 juxta
978 520 1121 588 quod
1147 519 1289 573 docti
1313 534 1523 573 sumus.

604 612 661 667 5.
697 610 763 665 Et
811 611 856 665 si
887 612 1115 664 dixerint
1164 610 1232 662 ad
1268 626 1354 664 vos
1389 626 1407 664 :
1450 609 1681 674 Quaerite
1723 608 2091 679 oentriloquos,

535 711 700 756 et‘eos
729 703 820 771 qui
853 702 917 755 de
939 710 1078 755 terra
1102 701 1356 756 clamant.
1389 701 1526 767 Quia
1567 702 1746 756 inania
1780 702 2092 767 loquuntur,

540 793 859 862 vaniloquos
890 793 1207 847 nominavit.
1236 792 1423 846 Omnis
1452 807 1632 857 sermo
1652 792 1746 863 qui
1778 792 1977 846 dicitur
2003 803 2096 845 aut

542 897 744 937 vacuus
774 891 873 950 est,
910 891 1005 936 aut
1048 883 1239 951 plenus
1275 883 1521 937 veritate.
1556 880 1773 937 Vacuus
1811 892 1893 936 est
1919 896 2096 937 sermo

534 964 710 1019 omnis
723 967 814 1036 qui
849 969 1082 1022 mendax
1112 976 1212 1023 est.
1237 968 1440 1024 Plenus
1467 969 1679 1040 1137
1710 981 1993 1029 estautem
2019 989 2112 1027 vc-

535 1057 696 1112 ritate
735 1060 827 1128 qui
859 1061 1020 1114 habet
1051 1061 1339 1115 scientiam
1370 1061 1461 1115 Dei
1491 1064 1896 1129 universorum,
1920 1078 1977 1120 et
2012 1067 2113 1121 do-

533 1154 619 1197 cet
638 1158 693 1198 ut
713 1150 999 1203 credamus
1022 1150 1131 1202 Deo
1152 1147 1425 1212 pollicenti
1446 1164 1608 1219 regna
1629 1147 1890 1203 eteloruui
1904 1154 2114 1208 sanctis

539 1229 674 1282 suis.
708 1228 839 1284 Vide
862 1247 989 1301 ergo
1023 1233 1148 1301 quid
1186 1234 1367 1288 dicant
1396 1236 1486 1304 qui
1519 1252 1624 1291 non
1653 1235 1868 1293 fuerunt
1892 1238 2096 1293 vaniio-
2126 1285 2138 1295 .

538 1317 654 1383 qui,
683 1332 856 1386 neque
880 1321 1035 1374 vacui
1062 1337 1296 1389 unquam
1332 1333 1697 1392 apparuerunt
1726 1326 1779 1378 in
1807 1338 2095 1396 conspectu

542 1402 777 1461 Domini.
806 1405 918 1459 Nos
945 1424 1121 1462 omnes
1145 1426 1208 1463 ex
1228 1410 1551 1479 plenitudine
1575 1413 1687 1480 ejus
1715 1416 2008 1484 accepimus
2028 1418 2094 1471 δ’.

541 1493 644 1557 Qui
682 1496 957 1566 vaniloqui
990 1508 1136 1564 sunt,
1164 1517 1269 1554 non
1301 1502 1498 1557 habent
1523 1502 1623 1558 hoc
1652 1520 1714 1558 ex
1747 1505 2095 1574 plenitudine,

542 1584 635 1639 sed
663 1601 851 1641 omnes
882 1589 1035 1642 vacui
1070 1600 1198 1645 sunt
1242 1592 1479 1656 veritate,
1522 1595 1679 1648 vacui
1710 1605 1838 1651 sunt
1877 1598 2093 1659 virtute.

543 1675 699 1731 .vacui
735 1687 859 1730 sunt
902 1677 1141 1735 Christo.
1179 1681 1239 1735 Si
1278 1683 1505 1738 dixerint
1540 1685 1679 1740 vobis
1705 1704 1723 1742 :
1752 1686 1982 1751 Qutertte
2012 1705 2096 1741 eos

2200 531 2301 567 non
2331 512 2555 581 o/fendet
2584 511 2652 575 “,
2680 525 2790 566 non
2901 522 2986 564 eat
3129 508 3501 564 arbitramlum
3546 511 3614 567 de.
3638 528 3769 567 cor-

2200 586 2346 671 poris
2372 599 2525 669 pede.
2564 598 2657 654 Est
2688 599 2831 652 enim
2864 599 3083 667 quidam
3118 613 3211 667 pes
3242 600 3422 653 cordis
3452 600 3767 667 ingrediens

2199 693 2263 746 ad
2290 706 2413 744 eum
2442 689 2533 759 qui
2566 688 2702 743 dixit
2728 704 2741 739 :
2772 687 2885 757 Ego
2908 704 3020 741 sunt
3048 688 3129 741 via
3160 684 3223 741 δ”.
3244 686 3344 742 Sic
3377 688 3538 758 igitur
3565 688 3767 743 simila

2201 782 2374 836 ventri
2405 781 2673 850 corporali
2704 789 2892 835 venter
2927 787 3010 835 est
3048 779 3263 843 animat,
3291 778 3358 833 de
3386 794 3494 848 quo
3521 780 3770 849 loquitur

2194 872 2377 942 justus
2406 891 2418 926 :
2447 873 2487 924 A
2515 873 2699 924 timore
2731 881 2842 933 tuo,
2867 869 3107 934 Domine,
3135 869 3189 921 in
3214 878 3387 922 ventre
3410 874 3765 937 concepimus.

2198 973 2244 1018 et
2270 961 2678 1032 parturisimus,
2720 970 2769 1015 et
2804 962 3093 1030 peperimus
3123 961 3372 1027 spiritum
3410 960 3600 1014 salutis
3633 971 3767 1024 tum,

2199 1071 2353 1125 quam
2385 1053 2558 1123 fecisti
2583 1067 2736 1122 super
2766 1063 2959 1106 terram
2984 1050 3048 1105 ⁸⁸.
3084 1050 3408 1120 Quicunque
3431 1060 3612 1105 autem
3645 1053 3771 1120 ple-

2201 1159 2330 1199 num
2360 1144 2557 1198 habent
2585 1150 2820 1197 ventrem
2847 1142 3001 1195 vanis
3024 1141 3387 1206 sermonibus,
3408 1142 3500 1209 qui
3526 1142 3592 1195 dc
3616 1151 3770 1195 terra

2201 1243 2348 1295 sunt,
2379 1231 2582 1286 habent
2613 1238 2849 1284 ventrem
2872 1230 2938 1282 de
2961 1237 3100 1281 terra
3131 1227 3533 1292 subsistentem,
3557 1228 3623 1281 de
3654 1243 3771 1294 quo

2202 1321 2465 1390 scriptum
2496 1327 2580 1373 est
2613 1337 2628 1372 :
2662 1316 2803 1371 Deus
2831 1329 3005 1369 autem
3051 1322 3099 1367 et
3114 1315 3319 1370 istamet
3333 1314 3683 1367 [accedestruet
3697 1310 3771 1364 δ’.

2278 1405 2463 1463 Sancti
2494 1416 2624 1472 ergo
2697 1413 2938 1460 ventrem
2968 1403 3189 1468 habent,
3233 1401 3288 1454 in
3332 1415 3441 1470 quo
3490 1415 3519 1453 a
3568 1402 3775 1454 timore

2204 1496 2414 1552 Domini
2444 1506 2495 1552 et
2518 1504 2901 1564 conceperant,
2930 1501 2985 1548 et
3016 1494 3204 1562 plenus
3234 1501 3318 1546 est
3360 1500 3545 1545 venter
3570 1505 3770 1544 eorum

2203 1587 2442 1643 fontibus
2474 1602 2627 1655 aqum
2668 1586 2910 1646 salientis
2946 1584 2999 1638 in
3046 1582 3210 1636 vitam
3242 1592 3516 1636 teternam.
3550 1579 3629 1634 De
3660 1581 3772 1634 isto

2203 1689 2384 1733 ventre
2406 1678 2483 1732 ait
2516 1677 2604 1731 ille
2628 1696 2641 1730 :
2677 1679 2840 1730 Aures
2866 1684 2915 1728 et
2941 1682 3118 1728 venter
3142 1688 3282 1726 meus
3317 1674 3469 1742 quasi
3510 1681 3631 1725 uter
3656 1674 3777 1739 ple—

539 1766 631 1834 qui
670 1771 732 1819 de
762 1776 900 1822 terra
944 1769 1197 1833 clamant,
1241 1779 1338 1839 qui
1370 1773 1551 1828 inania
1580 1775 1886 1845 loquuntur,
1919 1780 2005 1847 qui
2035 1781 2098 1831 de

2207 1785 2298 1822 nus
2351 1777 2521 1820 musto
2567 1783 2629 1820 ac
2680 1765 2873 1836 ligatus
2905 1766 2973 1818 ⁵ο.
3014 1762 3138 1818 Haec
3185 1764 3327 1817 enim
3373 1762 3506 1817 dixit
3550 1776 3661 1815 non
3698 1761 3775 1814 de

541 1863 713 1909 ventre
740 1855 987 1910 clamant.
1034 1857 1168 1937 Volo
1192 1861 1371 1918 dicere
1416 1872 1469 1917 ct
1513 1880 1732 1921 causam
1786 1882 1954 1937 quare
1998 1869 2099 1922 hoc

542 1943 884 2013 potissimum
937 1935 1261 2005 daemonium
1314 1953 1775 2023 ventriloquorum
1806 1935 1964 2011 nunc
2009 1973 2098 2013 as-

543 2035 837 2101 sumpserit
889 2051 1100 2104 sermo,
1153 2031 1225 2113 ut
1253 2041 1445 2096 dicat:
1491 2043 1551 2098 Si
1598 2045 1827 2099 dixerint
1869 2047 1937 2099 ad
1990 2064 2099 2113 vos,

541 2125 763 2190 qua'rite
788 2112 1171 2197 ventriloquos:
1199 2129 1442 2187 Invenies
1472 2149 1657 2188 omnes
1687 2137 1777 2203 qui
1817 2139 2096 2204 repromit-

545 2221 688 2277 tunt,
719 2232 817 2271 nec
863 2218 1062 2273 habent
1102 2222 1379 2277 veritatem
1401 2264 1416 2290 ,
1448 2229 1621 2279 ventri
1652 2243 1751 2281 suo
1787 2230 2100 2294 servientes,

544 2314 598 2357 et
629 2306 1028 2374 quodammodo
1061 2321 1277 2379 propter
1307 2315 1634 2383 voluptatem
1676 2317 1794 2387 ejus
1833 2329 1887 2375 et
1930 2322 2105 2375 abun-

545 2393 783 2449 dantiam
816 2408 1007 2453 cuncta
1040 2399 1235 2457 facere.
1279 2402 1396 2458 Non
1440 2406 1615 2461 solum
1648 2419 1826 2463 autem
1856 2412 2102 2481 gentiles,

547 2485 638 2540 Sed
670 2496 723 2541 et
748 2503 863 2554 eos,
895 2491 988 2559 qui
1014 2509 1136 2547 cum
1168 2498 1548 2565 repromittant
1569 2499 1621 2553 in
1651 2500 1869 2556 Christo
1893 2506 2105 2576 religio-

550 2592 695 2643 nem,
725 2577 960 2636 lneretici
995 2593 1153 2651 sunt;
1181 2595 1236 2641 et
1263 2603 1368 2642 non
1401 2598 1608 2644 tantum
1639 2590 1781 2655 illos,
1811 2594 1902 2648 sed
1942 2597 2103 2651 etiam

547 2667 604 2721 in
635 2669 790 2724 nohis
822 2672 915 2741 qui
960 2674 1307 2731 ecclesiastici
1357 2694 1567 2745 sumus,
1600 2683 1841 2738 invenies
1871 2685 2102 2754 aliquem

549 2774 646 2827 pro
666 2762 957 2817 saturitate
985 2767 1189 2821 ventris
1230 2779 1423 2824 cuncta
1458 2787 1664 2841 gerere,
1697 2786 1758 2829 ut
1791 2776 2103 2844 honoretur,

546 2859 599 2927 et
631 2849 858 2918 accipiat
889 2867 1114 2907 munera
1144 2870 1265 2924 qua)
1300 2857 1352 2910 in
1378 2856 1614 2914 Ecclesia
1640 2861 1972 2918 deferuntur.
2002 2864 2106 2921 Iste

550 2938 674 2993 talis
715 2940 781 2993 de
820 2951 1003 2997 ventre
1033 2943 1277 3014 loquitur
1311 2958 1365 3002 et
1392 2947 1514 3004 fons
1560 2967 1873 3009 sermonum
1903 2957 2019 3024 ejus
2049 2960 2104 3012 in

547 3039 733 3084 ventre
772 3033 1040 3088 consistit.
1099 3034 1214 3090 Non
1262 3039 1406 3092 enim
1459 3039 1582 3096 fons
1632 3058 1943 3115 sermonum
1988 3048 2104 3118 ejus

2201 1859 2466 1927 corporali
2497 1866 2684 1912 ventre
2713 1876 2726 1912 :
2762 1873 2862 1913 nec
2885 1855 3030 1911 enim
3078 1863 3262 1909 venter
3306 1853 3425 1922 ejus
3467 1851 3775 1920 corporalis

2200 1951 2389 2019 plenus
2419 1956 2536 2002 erat
2564 1947 2867 2001 divinorum
2897 1955 2951 2001 et
2979 1945 3060 2001 his
3092 1944 3461 2015 proximorum
3492 1942 3615 1996 vino
3643 1943 3771 1996 allio

2201 2050 2324 2107 gato
2353 2039 2406 2091 in
2434 2047 2630 2092 utrem.
2658 2037 2765 2092 Ista
2796 2037 2851 2090 in
2878 2024 3201 2092 solutionem
3234 2034 3645 2105 propositionis.

2271 2127 2325 2179 4.
2359 2125 2510 2199 Nunc
2555 2127 2622 2181 ad
2671 2126 2776 2182 hoc
2823 2125 2967 2195 quod
3015 2127 3279 2195 coepimus
3312 2134 3671 2181 revertamur.
3707 2122 3773 2180 Si

2203 2232 2330 2286 ergo
2374 2217 2608 2270 dixerint
2641 2218 2710 2271 ad
2754 2233 2840 2271 vos
2874 2232 2893 2270 :
2935 2215 3167 2282 Quaerite
3198 2216 3566 2287 ventriloquos,
3595 2225 3646 2270 et
3680 2234 3773 2271 eos

2203 2309 2291 2377 qui
2321 2308 2385 2362 de
2411 2316 2550 2362 terra
2579 2308 2842 2373 clamant,
2872 2323 2974 2361 non
3017 2323 3138 2376 gens
3185 2307 3254 2360 ad
3307 2306 3476 2361 Deum
3514 2326 3672 2361 suum
3701 2310 3771 2375 σί,

2205 2400 2319 2452 haec
2342 2400 2422 2451 eis
2449 2398 2784 2467 respondete.
2817 2397 3134 2452 Deﬁcienter
3159 2406 3338 2452 autem
3368 2399 3563 2452 dicitur
3596 2416 3609 2450 :
3643 2398 3775 2453 lla-c

2203 2489 2282 2543 eis
2313 2489 2648 2555 respondete,
2680 2502 2784 2540 non
2813 2501 2933 2556 gens
2966 2487 3034 2538 ad
3061 2484 3229 2540 Deum
3259 2502 3410 2538 suum
3446 2488 3770 2556 exquiritur.

2206 2576 2553 2648 Unaquaeque
2588 2590 2743 2647 Reus,
2794 2577 2839 2633 si
2887 2578 3081 2647 quaerit
3119 2577 3330 2643 Jovem,
3374 2578 3441 2632 ad
3488 2581 3772 2648 proprium

2206 2667 2375 2723 Deum
2426 2668 2589 2722 refert
2631 2667 2775 2737 quod
2823 2667 3090 2737 quaesivit.
3135 2665 3260 2722 Haec
3298 2666 3379 2721 eis
3425 2668 3769 2735 respondete.

2208 2757 2317 2812 Vos
2344 2768 2525 2813 autem
2556 2757 2811 2813 Israelita:
2845 2758 3104 2813 habentes
3133 2757 3302 2812 Deum
3337 2772 3522 2812 verum
3564 2759 3657 2826 qui
3689 2768 3773 2814 est

2206 2865 2370 2919 super
2419 2849 2633 2916 omnia,
2680 2864 2803 2905 cum
2853 2847 3125 2918 quarritis,
3172 2847 3335 2902 nolite
3398 2848 3771 2917 ventriloquos

2208 2949 2467 3002 quaerere,
2508 2949 2682 3003 neque
2720 2935 2788 2989 de
2830 2946 2976 2989 terra
3003 2935 3317 2999 clamantes,
3354 2950 3528 3003 neque
3556 2936 3772 2990 vanilo-

2207 3040 2365 3094 quos,
2399 3026 2493 3080 sed
2527 3026 2801 3096 pr0prium
2834 3024 3020 3081 Deum.
3055 3024 3158 3089 Qui
3182 3036 3420 3095 quaerunt
3455 3027 3518 3079 de
3555 3028 3774 3080 viventi-

550 3116 617 3171 de
659 3122 820 3175 corde
853 3121 997 3176 bono
1030 3123 1164 3188 ﬂuit,
1194 3141 1299 3179 non
1344 3127 1410 3182 de
1453 3130 1612 3187 bonis
1661 3099 2101 3205 cogitationibus,

2208 3116 2299 3168 bus
2346 3123 2598 3169 mortuos.
2641 3115 2839 3169 Mortui
2884 3115 3029 3170 enim
3081 3124 3210 3170 sunt
3257 3115 3527 3171 daemones
3573 3118 3769 3186 privati

551 3225 659 3263 non
701 3212 768 3266 de
813 3223 1002 3268 sancto
1043 3214 1268 3284 Spiritu.
1310 3217 1364 3271 Si
1404 3221 1528 3288 quis
1559 3237 1688 3293 ergo
1728 3225 2019 3296 aliquando
2050 3237 2136 3286 se

549 3300 745 3367 docere
768 3305 1050 3389 promittit,
1080 3307 1357 3365 observate
1385 3320 1563 3378 utrum
1593 3329 1871 3374 sermones
1897 3320 2014 3389 ejus
2043 3323 2109 3377 de

550 3401 739 3446 ventre
783 3388 1017 3449 habeant
1060 3400 1408 3469 principium,
1443 3418 1646 3459 annon.
1676 3388 2107 3478 Propositionem

552 3492 729 3534 autem
776 3500 897 3553 quae
928 3488 1060 3541 mihi
1106 3490 1209 3545 dici
1260 3502 1455 3561 potest,
1502 3495 1616 3564 ipse
1649 3498 2010 3569 interponam,
2042 3519 2108 3558 ne

550 3570 688 3625 forte
714 3577 836 3643 quis
869 3591 934 3630 ex
958 3579 1109 3633 vobis
1147 3595 1177 3633 a
1206 3596 1478 3651 quoquam
1510 3602 1629 3640 eam
1665 3588 1889 3645 audiens
1918 3592 2108 3647 existi-

551 3672 663 3716 met
698 3673 788 3718 aut
833 3663 1165 3737 Scripturam
1201 3671 1305 3725 sibi
1348 3687 1467 3728 esse
1501 3678 1851 3744 contrariam,
1885 3690 1978 3735 aut
2010 3698 2109 3737 nos

550 3751 853 3821 inspexisse
882 3759 1154 3825 quomodo
1192 3770 1437 3828 oporteat
1481 3767 1779 3833 approbare
1804 3783 2107 3825 sermonem

553 3840 608 3895 in
658 3856 752 3896 eos
798 3848 1194 3903 accusatorium
1234 3852 1327 3919 qui
1371 3853 1437 3906 de
1479 3864 1666 3909 ventre
1696 3856 1952 3913 clamant.
1980 3859 2110 3926 Quae

552 3943 637 3989 est
663 3951 792 4004 ergo
822 3939 1156 4005 propositio?
1186 3939 1244 3994 Si
1293 3944 1430 4011 quis,
1463 3944 1555 4009 ait,
1583 3946 1745 3999 credit
1784 3947 1839 4000 in
1879 3965 1979 4014 me,
2007 3951 2111 4019 [lu-

554 4026 695 4080 mina
743 4028 807 4080 de
850 4040 1023 4082 ventre
1065 4031 1176 4099 ejus
1205 4033 1392 4100 ﬂuent,
1437 4035 1553 4102 fons
1591 4052 1739 4105 aqua:
1784 4038 2022 4093 salientis
2054 4041 2110 4095 in

553 4118 711 4172 vitam
758 4129 1004 4173 retentant
1029 4121 1095 4174 “.
1130 4121 1281 4177 Dicat
1321 4124 1501 4194 itaque
1543 4128 1739 4196 aliquis
1770 4129 1836 4183 de
1888 4131 1973 4185 his
2017 4132 2109 4200 qui

554 4215 878 4273 proponunt.
932 4208 989 4262 Si
1040 4208 1285 4266 Salvator
1326 4216 1649 4282 repromittit
1699 4218 1848 4274 hunc
1886 4235 2006 4275 esse
2045 4222 2111 4275 de

552 4307 741 4351 ventre
776 4297 978 4369 fontem
1004 4317 1157 4370 aqua:
1185 4303 1429 4359 salientis
1458 4305 1511 4359 in
1540 4308 1704 4361 vitam
1738 4318 2014 4376 atternam,
2045 4310 2110 4365 de

549 4386 698 4490 justp
749 4391 1052 4490 egreditur,
1101 4402 1155 4447 et
1192 4393 1375 4463 justus
1418 4396 1484 4451 de
1535 4406 1722 4452 ventre
1782 4400 1997 4455 clamat.
2052 4400 2106 4455 Si
2140 4432 2186 4490 ο

553 4478 769 4546 quidem
798 4478 919 4533 fons
949 4496 1101 4549 aquae
1130 4498 1288 4551 quem
1319 4483 1463 4540 Deus
1495 4487 1838 4555 repromittit,
1878 4489 1930 4542 in
1979 4507 2108 4546 ven"

553 4578 634 4623 tre
664 4568 782 4637 ejus
814 4577 914 4623 est.
966 4569 1071 4626 Sed
1103 4573 1388 4628 dicendum
1434 4585 1517 4631 est
1559 4593 1628 4633 ne
1666 4577 1803 4634 forte
1842 4580 1977 4635 duos
2008 4582 2108 4636 ha-

553 4659 780 4715 beamus
812 4669 1051 4728 ventres,
1079 4671 1132 4718 et
1159 4664 1297 4720 alius
1328 4665 1400 4720 sit
1431 4669 1749 4737 corporalis,
1783 4671 1922 4726 alius
1951 4673 2110 4742 spiri-

554 4750 699 4818 talis,
749 4753 1024 4820 quomodo
1075 4752 1296 4822 reliqua:
1342 4763 1522 4823 partes
1577 4772 1697 4825 quae
1750 4757 2000 4814 videntur
2052 4762 2105 4815 in

545 4854 777 4909 corpore
812 4838 1107 4905 neminari,
1136 4839 1302 4894 veluti
1336 4853 1465 4894 sunt
1481 4842 1646 4907 oculi,
1669 4855 1854 4896 verum
1888 4835 1979 4898 alii
2002 4856 2125 4898 cor-

545 4932 720 5002 poris,
751 4930 840 4987 alii
869 4933 1085 4988 animae.
1115 4932 1333 4987 Sienim
1354 4932 1555 4987 dicitur
1571 4933 1638 4988 de
1659 4934 1831 4989 oculis
1855 4952 1869 4988 :
1896 4934 2128 4989 Manda-

549 5034 661 5078 tum
693 5022 904 5078 Domini
938 5024 1193 5092 lucidum,
1222 5023 1535 5079 illuminans
1565 5025 1744 5079 oculos
1766 5025 1837 5091 “,
1865 5041 1971 5078 non
1998 5035 2132 5096 puto

549 5115 652 5171 hoc
679 5113 1022 5171 referendum
1071 5117 1353 5187 adloculos
1375 5118 1706 5188 corporales.
1727 5117 1795 5172 Et
1822 5119 1865 5172 si
1886 5118 2089 5172 dicitur
2111 5135 2126 5174 :

551 5204 654 5271 Qui
679 5209 832 5262 habet
891 5226 1043 5264 aures
1072 5209 1344 5274 audiendi,
1381 5210 1568 5264 audiat
1615 5209 1681 5275 ⁸⁸,
1745 5209 1960 5281 1138
2019 5224 2127 5263 non

552 5305 637 5353 est
672 5296 968 5366 putandum
996 5295 1101 5352 hoc
1132 5296 1235 5352 dici
1269 5297 1334 5351 de
1359 5297 1601 5366 corporis
1644 5294 1886 5360 auribus,
1920 5294 2013 5349 sed
2043 5295 2109 5349 dc

478 5402 483 5405 '
554 5391 768 5457 animai,
801 5402 936 5458 quas
968 5388 1162 5443 habent
1195 5389 1288 5457 qui
1323 5388 1506 5441 mundi
1539 5396 1666 5441 sunt
1698 5386 1748 5438 iu
1778 5386 1961 5440 auditu
1993 5385 2110 5439 ani—

2208 3221 2334 3259 vera
2365 3205 2495 3269 vita,
2527 3220 2648 3274 quae
2674 3206 2805 3261 dicit
2838 3222 2850 3257 :
2891 3201 3001 3274 Ego
3042 3222 3158 3258 sum
3189 3207 3293 3259 vita
3331 3208 3398 3260 ⁵¹.
3432 3205 3607 3262 Nolite
3640 3224 3771 3277 ergo

2209 3306 2452 3352 mortuos
2486 3297 2753 3352 sciscitari
2801 3298 2866 3351 de
2914 3298 3053 3352 vivis
3100 3299 3350 3366 negotiis.
3395 3298 3588 3369 Legem
3623 3302 3767 3354 enim

2209 3388 2548 3457 suscepistis.
2581 3387 2624 3441 0
2651 3403 2746 3442 vos
2772 3389 2970 3457 quibus
2994 3389 3302 3457 persuaderi
3339 3404 3448 3442 non
3487 3391 3679 3459 potuit,
3712 3401 3771 3445 ut

2209 3480 2519 3547 quaereretis
2546 3481 2645 3534 ista
2673 3479 2739 3535 de
2768 3480 3143 3548 ventriloquis,
3175 3489 3228 3535 et
3262 3480 3327 3535 de
3359 3490 3501 3534 terra
3526 3481 3767 3535 clama».

2210 3571 2352 3625 tibus
2381 3571 2534 3627 vanis
2585 3572 2927 3626 sermonibus
2970 3586 3278 3625 sermonem
3318 3572 3557 3627 veritatis
3587 3581 3641 3626 et
3690 3574 3770 3626 le-

2209 3676 2349 3730 gem,
2393 3662 2746 3729 suscipientes
2783 3677 2903 3716 eam
2949 3662 3001 3714 in
3036 3661 3364 3730 adjutorium
3401 3661 3534 3732 legis
3554 3670 3766 3727 vestra’,

2209 3751 2486 3804 attendite.
2512 3752 2572 3804 1n
2622 3752 2737 3821 lege
2777 3760 2954 3806 vestra
3002 3752 3257 3806 scribitur
3304 3750 3472 3805 :Non
3521 3755 3767 3821 sequaris

2210 3841 2385 3909 idola;
2413 3842 2565 3911 juxta
2609 3842 2777 3911 legem
2814 3841 3074 3896 facientes
3111 3859 3218 3897 non
3251 3842 3539 3897 attendatis
3566 3844 3770 3898 ventri-

2209 3932 2425 4002 loquis,
2471 3948 2644 4001 neque
2694 3933 2778 3987 his
2820 3933 2913 4002 qui
2961 3934 3027 3986 de
3083 3943 3227 3987 terra
3278 3934 3531 3988 clamant.
3580 3934 3765 4004 Legem

2209 4026 2343 4078 enim
2388 4026 2442 4076 in
2488 4025 2814 4092 adjutoriunt
2842 4024 3004 4087 dedit,
3034 4035 3093 4077 ut
3138 4025 3351 4089 dicant,‘
3382 4043 3485 4079 non
3524 4037 3598 4079 est
3632 4027 3767 4080 sicut

2209 4114 2415 4168 verbum
2445 4115 2610 4178 istud,
2642 4130 2736 4183 pro
2781 4129 2879 4182 quo
2920 4131 3021 4167 non
3060 4126 3137 4168 est
3165 4132 3381 4168 munera
3415 4117 3542 4170 dare
3567 4117 3632 4169 ⁵³.
3663 4115 3767 4183 Qui

2210 4205 2353 4260 enim
2380 4207 2675 4273 assumpsit
2703 4204 2895 4275 legem,
2921 4213 2975 4259 et
3008 4206 3157 4259 novit
3190 4208 3319 4274 quia
3349 4208 3430 4260 lex
3470 4208 3522 4259 in
3553 4208 3765 4277 adjuto-

2210 4297 2351 4349 rium
2395 4304 2507 4360 est,
2549 4304 2601 4349 et
2644 4297 2912 4364 pratcipue
2950 4297 3239 4365 spiritalis,
3281 4313 3398 4366 quae
3432 4300 3703 4353 interdicit
3737 4319 3766 4353 a

2212 4384 2563 4453 ventriloquis
2603 4393 2654 4438 et
2700 4386 2944 4454 auguriis
2975 4400 3245 4455 quzercre;
3276 4385 3363 4439 hic
3403 4401 3525 4439 cum
3558 4386 3768 4441 intelle-

2214 4476 2352 4529 xerit
2395 4475 2586 4545 legem,
2631 4474 2790 4529 debet
2827 4475 3102 4528 admiraus
3146 4489 3263 4527 eam
3310 4473 3509 4539 dicere,
3557 4476 3763 4529 nul‘lum

2214 4567 2438 4621 verbum
2491 4567 2565 4619 ita
2624 4566 2887 4619 mundum
2939 4567 3081 4634 apud
3122 4565 3337 4619 Gra‘cos
3383 4576 3435 4619 et
3485 4566 3765 4626 barbaros,

2213 4659 2373 4728 quale
2404 4666 2487 4713 est
2516 4657 2733 4712 verbum
2782 4656 2934 4727 legis.
2985 4658 3066 4710 Ab
3103 4658 3252 4711 omni
3298 4658 3440 4712 enim
3484 4658 3668 4723 verbo,
3697 4660 3764 4711 ab

2212 4749 2462 4803 universa
2508 4747 2752 4802 doctrina
2788 4748 3068 4801 veritatem
3111 4747 3396 4814 pollicente
3440 4746 3615 4811 diil‘ert
3658 4747 3760 4810 lex,

2213 4855 2333 4910 qua
2364 4855 2394 4893 a
2424 4836 2535 4894 Deo
2565 4838 2723 4892 nobis
2753 4837 2878 4893 data
2920 4848 3019 4893 est.
3049 4837 3237 4908 Legem
3274 4840 3413 4892 enim
3452 4839 3505 4891 in
3553 4838 3761 4906 adjuto-

2211 4933 2347 4985 rium
2374 4930 2535 4995 dedit,
2566 4937 2622 4982 ut
2662 4929 2862 4995 dicant,
2895 4943 2997 4982 non
3035 4929 3171 4981 sicut
3206 4928 3412 4981 verbum
3439 4929 3597 4981 istud.
3627 4927 3760 4993 Quid

2213 5033 2295 5078 est
2326 5015 2471 5091 quod
2518 5033 2625 5076 non
2657 5030 2739 5075 cst
2785 5020 2924 5074 sicut
2967 5020 3190 5075 verbum
3239 5020 3420 5074 istud?
3448 5018 3610 5073 Multa
3638 5032 3762 5071 sunt

2212 5114 2397 5176 verba,
2426 5113 2519 5167 sed
2560 5128 2670 5167 non
2718 5111 2859 5166 sicut
2897 5111 3120 5164 verbum
3172 5109 3336 5165 istud.
3366 5108 3581 5163 Nullum
3619 5110 3760 5162 enim

2213 5204 2436 5258 verbum
2485 5201 2607 5274 post
2640 5186 2876 5256 verbum
2916 5199 3107 5270 Moysi,
3142 5209 3265 5271 post
3291 5200 3513 5254 verbum
3544 5199 3763 5268 prophe-

2212 5304 2428 5359 tarum,
2478 5295 2646 5348 multo
2692 5302 2870 5347 autem
2924 5293 3155 5362 amplius
3201 5302 3324 5361 post
3369 5292 3588 5346 verbum
3636 5288 3761 5344 .lesu

2212 5385 2415 5441 Christi
2452 5393 2504 5438 et
2556 5384 2923 5452 apostolorum
2957 5384 3095 5452 eius.
3141 5382 3266 5439 Vide
3306 5384 3353 5439 si
3394 5399 3497 5438 non
3531 5383 3766 5437 clamant

622 5630 666 5660 δ’
699 5627 855 5682 Joan.
879 5642 917 5689 ι,
949 5624 1031 5680 l6.
1107 5622 1151 5654 ⁸³
1184 5621 1338 5676 Joan.
1381 5637 1475 5683 vn,
1496 5620 1592 5684 58;
1627 5636 1699 5684 iv,
1728 5620 1812 5671 Μ.
1887 5617 1933 5651 ⁸⁵
1964 5618 2104 5689 Psal.
2135 5634 2289 5685 xvm,
2313 5620 2366 5672 9.
2398 5688 2403 5689 γ
2441 5617 2488 5649 ⁸⁸
2522 5616 2707 5689 Matth.
2733 5632 2851 5679 xm,
2875 5618 2925 5671 9.
2990 5617 3034 5650 “
3064 5617 3220 5689 P_mv.
3249 5590 3333 5683 tn,
3364 5620 3454 5676 25.
3531 5622 3573 5652 ⁵⁷
3604 5620 3755 5680 Joan.

554 5710 665 5759 xw,
692 5697 745 5749 6.

555 5778 629 5832 vi,
649 5765 737 5819 20.

820 5697 864 5727 “
894 5686 996 5751 lsa.
1035 5709 1178 5757 xxvi,
1226 5693 1309 5744 18.
1388 5691 1477 5761 ‘9‘!
1507 5690 1630 5744 Cor.
1668 5706 1739 5753 vi,
1936 5691 1979 5722 ⁶⁰
2009 5688 2109 5743 Job
2140 5705 2312 5757 χχχιι,
2356 5688 2439 5743 l9.
2514 5688 2559 5723 ⁸¹
2608 5686 2707 5742 lsa.
2735 5702 2818 5754 vi,
2845 5690 2928 5742 l9.
3007 5688 3051 5718 ⁵⁸
3085 5687 3238 5744 Joan.
3300 5705 3409 5758 xiv,
3458 5692 3510 5744 6.
3584 5691 3754 5748 “ha.
