4004 6182
315 364 425 429 99

799 370 1272 432 TllANSLATlO
1301 370 1795 431 llOilllJARUM
1836 371 2205 433 ORIGENIS
2250 370 2330 430 IN
2370 372 2730 433 VISIONES
2777 373 3024 435 lSAlt-E.

3437 374 3542 437 97“

314 510 509 548 sensus
544 497 632 549 Dei
662 500 801 566 ιιιιοςι
831 497 1034 552 dictum
1065 511 1147 556 est
1178 520 1188 555 :
1229 501 1419 570 Legem
1451 502 1590 554 enim
1631 503 1683 555 in
1728 500 1847 567 adju

1948 545 1951 555 .
1985 495 2481 553 verisimilitudine.
2522 495 2826 557 cunctaque
2882 487 3079 542 virtute
3128 487 3413 543 falsitatem
3453 504 3539 541 Se-

317 584 512 638 to-sium
559 587 737 651 dedit,
790 598 844 642 ut
887 591 1068 642 dicant
1109 595 1200 659 qui
1244 602 1563 660 aereperunt
1609 593 1774 661 legem
1820 594 1870 645 itt

312 675 661 742 adjutorium,
693 694 797 729 llt).'l
844 690 925 732 est
972 689 1027 733 ut
1064 682 1281 733 verbum
1314 682 1453 735 istud
1487 682 1629 750 quod
1660 684 1873 735 locutus

310 774 394 820 est
419 765 630 836 Moyses
656 767 707 820 in
736 768 850 833 lege
878 770 981 823 lata
1012 788 1107 839 per
1129 774 1349 840 angelos
1384 773 1435 824 in
1474 789 1632 826 manu
1671 775 1873 827 media-

310 852 445 905 toris
478 852 543 906 “.
591 852 757 906 Multo
810 864 987 909 autem
1025 859 1238 926 dignius
1288 868 1458 926 potest
1500 861 1599 913 hoc
1634 859 1755 913 Eccl
1794 862 1870 915 sia

307 940 506 1003 dicrre,
535 957 641 995 non
687 953 769 1010 est
813 944 952 998 sicut
995 947 1215 1000 verbum
1261 949 1398 1001 istud
1434 950 1576 1018 quod
1616 965 1744 1004 caro
1791 950 1870 1004 fa-

308 1040 455 1083 etnm
488 1041 589 1095 est,
621 1034 761 1099 quod
812 1034 1074 1089 habitavit
1116 1037 1167 1089 in
1211 1038 1397 1101 nobis,
1436 1038 1590 1105 cujus
1626 1040 1868 1093 \ltlL‘lllllS

307 1115 555 1184 gloriam,
592 1134 697 1171 non
739 1120 879 1174 sicut
918 1120 1129 1193 Moyses
1160 1124 1423 1179 velamine
1454 1126 1742 1190 obtectam,
1774 1129 1866 1182 sed

305 1206 532 1274 gloriam
563 1217 817 1276 tanquam
850 1210 1117 1282 Unigeniti
1146 1230 1174 1267 a
1208 1214 1386 1279 Patre,
1422 1217 1563 1285 pleni
1600 1219 1784 1286 gratiae
1814 1228 1867 1273 et

304 1297 547 1353 veritatis
574 1300 639 1354 ⁸⁸.
674 1299 789 1355 Non
826 1313 908 1357 est
952 1306 1092 1359 sicut
1122 1305 1357 1361 Verbum
1388 1309 1528 1364 istud
1562 1311 1704 1380 quod
1747 1328 1867 1366 sus-

302 1388 443 1455 cepit
471 1387 731 1456 Ecclesia,
757 1393 807 1445 in
840 1410 947 1462 quo
976 1411 1065 1449 cre
1085 1398 1164 1461 lit,
1192 1414 1286 1466 per
1307 1401 1448 1466 quod
1472 1409 1522 1454 et
1549 1402 1862 1464 salvabitur,

302 1469 538 1529 Verbum
575 1479 720 1547 quod
768 1480 819 1533 in
869 1482 1134 1552 principio
1177 1493 1294 1539 erat
1337 1488 1476 1556 apud
1511 1487 1677 1543 Deum
1725 1489 1863 1545 Deus

305 1557 562 1629 Verbum,
594 1569 679 1622 cui
719 1571 886 1639 gloria
918 1581 970 1626 ct
1010 1573 1296 1643 imperium
1329 1577 1382 1630 in
1412 1579 1605 1634 srecula
1636 1581 1861 1635 saeculo-

306 1668 445 1708 rntn.
472 1655 664 1712 Amen.

704 1740 920 1813 1139
946 1743 1233 1801 llUMILlA
1261 1746 1399 1802 Vlll.

302 1863 641 1957 lle-eo‘quod
665 1874 925 1957 set-ippon
948 1888 1029 1957 est
1058 1900 1071 1932 :
1111 1880 1321 1938 Ululate
1348 1889 1613 1957 scnlptilia
1642 1893 1694 1944 in
1728 1893 1854 1947 Hie—

371 1937 595 2020 rusalefll
628 1939 757 2020 “ni”
778 1937 788 1941 '
809 1937 1081 2020 δωηίίνίζι.
1110 1967 1279 2020 υεαιιρ
1302 1937 1387 2008 ντὶιί
1408 1937 1547 2011 "(illm
1583 1937 1850 2016 incumin

365 2020 475 2094 quo
501 2009 613 2094 ait‘:
658 2009 725 2062 Et
757 2017 1085 2069 commovebo
1129 2009 1360 2077 ciuitates
1396 2009 1854 2094 qtta'whabita‘ntu'r

368 2078 507 2142 (cap.
537 2078 614 2145 Χ).

367 2200 591 2295 l_._f)lim
626 2209 842 2274 quidem
879 2213 1093 2276 quando
1135 2222 1374 2285 peccavit
1410 2226 1640 2293 populus
1685 2230 1848 2295 prior,

289 2290 492 2344 excidit
517 2307 547 2345 a
572 2295 849 2365 religione,
882 2309 935 2353 et
962 2303 1229 2371 sculptilia
1262 2290 1556 2365 fabricatus
1581 2324 1663 2368 est
1685 2290 1851 2372 ludas

291 2378 345 2431 in
376 2378 733 2446 Hierusalem,
775 2394 827 2439 et
861 2387 905 2441 is
943 2391 1033 2457 qui
1069 2390 1230 2445 Israel
1265 2397 1557 2452 vocabatur
1580 2402 1631 2453 in
1664 2403 1852 2459 Sama-

290 2469 390 2521 ria.
423 2468 479 2522 Si
523 2480 700 2525 autem
736 2484 789 2528 et
817 2492 961 2532 nunc
1001 2480 1195 2549 aliquis
1237 2486 1539 2543 consideret
1572 2506 1635 2545 ex
1674 2496 1851 2549 multi-

290 2558 475 2610 tudine
503 2574 690 2613 eorum
720 2565 810 2632 qui
836 2568 1162 2638 colliguntur
1198 2585 1529 2641 peccatores,
1571 2596 1674 2635 non
1706 2585 1851 2654 pige-

288 2644 367 2697 bit
403 2662 524 2701 eum
565 2650 779 2720 dicere,
825 2659 966 2724 quod
1008 2663 1381 2734 unusquisque
1425 2666 1589 2723 Deum
1649 2644 1849 2729 faciens

286 2736 433 2802 quod
479 2739 760 2813 existimat
805 2760 926 2800 esse
975 2747 1199 2815 bonum,
1244 2762 1299 2807 et
1340 2758 1578 2814 serviens
1609 2775 1846 2830 peccato,

289 2824 607 2883 maledictus
652 2841 737 2887 est
788 2833 992 2889 faciens
1028 2840 1294 2907 sculptile,
1330 2850 1384 2896 et
1428 2824 1673 2903 conﬂans
1709 2824 1846 2919 opus

288 2928 546 2971 manuum
582 2922 801 2977 artiﬁcis
848 2933 901 2978 et
942 2942 1147 2996 ponens
1192 2931 1321 2985 illud
1372 2934 1424 2987 in
1470 2938 1755 2995 absconso.
1788 2943 1843 2997 ln

285 3002 553 3059 absconso
578 3010 776 3079 quippe
799 3014 978 3070 cordis
1010 3018 1177 3072 multa
1211 3019 1439 3077 facimus
1478 3026 1616 3080 idola
1652 3030 1699 3083 si
1724 3046 1848 3098 pec-

285 3103 492 3147 ceznus.
532 3094 683 3152 Unde
713 3116 891 3154 sermo
914 3121 1010 3158 nos
1044 3107 1231 3161 edocet
1264 3113 1635 3177 paenitentiam
1666 3094 1841 3188 agere,

283 3194 333 3235 et
363 3185 569 3239 ululare
604 3204 765 3257 super
799 3194 1159 3263 sculptilibus,
1195 3209 1249 3253 et
1290 3203 1447 3256 idolis
1479 3222 1599 3274 quae
1632 3185 1760 3263 sunt
1791 3185 1845 3266 in

282 3270 618 3331 Hierusalem
647 3290 700 3333 et
742 3279 1007 3339 Samaria.
1051 3287 1117 3342 Et
1164 3291 1212 3345 si
1245 3293 1461 3361 quidem
1510 3311 1609 3350 nos
1654 3314 1844 3367 pecce-

282 3378 428 3426 mus,
462 3367 553 3435 qui
587 3384 706 3423 esse
739 3371 804 3425 de
830 3374 1065 3431 Ecclesia
1102 3382 1382 3449 cupimus,
1415 3383 1469 3436 in
1509 3384 1845 3444 Hierusalem

283 3450 513 3512 facimus
541 3461 830 3529 sculptilia.
876 3465 931 3519 Si
973 3484 1102 3523 vero
1147 3472 1182 3524 ii
1225 3474 1315 3541 qui
1367 3484 1517 3530 extra
1552 3478 1843 3535 Ecclesium

280 3546 559 3602 constituti
605 3563 732 3607 sunt
783 3559 1054 3624 quomodo
1099 3562 1332 3619 haeretici
1374 3573 1733 3637 peccaverint,
1764 3573 1845 3627 fa-

277 3636 432 3691 ciunt
462 3640 601 3694 idola
639 3643 693 3696 in
737 3645 1002 3705 Samaria.
1034 3650 1416 3710 Verumtamen
1448 3674 1637 3716 omnes
1665 3666 1844 3717 omni-

282 3735 474 3793 potens
505 3729 645 3787 Deus
683 3733 835 3800 juxta
860 3754 1014 3794 suam
1048 3742 1341 3799 bonitatem
1369 3749 1434 3800 ad
1471 3752 1842 3817 paenitentiam

279 3830 555 3909 provocat,
614 3824 801 3882 dicens
843 3829 1006 3893 (vers.
1051 3833 1136 3904 10)
1173 3852 1188 3889 :
1244 3835 1455 3892 Ulalate
1484 3843 1755 3909 scnlptilia
1787 3846 1840 3898 in

285 3905 618 3965 llierusalem
642 3926 692 3969 et
731 3917 784 3968 in
828 3916 1096 3975 Samaria.
1146 3924 1611 3990 Quemadmodum
1643 3934 1839 3987 etenim

278 3994 383 4052 feci
424 4001 683 4059 Samaria:
713 4017 766 4062 ct
798 4026 960 4065 manu
1006 4013 1165 4070 factis
1197 4017 1333 4085 ejus,
1366 4020 1438 4074 ita
1473 4021 1666 4077 faciam
1716 4025 1841 4078 Hie-

278 4093 510 4146 rusalem
562 4106 616 4149 et
664 4098 823 4154 idolis
875 4103 1012 4171 ejus.
1070 4106 1448 4166 Comminatur
1505 4130 1841 4187 quaecunque

277 4178 405 4234 fecit
454 4183 831 4255 Samaritanis,
877 4203 932 4247 et
983 4197 1066 4251 his
1123 4200 1215 4267 qui
1271 4201 1337 4255 de
1391 4178 1632 4260 Ecclesia
1692 4178 1837 4263 sunt.

273 4268 454 4336 (Vers.
494 4274 579 4342 l2)
624 4276 756 4331 Cum
805 4293 976 4335 autem
1015 4291 1449 4343 consummaverit
1484 4291 1622 4346 Deus
1660 4298 1839 4350 omnia

274 4358 471 4422 faciens
501 4366 553 4418 in
580 4379 749 4423 monte
777 4370 926 4436 Sion,
954 4385 1001 4427 et
1032 4376 1087 4429 in
1123 4377 1474 4445 Hierusalem,
1504 4382 1713 4439 inducet
1745 4403 1836 4439 su-

270 4466 361 4518 per
389 4470 594 4508 sensum
630 4476 871 4530 magnum
897 4467 1179 4536 principem
1216 4472 1574 4540 Assyriorum,
1608 4482 1657 4527 et
1680 4492 1836 4544 super
1868 4499 1909 4552 ι)

272 4540 606 4598 altitudinem
655 4549 845 4617 gloria:
891 4556 1161 4610 oculorum
1213 4560 1346 4628 ejus.
1394 4559 1655 4617 Docemnr
1704 4540 1833 4634 quid

272 4626 513 4687 futurttm
561 4636 631 4690 sit
674 4639 893 4694 inimico
938 4657 1123 4700 nostro
1166 4626 1483 4715 etVZabulo,
1512 4669 1671 4721 quem
1706 4626 1832 4710 sen-

271 4732 390 4774 sum
461 4728 746 4792 quemdam
828 4747 1080 4804 maguum
1144 4756 1287 4793 ttllltc
1356 4744 1615 4811 propheta
1692 4762 1831 4799 nun-

268 4810 506 4876 cupavit.
561 4812 841 4878 Quomodo
903 4823 1046 4876 enim
1097 4841 1317 4893 serpens
1373 4810 1666 4897 sapientior
1718 4842 1831 4889 erat

267 4897 522 4952 omnibus
553 4900 739 4958 bestiis
769 4922 888 4975 quae
919 4919 1047 4963 sunt
1083 4928 1245 4980 super
1274 4923 1340 4967 te;
1359 4932 1493 4982 ram,
1523 4930 1576 4972 et
1610 4922 1698 4975 lilii
1730 4938 1830 4977 sae-

266 4986 372 5037 culi
419 4987 968 5065 hnjns'sapicntiores
997 5017 1158 5070 super
1200 5004 1336 5059 liios
1494 5010 1630 5064 lucis
1772 5003 1824 5069 in

264 5080 615 5144 generatione
667 5099 764 5138 sua
822 5098 987 5153 sunt,
1041 5102 1093 5147 et
1139 5094 1484 5163 dispensator
1527 5100 1827 5170 iniquitatis

267 5166 540 5233 sapienter
579 5172 704 5227 fecit
745 5180 1042 5235 secundum
1085 5187 1405 5254 sapientiam
1447 5206 1551 5244 non
1598 5166 1823 5261 bonam,

268 5258 455 5313 eodem
488 5265 649 5318 modo
686 5268 784 5323 iste
814 5273 903 5339 qtti
950 5274 1241 5344 figuraliter
1284 5296 1532 5350 princrps
1576 5286 1708 5355 Assy
1744 5258 1823 5341 io;

268 5361 387 5401 rum
419 5352 632 5420 dicitur,
667 5375 894 5429 magnus
928 5378 1010 5420 est
1042 5384 1254 5435 sensus,
1283 5381 1442 5425 etest
1482 5375 1661 5428 mirari
1709 5395 1823 5431 nta-

270 5438 598 5501 r.nitndincm
641 5462 836 5505 srnsus
877 5454 992 5521 ejus
1027 5475 1040 5509 :
1078 5460 1128 5508 in
1154 5474 1261 5526 quo
1295 5460 1499 5513 abusus
1530 5465 1699 5516 estad
1744 5466 1824 5517 in-

265 5533 556 5587 Sll'ucndos
598 5544 869 5607 sapientes
914 5550 1097 5601 mundi
1140 5551 1330 5614 istius,
1377 5554 1468 5620 qui
1513 5570 1634 5607 cum
1677 5557 1824 5609 omni

353 5741 527 5805 "Gal.
565 5770 643 5815 ιιι.
669 5758 753 5811 ill.
833 5762 875 5792 ⁸³
900 5762 1053 5816 Jean.
1087 5782 1123 5818 ι.

577 5848 841 5909 larum.
893 5855 1104 5916 XXlV.

1238 5769 1282 5799 ’³
1309 5766 1506 5822 Jcrcm.
1544 5783 1658 5821 vin.

1978 597 2181 640 clarum
2222 601 2443 639 suarum
2492 588 2877 649 componentes
2918 581 3189 634 exhibent.
3231 580 3365 634 Cum
3410 595 3536 650 ergo
3612 602 3624 614 -

1974 678 2155 731 omnia
2192 677 2375 730 fecerit
2410 676 2549 729 Deus
2591 676 2642 727 in
2690 684 2869 728 monte
2907 673 3068 737 Sion,
3108 683 3161 725 ct
3194 673 3246 725 in
3276 670 3535 727 llierttsa-
3617 722 3627 740 ι

1972 768 2098 830 lem,
2138 776 2191 820 et
2225 767 2515 821 reddiderit
2557 780 2617 817 ea
2658 780 2778 833 quae
2817 764 2979 832 justis
3013 764 3336 832 rcpromissa
3374 777 3497 817 sunt
3521 802 3533 826 ,

1973 864 2099 911 tunc
2131 859 2342 912 inducet
2379 872 2539 925 supra
2579 871 2794 909 sensum
2832 870 3080 925 magnum
3111 854 3408 923 principem
3439 854 3537 906 As-

1970 949 2235 1017 syriorum
2263 988 2276 1010 ,
2326 957 2379 1001 et
2424 962 2586 1015 super
2631 946 2968 999 altitudinem
3024 944 3205 1015 gloria:
3252 944 3531 1000 oculorum

1968 1038 2106 1105 ejus.
2141 1037 2260 1089 Alta
2291 1052 2413 1089 cutn
2442 1036 2734 1104 sapientem
2764 1049 2942 1088 sermo
2967 1035 3135 1096 novit,
3173 1044 3225 1088 et
3252 1035 3531 1088 exordium

1968 1129 2139 1180 ruinre
2172 1128 2287 1195 ejus
2331 1126 2399 1179 ab
2443 1126 2717 1180 inflatione
2748 1126 2996 1194 cmpisse.
3034 1123 3184 1178 Unde
3212 1124 3335 1179 etsi
3366 1123 3534 1178 inllati

1968 1216 2250 1281 fuerimus,
2280 1217 2333 1269 iu
2357 1218 2620 1284 judicium
2648 1217 2953 1270 incidemus
2976 1216 3197 1281 diaboli,
3234 1216 3287 1268 in
3322 1231 3431 1285 quo
3460 1216 3536 1269 itt-

1966 1306 2098 1360 cidit
2137 1306 2250 1373 ipse
2284 1304 2542 1359 Zabulus.

2032 1396 2086 1448 Ξ.
2133 1394 2422 1450 Videamus
2468 1405 2646 1449 autem
2691 1406 2744 1449 et
2792 1397 3123 1449 inflationem
3174 1397 3293 1463 ejus
3330 1405 3530 1465 quanta

1963 1487 2054 1550 sit,
2088 1495 2145 1539 ut
2175 1501 2291 1540 eam
2327 1501 2633 1551 caveamus,
2665 1496 2718 1540 et
2749 1502 2853 1539 non
2885 1487 3259 1556 permittamus
3287 1501 3408 1540 cum
3446 1503 3531 1541 suo

1962 1590 2057 1641 per
2094 1590 2193 1628 nos
2231 1589 2356 1628 vera
2396 1576 2596 1630 dicere.
2643 1575 2781 1641 Quid
2829 1576 2991 1646 igitur
3039 1576 3168 1630 dicit
3202 1580 3366 1639 (vers.
3404 1578 3531 1647 ιδῃ

1970 1661 2178 1714 Viribus
2218 1664 2443 1732 faciam,
2490 1674 2538 1715 et
2577 1665 2889 1733 sapientiam
2929 1665 3217 1720 intellectus
3261 1667 3527 1731 auferam,

1958 1752 2086 1821 ﬁnes
2124 1755 2374 1823 gentium.
2425 1753 2713 1809 Existimat
2748 1754 3062 1813 fortitudine
3096 1772 3193 1811 sua
3225 1758 3367 1821 quod
3418 1759 3532 1813 vult

1888 1845 1928 1899 Β
1957 1845 2010 1897 in
2040 1846 2195 1899 nobis
2225 1861 2283 1900 se
2312 1860 2468 1914 posse
2500 1846 2777 1914 perﬁcere.
2826 1847 2888 1900 Et
2932 1862 3116 1901 revera
3152 1849 3194 1901 si
3222 1849 3524 1916 vincamur,

1960 1945 2013 1990 et
2060 1947 2183 2005 post
2242 1938 2353 1991 hazc
2408 1938 2567 1990 verba
2621 1952 2944 2005 peccemus,
2992 1939 3035 1990 si
3080 1949 3199 2007 post
3242 1942 3524 1995 ecclesiam

1960 2040 2176 2080 rursum
2216 2028 2268 2079 in
2313 2028 2552 2084 circum.
2597 2036 2649 2080 et
2688 2028 2754 2079 ad
2803 2042 3066 2095 equorum
3108 2043 3336 2095 cursus,
3370 2039 3424 2084 ct
3459 2033 3523 2083 ad

1959 2126 2282 2170 conventum
2319 2116 2597 2185 gentilium
2640 2131 2850 2179 eamus,
2886 2118 3012 2185 quid
3052 2118 3195 2171 aliud
3234 2120 3321 2183 fit,
3362 2136 3525 2189 quam

1959 2212 2242 2273 superatos
2277 2218 2376 2257 nos
2407 2203 2683 2270 possidet?
2718 2201 2783 2255 Et
2823 2203 2953 2271 quid
2984 2204 3120 2257 dixit
3149 2202 3417 2269 Zabulus,
3450 2209 3529 2259 ri-

1956 2293 2103 2345 ribus
2140 2294 2373 2357 faciant?
2408 2292 2772 2359 Consequitur
2814 2294 2866 2344 in
2910 2293 3066 2347 nobis
3113 2296 3520 2362 peccatoribus.

1958 2384 2101 2453 quod
2132 2384 2367 2437 minatus
2398 2392 2500 2436 est.
2538 2382 2640 2435 Sed
2674 2391 2729 2436 et
2760 2383 2804 2436 si
2839 2382 3169 2437 fornicemur
3195 2394 3316 2453 post
3354 2388 3521 2440 casti-

1959 2482 2119 2526 tatem
2154 2474 2295 2540 longi
2323 2475 2614 2541 temporis,
2658 2481 2779 2541 post
2805 2473 3220 2527 sanctimoniam
3261 2476 3517 2540 multam,

1957 2563 2087 2632 quid
2126 2562 2271 2615 aliud
2324 2562 2379 2614 ιιι
2419 2577 2581 2629 quam
2624 2578 2749 2617 vera
2789 2564 3003 2617 locutus
3049 2565 3309 2632 probatur
3358 2582 3520 2638 super

1956 2669 2075 2715 nos,
2106 2654 2195 2721 qui
2217 2652 2388 2706 dixit:
2424 2652 2634 2706 Viribus
2663 2653 2901 2722 faciam?
2928 2655 3066 2720 Quid
3097 2666 3274 2709 autem
3298 2669 3349 2711 et
3373 2659 3517 2713 aliud

1957 2743 2297 2811 repromittat
2335 2743 2434 2797 iste
2495 2747 2875 2814 magniloquo:
2936 2746 3260 2801 intueamur.
3312 2749 3379 2799 Et
3430 2767 3520 2802 sa-

1953 2835 2203 2902 pientiam
2230 2835 2522 2889 intellectus
2547 2836 2807 2904 auferam,
2836 2838 2964 2906 ﬁnes
2998 2841 3244 2907 gentium.
3287 2839 3515 2910 Sapicna

1956 2927 2081 2979 tiam
2129 2928 2314 2982 nescio
2352 2942 2513 2996 quam
2552 2929 2856 2997 pollicetur,
2905 2931 2971 2984 de
3000 2946 3106 2999 qua
3153 2943 3205 2985 et
3254 2932 3515 3001 propheta

1954 3015 2190 3084 loquitur
2225 3035 2240 3071 :
2279 3017 2574 3086 Alienigena
2598 3019 2839 3087 quadam
2867 3020 3122 3087 sapientia
3160 3030 3237 3073 est
3265 3023 3318 3072 in
3348 3023 3421 3074 eis
3443 3020 3510 3076 “.

1952 3103 2047 3157 Est
2073 3106 2215 3158 enim
2248 3106 2427 3176 aliqua
2456 3117 2710 3160 extranea
2743 3124 2773 3161 a
2803 3110 3025 3164 veritate
3055 3111 3317 3180 sapientia
3348 3127 3511 3182 quam

1872 3178 1916 3236 (ἶ
1949 3195 2222 3265 disperdat
2261 3199 2419 3251 Deus.
2461 3196 2610 3252 lianc
2640 3202 2741 3254 iste
2777 3198 2980 3255 habens
3013 3178 3288 3256 existimat
3309 3178 3514 3260 se'esso

1949 3287 2268 3355 sapientem.
2299 3296 2353 3342 et
2379 3288 2507 3343 dicit
2541 3307 2553 3342 :
2585 3288 2907 3347 Sapientiam
2939 3292 3228 3346 intellectus
3250 3295 3510 3363 auferam,

1948 3378 2074 3445 ﬁnes
2112 3380 2381 3447 gentium,
2426 3387 2476 3432 et
2519 3380 2651 3432 vires
2711 3396 2889 3432 eorum
2938 3382 3211 3450 depascar.
3264 3384 3512 3441 l‘erzeriit

1945 3469 2088 3522 enim
2117 3470 2186 3523 ad
2218 3485 2407 3525 omnes
2441 3479 2626 3541 gentes
2662 3472 2905 3539 operatio
2948 3473 3084 3539 ejus,
3129 3476 3223 3529 sed
3263 3475 3510 3532 Salvator

1946 3559 1998 3612 in
2028 3554 2221 3616 omnes
2252 3570 2435 3631 gentes
2463 3562 2681 3616 mittens
2706 3575 2986 3617 sermones
3026 3579 3179 3627 suos,
3206 3568 3348 3619 eruit
3390 3583 3503 3630 cas,

1944 3651 2035 3718 qui
2073 3666 2105 3705 a
2141 3650 2345 3705 Zabulo
2382 3653 2434 3704 in
2474 3653 2684 3706 cunctis
2726 3648 2975 3723 g'entibus
3019 3657 3213 3724 captivi
3250 3658 3509 3711 tenebatt-

1944 3750 2054 3794 tur.
2101 3740 2168 3795 Et
2204 3742 2334 3795 uires
2368 3756 2545 3795 eorum
2575 3743 2846 3810 depascar.
2887 3743 3122 3799 Minatur
3150 3762 3209 3800 se
3238 3749 3381 3803 vires
3411 3764 3507 3802 nco

1944 3842 2084 3887 stras
2122 3835 2417 3901 przedatnm
2466 3834 2567 3897 iri,
2606 3842 2660 3887 et
2696 3836 2905 3889 tradere
2939 3837 3197 3893 adversus
3234 3856 3331 3896 nos
3365 3840 3477 3893 tnili

1945 3918 2202 3971 tantibus.
2244 3918 2307 3973 Et
2347 3934 2529 3974 revera
2572 3928 2655 3974 est
2686 3920 2863 3975 videre
2891 3937 3014 3977 eum
3053 3927 3370 3993 quibusdam
3400 3928 3506 3981 hoc

1942 4006 2249 4064 facientem.
2287 4010 2512 4076 Quando
2542 4010 2685 4064 enim
2727 4010 2850 4080 quis
2876 4012 3106 4068 vincitur
3136 4031 3165 4068 a
3196 4015 3418 4079 Zabulo,
3448 4027 3500 4072 et

1944 4099 2171 4153 traditur
2197 4099 2532 4155 daemonibus
2570 4102 2848 4170 spiritibus
2879 4106 3127 4174 pessimis
3147 4147 3161 4169 ,
3209 4110 3496 4166 Virtutibus

1939 4190 2249 4256 contrariis,
2282 4192 2411 4261 quid
2446 4192 2590 4247 aliud
2624 4192 2822 4249 factum
2847 4206 2932 4251 cst
2965 4213 3126 4265 quam
3160 4199 3206 4253 is
3239 4200 3448 4255 dixerat
3483 4223 3497 4258 :

1940 4280 2009 4335 Et
2048 4283 2182 4334 vires
2218 4298 2395 4335 eorum
2444 4276 2698 4351 dep'ascar
2719 4296 2745 4348 ς)
2773 4288 3060 4357 Accipiens
3104 4298 3319 4344 nostras
3356 4292 3496 4349 vires

1937 4369 2193 4439 depastus
2218 4380 2301 4426 est
2333 4387 2450 4426 nos.
2490 4372 2666 4442 (Vers.
2697 4375 2784 4445 14)
2818 4376 2884 4428 Et
2918 4378 3240 4432 commovebo
3265 4381 3497 4436 civitates

1938 4478 2055 4533 qua:
2103 4463 2485 4516 inhabitantur.
2544 4462 2611 4518 Et
2663 4466 2768 4519 hoc
2812 4467 3049 4522 Zalmlus
3092 4472 3495 4538 comminatur,

1940 4554 2226 4608 inhabitari
2266 4555 2436 4608 cernit
2482 4555 2726 4612 civitates
2767 4556 3035 4615 Ecclesias
3070 4559 3160 4614 Dei
3197 4563 3248 4614 in
3280 4564 3497 4619 Christo

1939 4643 2168 4698 Domino
2202 4653 2564 4710 constructas,
2597 4648 2696 4704 has
2724 4658 3118 4703 commoturum
3144 4665 3262 4705 esse
3288 4667 3346 4705 se
3376 4669 3495 4720 per-

1937 4744 2113 4789 sonat.
2174 4733 2241 4788 Et
2291 4734 2598 4803 frequenter
2654 4739 2869 4808 quidem
2930 4742 3205 4795 concussit
3251 4743 3492 4799 civitates

1938 4826 2267 4880 inhabilatas
2320 4829 2815 4894 persecutionihus,
2869 4828 3174 4897 frequenter
3218 4834 3493 4886 concussit

1934 4917 2226 4971 scandalis.
2271 4915 2375 4970 Sed
2408 4932 2505 4972 nos
2547 4927 2812 4972 tentemus
2852 4917 3256 4973 fundamentum
3291 4920 3487 4976 habet»

1935 5017 2014 5060 tes
2042 5021 2204 5075 super
2230 5016 2431 5076 petram
2470 5008 2601 5062 tales
2634 5007 2766 5071 lieri,
2802 5016 2859 5060 ut
2887 5008 2986 5061 iste
3013 5012 3104 5077 qtti
3125 5011 3253 5064 dicit
3288 5030 3301 5066 :
3336 4998 3498 5066 Com-

1933 5097 2138 5151 morebo
2173 5098 2407 5151 civitates
2444 5114 2557 5165 qua:
2590 5098 2972 5160 inhabitantur,
3009 5112 3108 5151 nos
3140 5115 3356 5163 movere
3378 5118 3484 5157 neu

1931 5191 2105 5244 valeat
2146 5205 2239 5260 per
2286 5189 2548 5257 procellas
2587 5204 2748 5251 snas,
2799 5203 2971 5257 neque
3009 5205 3103 5258 per
3130 5192 3354 5259 spiritus
3388 5197 3488 5246 ad-

1930 5298 2135 5335 versos.
2192 5280 2389 5335 Verum
2435 5280 2500 5332 ad
2541 5280 2721 5332 omnia
2761 5296 2881 5348 qure
2924 5282 3214 5336 acciderint
3266 5284 3486 5338 stabiles

1931 5383 2353 5437 perseveremus,
2385 5376 2568 5436 utpote
2598 5367 2855 5424 habentes
2886 5370 3167 5425 aedilicium
3205 5386 3365 5440 super
3394 5387 3488 5441 pe-

1931 5472 2067 5515 tram
2108 5459 2292 5515 Jesum
2337 5460 2637 5526 Christum,
2680 5463 2766 5517 cui
2805 5472 2886 5517 est
2915 5464 3081 5532 gloria
3111 5474 3164 5518 et
3196 5464 3483 5534 imperium

1931 5554 1983 5605 in
2016 5551 2213 5606 szccula
2253 5552 2591 5607 sccculorum.
2625 5553 2814 5605 Amen.

3035 5874 3104 5968 si
