4004 6182
356 708 375 861 i

364 903 373 952 i

408 307 517 372 971
883 307 942 365 S.
986 307 1295 362 EUSEBll
1331 307 1576 360 lllERU

825 428 1122 503 1141οά
1169 431 1454 488 HOMILIA
1483 433 1576 489 IX.

415 547 489 603 De
516 565 580 603 eo
611 549 753 617 quod
794 550 1051 618 scriptum
1084 561 1168 606 est
1195 570 1208 605 :
1248 552 1312 606 Et
1352 554 1530 606 audivi
1557 568 1725 607 vocem
1764 551 1969 605 Domini

482 619 759 691 dicenti_s_;
790 620 954 683 Quem
998 622 1222 691 mittam.
1260 635 1305 675 et
1345 625 1459 691 quis
1489 623 1587 675 ibit
1618 623 1686 674 ad
1724 622 1971 691 populum

482 689 685 760 istum?
716 686 779 740 Et
814 690 1222 760 transarediens
1259 686 1378 744 mini
1403 708 1465 760 ca
1518 686 1760 760 pervenit
1790 686 1973 758 usque

481 756 549 829 ad
591 757 766 829 locum
812 757 882 829 in?
915 773 1022 826 quo
1057 760 1314 829 scribitur
1349 778 1361 812 :
1396 756 1533 814 Pete
1553 761 1646 812 tibi
1692 756 1897 829 signum
1940 776 1973 811 tt

489 826 835 963 Domino)tuo
868 828 921 878 in
970 826 1288 895 profundum
1322 840 1412 882 aut
1447 831 1501 882 in
1539 826 1797 905 excelsum
1828 832 1967 899 (cap.

489 910 532 947 vl
563 905 613 948 et
644 911 711 947 vn
746 932 760 947 .

481 910 532 947 vt
563 905 613 948 et
644 898 760 948 vn).
1678 898 1683 905 '

481 1049 615 1118 Cap.
648 1065 722 1111 vt,
757 1065 899 1103 vers.
931 1050 985 1115 8,
1013 1050 1066 1105 9.
1102 1050 1171 1103 Et
1198 1050 1377 1103 audivi
1422 1066 1591 1105 vocem
1641 1051 1848 1105 Domini
1895 1050 1976 1103 dt-

409 1137 598 1199 centis,
629 1153 776 1205 quem
808 1138 1035 1202 mittam,
1067 1148 1116 1192 et
1144 1141 1259 1208 quis
1284 1139 1380 1192 ibit
1407 1139 1475 1191 ad
1496 1139 1740 1206 populum
1768 1142 1927 1193 istum
1949 1140 1976 1193 .’

412 1227 480 1279 Et
516 1228 674 1281 dixi:
705 1227 836 1280 Ecce
870 1244 961 1297 ego
984 1245 1120 1294 sum,
1148 1230 1294 1282 mitte
1328 1245 1427 1282 me.
1458 1227 1527 1281 Et
1569 1231 1646 1281 ait
1676 1246 1695 1283 :
1734 1229 1891 1292 Vade,
1925 1238 1975 1282 et

410 1318 497 1370 die
534 1316 722 1385 populo
760 1318 880 1370 huic
907 1333 925 1370 :
958 1319 1097 1371 Aure
1135 1319 1388 1384 audietis,
1425 1329 1473 1374 et
1514 1335 1614 1391 non
1652 1319 1971 1388 intelligetis,

411 1417 467 1460 et
490 1409 713 1477 reliqua.
749 1406 822 1460 De
852 1422 917 1461 eo
942 1409 1033 1476 qui
1064 1424 1204 1462 nunc
1227 1409 1394 1464 lectus
1424 1417 1509 1464 est
1532 1409 1682 1464 Isaia:
1702 1410 1975 1479 prepheta‘.

406 1513 684 1562 sermone,
708 1512 924 1552 oremus
951 1498 1138 1562 Deum,
1172 1509 1230 1553 ut
1258 1500 1412 1554 nobis
1436 1502 1661 1570 gratiam
1692 1500 1972 1569 largiatur,

417 1595 474 1639 ut
505 1587 666 1655 digna
700 1586 1011 1655 prophetico
1050 1588 1243 1657 spiritu
1273 1572 1549 1651 valeamus
1582 1603 1870 1658 exponere.
1904 1587 1973 1641 Et

404 1676 626 1739 audivi,
662 1677 867 1744 inquit,
904 1694 1074 1732 vorem
1110 1679 1314 1732 Domini
1356 1680 1576 1734 dicentis
1603 1695 1623 1733 :
1661 1680 1826 1745 Quem
1863 1680 1978 1732 utit-

411 1775 519 1816 tam
540 1766 566 1818 Ρ
597 1764 888 1834 Postquam
930 1777 1189 1837 purgatus
1219 1780 1304 1824 est
1342 1769 1499 1824 labiis
1541 1770 1799 1838 prepheta
1819 1809 1835 1835 ,
1877 1783 1975 1837 pa-
2006 1748 2049 1803 Β

413 1865 564 1909 ratus
611 1859 847 1925 suscepit
896 1857 1252 1913 ministerium
1284 1861 1517 1927 Domini,
1551 1872 1602 1914 et
1643 1859 1771 1916 dicit
1810 1877 1824 1914 :
1860 1858 1973 1929 Ego

410 1960 525 1995 sum
551 1982 568 2007 ,
606 1947 751 1998 mitte
782 1962 878 1998 me.
921 1945 1025 1999 Sed
1059 1955 1118 2000 ut
1154 1950 1391 2017 paratior
1433 1960 1576 2005 esset
1610 1950 1677 2003 ad
1711 1950 1836 2014 hoc,
1868 1963 1977 2003 me-

412 2036 641 2091 minerat
663 2036 813 2090 vocis
828 2033 1190 2103 Moysis.Nam
1219 2049 1273 2095 et
1302 2042 1389 2096 ine
1412 2043 1595 2097 eadem
1628 2050 1787 2097 utens
1820 2056 1971 2108 voce,

412 2127 559 2179 mitte
611 2142 689 2180 me
730 2128 810 2194 ⁸⁷,
846 2128 1095 2198 princeps
1133 2131 1346 2205 populi,
1379 2131 1653 2201 judexque
1700 2131 1876 2186 factus
1921 2141 1975 2186 et

409 2215 649 2271 {amulos
677 2215 771 2270 Dei
810 2229 1150 2287 nuntatpatus
1190 2230 1292 2274 est.
1335 2220 1526 2274 Audivi
1571 2229 1750 2274 autem
1790 2234 1980 2288 quem-

411 2307 535 2359 dam
568 2303 849 2360 Hebraeum
894 2317 1249 2374 exponentem
1286 2310 1429 2364 hunc
1466 2310 1668 2376 locum,
1696 2321 1857 2381 atque
1888 2312 1972 2365 di-

412 2404 643 2460 centem,
674 2396 796 2465 quia
832 2397 1059 2451 libenter
1087 2398 1305 2467 quidem
1353 2400 1642 2469 prophetes
1669 2411 1720 2456 et
1749 2407 1972 2469 paratus

404 2486 749 2555 prephetiam
781 2489 1019 2558 suscepit
1039 2490 1105 2542 ad
1134 2491 1414 2559 populum,
1448 2492 1703 2560 ignorans
1729 2506 1848 2560 qua:
1878 2505 1969 2544 es-

411 2587 531 2632 sent
569 2579 617 2632 ei
647 2577 896 2633 dicenda.
943 2578 1113 2632 Porro
1151 2580 1380 2635 audiens
1418 2579 1591 2634 tristia
1637 2594 1758 2648 (tua:
1793 2585 1974 2633 essent

404 2668 610 2736 pepulo
643 2669 963 2734 nuntianda,
996 2670 1096 2723 hoc
1121 2679 1204 2724 est
1231 2687 1358 2724 aure
1379 2672 1623 2735 audietis,
1661 2679 1710 2723 et
1748 2686 1849 2723 non
1883 2671 1968 2722 in-

400 2759 685 2830 telligetis,
724 2770 827 2815 etc.
850 2799 866 2823 ,
906 2762 961 2814 in
1003 2761 1357 2830 sequentibus
1390 2761 1593 2831 pigrior
1628 2762 1688 2815 lit
1717 2781 1730 2816 :
1763 2761 1972 2815 dicente

399 2851 460 2903 ei
498 2865 625 2905 voce
653 2850 746 2903 Dei
785 2869 798 2904 :
831 2851 1052 2918 Clama,
1094 2852 1372 2920 respondit
1406 2852 1487 2917 ei,
1527 2860 1580 2904 et
1613 2850 1744 2906 dicit
1780 2869 1793 2904 :
1831 2848 1970 2914 Quid

398 2942 650 2994 clamabo
675 2941 761 2993 ⁸⁸2
784 2943 1032 2995 Arbitror
1061 2950 1241 2995 autem
1276 2942 1391 2996 haec
1421 2942 1726 3010 prophetari
1756 2942 1824 2996 de
1853 2939 1972 2994 Sal-

405 3040 614 3096 vatore,
644 3031 770 3099 quia
815 3030 1056 3085 futurum
1102 3043 1220 3088 erat
1257 3040 1314 3085 ut
1351 3032 1630 3085 audientes
1672 3046 1777 3084 non
1821 3031 1972 3085 audi.

404 3131 552 3188 rent,
592 3131 648 3176 et
689 3121 934 3179 videntes
966 3137 1073 3177 non
1118 3124 1378 3179 viderent.
1419 3121 1753 3185 Manifestius
1806 3137 1968 3191 porro

398 3214 502 3267 ‘tiet
527 3214 671 3282 quod
707 3213 935 3279 dicitur,
973 3214 1019 3269 si
1045 3215 1451 3270 consideremus
1488 3213 1766 3284 paululum
1791 3213 1969 3268 locum

400 3305 574 3358 istum
610 3321 623 3355 :
662 3303 936 3361 Cernentes
975 3306 1324 3374 aspicietis,et
1355 3322 1457 3360 non
1489 3306 1744 3361 videbitis.
1784 3306 1972 3363 Istius-

411 3394 554 3448 modi
595 3402 696 3448 est.
726 3393 989 3450 Videbam
1016 3396 1233 3466 quidem
1266 3397 1446 3451 videre
1483 3405 1614 3454 tunc
1651 3414 1824 3456 caecos
1885 3416 1973 3456 re—

398 3483 715 3551 spicientes,
745 3485 1010 3541 rationem
1032 3495 1211 3542 autem
1242 3487 1466 3543 visionis
1498 3488 1835 3558 ignorabant.
1862 3495 1974 3547 Au-

410 3570 628 3624 diebant
648 3572 931 3640 parabolas
956 3588 1093 3642 quas
1114 3573 1441 3628 dissolvebat
1465 3585 1673 3630 secreto
1694 3576 1975 3647 discipulis

410 3657 684 3717 Salvator.
729 3659 833 3732 Ipsi
861 3677 989 3717 vero
1014 3677 1120 3717 non
1154 3663 1471 3727 audiebant,
1517 3667 1818 3723 nescientes
1856 3683 1978 3737 quae

883 303 942 365 S.
986 300 1295 362 EUSEBll
1331 299 1775 360 lllERONYMI
1815 296 2295 359 TRANSLATIO
2337 295 2839 357 HDMILIARUM
2876 297 3089 358 URlG.

3526 300 3638 364 972

2002 423 2048 479 Α
2077 416 2414 481 dicebantur,
2442 426 2661 486 propter
2704 416 2808 470 hoc
2852 417 3144 471 testilicans
3180 429 3275 471 eos
3306 415 3440 471 dixit
3473 434 3487 471 :
3530 418 3637 483 Qui

2071 506 2222 561 habet
2262 523 2412 560 aures
2444 506 2729 571 audiendi,
2776 506 2959 559 audiat
2999 507 3063 561 ".
3105 504 3214 560 Nec
3252 506 3397 560 enim
3439 506 3637 576 privati

2073 605 2223 650 erant
2262 595 2344 649 his
2377 594 2600 648 auribus
2621 633 2637 658 ,
2672 602 2732 646 ut
2763 609 2869 647 non
2903 593 3170 655 audirent,
3219 595 3311 648 sed
3348 594 3638 651 interiores

2073 701 2259 740 eorum
2293 699 2452 737 aures
2482 693 2716 752 gravata;
2741 690 2896 736 erant
2929 683 2995 736 ad
3021 683 3369 737 audiendum.
3409 682 3642 753 Pl'Oplel'

2074 777 2177 830 hoc
2200 774 2455 841 praedicat
2488 775 2587 840 eis,
2619 783 2671 826 ct
2697 789 2788 842 per
2812 774 3124 843 prophetam
3156 773 3336 829 futura
3360 776 3640 844 praefatur,

2073 868 2258 921 dicens
2277 867 2439 934 (vers.
2470 865 2523 929 9,
2549 864 2633 932 l0)
2657 883 2669 917 :
2690 864 2829 917 Aure
2841 865 3091 932 audietis,
3118 875 3166 919 et
3194 882 3295 919 non
3313 867 3641 936 intelligetis,

2071 968 2119 1010 et
2148 966 2410 1010 cernentes
2442 954 2730 1023 aspicietis,
2760 962 2809 1007 et
2927 968 3033 1007 non
3139 955 3394 1011 videbitis.
3425 954 3645 1011 [nt-ras-

2073 1057 2244 1101 satum
2275 1054 2350 1099 est
2402 1044 2537 1098 enim
2576 1060 2664 1096 cor
2683 1043 2863 1113 populi
2882 1044 3057 1113 hujus.
3097 1043 3232 1110 Quid
3265 1045 3334 1099 sit
3371 1046 3473 1099 hoc
3493 1048 3643 1114 quod

2074 1138 2316 1191 dicitur:
2351 1132 2718 1186 Incrassutum
2760 1144 2835 1186 est
2875 1149 2966 1185 cor
3006 1134 3183 1202 populi
3223 1133 3411 1202 hujus,
3465 1135 3641 1205 inspi-

2075 1226 2306 1282 ciamus.
2346 1221 2615 1278 Omnibus
2653 1223 2744 1291 qui
2788 1222 2839 1275 in
2880 1224 3160 1291 praesentis
3187 1223 3309 1277 vitae
3344 1225 3492 1279 curis
3521 1242 3641 1279 ver—

2076 1325 2288 1379 santur,
2320 1327 2413 1368 cor
2442 1312 2801 1366 incrassatum
2833 1323 2915 1367 est
2947 1330 2961 1366 :
2996 1313 3136 1367 haud
3165 1314 3319 1367 aliter
3343 1315 3425 1369 eis
3455 1316 3549 1384 qui
3581 1316 3635 1370 iu

2075 1409 2429 1464 stccularihus
2463 1415 2763 1466 morantur,
2809 1405 3168 1458 incrassatum
3192 1412 3273 1459 est
3300 1420 3429 1469 cor,
3474 1420 3634 1475 quam

2076 1500 2122 1552 si
2151 1514 2182 1553 a
2209 1500 2379 1569 spinis
2398 1508 2707 1555 enecentur.
2745 1493 2949 1549 Idcirco
2977 1493 3281 1565 pinguescit
3303 1510 3419 1557 cor,
3446 1504 3500 1549 et
3530 1511 3636 1548 non

2076 1600 2254 1660 potest
2285 1591 2547 1646 tenuioris
2574 1591 2796 1662 spiritus
2828 1588 3103 1656 suscipere
3142 1587 3413 1642 notiones.
3444 1585 3637 1657 Fugia-

2080 1696 2204 1734 mus
2238 1695 2367 1749 ergo
2417 1696 2447 1734 a
2494 1681 2692 1735 talibus
2721 1679 2900 1744 curis,
2931 1687 2990 1731 ut
3032 1684 3368 1730 attenuatum
3411 1691 3505 1730 cor
3539 1690 3635 1729 uo-

2077 1783 2249 1831 strum
2282 1773 2391 1828 Deo
2420 1774 2749 1843 acet-ptahile
2794 1773 2904 1828 fiat.
2946 1770 3241 1840 Fugiamus
3285 1777 3496 1823 terrena
3539 1781 3635 1822 ne-

2076 1863 2241 1934 gotia.
2273 1863 2374 1918 lsta
2426 1873 2552 1918 sunt
2579 1863 2722 1918 enim
2753 1862 2951 1932 quibus
2978 1875 3075 1915 cor
3112 1860 3462 1914 incrassatur.
3504 1854 3640 1910 Pro.

2075 1964 2192 2025 pter
2223 1955 2326 2009 hoc
2366 1940 2543 2008 sermo
2571 1952 2784 2008 subtilis
2822 1958 2973 2015 erat,
3016 1956 3076 2003 ut
3115 1948 3168 2002 in
3206 1946 3393 2000 Exodo
3425 1947 3471 1978 ’θ
3507 1947 3641 2001 scri-

2075 2043 2219 2097 bitur
2267 2042 2335 2096 de
2371 2055 2436 2094 eo
2477 2040 2621 2109 quod
2670 2039 2787 2094 ait:
2818 2037 3138 2105 Quicunque
3179 2034 3378 2089 fuerint
3421 2043 3643 2104 prepter

2076 2131 2390 2185 tenuitatem
2442 2128 2622 2184 cordis
2663 2125 2965 2197 ejusmodi,
3006 2125 3097 2179 isti
3146 2124 3314 2178 Deum
3355 2124 3637 2181 videbunt.

2074 2221 2294 2275 Talibus
2331 2220 2475 2275 enim
2524 2219 2694 2273 oculis
2723 2217 2866 2271 Deus
2895 2216 3128 2270 videtur.
3159 2214 3287 2268 Tria
3338 2224 3465 2269 sunt
3514 2230 3639 2283 qua.

2072 2310 2328 2364 dicuntur
2356 2328 2369 2365 :
2400 2309 2771 2363 lucrassatum
2820 2309 2956 2361 enim
2989 2318 3065 2361 est
3113 2322 3203 2358 cor
3237 2304 3414 2375 populi
3460 2305 3641 2374 hujus,

2071 2412 2119 2454 et
2156 2400 2372 2455 auribus
2409 2401 2520 2453 suis
2566 2400 2797 2470 graviter
2837 2398 3152 2462 audierunt,
3195 2408 3243 2450 et
3287 2397 3466 2450 oculos
3515 2413 3642 2451 suos

2074 2492 2397 2547 clauserunt.
2440 2491 2680 2546 Possunt
2715 2498 2892 2544 autem
2919 2498 2973 2544 et
3009 2491 3164 2544 aliter
3186 2488 3526 2544 manifestius
3551 2488 3640 2542 in-

2072 2585 2236 2651 telligi
2267 2600 2387 2652 quae
2419 2583 2520 2638 hoc
2552 2584 2806 2639 dicuntur
2836 2585 2889 2637 in
2923 2584 3060 2638 loco.
3093 2583 3243 2636 Multi
3277 2584 3420 2636 enim
3449 2590 3639 2651 puta'tl

2072 2675 2421 2745 iuspicientes
2450 2685 2729 2730 creaturas
2753 2714 2770 2740 ,
2813 2686 2866 2730 et
2904 2674 3162 2729 mundum
3195 2674 3360 2729 istum
3396 2682 3637 2728 contem.

2071 2766 2301 2835 plautes,
2334 2765 2516 2820 videre
2548 2781 2605 2819 se
2635 2780 2719 2820 ea.
2744 2764 2809 2820 Et
2834 2767 2963 2836 quid
2992 2766 3115 2819 dico
3146 2764 3467 2819 hominum?
3500 2761 3639 2818 Ecce

2071 2858 2336 2922 volucres,
2370 2865 2423 2910 et
2449 2855 2821 2925 quadrupedia
2860 2858 3042 2912 vident
3071 2856 3237 2910 solem
3266 2862 3321 2909 et
3349 2854 3558 2911 lunam.
3584 2862 3636 2907 et

2073 2946 2385 3001 universum
2418 2946 2584 3000 simul
2614 2946 2810 3001 caelum
2847 2962 2969 3002 cum
3003 2946 3283 3002 stellarum
3316 2945 3503 3011 choro,
3540 2944 3638 2999 sed

2072 3036 2309 3092 rationes
2345 3050 2537 3091 eorum
2573 3051 2680 3089 non
2736 3035 3060 3106 intelligunt,
3107 3034 3208 3089 soli
3257 3048 3386 3088 vero
3417 3033 3553 3103 justi
3582 3041 3641 3088 et

2074 3127 2244 3180 sancti
2275 3140 2371 3194 per
2406 3124 2683 3194 sapientiae
2735 3123 2827 3179 Dei
2885 3124 3147 3178 rationem
3180 3123 3639 3193 comprehenden-

2076 3225 2158 3273 tes
2195 3217 2488 3285 inspiciunt
2548 3230 2632 3270 ea.
2683 3215 2807 3269 Ideo
2846 3214 2899 3268 in
2932 3229 3028 3269 vtn
3072 3215 3209 3283 psal.
3246 3212 3414 3268 David
3450 3212 3582 3268 dicit
3618 3229 3637 3268 :

2076 3309 2338 3376 Quoniam
2365 3307 2544 3361 videbo
2574 3304 2725 3360 ctelos
2753 3315 2891 3370 tuus,
2918 3321 3073 3374 opera
3099 3304 3383 3374 digitorum
3401 3312 3635 3367 tuorum,

2076 3400 2256 3454 lunam
2285 3409 2333 3454 et
2363 3400 2543 3453 stellas
2572 3412 2687 3468 qua:
2711 3407 2766 3451 tu
2787 3397 3025 3466 fundasti
3052 3396 3115 3448 ⁶¹.
3147 3396 3284 3461 Quid
3317 3396 3461 3449 enim
3491 3410 3639 3449 nunc

2078 3490 2336 3561 propheta
2370 3504 2477 3543 non
2509 3488 2652 3542 videt
2676 3487 2871 3542 caelum
2900 3495 2954 3542 et
2979 3486 3202 3541 lunam?
3230 3485 3332 3539 Sed
3360 3487 3463 3539 hoc
3488 3485 3637 3553 quod

2080 3582 2175 3647 ait,
2221 3578 2419 3646 ridebo,
2460 3579 2507 3633 si
2543 3577 3274 3648 consideremus,poterimus
3313 3576 3636 3646 intelligere.

462 3863 529 3898 ~"
552 3864 724 3921 Exod.
763 3868 947 3935 tv,l5.
1021 3867 1211 3924 “lsai.
1249 3885 1352 3933 ιι,
1403 3869 1455 3925 6.
1535 3869 1790 3926 "Mallh-
1833 3887 1951 3939 XI".

2109 3872 2154 3904 ⁶⁰
2185 3831 2310 3944 cap.
2340 3890 2483 3928 xxiv.
2563 3874 2602 3904 "
2635 3871 2774 3927 Psal.
2815 3887 2925 3939 vm,
2960 3873 3011 3924 4.
