4004 6182
333 361 438 415 Πῧ

351 482 3579 536 Μ
3624 502 3641 517 ι

1346 348 1630 406 iNCERTl
1673 343 2151 402 FRAGMENTUM
2191 341 2259 397 IN
2305 339 2560 398 ISAIAM.

3477 321 3542 378 97
3552 321 3582 374 ἱ

1529 696 2408 794 APPENDICULA.

735 935 818 998 IN
861 935 1135 1000 ISAIAM
1178 930 1545 996 PARVULA
1581 938 1604 960 ⁸
1647 921 2218 996 ABBREVIA'IIO,
2262 923 2371 983 DE
2426 914 2838 981 CAPITULIS
2880 911 3172 978 PAUCIS.

1238 1141 1318 1183 ετ
1355 1119 1692 1180 Veronensi
1717 1135 1832 1180 ms.
1873 1134 2040 1180 nunc
2079 1117 2359 1196 primum
2403 1114 2594 1176 edita.

1826 1348 2116 1360 .._.._—————-

422 1551 635 1625 1155
666 1550 820 1607 Unus
855 1550 995 1604 liber
1024 1557 1108 1605 cst
1157 1548 1438 1604 duodecim
1471 1548 1861 1618 preplietarum
1898 1563 1916 1602 :
1951 1554 1994 1611 Α
2025 1559 2233 1616 negans
2264 1555 2388 1599 esse
2411 1543 2556 1613 quod
2583 1543 2801 1602 dicitur.
2829 1550 2883 1596 et
2919 1540 3276 1596 nihilominus
3297 1538 3441 1592 vitiis
3472 1537 3606 1594 sub-

349 1657 405 1702 et
434 1647 574 1716 quod
611 1647 787 1700 solent
811 1644 993 1699 facere
1037 1643 1231 1698 medici
1269 1643 1322 1697 in
1360 1640 1839 1712 :egrotationibus,
1863 1648 1923 1695 et
2021 1637 2188 1708 jacet,
2223 1636 2522 1705 corripitur
2549 1650 2577 1687 a
2608 1633 2879 1703 Propheta
2903 1633 3061 1704 quasi
3087 1633 3276 1695 Judas,
3311 1634 3362 1686 in
3396 1645 3502 1700 quo
3535 1629 3606 1684 sit

353 1737 650 1791 vulneratis
675 1733 980 1791 secundum
1012 1747 1232 1801 corpus,
1289 1732 1393 1787 hoc
1424 1731 1727 1802 prophetat,
1765 1730 1921 1797 quasi

353 1829 630 1898 spiritales
660 1824 882 1889 medici,
915 1826 966 1880 in
999 1825 1195 1879 animae
1222 1822 1558 1886 vulneribus,
1584 1822 1925 1891 diversisque

355 1921 593 1990 peccatis
649 1919 828 1974 facere
885 1925 1244 1974 consuerunt.
1293 1914 1590 1972 Duodecim
1645 1915 1927 1984 prophetis

355 2012 511 2081 quasi
538 2020 830 2079 agrotans,
880 2010 972 2080 qui
1006 2009 1140 2064 vitio
1179 2024 1282 2065 suo
1330 2008 1512 2063 curari
1565 2008 1826 2074 uoluerit,
1860 2007 1926 2061 ad

359 2113 583 2157 mortem
610 2117 778 2171 usque
809 2101 1171 2167 describitur;
1198 2111 1252 2156 et
1279 2111 1465 2169 postea
1487 2115 1585 2170 per
1616 2098 1927 2162 Christum,

358 2196 450 2266 qui
484 2211 644 2252 verus
683 2206 767 2250 est
791 2194 1058 2261 medicus,
1109 2206 1334 2252 sanatus
1381 2203 1505 2264 post
1533 2204 1763 2250 mortem
1811 2208 1932 2250 esse

361 2297 634 2344 narratur.
665 2287 818 2354 Quod
851 2303 978 2358 ergo
1006 2289 1292 2344 duodecim
1318 2289 1593 2358 prophetze
1617 2302 1712 2355 per
1747 2296 1932 2355 partes

363 2381 592 2444 iaciunt,
637 2391 691 2436 et
721 2381 1076 2436 nihilominus
1122 2382 1223 2451 ipsi
1271 2383 1512 2437 breviter
1560 2381 1931 2445 subiudicanl,

363 2475 613 2527 eumdem
643 2474 887 2527 ordinem
919 2473 1286 2538 continentes,
1322 2475 1424 2529 hoc
1453 2473 1725 2528 latissime
1762 2473 1933 2543 majo-

367 2579 454 2619 res
483 2565 757 2632 prophetae
799 2561 998 2617 'l'aecre
1028 2573 1460 2619 consueverunt.
1513 2563 1682 2618 Ezras
1729 2572 1932 2629 autem,

367 2652 454 2721 qui
484 2654 871 2722 interpretatur
899 2655 1144 2724 adjutor,
1186 2661 1243 2708 et
1270 2653 1598 2719 Zorohabel,
1629 2653 1722 2724 qui
1771 2653 1939 2708 iutcr-

368 2755 612 2814 pretatur
645 2747 744 2800 iste
779 2746 1020 2815 princeps
1068 2747 1124 2800 in
1177 2745 1474 2815 Babylone,
1508 2754 1563 2800 et
1609 2744 1792 2807 Jesus,
1845 2744 1937 2812 qui

371 2835 425 2890 in
476 2837 658 2907 lingua
697 2847 882 2892 nostra
915 2846 1075 2894 sonat
1112 2835 1384 2902 Salvator,
1423 2837 1476 2890 in
1509 2835 1677 2906 ligura
1705 2850 1942 2906 praeces-

369 2936 559 2980 serunt
591 2927 800 2982 Domini
836 2945 849 2979 :
881 2936 939 2982 ut
983 2927 1128 2995 quod
1172 2927 1354 2982 czeteri
1400 2927 1676 2996 propheta:
1717 2924 1942 2980 medici-

374 3020 586 3076 nalibus
613 3021 728 3075 suis
760 3021 913 3075 libris
941 3035 1139 3076 curare
1165 3035 1272 3074 non
1314 3029 1632 3089 potuerunt,
1666 3019 1756 3074 isti
1785 3033 1942 3074 cura-

371 3112 569 3178 veriut,
607 3125 656 3167 et
695 3114 1032 3181 ,reduxerint
1077 3112 1336 3182 populum
1393 3121 1518 3177 post
1548 3111 1942 3179 captivitatem.

448 3206 604 3274 (Cap.
655 3203 723 3272 l.)
785 3202 922 3257 Visio
980 3202 1165 3258 Isaiw.
1211 3204 1512 3272 Propterea
1559 3202 1694 3256 visio
1721 3202 1941 3265 dicitur,

375 3297 501 3366 quia
541 3295 816 3366 propheta:
871 3295 1052 3350 futura
1086 3306 1448 3365 cognoscunt,
1483 3306 1536 3350 et
1567 3293 1948 3364 splritualibus

379 3388 553 3443 oculis
604 3386 906 3442 Salvatoris
967 3387 1256 3441 intuentur
1309 3387 1601 3441 adventum
1650 3398 1665 3438 :
1711 3386 1854 3441 unde
1893 3393 1950 3440 et

393 3479 636 3535 Videntes
666 3484 807 3550 apud
837 3479 1091 3549 antiquos
1118 3482 1450 3536 vocabantur
1482 3479 1780 3547 pr0pltela‘.
1819 3475 1948 3531 Filii

379 3573 562 3626 Amos.
604 3571 855 3640 Plerique
910 3579 1122 3638 putant,
1173 3570 1360 3634 Amos,
1397 3569 1486 3638 qui
1540 3569 1734 3623 tertius
1767 3579 1850 3624 est
1883 3569 1952 3623 de

379 3663 661 3717 duodecim
707 3661 1014 3734 prophetis,
1048 3672 1256 3730 patrem
1295 3676 1417 3716 esse
1450 3659 1618 3722 laaite.
1663 3661 1758 3716 sed
1792 3659 1955 3716 vehe-

383 3769 594 3814 menter
638 3769 827 3814 errant
878 3775 893 3812 :
949 3757 1184 3811 diversis
1241 3755 1440 3826 quippe
1499 3755 1643 3826 apud
1698 3753 1954 3809 Hebraeos

382 3851 696 3906 scribuntur
728 3851 963 3916 litteris;
1023 3851 1161 3906 alius
1205 3865 1302 3920 per
1331 3851 1482 3911 sade.
1526 3851 1660 3902 alius
1691 3863 1786 3918 per
1845 3849 1952 3904 sin.

385 3941 557 4007 Quam
598 3943 724 3996 uidit
751 3957 912 4008 super
947 3939 980 3994 ,Ι
989 3941 1174 4003 udam,
1199 3949 1250 3994 et
1280 3938 1606 3994 Jerusalem.
1637 3937 1956 4006 Specialiter

385 4031 548 4086 Isaias
574 4033 640 4085 ad
670 4032 803 4086 duas
830 4033 1006 4086 tribus
1027 4032 1286 4096 mittitur,
1313 4030 1531 4094 Judam,
1560 4041 1610 4085 et
1632 4028 1909 4096 Benjamitt
1937 4046 1953 4096 ;

384 4133 434 4177 et
479 4123 772 4195 Jerusalem
813 4140 834 4178 :
876 4125 976 4179 hoc
1034 4133 1142 4187 est,
1191 4125 1259 4178 ad
1318 4123 1663 4190 metropolini
1725 4123 1954 4178 duarum

2027 1743 2156 1783 vera
2232 1727 2325 1782 Dei
2391 1727 2675 1798 confessio,
2740 1734 2795 1780 et
2861 1725 3018 1796 quasi
3074 1723 3398 1784 Jerusalem.
3463 1723 3608 1792 quod

2028 1836 2212 1890 pacem
2247 1820 2464 1888 quidem
2502 1819 2704 1873 habere
2733 1817 3010 1882 videatur,
3038 1825 3098 1870 ut
3133 1816 3200 1868 ah
3230 1815 3458 1869 occultis
3493 1813 3610 1869 cri-

2040 1913 2280 1968 minibus
2310 1927 2371 1968 se
2391 1911 2656 1975 retrahat,
2688 1926 2756 1965 ne
2800 1909 2965 1966 etiam
2991 1909 3064 1962 illi
3089 1910 3377 1978 captivitas
3409 1909 3608 1962 ven‘at.

2031 2011 2246 2072 Audite,
2297 2007 2434 2074 ctuti,
2487 2018 2538 2062 et
2583 2006 2802 2061 auribus
2853 2007 3078 2075 percipe,
3120 2015 3304 2067 terra,
3362 2007 3610 2075 quoniam

2035 2102 2289 2156 Dominus
2345 2101 2550 2154 loeutus
2593 2109 2690 2156 est.
2735 2099 3002 2166 Quoniam
3057 2099 3112 2153 in
3147 2098 3373 2152 Cartico
3411 2098 3612 2150 Dv-u'e-

2033 2194 2264 2249 rouomii
2315 2193 2576 2260 scriptum
2633 2201 2738 2257 est,
2789 2206 2854 2247 eo
2915 2203 3160 2260 tempore
3219 2207 3327 2258 quo
3382 2189 3612 2260 Moysns,

2035 2286 2190 2354 quasi
2225 2285 2399 2339 nubes
2431 2283 2669 2347 Domini,
2707 2285 3035 2353 loquebatur
3079 2299 3094 2340 :
3135 2282 3358 2336 Attende
3405 2282 3615 2346 cmlum,

2036 2387 2088 2432 et
2143 2379 2354 2448 loquar,
2425 2387 2472 2432 et
2499 2379 2689 2431 audiat
2753 2387 2893 2430 terra
2950 2377 3107 2431 verba
3165 2393 3229 2430 ex
3284 2393 3372 2430 ore
3421 2393 3532 2430 meo
3596 2391 3616 2430 :

2036 2478 2293 2538 exspectet
2321 2471 2462 2524 sicut
2513 2470 2746 2536 pluviam
2781 2485 3077 2523 sermonem
3111 2485 3302 2531 meum,
3331 2480 3386 2522 et
3404 2470 3618 2524 descen-

2037 2563 2166 2614 dant
2213 2562 2349 2616 sicut
2405 2578 2490 2616 ros
2541 2563 2694 2617 verba
2726 2579 2842 2616 mea
2875 2578 2894 2617 :
2935 2572 2988 2617 et
3042 2562 3208 2632 legem
3265 2562 3356 2616 Dei
3404 2563 3505 2616 sib
3534 2562 3620 2617 his

2041 2654 2268 2708 testibus
2294 2653 2541 2715 dederat,
2577 2654 2718 2708 coelo
2765 2653 3034 2715 videlicet.
3085 2663 3137 2708 et
3181 2662 3363 2721 terra;
3399 2654 3502 2708 hoc
3535 2662 3620 2708 est

2041 2745 2294 2799 omuilms
2328 2748 2595 2801 creaturis
2623 2761 2744 2815 quae
2775 2745 3304 2806 cmloincludnntur.
3333 2754 3385 2799 et
3421 2752 3564 2798 terra
3598 2760 3614 2799 :

2042 2851 2107 2892 ex
2163 2846 2317 2905 parte
2357 2838 2501 2892 enim
2556 2845 2729 2891 totum
2785 2837 3058 2892 indicatur
3107 2836 3620 2908 (synecdochicos):

2043 2929 2187 3000 quod
2224 2938 2437 2984 tenetur
2468 2929 2520 2984 in
2552 2929 2818 2999 partibus,
2853 2930 2976 2999 quia
3010 2932 3190 2982 omnia
3244 2930 3620 2993 includuntur,

2045 3031 2102 3074 ut
2149 3019 2408 3086 diximus,
2462 3018 2660 3075 Caelum
2719 3031 2767 3073 et
2826 3030 3043 3073 terram.
3094 3019 3236 3085 Quia
3300 3019 3470 3090 legem
3526 3018 3621 3074 Dei

2045 3112 2430 3179 prazvarieatus
2485 3121 2571 3168 est
2630 3113 2888 3182 p0pulus,
2930 3112 3152 3168 eosdem
3205 3128 3397 3166 rursus
3454 3121 3623 3167 testes

2047 3212 2229 3267 vocat,
2258 3203 2359 3258 sub
2384 3203 2581 3272 quibus
2607 3204 2733 3257 data
2760 3203 2839 3260 lex
2863 3213 2984 3271 est;
3017 3215 3074 3258 ut
3105 3203 3361 3274 quoniam
3395 3203 3626 3273 p0pulus

2050 3295 2240 3349 audire
2306 3297 2680 3362 contempsit,
2756 3307 2967 3351 cuncta:
3037 3299 3257 3351 audiant
3338 3310 3627 3353 crea'ura-.

2055 3384 2265 3457 114⁸1
2297 3386 2492 3441 Audite
2533 3388 2669 3453 caeli,
2716 3398 2764 3441 et
2792 3388 3009 3440 auribus
3041 3389 3240 3456 percipe
3270 3400 3433 3444 terra.
3464 3389 3629 3446 Juxta

2053 3477 2339 3530 liiStoriam
2379 3477 2522 3546 quod
2557 3477 2686 3531 dicit
2720 3477 2822 3532 hoc
2851 3485 2934 3531 est
2973 3494 2987 3532 :
3023 3477 3289 3544 Quoniam
3335 3495 3422 3533 me
3456 3495 3628 3550 genus

2055 3572 2379 3641 contempsit
2417 3571 2739 3635 humanum,
2802 3583 2857 3628 et
2888 3572 3032 3628 inter
3088 3584 3314 3629 cunctas
3345 3585 3631 3631 creaturas

2054 3671 2108 3716 et
2168 3661 2432 3718 elementa
2458 3679 2578 3735 qua:
2634 3666 2758 3727 ieci.
2827 3667 2928 3720 hoc
3002 3669 3377 3722 tantummodo
3430 3669 3632 3724 rebello

2055 3768 2226 3823 genus
2256 3763 2362 3818 est,
2388 3756 2544 3824 quod,
2565 3770 2825 3826 repugnat
2853 3758 3121 3814 voluntati
3152 3775 3316 3826 mete;
3348 3772 3632 3832 propterea

2061 3845 2225 3898 etiam
2285 3845 2687 3902 irrationabiles
2734 3864 2857 3918 qum
2888 3859 3172 3919 putantur,
3216 3853 3440 3905 audiant
3479 3867 3634 3906 crea-

2060 3944 2215 3998 turae,
2267 3946 2324 3990 ut
2373 3937 2541 4008 magis
2591 3939 2944 3996 rationabiles
2997 3942 3446 3997 condemnentur.
3495 3944 3633 4009 Quid

2057 4029 2316 4083 Dominus
2361 4029 2568 4084 loeutus
2622 4043 2720 4094 est,
2779 4031 2942 4086 Filios
2993 4036 3220 4088 enutrivi
3250 4046 3297 4088 et
3329 4037 3564 4091 exaltari
3609 4054 3630 4090 :

2060 4135 2169 4175 non
2226 4121 2360 4174 dixit
2421 4122 2560 4190 ﬁlios
2619 4125 2796 4194 genui.
2849 4126 2988 4180 sicut
3037 4127 3089 4179 in
3151 4128 3359 4195 Vulgari
3423 4129 3636 4181 habent

389 4213 624 4267 tribuum
658 4213 954 4268 civitatem.
979 4213 1041 4268 In
1070 4215 1250 4268 diebus
1274 4211 1438 4279 Ozias,
1464 4212 1737 4278 .Ioatliam,
1759 4211 1956 4277 Aelius,
1984 4237 2028 4296 α
2068 4211 2555 4280 interpretatione;
2619 4215 2950 4292 superﬂuum
3035 4219 3177 4274 enim
3235 4219 3436 4274 dixisse
3491 4221 3635 4290 ﬁlios

391 4305 648 4370 Esca/tim,
706 4307 905 4378 Regum
955 4305 1123 4360 Juda.
1183 4307 1298 4361 Sub
1336 4307 1455 4361 istis
1489 4321 1618 4375 ergo
1677 4305 1956 4370 omnibus,

387 4399 478 4467 qui
529 4401 986 4468 rcgnaveruut,‘iu
1042 4397 1256 4469 115.6
1307 4397 1467 4460 Juda,
1507 4396 1786 4467 prophetia
1840 4395 1963 4465 ejus

389 4501 612 4544 extensa
644 4499 728 4545 est
769 4507 784 4547 :
823 4494 987 4544 etiam
1022 4491 1074 4542 iu
1127 4492 1244 4560 ipso
1280 4489 1418 4543 libro
1455 4490 1807 4558 reperiemus,
1841 4503 1964 4554 qua:

393 4581 530 4634 visio
557 4581 657 4635 sub
684 4597 791 4649 quo
831 4582 972 4636 dicta
1001 4583 1074 4635 sit
1108 4597 1256 4648 rege.
1311 4581 1423 4636 lluc
1453 4581 1751 4636 secundum
1787 4580 1965 4635 Histo-

394 4675 528 4727 riam
563 4690 580 4730 :
607 4675 906 4728 secundum
939 4675 1296 4744 trotiologiam
1324 4684 1504 4728 autem
1530 4673 1964 4742 intelligendum,

392 4765 752 4835 quodcunque
801 4767 864 4819 ad
913 4764 1237 4831 Samariam,
1301 4775 1358 4818 et
1422 4766 1488 4818 ad
1547 4766 1735 4820 decem
1791 4765 1966 4820 tribus

393 4856 617 4919 dicitur,
651 4860 753 4911 hoc
781 4856 888 4912 dici
917 4868 1110 4911 contra
1139 4857 1375 4912 bmreses
1403 4872 1420 4910 :
1449 4857 1816 4926 quodcunque
1838 4873 1965 4912 vero

395 4957 584 5000 contra
611 4947 934 5011 Jerusalem,
963 4949 1063 5002 hoc
1092 4947 1199 5000 dici
1225 4956 1412 5001 contra
1439 4947 1764 5004 Ecclesiam.
1787 4948 1964 5002 Prima

396 5037 751 5108 intelligentia
794 5039 1107 5109 tropologia:
1167 5038 1266 5093 ista
1313 5049 1396 5092 est
1447 5040 1735 5094 :secunda
1791 5040 1892 5092 alia
1951 5057 1964 5092 :

399 5129 580 5182 anima
612 5144 733 5197 qua:
765 5132 1058 5195 erraverit,
1106 5137 1162 5183 et
1191 5130 1257 5183 de
1279 5128 1490 5198 justitia
1525 5143 1789 5184 corruens
1817 5129 1970 5184 vitiis

397 5219 747 5289 subjacuerit,
773 5220 970 5273 dicitur
1001 5220 1282 5288 Ephraim,
1305 5220 1504 5275 dicitur
1527 5219 1777 5274 Samaria
1803 5234 1819 5285 ;
1844 5233 1967 5272 nam

398 5311 602 5366 dicitur
642 5329 831 5368 vaccas
854 5313 957 5367 sibi
992 5328 1185 5367 aureas
1211 5313 1604 5378 construxisse,
1633 5321 1688 5366 et
1733 5310 1968 5365 refertur

400 5404 468 5458 ad
515 5405 697 5459 decem
765 5407 960 5462 tribus.
1020 5406 1338 5474 Quicunque
1362 5405 1540 5460 adhuc
1584 5406 1638 5458 in
1693 5403 1970 5474 preposito

400 5505 736 5568 perseverat,
769 5509 823 5554 ct
865 5515 970 5552 nou
1026 5500 1078 5552 in
1112 5510 1355 5568 apertam
1389 5497 1636 5566 prorupit
1674 5496 1962 5560 insaniam,

478 5657 492 5688 ¹
529 5657 603 5710 lia
638 5661 689 5710 in
727 5657 1055 5712 Veronensis
1105 5655 1448 5710 Bibliotheca:
1495 5653 1682 5708 codice
1714 5655 1964 5708 vetustis-

403 5731 544 5786 simo
590 5729 906 5783 inscribitur
960 5744 974 5784 :
1026 5728 1116 5796 qui
1170 5742 1320 5780 num.
1368 5725 1439 5779 24
1485 5740 1548 5777 ex
1601 5725 1754 5796 nigro
1781 5727 1964 5777 colore

405 5806 554 5866 (sunt
592 5801 736 5854 enim
768 5800 856 5854 alii
896 5815 960 5855 es
1023 5792 1206 5864 rubro)
1263 5804 1617 5865 praenotatur.
1671 5792 1799 5848 Vide
1847 5810 1966 5864 qua:

2031 4584 2234 4636 .nutrit
2274 4599 2452 4654 :ergo
2515 4601 2613 4656 ego
2667 4595 2722 4640 et
2775 4587 2958 4658 genui,
2993 4598 3050 4643 et
3096 4593 3299 4646 nutrivi

2061 4305 2240 4373 genui,
2267 4319 2389 4358 cuni
2421 4308 2606 4375 utique
2635 4309 2812 4362 omnis
2843 4307 2986 4362 ﬁlius
3025 4310 3094 4362 sit
3121 4310 3356 4380 genitus.
3395 4311 3532 4380 Ergo
3581 4317 3635 4366 in

2061 4409 2128 4449 eo
2159 4396 2303 4465 quod
2358 4398 2496 4452 dixit
2545 4399 2711 4468 ﬁlios,
2764 4400 3026 4456 indicavit
3077 4403 3189 4470 jam
3227 4421 3348 4460 esse
3399 4408 3634 4476 genitos.

2062 4488 2220 4544 Nunc
2258 4503 2605 4559 augmentum
2636 4493 2785 4556 facit,
2823 4495 2948 4564 quia
2981 4497 3161 4552 omnis
3189 4498 3279 4567 qui
3313 4510 3557 4570 generat,
3583 4509 3640 4556 et

3357 4608 3374 4647 ι
3426 4602 3480 4647 et
3533 4610 3638 4646 non

2065 4674 2240 4728 solum
2271 4675 2547 4730 enutrisse
2580 4688 2868 4733 contentus
2916 4680 3014 4747 iui,
3062 4694 3122 4736 ut
3162 4683 3216 4736 in
3273 4698 3478 4739 morem
3513 4686 3641 4737 aui-

2069 4765 2320 4831 malium,
2352 4777 2404 4820 et
2435 4769 2615 4822 avium
2649 4785 2762 4824 suae
2795 4771 2914 4826 illos
2969 4775 3335 4844 relinquerem
3371 4777 3639 4842 passioni,

2069 4865 2120 4909 ct
2152 4872 2251 4911 suo
2285 4859 2455 4912 labori
2496 4860 2826 4916 dimitterem
2858 4881 2874 4929 ;
2927 4865 3023 4918 sed
3052 4881 3186 4934 quos
3217 4867 3472 4934 parvulos
3505 4885 3644 4923 cnu-

2073 4949 2316 5014 trieram,
2373 4966 2599 5020 magnos
2647 4968 2886 5023 quoquc,
2951 4967 3007 5009 et
3065 4957 3298 5021 adultos,
3343 4968 3398 5012 ut
3449 4960 3646 5026 quibus

2074 5043 2237 5096 vitam
2282 5044 2558 5108 dederam,
2602 5060 2747 5100 nunc
2790 5046 2979 5100 darem
3008 5047 3172 5102 etiam
3219 5049 3467 5119 gloriam.
3530 5049 3647 5120 Ipsi

2072 5145 2247 5188 autem
2283 5147 2588 5204 spreverunt
2619 5153 2721 5190 me.
2751 5136 2854 5191 Pro
2882 5141 3048 5194 tantis
3094 5141 3376 5196 beneﬁciis
3431 5145 3648 5200 vicissi-

2077 5228 2204 5280 tudo
2227 5237 2569 5296 contemptus
2594 5225 2714 5281 l'uit.
2739 5227 2988 5296 Cognovit
3015 5231 3102 5284 bos
3119 5249 3443 5300 possesorem
3468 5254 3645 5304 suum,

2075 5325 2124 5369 et
2160 5317 2342 5368 asinus
2374 5332 2604 5384 prwsepe
2645 5320 2846 5372 domini
2897 5322 3001 5376 sui.
3060 5321 3387 5380 Rationabili
3441 5327 3646 5384 homini

2083 5408 2482 5462 irrationabilia
2523 5411 2790 5479 iumenta,
2825 5421 2878 5466 et
2926 5429 3116 5482 pecora
3149 5428 3551 5484 comparantur,
3587 5428 3648 5472 ut

2084 5514 2206 5551 cum
2251 5499 2341 5552 illa
2395 5501 2653 5556 beucllcia
2686 5504 2978 5570 senserint,
3035 5515 3089 5560 ct
3122 5506 3397 5560 brutorum
3429 5522 3646 5579 quoque

2078 5659 2144 5712 de
2177 5658 2336 5784 quius
2365 5667 2587 5717 auctore
2607 5661 2854 5730 opusculi
2892 5661 3134 5719 diximus
3168 5663 3220 5718 in
3259 5664 3483 5735 hujusce
3516 5669 3646 5724 tomi

2078 5743 2186 5784 orae
2217 5750 2240 5783 υ
2278 5744 2416 5784 ioue.

2078 5743 2416 5797 prwtattoue.
