3966 6176
344 344 455 399 9'15

872 342 962 397 AD
997 341 1052 397 S.
1087 339 1471 396 lllEllO‘NYall
1508 332 2053 397 COMMENTARIOS
2092 330 2158 387 lN
2199 325 2431 385 ISAIAM
2465 316 2962 380 APPENDICULA.

3490 305 3598 361 9'76

342 480 553 520 sensus
602 479 705 517 non
762 463 968 533 ignoret
1016 479 1162 530 eum,
1214 466 1302 532 cui
1328 482 1371 518 IS
1407 462 1667 517 beneﬁcia
1709 458 1873 516 sentit
1899 473 1915 524 ;
1948 460 1995 518 Α
2022 453 2275 521 castigat,
2303 458 2361 503 ut
2388 457 2541 502 sanet
2572 463 2586 503 ;
2622 443 2779 505 Dicit,
2810 453 2968 508 super
2998 450 3098 506 quo
3123 430 3412 505 percutiam
3436 430 3461 484 ?
3489 431 3595 483 hoc

342 559 529 611 solum
596 570 764 624 genus
813 555 1109 608 humanum
1162 554 1551 610 condemnetur
1598 551 1745 623 quod
1794 565 1923 605 con-

357 648 575 712 tempsit
606 647 792 701 Deum.
834 648 1085 716 Cognovit
1135 646 1222 700 bos
1259 661 1610 716 possessorem
1655 659 1830 709 suum,
1875 650 1923 696 et

340 739 541 791 asinus
568 753 798 803 pra'sepe
848 737 1050 790 domini
1081 736 1186 793 sui.
1224 735 1351 799 Bos,
1399 737 1488 807 qui
1518 780 1521 783 .
1552 735 1785 801 laborat,
1834 733 1927 802 qui

336 829 484 899 ,jugo
509 828 643 882 colla
672 829 962 890 snhmittit,
989 837 1043 882 et
1074 829 1301 882 multum
1333 843 1397 882 ex
1455 827 1644 882 labore
1673 841 1771 881 suo
1807 826 1926 894 plus

360 929 588 986 praestat
609 919 853 983 domino,
878 933 1043 985 quam
1066 919 1181 987 ipse
1198 933 1231 972 a
1252 917 1476 971 domino
1495 916 1714 985 accipit,
1746 923 1926 969 tamen

363 1012 614 1079 intelligit
665 1027 1033 1080 possessorem
1092 1026 1275 1064 Sillim.
1308 1009 1512 1063 Asinus
1541 1021 1756 1077 quoque
1787 1020 1925 1075 pra-.—

276 1150 279 1155 .
358 1120 492 1174 sepe
525 1105 726 1158 domini
788 1105 870 1158 sui
904 1104 1176 1173 intelligit,
1226 1101 1509 1167 beneﬁcia,
1541 1111 1601 1154 et
1637 1100 1842 1161 locmn,
1876 1096 1930 1149 in

347 1213 471 1264 quo
500 1198 653 1253 cibos
673 1198 920 1265 accipere
945 1198 1245 1256 consuevit.
1272 1193 1528 1248 libentius
1558 1192 1725 1246 videt.
1757 1188 1934 1243 Israel

363 1307 466 1342 non
498 1291 734 1359 cognovit
780 1305 798 1342 :
832 1288 1155 1343 subauditur
1185 1304 1264 1340 me
1316 1302 1354 1343 :,
1381 1284 1610 1354 populus
1649 1298 1795 1336 mens
1831 1296 1934 1335 non

352 1382 619 1436 intellexit
651 1399 669 1437 :
702 1384 1042 1446 subauditur,
1078 1397 1169 1434 nec
1218 1393 1595 1450 possessorem,
1632 1392 1726 1430 nec
1761 1377 1934 1427 domi-

365 1491 489 1528 num
524 1474 834 1541 :simulque
876 1476 1191 1529 considerat
1239 1472 1484 1541 exempla
1523 1480 1783 1540 quantam
1830 1470 1935 1522 vim

369 1566 625 1621 habeant.
682 1567 787 1622 Bos
838 1566 964 1620 licet
1006 1566 1162 1621 cibus
1208 1564 1437 1632 accipiat
1489 1552 1520 1618 a
1580 1563 1820 1623 domino,
1882 1567 1936 1611 et

356 1662 555 1713 asinus
599 1659 726 1713 licet
759 1672 993 1728 praesepe
1033 1667 1351 1728 cognoscat,
1385 1665 1563 1710 tamen
1616 1653 1785 1708 multo
1815 1654 1935 1722 plus

363 1753 555 1806 labore
580 1767 678 1806 suo
710 1760 969 1820 prtnstant
995 1748 1249 1810 dominis,
1283 1763 1446 1818 quam
1478 1747 1578 1816 ipsi
1612 1762 1641 1799 a
1703 1745 1939 1799 dominis

366 1843 392 1873 ‘
428 1842 703 1912 accipiant
738 1860 754 1896 z
788 1857 888 1910 ego
939 1851 1119 1895 autem
1147 1854 1272 1893 cum
1305 1838 1448 1892 nulla
1478 1837 1596 1893 bent
1620 1835 1735 1891 licia
1762 1834 1932 1889 homi-

360 1946 499 1984 num
539 1931 788 1995 habeam,
840 1930 943 1986 nisi
1000 1930 1114 1985 haec
1150 1926 1526 1982 tantummodo
1562 1927 1610 1981 si
1656 1925 1940 1979 solventur

371 2025 497 2093 ipsi,
527 2038 664 2093 quos
705 2023 874 2092 diligo
936 2041 951 2078 :
1003 2037 1124 2076 cum
1170 2020 1255 2075 eis
1295 2028 1445 2082 tanta
1491 2016 1861 2087 praestiterim,
1889 2022 1944 2069 et

375 2114 509 2168 nihil
530 2113 856 2182 acceperim,
880 2127 979 2183 pro
997 2112 1252 2167 omnibus
1272 2110 1941 2176 beneﬁciiscontetnptum

377 2207 717 2260 solummodo
748 2205 1120 2259 reddiderunt.
1147 2204 1282 2270 Quia
1315 2215 1445 2272 ergo
1475 2211 1622 2256 tanta
1648 2212 1944 2268 perpessus

368 2313 518 2363 sum,
551 2306 607 2353 et
656 2296 868 2367 perdidi
928 2295 1118 2364 lilium,
1179 2309 1337 2365 quem
1383 2292 1739 2355 contrieram,
1784 2305 1944 2361 quem

376 2391 770 2453 cxaltaveram,
825 2387 969 2457 quod
1018 2403 1247 2458 possum
1298 2385 1473 2441 solum
1528 2383 1713 2440 facere
1749 2382 1945 2438 facio:

366 2482 631 2561 plangam
661 2479 931 2550 perditura
983 2490 1036 2533 et
1088 2488 1361 2533 mortuum
1396 2493 1558 2547 quem
1594 2485 1945 2547 a'grotantcm

370 2585 574 2641 sanare
597 2587 703 2627 non
732 2570 903 2640 potui.
945 2570 1031 2625 Vte
1061 2572 1200 2640 genti
1227 2569 1531 2639 peccatrici,
1578 2566 1769 2637 papula
1801 2565 1950 2636 gravi

366 2665 680 2733 iniquitate,
728 2665 914 2721 semini
943 2680 1187 2735 nequam,
1217 2664 1344 2733 ﬁliis
1394 2660 1688 2726 sceleratis,
1737 2657 1954 2731 1148

381 2753 731 2809 Mutaverunt
793 2756 1015 2810 nemina
1082 2771 1098 2811 :
1157 2770 1233 2809 ea:
1283 2753 1425 2825 genti
1477 2751 1779 2822 peccatrici,
1832 2764 1954 2818 qua:

379 2848 653 2915 quondam
692 2861 824 2916 gens
859 2862 980 2902 inca
1022 2849 1166 2902 dicta
1202 2861 1289 2903 eat
1319 2866 1333 2902 :
1361 2850 1554 2918 populo
1590 2848 1741 2918 gravi
1760 2863 1779 2910 ,'
1833 2860 1955 2916 pec~

365 2940 522 2993 ~catis
573 2940 716 2994 enim
781 2942 1039 3010 gravibus
1109 2942 1428 3010 p'azgravati
1500 2952 1625 2995 sunt
1685 2958 1700 2994 :
1768 2937 1955 2992 remitti

389 3049 658 3102 nequam;
712 3049 818 3087 non
859 3052 977 3088 meo
1020 3036 1240 3102 setnini,
1299 3037 1598 3092 Secundum
1652 3035 1797 3104 quod
1829 3034 1958 3089 alihl

2024 553 2106 600 est
2156 545 2356 611 quasi,
2431 537 2577 609 quod
2649 535 2802 589 vobis
2866 532 3141 601 itnpOnaIn
3202 520 3602 594 emplasuum?

2027 635 2278 690 addentes
2341 628 2832 702 prwvarieationem
2896 639 2915 677 :
2962 637 3084 677 cum
3145 617 3387 688 quotidie
3444 614 3601 666 novis

2026 727 2268 800 peccatis
2315 734 2499 779 vetera
2526 719 2809 792 copuletis.
2864 714 2994 769 Illud
3024 724 3228 775 autem,
3265 709 3408 778 quod
3441 707 3603 776 paulo

2029 827 2155 874 ante
2179 817 2440 880 diximus,
2478 812 2773 881 Prophetas
2796 822 2915 862 esse
2952 804 3193 858 medicos
3221 799 3517 871 spiritales,
3545 807 3604 850 et

2031 913 2187 983 quasi
2216 919 2391 965 totum
2425 918 2591 978 genus
2621 914 2813 957 curare
2875 899 3214 962 morborum,
3252 909 3395 947 nunc
3428 890 3603 944 mani-

2034 1005 2329 1060 festissimo
2360 1009 2580 1055 curatur
2622 993 2907 1062 exemplo:
2938 991 3116 1045 videte
3146 989 3288 1043 enim
3314 985 3604 1053 Scriptura

2032 1097 2161 1168 quid
2222 1095 2388 1149 dicat.
2444 1088 2612 1146 Omne
2648 1095 2808 1154 caput
2863 1081 3196 1149 languidum,
3241 1085 3290 1130 et
3322 1092 3472 1131 autne
3515 1088 3608 1125 cor

2036 1201 2297 1250 nia-rens;
2354 1201 2385 1237 a
2450 1181 2636 1247 planta
2689 1178 2833 1246 pedis
2892 1188 3054 1243 usque
3105 1171 3173 1225 ad
3212 1169 3452 1224 verticem
3503 1181 3606 1219 non

2036 1291 2112 1335 est
2162 1281 2213 1332 in
2263 1293 2322 1330 eo
2349 1275 2594 1332 sanitas;
2635 1270 2842 1333 vulnus,
2873 1276 2919 1319 el
2944 1266 3096 1327 livor,
3128 1271 3174 1315 et
3200 1261 3355 1331 plaga
3377 1268 3607 1311 tumens.

2040 1372 2205 1425 Omne
2240 1377 2393 1431 caput
2418 1363 2752 1433 languidam,
2787 1369 2837 1412 et
2872 1373 3021 1412 omne
3066 1371 3157 1407 ror
3200 1368 3441 1406 maerens.
3479 1349 3610 1404 Frc-

2039 1474 2269 1531 quentcr
2326 1457 2612 1518 admoneo,
2650 1462 2706 1506 ut
2758 1454 2809 1504 in
2859 1447 3145 1518 Prophetis
3197 1445 3359 1500 verba
3395 1443 3609 1511 singula

2040 1556 2481 1617 consideremus;
2539 1548 2742 1603 idcirco
2772 1546 2916 1600 enim
2963 1541 3263 1597 secundum
3323 1538 3610 1592 historiam

2042 1646 2311 1713 imperitis
2347 1640 2556 1696 utilitas
2588 1652 2692 1694 non
2726 1635 2959 1699 videtur,
2997 1633 3121 1704 quia
3156 1646 3261 1686 non
3305 1629 3617 1700 intelligunt

2042 1739 2186 1806 quod
2219 1734 2440 1791 dicitur.
2475 1732 2642 1789 Omne
2674 1740 2829 1798 caput
2875 1727 3205 1796 languidum,
3232 1733 3287 1777 ,ει
3328 1738 3480 1777 omne
3521 1736 3615 1773 eor

2041 1843 2284 1885 'mtrrens.
2329 1826 2386 1880 Si
2412 1826 2532 1895 quis
2565 1820 2931 1891 a'grotaveri',
2961 1818 3044 1871 vel
3072 1814 3197 1890 didit
3218 1815 3389 1869 illimo
3423 1812 3614 1865 morbo

2042 1936 2275 1990 corpore
2324 1920 2617 1989 op'preSsus
2648 1913 2836 1980 fuerit,
2870 1911 3119 1966 habuerit
3165 1919 3343 1963 autem
3375 1906 3613 1960 animam

2045 2009 2335 2073 laetiorem.
2370 2008 2662 2064 infirmitas
2710 2003 2959 2075 corporis
3018 2000 3200 2056 ltetitia
3255 2006 3615 2053 sustentatur.

2052 2094 2269 2174 1159
2317 2097 2528 2154 IRursus
2579 2098 2623 2152 si
2666 2096 2863 2164 aliquis
2900 2105 3195 2147 mmrorem
3248 2088 3521 2150 habuerit,
3563 2095 3617 2140 et

2048 2199 2290 2253 dolorem
2325 2194 2526 2255 cordis,
2553 2197 2606 2245 ct
2631 2191 2877 2244 diversas
2912 2184 3310 2248 tribulationes,
3329 2181 3615 2234 robustum

2049 2300 2230 2344 autem
2267 2299 2487 2355 corpus,
2542 2280 2968 2335 imbecillitatem
3017 2277 3208 2331 animae
3247 2273 3450 2328 sanitas
3499 2286 3622 2325 cor—

2052 2380 2198 2450 poris
2240 2385 2512 2433 sustentat
2545 2390 2560 2429 :
2590 2388 2714 2428 cum
2741 2380 2921 2425 autem
2955 2378 3008 2425 et
3063 2381 3261 2437 corpus
3305 2366 3357 2418 in
3390 2375 3629 2434 aegrota.

2053 2466 2199 2527 tione
2229 2478 2333 2531 est,
2361 2468 2612 2520 etanima
2664 2464 2715 2517 in
2745 2462 2954 2525 dolore,
2993 2457 3132 2512 nulla
3164 2467 3387 2526 possunt
3418 2455 3623 2508 subve-

2055 2565 2174 2619 nire
2222 2560 2484 2615 remedia.
2544 2555 2660 2611 lloc
2718 2561 2804 2609 est
2868 2566 3002 2622 ergo
3061 2554 3206 2619 quod
3266 2545 3624 2601 medicamine

2055 2657 2280 2717 dicitur,
2305 2666 2457 2707 omne
2490 2659 2647 2719 caput
2681 2646 3011 2715 languidum.
3036 2662 3039 2663 ν
3062 2641 3125 2695 Ει
3163 2656 3316 2695 omne
3360 2655 3452 2694 eor
3500 2653 3627 2689 nite-

2057 2764 2178 2802 rens
2209 2759 2229 2800 :
2260 2742 2531 2812 simulque
2555 2738 2867 2800 considera,
2893 2735 3023 2805 quia
3052 2733 3073 2765 ⁸
3093 2731 3374 2804 principali
3409 2730 3624 2791 animm,

2058 2841 2163 2896 hoc
2196 2848 2282 2894 est
2336 2834 2513 2903 cordi,
2546 2831 2792 2903 corporis
2850 2826 3248 2897 comparaverit
3307 2822 3627 2894 principale,

2059 2931 2115 2987 id
2136 2939 2219 2985 est
2237 2935 2402 2999 caput
2434 2944 2448 2981 :
2487 2927 2544 2979 in
2577 2923 2754 2993 capite
2779 2935 2974 2976 omnes
3006 2932 3201 2973 sensus
3228 2927 3390 2979 sunt;
3419 2914 3629 2967 casteria

2062 3023 2327 3077 membris
2361 3018 2634 3074 truncatis
2660 3016 2847 3070 vivere
2900 3011 3081 3068 anima
3121 3019 3333 3081 potest;
3380 3017 3633 3062 truncato

384 3123 589 3178 dictum
630 3133 733 3190 est,
774 3124 839 3178 Et
876 3126 929 3177 in
981 3127 1174 3180 semine
1214 3136 1308 3180 tuo
1362 3102 1733 3180 benedicentur
1778 3141 1955 3179 omnes
1986 3140 2029 3200 ρ
2061 3116 2262 3187 capite,
2297 3113 2406 3168 vita
2463 3110 2642 3165 omnis
2674 3106 2923 3164 aufertur
2960 3121 2979 3160 :
3027 3114 3215 3161 etnon
3263 3102 3422 3166 dixit,
3472 3115 3636 3154 otnue

363 3224 561 3281 —gentes
593 3231 612 3269 :
637 3215 765 3281 ﬁliis
820 3215 1090 3269 sceleratis
1116 3216 1272 3283 (Gen.
1306 3232 1456 3279 χχιιι,
1508 3215 1585 3283 4),
1622 3226 1957 3285 nequaquam

368 3305 529 3357 anteis
572 3303 734 3369 tiliis;
791 3308 972 3360 statim
1030 3309 1171 3360 enim
1233 3318 1290 3362 ut
1338 3322 1565 3376 peccare
1609 3308 1958 3376 coeperimus,

376 3409 515 3446 eum
547 3394 862 3449 conditione
891 3396 1099 3465 peccati
1132 3407 1184 3451 et
1234 3397 1466 3451 liliornm
1504 3406 1702 3451 nomen
1758 3397 1963 3451 amitti-

390 3502 532 3541 tnus.
578 3486 977 3552 Dereliquerunt
1017 3488 1328 3556 Dominum,
1357 3491 1511 3559 quasi
1553 3500 1871 3558 sequentem
1906 3489 1960 3542 in

391 3578 620 3646 singulis
674 3580 795 3634 viis.
845 3579 1054 3650 Singuli
1107 3596 1304 3636 sensus
1359 3592 1487 3636 sunt
1534 3600 1549 3637 :
1592 3582 1729 3636 Cum
1781 3583 1965 3636 omnia

394 3670 646 3733 fect-rint,
682 3687 800 3724 cum
828 3682 1023 3726 cuncta
1058 3673 1262 3727 scelera
1302 3674 1754 3744 perpetraverint,
1789 3682 1964 3725 tamen

391 3778 494 3830 ego
538 3780 648 3816 non
699 3763 879 3817 dimisi
925 3778 1042 3830 eos,
1071 3767 1164 3819 sed
1216 3765 1547 3840 exspectavi,
1589 3773 1645 3818 ut
1668 3760 1961 3833 aliquando

394 3853 461 3907 ad
509 3866 593 3907 me
648 3862 1055 3908 reverterentur
1097 3871 1111 3908 :
1159 3853 1237 3908 illi
1284 3866 1468 3907 autem
1509 3862 1739 3910 stantem
1772 3866 1879 3916 me,
1910 3859 1965 3905 et

394 3946 717 4013 pandentem
757 3962 948 4000 manus
1000 3948 1067 4000 ad
1132 3947 1508 4017 paenitentiam
1556 3959 1768 4007 eorum,
1818 3944 1969 3998 dere-

396 4037 677 4108 liquerunt
711 4055 726 4091 :
759 4046 816 4092 et
855 4054 963 4093 non
997 4039 1077 4093 eis
1113 4038 1328 4101 sulllcit,
1380 4038 1522 4107 quod
1557 4036 1969 4104 dereliquerunt

384 4130 598 4201 .(videte
631 4131 854 4185 auxesin
882 4134 1275 4201 peccatorum),
1312 4131 1408 4186 sed
1439 4131 1599 4184 etiam
1637 4128 1971 4199 blasphema-

403 4231 526 4274 runt
558 4232 798 4274 sanctum
854 4219 1048 4285 Israel,
1088 4219 1378 4274 abalienati
1429 4227 1551 4272 sunt
1611 4226 1902 4271 retrorsum
1950 4230 1970 4269 :

405 4316 456 4368 id
515 4327 622 4377 eet,
674 4315 777 4370 hoc
823 4323 1111 4386 cmperuut
1153 4329 1293 4379 esse,
1349 4314 1493 4384 quod
1553 4325 1680 4366 ante
1732 4311 1969 4375 fuerant,

411 4413 706 4474 antequam
769 4422 889 4459 meo
948 4407 1171 4461 nomine
1210 4414 1585 4461 censerentur.
1641 4402 1813 4473 Super
1868 4417 1971 4473 quo

2061 3219 2223 3280 caput
2254 3212 2587 3276 amputatum
2625 3201 2999 3272 :superﬂuum
3060 3199 3206 3253 enim
3256 3202 3396 3263 erat,
3441 3204 3542 3248 catt
3577 3209 3635 3246 rs

2065 3302 2305 3357 membra
2331 3298 2665 3363 describere,
2700 3304 2754 3351 et
2776 3295 2997 3351 morbos
3031 3293 3358 3362 reliquorum
3393 3299 3638 3349 artuum.

2063 3396 2113 3450 si
2152 3401 2487 3464 amputatum
2543 3390 2790 3445 dixisset.
2851 3386 3190 3456 Languidum
3223 3398 3352 3454 ergo
3386 3382 3538 3446 dicit,
3579 3392 3644 3433 ut

2065 3494 2120 3542 et
2152 3486 2205 3540 in
2261 3482 2627 3552 descriptione
2666 3480 3041 3536 membrorum
3071 3488 3389 3533 cmterorum
3441 3475 3649 3528 habeat

2064 3575 2265 3630 locum.
2297 3573 2343 3624 A
2374 3573 2560 3643 planta
2582 3570 2728 3640 pedis
2756 3585 2920 3640 usque
2946 3568 3016 3621 ad
3054 3569 3296 3622 verticem
3342 3582 3445 3620 non
3472 3573 3548 3618 est
3586 3566 3648 3617 in

2063 3680 2126 3721 eo
2154 3664 2382 3720 sanitas.
2431 3661 2603 3717 Totus
2638 3669 2863 3731 ωδε-θυι
2897 3659 3108 3725 Isra'cl;
3141 3674 3209 3712 ne
3234 3670 3373 3712 unus
3421 3656 3648 3725 quidem

2067 3759 2152 3813 vir
2183 3766 2409 3813 sanctus
2436 3756 2669 3810 inveniri
2707 3762 2906 3825 potest,
2945 3754 3101 3824 quasi
3133 3752 3184 3806 in
3218 3764 3445 3820 corpore
3471 3764 3649 3803 mem-

2071 3852 2224 3906 brum
2260 3848 2503 3922 aliquod,
2536 3847 2678 3916 quod
2712 3860 2904 3901 sonum
2934 3854 3080 3900 esset
3111 3843 3379 3898 videatur.
3406 3840 3462 3896 Si
3493 3840 3650 3895 enim

2069 3943 2295 3997 essetin
2334 3949 2448 3996 toto
2479 3954 2706 4009 corpore
2738 3938 3127 4007 aliquid,quod
3162 3950 3353 3991 sanum
3378 3942 3548 3996 esset,
3581 3948 3654 3987 ex

2074 4034 2239 4089 unius
2263 4032 2687 4102 sanitatectiam
2711 4044 2909 4084 caetera
2958 4026 3219 4083 meielam
3251 4026 3466 4081 trahere
3495 4024 3653 4079 vide-

2076 4135 2283 4180 rentur.
2318 4124 2536 4187 Vttlnus,
2579 4132 2629 4178 et
2656 4122 2812 4188 liuor,
2840 4131 2894 4177 et
2915 4121 3074 4192 plaga
3125 4130 3327 4172 tumens
3374 4133 3392 4173 :
3422 4118 3656 4179 vulnus.

2073 4227 2297 4287 peccata
2351 4216 2616 4279 recentia,
2674 4215 2814 4270 livor
2868 4216 3097 4283 antiqua
3158 4212 3363 4268 scelera
3428 4226 3443 4264 :
3491 4210 3659 4281 plaga

2078 4320 2318 4377 tumens,
2349 4308 2644 4371 incoctum,
2664 4319 2721 4362 et
2744 4317 2896 4361 vetus
2916 4306 3196 4368 delictum,
3229 4303 3381 4373 quasi
3413 4303 3559 4373 quod
3584 4321 3661 4355 un

2075 4414 2215 4473 pure
2262 4402 2589 4473 parturiens.
2641 4398 2760 4454 Non
2808 4410 2883 4453 est
2933 4396 3302 4467 circumligata
3330 4412 3422 4450 nec
3461 4406 3665 4449 curata

393 4498 693 4565 percutiam
714 4512 800 4550 uos
825 4496 965 4550 ultra
990 4498 1235 4551 addentes
1252 4497 1732 4565 prevaricationem
1754 4494 1780 4548 γ
1808 4494 1973 4548 Parua
2007 4491 2054 4547 ι)
2080 4494 2424 4548 medicamine
2463 4506 2627 4561 neque
2670 4488 2787 4559 fota
2834 4487 2968 4542 oleo.
3029 4488 3141 4541 Non
3181 4488 3323 4556 quod
3362 4487 3476 4539 brcc
3508 4484 3665 4540 Deus

404 4588 471 4643 ad
515 4591 615 4644 hoc
656 4588 886 4643 infertur
932 4605 960 4642 a
999 4590 1225 4645 Domino
1251 4628 1269 4654 ,
1298 4590 1454 4660 quasi
1484 4604 1517 4644 a
1566 4603 1695 4643 vero
1743 4588 1972 4650 medico,

400 4691 466 4737 ut
504 4697 600 4751 per
649 4684 910 4745 cauteria,
958 4693 1013 4737 et
1065 4683 1371 4736 mordacem
1435 4680 1716 4751 pulverem
1770 4683 1978 4734 sanitas

392 4771 785 4840 subsequatur.
841 4762 984 4841 Ergo
1041 4772 1182 4840 quod
1249 4772 1377 4826 dicit
1431 4772 1534 4827 hoc
1586 4780 1673 4825 est
1729 4786 1747 4827 ς
1803 4768 1970 4824 Multa

392 4865 695 4934 emplastra
748 4865 995 4935 apposui,
1045 4864 1275 4920 diversis
1303 4864 1754 4919 medicaminibus
1781 4876 1972 4917 curare

400 4971 504 5012 vos
531 4956 696 5023 volui,
721 4973 828 5012 non
871 4958 1089 5013 invenio
1129 4973 1298 5029 genus
1347 4956 1595 5022 remedii,
1629 4971 1751 5011 cum
1794 4968 1977 5012 vestra

396 5048 647 5116 quotidie
676 5050 944 5117 aegritudo
990 5058 1301 5105 succrescat
1334 5066 1349 5104 :
1384 5063 1490 5103 non
1536 5047 1735 5113 solum,
1773 5048 1969 5116 inquit,

410 5155 519 5193 non
554 5141 822 5196 sanamini
860 5156 891 5196 a
942 5141 1212 5209 prioribus
1254 5141 1424 5206 vitiis,
1473 5140 1565 5195 sed
1597 5149 1652 5194 et
1697 5153 1818 5194 mea
1847 5152 1976 5193 cura

403 5232 716 5286 revolvente
742 5234 914 5302 priora
957 5243 1201 5301 peccata,
1257 5247 1398 5287 nova
1425 5232 1695 5303 apponitis
1731 5229 1975 5285 vulnera.

400 5323 580 5394 Super
629 5341 730 5394 quo
769 5327 1056 5392 percutiam
1101 5342 1190 5379 vos
1234 5324 1416 5379 ultra?
1468 5322 1626 5394 quasi
1674 5322 1975 5379 dubitantis

404 5417 568 5470 verba
605 5425 731 5470 sunt
767 5432 781 5469 :
810 5416 912 5469 hoc
943 5426 1047 5479 est,
1083 5417 1133 5468 in
1163 5430 1269 5485 quo
1299 5431 1396 5471 vos
1418 5414 1643 5470 saneto?
1675 5414 1799 5483 quia
1830 5412 1975 5467 enim

401 5509 561 5579 plaga
593 5508 802 5562 Domini
832 5508 896 5563 ad
919 5510 1020 5562 hoc
1049 5508 1260 5577 percuti
1291 5544 1309 5571 ,
1352 5516 1409 5561 ut
1442 5507 1728 5573 emendet;
1762 5504 1828 5558 ad
1874 5506 1979 5557 hoc

489 5692 505 5722 ³
537 5691 592 5743 ln
627 5707 732 5749 ms.
757 5694 953 5747 vitione
975 5706 1092 5747 erat
1112 5692 1325 5761 accipit.

486 5764 505 5792 ε
526 5762 844 5832 Lugendum
907 5775 1197 5826 cernatur;
1227 5757 1534 5819 verissime
1573 5761 1638 5816 ad
1675 5757 1973 5830 apographi

2079 4601 2185 4640 non
2234 4584 2467 4648 fecerit;
2524 4583 2650 4637 fecit
2704 4582 2852 4636 enim
2901 4580 3105 4641 omnia,
3153 4587 3210 4634 et
3264 4575 3477 4647 1150
3533 4577 3668 4631 sine

2077 4690 2243 4733 causa
2274 4675 2428 4728 missi
2457 4682 2617 4727 erant
2648 4678 2947 4742 prophetat,
2981 4671 3026 4724 si
3058 4671 3161 4724 ista
3199 4680 3305 4725 n0n
3345 4669 3608 4723 fecissent
3649 4685 3668 4726 :

2080 4769 2173 4823 sed
2225 4766 2353 4836 quia
2408 4774 2514 4817 non
2561 4773 2643 4817 est
2668 4763 2872 4817 sanitas
2910 4765 3223 4828 suhserota,
3254 4761 3670 4831 quodammmfo

2087 4858 2341 4913 videmur
2369 4871 2475 4911 non
2501 4855 2641 4909 facta
2674 4869 2796 4909 esse
2826 4870 2943 4923 qua}
2986 4851 3124 4908 iacti
3157 4862 3305 4908 sunt.
3328 4850 3668 4907 Secundum

2085 4944 2465 5015 tropologiatn.
2499 4944 2708 5010 Audite,
2728 4943 2864 5008 coeli,
2891 4954 2936 4996 et
2962 4943 3177 4997 auribus
3201 4942 3427 5012 percipe,
3463 4952 3618 4995 terra
3646 4958 3669 4997 :

2083 5040 2194 5095 hoc
2230 5048 2334 5103 est,
2369 5047 2421 5092 et
2469 5051 2585 5102 vos,
2627 5036 2717 5105 qui
2773 5036 2947 5090 sancti
3001 5034 3283 5095 videmini.
3319 5044 3371 5088 et
3405 5047 3523 5100 vos,
3562 5034 3672 5103 qui

2082 5138 2424 5199 peccatores,
2466 5130 2673 5197 pariter
2702 5128 2905 5182 audite.
2938 5124 3106 5181 Filios
3140 5127 3384 5189 enutriai,
3429 5135 3477 5177 et
3504 5128 3675 5180 exat-

2081 5220 2210 5285 tavi,
2234 5221 2333 5288 ipsi
2373 5227 2546 5273 autem
2574 5235 2653 5274 nte
2682 5229 3008 5289 spreverunt.
3046 5220 3185 5272 Deus
3228 5218 3366 5272 filios
3403 5218 3678 5274 homines

2082 5312 2288 5366 habere
2317 5312 2571 5379 dignatus
2602 5326 2761 5376 sum;
2793 5310 3027 5364 euutrivi
3051 5325 3166 5373 eos,
3202 5321 3253 5362 et
3281 5309 3673 5379 magnilicavi.

2083 5411 2143 5456 ut
2175 5403 2242 5456 de
2268 5404 2441 5458 servis
2465 5403 2669 5456 amicos
2695 5402 2930 5456 dicerem
2959 5419 2973 5456 :
3004 5402 3106 5469 ipsi
3138 5412 3312 5454 autem
3343 5412 3671 5469 spreverunt

2082 5510 2184 5560 me,
2235 5495 2359 5561 hoc,
2414 5509 2510 5564 per
2547 5506 2766 5565 peccata
2820 5509 2938 5557 sua,
2997 5504 3050 5548 et
3089 5503 3237 5548 certe
3283 5506 3404 5547 cum
3444 5492 3670 5545 nullam

2081 5684 2164 5739 sui
2197 5696 2349 5735 oram
2369 5680 2436 5734 Μ.
2465 5679 2610 5749 Scip.
2631 5677 2876 5735 Mall'eius
2904 5690 3282 5736 annotavcrat.

2151 5754 2171 5785 ³
2205 5751 2392 5807 Graece
2415 5749 2766 5827 ἡγεμονικόν.
