4004 6182
388 405 503 479 ,9⁷7
1421 408 1702 466 INCERTI
1737 405 2218 465 FRAGMENTUM
2251 405 2317 460 IN
2357 404 2612 461 lSAlAM.
3531 397 3649 457 973

395 537 572 576 meam
637 523 894 579 duritiam
965 526 1257 582 senserim.
1338 528 1406 583 Et
1472 528 1767 599 prudenter
1825 526 1965 581 dixit
2072 525 2217 581 enim
2255 539 2362 579 non
2395 523 2647 578 habentia
2678 531 2823 576 tanta
2860 521 3227 586 dominorum,
3274 531 3325 575 et
3358 537 3643 590 possesso-
3693 533 3701 574 '.

394 626 751 682 spreverunt:
777 633 939 672 nemo
972 619 1201 687 spernit,
1242 620 1345 676 nisi
1372 618 1528 688 cujus
1553 620 1724 675 nimia
1752 619 1968 675 bonitas
2074 634 2193 673 rum
2255 617 2542 679 beneﬁcia.
2597 615 2952 669 nihilominus
3010 630 3038 667 a
3066 615 3288 669 domino
3334 630 3443 668 non
3497 626 3648 669 rece-

395 714 479 760 est
513 722 679 778 :ergo
710 720 762 762 et
807 709 953 766 illitis
987 710 1351 778 clementiam,
1386 722 1440 767 et
1494 711 1964 767 mansuetudinem
2075 710 2254 765 dunt:
2290 717 2345 764 et
2396 710 2493 764 bos
2547 708 2693 761 enim
2747 721 2869 760 cum
2914 706 3275 776 vapulaverit,
3328 717 3383 761 et
3436 711 3649 770 asinus,

397 812 574 851 meam
636 799 1060 855 imbecillitatem
1128 800 1574 869 interpretantes,
1645 809 1968 871 spreverunt
2074 817 2197 856 cum
2226 816 2254 853 a
2289 800 2511 853 domino
2544 797 2709 853 fuerit
2740 798 3068 864 indignatus,
3102 814 3207 852 non
3236 799 3403 853 sentit
3438 798 3645 866 plagas.

396 907 559 961 quem
603 892 818 957 timere,
876 901 931 945 et
970 907 1157 948 amare
1215 893 1561 950 debuerant:
1602 902 1658 948 et
1706 895 1960 965 proponit
2072 895 2164 949 sed
2197 892 2584 948 beneﬁciorum
2622 891 2995 947 tantuuunodo
3025 896 3378 959 recordatur;
3428 902 3483 946 et
3522 906 3647 945 cum

396 983 730 1051 exemplum,
764 985 907 1050 quod
936 998 1098 1054 supra
1128 985 1385 1052 diximus,
1422 987 1486 1039 de
1517 985 1674 1048 bove,
1704 994 1759 1040 et
1789 986 1962 1040 asino.
2072 986 2267 1039 viderit
2322 984 2599 1039 dominum
2642 984 2853 1049 alludit,
2902 995 2957 1041 et
3000 985 3236 1040 lmtitiam
3293 986 3489 1041 tuentis
3522 986 3650 1055 qui-

399 1071 512 1126 Hoc
543 1081 727 1127 autent
771 1081 943 1128 totum
1002 1076 1429 1145 interpretamur
1468 1075 1520 1129 in
1562 1075 1861 1145 Scripturis
1898 1076 1967 1131 de
2076 1076 2397 1147 buscunque
2446 1085 2624 1145 potest
2688 1076 2931 1145 gestibus
2982 1076 3188 1132 indicat
3228 1077 3436 1132 :lsnel
3489 1091 3647 1144 vero,

398 1162 498 1228 eis,
541 1165 632 1233 qui
692 1179 788 1233 per
828 1176 1051 1234 peccata
1102 1182 1202 1223 sua
1252 1183 1281 1221 a
1340 1168 1566 1222 Domino
1595 1175 1964 1230 recesserunt,
2076 1169 2179 1220 hoc
2210 1174 2316 1230 est,
2349 1165 2528 1219 anima
2583 1161 2758 1224 nam
2791 1164 2975 1233 Deum,
3027 1181 3115 1221 me
3168 1181 3501 1237 cognoscere
3549 1182 3646 1221 no-

398 1255 542 1326 quod
575 1255 746 1312 niiilto
776 1256 1075 1314 deteriores
1109 1259 1222 1314 sint
1257 1258 1432 1315 brutis
1467 1259 1796 1315 animalibus
1834 1258 1965 1314 :illa
2075 1260 2195 1325 luit,
2220 1259 2383 1316 etc.'.

398 1486 439 1538 r
478 1414 493 1444 ²
530 1412 753 1539 Abunde
806 1415 939 1539 satiis
984 1415 1097 1471 haec
1151 1414 1263 1469 sint
1321 1418 1387 1470 ad
1446 1415 1921 1472 internosceudum
1975 1416 2445 1475 consarcinatOris
2505 1416 2801 1489 ingenium.
2868 1418 3080 1473 (tmtera
3138 1431 3239 1473 nec
3291 1433 3470 1493 opera:
3524 1436 3648 1492 pre-

428 1500 535 1539 lum
558 1499 617 1539 es
663 1498 890 1539 nerseuu
920 1522 939 1539 .

428 1500 535 1539 tum
558 1498 642 1540 est
663 1498 939 1558 persequi.
