2059 3215
652 344 1304 433 ΕΥΣΕΒΙΟΥ

754 495 867 538 ΤΟΥ
893 494 1192 539 ΠΑΜΦΙΛΟΥ

460 589 616 656 ΕΙΣ
671 592 935 659 ΤΟΥΣ

988 591 1480 663 ΨΑΛΜΟΥΣ

809 707 877 734 ΛΠΟ
896 708 958 735 ΡΙΘ¹
977 710 1039 737 ΕΩΣ
1058 711 1120 737 PN’.

529 880 907 960 EUSEBII
949 881 1406 962 PAMPHILI

333 1026 1085 1095 COMMENTARIORUM
1125 1031 1206 1093 IN
1246 1029 1602 1097 PSALMOS

844 1156 863 1177 Δ
886 1157 964 1178 CXIX
985 1157 1026 1178 AD
1048 1157 1085 1178 CL

458 1228 658 1265 RELIQUUE
678 1229 941 1260 SUPERSTITES
962 1230 1003 1260 IN
1025 1230 1231 1262 CODICIBUS
1254 1231 1477 1265 VATICANIS.

240 1309 293 1347 (Ex
308 1309 469 1338 Bibliotheca
482 1318 548 1338 nova
561 1309 674 1338 Patrum
692 1309 840 1338 cardinalis
855 1310 958 1346 Angela
980 1311 1044 1345 MAI,
1059 1316 1078 1339 ι.
1101 1311 1146 1345 IV,
1167 1319 1194 1347 p.
1211 1312 1255 1340 67.
1271 1312 1334 1349 Ejus
1348 1314 1534 1349 prafationem
1552 1318 1685 1353 superiori

820 1362 892 1385 tonio
906 1359 1110 1394 praemisimus.)

425 1504 571 1532 ΨΑΔΜΟΣ
590 1505 652 1532 P16l
656 1525 665 1532 .

362 1543 442 1585 ίᾨὸὴ
458 1550 516 1577 τῶν
533 1551 720 1585 ἀναϐαθμῶν.

186 1595 218 1622 Ui.
234 1596 432 1628 καταπεσόντες
449 1596 502 1624 ἀπὸ
525 1597 579 1624 τῶν
600 1596 647 1624 τοῦ
670 1597 737 1624 Θεοῦ
755 1596 855 1629 καλῶν,
870 1597 938 1625 ἁνα-

150 1641 287 1669 6αίνουσιν
302 1643 348 1669 ἐπὶ
360 1642 456 1675 ταῦτα,
474 1643 732 1678 παρασκευάσαντες
749 1643 789 1674 εἰς
805 1644 855 1679 τὴν
871 1644 938 1670 ἀνά-

150 1689 230 1716 Εασιν
242 1689 367 1721 ἑαυτούς·
381 1689 429 1725 τὴν
443 1687 488 1716 οὖν
501 1689 676 1725 παρασκευὴν
690 1688 788 1721 ἱκανῶς
803 1688 939 1721 ἐπιδείξας

150 1735 165 1760 ὁ
186 1735 338 1771 Ψαλμῳδὺς
361 1735 405 1762 διὰ
431 1735 479 1762 τοῦ
505 1735 612 1771 πρώτου
637 1733 745 1770 ψαλμοῦ
768 1735 872 1769 εἰσάγει
888 1735 937 1770 τὴν

150 1781 281 1808 ἀνάϐασιν
293 1781 343 1817 τὴν
357 1781 401 1808 διὰ
416 1781 469 1808 τῶν
483 1781 606 1816 θλίψεων.

368 1873 438 1900 Ἀπὸ
456 1873 598 1907 γλώσσης
611 1873 724 1906 δολΙας.

187 1918 331 1945 Τουτέστιν
354 1918 407 1944 ἀπὸ
433 1919 524 1953 πάσης
548 1918 717 1953 ψευδοδοξίας
745 1919 792 1945 καὶ
813 1918 935 1954 ἀπάτης⁸

150 1966 237 1992 δεῖται
268 1964 322 2000 γὰρ
347 1965 361 1990 ὸ
384 1965 413 1990 ὲν
429 1964 499 1999 ἀρχῇ
531 1965 671 1999 προκοπῆς
695 1964 835 1999 τυγχάνων
863 1965 937 1996 ὅπως

151 2011 246 2046 μηδεὶς
263 2011 343 2038 αὑτὸν
360 2010 576 2046 παραλογίζηται
593 2010 621 2037 ὲν
640 2009 823 2045 πιθανολογίᾳ.

363 2103 393 2129 Tl
411 2101 512 2136 δοθείη
528 2102 600 2132 ’σοι;
614 2110 641 2128 κ.
657 2109 683 2128 τ.
700 2100 724 2129 λ.

189 2149 358 2181 Ἐπαγοὺσας
374 2151 387 2176 ὁ
399 2149 484 2184 Λόγος
498 2148 545 2175 τοῦ
562 2147 792 2184 προσευξαμένου,
807 2147 878 2175 κατά
893 2148 933 2181 τὺ,

1248 1507 1408 1536 PSALMUS
1427 1508 1520 1538 CXIX.

1168 1554 1248 1582 Vens.
1265 1555 1290 1581 1.
1305 1555 1443 1582 Canticum
1459 1556 1598 1591 graduum.

1026 1599 1077 1633 Qui
1095 1607 1109 1626 a
1123 1600 1171 1627 Dei
1187 1601 1265 1628 bonis
1277 1601 1448 1634 exciderunt,
1461 1603 1493 1628 ad
1508 1602 1565 1630 haac
1581 1603 1669 1632 denuo
1682 1610 1772 1631 οεδιπ-

989 1651 1065 1681 gunt,
1095 1647 1117 1674 si
1142 1647 1175 1674 ad
1202 1647 1356 1682 hujusmodi
1384 1648 1568 1676 ascensionem
1593 1654 1678 1677 semet
1695 1657 1770 1678 com-

988 1693 1156 1727 paraverint.
1193 1693 1268 1721 Hauc
1298 1701 1363 1729 ergo
1397 1694 1620 1729 praeparationem
1656 1703 1713 1730 prte
1741 1703 1772 1725 se

989 1738 1081 1766 ferens
1109 1739 1269 1772 Psalmista,
1305 1741 1393 1776 primo
1426 1740 1478 1768 hoc
1507 1742 1638 1775 graduum
1667 1741 1772 1777 psalmo

989 1784 1193 1817 ascensionem,
1230 1793 1290 1820 quae
1328 1793 1376 1821 per
1409 1785 1613 1815 tribulationem
1635 1786 1686 1820 lit,
1720 1794 1770 1815 ex-

988 1830 1074 1864 ponit.
1261 1844 1264 1847 -

1026 1874 1030 1878 ”
1178 1875 1261 1902 Vens.
1278 1874 1306 1901 2.
1331 1875 1353 1902 Α
1372 1875 1461 1911 lingua
1475 1877 1577 1904 dolosa.

1023 1921 1050 1948 ltl
1078 1926 1120 1949 est
1145 1921 1179 1948 ab
1204 1922 1277 1949 omni
1302 1921 1390 1949 fallaci
1413 1922 1546 1950 sententia
1559 1927 1586 1949 et
1599 1923 1768 1958 deceptione.

988 1967 1100 2002 Oportet
1126 1967 1197 1995 enim
1226 1975 1288 1995 eum
1321 1967 1366 2002 qui
1399 1968 1504 1995 initium
1535 1968 1694 2002 proficiendi
1728 1969 1769 1996 fa-

987 2013 1045 2046 cit,
1071 2021 1087 2040 a
1110 2013 1219 2041 nemine
1245 2013 1320 2041 falsis
1352 2014 1569 2048 persuasionibus
1595 2014 1621 2040 in
1647 2021 1768 2042 errorem

987 2059 1093 2087 abducL

1146 2104 1227 2132 Vens.
1244 2104 1269 2131 5.
1294 2104 1363 2137 Quid
1379 2104 1455 2131 detur
1472 2104 1542 2131 tibi?
1555 2108 1609 2132 etc.

1022 2149 1121 2176 Audito
1131 2154 1227 2176 orante
1234 2148 1315 2180 Deus,
1323 2148 1405 2176 veluti
1416 2148 1590 2180 illud,Adhuc
1601 2154 1626 2176 te
1638 2149 1768 2185 loquente,

148 2196 213 2224 Ἔτι
237 2195 404 2228 λαλοῦντός
430 2202 498 2226 σου,
522 2195 585 2221 ἰδοὺ
610 2194 738 2229 πάρειμι,
758 2194 932 2231 ἀποκρίνεται

985 2203 1043 2223 ecce
1069 2196 1162 2222 adsum
1176 2196 1184 2211 ¹
1197 2216 1205 2228 ,
1221 2195 1368 2230 respondet
1379 2195 1415 2226 ei,
1434 2195 1552 2230 dicitque
1568 2205 1574 2222 :
1595 2196 1681 2224 Macte
1705 2197 1767 2225 ani-

146 2242 223 2278 αὐτῷ
241 2242 287 2268 καί
302 2249 368 2276 φησι
378 2250 384 2256 ·
399 2240 510 2277 Θάρσει,
524 2235 546 2266 ὦ
565 2237 652 2271 οὗτος,
670 2237 747 2271 εἰδὼς
757 2239 798 2266 ὅτι
816 2239 935 2276 προστά-

145 2298 196 2325 την
211 2289 257 2316 καὶ
271 2289 429 2324 ὑπέρμαχον
454 2287 524 2323 ἔχεις
544 2287 669 2318 δυνατὸν,
686 2287 777 2319 ὅπλοις
793 2287 933 2323 χρώμενον

146 2335 216 2371 ὑπὲρ
231 2335 277 2362 σοῦ
292 2335 362 2361 κατὰ
377 2334 431 2361 τῶν
446 2333 499 2360 σῶν
516 2333 652 2368 πολεμίων
663 2341 670 2348 ⁸
687 2333 749 2369 βέλη
763 2342 793 2359 τε
804 2333 858 2369 γὰρ
869 2333 933 2367 ἡκό-

145 2389 227 2416 νησεν
242 2382 300 2408 κατ’
313 2381 401 2407 αὐτῶν
412 2400 419 2412 ,
443 2379 490 2406 καὶ
512 2379 649 2415 ἄνθρακας
663 2378 810 2415 ἡτοίμασεν
833 2380 933 2415 ἐρημο-

148 2427 242 2458 ποιοὺς
264 2428 302 2459 εἰς
325 2427 434 2459 αὐτοὺς,
459 2426 647 2462 μετελεύσεται
674 2426 703 2452 ὲν
719 2426 779 2457 ταῖς
801 2426 862 2452 κατ’
886 2426 934 2453 αὺ-

147 2471 203 2498 τῶν
218 2471 375 2506 τιμωρίαις·
392 2471 418 2498 τί
438 2469 485 2497 οὖν
505 2470 586 2497 πλέον
603 2471 688 2501 αἰτεῖς
708 2469 816 2505 δοθῆναί
839 2478 897 2502 σοι;
915 2470 931 2505 ἣ

147 2518 175 2545 τί
187 2517 267 2553 Θέλῃς
281 2517 453 2551 προστιθέναι
471 2525 510 2544 σοι
527 2516 596 2552 μετὰ
609 2516 659 2551 τὴν
673 2514 806 2551 τοσαύτην
822 2515 870 2542 τοῦ
884 2517 934 2542 Δυ-

146 2562 228 2592 νατοῦ
246 2561 317 2589 κατὰ
330 2562 382 2588 τῶν
395 2562 498 2590 ἀσεὸὦν
514 2561 709 2598 παρασκευήν;

264 2607 346 2634 Μετὰ
358 2606 415 2634 τῶν
432 2606 634 2643 σκηνωμάτων
647 2605 746 2641 Κηδάρ
761 2606 809 2642 (1).

180 2654 275 2690 Κηδὰρ
289 2653 377 2687 πάγος
392 2654 486 2686 γενεᾶς
492 2653 602 2680 δύναται
611 2653 658 2680 καὶ
671 2651 824 2687 σκοτασμός
833 2660 840 2667 ·
851 2651 928 2679 Κατ-

141 2701 286 2736 εσκήνωσα
299 2697 355 2732 οὗν,
373 2699 449 2734 φησὶ,
465 2699 533 2733 μετὰ
546 2699 599 2727 τῶν
614 2698 800 2734 σκηνωμάτων
809 2697 856 2724 τοῦ
864 2706 927 2724 σκο-

141 2745 259 2781 τασμοῦ,
276 2745 343 2780 ὅπερ
359 2745 416 2771 ἐστὶ
430 2744 476 2770 τοῦ
494 2743 616 2779 σώματος
630 2744 677 2771 τοῦ
697 2744 812 2770 θανάτου
822 2751 829 2758 ·
851 2743 925 2778 καὶὴ

139 2791 214 2827 ψυχή
232 2800 281 2827 μου
297 2791 377 2826 αὐτὴ,
393 2790 471 2826 φησὶ,
490 2790 573 2817 πολλὰ
587 2791 730 2822 πλεονάκις
750 2789 923 2826 παρῴκησεν.

179 2848 186 2862 ¹
202 2846 253 2886 15a.
271 2854 346 2880 um,
369 2847 385 2874 9

983 2249 1037 2274 mo,
1055 2248 1071 2268 ο
1091 2241 1187 2274 homo;
1212 2241 1282 2268 nosti
1299 2241 1371 2268 enim
1394 2241 1511 2268 validum
1535 2246 1561 2269 te
1585 2247 1768 2276 protectorem

982 2286 1204 2321 defensoremque
1219 2286 1328 2320 habere,
1346 2287 1428 2314 armis
1447 2294 1495 2320 pro
1510 2292 1536 2315 te
1559 2288 1690 2316 adversus
1715 2290 1767 2317 ho-

981 2336 1037 2359 stes
1050 2332 1233 2359 decertantem
1248 2341 1254 2359 :
1276 2339 1338 2359 nam
1362 2332 1474 2367 sagittas
1488 2338 1580 2360 contra
1594 2334 1666 2368 ipsos
1683 2335 1767 2368 acuit,

981 2377 1160 2405 desolatorios
1173 2379 1307 2405 carbones
1321 2378 1449 2406 adversus
1463 2386 1511 2406 eos
1528 2380 1652 2414 paravit,
1673 2385 1701 2408 et
1723 2380 1766 2408 In-

983 2426 1102 2449 structus
1120 2423 1260 2457 suppliciis
1274 2429 1404 2450 venturus
1420 2428 1473 2452 est.
1485 2423 1555 2457 Quid
1575 2432 1641 2459 ergo
1658 2425 1767 2459 insuper

983 2466 1030 2494 tibi
1052 2467 1110 2494 dari
1135 2468 1276 2503 postulas?
1300 2468 1342 2495 vel
1363 2469 1493 2503 quidnam
1516 2462 1568 2497 tibi
1599 2470 1659 2498 addi
1685 2470 1763 2503 velis,

981 2516 1042 2546 post
1071 2516 1176 2540 tantum
1202 2513 1322 2548 potentis
1349 2513 1394 2541 Dei
1416 2518 1512 2541 contra
1537 2515 1634 2550 impios
1648 2522 1764 2550 appara-

983 2561 1039 2584 tum
1051 2558 1063 2584 2

1125 2603 1206 2631 Vens.
1221 2603 1246 2631 5.
1254 2604 1326 2630 Cum
1339 2605 1516 2632 tabernaculi:
1528 2605 1622 2633 Cedar.

1017 2647 1105 2676 Cedar
1114 2649 1174 2684 gelu
1190 2650 1373 2685 generationis
1386 2655 1413 2678 et
1423 2650 1599 2679 obscuritatis
1614 2649 1762 2685 signiﬁcat.

982 2693 1107 2722 Habitavi
1122 2695 1224 2730 itaque,
1240 2696 1287 2728 ait,
1301 2697 1326 2723 in
1341 2696 1521 2724 tabernaculis
1534 2696 1721 2729 obscuritatis,
1731 2696 1764 2725 id

981 2745 1023 2768 est
1037 2741 1063 2768 in
1084 2741 1190 2769 mortali
1206 2749 1321 2777 corpore
1337 2751 1344 2769 :
1359 2749 1387 2770 et
1403 2743 1493 2770 anima
1515 2750 1573 2770 mea
1601 2743 1658 2778 ipsa
1678 2750 1761 2778 saepe,

980 2787 1077 2823 inquit,
1093 2788 1191 2824 diuque
1204 2788 1292 2816 incola
1311 2789 1372 2817 fuit.

177 2905 215 2942 (I)
232 2906 316 2935 Recte
334 2906 398 2934 cod.
416 2906 447 2934 C.
466 2907 649 2934 tantummodo
672 2907 732 2936 sic:
762 2907 791 2933 ὐ
809 2906 932 2938 Εὐσέϐιος

984 2906 1046 2942 ηδὰρ
1060 2905 1239 2942 ἑρμηνεύεται
1257 2905 1433 2940 σκοτασμόν
1451 2905 1478 2941 (a

323 2956 458 2987 PATROL.
474 2956 535 2986 Gn.
557 2954 674 2986 XXIV.

1589 2956 1604 2985 1

929 3038 1181 3114 48605

1788 324 1793 349 ι
