2059 3215
301 220 330 248 ll

561 266 718 295 PSALMUS
732 267 811 295 CXX.

397 312 478 339 VEtts.
491 313 515 339 ί.
532 312 626 339 Levavi
637 313 725 340 oculos
739 322 807 340 meus
823 314 849 340 in
864 319 973 340 montes.

334 359 373 385 Ab
387 358 476 386 hostili
491 359 622 386 servitute
638 360 787 392 expeditus,
804 365 886 394 atque
902 360 929 386 in
945 361 1000 394 ipsa
1016 361 1071 395 jam

298 407 339 433 via
352 406 522 436 constitutus,
539 413 597 438 qua:
611 405 643 432 ad
659 406 704 432 Dei
718 407 854 434 civitatem
878 406 963 439 ducit,
981 407 1073 434 oculos

298 447 338 480 ad.
350 457 454 480 montes
471 454 519 479 hac
537 453 595 478 illac
612 452 720 483 attollit,
737 453 884 480 observans
898 458 978 487 atque
993 452 1073 479 vesti-

297 505 380 534 gans,
397 499 529 525 undenam
551 497 600 524 sibi
622 497 749 524 auxilium
761 498 796 524 sil
808 498 972 525 adfuturum.
989 497 1072 526 Porro

296 545 400 572 cunctis
412 544 500 571 mundi
517 542 637 578 partibus
653 551 684 570 ac
699 544 901 571 summitatibus
909 545 1070 578 exploratis,

297 590 367 617 nulla
381 590 407 617 in
425 598 454 617 re
472 590 593 617 sensibili
606 597 662 616 rem
675 590 816 624 quiasilent
829 590 970 625 comperit.
985 590 1072 618 Mente

298 637 379 670 igitur
397 637 546 670 animaeque
557 636 643 663 oculis
663 637 695 662 ad
716 641 852 663 auctorem
865 642 1072 672 creatoremque

297 690 384 709 rerum
397 683 514 709 omnium
526 683 693 717 confugiens,
708 682 744 710 ibi
757 682 838 712 sistit.
847 682 1013 717 alterumque
1021 684 1072 711 hoc

295 728 427 756 canticum
438 728 553 755 concinit
563 729 654 756 dicens
666 738 672 755 :
685 727 818 755 Auxilium
825 736 909 755 meum
922 737 937 755 ιι
951 728 1069 761 Domino,

293 775 338 808 qui
353 774 411 809 fecit
423 774 513 801 calum
526 779 549 800 et
563 779 670 801 terram.

451 854 530 881 Vnus.
546 854 572 881 5.
593 854 717 881 Dominus
734 855 863 881 custodiet
879 861 912 881 te.

327 897 393 925 Eum
417 901 462 933 qui
489 906 596 933 semper
612 899 644 926 ad
670 899 752 926 Deum
777 905 892 934 spectat,
915 900 971 934 ipse
1005 899 1069 934 vigil

292 944 409 971 custodit
422 942 501 976 lous,
519 945 629 980 ejusque
649 945 787 971 dexteram
810 946 924 981 protegit
947 953 1066 978 manum,

291 991 353 1025 quia
363 995 390 1018 et
404 991 447 1018 ille
461 992 580 1019 dexteris
596 993 698 1019 actibus
714 993 805 1024 utitur,
829 997 856 1018 et
880 992 1002 1019 inimicos
1019 1001 1066 1019 sua

291 1036 400 1063 dextera
428 1037 544 1071 repellit.
577 1037 658 1064 Certe
687 1037 739 1065 Deo
767 1038 927 1064 dilectarum
951 1038 1066 1066 dextera:

291 1081 450 1108 insidiantur
467 1082 636 1115 potissimum
651 1083 752 1109 hostes.
776 1081 822 1109 Sic
850 1082 941 1116 itaque
966 1082 1065 1109 dictum

292 1126 341 1153 luit
357 1135 364 1153 :
382 1125 415 1152 Et
427 1126 503 1154 lenus
516 1127 622 1154 indutus
635 1132 690 1154 erat
707 1127 816 1154 vestibus
828 1127 951 1161 sordidis,
967 1128 1067 1154 stabat-

288 1179 337 1206 que
357 1172 478 1199 diabolus
502 1180 518 1198 a
545 1173 645 1199 dextris
669 1173 726 1206 ejus
747 1175 769 1201 '.
789 1189 825 1194 ——
840 1172 977 1206 Praecipua
1003 1181 1066 1200 vero

289 1217 360 1245 Deus
386 1225 401 1245 a
425 1218 543 1252 nequitia
578 1223 680 1251 tuetur,
709 1219 812 1246 etiamsi
839 1218 908 1247 forte
932 1219 1066 1246 exteriora

290 1268 381 1291 nostra
399 1271 446 1290 seu
466 1271 563 1298 corpus
587 1263 697 1300 adligat.
722 1264 903 1298 Quamobrem
915 1269 942 1291 et
955 1264 987 1292 de
1000 1264 1067 1292 Jobo

290 1310 426 1337 mandavit
441 1318 448 1336 :
463 1310 582 1337 Animam
606 1311 662 1344 ejus
679 1315 780 1338 tantum
793 1319 865 1338 serva
878 1311 898 1338 ⁸.
913 1310 998 1338 Porro
1008 1311 1067 1337 ani-

291 1362 332 1381 ma
347 1355 446 1390 indiget
466 1355 560 1386 tutela,
596 1363 656 1382 cum
671 1356 730 1383 vita:
745 1357 834 1383 exitus
851 1361 957 1391 tempus
970 1357 1065 1390 instat,

288 1407 317 1430 et
344 1410 404 1429 cum
436 1402 469 1429 ad
499 1402 545 1429 Dei
575 1402 712 1428 civitatem
729 1402 780 1428 iter
795 1401 893 1435 carpit.
909 1401 977 1435 Quid
994 1402 1065 1428 enim

289 1448 410 1483 proderit
428 1467 435 1479 ,
465 1447 487 1474 si
512 1448 645 1482 quispiam
673 1448 699 1475 in
725 1448 812 1475 medio
838 1447 936 1474 itinere
965 1448 1065 1474 cadens

290 1493 403 1529 pereat?
431 1492 524 1527 Itaque
557 1493 690 1520 neminem
716 1498 779 1520 ante
809 1500 922 1520 mortem
956 1494 1064 1520 beatum

290 1540 374 1567 dicas.

394 1584 475 1612 Vens.
492 1585 518 1613 6.
545 1584 595 1612 Per
618 1585 686 1612 diem
709 1584 749 1611 tot
772 1592 823 1611 mm
844 1589 899 1611 uret
924 1589 957 1611 tr.

650 220 782 248 EUSEBll
802 220 1032 248 CASSARIENSiS
1048 221 1122 248 OPP.
1143 220 1232 248 PARS
1251 221 1293 250 Ill.
1315 238 1346 242 —
1366 221 1567 249 EXEGETICA.

1401 269 1542 296 ΨΑΛΜΟΣ
1562 270 1626 297 PK’.

1208 313 1279 348 Ἦρα
1297 314 1367 347 τοὺς
1384 315 1554 349 ὀφθαλμούς
1567 323 1626 349 μου
1643 317 1681 349 εἰς
1699 315 1735 342 τὰ
1754 317 1817 351 ὄρη.

1165 361 1193 386 '0
1206 360 1254 395 τῆς
1267 360 1385 391 δουλείας
1404 360 1455 386 ὑπὸ
1469 361 1524 391 τοῖς
1540 360 1646 396 ἐχθροῖς
1661 362 1839 396 ἀπαλλαγεὶς,
1857 363 1904 390 καὶ

1123 406 1182 432 κατ’
1196 406 1279 440 αὐτὴν
1301 406 1351 440 ἠδη
1365 405 1484 440 γεγονὼς
1501 406 1549 440 τὴν
1572 405 1631 432 ὁδὸν
1650 407 1699 442 τὴν
1719 408 1837 441 ἄγουσαν
1857 409 1903 435 ἐπὶ

1122 452 1170 487 τὴν
1181 451 1228 478 τοῦ
1239 451 1305 478 Θεοῦ
1319 451 1403 482 πόλιν,
1417 452 1472 479 ἄνω
1484 452 1546 483 τοὺς
1559 452 1715 488 ὀφθαλμοὺς
1727 450 1778 480 ὦδε
1792 455 1903 482 κάκεῖσε

1121 499 1162 529 εἰς
1186 498 1219 524 τὰ
1238 497 1287 533 δρη
1310 498 1426 533 ἐπαίρει,
1446 498 1582 524 κατανοῶν
1605 500 1651 525 καὶ
1670 499 1902 535 πολυπραγμονῶν

1123 542 1203 569 ποθεν
1225 542 1298 578 αὑτῷ
1317 542 1375 577 ἥξει
1398 542 1520 577 βοήθειαι
1548 542 1582 569 τὰ
1607 543 1676 578 μέρη
1697 543 1725 570 δὲ
1742 544 1831 571 πάντα
1855 545 1902 572 τοῦ

1121 588 1222 623 κόσμου
1247 589 1295 614 καὶ
1319 587 1354 614 τὰ
1383 587 1435 623 ὕψη
1464 588 1658 624 περιαθρήσας,
1682 589 1711 615 ὲν
1738 590 1824 616 οὐδενὶ
1848 591 1902 617 τῶν

1121 634 1254 669 αἰσθητῶν
1271 634 1391 669 εὑρίσκει
1404 634 1435 660 τὸ
1456 634 1619 669 ζητούμενον
1629 643 1636 650 ο
1659 635 1697 670 νῷ
1711 635 1738 662 δὲ
1754 636 1800 662 καὶ
1813 636 1901 672 ψυχῆς

1120 679 1266 714 ὀφθαλμοῖς
1281 679 1327 704 ἐπὶ
1344 679 1389 705 τὸν
1406 680 1518 714 ποιητὴν
1539 680 1575 714 (Ξ)
1597 680 1643 706 καὶ
1660 680 1824 716 δημιουργὸν
1848 682 1901 708 τῶν

1120 726 1187 751 ὅλων
1204 724 1376 760 ἀναδραμὼν,
1390 725 1505 752 ἐνταῦθα
1520 725 1635 759 ἵσταται,
1650 725 1695 752 καὶ
1712 726 1759 761 τὴν
1773 727 1901 763 δευτέραν

1120 771 1190 807 ᾠδὴν
1207 771 1263 807 ᾅδει
1279 771 1365 804 λέγων
1374 779 1381 786 ·
1404 771 1438 797 Ἡ
1447 770 1572 805 ,βοήθειά
1581 780 1640 805 μου
1648 772 1726 805 παρὰ
1733 773 1840 806 Κυρίου
1848 773 1901 801 τοῦ

1121 817 1306 851 ποιήσαντος
1313 818 1367 844 τὸν
1375 817 1480 851 οὐρανό
1486 826 1504 843 ν
1512 817 1559 843 καὶ
1570 817 1627 851 τὴν
1634 817 1701 851 γῆν,

1355 863 1460 896 Κύριος
1474 863 1601 897 φυλάξει
1616 871 1662 890 σε.

1154 907 1205 934 Τὸν
1223 907 1367 939 διαπαντὸς
1389 908 1429 939 εἰς
1453 907 1497 933 τὸν
1521 907 1586 934 Θεὸν
1617 908 1759 944 ἀφορῶντα
1784 908 1863 941 αὐτὸς
1885 909 1901 936 ὁ

1085 963 1105 992 Β
1121 953 1222 984 ἄϋπνος
1242 952 1369 986 φυλάττει
1385 952 1459 984 Θεὺς,
1473 952 1519 979 καὶ
1534 953 1627 979 τούτου
1650 954 1697 989 τὴν
1717 953 1806 986 δεξιὰν
1822 955 1901 990 χεῖρα

1119 998 1224 1028 σκέπει,
1253 997 1299 1024 an
1323 997 1422 1030 δεξιαῖς
1451 997 1564 1030 πράξεσι
1592 999 1741 1034 χρωμένου,
1766 1000 1813 1025 καὶ
1837 1000 1901 1031 τοὺς

1088 286 1110 313 Δ

1117 1044 1229 1080 ἐχθροὺς
1241 1044 1396 1076 ἐλαύνοντος
1409 1046 1442 1080 τῇ
1455 1044 1551 1071 ἑαυτοῦ
1565 1044 1654 1080 δεξιᾷ·
1671 1044 1785 1080 μάλιστα
1797 1045 1850 1081 γὰρ
1864 1047 1898 1081 τῇ

1116 1089 1190 1126 δεξιᾷ
1201 1090 1253 1117 τῶν
1268 1090 1397 1124 θεοφιλῶν
1408 1090 1591 1117 ὲπιόουλεύειν
1605 1090 1751 1125 πειρῶνται
1763 1091 1786 1117 οἱ
1797 1090 1897 1126 ἐχθροί·

1116 1136 1187 1163 οὕτω
1209 1135 1274 1170 γοῦν
1297 1137 1419 1171 εῖρηται¹
1438 1136 1492 1162 Καὶ
1517 1136 1630 1169 Ἰησοῦς
1652 1134 1691 1171 ἦν
1705 1135 1899 1171 ἐνδεδυμένος

1116 1181 1214 1216 [mina
1226 1181 1356 1215 ῥυπαρὰ,
1374 1181 1421 1207 καὶ
1437 1182 1453 1208 ό
1467 1180 1603 1213 διάϐολος
1617 1181 1734 1214 ἑστήκει
1743 1182 1776 1208 ἐκ
1791 1181 1895 1213 δεξιῶν

1116 1226 1219 1253 αὑτοῦ.
1239 1241 1272 1247 -
1291 1226 1415 1253 Μάλιστα
1436 1226 1465 1252 δὲ
1481 1225 1546 1257 Θεὸς
1566 1226 1619 1252 ἀπὸ
1640 1226 1737 1258 κακίας
1759 1227 1898 1261 φυλάττει,

1116 1271 1167 1298 κᾶν
1184 1271 1218 1297 τὰ
1233 1271 1310 1303 ὲκτὺς
1325 1271 1341 1306 ἢ
1356 1271 1387 1298 τὸ
1404 1271 1482 1307 σῶμα
1497 1272 1567 1306 λυπῇ
1578 1280 1584 1286 ·
1595 1272 1657 1307 περὶ
1673 1271 1737 1306 γοῦν
1755 1272 1814 1299 Ἰὼϐ
1830 1281 1900 1309 παρ-

1118 1316 1239 1352 ήγγειλε·
1258 1317 1361 1351 Mdv-nr
1381 1317 1438 1350 τὴν
1468 1316 1574 1351 ψυχὴν
1585 1317 1676 1344 αὑτοῦ
1697 1317 1896 1351 διαφύλαξον·

1115 1363 1199 1389 δεῖται
1213 1362 1241 1389 δὲ
1261 1362 1383 1397 φυλακῆς
1405 1363 1421 1398 ἡ
1437 1363 1510 1397 ψυχὴ
1533 1362 1602 1388 κατὰ
1620 1362 1665 1388 τὸν
1681 1362 1731 1397 τῆς
1746 1362 1833 1394 ἐξόδου
1849 1361 1897 1389 τοῦ

1117 1407 1172 1442 βίου
1186 1408 1344 1443 καιρὸν,κιὶ
1358 1407 1428 1434 κατά
1435 1408 1484 1442 τὴν
1496 1408 1595 1435 εἴσοδον
1603 1407 1650 1444 τὴν
1659 1409 1698 1439 εις
1711 1407 1759 1442 τὴν
1772 1407 1816 1434 τοῦ
1831 1407 1897 1434 Θεοῦ

1115 1453 1192 1480 πόλιν
1203 1462 1209 1468 ·
1230 1453 1257 1480 τί
1272 1453 1326 1489 γὰρ
1342 1453 1435 1488 ὄφελος
1447 1454 1470 1480 εἰ
1492 1455 1520 1480 ὲν
1537 1453 1610 1488 μέσῳ
1627 1454 1676 1489 τῆς
1689 1453 1746 1480 ὁδοῦ
1759 1454 1846 1480 πεσών
1856 1463 1898 1486 τις

1114 1499 1254 1532 ἀπώλετος
1268 1499 1308 1526 διὸ
1331 1500 1368 1535 μὴ
1390 1499 1544 1535 μακαρίσῃς
1560 1499 1701 1534 ἄνθρωπον
1718 1500 1770 1535 πρὸ
1786 1500 1834 1535 τῆς
1854 1508 1897 1526 τε-

1113 1545 1212 1581 λευτῆς
1230 1545 1323 1572 αὑτοῦ.

1233 1591 1354 1626 Ἡμέρας
1370 1592 1386 1618 ὀ
1400 1590 1486 1624 ἣλιος
1502 1591 1537 1617 οὐ
1553 1590 1719 1625 συγκαύσει
1733 1599 1779 1618 σε.

322 1630 464 1666 Splendida
475 1633 558 1659 nubes
570 1631 639 1658 baud
648 1639 694 1658 eos
706 1631 770 1658 sinit
781 1631 821 1658 uri
835 1631 901 1662 sole,
913 1630 958 1665 qui
968 1632 999 1656 ad
1011 1630 1063 1657 De-

1148 1638 1254 1672 Νεφέλη
1264 1637 1378 1674 φωτεινὴ
1390 1637 1439 1664 οὐκ
1451 1637 1483 1672 ἐᾷ
1499 1635 1672 1670 συγκαίεσθαι
1684 1636 1735 1662 ὑπὸ
1745 1636 1818 1671 ἡλίου
1835 1637 1898 1669 τοὺς

289 1686 331 1703 nm
346 1683 470 1712 pergunt.
481 1677 592 1712 l’arique
604 1677 706 1704 ratione
714 1685 791 1710 opem
801 1677 863 1708 fert,
873 1678 1018 1711 quominus
1028 1685 1063 1705 ne

287 1732 301 1749 ιι
319 1728 449 1750 nocturno
457 1723 563 1757 quidem
579 1721 703 1748 luminari
714 1721 903 1748 detrimentum
914 1721 1061 1756 patiantur.

545 1767 704 1795 PSALMUS
717 1767 808 1799 CXXI.

289 1815 368 1844 Vztts.
381 1816 406 1842 1.
417 1814 532 1842 ιαἰυιιις
542 1823 598 1841 sunt
612 1815 638 1840 in
650 1814 690 1840 his
703 1822 760 1847 qua:
771 1815 840 1841 dictu
852 1820 911 1841 sunt
924 1815 996 1848 milii,
1008 1819 1061 1841 etc.

322 1863 388 1890 Dum
408 1862 450 1889 via
466 1862 645 1896 proﬁcisdtur
658 1862 691 1888 ad
704 1861 786 1888 Deum
807 1862 932 1894 ducente,
955 1862 1063 1896 cognito

285 1909 343 1944 ejus
369 1908 494 1940 termino,
523 1907 622 1941 gaudio
646 1906 774 1941 repletur,
803 1907 953 1934 futurarum
974 1915 1062 1934 rerum

286 1954 379 1982 nuntio
400 1953 501 1980 audito.
525 1952 614 1985 Quare
636 1956 664 1979 et
686 1952 825 1986 praedicat,
841 1959 870 1979 se
887 1952 972 1979 bonos
984 1960 1062 1987 egre-

286 2001 398 2034 giosque
415 1998 560 2033 magistros
577 2001 684 2024 nactum
697 2005 767 2031 esse,
782 1998 826 2032 qui
849 1997 899 2024 sibi
923 1997 1015 2024 aiunt:
1032 1996 1063 2023 1η

284 2045 390 2071 domum
403 2043 510 2070 Domini
523 2043 628 2069 ibimus.
642 2042 754 2076 Ideoque
766 2043 849 2078 magis
863 2042 982 2076 festinat,
994 2043 1062 2069 viam

285 2098 345 2116 cum
361 2089 459 2124 gaudio
475 2096 635 2123 carpens.—
647 2088 754 2115 Illorum
777 2089 821 2122 qui
845 2088 981 2123 Babylone
1006 2088 1064 2114 red-

285 2137 359 2162 ibant
371 2143 434 2170 pars
453 2135 548 2169 major,
567 2136 679 2170 populus
696 2133 817 2161 novellus
830 2139 889 2161 erat
906 2135 932 2161 in
952 2134 1006 2168 ipsa
1022 2141 1064 2167 ge-

286 2181 358 2207 nitus
372 2180 517 2215 Babylone.
540 2179 620 2207 Pauci
637 2187 700 2206 vero
715 2179 824 2213 quidam
841 2178 914 2205 inter
927 2186 973 2205 eos
988 2183 1064 2204 erant

285 2227 365 2260 prisci
378 2227 438 2259 viri,
459 2234 538 2253 senes
562 2226 718 2258 admodum,
731 2226 776 2258 qui
791 2224 984 2260 Hierosolymis
997 2224 1061 2251 illuc

285 2272 489 2304 descenderant,
507 2276 544 2303 et,
562 2271 729 2306 septuaginta
751 2271 786 2298 ibi
809 2270 887 2297 annis
909 2270 1062 2302 transactis,

1114 1685 1185 1711 κατά
1198 1684 1263 1710 Θεὸν
1279 1683 1434 1714 ὁδεύοντας·
1448 1682 1494 1709 καὶ
1509 1681 1681 1715 ὰναλογοῦντι
1693 1681 1793 1717 ταύτης
1804 1682 1897 1717 βοηθεῖ

1113 1729 1154 1761 εἰς
1163 1729 1192 1755 τὺ
1208 1728 1274 1764 μηδὲ
1290 1728 1343 1754 ὑπὸ
1357 1727 1513 1762 νυκτερινοῦ
1528 1726 1670 1762 φωστῆρος
1685 1727 1777 1754 παθεῖν
1787 1727 1895 1759 αὐτούς.

1377 1773 1522 1799 ΨΑΛΜΟΣ
1547 1773 1635 1799 PKA'.

1166 1819 1347 1854 Εὐφράνθητι·
1362 1818 1412 1844 ἐπὶ
1434 1817 1496 1850 τοῖς
1512 1818 1643 1851 εὶρηκόσι
1656 1826 1715 1852 μοι,
1734 1826 1760 1844 κ.
1775 1826 1800 1844 τ.
1817 1817 1841 1844 λ.

1149 1865 1204 1901 Τὴν
1216 1865 1275 1891 ὁδὸν
1298 1864 1412 1899 βαδίζων
1426 1864 1475 1898 τὴν
1490 1863 1535 1890 ἐπὶ
1548 1863 1593 1889 τὸν
1612 1863 1676 1889 Θεὸν
1691 1863 1817 1896 ἄγουσαν,
1832 1871 1896 1889 παι-

1113 1910 1254 1945 δευόμενος
1274 1909 1338 1945 περὶ
1362 1907 1410 1935 τοῦ
1435 1908 1528 1940 τέλους
1547 1908 1641 1943 αὐτῆς,
1666 1908 1831 1944 εὐφροσύνης
1852 1908 1897 1935 ἐπ’

1113 1957 1181 1992 αὐτῇ
1202 1957 1235 1991 τῇ
1260 1955 1313 1982 τῶν
1336 1954 1484 1991 μελλόντων
1506 1955 1572 1989 ἀκοῇ
1599 1953 1764 1989 πληροῦταν
1787 1954 1827 1980 διὸ
1849 1954 1896 1981 καὶ

1113 2002 1237 2038 ὁμολογεῖ
1251 2001 1339 2028 καλῶν
1357 2001 1404 2028 καὶ
1425 2000 1534 2034 ἀγαθῶν
1553 1999 1719 2026 διδασκάλων
1735 1999 1825 2034 τυχὼν
1842 1999 1896 2026 τῶν

1114 2047 1262 2083 εἰρηκότων
1277 2045 1360 2081 αὐτῷ·
1379 2046 1430 2077 Ε’ὶς
1447 2042 1529 2071 οἷκον
1545 2043 1654 2077 Κυρίου
1668 2043 1894 2078 πορευσώμεθα·

1114 2094 1160 2120 καὶ
1177 2092 1274 2128 μᾶλλον
1289 2091 1436 2125 ἐπείγεται,
1450 2088 1499 2125 τὴν
1524 2089 1634 2125 πορείαν
1653 2089 1710 2124 μετ’
1726 2088 1895 2124 εὐφροσύνης

1114 2137 1280 2173 ποιούμενος.
1303 2151 1336 2157 -
1358 2135 1418 2162 Τῶν
1442 2134 1604 2161 ἐπανιόντων
1620 2134 1674 2161 ἀπὸ
1698 2134 1863 2166 Βαϐυλῶνος.
1882 2135 1898 2161 ὸ

1116 2184 1164 2219 μὲν
1184 2183 1266 2215 πολὺς
1293 2182 1353 2214 νέος
1375 2179 1409 2217 ἦν
1433 2181 1495 2213 λαὸς
1512 2182 1540 2208 ὲν
1557 2181 1624 2216 αὐτῇ
1649 2180 1787 2216 γεννηθεὶς
1808 2180 1897 2206 Βαϐυ-

1113 2228 1195 2255 λῶνι·
1221 2229 1330 2264 βραχεῖς
1349 2227 1379 2255 δέ
1395 2235 1466 2259 τινες
1487 2227 1516 2254 ὲν
1533 2227 1623 2258 αὐτοῖς
1649 2226 1772 2262 ὑπῆρχον
1787 2225 1897 2252 παλαιοὶ

1115 2274 1209 2310 ἄνδρες
1222 2274 1269 2301 καὶ
1285 2273 1387 2309 σιξόδρα
1404 2271 1594 2309 πρεσϐύτεροι,
1608 2273 1634 2299 οἱ
1650 2271 1703 2299 ἀπὸ
1724 2271 1898 2307 Ἰερουσαλὴμ.

285 2323 378 2352 postea
401 2325 460 2345 cum
481 2325 549 2345 novo
566 2317 664 2353 populo
690 2317 906 2343 revertebantur.
925 2315 955 2342 lli
971 2320 1060 2342 autem

1116 2319 1331 2355 καταϐεϐηκότες
1343 2321 1409 2350 ἐκεῖ,
1428 2319 1474 2346 καὶ
1493 2318 1709 2354 παραμείναντες
1725 2317 1771 2343 τὸν
1784 2316 1898 2352 ὲόδομή-

285 2371 300 2389 a
316 2370 386 2391 novo
399 2363 496 2398 populo
514 2361 673 2396 interrogati
684 2382 691 2393 ,
709 2368 825 2396 quonam
843 2360 894 2387 itcr
907 2361 1060 2392 tenderent,

285 2408 650 2444 respondentquodammodo
661 2407 763 2434 aientes
774 2415 780 2433 :
792 2405 825 2432 In
836 2406 942 2432 domum
955 2406 1061 2432 Domini

285 2456 389 2483 ibimus.
419 2455 532 2487 Rursus,
562 2454 613 2481 hoc
642 2454 744 2483 audito,
771 2459 857 2480 novus
879 2451 924 2479 ille
951 2452 1063 2487 populus

283 2501 461 2532 exhilaratus,
474 2501 564 2528 demto
577 2499 712 2527 sciscitari
723 2499 839 2530 videtur,
856 2498 991 2524 undenam
1010 2498 1062 2525 illis

285 2548 342 2575 lucc
371 2547 463 2574 notitia
477 2545 567 2574 esset?
589 2544 621 2571 Hi
645 2551 726 2579 porro
751 2544 934 2578 respondent:
957 2543 1062 2571 Stante:

283 2598 356 2619 erant
369 2593 444 2627 pedes
462 2591 545 2618 nostri
564 2590 591 2616 in
617 2590 692 2616 atrii:
710 2588 883 2620 Jerusalem;
897 2588 923 2616 lli
938 2589 1063 2615 nimirmn

284 2639 333 2673 ipsi
357 2638 439 2673 pedes
457 2638 502 2672 qui
522 2636 659 2664 vobiscum
673 2643 744 2662 nunc
756 2634 927 2669 gradiuntur,
941 2634 967 2661 in
984 2635 1062 2661 atriis

283 2685 346 2711 olim
373 2688 474 2711 stetere
512 2682 672 2709 Jerusalem.
698 2681 878 2713 Quamobrem
905 2680 945 2707 rei
976 2681 1059 2714 probe

284 2729 398 2761 conscii,
411 2735 471 2755 eam
489 2728 561 2754 Vobis
576 2727 731 2754 nuntiamus
748 2735 754 2753 :
770 2734 831 2753 nam
848 2731 875 2753 et
887 2726 1062 2754 tediticiorum

286 2776 362 2802 urbis
382 2773 525 2805 rationem,
555 2773 668 2806 ejusque
692 2777 783 2808 typum
814 2780 846 2799 ac
870 2772 1062 2807 propemodum

289 2821 512 2850 delineationem,
539 2820 666 2845 Int‘nmrin
694 2823 821 2846 accurate
847 2822 978 2845 tenemus.
1004 2818 1062 2846 Non

322 2867 428 2892 'Zaeb.
455 2873 495 2896 ιιι,
523 2865 549 2892 5.
588 2864 661 2892 'Job
685 2873 717 2897 ιι,
737 2865 765 2892 6.

320 2914 357 2943 (2i
371 2913 426 2948 Duo
437 2912 517 2948 codd,
529 2912 652 2948 Σωτῆρα.

1114 2374 1194 2392 κοντα
1202 2366 1298 2399 ἕτιιῒ)
1313 2366 1417 2401 χρόνον,
1433 2364 1490 2400 μεθ’
1505 2364 1534 2390 ὃν
1549 2364 1716 2398 ὑπέστρεφον
1725 2363 1782 2396 ἅμα
1796 2362 1834 2397 τῷ
1846 2362 1898 2397 νέῳ

1116 2407 1190 2444 λαῷ’
1215 2409 1315 2434 τούτων
1345 2408 1434 2435 τοίνυν
1463 2407 1645 2443 ὲρωτωμένων
1668 2405 1741 2441 παρὰ
1766 2405 1813 2433 τοῦ
1836 2406 1896 2432 νέου

1115 2454 1179 2480 λαοῦ
1205 2454 1271 2480 ὅπου
1294 2453 1343 2489 τὴν
1372 2453 1484 2488 πορείαν
1514 2453 1645 2482 ποιοῖντο,
1669 2451 1898 2486 ἀποκρινομένους

1115 2500 1195 2526 οἱονεὶ
1216 2499 1263 2526 καὶ
1283 2498 1411 2533 λέγοντας
1424 2507 1430 2513 ·
1449 2499 1502 2530 Εἰς
1523 2496 1608 2524 οἶκον
1626 2497 1735 2530 Κυρίου
1749 2496 1898 2530 πορευσώ-

1113 2547 1197 2580 μεθα.
1219 2545 1280 2571 Ἐπὶ
1294 2544 1322 2571 δὲ
1337 2544 1448 2580 τοιαύτῃ
1462 2544 1530 2578 ἀκοῇ
1553 2543 1598 2569 τὸν
1617 2542 1675 2569 νέον
1694 2543 1758 2569 λαὸν
1778 2543 1897 2577 εὐφραν-

1116 2590 1206 2621 θέντα,
1221 2589 1343 2625 δεύτερον
1357 2589 1480 2622 ἐξετάσαι
1495 2587 1576 2614 πόθεν
1588 2589 1644 2619 τοῖς
1659 2587 1783 2622 λέγουσιν
1799 2587 1815 2621 ή
1828 2585 1897 2620 γνῶ-

1118 2645 1175 2669 σις;
1192 2636 1260 2668 Τοὺς
1275 2636 1303 2662 δὲ
1319 2634 1517 2670 ἀποκρίνασθαι
1534 2634 1601 2669 πρὸς
1609 2634 1717 2665 αὐτοὺς,
1735 2632 1781 2659 καὶ
1796 2632 1895 2658 ιῐπεῖψ

1123 2681 1265 2714 Ἐστῶτες
1290 2679 1369 2716 ἦσαν
1390 2682 1415 2707 οἱ
1430 2679 1520 2712 πόδες
1544 2679 1628 2714 ἡμῶν
1649 2679 1683 2706 ἐν
1705 2677 1769 2710 ταῖς
1789 2677 1896 2710 αὐλαῖς

1123 2725 1333 2761 Ἰερουσαλήμ·
1361 2725 1406 2752 καὶ
1421 2725 1446 2751 ol
1470 2725 1548 2756 πόδες
1569 2721 1641 2751 οὗτοι
1659 2724 1683 2750 οἱ
1705 2722 1753 2749 νῦν
1780 2721 1895 2748 ἐνταῦθα

1117 2771 1174 2806 ἅμα
1196 2771 1259 2806 ὑμῖν
1276 2770 1441 2806 βαδίζοντες,
1467 2771 1581 2802 ἑστῶτες
1605 2778 1667 2796 ποτε
1695 2768 1840 2804 ἐτύγχανον
1867 2769 1896 2793 ὲν

1116 2820 1176 2849 ταῖς
1204 2817 1298 2849 αὐλαῖς
1327 2819 1517 2854 Ἰερουσαλήμ·
1545 2818 1604 2845 ὅθεν
1630 2816 1751 2852 ἀκριϐῶς
1778 2815 1895 2848 ειδότες,

320 2949 368 2982 (2⁵)
395 2943 615 2982 Ἑϐδομήκοντᾶ
635 2947 687 2974 ἔτι.
709 2946 754 2974 Sic
773 2946 836 2975 editi
857 2955 863 2972 :
887 2951 916 2972 ut
943 2947 1010 2973 forte
1029 2945 1064 2979 leg

1116 2943 1166 2970 lum
1179 2944 1212 2971 sit
1231 2943 1472 2976 ἑϐδομηκονταετῆ.
1489 2943 1566 2970 Eon.
