2059 3215
190 195 224 222 15
749 191 974 221 ΕΟΜΜΕΝΤΑΒΙ

1025 189 1052 218 IN
1072 191 1238 220 PSALMOS.
1772 195 1805 223 14

188 250 274 278 ταῦτα
293 250 365 285 ὑμᾶς
379 248 624 284 εὐαγγελιζόμεθα,
643 250 690 276 καὶ
706 250 750 276 τὸν
764 251 863 285 τρόπον
879 250 907 276 δὲ
924 249 971 284 τῆς

1025 250 1097 277 enim
1115 254 1174 277 erat
1189 249 1254 276 urbs
1267 249 1317 276 hac
1334 248 1396 276 illac
1411 255 1516 283 sparsa,
1530 253 1556 275 et
1573 256 1667 281 scissa,
1686 255 1765 285 atque
1779 252 1806 279 in

188 296 332 332 οἰκοδομῆς
351 295 401 330 τῆς
416 295 535 327 πόλεως,
552 295 599 321 καὶ
612 294 657 322 τὸν
671 295 755 322 τύπον
776 295 865 326 αὐτὸν,
886 294 923 326 ὡς
938 296 970 321 ἂν

188 341 261 368 εἴποι
276 349 327 374 τις,
345 341 390 367 καὶ
407 339 437 366 τὸ
453 339 555 375 σχῆμα,
573 339 694 376 ἀκριϐῶς
710 340 826 377 φέρομεν
843 340 886 367 διὰ
904 341 971 376 μνή-

191 396 246 423 μης
255 395 261 402 '
277 385 311 422 ἦν
324 386 378 423 γὰρ
393 387 430 418 ὡς
449 386 525 418 πόλις
539 386 568 412 οὐ
583 386 767 422 διεσπαρμένη
782 383 833 413 ὧδε
847 387 970 418 κάκεῖσε,

189 433 250 460 οὐδὲ
261 432 447 467 ἀπεσχισμένη
462 432 509 458 καὶ
521 432 653 459 διεστῶσα
668 433 708 463 εἰς
723 432 792 467 μέρη
807 431 900 463 πολλὰ,
914 431 970 458 ἀλλ’

189 477 273 509 οὕτως
285 476 318 513 ἦν
329 477 525 513 ᾠκοδομημένη
540 477 577 509 ὡς
592 477 680 504 δοκεῖν
692 477 739 504 ἕνα
754 476 820 503 εἶναι
832 475 915 508 οἷκον,
928 477 972 504 διὰ

188 525 236 559 τὴν
252 524 399 558 συνάφειαν
418 524 465 550 καὶ
489 524 621 558 ἁρμονίαν
635 523 688 550 τῶν
702 524 731 550 ὲν
747 524 815 558 αὐτῇ
833 523 974 558 οἰκοδομη-

189 572 292 607 μάτων·
311 571 350 598 διὸ
362 571 496 598 λέλεκταν
506 572 552 604 Ὧς
569 571 656 603 πόλις
669 568 708 605 ἦν
722 571 740 604 ἠ
752 569 864 604 μετοχὴ
879 568 974 602 αὐτῆς

186 618 236 644 ἐπὶ
255 618 288 644 τὸ
303 618 392 644 αὑτό·
410 617 533 644 τοιαῦται
552 617 581 643 δέ
603 617 656 642 εἱσι
670 615 740 642 κατὰ
754 615 872 642 διάνοιαν
888 615 973 641 πᾶσαι

1024 295 1122 323 multas
1139 300 1229 330 partes
1243 300 1330 328 secta,
1347 295 1393 322 sed
1409 295 1446 321 ita
1457 295 1600 327 mdilicata,
1617 301 1646 323 ut
1661 304 1714 323 uua
1731 298 1805 324 dee-

1026 346 1101 368 retur
1111 342 1217 372 domus,
1231 345 1340 375 propter
1353 340 1528 368 aediﬁciorum
1545 340 1602 374 ejus
1614 341 1806 369 coluerentiam

1026 391 1108 422 atque
1129 387 1309 414 harmoniam.
1324 385 1385 413 Ideo
1400 387 1502 413 dictum
1522 391 1564 414 est
1578 395 1585 414 :
1598 385 1632 414 U1
1646 387 1748 420 civitas,
1764 397 1810 415 cu-

1021 432 1067 467 jus
1091 432 1258 467 participatio
1283 433 1339 468 ejus
1357 433 1384 459 in
1407 433 1535 467 idipsum.
1563 432 1719 467 llujusmodi
1734 438 1808 468 sunt,

1027 477 1060 504 ad
1077 478 1240 504 sententiam
1266 478 1338 512 quod
1364 479 1478 508 attinet,
1504 482 1609 505 cuncta:
1628 479 1699 513 apud
1724 479 1807 507 Deum

1026 522 1192 550 diversanles
1209 523 1320 556 animm,
1342 523 1396 550 vivi
1417 523 1530 558 lapides,
1546 524 1644 559 quibus
1655 532 1748 552 verum
1762 525 1807 552 Dei

1027 568 1155 603 templum
1170 568 1331 601 :edilicatur,
1359 577 1412 596 una
1437 575 1525 597 mente
1548 577 1654 604 unaque
1679 571 1808 599 concordi

1027 614 1159 641 sententia
1174 619 1355 649 compactum.
1483 610 1489 615 ’

188 665 216 691 αἱ
236 664 311 699 παρὰ
326 664 385 700 Θεῷ
402 665 500 700 ψυχαὶ,
525 664 571 691 καὶ
595 664 618 690 οἱ
647 663 748 695 ζῶντες
771 661 839 688 λίθοι
870 662 903 688 δι’
927 657 964 689 ὧν
993 660 1161 696 ᾠκοδόμηται
1179 661 1193 687 ὁ
1207 660 1332 696 ἀληθινὸς
1361 661 1429 693 νεὼς
1452 662 1498 688 τοῦ
1521 662 1599 695 Θεοῦ,
1616 663 1654 698 τῷ
1671 663 1745 698 αὐτῷ
1768 663 1809 691 νοτ

188 709 256 746 [aut]
268 710 301 745 τῇ
316 710 382 745 αὐτῇ
399 709 494 744 γνώμῃ
509 708 734 744 κατηρτισμένος.

196 753 271 792 Ἐκεῖ
280 753 335 788 γὰρ
346 754 500 792 ὰῖέᾷῃσακ
549 753 758 792 φυυζαὶρ-φυλᾳὶ
771 753 891 792 Κυρίου,
901 761 977 792 gap:

224 787 326 822 τύρων
345 789 384 821 τῷ
406 787 617 823 Ἰσραὴλίτοῦ
634 787 914 824 ἐξομολογήσασθαι
936 787 977 820 τῷ

224 824 345 858 ὀνόματι
358 825 477 858 Κυρίου.

230 869 304 896 Ἐκεῖ
315 869 369 905 γὰρ
389 870 471 902 θύειν,
488 869 631 905 εὖχεσθαι,
649 869 853 905 πανηγυρίζειν,
868 868 976 896 ἐκέλευ-

190 924 249 943 σεν·
266 916 303 947 ὡς
316 915 348 942 ἂν
362 916 399 951 μὴ
413 916 550 952 πανταχοῦ
567 915 748 950 πλανώμενοι,
764 915 898 951 πρόφασιν
909 915 976 950 ἒχω-

1031 749 1114 776 V'Elts.
1128 748 1155 775 4.
1174 748 1243 775 Illuc
1264 749 1332 774 enim
1354 749 1527 775 ascenderunt
1543 749 1636 781 tribus,
1655 752 1738 778 tribus
1755 751 1795 779 Da

1063 784 1138 814 mini,
1161 784 1338 810 testiinonium
1360 783 1445 810 Israel
1461 785 1494 810 ad
1516 784 1695 818 conﬁtendum
1711 791 1810 815 nummi

1062 819 1177 846 Domini.

1062 863 1119 891 Illic
1135 864 1207 891 enim
1223 863 1396 896 sacrificare,
1421 871 1511 897 orare,
1543 873 1635 894 sacros
1662 874 1811 897 conventus

1026 917 1108 945 agere
1123 909 1205 945 jussit
1221 910 1303 941 Deus;
1321 916 1354 936 ne
1367 908 1422 936 late
1433 909 1556 943 dispersi,
1569 912 1738 940 occasionem
1751 921 1811 948 per-

191 971 231 989 σιν
246 962 351 994 ἐξόδους
369 961 503 988 ποιεῖσθαι
522 962 590 997 πρὸς
609 961 721 988 εἴδωλα“
738 961 805 988 Θεοῦ
823 961 876 997 γὰρ
896 961 973 988 τοῦτο

1025 957 1101 991 gemli
1117 957 1149 984 ad
1164 956 1234 984 idola
1247 955 1479 983 nanciscerentur.
1493 956 1539 983 Dei
1554 965 1619 985 vero
1631 960 1809 987 testimonium

187 1008 354 1043 μαρτυρίαν
368 1007 495 1034 ἐκάλεσεν
506 1016 512 1022 ·
527 1007 576 1042 τῆς
591 1007 645 1042 γὰρ
659 1006 741 1033 αὑτοῦ
756 1006 883 1041 προνοίας
899 1005 977 1032 τοῦτο

193 1053 320 1089 μέγιστον
337 1053 485 1088 τεκμήριον
502 1050 552 1088 ἦν·
573 1053 619 1079 καὶ
642 1052 696 1088 γὰρ
715 1053 772 1078 ἐκεῖ
791 1052 805 1078 ό
825 1052 906 1087 νόμος
928 1052 975 1079 ἀν-

194 1098 370 1133 εγινώσκετο,
392 1098 548 1134 διηγήματα
564 1106 594 1124 τε
614 1097 832 1133 κατορθωμάτων
845 1097 975 1133 ἀρχαίων,

192 1144 240 1171 καὶ
264 1144 372 1171 σύνοδον
391 1143 531 1177 ἐποιοῦντο
551 1143 600 1179 τὴν
626 1143 693 1179 πρὸς
716 1143 846 1179 ἀλλήλους
867 1143 976 1178 ἀγάπην

193 1200 224 1218 συ
228 1191 341 1226 σφίγγου
346 1200 402 1217 σαν.
469 1221 475 1227 _

197 1237 377 1270 Ἐρωτήσατε
390 1236 428 1271 δὴ
446 1238 482 1263 τὰ
496 1238 538 1270 εἰς
552 1236 677 1270 είρήνην
692 1236 749 1270 τὴν
767 1236 973 1270 Ἰερουσαλήμ.

232 1282 287 1309 Ἀεὶ
301 1283 366 1318 γὰρ,
384 1283 461 1317 φησὶ,
472 1283 519 1310 καὶ
530 1281 642 1309 πάντοτε
655 1282 870 1318 μνημονεύοντές
880 1291 937 1313 σου,
953 1280 976 1308 ὧ

196 1325 382 1363 Ἰερουσαλὴμ,
398 1327 432 1354 τὰ
449 1328 512 1363 περὶ
533 1328 582 1363 τῆς
606 1328 655 1363 σῆς
670 1329 779 1364 εἰρήνης
796 1328 975 1364 διαλεγόμεθα

189 1373 246 1403 τοῖς
258 1372 382 1408 ἀδελφοῖς
401 1375 457 1405 τοῖς
472 1373 616 1409 ἡμετέροις
630 1374 677 1401 καὶ
692 1375 747 1405 τοῖς
762 1373 874 1409 πλησίον
886 1373 974 1409 ὴμῶν,

190 1418 311 1445 τουτέστι
325 1418 363 1454 τῷ
382 1419 434 1454 νέῳ
452 1419 520 1454 λαῷ,
536 1421 576 1451 εἰς
593 1419 674 1446 πόθον
692 1419 790 1451 αὐτοὺς
806 1419 916 1454 ἄγοντες
930 1419 975 1446 τὸν

191 1464 254 1498 περὶ
275 1463 305 1490 σὲ
326 1464 370 1491 διὰ
386 1466 434 1500 τῆς
450 1465 514 1501 περὶ
536 1465 582 1491 σοῦ
600 1465 786 1497 διδασκαλίας·
806 1465 874 1492 ἀλλὰ
894 1465 941 1492 καὶ
958 1466 974 1501 ὴ

191 1509 265 1535 πᾶσα
277 1509 355 1544 ἡμῶν
368 1510 434 1546 εὐχὴ
446 1510 527 1537 ἕνεκα
540 1510 587 1536 τοῦ
600 1511 674 1537 οῐκου
689 1510 735 1549 τοῦ
749 1510 816 1538 Θεοῦ
830 1510 908 1546 ἡμῶν
921 1511 976 1546 ὲγί-

190 1563 262 1587 vero,
283 1554 434 1590 ζητούντων
451 1555 540 1589 ἀγαθά
556 1564 596 1583 σοι
612 1556 646 1583 τὰ
661 1555 736 1592 παρὰ
761 1555 807 1582 τοῦ
827 1555 905 1582 Θεοῦ.

453 1601 481 1627 Ψ
482 1601 598 1628 ΑΛΜΟΣ
622 1601 708 1627 ΡΚΒ¹.

1028 1003 1116 1029 locum
1131 1002 1205 1029 illum
1219 1001 1377 1036 appellavit,
1393 1002 1493 1036 quippe
1505 1003 1575 1037 quod
1588 1009 1648 1030 erat
1659 1006 1809 1032 maximum

1026 1048 1205 1083 providentiae
1224 1048 1294 1074 illius
1317 1047 1446 1074 indicium
1462 1055 1471 1075 :
1488 1056 1606 1084 namque
1627 1050 1662 1077 ibi
1680 1050 1722 1078 lex
1740 1051 1812 1086 lege-

1027 1096 1122 1128 batur.
1141 1099 1169 1122 et
1182 1095 1289 1130 egregia
1304 1094 1392 1128 prisca
1406 1093 1527 1121 facinora
1540 1096 1809 1133 narrabantur,gen-

1027 1141 1115 1176 lisque
1130 1145 1278 1168 conventus
1287 1140 1369 1167 [iebat
1377 1146 1430 1175 quo
1438 1139 1558 1170 Charitas
1571 1147 1663 1170 mutua
1674 1145 1811 1171 constrin-

1027 1189 1150 1222 gebatur.

1029 1232 1107 1259 Vsus.
1123 1232 1149 1260 6.
1172 1232 1285 1267 Rogate.
1301 1241 1360 1268 quae
1382 1242 1415 1261 αα
1443 1243 1532 1269 pacem
1565 1240 1625 1262 sunt
1650 1235 1809 1264 Jerusalem.

1065 1278 1178 1313 Semper
1194 1279 1266 1306 enim
1281 1285 1307 1306 et
1324 1280 1396 1307 omni
1421 1286 1541 1316 tempore
1566 1282 1603 1308 tui
1630 1289 1775 1315 memores,
1793 1289 1810 1310 o

1025 1323 1175 1352 Jerusalem
1188 1346 1195 1356 ,
1217 1325 1250 1352 de
1270 1332 1338 1360 pace
1352 1330 1396 1352 tua
1412 1334 1473 1353 cum
1491 1325 1622 1354 fratribus
1634 1328 1736 1355 nostris
1750 1335 1812 1362 pro-

1026 1371 1160 1405 ximisque
1177 1371 1324 1406 loquimur,
1338 1371 1364 1398 id
1380 1377 1421 1399 est
1432 1380 1493 1399 cum
1515 1373 1613 1407 populo
1629 1381 1710 1406 novo,
1727 1379 1758 1401 ut
1772 1375 1809 1402 tui

1025 1416 1189 1444 desiderium
1220 1418 1276 1444 haec
1301 1423 1445 1447 narrantes
1464 1420 1504 1447 eis
1520 1419 1683 1448 excitemus.
1710 1420 1763 1448 Sed
1782 1426 1811 1449 et

1026 1470 1120 1498 preces
1133 1468 1233 1491 nostrae
1247 1471 1342 1492 omnes
1366 1465 1401 1492 ob
1419 1465 1467 1493 Dei
1482 1466 1590 1494 domum
1604 1467 1704 1495 ﬁebant
1714 1487 1722 1500 ,
1747 1468 1811 1503 quia

1026 1508 1089 1536 huic
1099 1509 1170 1537 bona
1185 1510 1275 1537 omnia
1292 1517 1308 1536 a
1323 1510 1378 1538 Deo
1393 1511 1620 1546 imprecabamur.

1272 1595 1433 1624 PSALMUS
1453 1596 1557 1624 CXXII.

190 1645 267 1680 Πρὸς
277 1646 314 1673 σὲ
324 1644 381 1682 ἦρα
391 1645 461 1679 τοὺς
471 1647 643 1686 optingit.qu
650 1655 709 1686 ppu
720 1646 772 1673 τὸν
782 1646 974 1674 κατοικοῦντα

1027 1640 1108 1668 Vsus.
1125 1641 1152 1668 l.
1171 1641 1211 1668 Ad
1235 1646 1259 1668 te
1279 1642 1363 1669 levavi
1380 1642 1468 1686 oeulos
1484 1651 1555 1671 meo:
1567 1663 1575 1677 ,
1598 1645 1643 1679 qui
1660 1645 1762 1672 habitas
1783 1647 1809 1673 in

469 1681 504 1708 ἐν
516 1681 555 1714 τῷ
565 1681 690 1715 οὐρανῷ.

231 1726 360 1762 Ἐπείπερ
376 1727 489 1762 οὐρανὸς
505 1727 597 1762 θρόνος
608 1727 666 1753 ἐστὶ
679 1727 725 1754 τοῦ
745 1727 823 1759 Θεοῦ,
838 1727 881 1755 διὰ
896 1728 975 1754 τοῦτο

190 1774 326 1798 κατοικεῖν
343 1772 451 1807 λέγεται
466 1773 495 1799 ἐν
508 1773 546 1808 τῷ
559 1773 666 1808 οὐρανῷ
675 1782 681 1788 ⁸
698 1773 786 1805 οὐδεὶς
804 1772 832 1800 δὲ
846 1773 975 1810 θησαυρί-

191 1817 244 1849 ζων
261 1818 306 1843 ἐπὶ
327 1818 388 1853 γῆς,
409 1817 480 1844 εῐποι
498 1818 531 1845 ἂν
543 1818 581 1854 τῷ
596 1818 654 1854 Θεῷ
664 1826 671 1833 '
688 1819 765 1853 Πρὸς
780 1819 818 1846 σὲ
833 1817 890 1854 ἦρα
904 1819 975 1852 τοὺς

191 1864 362 1898 ὀφθαλμούς
374 1873 433 1898 μου
449 1864 503 1890 τὸν
519 1864 712 1892 κατοικοῦντα
725 1865 759 1891 ἐν
780 1865 821 1898 τῷ
841 1865 972 1900 οῖδοανῷ·

191 1909 260 1935 ὅπου
276 1909 329 1944 γὰρ
348 1910 364 1935 ὁ
376 1909 527 1942 θησαυρός
537 1917 606 1940 σου,
623 1909 684 1936 ἐκεῖ
691 1911 831 1937 ἐσταικαῑ
842 1911 975 1946 ἠκαρδία

189 1959 266 1980 σου⁸
280 1953 313 1979 ὀι
333 1953 381 1987 μὲν
406 1950 453 1979 οὖν
473 1952 606 1988 ὀφθαλμοὶ
625 1953 670 1980 τοῦ
696 1954 821 1990 ἄφρονος,
844 1956 886 1982 ἐπ’
903 1956 975 1992 ἄκρα

190 1999 251 2034 γῆς,
273 1999 289 2034 ἢ
314 1999 355 2033 ἐφ’
377 1998 519 2033 ὁτιδήποτε
542 1996 573 2026 οὗ
600 1998 744 2034 ἐπιθυμεῖ·
768 2001 897 2035 ὲμϐλέπει
919 2002 974 2038 γάρ

191 2051 255 2071 ποτε
275 2045 389 2078 γυναῖκα
406 2044 474 2079 πρὸς
493 2044 523 2070 τὸ
538 2043 706 2080 ἐπιθυμῆσαι
726 2046 824 2081 αὐτῆς·
844 2048 868 2073 οἱ
881 2047 910 2074 δὲ
927 2047 974 2074 τοῦ

190 2090 301 2121 δικαίου,
314 2090 458 2121 διαπαντὸς
473 2090 541 2126 πρὸς
553 2091 598 2117 τὸν
611 2090 686 2117 Θεόν.

196 2135 271 2162 Ἰδοὺ
283 2136 323 2169 ὡς
334 2136 478 2170 ὀφθαλμοὶ
492 2135 610 2198 δούέωῖ
621 2138 665 2170 εἱς
679 2137 779 2172 χεῷας
793 2138 853 2164 τῶν
867 2139 975 2173 κυρίων

529 2180 548 2198 α
568 2181 637 2198 των.

529 2180 637 2199 αυτ-ων.

224 2216 434 2252 Εὑαγγελισθεὶς
446 2218 460 2243 ό
473 2218 532 2249 νέος
546 2218 621 2254 παρὰ
638 2218 691 2245 τῶν
706 2219 896 2257 πρεσϐυτέριον
911 2221 974 2254 λαδς

188 2263 231 2290 διὰ
251 2264 301 2299 τῆς
323 2264 376 2300 πρὸ
396 2264 498 2300 ταύτης
520 2265 600 2300 ᾠδῆς,
617 2266 674 2293 Οὐκ
696 2267 739 2293 ἐπ’
756 2267 818 2295 ἄλλο
831 2276 866 2301 τι,
880 2270 972 2304 φησὶν,

190 2308 299 2341 ἐλπίζω,
322 2309 337 2345 ἦ
354 2310 399 2335 ἐπὶ
419 2310 448 2336 σὲ
463 2309 508 2336 τὸν
528 2311 577 2337 οὐκ
591 2311 620 2338 ὲν
635 2313 668 2347 τῇ
692 2311 766 2339 κάτω
786 2313 972 2349 Ἰερουσαλὴμ,
989 2305 1011 2331 D

189 2352 245 2379 ἀλλ’
259 2356 287 2380 ὲν
303 2355 409 2390 οὐρανῷ
423 2355 601 2383 κατοικοῦντα
614 2365 620 2372 ·
643 2358 731 2393 μόνοις
745 2358 774 2385 δὲ
788 2359 866 2386 τοῦτο
884 2360 973 2394 λέγειν

191 2399 317 2434 ἁρμόττει
335 2402 391 2432 τοῖς
416 2400 634 2435 ἀπηλλαγμένοις
658 2404 855 2438 αἰχμαλωσίας,
878 2406 924 2432 καὶ
943 2405 974 2432 τὸ

189 2443 240 2478 τῆς
253 2443 338 2480 ψυχῆς
350 2445 502 2482 διορατικὺν
513 2448 687 2483 ἐρρωμένοις·
698 2449 786 2485 ψυχῆς
795 2450 824 2476 δὲ
834 2451 973 2487 ὀφθαλμὸς

189 2489 246 2515 ἄνω
260 2489 308 2523 μὲν
323 2490 401 2523 ὁρῶν,
414 2491 557 2525 ὠφελεῖται
569 2501 575 2507 ·
591 2492 666 2519 κάτω
688 2492 726 2525 δὲ,
742 2493 899 2528 βλάπτεται.

454 2537 600 2565 ΨΛΛΜΟΣ
617 2539 701 2565 PKI“.

248 2579 300 2606 Ἐν
313 2579 353 2612 τῷ
368 2580 570 2617 exuram-ﬁrm
584 2584 758 2618 ἀνθρώπους
770 2585 817 2620 ἐφ’
832 2585 918 2621 ἡμᾶς.

226 2626 257 2652 Οἱ
276 2627 423 2661 φήσαντες,
446 2627 590 2662 Ἐλέησον
611 2629 700 2664 ἡμᾶς,
722 2630 819 2664 Κύριε,
842 2630 973 2665 ἐλέησον

189 2673 277 2708 ἡμᾶς,
287 2674 335 2700 νῦν
349 2674 388 2706 ὼς
403 2675 614 2707 ὲπακουσθέντες
628 2676 816 2712 εὐχαριστοῦσι
824 2676 893 2711 Θεῷ·
903 2677 972 2704 τὰδὲ

191 2719 310 2754 παρόντα
321 2719 475 2746 διδάσκεται
483 2719 570 2753 λέγειν
578 2722 592 2747 ό
601 2721 762 2757 διορατικὸς,
771 2721 816 2748 τὸν
827 2722 892 2748 Θεὸν
904 2722 973 2757 ἔχων

190 2765 243 2800 πρὸ
261 2765 424 2800 ὀφθαλμῶν·
445 2765 530 2797 οὕτως
546 2767 599 2802 γὰρ
623 2767 731 2802 Ἰσραὴλ
751 2768 881 2794 ἐπινίκιον
900 2768 970 2804 ᾠδὴν

190 2811 228 2845 τῷ
252 2811 379 2846 νικοποιῷ
408 2811 553 2846 προσάγων
574 2811 649 2846 Θεῷ-
672 2812 827 2839 διδάσκονσι
852 2813 880 2839 δὲ
907 2815 970 2846 τοὺς

228 2901 345 2930 ‘Matth.
372 2910 410 2935 VI,
432 2903 477 2930 2i.
517 2904 527 2918 '
548 2903 618 2931 Psal.
643 2913 725 2938 cxxn,
748 2906 774 2933 3.

1358 1677 1431 1704 mlo.

1061 1730 1129 1764 Quia
1145 1732 1244 1760 ccelum
1260 1733 1373 1760 thronus
1388 1733 1434 1760 Dei
1452 1739 1505 1768 est,
1522 1735 1624 1763 idcirco
1640 1736 1683 1764 hic
1697 1737 1722 1764 in
1739 1737 1808 1766 cmlo

1025 1775 1149 1804 habitare
1170 1777 1278 1805 dicitur.
1297 1778 1381 1806 Nemo
1402 1785 1491 1807 autem
1516 1780 1560 1815 qui
1587 1780 1613 1807 in
1643 1787 1714 1809 terra
1739 1791 1805 1817 opes

1025 1822 1156 1856 congerit,
1172 1823 1225 1850 Deo
1244 1824 1316 1851 dicet
1330 1833 1337 1852 :
1354 1825 1394 1851 Ad
1411 1829 1435 1851 te
1451 1825 1533 1852 levavi
1556 1827 1645 1854 oculos
1667 1836 1746 1860 meas.
1763 1830 1809 1863 qui

1025 1867 1127 1895 habitae
1141 1869 1168 1895 in
1182 1869 1245 1896 coelo
1258 1877 1267 1896 :
1286 1877 1412 1903 namque,
1426 1871 1470 1898 ubi
1485 1873 1623 1900 thesaurus
1646 1877 1719 1906 tuus,
1732 1875 1766 1901 ibi
1784 1881 1808 1902 et

1025 1921 1070 1939 cor
1095 1918 1166 1941 tuum
1189 1915 1239 1942 erit
1255 1915 1276 1942 ‘.
1302 1915 1373 1951 Ergo
1399 1917 1551 1952 insipientis
1587 1919 1705 1947 hominis
1735 1922 1805 1948 oculi

1026 1962 1106 1985 terrae
1121 1959 1293 1994 superﬁciem
1315 1965 1447 1995 spectant,
1465 1962 1504 1989 vel
1521 1962 1594 1990 aliud
1612 1963 1720 1997 quidvis
1743 1973 1809 1991 cou-

1025 2005 1145 2039 cupitum
1160 2014 1167 2032 :
1189 2014 1249 2033 nam
1270 2011 1298 2033 et
1315 2006 1455 2034 mulierem
1472 2010 1637 2044 quandoque
1654 2011 1761 2045 aspicit,
1779 2017 1808 2038 ut

1024 2057 1084 2077 eam
1107 2052 1289 2086 concupiscat.
1312 2052 1381 2081 Justi
1403 2058 1491 2081 tamen
1507 2055 1625 2082 hominis
1640 2055 1710 2083 oculi
1724 2056 1807 2084 Deum

1025 2102 1132 2130 semper
1147 2102 1279 2131 spectant.

1026 2140 1106 2168 Vens.
1121 2141 1150 2170 2.
1165 2141 1231 2169 Ecce
1245 2144 1311 2184 sicut
1336 2145 1405 2171 oculi
1428 2154 1562 2173 servorum
1579 2147 1607 2174 in
1622 2149 1743 2175 manibus
1759 2150 1808 2176 do-

1269 2187 1401 2206 minorum
1423 2189 1541 2208 auorum.

1060 2219 1188 2248 Eruditus
1200 2229 1215 2248 a
1228 2223 1380 2251 senioribus
1394 2233 1480 2253 novus
1493 2226 1607 2261 populus
1623 2228 1650 2254 in
1666 2229 1807 2263 superiore

1024 2265 1137 2299 psalmo,
1154 2266 1183 2293 ln
1200 2268 1285 2301 nulla,
1300 2269 1396 2304 inquit,
1406 2278 1435 2298 re
1444 2279 1517 2304 spem
1529 2273 1642 2305 colloco,
1659 2273 1710 2301 nisi
1726 2274 1752 2301 in
1770 2281 1806 2308 te,

1025 2310 1070 2344 qui
1091 2318 1143 2338 non
1158 2311 1313 2341 inferiorem
1339 2314 1500 2349 Jerusalem,
1522 2317 1568 2344 sed
1597 2318 1736 2346 cmlestem
1764 2321 1806 2347 in-

1026 2357 1103 2385 colis.
1120 2359 1161 2386 Ab
1177 2360 1211 2386 iis
1225 2366 1315 2388 autem
1329 2363 1515 2390 tantummodo
1526 2363 1583 2391 haec
1596 2364 1649 2391 dici
1668 2365 1747 2393 decet
1759 2367 1806 2400 qui

1025 2404 1155 2432 servitute
1177 2411 1238 2432 sunt
1254 2407 1380 2441 expediti,
1396 2408 1536 2443 validaque
1555 2409 1653 2438 animm
1672 2411 1767 2439 visuali
1781 2412 1807 2439 \i

1024 2454 1087 2475 sunt
1098 2449 1213 2483 prmditi.
1236 2450 1321 2479 Porro
1332 2453 1428 2479 animo:
1441 2453 1535 2482 oculus
1545 2454 1568 2482 si
1577 2462 1682 2482 sursum
1691 2459 1805 2489 spectet,

1024 2493 1093 2522 bene
1108 2494 1144 2522 illi
1156 2501 1213 2528 est;
1230 2497 1271 2524 sin
1287 2497 1427 2531 deorsum,
1443 2499 1632 2528 detrimentum
1642 2501 1752 2536 patitur.

1270 2542 1429 2572 PSALMUS
1442 2545 1559 2574 CXXIII.

1024 2587 1106 2615 Vens.
1130 2588 1157 2615 Ω.
1183 2588 1249 2616 Cum
1266 2595 1432 2624 exsurgerent
1454 2591 1570 2619 homines
1587 2591 1726 2618 aduersum
1747 2599 1804 2619 nos.

1059 2633 1110 2666 Qui
1127 2635 1262 2668 dixerant,
1277 2635 1402 2664 Miserere
1423 2638 1516 2669 nostri,
1537 2636 1664 2668 Domine,
1683 2637 1806 2664 miserere

1024 2679 1143 2712 nostri‘;
1168 2689 1239 2708 nunc
1257 2689 1307 2709 ceu
1332 2684 1460 2717 precibus
1490 2683 1547 2710 suis
1570 2683 1680 2716 auditis,
1705 2684 1806 2718 gratias

1022 2725 1078 2752 Deo
1092 2731 1184 2760 agunt.
1203 2726 1265 2754 Haec
1282 2732 1372 2755 autem
1386 2727 1476 2755 dicere
1498 2728 1608 2756 docetur
1633 2728 1713 2756 homo
1746 2737 1808 2764 per-

1024 2771 1126 2806 spicax,
1135 2772 1180 2807 qui
1189 2772 1271 2800 Deum
1279 2773 1532 2808 scilicetpratoculis
1541 2774 1630 2802 habet.
1640 2774 1685 2802 Sic
1695 2776 1767 2803 enim
1778 2782 1807 2803 se

1025 2818 1105 2846 habet
1112 2817 1191 2846 Israel
1200 2818 1385 2855 triumphalem
1396 2820 1523 2855 hymnum
1531 2821 1584 2849 Deo
1592 2821 1711 2849 victoria
1718 2821 1806 2852 datori
