  <div class='ocr_page' id='page_1' title='image "/cluster/home/n/w/nwhite01/storage/ocr_20150623/24/njp.32101077772513/015.png"; bbox 0 0 2059 3215; ppageno 0'>
   <div class='ocr_carea' id='block_1_1' title="bbox 275 195 1893 232">
    <p class='ocr_par' dir='ltr' id='par_1_1' title="bbox 275 195 1893 232">
     <span class='ocr_line' id='line_1_1' title="bbox 275 195 1893 232; baseline 0.007 -11"><span class='ocrx_word' id='word_1_1' title='bbox 275 197 310 226; x_wconf 63' lang='lat'><strong>15</strong></span> <span class='ocrx_word' id='word_1_2' title='bbox 626 195 759 224; x_wconf 87' lang='lat' dir='ltr'><strong>EUSEBII</strong></span> <span class='ocrx_word' id='word_1_3' title='bbox 778 195 1012 225; x_wconf 65' lang='lat' dir='ltr'><strong>CESABIEN’SIS</strong></span> <span class='ocrx_word' id='word_1_4' title='bbox 1030 196 1104 225; x_wconf 87' lang='lat' dir='ltr'><strong>OPP.</strong></span> <span class='ocrx_word' id='word_1_5' title='bbox 1123 196 1214 226; x_wconf 73' lang='lat' dir='ltr'><strong>PARS</strong></span> <span class='ocrx_word' id='word_1_6' title='bbox 1232 198 1276 226; x_wconf 88' lang='lat' dir='ltr'><strong>Ill.</strong></span> <span class='ocrx_word' id='word_1_7' title='bbox 1294 214 1329 219; x_wconf 92' lang='lat'><strong>—</strong></span> <span class='ocrx_word' id='word_1_8' title='bbox 1348 198 1551 228; x_wconf 78' lang='lat' dir='ltr'><strong>EXEGETICA.</strong></span> <span class='ocrx_word' id='word_1_9' title='bbox 1859 205 1893 232; x_wconf 78' lang='grc'><strong>16</strong></span> 
     </span>
    </p>
   </div>
   <div class='ocr_carea' id='block_1_2' title="bbox 274 256 1046 296">
    <p class='ocr_par' dir='ltr' id='par_1_2' title="bbox 274 256 1046 285">
     <span class='ocr_line' id='line_1_2' title="bbox 274 256 1046 285; baseline -0.001 0"><span class='ocrx_word' id='word_1_10' title='bbox 274 257 431 285; x_wconf 81' lang='lat' dir='ltr'><strong>concinens.</strong></span> <span class='ocrx_word' id='word_1_11' title='bbox 445 256 529 284; x_wconf 82' lang='lat' dir='ltr'><strong>Porro</strong></span> <span class='ocrx_word' id='word_1_12' title='bbox 542 257 578 283; x_wconf 89' lang='lat' dir='ltr'><strong>ita</strong></span> <span class='ocrx_word' id='word_1_13' title='bbox 594 257 715 284; x_wconf 81' lang='lat' dir='ltr'><strong>seniores</strong></span> <span class='ocrx_word' id='word_1_14' title='bbox 725 258 823 284; x_wconf 90' lang='lat' dir='ltr'><strong>docent</strong></span> <span class='ocrx_word' id='word_1_15' title='bbox 833 257 1046 285; x_wconf 72' lang='lat' dir='ltr'><strong>adolescentulos</strong></span> 
     </span>
    </p>
   </div>
   <div class='ocr_carea' id='block_1_3' title="bbox 1097 256 1890 296">
    <p class='ocr_par' dir='ltr' id='par_1_3' title="bbox 1110 258 1890 296">
     <span class='ocr_line' id='line_1_3' title="bbox 1110 258 1890 296; baseline 0.006 -11"><span class='ocrx_word' id='word_1_16' title='bbox 1110 258 1186 291; x_wconf 84' lang='grc' dir='ltr'><strong>νέους</strong></span> <span class='ocrx_word' id='word_1_17' title='bbox 1198 259 1223 286; x_wconf 84' lang='grc' dir='ltr'>οι</span> <span class='ocrx_word' id='word_1_18' title='bbox 1243 260 1434 295; x_wconf 79' lang='grc' dir='ltr'><strong>γεγηρακότες,</strong></span> <span class='ocrx_word' id='word_1_19' title='bbox 1455 260 1502 287; x_wconf 82' lang='grc' dir='ltr'><strong>καὶ</strong></span> <span class='ocrx_word' id='word_1_20' title='bbox 1516 261 1542 287; x_wconf 87' lang='grc' dir='ltr'>οἱ</span> <span class='ocrx_word' id='word_1_21' title='bbox 1559 260 1678 296; x_wconf 74' lang='grc' dir='ltr'>μαθηταὶ</span> <span class='ocrx_word' id='word_1_22' title='bbox 1693 261 1890 290; x_wconf 82' lang='grc' dir='ltr'>ὑπακούουσιν·</span> 
     </span>
    </p>
   </div>
   <div class='ocr_carea' id='block_1_4' title="bbox 273 303 1056 338">
    <p class='ocr_par' dir='ltr' id='par_1_4' title="bbox 273 303 1056 338">
     <span class='ocr_line' id='line_1_4' title="bbox 273 303 1056 338; baseline 0.004 -10"><span class='ocrx_word' id='word_1_23' title='bbox 273 305 318 338; x_wconf 85' lang='lat' dir='ltr'><strong>qui</strong></span> <span class='ocrx_word' id='word_1_24' title='bbox 340 303 534 338; x_wconf 86' lang='lat' dir='ltr'><strong>discipulorum</strong></span> <span class='ocrx_word' id='word_1_25' title='bbox 551 303 636 330; x_wconf 77' lang='lat' dir='ltr'><strong>instar</strong></span> <span class='ocrx_word' id='word_1_26' title='bbox 653 304 817 331; x_wconf 81' lang='lat' dir='ltr'><strong>auscultant.</strong></span> <span class='ocrx_word' id='word_1_27' title='bbox 837 303 929 331; x_wconf 90' lang='lat' dir='ltr'><strong>lsraeli</strong></span> <span class='ocrx_word' id='word_1_28' title='bbox 954 309 1056 336; x_wconf 78' lang='lat' dir='ltr'><strong>autem,</strong></span> 
     </span>
    </p>
   </div>
   <div class='ocr_carea' id='block_1_5' title="bbox 274 349 1056 385">
    <p class='ocr_par' dir='ltr' id='par_1_5' title="bbox 274 349 1056 385">
     <span class='ocr_line' id='line_1_5' title="bbox 274 349 1056 385; baseline -0.001 -8"><span class='ocrx_word' id='word_1_29' title='bbox 274 351 356 378; x_wconf 84' lang='lat' dir='ltr'><strong>Deum</strong></span> <span class='ocrx_word' id='word_1_30' title='bbox 381 351 450 377; x_wconf 86' lang='lat' dir='ltr'><strong>intra</strong></span> <span class='ocrx_word' id='word_1_31' title='bbox 478 357 507 377; x_wconf 90' lang='lat' dir='ltr'><strong>se</strong></span> <span class='ocrx_word' id='word_1_32' title='bbox 530 349 690 383; x_wconf 83' lang='lat' dir='ltr'><strong>possidenti.</strong></span> <span class='ocrx_word' id='word_1_33' title='bbox 710 349 800 377; x_wconf 85' lang='lat' dir='ltr'><strong>dicere</strong></span> <span class='ocrx_word' id='word_1_34' title='bbox 828 350 974 385; x_wconf 85' lang='lat' dir='ltr'><strong>congruit:</strong></span> <span class='ocrx_word' id='word_1_35' title='bbox 995 349 1056 376; x_wconf 84' lang='lat' dir='ltr'><strong>Nisi</strong></span> 
     </span>
    </p>
   </div>
   <div class='ocr_carea' id='block_1_6' title="bbox 273 394 1056 430">
    <p class='ocr_par' dir='ltr' id='par_1_6' title="bbox 273 394 1056 430">
     <span class='ocr_line' id='line_1_6' title="bbox 273 394 1056 430; baseline 0 -8"><span class='ocrx_word' id='word_1_36' title='bbox 273 396 401 423; x_wconf 83' lang='lat' dir='ltr'><strong>Dominus</strong></span> <span class='ocrx_word' id='word_1_37' title='bbox 439 395 531 429; x_wconf 72' lang='lat' dir='ltr'><strong>[uisset</strong></span> <span class='ocrx_word' id='word_1_38' title='bbox 563 395 590 421; x_wconf 87' lang='lat' dir='ltr'><strong>in</strong></span> <span class='ocrx_word' id='word_1_39' title='bbox 620 395 704 422; x_wconf 73' lang='lat' dir='ltr'><strong>nobis.</strong></span> <span class='ocrx_word' id='word_1_40' title='bbox 739 394 897 430; x_wconf 81' lang='lat' dir='ltr'><strong>Hujusmodi</strong></span> <span class='ocrx_word' id='word_1_41' title='bbox 922 399 981 422; x_wconf 85' lang='lat' dir='ltr'><strong>eral</strong></span> <span class='ocrx_word' id='word_1_42' title='bbox 1006 396 1056 423; x_wconf 87' lang='lat' dir='ltr'><strong>sub</strong></span> 
     </span>
    </p>
   </div>
   <div class='ocr_carea' id='block_1_7' title="bbox 273 439 1054 476">
    <p class='ocr_par' dir='ltr' id='par_1_7' title="bbox 273 439 1054 476">
     <span class='ocr_line' id='line_1_7' title="bbox 273 439 1054 476; baseline -0.001 -8"><span class='ocrx_word' id='word_1_43' title='bbox 273 443 365 476; x_wconf 82' lang='lat' dir='ltr'><strong>Moyse</strong></span> <span class='ocrx_word' id='word_1_44' title='bbox 403 441 508 473; x_wconf 82' lang='lat' dir='ltr'><strong>Israel,</strong></span> <span class='ocrx_word' id='word_1_45' title='bbox 541 440 584 468; x_wconf 90' lang='lat' dir='ltr'><strong>cui</strong></span> <span class='ocrx_word' id='word_1_46' title='bbox 619 441 786 468; x_wconf 88' lang='lat' dir='ltr'><strong>dicebatur:</strong></span> <span class='ocrx_word' id='word_1_47' title='bbox 815 439 881 473; x_wconf 82' lang='lat' dir='ltr'><strong>Sile,</strong></span> <span class='ocrx_word' id='word_1_48' title='bbox 907 445 932 468; x_wconf 88' lang='lat' dir='ltr'><strong>et</strong></span> <span class='ocrx_word' id='word_1_49' title='bbox 966 441 1054 474; x_wconf 86' lang='lat' dir='ltr'><strong>audi,</strong></span> 
     </span>
    </p>
   </div>
   <div class='ocr_carea' id='block_1_8' title="bbox 272 487 1055 523">
    <p class='ocr_par' dir='ltr' id='par_1_8' title="bbox 272 487 1055 523">
     <span class='ocr_line' id='line_1_8' title="bbox 272 487 1055 523; baseline 0 -9"><span class='ocrx_word' id='word_1_50' title='bbox 272 487 369 514; x_wconf 79' lang='lat' dir='ltr'><strong>Israel.</strong></span> <span class='ocrx_word' id='word_1_51' title='bbox 394 487 522 515; x_wconf 85' lang='lat' dir='ltr'><strong>Dominus</strong></span> <span class='ocrx_word' id='word_1_52' title='bbox 552 495 598 521; x_wconf 86' lang='lat' dir='ltr'><strong>pro</strong></span> <span class='ocrx_word' id='word_1_53' title='bbox 623 487 693 514; x_wconf 80' lang='lat' dir='ltr'><strong>vobis</strong></span> <span class='ocrx_word' id='word_1_54' title='bbox 718 488 861 523; x_wconf 77' lang='lat' dir='ltr'><strong>pugnabit,</strong></span> <span class='ocrx_word' id='word_1_55' title='bbox 881 493 903 514; x_wconf 88' lang='lat' dir='ltr'><strong>et</strong></span> <span class='ocrx_word' id='word_1_56' title='bbox 931 495 974 514; x_wconf 73' lang='lat' dir='ltr'><strong>vos</strong></span> <span class='ocrx_word' id='word_1_57' title='bbox 994 487 1055 514; x_wconf 74' lang='lat' dir='ltr'><strong>sile—</strong></span> 
     </span>
    </p>
   </div>
   <div class='ocr_carea' id='block_1_9' title="bbox 272 533 370 560">
    <p class='ocr_par' dir='ltr' id='par_1_9' title="bbox 272 533 370 560">
     <span class='ocr_line' id='line_1_9' title="bbox 272 533 370 560; baseline -0.01 0"><span class='ocrx_word' id='word_1_58' title='bbox 272 534 334 560; x_wconf 82' lang='lat' dir='ltr'><strong>bitis</strong></span> <span class='ocrx_word' id='word_1_59' title='bbox 350 533 370 559; x_wconf 78' lang='lat'><strong>‘.</strong></span> 
     </span>
    </p>
   </div>
   <div class='ocr_carea' id='block_1_10' title="bbox 359 578 969 614">
    <p class='ocr_par' dir='ltr' id='par_1_10' title="bbox 359 578 969 614">
     <span class='ocr_line' id='line_1_10' title="bbox 359 578 969 614; baseline 0 -7"><span class='ocrx_word' id='word_1_60' title='bbox 359 580 440 607; x_wconf 74' lang='lat' dir='ltr'><strong>Vens.</strong></span> <span class='ocrx_word' id='word_1_61' title='bbox 455 579 482 606; x_wconf 81' lang='lat'><strong>3.</strong></span> <span class='ocrx_word' id='word_1_62' title='bbox 500 578 624 606; x_wconf 81' lang='lat' dir='ltr'><strong>Fortasse</strong></span> <span class='ocrx_word' id='word_1_63' title='bbox 638 580 706 606; x_wconf 77' lang='lat' dir='ltr'><strong>vivos</strong></span> <span class='ocrx_word' id='word_1_64' title='bbox 730 579 899 614; x_wconf 78' lang='lat' dir='ltr'><strong>deglutissent</strong></span> <span class='ocrx_word' id='word_1_65' title='bbox 913 588 969 608; x_wconf 82' lang='lat' dir='ltr'><strong>nos.</strong></span> 
     </span>
    </p>
   </div>
   <div class='ocr_carea' id='block_1_11' title="bbox 305 624 1054 658">
    <p class='ocr_par' dir='ltr' id='par_1_11' title="bbox 305 624 1054 658">
     <span class='ocr_line' id='line_1_11' title="bbox 305 624 1054 658; baseline -0.001 -6"><span class='ocrx_word' id='word_1_66' title='bbox 305 624 475 652; x_wconf 84' lang='lat' dir='ltr'><strong>Calamitatis</strong></span> <span class='ocrx_word' id='word_1_67' title='bbox 493 629 610 658; x_wconf 84' lang='lat' dir='ltr'><strong>tempus,</strong></span> <span class='ocrx_word' id='word_1_68' title='bbox 624 625 747 658; x_wconf 82' lang='lat' dir='ltr'><strong>quamvis</strong></span> <span class='ocrx_word' id='word_1_69' title='bbox 759 625 795 652; x_wconf 90' lang='lat' dir='ltr'><strong>sit</strong></span> <span class='ocrx_word' id='word_1_70' title='bbox 810 625 965 656; x_wconf 77' lang='lat' dir='ltr'><strong>vehemens,</strong></span> <span class='ocrx_word' id='word_1_71' title='bbox 981 624 1054 651; x_wconf 90' lang='lat' dir='ltr'><strong>nihi-</strong></span> 
     </span>
    </p>
   </div>
   <div class='ocr_carea' id='block_1_12' title="bbox 271 670 807 697">
    <p class='ocr_par' dir='ltr' id='par_1_12' title="bbox 271 670 807 697">
     <span class='ocr_line' id='line_1_12' title="bbox 271 670 807 697; baseline -0.002 0"><span class='ocrx_word' id='word_1_72' title='bbox 271 670 388 697; x_wconf 87' lang='lat' dir='ltr'><strong>lominus</strong></span> <span class='ocrx_word' id='word_1_73' title='bbox 403 670 534 696; x_wconf 84' lang='lat' dir='ltr'><strong>torrentis</strong></span> <span class='ocrx_word' id='word_1_74' title='bbox 552 670 639 696; x_wconf 89' lang='lat' dir='ltr'><strong>instar</strong></span> <span class='ocrx_word' id='word_1_75' title='bbox 660 670 741 697; x_wconf 65' lang='lat' dir='ltr'><strong>breve</strong></span> <span class='ocrx_word' id='word_1_76' title='bbox 756 674 807 696; x_wconf 90' lang='lat' dir='ltr'><strong>est.</strong></span> 
     </span>
    </p>
   </div>
   <div class='ocr_carea' id='block_1_13' title="bbox 410 714 929 747">
    <p class='ocr_par' dir='ltr' id='par_1_13' title="bbox 410 714 929 747">
     <span class='ocr_line' id='line_1_13' title="bbox 410 714 929 747; baseline 0.004 -6"><span class='ocrx_word' id='word_1_77' title='bbox 410 715 489 741; x_wconf 70' lang='lat' dir='ltr'><strong>Vens.</strong></span> <span class='ocrx_word' id='word_1_78' title='bbox 507 714 531 742; x_wconf 74' lang='grc'><strong>6.</strong></span> <span class='ocrx_word' id='word_1_79' title='bbox 549 714 706 742; x_wconf 82' lang='lat' dir='ltr'><strong>Benedictus</strong></span> <span class='ocrx_word' id='word_1_80' title='bbox 720 715 857 747; x_wconf 78' lang='lat' dir='ltr'><strong>Dominus,</strong></span> <span class='ocrx_word' id='word_1_81' title='bbox 876 720 929 745; x_wconf 89' lang='lat' dir='ltr'><strong>etc.</strong></span> 
     </span>
    </p>
   </div>
   <div class='ocr_carea' id='block_1_14' title="bbox 305 761 1053 796">
    <p class='ocr_par' dir='ltr' id='par_1_14' title="bbox 305 761 1053 796">
     <span class='ocr_line' id='line_1_14' title="bbox 305 761 1053 796; baseline 0.001 -8"><span class='ocrx_word' id='word_1_82' title='bbox 305 761 392 796; x_wconf 85' lang='lat' dir='ltr'><strong>Quem</strong></span> <span class='ocrx_word' id='word_1_83' title='bbox 406 769 470 789; x_wconf 89' lang='lat' dir='ltr'><strong>vero</strong></span> <span class='ocrx_word' id='word_1_84' title='bbox 484 761 594 788; x_wconf 81' lang='lat' dir='ltr'><strong>laudare</strong></span> <span class='ocrx_word' id='word_1_85' title='bbox 609 762 770 796; x_wconf 86' lang='lat' dir='ltr'><strong>hymnisque</strong></span> <span class='ocrx_word' id='word_1_86' title='bbox 787 762 927 790; x_wconf 88' lang='lat' dir='ltr'><strong>celebrare</strong></span> <span class='ocrx_word' id='word_1_87' title='bbox 948 766 1053 796; x_wconf 80' lang='lat' dir='ltr'><strong>oporte-</strong></span> 
     </span>
    </p>
   </div>
   <div class='ocr_carea' id='block_1_15' title="bbox 269 807 1052 842">
    <p class='ocr_par' dir='ltr' id='par_1_15' title="bbox 269 807 1052 842">
     <span class='ocr_line' id='line_1_15' title="bbox 269 807 1052 842; baseline 0.003 -8"><span class='ocrx_word' id='word_1_88' title='bbox 269 807 325 839; x_wconf 82' lang='lat' dir='ltr'><strong>bal,</strong></span> <span class='ocrx_word' id='word_1_89' title='bbox 340 811 481 842; x_wconf 71' lang='lat' dir='ltr'><strong>propterea</strong></span> <span class='ocrx_word' id='word_1_90' title='bbox 508 807 578 839; x_wconf 91' lang='lat' dir='ltr'><strong>quod</strong></span> <span class='ocrx_word' id='word_1_91' title='bbox 589 807 685 840; x_wconf 63' lang='lat' dir='ltr'><strong>praedae</strong></span> <span class='ocrx_word' id='word_1_92' title='bbox 697 815 748 835; x_wconf 91' lang='lat' dir='ltr'><strong>non</strong></span> <span class='ocrx_word' id='word_1_93' title='bbox 763 807 1052 837; x_wconf 79' lang='lat' dir='ltr'><strong>iuerimushominibus</strong></span> 
     </span>
    </p>
   </div>
   <div class='ocr_carea' id='block_1_16' title="bbox 269 853 1051 889">
    <p class='ocr_par' dir='ltr' id='par_1_16' title="bbox 269 853 1051 889">
     <span class='ocr_line' id='line_1_16' title="bbox 269 853 1051 889; baseline 0.001 -8"><span class='ocrx_word' id='word_1_94' title='bbox 269 856 314 889; x_wconf 92' lang='lat' dir='ltr'><strong>qui</strong></span> <span class='ocrx_word' id='word_1_95' title='bbox 333 855 467 889; x_wconf 83' lang='lat' dir='ltr'><strong>deglutire</strong></span> <span class='ocrx_word' id='word_1_96' title='bbox 480 862 529 881; x_wconf 85' lang='lat' dir='ltr'><strong>nos</strong></span> <span class='ocrx_word' id='word_1_97' title='bbox 542 853 680 885; x_wconf 84' lang='lat' dir='ltr'><strong>volebant,</strong></span> <span class='ocrx_word' id='word_1_98' title='bbox 697 854 748 881; x_wconf 90' lang='lat' dir='ltr'><strong>nisi</strong></span> <span class='ocrx_word' id='word_1_99' title='bbox 767 853 907 881; x_wconf 88' lang='lat' dir='ltr'><strong>Dominum</strong></span> <span class='ocrx_word' id='word_1_100' title='bbox 920 854 966 889; x_wconf 90' lang='lat' dir='ltr'><strong>qui</strong></span> <span class='ocrx_word' id='word_1_101' title='bbox 982 854 1051 889; x_wconf 88' lang='lat' dir='ltr'><strong>apud</strong></span> 
     </span>
    </p>
   </div>
   <div class='ocr_carea' id='block_1_17' title="bbox 269 898 1050 933">
    <p class='ocr_par' dir='ltr' id='par_1_17' title="bbox 269 898 1050 933">
     <span class='ocr_line' id='line_1_17' title="bbox 269 898 1050 933; baseline 0.001 -7"><span class='ocrx_word' id='word_1_102' title='bbox 269 907 320 926; x_wconf 89' lang='lat' dir='ltr'><strong>nos</strong></span> <span class='ocrx_word' id='word_1_103' title='bbox 337 899 400 926; x_wconf 89' lang='lat' dir='ltr'><strong>est?</strong></span> <span class='ocrx_word' id='word_1_104' title='bbox 419 898 516 933; x_wconf 83' lang='lat' dir='ltr'><strong>Utique</strong></span> <span class='ocrx_word' id='word_1_105' title='bbox 530 898 566 926; x_wconf 87' lang='lat' dir='ltr'><strong>illi</strong></span> <span class='ocrx_word' id='word_1_106' title='bbox 583 899 615 925; x_wconf 88' lang='lat' dir='ltr'><strong>ad</strong></span> <span class='ocrx_word' id='word_1_107' title='bbox 635 904 775 933; x_wconf 88' lang='lat' dir='ltr'><strong>capturam</strong></span> <span class='ocrx_word' id='word_1_108' title='bbox 793 905 910 926; x_wconf 86' lang='lat' dir='ltr'><strong>nostram</strong></span> <span class='ocrx_word' id='word_1_109' title='bbox 931 905 1050 932; x_wconf 87' lang='lat' dir='ltr'><strong>ruentes,</strong></span> 
     </span>
    </p>
   </div>
   <div class='ocr_carea' id='block_1_18' title="bbox 269 943 1052 978">
    <p class='ocr_par' dir='ltr' id='par_1_18' title="bbox 269 943 1052 978">
     <span class='ocr_line' id='line_1_18' title="bbox 269 943 1052 978; baseline -0.001 -7"><span class='ocrx_word' id='word_1_110' title='bbox 269 949 298 971; x_wconf 86' lang='lat' dir='ltr'><strong>ut</strong></span> <span class='ocrx_word' id='word_1_111' title='bbox 312 951 362 971; x_wconf 86' lang='lat' dir='ltr'><strong>nos</strong></span> <span class='ocrx_word' id='word_1_112' title='bbox 374 944 546 974; x_wconf 80' lang='lat' dir='ltr'><strong>devorarent,</strong></span> <span class='ocrx_word' id='word_1_113' title='bbox 568 943 680 969; x_wconf 88' lang='lat' dir='ltr'><strong>consilia</strong></span> <span class='ocrx_word' id='word_1_114' title='bbox 707 951 756 970; x_wconf 86' lang='lat' dir='ltr'><strong>sua</strong></span> <span class='ocrx_word' id='word_1_115' title='bbox 781 944 895 977; x_wconf 79' lang='lat' dir='ltr'><strong>exsequi</strong></span> <span class='ocrx_word' id='word_1_116' title='bbox 917 944 986 971; x_wconf 88' lang='lat' dir='ltr'><strong>haud</strong></span> <span class='ocrx_word' id='word_1_117' title='bbox 1006 952 1052 978; x_wconf 90' lang='lat' dir='ltr'><strong>po-</strong></span> 
     </span>
    </p>
   </div>
   <div class='ocr_carea' id='block_1_19' title="bbox 270 987 1050 1022">
    <p class='ocr_par' dir='ltr' id='par_1_19' title="bbox 270 987 1050 1022">
     <span class='ocr_line' id='line_1_19' title="bbox 270 987 1050 1022; baseline 0.003 -8"><span class='ocrx_word' id='word_1_118' title='bbox 270 992 390 1015; x_wconf 88' lang='lat' dir='ltr'><strong>tuerunt.</strong></span> <span class='ocrx_word' id='word_1_119' title='bbox 417 987 577 1021; x_wconf 74' lang='lat' dir='ltr'><strong>Exasperati</strong></span> <span class='ocrx_word' id='word_1_120' title='bbox 602 987 674 1013; x_wconf 88' lang='lat' dir='ltr'><strong>enim</strong></span> <span class='ocrx_word' id='word_1_121' title='bbox 701 988 804 1014; x_wconf 80' lang='lat' dir='ltr'><strong>crudeli</strong></span> <span class='ocrx_word' id='word_1_122' title='bbox 828 989 919 1016; x_wconf 83' lang='lat' dir='ltr'><strong>animo</strong></span> <span class='ocrx_word' id='word_1_123' title='bbox 947 989 1050 1022; x_wconf 77' lang='lat' dir='ltr'><strong>leones,</strong></span> 
     </span>
    </p>
   </div>
   <div class='ocr_carea' id='block_1_20' title="bbox 267 1032 1051 1068">
    <p class='ocr_par' dir='ltr' id='par_1_20' title="bbox 267 1032 1051 1068">
     <span class='ocr_line' id='line_1_20' title="bbox 267 1032 1051 1068; baseline 0 -7"><span class='ocrx_word' id='word_1_124' title='bbox 267 1034 394 1061; x_wconf 75' lang='lat' dir='ltr'><strong>dentibus</strong></span> <span class='ocrx_word' id='word_1_125' title='bbox 409 1033 465 1060; x_wconf 82' lang='lat' dir='ltr'><strong>suis</strong></span> <span class='ocrx_word' id='word_1_126' title='bbox 478 1041 526 1060; x_wconf 87' lang='lat' dir='ltr'><strong>nos</strong></span> <span class='ocrx_word' id='word_1_127' title='bbox 542 1039 639 1067; x_wconf 84' lang='lat' dir='ltr'><strong>capere</strong></span> <span class='ocrx_word' id='word_1_128' title='bbox 654 1032 789 1065; x_wconf 78' lang='lat' dir='ltr'><strong>avebant;</strong></span> <span class='ocrx_word' id='word_1_129' title='bbox 803 1034 850 1060; x_wconf 88' lang='lat' dir='ltr'><strong>sed</strong></span> <span class='ocrx_word' id='word_1_130' title='bbox 868 1039 955 1061; x_wconf 90' lang='lat' dir='ltr'><strong>tamen</strong></span> <span class='ocrx_word' id='word_1_131' title='bbox 969 1042 1051 1068; x_wconf 86' lang='lat' dir='ltr'><strong>scopo</strong></span> 
     </span>
    </p>
   </div>
   <div class='ocr_carea' id='block_1_21' title="bbox 267 1077 1050 1114">
    <p class='ocr_par' dir='ltr' id='par_1_21' title="bbox 267 1077 1050 1114">
     <span class='ocr_line' id='line_1_21' title="bbox 267 1077 1050 1114; baseline 0.001 -9"><span class='ocrx_word' id='word_1_132' title='bbox 267 1086 318 1106; x_wconf 88' lang='lat' dir='ltr'><strong>suo</strong></span> <span class='ocrx_word' id='word_1_133' title='bbox 333 1078 414 1114; x_wconf 80' lang='lat' dir='ltr'><strong>potiri</strong></span> <span class='ocrx_word' id='word_1_134' title='bbox 430 1077 620 1112; x_wconf 86' lang='lat' dir='ltr'><strong>nequiverunt,</strong></span> <span class='ocrx_word' id='word_1_135' title='bbox 637 1078 707 1104; x_wconf 84' lang='lat' dir='ltr'><strong>haud</strong></span> <span class='ocrx_word' id='word_1_136' title='bbox 720 1085 768 1104; x_wconf 87' lang='lat' dir='ltr'><strong>nos</strong></span> <span class='ocrx_word' id='word_1_137' title='bbox 784 1078 837 1105; x_wconf 87' lang='lat' dir='ltr'><strong>illis</strong></span> <span class='ocrx_word' id='word_1_138' title='bbox 853 1079 976 1106; x_wconf 85' lang='lat' dir='ltr'><strong>tradente</strong></span> <span class='ocrx_word' id='word_1_139' title='bbox 997 1080 1050 1106; x_wconf 80' lang='lat' dir='ltr'><strong>Do—</strong></span> 
     </span>
    </p>
   </div>
   <div class='ocr_carea' id='block_1_22' title="bbox 267 1121 1051 1158">
    <p class='ocr_par' dir='ltr' id='par_1_22' title="bbox 267 1121 1051 1158">
     <span class='ocr_line' id='line_1_22' title="bbox 267 1121 1051 1158; baseline 0 -6"><span class='ocrx_word' id='word_1_140' title='bbox 267 1125 340 1152; x_wconf 90' lang='lat' dir='ltr'><strong>mino</strong></span> <span class='ocrx_word' id='word_1_141' title='bbox 356 1133 363 1151; x_wconf 93' lang='lat'><strong>:</strong></span> <span class='ocrx_word' id='word_1_142' title='bbox 379 1125 421 1152; x_wconf 93' lang='lat' dir='ltr'><strong>cui</strong></span> <span class='ocrx_word' id='word_1_143' title='bbox 436 1125 518 1151; x_wconf 83' lang='lat' dir='ltr'><strong>etiam</strong></span> <span class='ocrx_word' id='word_1_144' title='bbox 533 1123 729 1155; x_wconf 88' lang='lat' dir='ltr'><strong>benedicimus,</strong></span> <span class='ocrx_word' id='word_1_145' title='bbox 743 1124 788 1158; x_wconf 89' lang='lat' dir='ltr'><strong>qui</strong></span> <span class='ocrx_word' id='word_1_146' title='bbox 803 1131 852 1151; x_wconf 92' lang='lat' dir='ltr'><strong>nos</strong></span> <span class='ocrx_word' id='word_1_147' title='bbox 867 1131 882 1151; x_wconf 91' lang='lat' dir='ltr'><strong>a</strong></span> <span class='ocrx_word' id='word_1_148' title='bbox 898 1121 1051 1153; x_wconf 80' lang='lat' dir='ltr'><strong>furentibus</strong></span> 
     </span>
    </p>
   </div>
   <div class='ocr_carea' id='block_1_23' title="bbox 259 1169 531 1198">
    <p class='ocr_par' dir='ltr' id='par_1_23' title="bbox 259 1169 531 1198">
     <span class='ocr_line' id='line_1_23' title="bbox 259 1169 531 1198; baseline -0.011 0"><span class='ocrx_word' id='word_1_149' title='bbox 259 1171 391 1198; x_wconf 74' lang='lat' dir='ltr'><strong>hostibus</strong></span> <span class='ocrx_word' id='word_1_150' title='bbox 402 1169 531 1196; x_wconf 78' lang='lat' dir='ltr'><strong>liberavit.</strong></span> 
     </span>
    </p>
   </div>
   <div class='ocr_carea' id='block_1_24' title="bbox 509 1213 805 1242">
    <p class='ocr_par' dir='ltr' id='par_1_24' title="bbox 509 1213 805 1242">
     <span class='ocr_line' id='line_1_24' title="bbox 509 1213 805 1242; baseline 0.003 -1"><span class='ocrx_word' id='word_1_151' title='bbox 509 1214 669 1242; x_wconf 78' lang='lat' dir='ltr'><strong>PSALMUS</strong></span> <span class='ocrx_word' id='word_1_152' title='bbox 688 1213 805 1242; x_wconf 78' lang='lat' dir='ltr'><strong>CXXIV.</strong></span> 
     </span>
    </p>
   </div>
   <div class='ocr_carea' id='block_1_25' title="bbox 407 1260 907 1296">
    <p class='ocr_par' dir='ltr' id='par_1_25' title="bbox 407 1260 907 1296">
     <span class='ocr_line' id='line_1_25' title="bbox 407 1260 907 1296; baseline 0.002 -8"><span class='ocrx_word' id='word_1_153' title='bbox 407 1261 488 1288; x_wconf 65' lang='lat' dir='ltr'><strong>Vens.</strong></span> <span class='ocrx_word' id='word_1_154' title='bbox 504 1261 530 1287; x_wconf 77' lang='grc'><strong>2.</strong></span> <span class='ocrx_word' id='word_1_155' title='bbox 549 1260 650 1287; x_wconf 83' lang='lat' dir='ltr'><strong>Montes</strong></span> <span class='ocrx_word' id='word_1_156' title='bbox 666 1261 693 1287; x_wconf 88' lang='lat' dir='ltr'><strong>in</strong></span> <span class='ocrx_word' id='word_1_157' title='bbox 713 1261 825 1287; x_wconf 83' lang='lat' dir='ltr'><strong>circuitu</strong></span> <span class='ocrx_word' id='word_1_158' title='bbox 841 1261 907 1296; x_wconf 83' lang='lat' dir='ltr'><strong>ejus.</strong></span> 
     </span>
    </p>
   </div>
   <div class='ocr_carea' id='block_1_26' title="bbox 300 1306 1048 1342">
    <p class='ocr_par' dir='ltr' id='par_1_26' title="bbox 300 1306 1048 1342">
     <span class='ocr_line' id='line_1_26' title="bbox 300 1306 1048 1342; baseline 0 -8"><span class='ocrx_word' id='word_1_159' title='bbox 300 1307 362 1334; x_wconf 67' lang='lat' dir='ltr'><strong>Haec</strong></span> <span class='ocrx_word' id='word_1_160' title='bbox 378 1307 456 1334; x_wconf 89' lang='lat' dir='ltr'><strong>aiunt</strong></span> <span class='ocrx_word' id='word_1_161' title='bbox 471 1307 515 1341; x_wconf 90' lang='lat' dir='ltr'><strong>qui</strong></span> <span class='ocrx_word' id='word_1_162' title='bbox 537 1307 615 1342; x_wconf 82' lang='lat' dir='ltr'><strong>longa</strong></span> <span class='ocrx_word' id='word_1_163' title='bbox 633 1314 743 1333; x_wconf 84' lang='lat' dir='ltr'><strong>emensa</strong></span> <span class='ocrx_word' id='word_1_164' title='bbox 763 1306 804 1332; x_wconf 89' lang='lat' dir='ltr'><strong>via</strong></span> <span class='ocrx_word' id='word_1_165' title='bbox 827 1307 862 1334; x_wconf 88' lang='lat' dir='ltr'><strong>ad</strong></span> <span class='ocrx_word' id='word_1_166' title='bbox 880 1307 1048 1334; x_wconf 83' lang='lat' dir='ltr'><strong>materialem</strong></span> 
     </span>
    </p>
   </div>
   <div class='ocr_carea' id='block_1_27' title="bbox 257 1351 1048 1385">
    <p class='ocr_par' dir='ltr' id='par_1_27' title="bbox 257 1351 1048 1385">
     <span class='ocr_line' id='line_1_27' title="bbox 257 1351 1048 1385; baseline -0.003 -4"><span class='ocrx_word' id='word_1_167' title='bbox 257 1352 412 1381; x_wconf 77' lang='lat' dir='ltr'><strong>Jerusalem</strong></span> <span class='ocrx_word' id='word_1_168' title='bbox 434 1353 535 1380; x_wconf 88' lang='lat' dir='ltr'><strong>reversi</strong></span> <span class='ocrx_word' id='word_1_169' title='bbox 558 1357 638 1385; x_wconf 86' lang='lat' dir='ltr'><strong>sunt,</strong></span> <span class='ocrx_word' id='word_1_170' title='bbox 664 1360 712 1378; x_wconf 90' lang='lat' dir='ltr'><strong>ceu</strong></span> <span class='ocrx_word' id='word_1_171' title='bbox 734 1351 790 1384; x_wconf 79' lang='lat' dir='ltr'><strong>jam</strong></span> <span class='ocrx_word' id='word_1_172' title='bbox 812 1352 837 1378; x_wconf 93' lang='lat' dir='ltr'><strong>in</strong></span> <span class='ocrx_word' id='word_1_173' title='bbox 864 1357 921 1379; x_wconf 92' lang='lat' dir='ltr'><strong>tuto</strong></span> <span class='ocrx_word' id='word_1_174' title='bbox 943 1353 1048 1379; x_wconf 85' lang='lat' dir='ltr'><strong>consti-</strong></span> 
     </span>
    </p>
   </div>
   <div class='ocr_carea' id='block_1_28' title="bbox 265 1398 1048 1433">
    <p class='ocr_par' dir='ltr' id='par_1_28' title="bbox 265 1398 1048 1433">
     <span class='ocr_line' id='line_1_28' title="bbox 265 1398 1048 1433; baseline -0.003 -7"><span class='ocrx_word' id='word_1_175' title='bbox 265 1400 326 1433; x_wconf 87' lang='lat' dir='ltr'><strong>tuti,</strong></span> <span class='ocrx_word' id='word_1_176' title='bbox 343 1406 393 1427; x_wconf 85' lang='lat' dir='ltr'><strong>nec</strong></span> <span class='ocrx_word' id='word_1_177' title='bbox 408 1403 461 1426; x_wconf 88' lang='lat' dir='ltr'><strong>lam</strong></span> <span class='ocrx_word' id='word_1_178' title='bbox 473 1400 532 1426; x_wconf 87' lang='lat' dir='ltr'><strong>loco</strong></span> <span class='ocrx_word' id='word_1_179' title='bbox 547 1406 627 1433; x_wconf 87' lang='lat' dir='ltr'><strong>quam</strong></span> <span class='ocrx_word' id='word_1_180' title='bbox 641 1398 739 1425; x_wconf 83' lang='lat' dir='ltr'><strong>ﬁducia</strong></span> <span class='ocrx_word' id='word_1_181' title='bbox 754 1406 817 1433; x_wconf 85' lang='lat' dir='ltr'><strong>erga</strong></span> <span class='ocrx_word' id='word_1_182' title='bbox 835 1398 978 1425; x_wconf 86' lang='lat' dir='ltr'><strong>Dominum</strong></span> <span class='ocrx_word' id='word_1_183' title='bbox 990 1398 1048 1425; x_wconf 88' lang='lat' dir='ltr'><strong>ala-</strong></span> 
     </span>
    </p>
   </div>
   <div class='ocr_carea' id='block_1_29' title="bbox 259 1444 1046 1479">
    <p class='ocr_par' dir='ltr' id='par_1_29' title="bbox 259 1444 1046 1479">
     <span class='ocr_line' id='line_1_29' title="bbox 259 1444 1046 1479; baseline -0.003 -7"><span class='ocrx_word' id='word_1_184' title='bbox 259 1452 344 1478; x_wconf 81' lang='lat' dir='ltr'><strong>cres;</strong></span> <span class='ocrx_word' id='word_1_185' title='bbox 361 1445 433 1479; x_wconf 90' lang='lat' dir='ltr'><strong>quod</strong></span> <span class='ocrx_word' id='word_1_186' title='bbox 446 1453 510 1471; x_wconf 86' lang='lat' dir='ltr'><strong>sane</strong></span> <span class='ocrx_word' id='word_1_187' title='bbox 524 1445 622 1471; x_wconf 86' lang='lat' dir='ltr'><strong>melius</strong></span> <span class='ocrx_word' id='word_1_188' title='bbox 637 1448 678 1471; x_wconf 84' lang='lat' dir='ltr'><strong>est</strong></span> <span class='ocrx_word' id='word_1_189' title='bbox 691 1451 772 1479; x_wconf 88' lang='lat' dir='ltr'><strong>quam</strong></span> <span class='ocrx_word' id='word_1_190' title='bbox 789 1444 864 1471; x_wconf 85' lang='lat' dir='ltr'><strong>urbis</strong></span> <span class='ocrx_word' id='word_1_191' title='bbox 879 1444 1046 1471; x_wconf 86' lang='lat' dir='ltr'><strong>Hierusalem</strong></span> 
     </span>
    </p>
   </div>
   <div class='ocr_carea' id='block_1_30' title="bbox 264 1489 1047 1525">
    <p class='ocr_par' dir='ltr' id='par_1_30' title="bbox 264 1489 1047 1525">
     <span class='ocr_line' id='line_1_30' title="bbox 264 1489 1047 1525; baseline -0.001 -7"><span class='ocrx_word' id='word_1_192' title='bbox 264 1491 407 1519; x_wconf 86' lang='lat' dir='ltr'><strong>incolatus.</strong></span> <span class='ocrx_word' id='word_1_193' title='bbox 421 1489 555 1517; x_wconf 74' lang='lat' dir='ltr'><strong>Praeterea</strong></span> <span class='ocrx_word' id='word_1_194' title='bbox 573 1489 682 1516; x_wconf 88' lang='lat' dir='ltr'><strong>ubinam</strong></span> <span class='ocrx_word' id='word_1_195' title='bbox 702 1490 798 1516; x_wconf 86' lang='lat' dir='ltr'><strong>melius</strong></span> <span class='ocrx_word' id='word_1_196' title='bbox 814 1497 846 1516; x_wconf 90' lang='lat' dir='ltr'><strong>se</strong></span> <span class='ocrx_word' id='word_1_197' title='bbox 869 1489 981 1517; x_wconf 85' lang='lat' dir='ltr'><strong>haberet</strong></span> <span class='ocrx_word' id='word_1_198' title='bbox 999 1498 1047 1525; x_wconf 92' lang='lat' dir='ltr'><strong>po-</strong></span> 
     </span>
    </p>
   </div>
   <div class='ocr_carea' id='block_1_31' title="bbox 264 1536 1045 1571">
    <p class='ocr_par' dir='ltr' id='par_1_31' title="bbox 264 1536 1045 1571">
     <span class='ocr_line' id='line_1_31' title="bbox 264 1536 1045 1571; baseline 0.001 -8"><span class='ocrx_word' id='word_1_199' title='bbox 264 1536 362 1571; x_wconf 78' lang='lat' dir='ltr'><strong>pulus?</strong></span> <span class='ocrx_word' id='word_1_200' title='bbox 383 1536 449 1563; x_wconf 73' lang='lat' dir='ltr'><strong>Nam</strong></span> <span class='ocrx_word' id='word_1_201' title='bbox 467 1536 554 1563; x_wconf 88' lang='lat' dir='ltr'><strong>locum</strong></span> <span class='ocrx_word' id='word_1_202' title='bbox 567 1536 675 1570; x_wconf 78' lang='lat' dir='ltr'><strong>quidem</strong></span> <span class='ocrx_word' id='word_1_203' title='bbox 688 1536 866 1563; x_wconf 78' lang='lat' dir='ltr'><strong>circumstare</strong></span> <span class='ocrx_word' id='word_1_204' title='bbox 884 1541 988 1564; x_wconf 85' lang='lat' dir='ltr'><strong>montes</strong></span> <span class='ocrx_word' id='word_1_205' title='bbox 1002 1537 1045 1565; x_wconf 88' lang='lat' dir='ltr'><strong>hic</strong></span> 
     </span>
    </p>
   </div>
   <div class='ocr_carea' id='block_1_32' title="bbox 1115 304 1891 341">
    <p class='ocr_par' dir='ltr' id='par_1_32' title="bbox 1115 304 1891 341">
     <span class='ocr_line' id='line_1_32' title="bbox 1115 304 1891 341; baseline 0.006 -11"><span class='ocrx_word' id='word_1_206' title='bbox 1115 304 1221 340; x_wconf 83' lang='grc' dir='ltr'>Ἰσραὴλ</span> <span class='ocrx_word' id='word_1_207' title='bbox 1240 305 1268 331; x_wconf 84' lang='grc' dir='ltr'><strong>δὲ</strong></span> <span class='ocrx_word' id='word_1_208' title='bbox 1284 305 1330 331; x_wconf 83' lang='grc' dir='ltr'><strong>τοῦ</strong></span> <span class='ocrx_word' id='word_1_209' title='bbox 1357 305 1463 340; x_wconf 77' lang='grc' dir='ltr'>ἔχοντος</span> <span class='ocrx_word' id='word_1_210' title='bbox 1482 307 1510 332; x_wconf 81' lang='grc' dir='ltr'><strong>ὲν</strong></span> <span class='ocrx_word' id='word_1_211' title='bbox 1530 306 1618 341; x_wconf 80' lang='grc' dir='ltr'>ἐαυτῷ</span> <span class='ocrx_word' id='word_1_212' title='bbox 1638 307 1684 333; x_wconf 81' lang='grc' dir='ltr'><strong>τὸν</strong></span> <span class='ocrx_word' id='word_1_213' title='bbox 1701 307 1777 338; x_wconf 83' lang='grc' dir='ltr'><strong>Θεὸν,</strong></span> <span class='ocrx_word' id='word_1_214' title='bbox 1794 308 1824 335; x_wconf 81' lang='lat'><strong>16</strong></span> <span class='ocrx_word' id='word_1_215' title='bbox 1844 309 1891 335; x_wconf 87' lang='grc' dir='ltr'><strong>δύ-</strong></span> 
     </span>
    </p>
   </div>
   <div class='ocr_carea' id='block_1_33' title="bbox 1107 348 1892 387">
    <p class='ocr_par' dir='ltr' id='par_1_33' title="bbox 1107 348 1892 387">
     <span class='ocr_line' id='line_1_33' title="bbox 1107 348 1892 387; baseline 0.009 -13"><span class='ocrx_word' id='word_1_216' title='bbox 1107 348 1202 375; x_wconf 82' lang='grc' dir='ltr'>νασθαι</span> <span class='ocrx_word' id='word_1_217' title='bbox 1214 348 1354 383; x_wconf 79' lang='grc' dir='ltr'>λέγειν-Εἰ</span> <span class='ocrx_word' id='word_1_218' title='bbox 1364 350 1407 385; x_wconf 79' lang='grc' dir='ltr'>μὴ</span> <span class='ocrx_word' id='word_1_219' title='bbox 1422 350 1465 376; x_wconf 79' lang='grc' dir='ltr'>ὅτι</span> <span class='ocrx_word' id='word_1_220' title='bbox 1478 351 1586 385; x_wconf 82' lang='grc' dir='ltr'>Κύριος</span> <span class='ocrx_word' id='word_1_221' title='bbox 1597 349 1637 386; x_wconf 81' lang='grc' dir='ltr'>ἦν</span> <span class='ocrx_word' id='word_1_222' title='bbox 1648 352 1683 378; x_wconf 78' lang='grc' dir='ltr'>ἐν</span> <span class='ocrx_word' id='word_1_223' title='bbox 1693 352 1774 387; x_wconf 75' lang='grc' dir='ltr'>ἡμῖν.</span> <span class='ocrx_word' id='word_1_224' title='bbox 1797 353 1892 381; x_wconf 65' lang='grc' dir='ltr'>Τοιοῢα</span> 
     </span>
    </p>
   </div>
   <div class='ocr_carea' id='block_1_34' title="bbox 1106 391 1892 433">
    <p class='ocr_par' dir='ltr' id='par_1_34' title="bbox 1106 391 1892 433">
     <span class='ocr_line' id='line_1_34' title="bbox 1106 391 1892 433; baseline 0.009 -14"><span class='ocrx_word' id='word_1_225' title='bbox 1106 401 1151 425; x_wconf 84' lang='grc' dir='ltr'><strong>τος</strong></span> <span class='ocrx_word' id='word_1_226' title='bbox 1165 391 1198 429; x_wconf 85' lang='grc' dir='ltr'>ἦν</span> <span class='ocrx_word' id='word_1_227' title='bbox 1215 395 1229 420; x_wconf 91' lang='lat'><strong>6</strong></span> <span class='ocrx_word' id='word_1_228' title='bbox 1248 394 1299 421; x_wconf 81' lang='grc' dir='ltr'>ὑπὸ</span> <span class='ocrx_word' id='word_1_229' title='bbox 1322 396 1460 427; x_wconf 79' lang='grc' dir='ltr'>Μωῦσέως</span> <span class='ocrx_word' id='word_1_230' title='bbox 1478 396 1623 431; x_wconf 86' lang='grc' dir='ltr'>γενόμενος</span> <span class='ocrx_word' id='word_1_231' title='bbox 1651 397 1768 433; x_wconf 84' lang='grc' dir='ltr'>Ἰσραὴλ,</span> <span class='ocrx_word' id='word_1_232' title='bbox 1788 395 1810 433; x_wconf 78' lang='grc' dir='ltr'>ᾧ</span> <span class='ocrx_word' id='word_1_233' title='bbox 1833 399 1892 426; x_wconf 74' lang='grc' dir='ltr'>ἐλέ-</span> 
     </span>
    </p>
   </div>
   <div class='ocr_carea' id='block_1_35' title="bbox 1105 439 1891 477">
    <p class='ocr_par' dir='ltr' id='par_1_35' title="bbox 1105 439 1891 477">
     <span class='ocr_line' id='line_1_35' title="bbox 1105 439 1891 477; baseline 0.009 -12"><span class='ocrx_word' id='word_1_234' title='bbox 1105 448 1167 474; x_wconf 85' lang='grc' dir='ltr'>γετο</span> <span class='ocrx_word' id='word_1_235' title='bbox 1177 447 1183 454; x_wconf 87' lang='grc'><strong>·</strong></span> <span class='ocrx_word' id='word_1_236' title='bbox 1199 439 1306 471; x_wconf 83' lang='grc' dir='ltr'><strong>Σιώπα,</strong></span> <span class='ocrx_word' id='word_1_237' title='bbox 1319 441 1367 467; x_wconf 77' lang='grc' dir='ltr'>καὶ</span> <span class='ocrx_word' id='word_1_238' title='bbox 1381 440 1482 473; x_wconf 80' lang='grc' dir='ltr'>ἄκουε,</span> <span class='ocrx_word' id='word_1_239' title='bbox 1504 441 1637 476; x_wconf 75' lang='grc' dir='ltr'>Ἰσραήλ·</span> <span class='ocrx_word' id='word_1_240' title='bbox 1653 443 1702 469; x_wconf 75' lang='grc' dir='ltr'>καὶ</span> <span class='ocrx_word' id='word_1_241' title='bbox 1715 444 1824 477; x_wconf 77' lang='grc' dir='ltr'>Κύριος</span> <span class='ocrx_word' id='word_1_242' title='bbox 1836 451 1891 472; x_wconf 82' lang='grc' dir='ltr'>πο-</span> 
     </span>
    </p>
   </div>
   <div class='ocr_carea' id='block_1_36' title="bbox 1105 483 1784 522">
    <p class='ocr_par' dir='ltr' id='par_1_36' title="bbox 1105 483 1784 522">
     <span class='ocr_line' id='line_1_36' title="bbox 1105 483 1784 522; baseline 0.007 -11"><span class='ocrx_word' id='word_1_243' title='bbox 1105 483 1229 519; x_wconf 81' lang='grc' dir='ltr'>λεμήσει</span> <span class='ocrx_word' id='word_1_244' title='bbox 1245 484 1321 519; x_wconf 76' lang='grc' dir='ltr'>ὑπὲρ</span> <span class='ocrx_word' id='word_1_245' title='bbox 1334 485 1427 520; x_wconf 79' lang='grc' dir='ltr'>ὑμῶν,</span> <span class='ocrx_word' id='word_1_246' title='bbox 1445 486 1495 513; x_wconf 74' lang='grc' dir='ltr'>καὶ</span> <span class='ocrx_word' id='word_1_247' title='bbox 1509 486 1594 521; x_wconf 83' lang='grc' dir='ltr'><strong>ὑμεῖς</strong></span> <span class='ocrx_word' id='word_1_248' title='bbox 1608 487 1784 522; x_wconf 73' lang='grc' dir='ltr'>σιγήσεσθε.</span> 
     </span>
    </p>
   </div>
   <div class='ocr_carea' id='block_1_37' title="bbox 1248 574 1747 612">
    <p class='ocr_par' dir='ltr' id='par_1_37' title="bbox 1248 574 1747 612">
     <span class='ocr_line' id='line_1_37' title="bbox 1248 574 1747 612; baseline 0.006 -10"><span class='ocrx_word' id='word_1_249' title='bbox 1248 576 1316 609; x_wconf 81' lang='grc' dir='ltr'>Ἀριι</span> <span class='ocrx_word' id='word_1_250' title='bbox 1331 574 1441 609; x_wconf 73' lang='grc' dir='ltr'>ζῶντας</span> <span class='ocrx_word' id='word_1_251' title='bbox 1453 576 1492 603; x_wconf 84' lang='grc' dir='ltr'>ἂν</span> <span class='ocrx_word' id='word_1_252' title='bbox 1503 577 1644 604; x_wconf 81' lang='grc' dir='ltr'><em>κατέπιον</em></span> <span class='ocrx_word' id='word_1_253' title='bbox 1659 577 1747 612; x_wconf 79' lang='grc' dir='ltr'>ἡμᾶς.</span> 
     </span>
    </p>
   </div>
   <div class='ocr_carea' id='block_1_38' title="bbox 1139 620 1886 660">
    <p class='ocr_par' dir='ltr' id='par_1_38' title="bbox 1139 620 1886 660">
     <span class='ocr_line' id='line_1_38' title="bbox 1139 620 1886 660; baseline 0.005 -14"><span class='ocrx_word' id='word_1_254' title='bbox 1139 620 1194 646; x_wconf 78' lang='grc' dir='ltr'><strong>Καὶ</strong></span> <span class='ocrx_word' id='word_1_255' title='bbox 1219 620 1232 646; x_wconf 99' lang='lat'><strong>6</strong></span> <span class='ocrx_word' id='word_1_256' title='bbox 1252 621 1443 656; x_wconf 78' lang='grc' dir='ltr'>περιστατικδς</span> <span class='ocrx_word' id='word_1_257' title='bbox 1463 621 1491 648; x_wconf 82' lang='grc' dir='ltr'>δὲ</span> <span class='ocrx_word' id='word_1_258' title='bbox 1514 622 1618 657; x_wconf 81' lang='grc' dir='ltr'>καιρὸς,</span> <span class='ocrx_word' id='word_1_259' title='bbox 1644 623 1669 649; x_wconf 79' lang='grc' dir='ltr'>εἰ</span> <span class='ocrx_word' id='word_1_260' title='bbox 1691 623 1737 650; x_wconf 80' lang='grc' dir='ltr'>καὶ</span> <span class='ocrx_word' id='word_1_261' title='bbox 1763 622 1886 660; x_wconf 81' lang='grc' dir='ltr'>σφοδρὸς,</span> 
     </span>
    </p>
   </div>
   <div class='ocr_carea' id='block_1_39' title="bbox 1104 666 1634 704">
    <p class='ocr_par' dir='ltr' id='par_1_39' title="bbox 1104 666 1634 704">
     <span class='ocr_line' id='line_1_39' title="bbox 1104 666 1634 704; baseline 0.006 -11"><span class='ocrx_word' id='word_1_262' title='bbox 1104 666 1172 693; x_wconf 82' lang='grc' dir='ltr'>ἀλλὰ</span> <span class='ocrx_word' id='word_1_263' title='bbox 1186 667 1335 703; x_wconf 68' lang='grc' dir='ltr'>χειμάρρου</span> <span class='ocrx_word' id='word_1_264' title='bbox 1352 667 1428 704; x_wconf 84' lang='grc' dir='ltr'>δίκην</span> <span class='ocrx_word' id='word_1_265' title='bbox 1447 668 1634 704; x_wconf 79' lang='grc' dir='ltr'>ὀλιγοχρόνιος.</span> 
     </span>
    </p>
   </div>
   <div class='ocr_carea' id='block_1_40' title="bbox 1281 713 1709 748">
    <p class='ocr_par' dir='ltr' id='par_1_40' title="bbox 1281 713 1709 748">
     <span class='ocr_line' id='line_1_40' title="bbox 1281 713 1709 748; baseline 0.005 -8"><span class='ocrx_word' id='word_1_266' title='bbox 1281 713 1454 748; x_wconf 78' lang='grc' dir='ltr'><strong>Εὐλογητὸς</strong></span> <span class='ocrx_word' id='word_1_267' title='bbox 1466 715 1583 748; x_wconf 86' lang='grc' dir='ltr'>Κύριος,</span> <span class='ocrx_word' id='word_1_268' title='bbox 1603 723 1630 742; x_wconf 84' lang='grc' dir='ltr'>κ.</span> <span class='ocrx_word' id='word_1_269' title='bbox 1642 723 1668 741; x_wconf 83' lang='grc' dir='ltr'>τ.</span> <span class='ocrx_word' id='word_1_270' title='bbox 1685 715 1709 742; x_wconf 90' lang='grc' dir='ltr'><strong>λ.</strong></span> 
     </span>
    </p>
   </div>
   <div class='ocr_carea' id='block_1_41' title="bbox 1139 757 1887 798">
    <p class='ocr_par' dir='ltr' id='par_1_41' title="bbox 1139 757 1887 798">
     <span class='ocr_line' id='line_1_41' title="bbox 1139 757 1887 798; baseline 0.008 -15"><span class='ocrx_word' id='word_1_271' title='bbox 1139 757 1193 784; x_wconf 74' lang='grc' dir='ltr'><strong>Καὶ</strong></span> <span class='ocrx_word' id='word_1_272' title='bbox 1202 758 1262 784; x_wconf 86' lang='grc' dir='ltr'>τίνα</span> <span class='ocrx_word' id='word_1_273' title='bbox 1277 759 1397 793; x_wconf 80' lang='grc' dir='ltr'><strong>εὐλογεῖν</strong></span> <span class='ocrx_word' id='word_1_274' title='bbox 1414 760 1461 786; x_wconf 75' lang='grc' dir='ltr'>καὶ</span> <span class='ocrx_word' id='word_1_275' title='bbox 1474 759 1567 795; x_wconf 85' lang='grc' dir='ltr'><strong>ὑμνεῖν</strong></span> <span class='ocrx_word' id='word_1_276' title='bbox 1584 760 1637 786; x_wconf 77' lang='grc' dir='ltr'>ἔδει</span> <span class='ocrx_word' id='word_1_277' title='bbox 1657 761 1703 787; x_wconf 77' lang='grc' dir='ltr'><strong>ἐπὶ</strong></span> <span class='ocrx_word' id='word_1_278' title='bbox 1714 761 1752 796; x_wconf 86' lang='grc' dir='ltr'>τῷ</span> <span class='ocrx_word' id='word_1_279' title='bbox 1765 762 1803 798; x_wconf 85' lang='grc' dir='ltr'>μὴ</span> <span class='ocrx_word' id='word_1_280' title='bbox 1817 762 1887 789; x_wconf 84' lang='grc' dir='ltr'><strong>ἁλῶ-</strong></span> 
     </span>
    </p>
   </div>
   <div class='ocr_carea' id='block_1_42' title="bbox 1102 804 1885 843">
    <p class='ocr_par' dir='ltr' id='par_1_42' title="bbox 1102 804 1885 843">
     <span class='ocr_line' id='line_1_42' title="bbox 1102 804 1885 843; baseline 0.009 -14"><span class='ocrx_word' id='word_1_281' title='bbox 1102 812 1145 830; x_wconf 92' lang='grc' dir='ltr'><strong>ναι</strong></span> <span class='ocrx_word' id='word_1_282' title='bbox 1164 805 1220 836; x_wconf 86' lang='grc' dir='ltr'>τοῖς</span> <span class='ocrx_word' id='word_1_283' title='bbox 1250 804 1422 840; x_wconf 79' lang='grc' dir='ltr'>βουλομένοις</span> <span class='ocrx_word' id='word_1_284' title='bbox 1445 805 1549 838; x_wconf 81' lang='grc' dir='ltr'>ζῶντας</span> <span class='ocrx_word' id='word_1_285' title='bbox 1568 809 1710 834; x_wconf 84' lang='grc' dir='ltr'>καταπιεῖν</span> <span class='ocrx_word' id='word_1_286' title='bbox 1735 808 1808 843; x_wconf 80' lang='grc' dir='ltr'>ἡμᾶς</span> <span class='ocrx_word' id='word_1_287' title='bbox 1837 809 1885 836; x_wconf 81' lang='grc' dir='ltr'><strong>ἀν-</strong></span> 
     </span>
    </p>
   </div>
   <div class='ocr_carea' id='block_1_43' title="bbox 1102 844 1886 888">
    <p class='ocr_par' dir='ltr' id='par_1_43' title="bbox 1102 844 1886 888">
     <span class='ocr_line' id='line_1_43' title="bbox 1102 844 1886 888; baseline 0.008 -13"><span class='ocrx_word' id='word_1_288' title='bbox 1102 849 1230 885; x_wconf 82' lang='grc' dir='ltr'>θρώποις,</span> <span class='ocrx_word' id='word_1_289' title='bbox 1247 850 1262 885; x_wconf 82' lang='grc' dir='ltr'>ἢ</span> <span class='ocrx_word' id='word_1_290' title='bbox 1278 851 1322 877; x_wconf 79' lang='grc' dir='ltr'><strong>τὸν</strong></span> <span class='ocrx_word' id='word_1_291' title='bbox 1343 851 1444 887; x_wconf 77' lang='grc' dir='ltr'>Κύριον</span> <span class='ocrx_word' id='word_1_292' title='bbox 1459 852 1504 878; x_wconf 78' lang='grc' dir='ltr'><strong>τὸν</strong></span> <span class='ocrx_word' id='word_1_293' title='bbox 1518 844 1581 878; x_wconf 73' lang='grc' dir='ltr'>ὄντα</span> <span class='ocrx_word' id='word_1_294' title='bbox 1593 853 1622 879; x_wconf 80' lang='grc' dir='ltr'>ὲν</span> <span class='ocrx_word' id='word_1_295' title='bbox 1638 853 1720 888; x_wconf 82' lang='grc' dir='ltr'>ήμῖν;</span> <span class='ocrx_word' id='word_1_296' title='bbox 1738 855 1769 880; x_wconf 86' lang='grc' dir='ltr'><strong>οι</strong></span> <span class='ocrx_word' id='word_1_297' title='bbox 1789 854 1834 880; x_wconf 77' lang='grc' dir='ltr'>ἐπὶ</span> <span class='ocrx_word' id='word_1_298' title='bbox 1855 854 1886 881; x_wconf 82' lang='lat'><strong>16</strong></span> 
     </span>
    </p>
   </div>
   <div class='ocr_carea' id='block_1_44' title="bbox 1103 895 1883 934">
    <p class='ocr_par' dir='ltr' id='par_1_44' title="bbox 1103 895 1883 934">
     <span class='ocr_line' id='line_1_44' title="bbox 1103 895 1883 934; baseline 0.008 -14"><span class='ocrx_word' id='word_1_299' title='bbox 1103 895 1232 930; x_wconf 82' lang='grc' dir='ltr'>Θηρεῦσαι</span> <span class='ocrx_word' id='word_1_300' title='bbox 1247 896 1319 930; x_wconf 79' lang='grc' dir='ltr'>ἡμᾶς</span> <span class='ocrx_word' id='word_1_301' title='bbox 1333 896 1513 932; x_wconf 77' lang='grc' dir='ltr'>ὁρμήσαντες,</span> <span class='ocrx_word' id='word_1_302' title='bbox 1530 898 1572 924; x_wconf 79' lang='grc' dir='ltr'><strong>ἵνα</strong></span> <span class='ocrx_word' id='word_1_303' title='bbox 1592 899 1783 933; x_wconf 81' lang='grc' dir='ltr'>καταφάγωσιν</span> <span class='ocrx_word' id='word_1_304' title='bbox 1801 899 1883 934; x_wconf 73' lang='grc' dir='ltr'>ἡμᾶς,</span> 
     </span>
    </p>
   </div>
   <div class='ocr_carea' id='block_1_45' title="bbox 1101 940 1886 980">
    <p class='ocr_par' dir='ltr' id='par_1_45' title="bbox 1101 940 1886 980">
     <span class='ocr_line' id='line_1_45' title="bbox 1101 940 1886 980; baseline 0.006 -14"><span class='ocrx_word' id='word_1_305' title='bbox 1101 941 1131 966; x_wconf 81' lang='grc' dir='ltr'>οὺ</span> <span class='ocrx_word' id='word_1_306' title='bbox 1151 940 1305 976; x_wconf 77' lang='grc' dir='ltr'>δεδύνηνται</span> <span class='ocrx_word' id='word_1_307' title='bbox 1322 941 1359 973; x_wconf 78' lang='grc' dir='ltr'>ὡς</span> <span class='ocrx_word' id='word_1_308' title='bbox 1373 942 1501 969; x_wconf 85' lang='grc' dir='ltr'><strong>ἔσπευδον</strong></span> <span class='ocrx_word' id='word_1_309' title='bbox 1524 943 1669 970; x_wconf 84' lang='grc' dir='ltr'>διαθεῖναι·</span> <span class='ocrx_word' id='word_1_310' title='bbox 1691 943 1886 980; x_wconf 79' lang='grc' dir='ltr'>ὲξηγριωμὲνοι</span> 
     </span>
    </p>
   </div>
   <div class='ocr_carea' id='block_1_46' title="bbox 1102 986 1884 1025">
    <p class='ocr_par' dir='ltr' id='par_1_46' title="bbox 1102 986 1884 1025">
     <span class='ocr_line' id='line_1_46' title="bbox 1102 986 1884 1025; baseline 0.005 -13"><span class='ocrx_word' id='word_1_311' title='bbox 1102 987 1155 1023; x_wconf 84' lang='grc' dir='ltr'>γὰρ</span> <span class='ocrx_word' id='word_1_312' title='bbox 1171 987 1195 1013; x_wconf 88' lang='grc' dir='ltr'>οἱ</span> <span class='ocrx_word' id='word_1_313' title='bbox 1207 986 1347 1022; x_wconf 83' lang='grc' dir='ltr'>ὼμόθυμοι</span> <span class='ocrx_word' id='word_1_314' title='bbox 1366 988 1470 1020; x_wconf 78' lang='grc' dir='ltr'>λέοντες</span> <span class='ocrx_word' id='word_1_315' title='bbox 1484 989 1540 1021; x_wconf 87' lang='grc' dir='ltr'>τοῖς</span> <span class='ocrx_word' id='word_1_316' title='bbox 1556 988 1660 1015; x_wconf 76' lang='grc' dir='ltr'><strong>ὀδοῦσιν</strong></span> <span class='ocrx_word' id='word_1_317' title='bbox 1678 989 1766 1016; x_wconf 78' lang='grc' dir='ltr'>αὐτῶν</span> <span class='ocrx_word' id='word_1_318' title='bbox 1785 989 1884 1025; x_wconf 83' lang='grc' dir='ltr'>θηρεῦ-</span> 
     </span>
    </p>
   </div>
   <div class='ocr_carea' id='block_1_47' title="bbox 1101 1032 1883 1070">
    <p class='ocr_par' dir='ltr' id='par_1_47' title="bbox 1101 1032 1883 1070">
     <span class='ocr_line' id='line_1_47' title="bbox 1101 1032 1883 1070; baseline 0.004 -12"><span class='ocrx_word' id='word_1_319' title='bbox 1101 1040 1146 1058; x_wconf 86' lang='grc' dir='ltr'><strong>σαι</strong></span> <span class='ocrx_word' id='word_1_320' title='bbox 1163 1034 1236 1068; x_wconf 76' lang='grc' dir='ltr'>ἡμᾶς</span> <span class='ocrx_word' id='word_1_321' title='bbox 1255 1032 1405 1068; x_wconf 82' lang='grc' dir='ltr'>ὲγλίχοντο·</span> <span class='ocrx_word' id='word_1_322' title='bbox 1430 1033 1487 1060; x_wconf 75' lang='grc' dir='ltr'>ἀλλ’</span> <span class='ocrx_word' id='word_1_323' title='bbox 1506 1035 1556 1060; x_wconf 84' lang='grc' dir='ltr'><strong>οὐκ</strong></span> <span class='ocrx_word' id='word_1_324' title='bbox 1577 1035 1708 1070; x_wconf 67' lang='grc' dir='ltr'>επέτυχον</span> <span class='ocrx_word' id='word_1_325' title='bbox 1731 1034 1777 1061; x_wconf 78' lang='grc' dir='ltr'>τοῦ</span> <span class='ocrx_word' id='word_1_326' title='bbox 1799 1043 1883 1061; x_wconf 76' lang='grc' dir='ltr'>σπον-</span> 
     </span>
    </p>
   </div>
   <div class='ocr_carea' id='block_1_48' title="bbox 1100 1078 1883 1116">
    <p class='ocr_par' dir='ltr' id='par_1_48' title="bbox 1100 1078 1883 1116">
     <span class='ocr_line' id='line_1_48' title="bbox 1100 1078 1883 1116; baseline 0.003 -11"><span class='ocrx_word' id='word_1_327' title='bbox 1100 1078 1258 1114; x_wconf 76' lang='grc' dir='ltr'>δαζομένου,</span> <span class='ocrx_word' id='word_1_328' title='bbox 1279 1079 1315 1114; x_wconf 84' lang='grc' dir='ltr'><strong>μὴ</strong></span> <span class='ocrx_word' id='word_1_329' title='bbox 1336 1079 1425 1111; x_wconf 80' lang='grc' dir='ltr'>δόντος</span> <span class='ocrx_word' id='word_1_330' title='bbox 1442 1080 1516 1115; x_wconf 84' lang='grc' dir='ltr'>ἡμᾶς</span> <span class='ocrx_word' id='word_1_331' title='bbox 1535 1079 1583 1106; x_wconf 83' lang='grc' dir='ltr'>τοῦ</span> <span class='ocrx_word' id='word_1_332' title='bbox 1600 1080 1701 1116; x_wconf 81' lang='grc' dir='ltr'>Κυρίου</span> <span class='ocrx_word' id='word_1_333' title='bbox 1713 1089 1719 1095; x_wconf 91' lang='grc'><strong>·</strong></span> <span class='ocrx_word' id='word_1_334' title='bbox 1732 1080 1761 1106; x_wconf 84' lang='grc' dir='ltr'>ὃν</span> <span class='ocrx_word' id='word_1_335' title='bbox 1776 1080 1822 1107; x_wconf 70' lang='grc' dir='ltr'><strong>καὶ</strong></span> <span class='ocrx_word' id='word_1_336' title='bbox 1836 1081 1883 1107; x_wconf 85' lang='grc' dir='ltr'>εὑ-</span> 
     </span>
    </p>
   </div>
   <div class='ocr_carea' id='block_1_49' title="bbox 1101 1124 1883 1160">
    <p class='ocr_par' dir='ltr' id='par_1_49' title="bbox 1101 1124 1883 1160">
     <span class='ocr_line' id='line_1_49' title="bbox 1101 1124 1883 1160; baseline 0.001 -10"><span class='ocrx_word' id='word_1_337' title='bbox 1101 1124 1231 1159; x_wconf 78' lang='grc' dir='ltr'>λογοῦμεν</span> <span class='ocrx_word' id='word_1_338' title='bbox 1257 1125 1408 1159; x_wconf 79' lang='grc' dir='ltr'>ῥυσάμενον</span> <span class='ocrx_word' id='word_1_339' title='bbox 1431 1125 1504 1160; x_wconf 78' lang='grc' dir='ltr'>ἡμᾶς</span> <span class='ocrx_word' id='word_1_340' title='bbox 1527 1125 1580 1151; x_wconf 84' lang='grc' dir='ltr'>ἀπὸ</span> <span class='ocrx_word' id='word_1_341' title='bbox 1603 1125 1655 1151; x_wconf 86' lang='grc' dir='ltr'><strong>τῶν</strong></span> <span class='ocrx_word' id='word_1_342' title='bbox 1683 1125 1799 1159; x_wconf 82' lang='grc' dir='ltr'>φονικῶν</span> <span class='ocrx_word' id='word_1_343' title='bbox 1823 1125 1883 1152; x_wconf 85' lang='grc' dir='ltr'>καθ’</span> 
     </span>
    </p>
   </div>
   <div class='ocr_carea' id='block_1_50' title="bbox 1101 1169 1704 1204">
    <p class='ocr_par' dir='ltr' id='par_1_50' title="bbox 1101 1169 1704 1204">
     <span class='ocr_line' id='line_1_50' title="bbox 1101 1169 1704 1204; baseline 0.01 -11"><span class='ocrx_word' id='word_1_344' title='bbox 1101 1169 1177 1204; x_wconf 82' lang='grc' dir='ltr'>ἡμῶν</span> <span class='ocrx_word' id='word_1_345' title='bbox 1189 1169 1375 1196; x_wconf 80' lang='grc' dir='ltr'>διατεθέντων.</span> <span class='ocrx_word' id='word_1_346' title='bbox 1699 1172 1704 1178; x_wconf 94' lang='grc'><strong>”</strong></span> 
     </span>
    </p>
   </div>
   <div class='ocr_carea' id='block_1_51' title="bbox 1364 1216 1606 1243">
    <p class='ocr_par' dir='ltr' id='par_1_51' title="bbox 1364 1216 1606 1243">
     <span class='ocr_line' id='line_1_51' title="bbox 1364 1216 1606 1243; baseline 0 -1"><span class='ocrx_word' id='word_1_347' title='bbox 1364 1216 1509 1242; x_wconf 81' lang='grc' dir='ltr'><strong>ΨΔΛΜΟΣ</strong></span> <span class='ocrx_word' id='word_1_348' title='bbox 1523 1217 1606 1243; x_wconf 82' lang='grc' dir='ltr'><strong>ΡΚΔ¹.</strong></span> 
     </span>
    </p>
   </div>
   <div class='ocr_carea' id='block_1_52' title="bbox 1337 1262 1639 1296">
    <p class='ocr_par' dir='ltr' id='par_1_52' title="bbox 1337 1262 1639 1296">
     <span class='ocr_line' id='line_1_52' title="bbox 1337 1262 1639 1296; baseline 0.003 -8"><span class='ocrx_word' id='word_1_349' title='bbox 1337 1262 1407 1296; x_wconf 79' lang='grc' dir='ltr'>ὀρη</span> <span class='ocrx_word' id='word_1_350' title='bbox 1423 1262 1523 1294; x_wconf 75' lang='grc' dir='ltr'>κύκλῳ</span> <span class='ocrx_word' id='word_1_351' title='bbox 1535 1262 1639 1296; x_wconf 82' lang='grc' dir='ltr'>αὐτῆς.</span> 
     </span>
    </p>
   </div>
   <div class='ocr_carea' id='block_1_53' title="bbox 1134 1307 1883 1344">
    <p class='ocr_par' dir='ltr' id='par_1_53' title="bbox 1134 1307 1883 1344">
     <span class='ocr_line' id='line_1_53' title="bbox 1134 1307 1883 1344; baseline 0.004 -11"><span class='ocrx_word' id='word_1_352' title='bbox 1134 1307 1226 1334; x_wconf 78' lang='grc' dir='ltr'>Ταῦτά</span> <span class='ocrx_word' id='word_1_353' title='bbox 1247 1316 1329 1342; x_wconf 84' lang='grc' dir='ltr'>φασιν</span> <span class='ocrx_word' id='word_1_354' title='bbox 1352 1308 1376 1334; x_wconf 90' lang='grc' dir='ltr'>οῑ</span> <span class='ocrx_word' id='word_1_355' title='bbox 1399 1307 1470 1342; x_wconf 77' lang='grc' dir='ltr'>μετὰ</span> <span class='ocrx_word' id='word_1_356' title='bbox 1492 1308 1541 1344; x_wconf 84' lang='grc' dir='ltr'>τὴν</span> <span class='ocrx_word' id='word_1_357' title='bbox 1560 1307 1668 1344; x_wconf 78' lang='grc' dir='ltr'>μακρὰν</span> <span class='ocrx_word' id='word_1_358' title='bbox 1691 1309 1883 1341; x_wconf 77' lang='grc' dir='ltr'>ἐπανελθόντες</span> 
     </span>
    </p>
   </div>
   <div class='ocr_carea' id='block_1_54' title="bbox 1097 1353 1882 1391">
    <p class='ocr_par' dir='ltr' id='par_1_54' title="bbox 1097 1353 1882 1391">
     <span class='ocr_line' id='line_1_54' title="bbox 1097 1353 1882 1391; baseline 0.004 -12"><span class='ocrx_word' id='word_1_359' title='bbox 1097 1353 1250 1388; x_wconf 78' lang='grc' dir='ltr'>ὁδοιπορίαν</span> <span class='ocrx_word' id='word_1_360' title='bbox 1274 1354 1319 1380; x_wconf 77' lang='grc' dir='ltr'>ἐπὶ</span> <span class='ocrx_word' id='word_1_361' title='bbox 1334 1353 1383 1390; x_wconf 86' lang='grc' dir='ltr'>τὴν</span> <span class='ocrx_word' id='word_1_362' title='bbox 1403 1353 1535 1389; x_wconf 69' lang='grc' dir='ltr'>αἰσθητὴν</span> <span class='ocrx_word' id='word_1_363' title='bbox 1564 1354 1752 1390; x_wconf 83' lang='grc' dir='ltr'>Ἰερουσαλὴμ,</span> <span class='ocrx_word' id='word_1_364' title='bbox 1775 1355 1813 1387; x_wconf 84' lang='grc' dir='ltr'>ὡς</span> <span class='ocrx_word' id='word_1_365' title='bbox 1830 1355 1882 1391; x_wconf 76' lang='grc' dir='ltr'><strong>ήδη</strong></span> 
     </span>
    </p>
   </div>
   <div class='ocr_carea' id='block_1_55' title="bbox 1098 1398 1881 1436">
    <p class='ocr_par' dir='ltr' id='par_1_55' title="bbox 1098 1398 1881 1436">
     <span class='ocr_line' id='line_1_55' title="bbox 1098 1398 1881 1436; baseline 0.004 -12"><span class='ocrx_word' id='word_1_366' title='bbox 1098 1398 1189 1424; x_wconf 74' lang='grc' dir='ltr'>λοιπὸν</span> <span class='ocrx_word' id='word_1_367' title='bbox 1211 1399 1240 1425; x_wconf 82' lang='grc' dir='ltr'>ἐν</span> <span class='ocrx_word' id='word_1_368' title='bbox 1256 1399 1389 1435; x_wconf 80' lang='grc' dir='ltr'><strong>ἀσφαλείᾳ</strong></span> <span class='ocrx_word' id='word_1_369' title='bbox 1413 1400 1563 1434; x_wconf 85' lang='grc' dir='ltr'>γενόμενοι,</span> <span class='ocrx_word' id='word_1_370' title='bbox 1578 1400 1609 1426; x_wconf 83' lang='grc' dir='ltr'>οὐ</span> <span class='ocrx_word' id='word_1_371' title='bbox 1634 1400 1672 1436; x_wconf 84' lang='grc' dir='ltr'><strong>τῷ</strong></span> <span class='ocrx_word' id='word_1_372' title='bbox 1693 1402 1778 1435; x_wconf 75' lang='grc' dir='ltr'>τόπῳ,</span> <span class='ocrx_word' id='word_1_373' title='bbox 1797 1402 1830 1436; x_wconf 85' lang='grc' dir='ltr'>τῇ</span> <span class='ocrx_word' id='word_1_374' title='bbox 1853 1401 1881 1427; x_wconf 80' lang='grc' dir='ltr'><strong>δὲ</strong></span> 
     </span>
    </p>
   </div>
   <div class='ocr_carea' id='block_1_56' title="bbox 1098 1444 1881 1483">
    <p class='ocr_par' dir='ltr' id='par_1_56' title="bbox 1098 1444 1881 1483">
     <span class='ocr_line' id='line_1_56' title="bbox 1098 1444 1881 1483; baseline 0.004 -13"><span class='ocrx_word' id='word_1_375' title='bbox 1098 1444 1257 1480; x_wconf 76' lang='grc' dir='ltr'>πεποιθήσει</span> <span class='ocrx_word' id='word_1_376' title='bbox 1280 1444 1327 1471; x_wconf 82' lang='grc' dir='ltr'>τοῦ</span> <span class='ocrx_word' id='word_1_377' title='bbox 1348 1445 1450 1481; x_wconf 78' lang='grc' dir='ltr'>Κυρίου</span> <span class='ocrx_word' id='word_1_378' title='bbox 1478 1445 1651 1481; x_wconf 71' lang='grc' dir='ltr'>θαρροῦντες·</span> <span class='ocrx_word' id='word_1_379' title='bbox 1675 1446 1741 1482; x_wconf 36' lang='grc' dir='ltr'><strong>δεδὴ</strong></span> <span class='ocrx_word' id='word_1_380' title='bbox 1759 1448 1881 1483; x_wconf 80' lang='grc' dir='ltr'>κρεῖττον</span> 
     </span>
    </p>
   </div>
   <div class='ocr_carea' id='block_1_57' title="bbox 1096 1491 1880 1528">
    <p class='ocr_par' dir='ltr' id='par_1_57' title="bbox 1096 1491 1880 1528">
     <span class='ocr_line' id='line_1_57' title="bbox 1096 1491 1880 1528; baseline 0.004 -11"><span class='ocrx_word' id='word_1_381' title='bbox 1096 1491 1143 1517; x_wconf 80' lang='grc' dir='ltr'>τοῦ</span> <span class='ocrx_word' id='word_1_382' title='bbox 1157 1493 1292 1518; x_wconf 85' lang='grc' dir='ltr'>κατοικεῖν</span> <span class='ocrx_word' id='word_1_383' title='bbox 1318 1493 1510 1528; x_wconf 80' lang='grc' dir='ltr'>Ἰερουσαλήμ·</span> <span class='ocrx_word' id='word_1_384' title='bbox 1529 1493 1576 1519; x_wconf 62' lang='grc' dir='ltr'><strong>καλ¹</strong></span> <span class='ocrx_word' id='word_1_385' title='bbox 1595 1493 1655 1519; x_wconf 74' lang='grc' dir='ltr'>ἐπεὶ</span> <span class='ocrx_word' id='word_1_386' title='bbox 1684 1493 1763 1520; x_wconf 84' lang='grc' dir='ltr'>τοῦτο</span> <span class='ocrx_word' id='word_1_387' title='bbox 1773 1494 1811 1528; x_wconf 77' lang='lat'><strong>(5)</strong></span> <span class='ocrx_word' id='word_1_388' title='bbox 1828 1494 1880 1520; x_wconf 82' lang='grc' dir='ltr'>ποῦ</span> 
     </span>
    </p>
   </div>
   <div class='ocr_carea' id='block_1_58' title="bbox 1097 1536 1879 1575">
    <p class='ocr_par' dir='ltr' id='par_1_58' title="bbox 1097 1536 1879 1575">
     <span class='ocr_line' id='line_1_58' title="bbox 1097 1536 1879 1575; baseline 0.004 -12"><span class='ocrx_word' id='word_1_389' title='bbox 1097 1538 1228 1572; x_wconf 80' lang='grc' dir='ltr'><strong>κρείττων</strong></span> <span class='ocrx_word' id='word_1_390' title='bbox 1252 1536 1285 1574; x_wconf 84' lang='grc' dir='ltr'>ἦν</span> <span class='ocrx_word' id='word_1_391' title='bbox 1306 1539 1320 1564; x_wconf 89' lang='lat'><strong>6</strong></span> <span class='ocrx_word' id='word_1_392' title='bbox 1343 1538 1422 1571; x_wconf 79' lang='grc' dir='ltr'>λαός;</span> <span class='ocrx_word' id='word_1_393' title='bbox 1443 1538 1489 1564; x_wconf 79' lang='grc' dir='ltr'>τοῦ</span> <span class='ocrx_word' id='word_1_394' title='bbox 1515 1538 1564 1574; x_wconf 88' lang='grc' dir='ltr'>μὲν</span> <span class='ocrx_word' id='word_1_395' title='bbox 1587 1538 1670 1565; x_wconf 80' lang='grc' dir='ltr'>τόπου</span> <span class='ocrx_word' id='word_1_396' title='bbox 1696 1538 1746 1575; x_wconf 79' lang='grc' dir='ltr'><strong>ὅρη</strong></span> <span class='ocrx_word' id='word_1_397' title='bbox 1773 1539 1879 1574; x_wconf 85' lang='grc' dir='ltr'>λέγεται</span> 
     </span>
    </p>
   </div>
   <div class='ocr_carea' id='block_1_59' title="bbox 263 1582 1046 1630">
    <p class='ocr_par' dir='ltr' id='par_1_59' title="bbox 263 1582 1044 1618">
     <span class='ocr_line' id='line_1_59' title="bbox 263 1582 1044 1618; baseline 0.001 -8"><span class='ocrx_word' id='word_1_398' title='bbox 263 1583 408 1616; x_wconf 82' lang='lat' dir='ltr'><strong>dicuntur;</strong></span> <span class='ocrx_word' id='word_1_399' title='bbox 433 1583 524 1618; x_wconf 87' lang='lat' dir='ltr'><strong>populi</strong></span> <span class='ocrx_word' id='word_1_400' title='bbox 545 1587 647 1614; x_wconf 87' lang='lat' dir='ltr'><strong>autem,</strong></span> <span class='ocrx_word' id='word_1_401' title='bbox 671 1582 748 1616; x_wconf 87' lang='lat' dir='ltr'><strong>cujus</strong></span> <span class='ocrx_word' id='word_1_402' title='bbox 761 1589 843 1609; x_wconf 83' lang='lat' dir='ltr'><strong>causa</strong></span> <span class='ocrx_word' id='word_1_403' title='bbox 861 1583 944 1610; x_wconf 85' lang='lat' dir='ltr'><strong>etiam</strong></span> <span class='ocrx_word' id='word_1_404' title='bbox 968 1583 1044 1611; x_wconf 89' lang='lat' dir='ltr'><strong>locus</strong></span> 
     </span>
    </p>
   </div>
   <div class='ocr_carea' id='block_1_60' title="bbox 1097 1582 1878 1630">
    <p class='ocr_par' dir='ltr' id='par_1_60' title="bbox 1097 1585 1878 1621">
     <span class='ocr_line' id='line_1_60' title="bbox 1097 1585 1878 1621; baseline 0.001 -10"><span class='ocrx_word' id='word_1_405' title='bbox 1097 1585 1201 1620; x_wconf 85' lang='grc' dir='ltr'>κύκλῳ·</span> <span class='ocrx_word' id='word_1_406' title='bbox 1225 1585 1273 1611; x_wconf 82' lang='grc' dir='ltr'>τοῦ</span> <span class='ocrx_word' id='word_1_407' title='bbox 1289 1585 1317 1611; x_wconf 82' lang='grc' dir='ltr'><strong>δὲ</strong></span> <span class='ocrx_word' id='word_1_408' title='bbox 1338 1585 1413 1619; x_wconf 75' lang='grc' dir='ltr'>λαοῦ,</span> <span class='ocrx_word' id='word_1_409' title='bbox 1429 1585 1462 1612; x_wconf 85' lang='grc' dir='ltr'><strong>δι’</strong></span> <span class='ocrx_word' id='word_1_410' title='bbox 1479 1585 1508 1611; x_wconf 84' lang='lat' dir='ltr'><strong>6v</strong></span> <span class='ocrx_word' id='word_1_411' title='bbox 1525 1586 1572 1612; x_wconf 70' lang='grc' dir='ltr'><strong>καὶ</strong></span> <span class='ocrx_word' id='word_1_412' title='bbox 1591 1586 1604 1612; x_wconf 84' lang='lat'><strong>6</strong></span> <span class='ocrx_word' id='word_1_413' title='bbox 1624 1585 1705 1617; x_wconf 84' lang='grc' dir='ltr'>τόπος</span> <span class='ocrx_word' id='word_1_414' title='bbox 1725 1586 1878 1621; x_wconf 82' lang='grc' dir='ltr'>τετίμηται,</span> 
     </span>
    </p>
   </div>
   <div class='ocr_carea' id='block_1_61' title="bbox 257 1628 1046 1671">
    <p class='ocr_par' dir='ltr' id='par_1_61' title="bbox 257 1628 1043 1664">
     <span class='ocr_line' id='line_1_61' title="bbox 257 1628 1043 1664; baseline 0.003 -8"><span class='ocrx_word' id='word_1_415' title='bbox 257 1629 424 1661; x_wconf 80' lang='lat' dir='ltr'><strong>honoratur,</strong></span> <span class='ocrx_word' id='word_1_416' title='bbox 441 1637 502 1656; x_wconf 73' lang='lat' dir='ltr'><strong>rere</strong></span> <span class='ocrx_word' id='word_1_417' title='bbox 514 1628 589 1656; x_wconf 83' lang='lat' dir='ltr'><strong>Deus</strong></span> <span class='ocrx_word' id='word_1_418' title='bbox 602 1633 645 1656; x_wconf 86' lang='lat' dir='ltr'><strong>est</strong></span> <span class='ocrx_word' id='word_1_419' title='bbox 667 1634 769 1662; x_wconf 86' lang='lat' dir='ltr'><strong>custos,</strong></span> <span class='ocrx_word' id='word_1_420' title='bbox 783 1629 917 1664; x_wconf 86' lang='lat' dir='ltr'><strong>simulque</strong></span> <span class='ocrx_word' id='word_1_421' title='bbox 941 1629 1004 1664; x_wconf 86' lang='lat' dir='ltr'><strong>loci,</strong></span> <span class='ocrx_word' id='word_1_422' title='bbox 1021 1632 1043 1658; x_wconf 84' lang='lat' dir='ltr'><strong>si</strong></span> 
     </span>
    </p>
   </div>
   <div class='ocr_carea' id='block_1_62' title="bbox 1097 1628 1879 1671">
    <p class='ocr_par' dir='ltr' id='par_1_62' title="bbox 1097 1630 1879 1671">
     <span class='ocr_line' id='line_1_62' title="bbox 1097 1630 1879 1671; baseline 0.001 -15"><span class='ocrx_word' id='word_1_423' title='bbox 1097 1630 1178 1662; x_wconf 71' lang='grc' dir='ltr'>ὅντως</span> <span class='ocrx_word' id='word_1_424' title='bbox 1195 1631 1209 1657; x_wconf 88' lang='grc' dir='ltr'>ὀ</span> <span class='ocrx_word' id='word_1_425' title='bbox 1221 1630 1296 1662; x_wconf 78' lang='grc' dir='ltr'>Θεὸς,</span> <span class='ocrx_word' id='word_1_426' title='bbox 1316 1631 1330 1657; x_wconf 89' lang='lat'><strong>6</strong></span> <span class='ocrx_word' id='word_1_427' title='bbox 1347 1631 1394 1657; x_wconf 70' lang='grc' dir='ltr'>καὶ</span> <span class='ocrx_word' id='word_1_428' title='bbox 1408 1630 1551 1671; x_wconf 73' lang='lat' dir='ltr'><strong>16v_161&#39;:ov</strong></span> <span class='ocrx_word' id='word_1_429' title='bbox 1566 1630 1716 1665; x_wconf 76' lang='grc' dir='ltr'><strong>φυλάττων,</strong></span> <span class='ocrx_word' id='word_1_430' title='bbox 1741 1631 1785 1657; x_wconf 78' lang='grc' dir='ltr'>ὅτε</span> <span class='ocrx_word' id='word_1_431' title='bbox 1805 1631 1879 1664; x_wconf 74' lang='grc' dir='ltr'>ἄξιος</span> 
     </span>
    </p>
   </div>
   <div class='ocr_carea' id='block_1_63' title="bbox 264 1675 686 1710">
    <p class='ocr_par' dir='ltr' id='par_1_63' title="bbox 264 1675 686 1710">
     <span class='ocr_line' id='line_1_63' title="bbox 264 1675 686 1710; baseline -0.002 -8"><span class='ocrx_word' id='word_1_432' title='bbox 264 1677 342 1703; x_wconf 74' lang='lat' dir='ltr'><strong>motio</strong></span> <span class='ocrx_word' id='word_1_433' title='bbox 358 1675 469 1710; x_wconf 86' lang='lat' dir='ltr'><strong>populus</strong></span> <span class='ocrx_word' id='word_1_434' title='bbox 484 1676 580 1709; x_wconf 86' lang='lat' dir='ltr'><strong>dignus</strong></span> <span class='ocrx_word' id='word_1_435' title='bbox 596 1675 686 1702; x_wconf 80' lang='lat' dir='ltr'><strong>fuerit.</strong></span> 
     </span>
    </p>
   </div>
   <div class='ocr_carea' id='block_1_64' title="bbox 314 1720 996 1761">
    <p class='ocr_par' dir='ltr' id='par_1_64' title="bbox 314 1720 996 1761">
     <span class='ocr_line' id='line_1_64' title="bbox 314 1720 996 1761; baseline 0.001 -13"><span class='ocrx_word' id='word_1_436' title='bbox 314 1721 392 1748; x_wconf 77' lang='lat' dir='ltr'><strong>Vsus.</strong></span> <span class='ocrx_word' id='word_1_437' title='bbox 409 1721 435 1748; x_wconf 78' lang='grc'><strong>5.</strong></span> <span class='ocrx_word' id='word_1_438' title='bbox 459 1720 575 1761; x_wconf 67' lang='lat' dir='ltr'><strong>Abducet</strong></span> <span class='ocrx_word' id='word_1_439' title='bbox 596 1720 722 1760; x_wconf 66' lang='lat' dir='ltr'><strong>Dominus</strong></span> <span class='ocrx_word' id='word_1_440' title='bbox 742 1728 802 1747; x_wconf 87' lang='lat' dir='ltr'><strong>cum</strong></span> <span class='ocrx_word' id='word_1_441' title='bbox 827 1722 996 1756; x_wconf 71' lang='lat' dir='ltr'><strong>operantibus</strong></span> 
     </span>
    </p>
   </div>
   <div class='ocr_carea' id='block_1_65' title="bbox 566 1760 740 1789">
    <p class='ocr_par' dir='ltr' id='par_1_65' title="bbox 566 1760 740 1789">
     <span class='ocr_line' id='line_1_65' title="bbox 566 1760 740 1789; baseline 0 -8"><span class='ocrx_word' id='word_1_442' title='bbox 566 1760 740 1789; x_wconf 76' lang='lat' dir='ltr'><strong>iniquitatem.</strong></span> 
     </span>
    </p>
   </div>
   <div class='ocr_carea' id='block_1_66' title="bbox 301 1799 1044 1837">
    <p class='ocr_par' dir='ltr' id='par_1_66' title="bbox 301 1799 1044 1837">
     <span class='ocr_line' id='line_1_66' title="bbox 301 1799 1044 1837; baseline 0.004 -10"><span class='ocrx_word' id='word_1_443' title='bbox 301 1799 418 1828; x_wconf 82' lang='lat' dir='ltr'><strong>Verbum</strong></span> <span class='ocrx_word' id='word_1_444' title='bbox 434 1800 543 1827; x_wconf 80' lang='lat' dir='ltr'><strong>abducet</strong></span> <span class='ocrx_word' id='word_1_445' title='bbox 557 1800 602 1827; x_wconf 85' lang='lat' dir='ltr'><strong>hic</strong></span> <span class='ocrx_word' id='word_1_446' title='bbox 618 1800 753 1835; x_wconf 66' lang='lat' dir='ltr'><strong>signiﬁcat</strong></span> <span class='ocrx_word' id='word_1_447' title='bbox 771 1802 873 1834; x_wconf 82' lang='lat' dir='ltr'><strong>tradet;</strong></span> <span class='ocrx_word' id='word_1_448' title='bbox 889 1809 984 1837; x_wconf 87' lang='lat' dir='ltr'><strong>nempe</strong></span> <span class='ocrx_word' id='word_1_449' title='bbox 998 1804 1044 1831; x_wconf 83' lang='lat' dir='ltr'><strong>ab-</strong></span> 
     </span>
    </p>
   </div>
   <div class='ocr_carea' id='block_1_67' title="bbox 263 1846 1045 1883">
    <p class='ocr_par' dir='ltr' id='par_1_67' title="bbox 263 1846 1045 1883">
     <span class='ocr_line' id='line_1_67' title="bbox 263 1846 1045 1883; baseline 0.004 -11"><span class='ocrx_word' id='word_1_450' title='bbox 263 1847 342 1874; x_wconf 81' lang='lat' dir='ltr'><strong>ducet</strong></span> <span class='ocrx_word' id='word_1_451' title='bbox 357 1847 381 1874; x_wconf 93' lang='lat' dir='ltr'><strong>in</strong></span> <span class='ocrx_word' id='word_1_452' title='bbox 399 1846 598 1873; x_wconf 86' lang='lat' dir='ltr'><strong>immunditiam</strong></span> <span class='ocrx_word' id='word_1_453' title='bbox 611 1854 690 1880; x_wconf 77' lang='lat' dir='ltr'><strong>quam</strong></span> <span class='ocrx_word' id='word_1_454' title='bbox 706 1846 758 1873; x_wconf 88' lang='lat' dir='ltr'><strong>sibi</strong></span> <span class='ocrx_word' id='word_1_455' title='bbox 777 1846 925 1880; x_wconf 88' lang='lat' dir='ltr'><strong>elegerunt,</strong></span> <span class='ocrx_word' id='word_1_456' title='bbox 941 1848 967 1875; x_wconf 90' lang='lat' dir='ltr'><strong>in</strong></span> <span class='ocrx_word' id='word_1_457' title='bbox 983 1856 1045 1883; x_wconf 89' lang='lat' dir='ltr'><strong>pas-</strong></span> 
     </span>
    </p>
   </div>
   <div class='ocr_carea' id='block_1_68' title="bbox 261 1893 1045 1930">
    <p class='ocr_par' dir='ltr' id='par_1_68' title="bbox 261 1893 1045 1930">
     <span class='ocr_line' id='line_1_68' title="bbox 261 1893 1045 1930; baseline 0.004 -10"><span class='ocrx_word' id='word_1_458' title='bbox 261 1894 350 1921; x_wconf 83' lang='lat' dir='ltr'><strong>siones</strong></span> <span class='ocrx_word' id='word_1_459' title='bbox 372 1893 527 1928; x_wconf 71' lang='lat' dir='ltr'><strong>ignominiae</strong></span> <span class='ocrx_word' id='word_1_460' title='bbox 544 1893 741 1928; x_wconf 83' lang='lat' dir='ltr'><strong>reprobamque</strong></span> <span class='ocrx_word' id='word_1_461' title='bbox 762 1898 895 1926; x_wconf 85' lang='lat' dir='ltr'><strong>mentem,</strong></span> <span class='ocrx_word' id='word_1_462' title='bbox 912 1899 942 1921; x_wconf 84' lang='lat' dir='ltr'><strong>ut</strong></span> <span class='ocrx_word' id='word_1_463' title='bbox 963 1900 1045 1930; x_wconf 81' lang='lat' dir='ltr'><strong>agant</strong></span> 
     </span>
    </p>
   </div>
   <div class='ocr_carea' id='block_1_69' title="bbox 261 1942 575 1976">
    <p class='ocr_par' dir='ltr' id='par_1_69' title="bbox 261 1942 575 1976">
     <span class='ocr_line' id='line_1_69' title="bbox 261 1942 575 1976; baseline 0 -8"><span class='ocrx_word' id='word_1_464' title='bbox 261 1949 319 1976; x_wconf 74' lang='lat' dir='ltr'><strong>qua:</strong></span> <span class='ocrx_word' id='word_1_465' title='bbox 335 1942 445 1968; x_wconf 84' lang='lat' dir='ltr'><strong>minime</strong></span> <span class='ocrx_word' id='word_1_466' title='bbox 458 1946 575 1976; x_wconf 89' lang='lat' dir='ltr'><strong>oportet.</strong></span> 
     </span>
    </p>
   </div>
   <div class='ocr_carea' id='block_1_70' title="bbox 507 1987 796 2015">
    <p class='ocr_par' dir='ltr' id='par_1_70' title="bbox 507 1987 796 2015">
     <span class='ocr_line' id='line_1_70' title="bbox 507 1987 796 2015; baseline 0.003 -1"><span class='ocrx_word' id='word_1_467' title='bbox 507 1987 667 2015; x_wconf 73' lang='lat' dir='ltr'><strong>PSALMUS</strong></span> <span class='ocrx_word' id='word_1_468' title='bbox 690 1987 796 2015; x_wconf 78' lang='lat' dir='ltr'><strong>CXXV.</strong></span> 
     </span>
    </p>
   </div>
   <div class='ocr_carea' id='block_1_71' title="bbox 262 2031 1042 2066">
    <p class='ocr_par' dir='ltr' id='par_1_71' title="bbox 262 2031 1042 2066">
     <span class='ocr_line' id='line_1_71' title="bbox 262 2031 1042 2066; baseline 0.003 -8"><span class='ocrx_word' id='word_1_469' title='bbox 262 2031 341 2060; x_wconf 69' lang='lat' dir='ltr'><strong>Vens.</strong></span> <span class='ocrx_word' id='word_1_470' title='bbox 359 2033 383 2059; x_wconf 81' lang='grc'><strong>1.</strong></span> <span class='ocrx_word' id='word_1_471' title='bbox 397 2031 461 2058; x_wconf 87' lang='lat' dir='ltr'><strong>Cum</strong></span> <span class='ocrx_word' id='word_1_472' title='bbox 478 2037 635 2058; x_wconf 80' lang='lat' dir='ltr'><strong>converteret</strong></span> <span class='ocrx_word' id='word_1_473' title='bbox 649 2032 774 2059; x_wconf 79' lang='lat' dir='ltr'><strong>Dominus</strong></span> <span class='ocrx_word' id='word_1_474' title='bbox 785 2033 961 2066; x_wconf 79' lang='lat' dir='ltr'><strong>captivitatem</strong></span> <span class='ocrx_word' id='word_1_475' title='bbox 969 2032 1042 2060; x_wconf 86' lang='lat' dir='ltr'><strong>Sion.</strong></span> 
     </span>
    </p>
   </div>
   <div class='ocr_carea' id='block_1_72' title="bbox 294 2078 1044 2113">
    <p class='ocr_par' dir='ltr' id='par_1_72' title="bbox 294 2078 1044 2113">
     <span class='ocr_line' id='line_1_72' title="bbox 294 2078 1044 2113; baseline -0.001 -8"><span class='ocrx_word' id='word_1_476' title='bbox 294 2079 416 2113; x_wconf 76' lang='lat' dir='ltr'><strong>Apostoli</strong></span> <span class='ocrx_word' id='word_1_477' title='bbox 433 2079 617 2105; x_wconf 81' lang='lat' dir='ltr'><strong>valicinantur</strong></span> <span class='ocrx_word' id='word_1_478' title='bbox 631 2078 688 2105; x_wconf 71' lang='lat' dir='ltr'><strong>haec</strong></span> <span class='ocrx_word' id='word_1_479' title='bbox 704 2079 738 2105; x_wconf 85' lang='lat' dir='ltr'><strong>de</strong></span> <span class='ocrx_word' id='word_1_480' title='bbox 754 2086 783 2105; x_wconf 87' lang='lat' dir='ltr'><strong>se</strong></span> <span class='ocrx_word' id='word_1_481' title='bbox 799 2079 900 2105; x_wconf 89' lang='lat' dir='ltr'><strong>dictum</strong></span> <span class='ocrx_word' id='word_1_482' title='bbox 919 2079 952 2105; x_wconf 90' lang='lat' dir='ltr'><strong>iri</strong></span> <span class='ocrx_word' id='word_1_483' title='bbox 965 2083 991 2106; x_wconf 88' lang='lat' dir='ltr'><strong>et</strong></span> <span class='ocrx_word' id='word_1_484' title='bbox 1011 2079 1044 2105; x_wconf 87' lang='lat' dir='ltr'><strong>de</strong></span> 
     </span>
    </p>
   </div>
   <div class='ocr_carea' id='block_1_73' title="bbox 257 2123 1043 2159">
    <p class='ocr_par' dir='ltr' id='par_1_73' title="bbox 257 2123 1043 2159">
     <span class='ocr_line' id='line_1_73' title="bbox 257 2123 1043 2159; baseline 0 -8"><span class='ocrx_word' id='word_1_485' title='bbox 257 2125 402 2159; x_wconf 73' lang='lat' dir='ltr'><strong>gentibus;</strong></span> <span class='ocrx_word' id='word_1_486' title='bbox 428 2125 525 2152; x_wconf 91' lang='lat' dir='ltr'><strong>deinde</strong></span> <span class='ocrx_word' id='word_1_487' title='bbox 551 2132 594 2151; x_wconf 89' lang='lat' dir='ltr'><strong>res</strong></span> <span class='ocrx_word' id='word_1_488' title='bbox 610 2128 754 2152; x_wconf 88' lang='lat' dir='ltr'><strong>eventuras</strong></span> <span class='ocrx_word' id='word_1_489' title='bbox 782 2125 879 2151; x_wconf 90' lang='lat' dir='ltr'><strong>semini</strong></span> <span class='ocrx_word' id='word_1_490' title='bbox 904 2128 931 2151; x_wconf 90' lang='lat' dir='ltr'><strong>et</strong></span> <span class='ocrx_word' id='word_1_491' title='bbox 951 2123 1043 2151; x_wconf 80' lang='lat' dir='ltr'><strong>messi.</strong></span> 
     </span>
    </p>
   </div>
   <div class='ocr_carea' id='block_1_74' title="bbox 258 2169 1043 2204">
    <p class='ocr_par' dir='ltr' id='par_1_74' title="bbox 258 2169 1043 2204">
     <span class='ocr_line' id='line_1_74' title="bbox 258 2169 1043 2204; baseline -0.003 -6"><span class='ocrx_word' id='word_1_492' title='bbox 258 2171 338 2198; x_wconf 76' lang='lat' dir='ltr'><strong>Certe</strong></span> <span class='ocrx_word' id='word_1_493' title='bbox 354 2170 464 2197; x_wconf 90' lang='lat' dir='ltr'><strong>Davidis</strong></span> <span class='ocrx_word' id='word_1_494' title='bbox 483 2175 603 2204; x_wconf 88' lang='lat' dir='ltr'><strong>tempore</strong></span> <span class='ocrx_word' id='word_1_495' title='bbox 617 2170 687 2197; x_wconf 91' lang='lat' dir='ltr'><strong>nulla</strong></span> <span class='ocrx_word' id='word_1_496' title='bbox 705 2170 849 2204; x_wconf 86' lang='lat' dir='ltr'><strong>captivitas</strong></span> <span class='ocrx_word' id='word_1_497' title='bbox 862 2169 929 2203; x_wconf 80' lang='lat' dir='ltr'><strong>fuit;</strong></span> <span class='ocrx_word' id='word_1_498' title='bbox 946 2177 1043 2204; x_wconf 83' lang='lat' dir='ltr'><strong>quam-</strong></span> 
     </span>
    </p>
   </div>
   <div class='ocr_carea' id='block_1_75' title="bbox 255 2215 1043 2250">
    <p class='ocr_par' dir='ltr' id='par_1_75' title="bbox 255 2215 1043 2250">
     <span class='ocr_line' id='line_1_75' title="bbox 255 2215 1043 2250; baseline -0.001 -6"><span class='ocrx_word' id='word_1_499' title='bbox 255 2217 354 2244; x_wconf 81' lang='lat' dir='ltr'><strong>obrem</strong></span> <span class='ocrx_word' id='word_1_500' title='bbox 371 2217 404 2244; x_wconf 94' lang='lat' dir='ltr'><strong>de</strong></span> <span class='ocrx_word' id='word_1_501' title='bbox 422 2215 536 2250; x_wconf 84' lang='lat' dir='ltr'><strong>spiritali</strong></span> <span class='ocrx_word' id='word_1_502' title='bbox 557 2215 674 2243; x_wconf 79' lang='lat' dir='ltr'><strong>fortasse</strong></span> <span class='ocrx_word' id='word_1_503' title='bbox 697 2223 787 2243; x_wconf 89' lang='lat' dir='ltr'><strong>sermo</strong></span> <span class='ocrx_word' id='word_1_504' title='bbox 804 2220 857 2242; x_wconf 88' lang='lat' dir='ltr'><strong>est.</strong></span> <span class='ocrx_word' id='word_1_505' title='bbox 880 2215 956 2242; x_wconf 79' lang='lat' dir='ltr'><strong>Alius</strong></span> <span class='ocrx_word' id='word_1_506' title='bbox 971 2215 1043 2243; x_wconf 81' lang='lat' dir='ltr'><strong>dicet</strong></span> 
     </span>
    </p>
   </div>
   <div class='ocr_carea' id='block_1_76' title="bbox 1095 1676 1196 1707">
    <p class='ocr_par' dir='ltr' id='par_1_76' title="bbox 1095 1676 1196 1707">
     <span class='ocr_line' id='line_1_76' title="bbox 1095 1676 1196 1707; baseline 0.01 -6"><span class='ocrx_word' id='word_1_507' title='bbox 1095 1676 1109 1701; x_wconf 86' lang='lat'><strong>6</strong></span> <span class='ocrx_word' id='word_1_508' title='bbox 1125 1676 1196 1707; x_wconf 74' lang='grc' dir='ltr'>λαός.</span> 
     </span>
    </p>
   </div>
   <div class='ocr_carea' id='block_1_77' title="bbox 1102 1720 1880 1783">
    <p class='ocr_par' dir='ltr' id='par_1_77' title="bbox 1102 1720 1880 1783">
     <span class='ocr_line' id='line_1_77' title="bbox 1102 1720 1880 1783; baseline 0.001 -36"><span class='ocrx_word' id='word_1_509' title='bbox 1102 1720 1221 1753; x_wconf 79' lang='grc' dir='ltr'>Ἀπάξει</span> <span class='ocrx_word' id='word_1_510' title='bbox 1247 1721 1353 1755; x_wconf 78' lang='grc' dir='ltr'>Κύριος</span> <span class='ocrx_word' id='word_1_511' title='bbox 1388 1721 1464 1783; x_wconf 43' lang='lat' dir='ltr'><strong>[tam</strong></span> <span class='ocrx_word' id='word_1_512' title='bbox 1495 1721 1556 1782; x_wconf 47' lang='grc' dir='ltr'>ἑτῶν</span> <span class='ocrx_word' id='word_1_513' title='bbox 1589 1720 1787 1756; x_wconf 75' lang='grc' dir='ltr'><strong>ἐργαζομένων</strong></span> <span class='ocrx_word' id='word_1_514' title='bbox 1821 1721 1880 1756; x_wconf 79' lang='grc' dir='ltr'>τὴν</span> 
     </span>
     <span class='ocr_line' id='line_1_78' title="bbox 1437 1764 1554 1783; baseline 0.009 -1"><span class='ocrx_word' id='word_1_515' title='bbox 1437 1764 1492 1783; x_wconf 77' lang='grc' dir='ltr'><strong>νομ</strong></span> <span class='ocrx_word' id='word_1_516' title='bbox 1505 1765 1554 1783; x_wconf 82' lang='grc' dir='ltr'>αν.</span> 
     </span>
    </p>
   </div>
   <div class='ocr_carea' id='block_1_78' title="bbox 1437 1764 1554 1790">
    <p class='ocr_par' dir='ltr' id='par_1_78' title="bbox 1437 1764 1554 1790">
     <span class='ocr_line' id='line_1_79' title="bbox 1437 1764 1554 1790; baseline 0 -8"><span class='ocrx_word' id='word_1_517' title='bbox 1437 1764 1554 1790; x_wconf 79' lang='grc' dir='ltr'>νομιαν,</span> 
     </span>
    </p>
   </div>
   <div class='ocr_carea' id='block_1_79' title="bbox 1131 1801 1878 1839">
    <p class='ocr_par' dir='ltr' id='par_1_79' title="bbox 1131 1801 1878 1839">
     <span class='ocr_line' id='line_1_80' title="bbox 1131 1801 1878 1839; baseline 0.001 -11"><span class='ocrx_word' id='word_1_518' title='bbox 1131 1801 1167 1828; x_wconf 85' lang='grc' dir='ltr'><strong>Τὸ</strong></span> <span class='ocrx_word' id='word_1_519' title='bbox 1188 1801 1305 1834; x_wconf 78' lang='grc' dir='ltr'><strong>ἀπάξει,</strong></span> <span class='ocrx_word' id='word_1_520' title='bbox 1324 1802 1353 1828; x_wconf 76' lang='grc' dir='ltr'>τὸ</span> <span class='ocrx_word' id='word_1_521' title='bbox 1364 1802 1533 1836; x_wconf 80' lang='grc' dir='ltr'><strong>παραδώσει</strong></span> <span class='ocrx_word' id='word_1_522' title='bbox 1549 1803 1636 1838; x_wconf 74' lang='grc' dir='ltr'><strong>δηλοῖ¹</strong></span> <span class='ocrx_word' id='word_1_523' title='bbox 1647 1804 1686 1835; x_wconf 79' lang='grc' dir='ltr'><strong>είς</strong></span> <span class='ocrx_word' id='word_1_524' title='bbox 1700 1803 1748 1839; x_wconf 81' lang='grc' dir='ltr'><strong>τὴν</strong></span> <span class='ocrx_word' id='word_1_525' title='bbox 1756 1802 1878 1837; x_wconf 82' lang='grc' dir='ltr'>ἀκαθαρ-</span> 
     </span>
    </p>
   </div>
   <div class='ocr_carea' id='block_1_80' title="bbox 1096 1847 1879 1886">
    <p class='ocr_par' dir='ltr' id='par_1_80' title="bbox 1096 1847 1879 1886">
     <span class='ocr_line' id='line_1_81' title="bbox 1096 1847 1879 1886; baseline 0.004 -12"><span class='ocrx_word' id='word_1_526' title='bbox 1096 1848 1155 1874; x_wconf 83' lang='grc' dir='ltr'>σίαν</span> <span class='ocrx_word' id='word_1_527' title='bbox 1173 1849 1206 1883; x_wconf 83' lang='grc' dir='ltr'>ἣν</span> <span class='ocrx_word' id='word_1_528' title='bbox 1223 1847 1332 1879; x_wconf 83' lang='grc' dir='ltr'>εἴλοντο,</span> <span class='ocrx_word' id='word_1_529' title='bbox 1349 1849 1388 1880; x_wconf 77' lang='grc' dir='ltr'><strong>εἰς</strong></span> <span class='ocrx_word' id='word_1_530' title='bbox 1414 1848 1488 1884; x_wconf 83' lang='grc' dir='ltr'>πάθη</span> <span class='ocrx_word' id='word_1_531' title='bbox 1504 1858 1534 1875; x_wconf 87' lang='grc' dir='ltr'><strong>τε</strong></span> <span class='ocrx_word' id='word_1_532' title='bbox 1556 1850 1668 1885; x_wconf 83' lang='grc' dir='ltr'><strong>ἀτιμίας</strong></span> <span class='ocrx_word' id='word_1_533' title='bbox 1685 1851 1730 1877; x_wconf 79' lang='grc' dir='ltr'>καὶ</span> <span class='ocrx_word' id='word_1_534' title='bbox 1751 1849 1879 1886; x_wconf 83' lang='grc' dir='ltr'>ἀδόκιμον</span> 
     </span>
    </p>
   </div>
   <div class='ocr_carea' id='block_1_81' title="bbox 1094 1892 1548 1928">
    <p class='ocr_par' dir='ltr' id='par_1_81' title="bbox 1094 1892 1548 1928">
     <span class='ocr_line' id='line_1_82' title="bbox 1094 1892 1548 1928; baseline 0.004 -10"><span class='ocrx_word' id='word_1_535' title='bbox 1094 1893 1166 1924; x_wconf 74' lang='grc' dir='ltr'>νοῦν,</span> <span class='ocrx_word' id='word_1_536' title='bbox 1184 1894 1268 1919; x_wconf 85' lang='grc' dir='ltr'>ποιεῖν</span> <span class='ocrx_word' id='word_1_537' title='bbox 1285 1892 1319 1918; x_wconf 82' lang='grc' dir='ltr'>τὰ</span> <span class='ocrx_word' id='word_1_538' title='bbox 1332 1893 1368 1928; x_wconf 85' lang='grc' dir='ltr'>μὴ</span> <span class='ocrx_word' id='word_1_539' title='bbox 1383 1892 1548 1928; x_wconf 85' lang='grc' dir='ltr'>καθήκοντα.</span> 
     </span>
    </p>
   </div>
   <div class='ocr_carea' id='block_1_82' title="bbox 1358 1977 1606 2009">
    <p class='ocr_par' dir='ltr' id='par_1_82' title="bbox 1358 1977 1606 2009">
     <span class='ocr_line' id='line_1_83' title="bbox 1358 1977 1606 2009; baseline 0 0"><span class='ocrx_word' id='word_1_540' title='bbox 1358 1983 1385 2009; x_wconf 85' lang='grc' dir='ltr'><strong><em>Ψ</em></strong></span> <span class='ocrx_word' id='word_1_541' title='bbox 1386 1983 1504 2009; x_wconf 78' lang='grc' dir='ltr'>ΑΛΜΟΣ</span> <span class='ocrx_word' id='word_1_542' title='bbox 1520 1977 1606 2009; x_wconf 77' lang='grc' dir='ltr'><strong>ΡΚΕ’.</strong></span> 
     </span>
    </p>
   </div>
   <div class='ocr_carea' id='block_1_83' title="bbox 1100 2027 1877 2063">
    <p class='ocr_par' dir='ltr' id='par_1_83' title="bbox 1100 2027 1877 2063">
     <span class='ocr_line' id='line_1_84' title="bbox 1100 2027 1877 2063; baseline 0.004 -10"><span class='ocrx_word' id='word_1_543' title='bbox 1100 2028 1147 2054; x_wconf 85' lang='grc' dir='ltr'>Ἑν</span> <span class='ocrx_word' id='word_1_544' title='bbox 1155 2027 1194 2061; x_wconf 83' lang='grc' dir='ltr'>τῷ</span> <span class='ocrx_word' id='word_1_545' title='bbox 1204 2028 1380 2063; x_wconf 63' lang='grc' dir='ltr'>ἐπιστρέψαι</span> <span class='ocrx_word' id='word_1_546' title='bbox 1391 2029 1500 2062; x_wconf 79' lang='grc' dir='ltr'>Κύριον</span> <span class='ocrx_word' id='word_1_547' title='bbox 1509 2028 1565 2062; x_wconf 80' lang='grc' dir='ltr'>τὴν</span> <span class='ocrx_word' id='word_1_548' title='bbox 1577 2028 1784 2062; x_wconf 72' lang='grc' dir='ltr'>αἰχμαλωσίαν</span> <span class='ocrx_word' id='word_1_549' title='bbox 1795 2028 1877 2056; x_wconf 83' lang='grc' dir='ltr'>Σιών.</span> 
     </span>
    </p>
   </div>
   <div class='ocr_carea' id='block_1_84' title="bbox 1129 2073 1878 2111">
    <p class='ocr_par' dir='ltr' id='par_1_84' title="bbox 1129 2073 1878 2111">
     <span class='ocr_line' id='line_1_85' title="bbox 1129 2073 1878 2111; baseline 0.003 -11"><span class='ocrx_word' id='word_1_550' title='bbox 1129 2075 1161 2100; x_wconf 84' lang='grc' dir='ltr'><strong>Οἱ</strong></span> <span class='ocrx_word' id='word_1_551' title='bbox 1183 2074 1325 2101; x_wconf 80' lang='grc' dir='ltr'>ἀπόστολοι</span> <span class='ocrx_word' id='word_1_552' title='bbox 1350 2074 1435 2102; x_wconf 76' lang='grc' dir='ltr'>ταῦτα</span> <span class='ocrx_word' id='word_1_553' title='bbox 1459 2073 1674 2109; x_wconf 80' lang='grc' dir='ltr'>προφητεύονται</span> <span class='ocrx_word' id='word_1_554' title='bbox 1699 2074 1786 2107; x_wconf 81' lang='grc' dir='ltr'>λέξειν</span> <span class='ocrx_word' id='word_1_555' title='bbox 1812 2077 1878 2111; x_wconf 79' lang='grc' dir='ltr'>περὶ</span> 
     </span>
    </p>
   </div>
   <div class='ocr_carea' id='block_1_85' title="bbox 1094 2120 1878 2156">
    <p class='ocr_par' dir='ltr' id='par_1_85' title="bbox 1094 2120 1878 2156">
     <span class='ocr_line' id='line_1_86' title="bbox 1094 2120 1878 2156; baseline 0.004 -10"><span class='ocrx_word' id='word_1_556' title='bbox 1094 2120 1196 2147; x_wconf 80' lang='grc' dir='ltr'>ἑαυτῶν</span> <span class='ocrx_word' id='word_1_557' title='bbox 1211 2120 1322 2148; x_wconf 78' lang='grc' dir='ltr'>καὶτῶν</span> <span class='ocrx_word' id='word_1_558' title='bbox 1336 2121 1364 2147; x_wconf 80' lang='grc' dir='ltr'><strong>έν</strong></span> <span class='ocrx_word' id='word_1_559' title='bbox 1379 2121 1433 2151; x_wconf 84' lang='grc' dir='ltr'>τοῖς</span> <span class='ocrx_word' id='word_1_560' title='bbox 1449 2120 1549 2152; x_wconf 74' lang='grc' dir='ltr'>ἔθνεσι,</span> <span class='ocrx_word' id='word_1_561' title='bbox 1567 2120 1614 2147; x_wconf 72' lang='grc' dir='ltr'>καὶ</span> <span class='ocrx_word' id='word_1_562' title='bbox 1630 2122 1699 2156; x_wconf 82' lang='grc' dir='ltr'>μετὰ</span> <span class='ocrx_word' id='word_1_563' title='bbox 1712 2121 1798 2148; x_wconf 82' lang='grc' dir='ltr'>ταῦτα</span> <span class='ocrx_word' id='word_1_564' title='bbox 1811 2122 1878 2149; x_wconf 85' lang='grc' dir='ltr'>ἀπο-</span> 
     </span>
    </p>
   </div>
   <div class='ocr_carea' id='block_1_86' title="bbox 1094 2166 1876 2202">
    <p class='ocr_par' dir='ltr' id='par_1_86' title="bbox 1094 2166 1876 2202">
     <span class='ocr_line' id='line_1_87' title="bbox 1094 2166 1876 2202; baseline 0.001 -9"><span class='ocrx_word' id='word_1_565' title='bbox 1094 2166 1233 2200; x_wconf 79' lang='grc' dir='ltr'>φανεῖσθαι</span> <span class='ocrx_word' id='word_1_566' title='bbox 1249 2167 1312 2202; x_wconf 79' lang='grc' dir='ltr'>περὶ</span> <span class='ocrx_word' id='word_1_567' title='bbox 1327 2166 1427 2202; x_wconf 79' lang='grc' dir='ltr'>σπόρου</span> <span class='ocrx_word' id='word_1_568' title='bbox 1443 2166 1490 2193; x_wconf 79' lang='grc' dir='ltr'><strong>καὶ</strong></span> <span class='ocrx_word' id='word_1_569' title='bbox 1506 2166 1647 2201; x_wconf 77' lang='grc' dir='ltr'>θερισμοῦ·</span> <span class='ocrx_word' id='word_1_570' title='bbox 1665 2166 1735 2193; x_wconf 85' lang='grc' dir='ltr'>κατὰ</span> <span class='ocrx_word' id='word_1_571' title='bbox 1751 2167 1813 2199; x_wconf 75' lang='grc' dir='ltr'>τοὺς</span> <span class='ocrx_word' id='word_1_572' title='bbox 1829 2166 1876 2194; x_wconf 78' lang='grc' dir='ltr'>τοῦ</span> 
     </span>
    </p>
   </div>
   <div class='ocr_carea' id='block_1_87' title="bbox 1091 2210 1878 2250">
    <p class='ocr_par' dir='ltr' id='par_1_87' title="bbox 1091 2210 1878 2250">
     <span class='ocr_line' id='line_1_88' title="bbox 1091 2210 1878 2250; baseline 0 -11"><span class='ocrx_word' id='word_1_573' title='bbox 1091 2213 1174 2239; x_wconf 76' lang='grc' dir='ltr'>Δαϐὶδ</span> <span class='ocrx_word' id='word_1_574' title='bbox 1187 2213 1298 2248; x_wconf 88' lang='grc' dir='ltr'>χρόνους</span> <span class='ocrx_word' id='word_1_575' title='bbox 1313 2213 1363 2239; x_wconf 74' lang='grc' dir='ltr'><strong>οὐκ</strong></span> <span class='ocrx_word' id='word_1_576' title='bbox 1375 2210 1409 2248; x_wconf 87' lang='grc' dir='ltr'>ἦν</span> <span class='ocrx_word' id='word_1_577' title='bbox 1425 2213 1441 2248; x_wconf 86' lang='grc' dir='ltr'>ἠ</span> <span class='ocrx_word' id='word_1_578' title='bbox 1459 2212 1632 2248; x_wconf 76' lang='grc' dir='ltr'>αἰχμαλωσία</span> <span class='ocrx_word' id='word_1_579' title='bbox 1643 2221 1650 2228; x_wconf 78' lang='lat'><strong>&#39;</strong></span> <span class='ocrx_word' id='word_1_580' title='bbox 1665 2212 1736 2248; x_wconf 84' lang='grc' dir='ltr'>τάχα</span> <span class='ocrx_word' id='word_1_581' title='bbox 1752 2211 1798 2239; x_wconf 76' lang='grc' dir='ltr'><strong>οὖν</strong></span> <span class='ocrx_word' id='word_1_582' title='bbox 1815 2214 1878 2250; x_wconf 56' lang='grc' dir='ltr'>περὶ</span> 
     </span>
    </p>
   </div>
   <div class='ocr_carea' id='block_1_88' title="bbox 255 2259 1046 2297">
    <p class='ocr_par' dir='ltr' id='par_1_88' title="bbox 255 2260 1041 2297">
     <span class='ocr_line' id='line_1_89' title="bbox 255 2260 1041 2297; baseline -0.005 -6"><span class='ocrx_word' id='word_1_583' title='bbox 255 2264 316 2291; x_wconf 73' lang='lat' dir='ltr'><strong>haec</strong></span> <span class='ocrx_word' id='word_1_584' title='bbox 331 2262 488 2297; x_wconf 88' lang='lat' dir='ltr'><strong>prophetice</strong></span> <span class='ocrx_word' id='word_1_585' title='bbox 505 2261 653 2295; x_wconf 87' lang='lat' dir='ltr'><strong>signiticari</strong></span> <span class='ocrx_word' id='word_1_586' title='bbox 671 2261 773 2289; x_wconf 74' lang='lat' dir='ltr'><strong>futura.</strong></span> <span class='ocrx_word' id='word_1_587' title='bbox 787 2260 889 2295; x_wconf 70' lang='lat' dir='ltr'><strong>Nempe</strong></span> <span class='ocrx_word' id='word_1_588' title='bbox 905 2261 1041 2296; x_wconf 76' lang='lat' dir='ltr'><strong>aliquanta</strong></span> 
     </span>
    </p>
   </div>
   <div class='ocr_carea' id='block_1_89' title="bbox 1097 2259 1879 2297">
    <p class='ocr_par' dir='ltr' id='par_1_89' title="bbox 1097 2259 1879 2295">
     <span class='ocr_line' id='line_1_90' title="bbox 1097 2259 1879 2295; baseline -0.003 -8"><span class='ocrx_word' id='word_1_589' title='bbox 1097 2260 1144 2294; x_wconf 76' lang='grc' dir='ltr'>τῆς</span> <span class='ocrx_word' id='word_1_590' title='bbox 1157 2260 1254 2295; x_wconf 82' lang='grc' dir='ltr'>νοητῆς</span> <span class='ocrx_word' id='word_1_591' title='bbox 1265 2259 1353 2286; x_wconf 75' lang='grc' dir='ltr'>ταῦτα</span> <span class='ocrx_word' id='word_1_592' title='bbox 1367 2267 1447 2294; x_wconf 83' lang='grc' dir='ltr'>φησιν</span> <span class='ocrx_word' id='word_1_593' title='bbox 1457 2268 1463 2273; x_wconf 94' lang='grc'><strong>·</strong></span> <span class='ocrx_word' id='word_1_594' title='bbox 1476 2260 1534 2294; x_wconf 77' lang='grc' dir='ltr'>ἐρεῖ</span> <span class='ocrx_word' id='word_1_595' title='bbox 1541 2259 1570 2285; x_wconf 82' lang='grc' dir='ltr'><strong>δὲ</strong></span> <span class='ocrx_word' id='word_1_596' title='bbox 1585 2259 1674 2291; x_wconf 77' lang='grc' dir='ltr'>ἄλλος,</span> <span class='ocrx_word' id='word_1_597' title='bbox 1689 2259 1729 2286; x_wconf 82' lang='grc' dir='ltr'>ὅτι</span> <span class='ocrx_word' id='word_1_598' title='bbox 1745 2268 1879 2295; x_wconf 87' lang='grc' dir='ltr'>προφητι-</span> 
     </span>
    </p>
   </div>
   <div class='ocr_carea' id='block_1_90' title="bbox 256 2305 1040 2344">
    <p class='ocr_par' dir='ltr' id='par_1_90' title="bbox 256 2305 1040 2344">
     <span class='ocr_line' id='line_1_91' title="bbox 256 2305 1040 2344; baseline -0.004 -9"><span class='ocrx_word' id='word_1_599' title='bbox 256 2309 426 2344; x_wconf 86' lang='lat' dir='ltr'><strong>captivorum</strong></span> <span class='ocrx_word' id='word_1_600' title='bbox 444 2316 506 2343; x_wconf 88' lang='lat' dir='ltr'><strong>pars</strong></span> <span class='ocrx_word' id='word_1_601' title='bbox 524 2307 661 2342; x_wconf 87' lang='lat' dir='ltr'><strong>Babylone</strong></span> <span class='ocrx_word' id='word_1_602' title='bbox 685 2307 783 2339; x_wconf 75' lang='lat' dir='ltr'><strong>redux,</strong></span> <span class='ocrx_word' id='word_1_603' title='bbox 815 2310 974 2341; x_wconf 88' lang='lat' dir='ltr'><strong>recuperata</strong></span> <span class='ocrx_word' id='word_1_604' title='bbox 990 2305 1040 2333; x_wconf 79' lang='lat' dir='ltr'><strong>Je-</strong></span> 
     </span>
    </p>
   </div>
   <div class='ocr_carea' id='block_1_91' title="bbox 259 2352 1041 2389">
    <p class='ocr_par' dir='ltr' id='par_1_91' title="bbox 259 2352 1041 2389">
     <span class='ocr_line' id='line_1_92' title="bbox 259 2352 1041 2389; baseline -0.005 -7"><span class='ocrx_word' id='word_1_605' title='bbox 259 2355 386 2387; x_wconf 87' lang='lat' dir='ltr'><strong>rusalem,</strong></span> <span class='ocrx_word' id='word_1_606' title='bbox 406 2355 440 2382; x_wconf 85' lang='lat' dir='ltr'><strong>de</strong></span> <span class='ocrx_word' id='word_1_607' title='bbox 463 2355 496 2382; x_wconf 90' lang='lat' dir='ltr'><strong>iis</strong></span> <span class='ocrx_word' id='word_1_608' title='bbox 513 2355 558 2389; x_wconf 90' lang='lat' dir='ltr'><strong>qui</strong></span> <span class='ocrx_word' id='word_1_609' title='bbox 575 2353 709 2389; x_wconf 82' lang='lat' dir='ltr'><strong>Babylone</strong></span> <span class='ocrx_word' id='word_1_610' title='bbox 733 2356 929 2385; x_wconf 84' lang='lat' dir='ltr'><strong>remanserant,</strong></span> <span class='ocrx_word' id='word_1_611' title='bbox 952 2352 1041 2379; x_wconf 89' lang='lat' dir='ltr'><strong>canti-</strong></span> 
     </span>
    </p>
   </div>
   <div class='ocr_carea' id='block_1_92' title="bbox 251 2398 1039 2434">
    <p class='ocr_par' dir='ltr' id='par_1_92' title="bbox 251 2398 1039 2434">
     <span class='ocr_line' id='line_1_93' title="bbox 251 2398 1039 2434; baseline -0.004 -5"><span class='ocrx_word' id='word_1_612' title='bbox 251 2410 318 2429; x_wconf 68' lang='lat' dir='ltr'><strong>cum</strong></span> <span class='ocrx_word' id='word_1_613' title='bbox 335 2402 385 2428; x_wconf 88' lang='lat' dir='ltr'><strong>hoc</strong></span> <span class='ocrx_word' id='word_1_614' title='bbox 403 2409 454 2427; x_wconf 92' lang='lat' dir='ltr'><strong>non</strong></span> <span class='ocrx_word' id='word_1_615' title='bbox 473 2401 532 2428; x_wconf 82' lang='lat' dir='ltr'><strong>sine</strong></span> <span class='ocrx_word' id='word_1_616' title='bbox 545 2401 615 2428; x_wconf 87' lang='lat' dir='ltr'><strong>bona</strong></span> <span class='ocrx_word' id='word_1_617' title='bbox 632 2399 836 2434; x_wconf 80' lang='lat' dir='ltr'><strong>exspectatione</strong></span> <span class='ocrx_word' id='word_1_618' title='bbox 857 2399 912 2426; x_wconf 91' lang='lat' dir='ltr'><strong>Deo</strong></span> <span class='ocrx_word' id='word_1_619' title='bbox 925 2398 1039 2426; x_wconf 75' lang='lat' dir='ltr'><strong>extollit.</strong></span> 
     </span>
    </p>
   </div>
   <div class='ocr_carea' id='block_1_93' title="bbox 255 2444 1040 2482">
    <p class='ocr_par' dir='ltr' id='par_1_93' title="bbox 255 2444 1040 2482">
     <span class='ocr_line' id='line_1_94' title="bbox 255 2444 1040 2482; baseline -0.005 -8"><span class='ocrx_word' id='word_1_620' title='bbox 255 2448 412 2482; x_wconf 77' lang='lat' dir='ltr'><strong>Aiuntergo</strong></span> <span class='ocrx_word' id='word_1_621' title='bbox 427 2447 543 2474; x_wconf 86' lang='lat' dir='ltr'><strong>nendum</strong></span> <span class='ocrx_word' id='word_1_622' title='bbox 558 2453 637 2474; x_wconf 87' lang='lat' dir='ltr'><strong>suum</strong></span> <span class='ocrx_word' id='word_1_623' title='bbox 649 2445 778 2481; x_wconf 86' lang='lat' dir='ltr'><strong>gaudiqu</strong></span> <span class='ocrx_word' id='word_1_624' title='bbox 786 2451 847 2472; x_wconf 86' lang='lat' dir='ltr'><strong>esse</strong></span> <span class='ocrx_word' id='word_1_625' title='bbox 860 2444 1040 2479; x_wconf 85' lang='lat' dir='ltr'><strong>completum;</strong></span> 
     </span>
    </p>
   </div>
   <div class='ocr_carea' id='block_1_94' title="bbox 254 2490 1041 2526">
    <p class='ocr_par' dir='ltr' id='par_1_94' title="bbox 254 2490 1041 2526">
     <span class='ocr_line' id='line_1_95' title="bbox 254 2490 1041 2526; baseline -0.005 -5"><span class='ocrx_word' id='word_1_626' title='bbox 254 2495 314 2522; x_wconf 78' lang='lat' dir='ltr'><strong>fore</strong></span> <span class='ocrx_word' id='word_1_627' title='bbox 330 2499 431 2526; x_wconf 75' lang='lat' dir='ltr'><strong>autern,</strong></span> <span class='ocrx_word' id='word_1_628' title='bbox 449 2501 509 2520; x_wconf 88' lang='lat' dir='ltr'><strong>cum</strong></span> <span class='ocrx_word' id='word_1_629' title='bbox 525 2493 651 2520; x_wconf 89' lang='lat' dir='ltr'><strong>universa</strong></span> <span class='ocrx_word' id='word_1_630' title='bbox 664 2493 738 2519; x_wconf 86' lang='lat' dir='ltr'><strong>natio</strong></span> <span class='ocrx_word' id='word_1_631' title='bbox 757 2499 792 2518; x_wconf 88' lang='lat' dir='ltr'><strong>ex</strong></span> <span class='ocrx_word' id='word_1_632' title='bbox 815 2491 907 2519; x_wconf 86' lang='lat' dir='ltr'><strong>hostili</strong></span> <span class='ocrx_word' id='word_1_633' title='bbox 932 2490 1041 2525; x_wconf 78' lang='lat' dir='ltr'><strong>regione</strong></span> 
     </span>
    </p>
   </div>
   <div class='ocr_carea' id='block_1_95' title="bbox 255 2537 1039 2575">
    <p class='ocr_par' dir='ltr' id='par_1_95' title="bbox 255 2537 1039 2575">
     <span class='ocr_line' id='line_1_96' title="bbox 255 2537 1039 2575; baseline -0.008 -7"><span class='ocrx_word' id='word_1_634' title='bbox 255 2542 289 2568; x_wconf 87' lang='lat' dir='ltr'><strong>ad</strong></span> <span class='ocrx_word' id='word_1_635' title='bbox 305 2541 443 2575; x_wconf 82' lang='lat' dir='ltr'><strong>propriam</strong></span> <span class='ocrx_word' id='word_1_636' title='bbox 465 2540 585 2567; x_wconf 87' lang='lat' dir='ltr'><strong>redierit.</strong></span> <span class='ocrx_word' id='word_1_637' title='bbox 612 2537 687 2565; x_wconf 87' lang='lat' dir='ltr'><strong>Hanc</strong></span> <span class='ocrx_word' id='word_1_638' title='bbox 707 2537 836 2564; x_wconf 89' lang='lat' dir='ltr'><strong>nimirum</strong></span> <span class='ocrx_word' id='word_1_639' title='bbox 856 2537 906 2564; x_wconf 90' lang='lat' dir='ltr'><strong>loci</strong></span> <span class='ocrx_word' id='word_1_640' title='bbox 930 2542 1039 2563; x_wconf 86' lang='lat' dir='ltr'><strong>senten-</strong></span> 
     </span>
    </p>
   </div>
   <div class='ocr_carea' id='block_1_96' title="bbox 256 2581 1040 2621">
    <p class='ocr_par' dir='ltr' id='par_1_96' title="bbox 256 2581 1040 2621">
     <span class='ocr_line' id='line_1_97' title="bbox 256 2581 1040 2621; baseline -0.009 -7"><span class='ocrx_word' id='word_1_641' title='bbox 256 2588 320 2614; x_wconf 88' lang='lat' dir='ltr'><strong>tiam</strong></span> <span class='ocrx_word' id='word_1_642' title='bbox 336 2587 432 2621; x_wconf 85' lang='lat' dir='ltr'><strong>reliqui</strong></span> <span class='ocrx_word' id='word_1_643' title='bbox 445 2587 606 2618; x_wconf 85' lang='lat' dir='ltr'><strong>interpretes</strong></span> <span class='ocrx_word' id='word_1_644' title='bbox 625 2584 742 2611; x_wconf 84' lang='lat' dir='ltr'><strong>sistunt:</strong></span> <span class='ocrx_word' id='word_1_645' title='bbox 762 2591 824 2610; x_wconf 91' lang='lat' dir='ltr'><strong>nam</strong></span> <span class='ocrx_word' id='word_1_646' title='bbox 837 2590 897 2617; x_wconf 81' lang='lat' dir='ltr'><strong>pro.</strong></span> <span class='ocrx_word' id='word_1_647' title='bbox 913 2581 978 2616; x_wconf 78' lang='lat' dir='ltr'><strong>[acti</strong></span> <span class='ocrx_word' id='word_1_648' title='bbox 993 2589 1040 2608; x_wconf 84' lang='lat' dir='ltr'><strong>su-</strong></span> 
     </span>
    </p>
   </div>
   <div class='ocr_carea' id='block_1_97' title="bbox 254 2627 1040 2664">
    <p class='ocr_par' dir='ltr' id='par_1_97' title="bbox 254 2627 1040 2664">
     <span class='ocr_line' id='line_1_98' title="bbox 254 2627 1040 2664; baseline -0.01 -3"><span class='ocrx_word' id='word_1_649' title='bbox 254 2642 312 2662; x_wconf 77' lang='lat' dir='ltr'><strong>mus</strong></span> <span class='ocrx_word' id='word_1_650' title='bbox 324 2634 390 2661; x_wconf 80' lang='lat' dir='ltr'><strong>sicut</strong></span> <span class='ocrx_word' id='word_1_651' title='bbox 411 2632 557 2664; x_wconf 74' lang='lat' dir='ltr'><strong>consolati,</strong></span> <span class='ocrx_word' id='word_1_652' title='bbox 579 2629 750 2658; x_wconf 88' lang='lat' dir='ltr'><strong>concorditer</strong></span> <span class='ocrx_word' id='word_1_653' title='bbox 766 2636 860 2656; x_wconf 85' lang='lat' dir='ltr'><strong>omnes</strong></span> <span class='ocrx_word' id='word_1_654' title='bbox 879 2629 973 2655; x_wconf 85' lang='lat' dir='ltr'><strong>aiunt:</strong></span> <span class='ocrx_word' id='word_1_655' title='bbox 996 2627 1040 2661; x_wconf 82' lang='lat' dir='ltr'><strong>fu-</strong></span> 
     </span>
    </p>
   </div>
   <div class='ocr_carea' id='block_1_98' title="bbox 253 2673 1039 2714">
    <p class='ocr_par' dir='ltr' id='par_1_98' title="bbox 253 2673 1039 2714">
     <span class='ocr_line' id='line_1_99' title="bbox 253 2673 1039 2714; baseline -0.01 -7"><span class='ocrx_word' id='word_1_656' title='bbox 253 2681 290 2707; x_wconf 82' lang='lat' dir='ltr'><strong>cti</strong></span> <span class='ocrx_word' id='word_1_657' title='bbox 301 2688 391 2707; x_wconf 79' lang='lat' dir='ltr'><strong>sumus</strong></span> <span class='ocrx_word' id='word_1_658' title='bbox 411 2680 483 2714; x_wconf 82' lang='lat' dir='ltr'><strong>quasi</strong></span> <span class='ocrx_word' id='word_1_659' title='bbox 500 2678 677 2707; x_wconf 78' lang='lat' dir='ltr'><strong>somniantes;</strong></span> <span class='ocrx_word' id='word_1_660' title='bbox 696 2683 747 2702; x_wconf 92' lang='lat' dir='ltr'><strong>non</strong></span> <span class='ocrx_word' id='word_1_661' title='bbox 763 2680 853 2702; x_wconf 78' lang='lat' dir='ltr'><strong>autent</strong></span> <span class='ocrx_word' id='word_1_662' title='bbox 870 2681 934 2701; x_wconf 83' lang='lat' dir='ltr'><strong>vera</strong></span> <span class='ocrx_word' id='word_1_663' title='bbox 957 2673 1039 2700; x_wconf 91' lang='lat' dir='ltr'><strong>liber-</strong></span> 
     </span>
    </p>
   </div>
   <div class='ocr_carea' id='block_1_99' title="bbox 1094 2305 1878 2341">
    <p class='ocr_par' dir='ltr' id='par_1_99' title="bbox 1094 2305 1878 2341">
     <span class='ocr_line' id='line_1_100' title="bbox 1094 2305 1878 2341; baseline 0 -9"><span class='ocrx_word' id='word_1_664' title='bbox 1094 2305 1149 2337; x_wconf 83' lang='grc' dir='ltr'><strong>κῶς</strong></span> <span class='ocrx_word' id='word_1_665' title='bbox 1161 2305 1192 2332; x_wconf 79' lang='grc' dir='ltr'><strong>τὸ</strong></span> <span class='ocrx_word' id='word_1_666' title='bbox 1209 2305 1302 2341; x_wconf 77' lang='grc' dir='ltr'>μέλλον</span> <span class='ocrx_word' id='word_1_667' title='bbox 1319 2305 1444 2340; x_wconf 79' lang='grc' dir='ltr'>δηλοῦται</span> <span class='ocrx_word' id='word_1_668' title='bbox 1459 2305 1517 2341; x_wconf 75' lang='grc'><strong>(5³).</strong></span> <span class='ocrx_word' id='word_1_669' title='bbox 1527 2321 1561 2325; x_wconf 92' lang='grc'><strong>-</strong></span> <span class='ocrx_word' id='word_1_670' title='bbox 1571 2305 1659 2341; x_wconf 85' lang='grc' dir='ltr'>Μέρος</span> <span class='ocrx_word' id='word_1_671' title='bbox 1673 2313 1699 2330; x_wconf 89' lang='grc' dir='ltr'><strong>τι</strong></span> <span class='ocrx_word' id='word_1_672' title='bbox 1713 2305 1763 2339; x_wconf 85' lang='grc' dir='ltr'>τῆς</span> <span class='ocrx_word' id='word_1_673' title='bbox 1776 2305 1878 2340; x_wconf 74' lang='grc' dir='ltr'>αἰχμα-</span> 
     </span>
    </p>
   </div>
   <div class='ocr_carea' id='block_1_100' title="bbox 1093 2351 1877 2387">
    <p class='ocr_par' dir='ltr' id='par_1_100' title="bbox 1093 2351 1877 2387">
     <span class='ocr_line' id='line_1_101' title="bbox 1093 2351 1877 2387; baseline -0.001 -10"><span class='ocrx_word' id='word_1_674' title='bbox 1093 2351 1193 2384; x_wconf 80' lang='grc' dir='ltr'>λωσίας</span> <span class='ocrx_word' id='word_1_675' title='bbox 1208 2352 1353 2379; x_wconf 72' lang='grc' dir='ltr'>έπανελθὺν</span> <span class='ocrx_word' id='word_1_676' title='bbox 1363 2351 1418 2378; x_wconf 79' lang='grc' dir='ltr'>ἀπὸ</span> <span class='ocrx_word' id='word_1_677' title='bbox 1431 2352 1481 2387; x_wconf 80' lang='grc' dir='ltr'>τῆς</span> <span class='ocrx_word' id='word_1_678' title='bbox 1497 2351 1665 2385; x_wconf 77' lang='grc' dir='ltr'>Βαϐυλῶνος,</span> <span class='ocrx_word' id='word_1_679' title='bbox 1681 2351 1727 2378; x_wconf 79' lang='grc' dir='ltr'><strong>καὶ</strong></span> <span class='ocrx_word' id='word_1_680' title='bbox 1742 2351 1877 2378; x_wconf 78' lang='grc' dir='ltr'>ἀπολαϐὸν</span> 
     </span>
    </p>
   </div>
   <div class='ocr_carea' id='block_1_101' title="bbox 1093 2397 1878 2436">
    <p class='ocr_par' dir='ltr' id='par_1_101' title="bbox 1093 2397 1878 2436">
     <span class='ocr_line' id='line_1_102' title="bbox 1093 2397 1878 2436; baseline -0.004 -10"><span class='ocrx_word' id='word_1_681' title='bbox 1093 2399 1142 2435; x_wconf 83' lang='grc' dir='ltr'>τὴν</span> <span class='ocrx_word' id='word_1_682' title='bbox 1162 2400 1346 2436; x_wconf 84' lang='grc' dir='ltr'>Ἰερουσαλὴμ,</span> <span class='ocrx_word' id='word_1_683' title='bbox 1365 2399 1428 2435; x_wconf 77' lang='grc' dir='ltr'>περὶ</span> <span class='ocrx_word' id='word_1_684' title='bbox 1444 2399 1497 2426; x_wconf 85' lang='grc' dir='ltr'><strong>τῶν</strong></span> <span class='ocrx_word' id='word_1_685' title='bbox 1520 2399 1723 2434; x_wconf 79' lang='grc' dir='ltr'>ἀπομεινάντων</span> <span class='ocrx_word' id='word_1_686' title='bbox 1745 2398 1773 2423; x_wconf 83' lang='grc' dir='ltr'>ὲν</span> <span class='ocrx_word' id='word_1_687' title='bbox 1790 2397 1878 2424; x_wconf 74' lang='grc' dir='ltr'>Βαϐυ-</span> 
     </span>
    </p>
   </div>
   <div class='ocr_carea' id='block_1_102' title="bbox 1094 2443 1877 2481">
    <p class='ocr_par' dir='ltr' id='par_1_102' title="bbox 1094 2443 1877 2481">
     <span class='ocr_line' id='line_1_103' title="bbox 1094 2443 1877 2481; baseline -0.001 -11"><span class='ocrx_word' id='word_1_688' title='bbox 1094 2445 1158 2471; x_wconf 86' lang='grc' dir='ltr'>λῶνι</span> <span class='ocrx_word' id='word_1_689' title='bbox 1171 2445 1220 2481; x_wconf 83' lang='grc' dir='ltr'><strong>τὴν</strong></span> <span class='ocrx_word' id='word_1_690' title='bbox 1234 2446 1415 2481; x_wconf 75' lang='grc' dir='ltr'>προκειμένην</span> <span class='ocrx_word' id='word_1_691' title='bbox 1429 2445 1499 2481; x_wconf 86' lang='grc' dir='ltr'>ᾠδὴν</span> <span class='ocrx_word' id='word_1_692' title='bbox 1511 2445 1554 2471; x_wconf 74' lang='grc' dir='ltr'><strong>ἐπ’</strong></span> <span class='ocrx_word' id='word_1_693' title='bbox 1570 2443 1685 2478; x_wconf 82' lang='grc' dir='ltr'>ἀγαθαῖς</span> <span class='ocrx_word' id='word_1_694' title='bbox 1706 2443 1877 2479; x_wconf 80' lang='grc' dir='ltr'>προσδοκίαις</span> 
     </span>
    </p>
   </div>
   <div class='ocr_carea' id='block_1_103' title="bbox 1094 2488 1877 2526">
    <p class='ocr_par' dir='ltr' id='par_1_103' title="bbox 1094 2488 1877 2526">
     <span class='ocr_line' id='line_1_104' title="bbox 1094 2488 1877 2526; baseline -0.005 -8"><span class='ocrx_word' id='word_1_695' title='bbox 1094 2491 1249 2526; x_wconf 82' lang='grc' dir='ltr'>ἀναπέμπει</span> <span class='ocrx_word' id='word_1_696' title='bbox 1261 2499 1269 2508; x_wconf 78' lang='grc'><em>’</em></span> <span class='ocrx_word' id='word_1_697' title='bbox 1291 2492 1358 2525; x_wconf 79' lang='grc' dir='ltr'>φασὶ</span> <span class='ocrx_word' id='word_1_698' title='bbox 1379 2491 1407 2517; x_wconf 81' lang='grc' dir='ltr'><strong>δὲ</strong></span> <span class='ocrx_word' id='word_1_699' title='bbox 1418 2511 1425 2522; x_wconf 91' lang='grc'><strong>,</strong></span> <span class='ocrx_word' id='word_1_700' title='bbox 1443 2492 1484 2517; x_wconf 84' lang='grc' dir='ltr'>ὅτι</span> <span class='ocrx_word' id='word_1_701' title='bbox 1498 2490 1573 2517; x_wconf 71' lang='grc' dir='ltr'>οὓπω</span> <span class='ocrx_word' id='word_1_702' title='bbox 1593 2490 1640 2525; x_wconf 84' lang='grc' dir='ltr'>μὲν</span> <span class='ocrx_word' id='word_1_703' title='bbox 1655 2488 1765 2521; x_wconf 80' lang='grc' dir='ltr'>τελείως</span> <span class='ocrx_word' id='word_1_704' title='bbox 1778 2488 1813 2515; x_wconf 81' lang='grc' dir='ltr'>τὰ</span> <span class='ocrx_word' id='word_1_705' title='bbox 1826 2489 1877 2522; x_wconf 80' lang='grc' dir='ltr'>τῆς</span> 
     </span>
    </p>
   </div>
   <div class='ocr_carea' id='block_1_104' title="bbox 1094 2534 1877 2573">
    <p class='ocr_par' dir='ltr' id='par_1_104' title="bbox 1094 2534 1877 2573">
     <span class='ocr_line' id='line_1_105' title="bbox 1094 2534 1877 2573; baseline -0.003 -11"><span class='ocrx_word' id='word_1_706' title='bbox 1094 2537 1230 2573; x_wconf 84' lang='grc' dir='ltr'>ἡμετέρας</span> <span class='ocrx_word' id='word_1_707' title='bbox 1245 2538 1332 2573; x_wconf 79' lang='grc' dir='ltr'>χαρᾶς</span> <span class='ocrx_word' id='word_1_708' title='bbox 1351 2537 1526 2572; x_wconf 83' lang='grc' dir='ltr'>πεπλήρωται</span> <span class='ocrx_word' id='word_1_709' title='bbox 1536 2545 1542 2550; x_wconf 93' lang='grc'><strong>·</strong></span> <span class='ocrx_word' id='word_1_710' title='bbox 1559 2536 1635 2562; x_wconf 75' lang='grc' dir='ltr'>ἔσται</span> <span class='ocrx_word' id='word_1_711' title='bbox 1649 2535 1678 2562; x_wconf 79' lang='grc' dir='ltr'><strong>δὲ</strong></span> <span class='ocrx_word' id='word_1_712' title='bbox 1694 2535 1773 2562; x_wconf 82' lang='grc' dir='ltr'>τοῦτο</span> <span class='ocrx_word' id='word_1_713' title='bbox 1788 2535 1832 2561; x_wconf 84' lang='grc' dir='ltr'>ὅτε</span> <span class='ocrx_word' id='word_1_714' title='bbox 1847 2534 1877 2560; x_wconf 79' lang='grc' dir='ltr'>τὸ</span> 
     </span>
    </p>
   </div>
   <div class='ocr_carea' id='block_1_105' title="bbox 1094 2579 1877 2617">
    <p class='ocr_par' dir='ltr' id='par_1_105' title="bbox 1094 2579 1877 2617">
     <span class='ocr_line' id='line_1_106' title="bbox 1094 2579 1877 2617; baseline -0.004 -9"><span class='ocrx_word' id='word_1_715' title='bbox 1094 2583 1148 2608; x_wconf 81' lang='grc' dir='ltr'>πᾶν</span> <span class='ocrx_word' id='word_1_716' title='bbox 1169 2581 1244 2614; x_wconf 77' lang='grc' dir='ltr'>ἔθνος</span> <span class='ocrx_word' id='word_1_717' title='bbox 1262 2582 1318 2608; x_wconf 83' lang='grc' dir='ltr'><strong>ἀπὸ</strong></span> <span class='ocrx_word' id='word_1_718' title='bbox 1338 2583 1386 2617; x_wconf 82' lang='grc' dir='ltr'><strong>τῆς</strong></span> <span class='ocrx_word' id='word_1_719' title='bbox 1411 2582 1540 2617; x_wconf 87' lang='grc' dir='ltr'>πολεμίας</span> <span class='ocrx_word' id='word_1_720' title='bbox 1562 2581 1608 2607; x_wconf 77' lang='grc' dir='ltr'>ἐπὶ</span> <span class='ocrx_word' id='word_1_721' title='bbox 1630 2581 1680 2616; x_wconf 79' lang='grc' dir='ltr'>τὴν</span> <span class='ocrx_word' id='word_1_722' title='bbox 1703 2580 1805 2607; x_wconf 76' lang='grc' dir='ltr'>οἰκείαν</span> <span class='ocrx_word' id='word_1_723' title='bbox 1825 2579 1877 2614; x_wconf 85' lang='grc' dir='ltr'><strong>γῆν</strong></span> 
     </span>
    </p>
   </div>
   <div class='ocr_carea' id='block_1_106' title="bbox 1090 2625 1876 2664">
    <p class='ocr_par' dir='ltr' id='par_1_106' title="bbox 1090 2625 1876 2664">
     <span class='ocr_line' id='line_1_107' title="bbox 1090 2625 1876 2664; baseline -0.004 -10"><span class='ocrx_word' id='word_1_724' title='bbox 1090 2628 1242 2664; x_wconf 78' lang='grc' dir='ltr'>ἐπανέλθῃ·</span> <span class='ocrx_word' id='word_1_725' title='bbox 1256 2629 1356 2664; x_wconf 85' lang='grc' dir='ltr'>ταύτην</span> <span class='ocrx_word' id='word_1_726' title='bbox 1370 2629 1399 2655; x_wconf 82' lang='grc' dir='ltr'><strong>δὲ</strong></span> <span class='ocrx_word' id='word_1_727' title='bbox 1413 2629 1461 2664; x_wconf 86' lang='grc' dir='ltr'><strong>τὴν</strong></span> <span class='ocrx_word' id='word_1_728' title='bbox 1476 2628 1594 2655; x_wconf 84' lang='grc' dir='ltr'>διάνοιαν</span> <span class='ocrx_word' id='word_1_729' title='bbox 1610 2627 1773 2663; x_wconf 81' lang='grc' dir='ltr'>παρίστησιν</span> <span class='ocrx_word' id='word_1_730' title='bbox 1789 2625 1807 2661; x_wconf 83' lang='grc' dir='ltr'>ἡ</span> <span class='ocrx_word' id='word_1_731' title='bbox 1822 2625 1876 2652; x_wconf 86' lang='grc' dir='ltr'><strong>τῶν</strong></span> 
     </span>
    </p>
   </div>
   <div class='ocr_carea' id='block_1_107' title="bbox 1091 2672 1877 2711">
    <p class='ocr_par' dir='ltr' id='par_1_107' title="bbox 1091 2672 1877 2711">
     <span class='ocr_line' id='line_1_108' title="bbox 1091 2672 1877 2711; baseline -0.005 -10"><span class='ocrx_word' id='word_1_732' title='bbox 1091 2675 1192 2701; x_wconf 83' lang='grc' dir='ltr'>λοιπῶν</span> <span class='ocrx_word' id='word_1_733' title='bbox 1206 2675 1336 2711; x_wconf 78' lang='grc' dir='ltr'>ἑρμηνεία</span> <span class='ocrx_word' id='word_1_734' title='bbox 1348 2683 1354 2690; x_wconf 94' lang='grc'><strong>·</strong></span> <span class='ocrx_word' id='word_1_735' title='bbox 1364 2675 1424 2701; x_wconf 83' lang='grc' dir='ltr'>ἀντὶ</span> <span class='ocrx_word' id='word_1_736' title='bbox 1436 2675 1489 2710; x_wconf 84' lang='grc' dir='ltr'><strong>γὰρ</strong></span> <span class='ocrx_word' id='word_1_737' title='bbox 1502 2674 1560 2706; x_wconf 84' lang='grc' dir='ltr'>τοῦ,</span> <span class='ocrx_word' id='word_1_738' title='bbox 1571 2673 1754 2709; x_wconf 75' lang='grc' dir='ltr'>ἐγενήθημεν</span> <span class='ocrx_word' id='word_1_739' title='bbox 1771 2672 1810 2704; x_wconf 89' lang='grc' dir='ltr'>ὡς</span> <span class='ocrx_word' id='word_1_740' title='bbox 1823 2679 1877 2706; x_wconf 79' lang='grc' dir='ltr'><strong>πᾳ-</strong></span> 
     </span>
    </p>
   </div>
   <div class='ocr_carea' id='block_1_108' title="bbox 253 2717 1046 2756">
    <p class='ocr_par' dir='ltr' id='par_1_108' title="bbox 253 2719 1038 2756">
     <span class='ocr_line' id='line_1_109' title="bbox 253 2719 1038 2756; baseline -0.011 -2"><span class='ocrx_word' id='word_1_741' title='bbox 253 2731 336 2754; x_wconf 86' lang='lat' dir='ltr'><strong>tatem</strong></span> <span class='ocrx_word' id='word_1_742' title='bbox 368 2730 489 2754; x_wconf 87' lang='lat' dir='ltr'><strong>nostram</strong></span> <span class='ocrx_word' id='word_1_743' title='bbox 512 2724 617 2751; x_wconf 89' lang='lat' dir='ltr'><strong>visione</strong></span> <span class='ocrx_word' id='word_1_744' title='bbox 648 2726 810 2756; x_wconf 84' lang='lat' dir='ltr'><strong>spectantes.</strong></span> <span class='ocrx_word' id='word_1_745' title='bbox 842 2719 927 2747; x_wconf 90' lang='lat' dir='ltr'><strong>Porro</strong></span> <span class='ocrx_word' id='word_1_746' title='bbox 951 2719 1038 2745; x_wconf 80' lang='lat' dir='ltr'><strong>instar</strong></span> 
     </span>
    </p>
   </div>
   <div class='ocr_carea' id='block_1_109' title="bbox 1097 2717 1877 2756">
    <p class='ocr_par' dir='ltr' id='par_1_109' title="bbox 1097 2717 1877 2754">
     <span class='ocr_line' id='line_1_110' title="bbox 1097 2717 1877 2754; baseline -0.005 -8"><span class='ocrx_word' id='word_1_747' title='bbox 1097 2721 1313 2754; x_wconf 68' lang='grc' dir='ltr'>ῡακεκλημένοι,</span> <span class='ocrx_word' id='word_1_748' title='bbox 1323 2719 1473 2754; x_wconf 76' lang='grc' dir='ltr'>συμφώνως</span> <span class='ocrx_word' id='word_1_749' title='bbox 1489 2720 1514 2746; x_wconf 84' lang='grc' dir='ltr'>οἱ</span> <span class='ocrx_word' id='word_1_750' title='bbox 1524 2720 1623 2751; x_wconf 85' lang='grc' dir='ltr'>πάντες</span> <span class='ocrx_word' id='word_1_751' title='bbox 1639 2717 1877 2753; x_wconf 68' lang='grc' dir='ltr'>φασὶν,ἐγεγήθη-</span> 
     </span>
    </p>
   </div>
   <div class='ocr_carea' id='block_1_110' title="bbox 252 2766 1037 2806">
    <p class='ocr_par' dir='ltr' id='par_1_110' title="bbox 252 2766 1037 2806">
     <span class='ocr_line' id='line_1_111' title="bbox 252 2766 1037 2806; baseline -0.01 -7"><span class='ocrx_word' id='word_1_752' title='bbox 252 2780 324 2800; x_wconf 71' lang='lat' dir='ltr'><strong>verae</strong></span> <span class='ocrx_word' id='word_1_753' title='bbox 338 2772 542 2806; x_wconf 80' lang='lat' dir='ltr'><strong>perspicuaeque</strong></span> <span class='ocrx_word' id='word_1_754' title='bbox 553 2767 664 2796; x_wconf 85' lang='lat' dir='ltr'><strong>visionis</strong></span> <span class='ocrx_word' id='word_1_755' title='bbox 675 2767 727 2794; x_wconf 86' lang='lat' dir='ltr'><strong>erit</strong></span> <span class='ocrx_word' id='word_1_756' title='bbox 741 2766 831 2793; x_wconf 66' lang='lat' dir='ltr'><strong>lmlitia</strong></span> <span class='ocrx_word' id='word_1_757' title='bbox 845 2771 950 2798; x_wconf 90' lang='lat' dir='ltr'><strong>nostra,</strong></span> <span class='ocrx_word' id='word_1_758' title='bbox 964 2768 1037 2799; x_wconf 64' lang='lat' dir='ltr'><strong>post~</strong></span> 
     </span>
    </p>
   </div>
   <div class='ocr_carea' id='block_1_111' title="bbox 295 2818 546 2851">
    <p class='ocr_par' dir='ltr' id='par_1_111' title="bbox 295 2818 546 2851">
     <span class='ocr_line' id='line_1_112' title="bbox 295 2818 546 2851; baseline -0.008 -5"><span class='ocrx_word' id='word_1_759' title='bbox 295 2820 306 2836; x_wconf 82' lang='grc'><strong><em>⁸</em></strong></span> <span class='ocrx_word' id='word_1_760' title='bbox 324 2819 408 2846; x_wconf 73' lang='lat' dir='ltr'><strong>Exod.</strong></span> <span class='ocrx_word' id='word_1_761' title='bbox 425 2825 481 2851; x_wconf 75' lang='lat' dir='ltr'><strong>xxv,</strong></span> <span class='ocrx_word' id='word_1_762' title='bbox 502 2818 546 2844; x_wconf 78' lang='grc' dir='ltr'><strong>Η.</strong></span> 
     </span>
    </p>
   </div>
   <div class='ocr_carea' id='block_1_112' title="bbox 301 2861 1052 2901">
    <p class='ocr_par' dir='ltr' id='par_1_112' title="bbox 301 2861 1052 2901">
     <span class='ocr_line' id='line_1_113' title="bbox 301 2861 1052 2901; baseline -0.009 -7"><span class='ocrx_word' id='word_1_763' title='bbox 301 2868 329 2901; x_wconf 78' lang='lat'><strong>&#39;5)</strong></span> <span class='ocrx_word' id='word_1_764' title='bbox 357 2866 433 2893; x_wconf 76' lang='grc' dir='ltr'>Ἐπεὶ</span> <span class='ocrx_word' id='word_1_765' title='bbox 458 2865 561 2901; x_wconf 44' lang='grc' dir='ltr'>τοῦτο..</span> <span class='ocrx_word' id='word_1_766' title='bbox 591 2863 727 2898; x_wconf 85' lang='lat' dir='ltr'><strong>lnterpres</strong></span> <span class='ocrx_word' id='word_1_767' title='bbox 749 2861 850 2897; x_wconf 86' lang='lat' dir='ltr'><strong>legisse</strong></span> <span class='ocrx_word' id='word_1_768' title='bbox 873 2861 982 2901; x_wconf 65' lang='lat' dir='ltr'><strong>videtur</strong></span> <span class='ocrx_word' id='word_1_769' title='bbox 1006 2861 1052 2901; x_wconf 70' lang='grc' dir='ltr'>ἐπὶ</span> 
     </span>
    </p>
   </div>
   <div class='ocr_carea' id='block_1_113' title="bbox 1087 2762 1875 2800">
    <p class='ocr_par' dir='ltr' id='par_1_113' title="bbox 1087 2762 1875 2800">
     <span class='ocr_line' id='line_1_114' title="bbox 1087 2762 1875 2800; baseline -0.001 -10"><span class='ocrx_word' id='word_1_770' title='bbox 1087 2774 1145 2798; x_wconf 74' lang='grc' dir='ltr'><strong>μεν</strong></span> <span class='ocrx_word' id='word_1_771' title='bbox 1158 2766 1198 2798; x_wconf 83' lang='grc' dir='ltr'>ὡς</span> <span class='ocrx_word' id='word_1_772' title='bbox 1215 2766 1465 2800; x_wconf 76' lang='grc' dir='ltr'>ἐνυπνιαζόμενοι,</span> <span class='ocrx_word' id='word_1_773' title='bbox 1479 2766 1535 2792; x_wconf 85' lang='grc' dir='ltr'>ἀλλ’</span> <span class='ocrx_word' id='word_1_774' title='bbox 1552 2766 1601 2800; x_wconf 83' lang='grc' dir='ltr'>οὐχ</span> <span class='ocrx_word' id='word_1_775' title='bbox 1620 2765 1694 2799; x_wconf 74' lang='grc' dir='ltr'>ὕπαρ</span> <span class='ocrx_word' id='word_1_776' title='bbox 1705 2763 1754 2799; x_wconf 82' lang='grc' dir='ltr'><strong>τὴν</strong></span> <span class='ocrx_word' id='word_1_777' title='bbox 1768 2762 1875 2790; x_wconf 74' lang='grc' dir='ltr'>ἐλευθε-</span> 
     </span>
    </p>
   </div>
   <div class='ocr_carea' id='block_1_114' title="bbox 1136 2857 1871 2896">
    <p class='ocr_par' dir='ltr' id='par_1_114' title="bbox 1136 2857 1871 2896">
     <span class='ocr_line' id='line_1_115' title="bbox 1136 2857 1871 2896; baseline -0.007 -8"><span class='ocrx_word' id='word_1_778' title='bbox 1136 2860 1186 2896; x_wconf 80' lang='grc'><strong>(5⁶)</strong></span> <span class='ocrx_word' id='word_1_779' title='bbox 1205 2858 1346 2887; x_wconf 87' lang='lat' dir='ltr'><strong>Nonnullis</strong></span> <span class='ocrx_word' id='word_1_780' title='bbox 1363 2858 1503 2896; x_wconf 73' lang='lat' dir='ltr'><strong>Patribus,</strong></span> <span class='ocrx_word' id='word_1_781' title='bbox 1523 2858 1568 2896; x_wconf 82' lang='lat' dir='ltr'><strong>qui</strong></span> <span class='ocrx_word' id='word_1_782' title='bbox 1580 2857 1749 2896; x_wconf 75' lang='lat' dir='ltr'><strong>gradualium</strong></span> <span class='ocrx_word' id='word_1_783' title='bbox 1763 2863 1871 2896; x_wconf 76' lang='lat' dir='ltr'><strong>quoque</strong></span> 
     </span>
    </p>
   </div>
   <div class='ocr_carea' id='block_1_115' title="bbox 255 2893 1046 2936">
    <p class='ocr_par' dir='ltr' id='par_1_115' title="bbox 255 2893 1046 2936">
     <span class='ocr_line' id='line_1_116' title="bbox 255 2893 1046 2936; baseline -0.008 -8"><span class='ocrx_word' id='word_1_784' title='bbox 255 2893 357 2936; x_wconf 65' lang='grc' dir='ltr'>τοῦτξρ,</span> <span class='ocrx_word' id='word_1_785' title='bbox 382 2901 423 2928; x_wconf 86' lang='lat' dir='ltr'><strong>vel</strong></span> <span class='ocrx_word' id='word_1_786' title='bbox 445 2902 491 2926; x_wconf 78' lang='grc' dir='ltr'><strong>ἐπὶ</strong></span> <span class='ocrx_word' id='word_1_787' title='bbox 516 2898 641 2931; x_wconf 82' lang='grc' dir='ltr'>τούτοις,</span> <span class='ocrx_word' id='word_1_788' title='bbox 664 2893 693 2925; x_wconf 77' lang='lat' dir='ltr'><strong>ut</strong></span> <span class='ocrx_word' id='word_1_789' title='bbox 720 2903 746 2926; x_wconf 82' lang='lat' dir='ltr'><strong>et</strong></span> <span class='ocrx_word' id='word_1_790' title='bbox 773 2893 908 2924; x_wconf 60' lang='lat' dir='ltr'><strong>sententia</strong></span> <span class='ocrx_word' id='word_1_791' title='bbox 935 2897 1046 2932; x_wconf 78' lang='lat' dir='ltr'><strong>postulat</strong></span> 
     </span>
    </p>
   </div>
   <div class='ocr_carea' id='block_1_116' title="bbox 1097 2893 1873 2936">
    <p class='ocr_par' dir='ltr' id='par_1_116' title="bbox 1101 2893 1873 2936">
     <span class='ocr_line' id='line_1_117' title="bbox 1101 2893 1873 2936; baseline -0.004 -14"><span class='ocrx_word' id='word_1_792' title='bbox 1101 2893 1266 2936; x_wconf 60' lang='lat' dir='ltr'><strong>psalmorum</strong></span> <span class='ocrx_word' id='word_1_793' title='bbox 1295 2899 1434 2936; x_wconf 49' lang='lat' dir='ltr'><strong>angorem</strong></span> <span class='ocrx_word' id='word_1_794' title='bbox 1475 2893 1601 2922; x_wconf 84' lang='lat' dir='ltr'><strong>Davidem</strong></span> <span class='ocrx_word' id='word_1_795' title='bbox 1637 2893 1873 2924; x_wconf 78' lang='lat' dir='ltr'><strong>existimaverunt,</strong></span> 
     </span>
    </p>
   </div>
   <div class='ocr_carea' id='block_1_117' title="bbox 257 2938 338 2964">
    <p class='ocr_par' dir='ltr' id='par_1_117' title="bbox 257 2938 338 2964">
     <span class='ocr_line' id='line_1_118' title="bbox 257 2938 338 2964; baseline 0 -1"><span class='ocrx_word' id='word_1_796' title='bbox 257 2938 338 2964; x_wconf 70' lang='lat' dir='ltr'><strong>Eutr.</strong></span> 
     </span>
    </p>
   </div>
   <div class='ocr_carea' id='block_1_118' title="bbox 1106 2929 1462 2959">
    <p class='ocr_par' dir='ltr' id='par_1_118' title="bbox 1106 2929 1462 2959">
     <span class='ocr_line' id='line_1_119' title="bbox 1106 2929 1462 2959; baseline -0.003 -2"><span class='ocrx_word' id='word_1_797' title='bbox 1106 2938 1177 2958; x_wconf 87' lang='lat' dir='ltr'><strong>nunc</strong></span> <span class='ocrx_word' id='word_1_798' title='bbox 1194 2931 1308 2959; x_wconf 80' lang='lat' dir='ltr'><strong>addatur</strong></span> <span class='ocrx_word' id='word_1_799' title='bbox 1322 2929 1462 2958; x_wconf 81' lang='lat' dir='ltr'><strong>Eusebius.</strong></span> 
     </span>
    </p>
   </div>
  </div>
