2059 3215
180 182 214 210 ΓΙ
744 181 994 209 COMMENTARIA
1014 181 1047 208 ΙΝ
1068 180 1237 209 PSALMOS.
1769 180 1803 208 i8

179 243 241 276 ρίαν
256 242 334 278 ἡμῶν
357 242 568 278 φανταζόμενοι·
586 241 661 269 ἔσται
680 243 707 269 δὲ
729 242 802 278 ὕπαρ
819 243 866 269 καὶ
891 243 964 277 ἐναρ-

1022 250 1104 276 quant
1121 241 1218 275 reliqui
1243 247 1350 275 quoque
1371 239 1469 266 fratres
1495 240 1578 267 nostri
1606 247 1620 267 a
1646 240 1803 274 captivitate

176 287 229 322 γὴς
238 287 316 322 ἡμῶν
327 287 343 323 ἡ
354 287 435 322 χαρὰ,
445 287 555 314 ἐπειδὰν
569 287 615 313 καὶ
629 287 653 313 οἱ
667 287 755 313 λοιποὶ
768 287 845 322 ἡμῶν
858 287 966 322 ἀδελφοὶ

178 332 234 360 ἀπὸ
253 333 303 367 τῆς
323 332 510 368 αἰχμαλωσίας
536 332 728 359 ἐπανέλθωσιν·
757 333 799 367 ἐφ’
820 329 842 366 ᾧ
863 332 910 359 καὶ
932 332 967 359 τὰ

179 377 243 414 ἔθνη
262 377 443 414 μκαριοῦσιν
460 378 544 413 ἡμᾶς,
557 378 596 410 ὡς
609 378 663 406 ἴδια
675 378 741 414 μέλη
756 379 964 414 κομισαμένους·

180 423 210 450 ἓν
223 423 277 460 γὰρ
289 424 318 450 τὺ
330 423 411 459 σῶμα
427 424 481 451 τῶν
497 423 668 460 σωζομένων.

271 468 338 495 Τότε
353 469 494 502 ἐπλήσθη
510 468 604 502 χαρᾶς
617 468 651 495 τὸ
668 468 765 502 στόμα
783 467 877 503 ἡμῶν.

214 513 282 544 Τοὺς
296 513 428 547 λέγοντας
445 514 482 550 (4)
498 515 532 541 τὰ
553 515 612 541 θεῖα
636 515 678 550 ἐφ’
695 513 736 547 οἷς
759 515 865 551 καρπὸς
886 515 967 542 πνεύ-

179 565 273 592 ματος,
293 559 365 594 χαρὰ
388 561 443 591 τοῖς
467 560 612 586 ἀκούουσιν
627 560 657 586 τὸ
681 560 731 595 μὲν
753 560 839 596 στόμα
863 561 966 594 γίνεται

177 604 225 630 καὶ
245 604 391 641 ἐπληρώθη
417 607 521 640 χαρᾶς,
545 607 561 641 ἡ
587 606 615 632 δὲ
639 606 749 640 γλῶσσα
769 607 965 640 ἀγαλλιάσεως,

177 650 223 684 ἀφ’
237 647 274 677 ὧν
292 651 334 686 ῥεῖ
347 650 419 686 χαρὰ
432 652 479 677 καὶ
493 651 652 686 ἀγαλλίασις
661 661 668 667 ’
687 652 789 679 τούτων
806 653 834 679 δὲ
857 653 965 688 γινομέ-

177 705 240 728 νων,
255 697 280 722 oi.
295 697 348 723 ἀπὸ
364 697 418 723 τῶν
438 696 522 723 ἐθνῶν
538 697 724 733 διδασκόμενοι
741 697 966 734 λέγουσιν-Ἔμε-

175 741 273 775 γάλύνε
298 742 400 778 Κύριος
419 743 466 770 τοῦ
487 743 599 778 ποιῆσαι
625 744 683 778 μετ’
700 744 806 771 αὐτῶν·
828 744 877 771 καὶ
901 745 966 780 περὶ

177 787 281 814 ἑαυτῶν
296 788 324 814 δέ
336 797 416 823 φασιν
426 788 658 824 εὐχαριστοῦντες·
669 790 849 824 Ἐμεγάλυνε
857 791 965 825 Κύριος

176 833 231 860 τοῦ
239 833 364 867 ποιῆσαι
374 833 438 868 μεθ’
447 833 539 868 ἡμῶν-⁸
564 834 732 870 ἐγενήθημεν
745 835 962 871 εὐφραινόμενοι.

183 879 249 905 Ἐπὶ
261 879 310 914 μὲν
319 879 377 905 τῶν
389 879 528 914 ποταμῶν
537 879 718 912 Βαϐυλῶνος
725 880 906 915 ἐκαθίσαμεν
915 882 964 908 καὶ

1020 287 1121 314 fuerint
1143 287 1256 315 reversi.
1278 287 1365 320 Quam
1392 293 1449 312 rem
1474 289 1567 320 gentes
1592 292 1700 320 quoque
1725 285 1802 312 nobis

1019 333 1237 368 gratulabuntur,
1253 341 1301 360 ceu
1327 332 1372 367 qui
1393 333 1513 359 membra
1541 335 1632 359 nostra
1657 338 1802 365 recupera.

1019 380 1147 407 verimus.
1169 378 1259 407 Unum
1278 379 1378 414 quippe
1393 377 1559 405 salvatorum
1580 377 1720 404 hominum
1741 383 1803 404 cor-

1020 434 1070 461 pus
1085 431 1137 453 est.

1052 471 1133 498 VERS.
1152 470 1179 498 Ξ.
1197 469 1269 497 Tunc
1287 469 1412 505 repletum
1429 474 1465 496 est
1481 469 1578 504 gaudio
1597 476 1625 495 os
1642 472 1770 494 nostrum.

1056 518 1167 550 Eorum,
1182 517 1228 552 qui
1242 516 1334 544 divina
1346 516 1521 550 eloquuntur,
1541 515 1566 542 in
1579 515 1678 549 quibus
1692 515 1802 548 spiritus

1020 565 1123 593 fructus
1139 569 1192 597 est,
1207 564 1333 599 gaudiutn
1350 562 1522 590 audientibus
1535 566 1610 588 creat
1626 569 1657 588 ος
1674 561 1801 595 jucundi-

1021 615 1076 638 tale
1091 610 1254 642 redundans,
1271 613 1299 636 et
1316 608 1405 642 lingua
1422 606 1517 633 ttiilluit
1531 606 1722 634 exsultatione.
1737 605 1802 638 Quae

1019 664 1079 683 cum
1104 655 1161 682 ﬁeri
1180 659 1274 689 gentes
1296 657 1480 688 cognoscunt,
1498 652 1594 678 aiunt:
1621 651 1802 686 Magniﬁcavit

1020 700 1150 728 Dominus
1175 699 1265 726 facere
1286 706 1347 725 cum
1364 698 1414 724 eis.
1432 696 1488 723 lmo
1509 700 1535 723 et
1556 696 1589 724 de
1610 703 1639 723 se
1654 696 1719 730 ipsis
1738 703 1799 723 cum

1019 744 1166 778 gratiarum
1198 742 1305 769 actione
1328 741 1442 768 dicunt:
1468 740 1646 775 Magniﬁcauit
1672 740 1800 767 Dominus

1019 789 1104 825 facere
1125 790 1278 820 nobiscum;
1297 788 1411 822 ideoque
1435 787 1516 814 laetati
1539 794 1643 814 sumus.
1664 785 1699 813 Et
1722 794 1800 821 super

1017 836 1129 870 ﬂumina
1145 835 1253 870 quidem
1268 835 1410 870 Babylonis
1431 833 1525 867 (Judaei
1539 833 1673 868 inquiunt)
1687 833 1800 860 sedimus

1018 889 1049 907 ac
1064 881 1183 916 [ierimus
1197 882 1227 913 ";
1245 888 1306 908 cum
1320 885 1411 908 autem
1429 879 1499 906 Deus
1515 879 1636 914 captivos
1651 879 1799 912 revocavit,

175 924 383 958 ἐκλαύσαμεν’
403 925 432 951 ὲν
456 924 484 951 δὲ
505 924 544 960 τῷ
557 925 719 960 ἐπιστρέψαι
736 926 781 952 τὸν
797 926 898 962 Κύριον
916 927 964 962 τὴν

1018 926 1142 960 repletum
1158 927 1196 953 est
1213 927 1311 962 gaudio
1327 934 1354 953 as
1375 931 1491 952 nostrum
1503 925 1521 951 ".
1539 924 1647 952 Similes
1661 931 1741 959 porro
1760 925 1799 951 lo-

175 971 372 1005 αἰχμαλωσίαν,
387 970 526 1005 ἐπλήσθη
543 970 637 1006 χαρᾶς
661 971 693 998 τὸ
715 972 812 1006 στόμα
827 972 963 1008 ἠμὼν(5)·

183 1016 279 1043 Ἐπὰν
292 1015 464 1051 ποιήσωμεν
479 1016 518 1049 τῷ
537 1017 660 1051 στόματι
682 1017 825 1051 φυλακήν
835 1026 841 1033 ·
865 1019 912 1044 καὶ⁸
924 1018 964 1050 τὺ,

177 1061 276 1095 Στόμα
292 1061 407 1088 δικαίου
431 1061 544 1097 μελετᾷ
568 1062 695 1096 σοφίαν·
725 1063 772 1089 καὶ
793 1063 834 1094 τὺ,
854 1064 966 1098 "Arare

177 1107 237 1133 σὸν
259 1108 366 1142 στόμα,
392 1107 473 1142 λέγει
502 1108 588 1140 Θεός·
613 1108 659 1135 καὶ
684 1109 780 1144 ὃμοια·
810 1109 845 1136 Τὸ
870 1111 966 1145 στόμα

177 1151 262 1186 ἡμῶν
271 1153 383 1188 ἀνέῳγε
393 1153 468 1187 πρὸς
478 1152 565 1187 ὑμᾶς,
578 1154 723 1188 Κορίνθιοι
731 1163 739 1170 ο
753 1154 813 1181 τότε
824 1154 966 1190 ἀληθεύον-

175 1205 222 1229 τες
235 1198 356 1233 φήσομεν
365 1207 371 1213 -
383 1199 451 1225 Τότε
461 1198 599 1233 ἐπλήσθη
610 1199 705 1234 χαρᾶς
717 1199 750 1226 τὸ
761 1201 858 1234 στόμα
870 1200 963 1235 ἡμῶν.

176 1243 231 1271 Καὶ
246 1245 305 1278 μετ’
322 1244 410 1279 ὀλίγα’
437 1244 521 1272 Ἐπὰν
540 1245 567 1272 δὲ
596 1246 758 1281 φυλάξωμεν
769 1246 818 1278 τὰς
832 1246 907 1278 ὁδοὺς
918 1247 964 1273 τοῦ

178 1290 214 1324 μὴ
231 1290 408 1325 ἁμαρτάνειν,
422 1289 481 1316 τότε
505 1290 715 1327 πληρωθήσεται
728 1292 744 1327 ἡ
761 1291 872 1326 γλῶσσα
886 1292 965 1327 ήμῶν

175 1334 378 1368 ἀγαλλιάσεως”
398 1335 519 1372 ἐπλήσθη
540 1336 568 1362 δὲ
595 1337 682 1372 χαρᾶς
708 1336 755 1363 καὶ
779 1337 809 1363 τὸ
832 1336 964 1363 Φιλιππου

175 1381 273 1417 στόμα,
297 1382 341 1408 ὅτε
360 1381 467 1415 ἀνοίξας
489 1382 519 1408 τὺ
534 1383 620 1418 στόμα
637 1383 730 1416 αὑτοῦ,
749 1384 795 1410 καὶ
814 1383 966 1419 ἀρξάμενος

175 1427 229 1454 ἀπὸ
240 1427 297 1459 τοῦ,
319 1428 366 1460 Ὠς
377 1428 525 1462 πρόϐατον
534 1428 584 1455 ἐπὶ
598 1428 722 1463 σφαγὴν
741 1428 830 1463 ἢχθη,
847 1429 964 1464 εὐηγγε-

176 1473 267 1500 λίσατο
281 1473 325 1499 τὸν
346 1472 447 1508 Ἰησοῦν
461 1473 501 1509 τῷ
515 1473 634 1509 εὐνούχῳ
648 1474 766 1500 Αἰθίοπι.

226 1519 407 1554 Ἐμεγάλυνε
421 1520 528 1554 Κύριος
540 1520 593 1546 τοῦ
608 1520 732 1554 ποιῆσαι
742 1521 806 1555 μεθ’
822 1520 916 1555 ἡμῶν.

216 1564 355 1600 Ἀνωτέρω
373 1565 421 1600 μὲν
433 1564 470 1597 ὡς
483 1565 532 1600 ἠδη
549 1565 717 1601 ἐπιστροφῆς
731 1565 785 1592 ἀπὸ
799 1565 849 1601 τῆς
864 1566 964 1601 αἰχμα-

174 1609 276 1641 λωσίας
297 1610 454 1646 γινομένης,
482 1610 604 1645 εἴρηνται
625 1611 649 1637 οι
673 1610 719 1637 δύο
741 1611 843 1646 στίχοι·
872 1610 920 1637 νῦν
934 1610 962 1637 δὲ
979 1604 1001 1634 C

174 1655 212 1687 ὡς
229 1655 268 1681 ἔτι
282 1656 311 1681 ὲν
325 1655 497 1691 αἰχμαλωσίᾳ
509 1655 558 1687 ὢν,
578 1655 664 1682 ταῦτά
677 1664 759 1690 φησιν
774 1657 788 1682 ὁ
805 1656 962 1692 Προφήτης,

174 1700 205 1727 τὸ
219 1700 267 1736 μὲν
274 1700 403 1737 πρότερον
413 1701 601 1736 προφητεύων,
614 1699 772 1737 οἷμαι,περὶ
783 1701 837 1728 τῶν
852 1702 964 1728 ἀποστό-

175 1745 239 1778 λων,
256 1745 287 1772 τδ
302 1746 330 1773 δὲ
344 1746 469 1782 δεύτερον
483 1747 515 1773 ἐκ
529 1746 675 1782 προσώπου
689 1747 775 1782 λέγων
791 1747 844 1774 τῶν
861 1747 945 1775 ὲθνῶν
955 1757 961 1763 ·

174 1791 228 1818 τῶν
236 1791 290 1827 γὰρ
300 1793 328 1819 ὲν
335 1793 390 1824 τοῖς
401 1791 505 1819 ἔθνεσίν
515 1793 588 1820 ἐστιν
603 1793 636 1820 τὰ
644 1793 697 1820 ἀπὸ
712 1793 770 1825 τοῦ,
787 1793 964 1828 Ἐμετάλιννε

174 1838 282 1871 Κύριος
296 1838 349 1865 τοῦ
369 1838 493 1872 ποιῆσαι
511 1841 575 1874 μεθ’
588 1839 683 1875 ἡμῶν,
702 1841 755 1873 ἕως
777 1841 835 1873 τοῦ,
851 1841 891 1874 ὡς
905 1849 964 1876 χει-

173 1882 307 1918 μάρῤους
322 1884 356 1911 ἐν
372 1884 413 1917 τῷ
429 1885 514 1918 νότῳ.

208 1929 416 1963 Ἐπίστρεψον,
431 1930 533 1963 Κύριε,
546 1929 604 1964 τὴν
617 1931 823 1966 αὶχμαλωσίαν
841 1931 934 1966 ἡμῶν.

217 1973 383 2006 ’Δκολούθως
396 1974 443 2001 καὶ
457 1974 543 2001 ταῦτα
558 1975 733 2011 προσέθηκαν
753 1977 809 2008 τοῖς
825 1975 942 2012 πρώτοις
954 1984 961 1991 ·

174 2019 206 2047 οὐ
218 2019 273 2054 γὰρ
286 2019 521 2055 ἀναισθητοῦντες,
531 2021 608 2056 φησὶ,
618 2021 667 2056 τῆς
681 2022 720 2053 εἰς
734 2022 807 2056 ἡμᾶς
823 2021 872 2056 ήδη
886 2029 963 2055 γενο-

177 2065 261 2100 μένης
277 2065 444 2101 εὐεργεσίας,
465 2066 551 2093 ταῦτα
568 2075 669 2102 φαμεν,
684 2066 741 2092 ἀλλ’
756 2065 960 2101 ὁμολογοῦντες,

174 2111 214 2137 ὅτι
229 2111 336 2146 μεγάλα
359 2111 408 2146 μὲν
425 2111 535 2146 ἐποίησε
558 2111 617 2148 μεθ’
639 2111 718 2147 ἡμῶν
730 2112 744 2137 ὁ
762 2111 837 2144 Θεὸς,
853 2112 899 2138 καὶ
913 2111 962 2147 ἠδη

174 2157 326 2192 γεγόναμεν
350 2158 380 2184 ὲν
406 2158 575 2195 εὐφροσύνῃ·
597 2158 669 2185 οὕτω
691 2159 720 2186 δὲ
746 2158 863 2194 ἔχοντες,
889 2159 963 2194 ὅμως

174 2202 244 2238 ὑπὲρ
260 2203 313 2229 τῶν
331 2203 503 2230 καταλοίπων
520 2204 608 2239 μελῶν
621 2204 699 2240 ἡμῶν
713 2204 829 2240 δεόμεθα
844 2204 890 2231 καὶ
908 2205 963 2230 ἰκε-

172 2248 288 2283 τεύομεν
300 2248 423 2283 λέγοντες
435 2258 441 2264 ·
466 2249 673 2284 Ἐπίστρεψον,
682 2250 782 2284 Κύριε,
791 2249 849 2283 τὴν
857 2251 963 2284 αἰχμα-

173 2293 288 2319 λωσίαν
304 2293 388 2328 ἡμῶν
399 2294 439 2327 ὡς
452 2293 629 2329 χειμάρῤους
645 2294 681 2321 ὲν
698 2293 738 2327 τῷ
753 2295 845 2328 νότῳ·
861 2294 960 2321 ἄτοπον

174 2337 228 2373 γὰρ
237 2339 300 2371 τοὺς
317 2340 366 2375 μὲν
380 2340 428 2375 τῆς
451 2340 527 2372 θείας
540 2340 666 2374 γνώσεως
688 2342 784 2377 ἐστερη
790 2340 896 2376 μένους,
910 2340 960 2376 τὴν

174 2383 215 2415 είς
243 2385 313 2420 ἡμᾶς
343 2386 528 2422 γεγενημένην
555 2385 758 2422 φιλανθρωπίαν
788 2385 957 2421 θαυμάζειν,

174 2428 248 2464 ἡμᾶς
258 2429 287 2455 δὲ
296 2430 358 2462 τοὺς
367 2431 415 2467 τῆς
423 2432 563 2464 εὐσεϐείας
584 2432 776 2468 τετυχηκότας,
798 2432 958 2468 ἀχαριστίαν

174 2475 274 2502 νοσεῖν-

283 2521 316 2546 Οί
330 2522 502 2556 σπείροντες
517 2524 553 2549 ἐν
568 2523 724 2557 δάκρυσιν,
741 2531 768 2549 κ.
787 2531 813 2549 τ.
829 2522 853 2548 λ.

214 2566 244 2592 '0
258 2566 378 2602 σπείρων
393 2568 420 2594 ὲν
433 2567 557 2604 δάκρυσι,
572 2570 613 2601 εις
624 2569 654 2596 τὸ
666 2568 774 2604 πνεῦμα
785 2568 891 2604 σπείρει
904 2567 958 2595 τῶν

173 2611 219 2638 ἐπὶ
242 2613 299 2643 τοῖς
321 2611 436 2647 δάκρυσι
451 2615 674 2650 μακαριζομένων
684 2624 690 2630 ·
706 2616 735 2642 ὲν
750 2615 906 2650 ἀγαλλιάσει
929 2615 957 2641 δὲ

123 2665 132 2676 ο
174 2656 275 2693 θερίζει
290 2657 362 2694 ζωὴν
375 2658 493 2693 αἰώνιον,
507 2662 520 2687 ὁ
534 2661 676 2696 τυγγάνων
696 2661 745 2697 ἠδη
761 2661 808 2688 τοῦ
823 2661 905 2696 γελᾷν
919 2660 957 2696 τῷ

173 2703 318 2739 πνεύματι.
326 2720 359 2724 -
367 2704 430 2736 Τοῖς
442 2706 567 2741 περὶτῶν
578 2706 678 2734 λοιπῶν
692 2706 869 2743 αἰχμαλώτων
881 2707 958 2742 αἰτή-

174 2757 235 2776 σασι
252 2750 282 2777 τὸ
293 2750 368 2777 Θείον
376 2751 552 2787 ἀποκρίνεται
560 2753 599 2785 τὸ,
606 2753 750 2787 Μακάριοι
761 2754 788 2780 οἱ
798 2753 956 2785 κλαίοντες

1016 974 1139 1001 culiones
1155 978 1235 1001 sunt:
1260 972 1326 1000 Cum
1347 981 1471 1008 ponemus
1496 973 1536 999 ori
1565 972 1712 999 custodiam
1723 973 1744 1005 9;
1761 977 1799 1004 et,

1017 1018 1053 1046 Os
1065 1019 1133 1053 justi
1146 1020 1289 1046 meditatur
1305 1019 1462 1052 sapientiam
1475 1019 1511 1044 ”:
1524 1023 1562 1050 et,
1577 1018 1655 1052 Aperi
1673 1026 1701 1044 os
1715 1022 1799 1048 tuum,

1016 1064 1080 1090 dicit
1096 1064 1222 1091 Dominus
1234 1064 1271 1096 “;
1290 1064 1395 1098 aliaque
1408 1063 1558 1096 hujuSmodi
1572 1063 1681 1095 :veluti,
1702 1062 1737 1088 Os
1753 1070 1801 1088 ns-

1015 1115 1098 1137 strum
1113 1114 1182 1144 patet
1194 1110 1229 1136 ad
1243 1117 1298 1141 vos,
1311 1109 1440 1136 Corinthii
1453 1111 1485 1136 ".
1501 1109 1568 1136 Tum
1584 1116 1646 1136 vere
1659 1109 1798 1136 dicemus:

1017 1155 1090 1182 Tunc
1103 1156 1228 1190 repletum
1242 1160 1280 1182 est
1296 1155 1393 1190 gaudio
1411 1163 1439 1182 os
1455 1160 1582 1182 nostrum.
1599 1154 1632 1181 Et
1649 1153 1741 1188 paucis
1758 1154 1800 1180 iu-

1017 1202 1138 1237 terjectis
1150 1212 1156 1229 :
1167 1202 1235 1229 Cum
1253 1201 1462 1229 custodierimus
1473 1203 1532 1228 vias
1549 1205 1667 1232 nostras,
1682 1207 1714 1227 ne
1731 1200 1800 1228 forte

1016 1255 1178 1282 peccemus,
1198 1253 1263 1275 tunc
1280 1248 1368 1283 lingua
1393 1253 1484 1274 nostra
1508 1246 1655 1282 replebitur
1679 1245 1799 1274 exsulta-

1017 1295 1101 1323 tione.
1116 1294 1221 1322 Gaudio
1238 1301 1346 1328 quoque
1362 1293 1476 1328 Philippi
1495 1300 1526 1320 os
1545 1292 1718 1323 redundavit,
1736 1299 1799 1319 cum

1015 1339 1080 1367 illud
1099 1340 1234 1374 aperiens,
1252 1339 1460 1374 incipiensquea
1475 1339 1564 1366 verbis
1581 1338 1645 1371 illis,
1663 1337 1799 1373 Tanquam

1015 1386 1069 1412 ovis
1095 1386 1130 1412 ad
1149 1385 1306 1412 occisionem
1328 1385 1422 1412 ductus
1450 1389 1488 1412 est
1512 1384 1648 1417 ",Jesum
1675 1384 1801 1411 eunucho

1015 1431 1134 1467 ιΕιιιίορί
1146 1431 1339 1466 evangelizavit
1355 1431 1398 1457 "‘.

1033 1478 1117 1506 Vsus.
1132 1477 1159 1504 5.
1179 1477 1361 1512 Magni/ienuit
1383 1476 1511 1504 Dominus
1529 1476 1615 1511 facere
1635 1476 1780 1503 nobiscum.

1050 1523 1181 1558 Superius
1203 1531 1253 1551 ceu
1273 1528 1335 1558 post
1356 1522 1470 1549 reditum
1498 1530 1512 1549 a
1534 1523 1709 1557 captivitate,
1734 1521 1798 1549 dicti

1018 1569 1094 1597 fuere
1114 1570 1168 1596 duo
1186 1569 1325 1596 versiculi.
1348 1568 1423 1596 Nunc
1439 1573 1565 1602 tanquam
1584 1567 1672 1594 adhuc
1697 1567 1723 1594 in
1752 1574 1798 1594 ca-

1018 1616 1143 1650 ptivitate
1156 1616 1292 1647 detentus,
1307 1615 1366 1642 hmo
1379 1616 1416 1642 ait
1427 1614 1578 1650 Propheta;
1596 1620 1674 1641 antea
1689 1613 1797 1648 quidem

1020 1662 1055 1690 de
1080 1662 1220 1695 apostolis,
1241 1667 1271 1689 ut.
1294 1666 1370 1696 puto,
1388 1662 1539 1689 vaticinans
1551 1682 1558 1693 ,
1570 1661 1666 1688 deinde
1685 1667 1748 1687 vero
1765 1667 1798 1686 ex

1016 1708 1187 1735 ethnicorum
1206 1715 1320 1743 persona
1341 1707 1464 1742 loquens.
1488 1707 1611 1742 Namque
1627 1706 1798 1734 ethnicorum

1014 1758 1076 1781 sunt
1086 1755 1179 1787 verba,
1189 1762 1203 1781 a
1221 1754 1400 1789 Magni/ienuit
1415 1754 1543 1782 Dominus
1551 1754 1637 1789 facere
1652 1753 1798 1784 nobiscum,

1015 1807 1100 1835 usque
1115 1799 1165 1833 ad,
1184 1800 1251 1827 sicut
1266 1805 1367 1828 torrens
1389 1802 1416 1827 in
1435 1805 1534 1827 austro.

1030 1933 1111 1961 Vsus.
1126 1933 1154 1960 4.
1173 1932 1308 1965 Converte,
1324 1932 1443 1965 Domine,
1457 1931 1633 1965 captivitatem
1652 1936 1778 1958 nostram.

1049 1979 1234 2006 Consentauea
1245 1978 1460 2013 praecedentibus
1468 1978 1526 2005 haec
1532 1977 1591 2012 subj
1597 1982 1709 2012 ungunt.
1721 1976 1796 2004 llaud

1014 2024 1144 2060 equidem
1156 2023 1249 2052 collati
1269 2024 1347 2052 nobis
1361 2023 1485 2051 beneﬁcii
1499 2023 1670 2050 immemores
1686 2023 1741 2049 haec
1758 2023 1798 2048 di-

1014 2073 1119 2104 cimus;
1138 2070 1184 2099 sed
1200 2070 1313 2105 grandia
1336 2070 1477 2098 nobiscum
1493 2069 1590 2097 iecisse
1605 2069 1688 2096 Deum
1711 2067 1799 2095 faten-

1014 2123 1066 2151 tes,
1080 2117 1177 2153 gaudio
1190 2115 1339 2144 eiIerimur.
1360 2115 1452 2142 Nihilo
1471 2119 1560 2142 tamen
1577 2114 1667 2141 minus
1687 2120 1735 2148 pro
1753 2121 1797 2140 re-

1013 2163 1097 2199 liquis
1107 2161 1245 2191 tmembris
1264 2160 1366 2188 nostris
1386 2168 1516 2193 oramus,
1545 2159 1736 2195 supplicesque
1756 2159 1799 2185 di-

1013 2210 1116 2238 cimus:
1131 2208 1267 2240 Converte,
1275 2206 1396 2240 Domine,
1407 2207 1586 2240 captivitatem
1601 2211 1730 2236 nostram,
1745 2205 1799 2231 sic-

1013 2260 1041 2282 ut
1057 2260 1157 2282 torrens
1173 2254 1200 2280 in
1215 2256 1318 2280 austro.
1331 2252 1486 2279 Absurdum
1506 2251 1578 2278 enint
1594 2251 1674 2283 foret,
1693 2251 1716 2278 si
1734 2251 1797 2278 dum

1013 2300 1115 2328 ethnici
1134 2299 1231 2327 divinae
1256 2298 1358 2325 notitia:
1374 2297 1477 2332 ignari,
1501 2297 1673 2324 clementiam
1697 2296 1724 2324 in
1750 2303 1798 2322 nos

1013 2346 1137 2375 collatam
1159 2345 1346 2375 admirantur,
1372 2350 1421 2370 nos
1439 2350 1533 2370 veram
1555 2342 1716 2376 rcligionem
1739 2349 1799 2369 sor-

1017 2391 1072 2423 titi,
1091 2390 1190 2426 ingrati
1204 2389 1286 2417 animi
1307 2388 1403 2416 morbo
1416 2387 1612 2414 laboraremus.

1093 2523 1176 2550 Vrsas.
1195 2522 1222 2549 5.
1240 2521 1291 2554 Qui
1310 2520 1439 2547 seminum
1457 2519 1486 2546 in
1499 2519 1636 2554 lacrymis,
1657 2522 1708 2544 etc.

1046 2569 1096 2603 Qui
1112 2567 1228 2596 seminat
1244 2567 1270 2594 in
1285 2566 1423 2602 Iacrymis,
1439 2565 1588 2593 secundum
1606 2563 1735 2597 spiritum.
1750 2568 1796 2588 se-

1011 2616 1096 2642 minat
1113 2614 1219 2641 illorum
1231 2612 1276 2648 qui
1291 2613 1326 2640 ob
1339 2612 1473 2647 lacrymas
1486 2610 1557 2638 beati
1569 2609 1714 2640 dicuntur;
1730 2614 1792 2633 cum

1009 2661 1187 2689 exsultatione
1194 2663 1283 2687 autem
1295 2660 1377 2687 vitam
1389 2664 1516 2685 aeternam
1523 2656 1615 2689 metit;
1628 2654 1726 2688 quippe
1738 2654 1794 2687 qui,

1009 2712 1039 2734 ut
1060 2706 1155 2741 spiritu
1182 2706 1284 2738 rideat,
1300 2705 1356 2740 jam
1380 2708 1542 2732 consecutus
1566 2707 1617 2728 est.
1636 2715 1669 2721 —-
1687 2700 1720 2728 Iis
1749 2699 1795 2734 qui

1009 2759 1059 2787 pro
1076 2751 1188 2786 reliquis
1202 2751 1317 2786 captivis
1328 2754 1450 2781 orarum.
1466 2749 1537 2776 Deus
1551 2746 1696 2782 respondet
1714 2745 1796 2773 eti"an

207 2805 225 2842 ξ.
242 2804 314 2842 ΡητειΙ.
337 2813 456 2840 cxxxvt,
475 2806 500 2834 1.
539 2807 550 2824 "
571 2807 642 2836 Psal.
667 2817 756 2840 cxxv,
778 2808 805 2835 2.
852 2810 863 2825 ⁹
887 2808 958 2835 Psal.

1015 2816 1091 2842 xvut,
1109 2808 1138 2836 2.
1176 2808 1198 2824 ¹⁰
1215 2807 1287 2835 Psal.
1312 2814 1405 2839 xxxvi,
1430 2806 1474 2833 50.
1514 2805 1534 2820 ”
1553 2804 1624 2833 Psal.
1655 2803 1798 2837 tum“.

176 2838 226 2866 I’ll
244 2841 305 2867 Cur.
327 2848 365 2874 vr,
383 2842 426 2870 ﬂ.
449 2838 488 2859 ’¹³
503 2841 558 2871 lsa.
574 2850 632 2877 LIII,
649 2844 676 2871 'l.
718 2838 823 2873 “‘Act.
845 2851 909 2876 vut,
926 2844 973 2872 55.

211 2898 249 2933 (ι)
265 2897 303 2927 lta
316 2899 393 2928 codd.

1045 2899 1084 2934 (5)
1100 2899 1181 2926 Deest
1199 2897 1311 2932 aliquid.
