  <div class='ocr_page' id='page_1' title='image "/cluster/home/n/w/nwhite01/storage/ocr_20150623/24/njp.32101077772513/017.png"; bbox 0 0 2059 3215; ppageno 0'>
   <div class='ocr_carea' id='block_1_1' title="bbox 279 176 313 204">
    <p class='ocr_par' dir='ltr' id='par_1_1' title="bbox 279 176 313 204">
     <span class='ocr_line' id='line_1_1' title="bbox 279 176 313 204; baseline 0 0"><span class='ocrx_word' id='word_1_1' title='bbox 279 176 313 204; x_wconf 80' lang='grc' dir='ltr'><strong>ιο</strong></span> 
     </span>
    </p>
   </div>
   <div class='ocr_carea' id='block_1_2' title="bbox 622 175 1102 204">
    <p class='ocr_par' dir='ltr' id='par_1_2' title="bbox 622 175 1102 204">
     <span class='ocr_line' id='line_1_2' title="bbox 622 175 1102 204; baseline 0.002 -2"><span class='ocrx_word' id='word_1_2' title='bbox 622 175 754 204; x_wconf 82' lang='lat' dir='ltr'><strong>EUSEBII</strong></span> <span class='ocrx_word' id='word_1_3' title='bbox 772 175 1009 203; x_wconf 68' lang='lat' dir='ltr'><strong>C£SARIENSIS</strong></span> <span class='ocrx_word' id='word_1_4' title='bbox 1027 175 1102 203; x_wconf 84' lang='lat' dir='ltr'><strong>OPP.</strong></span> 
     </span>
    </p>
   </div>
   <div class='ocr_carea' id='block_1_3' title="bbox 1121 175 1891 204">
    <p class='ocr_par' dir='ltr' id='par_1_3' title="bbox 1121 175 1891 204">
     <span class='ocr_line' id='line_1_3' title="bbox 1121 175 1891 204; baseline 0.003 -2"><span class='ocrx_word' id='word_1_5' title='bbox 1121 175 1210 203; x_wconf 82' lang='lat' dir='ltr'><strong>PARS</strong></span> <span class='ocrx_word' id='word_1_6' title='bbox 1229 175 1274 204; x_wconf 82' lang='lat' dir='ltr'><strong>III.</strong></span> <span class='ocrx_word' id='word_1_7' title='bbox 1295 191 1329 196; x_wconf 97' lang='lat'><strong>—</strong></span> <span class='ocrx_word' id='word_1_8' title='bbox 1345 175 1547 204; x_wconf 82' lang='lat' dir='ltr'><strong>EXEGETICA.</strong></span> <span class='ocrx_word' id='word_1_9' title='bbox 1855 175 1891 204; x_wconf 72' lang='grc'><strong>20</strong></span> 
     </span>
    </p>
   </div>
   <div class='ocr_carea' id='block_1_4' title="bbox 279 235 1061 272">
    <p class='ocr_par' dir='ltr' id='par_1_4' title="bbox 279 235 1058 270">
     <span class='ocr_line' id='line_1_4' title="bbox 279 235 1058 270; baseline -0.003 -6"><span class='ocrx_word' id='word_1_10' title='bbox 279 237 326 265; x_wconf 81' lang='lat' dir='ltr'><strong>illo</strong></span> <span class='ocrx_word' id='word_1_11' title='bbox 341 245 348 263; x_wconf 71' lang='grc' dir='ltr'><em>τ</em></span> <span class='ocrx_word' id='word_1_12' title='bbox 366 236 442 263; x_wconf 79' lang='lat' dir='ltr'><strong>Beati</strong></span> <span class='ocrx_word' id='word_1_13' title='bbox 459 237 505 270; x_wconf 86' lang='lat' dir='ltr'><strong>qui</strong></span> <span class='ocrx_word' id='word_1_14' title='bbox 520 236 619 270; x_wconf 73' lang='lat' dir='ltr'><strong>lugent,</strong></span> <span class='ocrx_word' id='word_1_15' title='bbox 639 236 701 270; x_wconf 87' lang='lat' dir='ltr'><strong>quia</strong></span> <span class='ocrx_word' id='word_1_16' title='bbox 716 235 837 262; x_wconf 78' lang='lat' dir='ltr'><strong>ridebunt</strong></span> <span class='ocrx_word' id='word_1_17' title='bbox 849 235 882 262; x_wconf 78' lang='lat'><strong>&quot;.</strong></span> <span class='ocrx_word' id='word_1_18' title='bbox 896 235 972 268; x_wconf 84' lang='lat' dir='ltr'><strong>Quod</strong></span> <span class='ocrx_word' id='word_1_19' title='bbox 997 236 1019 263; x_wconf 89' lang='lat' dir='ltr'><strong>si</strong></span> <span class='ocrx_word' id='word_1_20' title='bbox 1041 237 1058 263; x_wconf 88' lang='lat' dir='ltr'><strong>ii</strong></span> 
     </span>
    </p>
   </div>
   <div class='ocr_carea' id='block_1_5' title="bbox 1110 235 1891 272">
    <p class='ocr_par' dir='ltr' id='par_1_5' title="bbox 1112 235 1891 272">
     <span class='ocr_line' id='line_1_5' title="bbox 1112 235 1891 272; baseline 0.001 -10"><span class='ocrx_word' id='word_1_21' title='bbox 1112 235 1156 262; x_wconf 80' lang='grc' dir='ltr'>ὅτι</span> <span class='ocrx_word' id='word_1_22' title='bbox 1172 236 1255 263; x_wconf 76' lang='grc' dir='ltr'>αὐτοὶ</span> <span class='ocrx_word' id='word_1_23' title='bbox 1267 236 1457 271; x_wconf 68' lang='grc' dir='ltr'>γελάσονται·</span> <span class='ocrx_word' id='word_1_24' title='bbox 1475 237 1544 272; x_wconf 80' lang='grc' dir='ltr'>ὅπερ</span> <span class='ocrx_word' id='word_1_25' title='bbox 1555 237 1580 263; x_wconf 75' lang='grc' dir='ltr'><strong>ει</strong></span> <span class='ocrx_word' id='word_1_26' title='bbox 1593 237 1749 271; x_wconf 82' lang='grc' dir='ltr'><strong>ποιήσουσιν</strong></span> <span class='ocrx_word' id='word_1_27' title='bbox 1763 236 1786 262; x_wconf 89' lang='grc' dir='ltr'>οἱ</span> <span class='ocrx_word' id='word_1_28' title='bbox 1796 238 1824 263; x_wconf 86' lang='grc' dir='ltr'>ὲν</span> <span class='ocrx_word' id='word_1_29' title='bbox 1837 237 1891 264; x_wconf 81' lang='grc' dir='ltr'><strong>Βα-</strong></span> 
     </span>
    </p>
   </div>
   <div class='ocr_carea' id='block_1_6' title="bbox 281 281 1062 317">
    <p class='ocr_par' dir='ltr' id='par_1_6' title="bbox 281 281 1062 317">
     <span class='ocr_line' id='line_1_6' title="bbox 281 281 1062 317; baseline 0 -8"><span class='ocrx_word' id='word_1_30' title='bbox 281 283 382 309; x_wconf 80' lang='lat' dir='ltr'><strong>iacient</strong></span> <span class='ocrx_word' id='word_1_31' title='bbox 401 282 447 317; x_wconf 89' lang='lat' dir='ltr'><strong>qui</strong></span> <span class='ocrx_word' id='word_1_32' title='bbox 461 281 596 317; x_wconf 82' lang='lat' dir='ltr'><strong>Babylone</strong></span> <span class='ocrx_word' id='word_1_33' title='bbox 612 281 700 309; x_wconf 87' lang='lat' dir='ltr'><strong>adhuc</strong></span> <span class='ocrx_word' id='word_1_34' title='bbox 719 287 793 314; x_wconf 85' lang='lat' dir='ltr'><strong>sunt,</strong></span> <span class='ocrx_word' id='word_1_35' title='bbox 813 282 910 309; x_wconf 84' lang='lat' dir='ltr'><strong>bonam</strong></span> <span class='ocrx_word' id='word_1_36' title='bbox 926 289 1000 317; x_wconf 82' lang='lat' dir='ltr'><strong>spem</strong></span> <span class='ocrx_word' id='word_1_37' title='bbox 1021 282 1062 309; x_wconf 86' lang='lat' dir='ltr'><strong>lu-</strong></span> 
     </span>
    </p>
   </div>
   <div class='ocr_carea' id='block_1_7' title="bbox 280 326 1061 362">
    <p class='ocr_par' dir='ltr' id='par_1_7' title="bbox 280 326 1061 362">
     <span class='ocr_line' id='line_1_7' title="bbox 280 326 1061 362; baseline 0.003 -9"><span class='ocrx_word' id='word_1_38' title='bbox 280 328 368 361; x_wconf 71' lang='lat' dir='ltr'><strong>gendo</strong></span> <span class='ocrx_word' id='word_1_39' title='bbox 389 331 513 354; x_wconf 78' lang='lat' dir='ltr'><strong>serentes</strong></span> <span class='ocrx_word' id='word_1_40' title='bbox 526 345 533 358; x_wconf 87' lang='lat'><strong>,</strong></span> <span class='ocrx_word' id='word_1_41' title='bbox 551 326 678 360; x_wconf 77' lang='lat' dir='ltr'><strong>gaudium</strong></span> <span class='ocrx_word' id='word_1_42' title='bbox 704 331 821 360; x_wconf 85' lang='lat' dir='ltr'><strong>meteut;</strong></span> <span class='ocrx_word' id='word_1_43' title='bbox 848 327 974 362; x_wconf 85' lang='lat' dir='ltr'><strong>lacrymis</strong></span> <span class='ocrx_word' id='word_1_44' title='bbox 993 335 1061 362; x_wconf 83' lang='lat' dir='ltr'><strong>quas</strong></span> 
     </span>
    </p>
   </div>
   <div class='ocr_carea' id='block_1_8' title="bbox 281 372 1059 408">
    <p class='ocr_par' dir='ltr' id='par_1_8' title="bbox 281 372 1059 408">
     <span class='ocr_line' id='line_1_8' title="bbox 281 372 1059 408; baseline 0.004 -10"><span class='ocrx_word' id='word_1_45' title='bbox 281 372 408 399; x_wconf 74' lang='lat' dir='ltr'><strong>fuderunt</strong></span> <span class='ocrx_word' id='word_1_46' title='bbox 419 380 537 399; x_wconf 88' lang='lat' dir='ltr'><strong>amorem</strong></span> <span class='ocrx_word' id='word_1_47' title='bbox 554 372 672 407; x_wconf 92' lang='lat' dir='ltr'><strong>indepti,</strong></span> <span class='ocrx_word' id='word_1_48' title='bbox 691 378 718 399; x_wconf 87' lang='lat' dir='ltr'><strong>et</strong></span> <span class='ocrx_word' id='word_1_49' title='bbox 743 373 842 400; x_wconf 88' lang='lat' dir='ltr'><strong>reditus</strong></span> <span class='ocrx_word' id='word_1_50' title='bbox 866 373 990 408; x_wconf 79' lang='lat' dir='ltr'><strong>gaudium</strong></span> <span class='ocrx_word' id='word_1_51' title='bbox 1016 382 1059 401; x_wconf 89' lang='lat' dir='ltr'><strong>re-</strong></span> 
     </span>
    </p>
   </div>
   <div class='ocr_carea' id='block_1_9' title="bbox 281 418 1061 454">
    <p class='ocr_par' dir='ltr' id='par_1_9' title="bbox 281 418 1061 454">
     <span class='ocr_line' id='line_1_9' title="bbox 281 418 1061 454; baseline 0.001 -9"><span class='ocrx_word' id='word_1_52' title='bbox 281 418 397 452; x_wconf 87' lang='lat' dir='ltr'><strong>cepturi.</strong></span> <span class='ocrx_word' id='word_1_53' title='bbox 413 418 446 445; x_wconf 84' lang='lat' dir='ltr'><strong>Et</strong></span> <span class='ocrx_word' id='word_1_54' title='bbox 468 418 490 445; x_wconf 89' lang='lat' dir='ltr'><strong>si</strong></span> <span class='ocrx_word' id='word_1_55' title='bbox 507 418 615 452; x_wconf 85' lang='lat' dir='ltr'><strong>quidem</strong></span> <span class='ocrx_word' id='word_1_56' title='bbox 640 426 751 453; x_wconf 72' lang='lat' dir='ltr'><strong>germen</strong></span> <span class='ocrx_word' id='word_1_57' title='bbox 767 419 874 453; x_wconf 82' lang='lat' dir='ltr'><strong>aliquod</strong></span> <span class='ocrx_word' id='word_1_58' title='bbox 890 426 960 446; x_wconf 67' lang='lat' dir='ltr'><strong>verm</strong></span> <span class='ocrx_word' id='word_1_59' title='bbox 977 419 1061 454; x_wconf 83' lang='lat' dir='ltr'><strong>pieta-</strong></span> 
     </span>
    </p>
   </div>
   <div class='ocr_carea' id='block_1_10' title="bbox 281 463 1057 496">
    <p class='ocr_par' dir='ltr' id='par_1_10' title="bbox 281 463 1057 496">
     <span class='ocr_line' id='line_1_10' title="bbox 281 463 1057 496; baseline 0.001 -5"><span class='ocrx_word' id='word_1_60' title='bbox 281 464 317 491; x_wconf 80' lang='lat' dir='ltr'><strong>tis</strong></span> <span class='ocrx_word' id='word_1_61' title='bbox 337 463 524 494; x_wconf 81' lang='lat' dir='ltr'><strong>servaverint,</strong></span> <span class='ocrx_word' id='word_1_62' title='bbox 556 464 660 490; x_wconf 85' lang='lat' dir='ltr'><strong>animas</strong></span> <span class='ocrx_word' id='word_1_63' title='bbox 692 470 756 490; x_wconf 84' lang='lat' dir='ltr'><strong>suas</strong></span> <span class='ocrx_word' id='word_1_64' title='bbox 780 463 862 491; x_wconf 87' lang='lat' dir='ltr'><strong>veluti</strong></span> <span class='ocrx_word' id='word_1_65' title='bbox 888 464 1057 496; x_wconf 81' lang='lat' dir='ltr'><strong>excolentes.</strong></span> 
     </span>
    </p>
   </div>
   <div class='ocr_carea' id='block_1_11' title="bbox 281 511 1060 546">
    <p class='ocr_par' dir='ltr' id='par_1_11' title="bbox 281 511 1060 546">
     <span class='ocr_line' id='line_1_11' title="bbox 281 511 1060 546; baseline 0 -7"><span class='ocrx_word' id='word_1_66' title='bbox 281 512 394 539; x_wconf 93' lang='lat' dir='ltr'><strong>multum</strong></span> <span class='ocrx_word' id='word_1_67' title='bbox 419 511 445 538; x_wconf 93' lang='lat' dir='ltr'><strong>in</strong></span> <span class='ocrx_word' id='word_1_68' title='bbox 470 512 558 538; x_wconf 84' lang='lat' dir='ltr'><strong>reditu</strong></span> <span class='ocrx_word' id='word_1_69' title='bbox 582 511 698 538; x_wconf 78' lang='lat' dir='ltr'><strong>fructum</strong></span> <span class='ocrx_word' id='word_1_70' title='bbox 729 511 887 546; x_wconf 81' lang='lat' dir='ltr'><strong>percipient.</strong></span> <span class='ocrx_word' id='word_1_71' title='bbox 913 511 1004 546; x_wconf 85' lang='lat' dir='ltr'><strong>Usque</strong></span> <span class='ocrx_word' id='word_1_72' title='bbox 1027 512 1060 539; x_wconf 90' lang='lat' dir='ltr'><strong>ad</strong></span> 
     </span>
    </p>
   </div>
   <div class='ocr_carea' id='block_1_12' title="bbox 281 557 1061 593">
    <p class='ocr_par' dir='ltr' id='par_1_12' title="bbox 281 557 1061 593">
     <span class='ocr_line' id='line_1_12' title="bbox 281 557 1061 593; baseline 0 -7"><span class='ocrx_word' id='word_1_73' title='bbox 281 559 333 586; x_wconf 80' lang='lat' dir='ltr'><strong>hoc</strong></span> <span class='ocrx_word' id='word_1_74' title='bbox 347 558 497 593; x_wconf 68' lang='lat' dir='ltr'><strong>septimum</strong></span> <span class='ocrx_word' id='word_1_75' title='bbox 513 557 648 585; x_wconf 79' lang='lat' dir='ltr'><strong>canticum</strong></span> <span class='ocrx_word' id='word_1_76' title='bbox 664 577 672 589; x_wconf 88' lang='lat'><strong>,</strong></span> <span class='ocrx_word' id='word_1_77' title='bbox 688 557 722 585; x_wconf 89' lang='lat' dir='ltr'><strong>de</strong></span> <span class='ocrx_word' id='word_1_78' title='bbox 736 558 849 592; x_wconf 87' lang='lat' dir='ltr'><strong>captivis</strong></span> <span class='ocrx_word' id='word_1_79' title='bbox 870 557 969 585; x_wconf 74' lang='lat' dir='ltr'><strong>Judznis</strong></span> <span class='ocrx_word' id='word_1_80' title='bbox 992 559 1061 586; x_wconf 90' lang='lat' dir='ltr'><strong>vati-</strong></span> 
     </span>
    </p>
   </div>
   <div class='ocr_carea' id='block_1_13' title="bbox 281 603 485 632">
    <p class='ocr_par' dir='ltr' id='par_1_13' title="bbox 281 603 485 632">
     <span class='ocr_line' id='line_1_13' title="bbox 281 603 485 632; baseline 0 -2"><span class='ocrx_word' id='word_1_81' title='bbox 281 604 352 631; x_wconf 81' lang='lat' dir='ltr'><strong>cinia</strong></span> <span class='ocrx_word' id='word_1_82' title='bbox 366 603 485 632; x_wconf 75' lang='lat' dir='ltr'><strong>fuerunt.</strong></span> 
     </span>
    </p>
   </div>
   <div class='ocr_carea' id='block_1_14' title="bbox 524 647 812 676">
    <p class='ocr_par' dir='ltr' id='par_1_14' title="bbox 524 647 812 676">
     <span class='ocr_line' id='line_1_14' title="bbox 524 647 812 676; baseline 0.003 -2"><span class='ocrx_word' id='word_1_83' title='bbox 524 647 682 676; x_wconf 74' lang='lat' dir='ltr'><strong>PSALMUS</strong></span> <span class='ocrx_word' id='word_1_84' title='bbox 698 648 812 675; x_wconf 70' lang='lat' dir='ltr'><strong>CXXVI.</strong></span> 
     </span>
    </p>
   </div>
   <div class='ocr_carea' id='block_1_15' title="bbox 316 693 1059 730">
    <p class='ocr_par' dir='ltr' id='par_1_15' title="bbox 316 693 1059 730">
     <span class='ocr_line' id='line_1_15' title="bbox 316 693 1059 730; baseline 0.001 -9"><span class='ocrx_word' id='word_1_85' title='bbox 316 694 469 721; x_wconf 88' lang='lat' dir='ltr'><strong>Secundum</strong></span> <span class='ocrx_word' id='word_1_86' title='bbox 494 693 652 722; x_wconf 83' lang='lat' dir='ltr'><strong>llebraicam</strong></span> <span class='ocrx_word' id='word_1_87' title='bbox 674 695 820 721; x_wconf 92' lang='lat' dir='ltr'><strong>editionem</strong></span> <span class='ocrx_word' id='word_1_88' title='bbox 845 702 993 730; x_wconf 83' lang='lat' dir='ltr'><strong>omnesque</strong></span> <span class='ocrx_word' id='word_1_89' title='bbox 1018 696 1059 722; x_wconf 90' lang='lat' dir='ltr'><strong>iu-</strong></span> 
     </span>
    </p>
   </div>
   <div class='ocr_carea' id='block_1_16' title="bbox 281 739 1057 775">
    <p class='ocr_par' dir='ltr' id='par_1_16' title="bbox 281 739 1057 775">
     <span class='ocr_line' id='line_1_16' title="bbox 281 739 1057 775; baseline 0.004 -10"><span class='ocrx_word' id='word_1_90' title='bbox 281 744 425 772; x_wconf 82' lang='lat' dir='ltr'><strong>terpretes,</strong></span> <span class='ocrx_word' id='word_1_91' title='bbox 439 746 558 774; x_wconf 69' lang='lat' dir='ltr'><strong>prmsens</strong></span> <span class='ocrx_word' id='word_1_92' title='bbox 584 740 719 767; x_wconf 82' lang='lat' dir='ltr'><strong>canticum</strong></span> <span class='ocrx_word' id='word_1_93' title='bbox 739 739 891 768; x_wconf 80' lang='lat' dir='ltr'><strong>Salom0nis</strong></span> <span class='ocrx_word' id='word_1_94' title='bbox 904 747 946 768; x_wconf 91' lang='lat' dir='ltr'><strong>est</strong></span> <span class='ocrx_word' id='word_1_95' title='bbox 966 741 1057 775; x_wconf 87' lang='lat' dir='ltr'><strong>(sicuti</strong></span> 
     </span>
    </p>
   </div>
   <div class='ocr_carea' id='block_1_17' title="bbox 279 784 1059 822">
    <p class='ocr_par' dir='ltr' id='par_1_17' title="bbox 279 784 1059 822">
     <span class='ocr_line' id='line_1_17' title="bbox 279 784 1059 822; baseline 0.006 -12"><span class='ocrx_word' id='word_1_96' title='bbox 279 784 324 810; x_wconf 84' lang='lat' dir='ltr'><strong>alii</strong></span> <span class='ocrx_word' id='word_1_97' title='bbox 344 784 405 811; x_wconf 91' lang='lat' dir='ltr'><strong>aliis</strong></span> <span class='ocrx_word' id='word_1_98' title='bbox 418 784 601 811; x_wconf 84' lang='lat' dir='ltr'><strong>inscribuntur</strong></span> <span class='ocrx_word' id='word_1_99' title='bbox 616 786 773 813; x_wconf 81' lang='lat' dir='ltr'><strong>auctoribus</strong></span> <span class='ocrx_word' id='word_1_100' title='bbox 788 786 909 822; x_wconf 85' lang='lat' dir='ltr'><strong>psalmi),</strong></span> <span class='ocrx_word' id='word_1_101' title='bbox 925 788 996 821; x_wconf 91' lang='lat' dir='ltr'><strong>quod</strong></span> <span class='ocrx_word' id='word_1_102' title='bbox 1016 788 1059 815; x_wconf 89' lang='lat' dir='ltr'><strong>di-</strong></span> 
     </span>
    </p>
   </div>
   <div class='ocr_carea' id='block_1_18' title="bbox 278 829 1057 866">
    <p class='ocr_par' dir='ltr' id='par_1_18' title="bbox 278 829 1057 866">
     <span class='ocr_line' id='line_1_18' title="bbox 278 829 1057 866; baseline 0.008 -12"><span class='ocrx_word' id='word_1_103' title='bbox 278 834 350 855; x_wconf 83' lang='lat' dir='ltr'><strong>ctum</strong></span> <span class='ocrx_word' id='word_1_104' title='bbox 369 829 418 856; x_wconf 90' lang='lat' dir='ltr'><strong>l&#39;uit</strong></span> <span class='ocrx_word' id='word_1_105' title='bbox 430 837 463 857; x_wconf 90' lang='lat' dir='ltr'><strong>eo</strong></span> <span class='ocrx_word' id='word_1_106' title='bbox 479 835 598 864; x_wconf 88' lang='lat' dir='ltr'><strong>tempore</strong></span> <span class='ocrx_word' id='word_1_107' title='bbox 612 838 666 864; x_wconf 90' lang='lat' dir='ltr'><strong>quo</strong></span> <span class='ocrx_word' id='word_1_108' title='bbox 678 831 806 866; x_wconf 85' lang='lat' dir='ltr'><strong>templum</strong></span> <span class='ocrx_word' id='word_1_109' title='bbox 821 832 972 859; x_wconf 76' lang='lat' dir='ltr'><strong>aediﬁcavit.</strong></span> <span class='ocrx_word' id='word_1_110' title='bbox 991 832 1057 860; x_wconf 83' lang='lat' dir='ltr'><strong>Nam</strong></span> 
     </span>
    </p>
   </div>
   <div class='ocr_carea' id='block_1_19' title="bbox 278 873 1056 912">
    <p class='ocr_par' dir='ltr' id='par_1_19' title="bbox 278 873 1056 912">
     <span class='ocr_line' id='line_1_19' title="bbox 278 873 1056 912; baseline 0.005 -12"><span class='ocrx_word' id='word_1_111' title='bbox 278 882 337 901; x_wconf 79' lang='lat' dir='ltr'><strong>cum</strong></span> <span class='ocrx_word' id='word_1_112' title='bbox 355 873 442 902; x_wconf 75' lang='lat' dir='ltr'><strong>Judaei</strong></span> <span class='ocrx_word' id='word_1_113' title='bbox 466 875 501 902; x_wconf 92' lang='lat' dir='ltr'><strong>ob</strong></span> <span class='ocrx_word' id='word_1_114' title='bbox 515 875 574 909; x_wconf 74' lang='lat' dir='ltr'><strong>eius</strong></span> <span class='ocrx_word' id='word_1_115' title='bbox 588 875 693 903; x_wconf 66' lang='lat' dir='ltr'><strong>aedilicii</strong></span> <span class='ocrx_word' id='word_1_116' title='bbox 717 877 814 904; x_wconf 89' lang='lat' dir='ltr'><strong>molem</strong></span> <span class='ocrx_word' id='word_1_117' title='bbox 834 877 912 904; x_wconf 79' lang='lat' dir='ltr'><strong>valde</strong></span> <span class='ocrx_word' id='word_1_118' title='bbox 933 878 1056 912; x_wconf 82' lang='lat' dir='ltr'><strong>superbi-</strong></span> 
     </span>
    </p>
   </div>
   <div class='ocr_carea' id='block_1_20' title="bbox 278 913 1094 957">
    <p class='ocr_par' dir='ltr' id='par_1_20' title="bbox 278 913 1094 957">
     <span class='ocr_line' id='line_1_20' title="bbox 278 913 1094 957; baseline 0.004 -11"><span class='ocrx_word' id='word_1_119' title='bbox 278 925 349 952; x_wconf 86' lang='lat' dir='ltr'><strong>rent,</strong></span> <span class='ocrx_word' id='word_1_120' title='bbox 371 920 429 954; x_wconf 86' lang='lat' dir='ltr'><strong>ipse</strong></span> <span class='ocrx_word' id='word_1_121' title='bbox 454 920 544 948; x_wconf 90' lang='lat' dir='ltr'><strong>divino</strong></span> <span class='ocrx_word' id='word_1_122' title='bbox 561 920 663 955; x_wconf 86' lang='lat' dir='ltr'><strong>Spiritu</strong></span> <span class='ocrx_word' id='word_1_123' title='bbox 682 921 833 956; x_wconf 69' lang='lat' dir='ltr'><strong>prmVidens</strong></span> <span class='ocrx_word' id='word_1_124' title='bbox 856 930 1008 957; x_wconf 84' lang='lat' dir='ltr'><strong>supremam</strong></span> <span class='ocrx_word' id='word_1_125' title='bbox 1025 923 1058 949; x_wconf 81' lang='lat' dir='ltr'><strong>il-</strong></span> <span class='ocrx_word' id='word_1_126' title='bbox 1074 913 1094 940; x_wconf 69' lang='grc' dir='ltr'><strong>Β</strong></span> 
     </span>
    </p>
   </div>
   <div class='ocr_carea' id='block_1_21' title="bbox 279 965 1060 1004">
    <p class='ocr_par' dir='ltr' id='par_1_21' title="bbox 279 965 1060 1004">
     <span class='ocr_line' id='line_1_21' title="bbox 279 965 1060 1004; baseline 0.008 -13"><span class='ocrx_word' id='word_1_127' title='bbox 279 965 332 992; x_wconf 87' lang='lat' dir='ltr'><strong>lius</strong></span> <span class='ocrx_word' id='word_1_128' title='bbox 346 965 552 1001; x_wconf 84' lang='lat' dir='ltr'><strong>desolationem,</strong></span> <span class='ocrx_word' id='word_1_129' title='bbox 578 974 682 994; x_wconf 84' lang='lat' dir='ltr'><strong>necnon</strong></span> <span class='ocrx_word' id='word_1_130' title='bbox 702 967 819 996; x_wconf 81' lang='lat' dir='ltr'><strong>futuram</strong></span> <span class='ocrx_word' id='word_1_131' title='bbox 834 969 980 996; x_wconf 86' lang='lat' dir='ltr'><strong>Eeclesiam</strong></span> <span class='ocrx_word' id='word_1_132' title='bbox 999 977 1060 1004; x_wconf 64' lang='lat' dir='ltr'><strong>qua:</strong></span> 
     </span>
    </p>
   </div>
   <div class='ocr_carea' id='block_1_22' title="bbox 281 1011 1088 1045">
    <p class='ocr_par' dir='ltr' id='par_1_22' title="bbox 281 1011 1088 1045">
     <span class='ocr_line' id='line_1_22' title="bbox 281 1011 1088 1045; baseline 0.007 -8"><span class='ocrx_word' id='word_1_133' title='bbox 281 1019 295 1036; x_wconf 71' lang='grc' dir='ltr'><strong>π</strong></span> <span class='ocrx_word' id='word_1_134' title='bbox 323 1011 437 1039; x_wconf 88' lang='lat' dir='ltr'><strong>Domino</strong></span> <span class='ocrx_word' id='word_1_135' title='bbox 456 1016 511 1039; x_wconf 91' lang='lat' dir='ltr'><strong>toto</strong></span> <span class='ocrx_word' id='word_1_136' title='bbox 530 1013 596 1039; x_wconf 83' lang='lat' dir='ltr'><strong>orbe</strong></span> <span class='ocrx_word' id='word_1_137' title='bbox 614 1016 744 1040; x_wconf 86' lang='lat' dir='ltr'><strong>terrarum</strong></span> <span class='ocrx_word' id='word_1_138' title='bbox 757 1013 914 1041; x_wconf 66' lang='lat' dir='ltr'><strong>aediﬁcanda</strong></span> <span class='ocrx_word' id='word_1_139' title='bbox 928 1022 1003 1045; x_wconf 81' lang='lat' dir='ltr'><strong>erat.</strong></span> <span class='ocrx_word' id='word_1_140' title='bbox 1021 1015 1058 1042; x_wconf 81' lang='lat' dir='ltr'><strong>fa-</strong></span> <span class='ocrx_word' id='word_1_141' title='bbox 1085 1043 1088 1045; x_wconf 92' lang='lat'>_</span> 
     </span>
    </p>
   </div>
   <div class='ocr_carea' id='block_1_23' title="bbox 280 1058 1058 1095">
    <p class='ocr_par' dir='ltr' id='par_1_23' title="bbox 280 1058 1058 1095">
     <span class='ocr_line' id='line_1_23' title="bbox 280 1058 1058 1095; baseline 0.005 -12"><span class='ocrx_word' id='word_1_142' title='bbox 280 1063 322 1083; x_wconf 87' lang='lat' dir='ltr'><strong>cla</strong></span> <span class='ocrx_word' id='word_1_143' title='bbox 336 1065 397 1083; x_wconf 88' lang='lat' dir='ltr'><strong>cum</strong></span> <span class='ocrx_word' id='word_1_144' title='bbox 414 1061 556 1085; x_wconf 82' lang='lat' dir='ltr'><strong>exstructo</strong></span> <span class='ocrx_word' id='word_1_145' title='bbox 569 1058 668 1092; x_wconf 83' lang='lat' dir='ltr'><strong>templo</strong></span> <span class='ocrx_word' id='word_1_146' title='bbox 681 1060 892 1094; x_wconf 83' lang='lat' dir='ltr'><strong>comparatione,</strong></span> <span class='ocrx_word' id='word_1_147' title='bbox 905 1060 975 1087; x_wconf 82' lang='lat' dir='ltr'><strong>illam</strong></span> <span class='ocrx_word' id='word_1_148' title='bbox 988 1068 1058 1095; x_wconf 75' lang='lat' dir='ltr'><strong>prm-</strong></span> 
     </span>
    </p>
   </div>
   <div class='ocr_carea' id='block_1_24' title="bbox 280 1101 1059 1141">
    <p class='ocr_par' dir='ltr' id='par_1_24' title="bbox 280 1101 1059 1141">
     <span class='ocr_line' id='line_1_24' title="bbox 280 1101 1059 1141; baseline 0.006 -13"><span class='ocrx_word' id='word_1_149' title='bbox 280 1101 332 1129; x_wconf 81' lang='lat' dir='ltr'><strong>iert</strong></span> <span class='ocrx_word' id='word_1_150' title='bbox 353 1103 491 1137; x_wconf 79' lang='lat' dir='ltr'><strong>magisque</strong></span> <span class='ocrx_word' id='word_1_151' title='bbox 513 1104 675 1136; x_wconf 86' lang='lat' dir='ltr'><strong>admiratur.</strong></span> <span class='ocrx_word' id='word_1_152' title='bbox 699 1112 754 1132; x_wconf 90' lang='lat' dir='ltr'><strong>rem</strong></span> <span class='ocrx_word' id='word_1_153' title='bbox 775 1111 936 1140; x_wconf 70' lang='lat' dir='ltr'><strong>praesentem</strong></span> <span class='ocrx_word' id='word_1_154' title='bbox 955 1107 1059 1141; x_wconf 72' lang='lat' dir='ltr'><strong>vitupe-</strong></span> 
     </span>
    </p>
   </div>
   <div class='ocr_carea' id='block_1_25' title="bbox 279 1149 1060 1186">
    <p class='ocr_par' dir='ltr' id='par_1_25' title="bbox 279 1149 1060 1186">
     <span class='ocr_line' id='line_1_25' title="bbox 279 1149 1060 1186; baseline 0.006 -12"><span class='ocrx_word' id='word_1_155' title='bbox 279 1155 344 1175; x_wconf 83' lang='lat' dir='ltr'><strong>rans</strong></span> <span class='ocrx_word' id='word_1_156' title='bbox 362 1156 409 1175; x_wconf 84' lang='lat' dir='ltr'><strong>ceu</strong></span> <span class='ocrx_word' id='word_1_157' title='bbox 433 1149 618 1183; x_wconf 80' lang='lat' dir='ltr'><strong>temporalem,</strong></span> <span class='ocrx_word' id='word_1_158' title='bbox 632 1157 720 1184; x_wconf 88' lang='lat' dir='ltr'><strong>neque</strong></span> <span class='ocrx_word' id='word_1_159' title='bbox 745 1150 786 1177; x_wconf 88' lang='lat' dir='ltr'><strong>vel</strong></span> <span class='ocrx_word' id='word_1_160' title='bbox 803 1151 938 1186; x_wconf 83' lang='lat' dir='ltr'><strong>paulisper</strong></span> <span class='ocrx_word' id='word_1_161' title='bbox 958 1152 1060 1186; x_wconf 73' lang='lat' dir='ltr'><strong>abSque</strong></span> 
     </span>
    </p>
   </div>
   <div class='ocr_carea' id='block_1_26' title="bbox 280 1191 1060 1230">
    <p class='ocr_par' dir='ltr' id='par_1_26' title="bbox 280 1191 1060 1230">
     <span class='ocr_line' id='line_1_26' title="bbox 280 1191 1060 1230; baseline 0.009 -13"><span class='ocrx_word' id='word_1_162' title='bbox 280 1191 328 1218; x_wconf 82' lang='lat' dir='ltr'><strong>Dei</strong></span> <span class='ocrx_word' id='word_1_163' title='bbox 350 1193 472 1219; x_wconf 72' lang='lat' dir='ltr'><strong>custodia</strong></span> <span class='ocrx_word' id='word_1_164' title='bbox 492 1194 659 1220; x_wconf 84' lang='lat' dir='ltr'><strong>duraturam.</strong></span> <span class='ocrx_word' id='word_1_165' title='bbox 675 1194 739 1226; x_wconf 75' lang='lat' dir='ltr'><strong>Qun.-</strong></span> <span class='ocrx_word' id='word_1_166' title='bbox 756 1202 827 1222; x_wconf 86' lang='lat' dir='ltr'><strong>nunc</strong></span> <span class='ocrx_word' id='word_1_167' title='bbox 845 1201 995 1230; x_wconf 87' lang='lat' dir='ltr'><strong>opportune</strong></span> <span class='ocrx_word' id='word_1_168' title='bbox 1015 1203 1060 1224; x_wconf 82' lang='lat' dir='ltr'><strong>ce-</strong></span> 
     </span>
    </p>
   </div>
   <div class='ocr_carea' id='block_1_27' title="bbox 278 1237 1059 1275">
    <p class='ocr_par' dir='ltr' id='par_1_27' title="bbox 278 1237 1059 1275">
     <span class='ocr_line' id='line_1_27' title="bbox 278 1237 1059 1275; baseline 0.008 -11"><span class='ocrx_word' id='word_1_169' title='bbox 278 1237 453 1265; x_wconf 79' lang='lat' dir='ltr'><strong>einitJudzeis</strong></span> <span class='ocrx_word' id='word_1_170' title='bbox 465 1239 601 1274; x_wconf 84' lang='lat' dir='ltr'><strong>Babylone</strong></span> <span class='ocrx_word' id='word_1_171' title='bbox 616 1240 757 1275; x_wconf 75' lang='lat' dir='ltr'><strong>regreSsis,</strong></span> <span class='ocrx_word' id='word_1_172' title='bbox 779 1246 806 1268; x_wconf 85' lang='lat' dir='ltr'><strong>et</strong></span> <span class='ocrx_word' id='word_1_173' title='bbox 821 1242 978 1269; x_wconf 81' lang='lat' dir='ltr'><strong>restituendi</strong></span> <span class='ocrx_word' id='word_1_174' title='bbox 995 1247 1059 1270; x_wconf 91' lang='lat' dir='ltr'><strong>tem-</strong></span> 
     </span>
    </p>
   </div>
   <div class='ocr_carea' id='block_1_28' title="bbox 278 1284 1060 1319">
    <p class='ocr_par' dir='ltr' id='par_1_28' title="bbox 278 1284 1060 1319">
     <span class='ocr_line' id='line_1_28' title="bbox 278 1284 1060 1319; baseline 0.006 -9"><span class='ocrx_word' id='word_1_175' title='bbox 278 1284 313 1318; x_wconf 80' lang='lat' dir='ltr'><strong>pli</strong></span> <span class='ocrx_word' id='word_1_176' title='bbox 333 1284 472 1317; x_wconf 82' lang='lat' dir='ltr'><strong>studiosis,</strong></span> <span class='ocrx_word' id='word_1_177' title='bbox 494 1290 575 1319; x_wconf 87' lang='lat' dir='ltr'><strong>atque</strong></span> <span class='ocrx_word' id='word_1_178' title='bbox 595 1286 629 1313; x_wconf 91' lang='lat' dir='ltr'><strong>ob</strong></span> <span class='ocrx_word' id='word_1_179' title='bbox 645 1294 704 1314; x_wconf 83' lang='lat' dir='ltr'><strong>eam</strong></span> <span class='ocrx_word' id='word_1_180' title='bbox 723 1294 779 1314; x_wconf 87' lang='lat' dir='ltr'><strong>rem</strong></span> <span class='ocrx_word' id='word_1_181' title='bbox 804 1287 873 1314; x_wconf 78' lang='lat' dir='ltr'><strong>fastu</strong></span> <span class='ocrx_word' id='word_1_182' title='bbox 899 1288 987 1316; x_wconf 78' lang='lat' dir='ltr'><strong>elatis.</strong></span> <span class='ocrx_word' id='word_1_183' title='bbox 1014 1289 1060 1316; x_wconf 76' lang='lat' dir='ltr'><strong>Ait</strong></span> 
     </span>
    </p>
   </div>
   <div class='ocr_carea' id='block_1_29' title="bbox 278 1330 1060 1366">
    <p class='ocr_par' dir='ltr' id='par_1_29' title="bbox 278 1330 1060 1366">
     <span class='ocr_line' id='line_1_29' title="bbox 278 1330 1060 1366; baseline 0.006 -10"><span class='ocrx_word' id='word_1_184' title='bbox 278 1338 344 1365; x_wconf 81' lang='lat' dir='ltr'><strong>ergo</strong></span> <span class='ocrx_word' id='word_1_185' title='bbox 358 1338 364 1356; x_wconf 89' lang='lat'><strong>:</strong></span> <span class='ocrx_word' id='word_1_186' title='bbox 384 1330 415 1358; x_wconf 89' lang='lat' dir='ltr'><strong>Si</strong></span> <span class='ocrx_word' id='word_1_187' title='bbox 428 1336 516 1359; x_wconf 83' lang='lat' dir='ltr'><strong>tamen</strong></span> <span class='ocrx_word' id='word_1_188' title='bbox 529 1332 659 1360; x_wconf 77' lang='lat' dir='ltr'><strong>Dominus</strong></span> <span class='ocrx_word' id='word_1_189' title='bbox 675 1333 848 1366; x_wconf 75' lang='lat' dir='ltr'><strong>custodierit;</strong></span> <span class='ocrx_word' id='word_1_190' title='bbox 866 1341 928 1361; x_wconf 87' lang='lat' dir='ltr'><strong>nam</strong></span> <span class='ocrx_word' id='word_1_191' title='bbox 949 1336 1060 1362; x_wconf 86' lang='lat' dir='ltr'><strong>custode</strong></span> 
     </span>
    </p>
   </div>
   <div class='ocr_carea' id='block_1_30' title="bbox 279 1376 1060 1412">
    <p class='ocr_par' dir='ltr' id='par_1_30' title="bbox 279 1376 1060 1412">
     <span class='ocr_line' id='line_1_30' title="bbox 279 1376 1060 1412; baseline 0.006 -10"><span class='ocrx_word' id='word_1_192' title='bbox 279 1376 433 1408; x_wconf 83' lang='lat' dir='ltr'><strong>recedente.</strong></span> <span class='ocrx_word' id='word_1_193' title='bbox 453 1376 590 1404; x_wconf 85' lang='lat' dir='ltr'><strong>desertum</strong></span> <span class='ocrx_word' id='word_1_194' title='bbox 612 1378 674 1409; x_wconf 85' lang='lat' dir='ltr'><strong>ﬁet,</strong></span> <span class='ocrx_word' id='word_1_195' title='bbox 694 1383 722 1406; x_wconf 83' lang='lat' dir='ltr'><strong>et</strong></span> <span class='ocrx_word' id='word_1_196' title='bbox 745 1379 847 1412; x_wconf 63' lang='lat' dir='ltr'><strong>quaevis</strong></span> <span class='ocrx_word' id='word_1_197' title='bbox 863 1380 1001 1407; x_wconf 87' lang='lat' dir='ltr'><strong>hominum</strong></span> <span class='ocrx_word' id='word_1_198' title='bbox 1017 1387 1060 1407; x_wconf 38' lang='lat' dir='ltr'><strong>see</strong></span> 
     </span>
    </p>
   </div>
   <div class='ocr_carea' id='block_1_31' title="bbox 279 1420 1058 1457">
    <p class='ocr_par' dir='ltr' id='par_1_31' title="bbox 279 1420 1058 1457">
     <span class='ocr_line' id='line_1_31' title="bbox 279 1420 1058 1457; baseline 0.008 -12"><span class='ocrx_word' id='word_1_199' title='bbox 279 1420 379 1447; x_wconf 83' lang='lat' dir='ltr'><strong>dulitas</strong></span> <span class='ocrx_word' id='word_1_200' title='bbox 402 1428 470 1448; x_wconf 82' lang='lat' dir='ltr'><strong>vana</strong></span> <span class='ocrx_word' id='word_1_201' title='bbox 498 1422 560 1449; x_wconf 90' lang='lat' dir='ltr'><strong>erit.</strong></span> <span class='ocrx_word' id='word_1_202' title='bbox 588 1422 621 1448; x_wconf 86' lang='lat' dir='ltr'><strong>Et</strong></span> <span class='ocrx_word' id='word_1_203' title='bbox 647 1423 737 1457; x_wconf 86' lang='lat' dir='ltr'><strong>templi</strong></span> <span class='ocrx_word' id='word_1_204' title='bbox 762 1424 870 1457; x_wconf 89' lang='lat' dir='ltr'><strong>quidem</strong></span> <span class='ocrx_word' id='word_1_205' title='bbox 896 1428 1058 1451; x_wconf 86' lang='lat' dir='ltr'><strong>structorem</strong></span> 
     </span>
    </p>
   </div>
   <div class='ocr_carea' id='block_1_32' title="bbox 278 1465 1058 1499">
    <p class='ocr_par' dir='ltr' id='par_1_32' title="bbox 278 1465 1058 1499">
     <span class='ocr_line' id='line_1_32' title="bbox 278 1465 1058 1499; baseline 0.005 -7"><span class='ocrx_word' id='word_1_206' title='bbox 278 1465 344 1492; x_wconf 68' lang='lat' dir='ltr'><strong>dicit</strong></span> <span class='ocrx_word' id='word_1_207' title='bbox 370 1466 530 1499; x_wconf 83' lang='lat' dir='ltr'><strong>Dominum;</strong></span> <span class='ocrx_word' id='word_1_208' title='bbox 559 1468 633 1495; x_wconf 89' lang='lat' dir='ltr'><strong>urbis</strong></span> <span class='ocrx_word' id='word_1_209' title='bbox 655 1474 743 1495; x_wconf 83' lang='lat' dir='ltr'><strong>autem</strong></span> <span class='ocrx_word' id='word_1_210' title='bbox 769 1469 946 1496; x_wconf 64' lang='lat' dir='ltr'><strong>aediﬁcatores</strong></span> <span class='ocrx_word' id='word_1_211' title='bbox 971 1471 1058 1497; x_wconf 91' lang='lat' dir='ltr'><strong>homi-</strong></span> 
     </span>
    </p>
   </div>
   <div class='ocr_carea' id='block_1_33' title="bbox 278 1512 1061 1543">
    <p class='ocr_par' dir='ltr' id='par_1_33' title="bbox 278 1512 1061 1543">
     <span class='ocr_line' id='line_1_33' title="bbox 278 1512 1061 1543; baseline 0.008 -6"><span class='ocrx_word' id='word_1_212' title='bbox 278 1519 338 1543; x_wconf 84' lang='lat' dir='ltr'><strong>nes,</strong></span> <span class='ocrx_word' id='word_1_213' title='bbox 358 1515 405 1538; x_wconf 87' lang='lat' dir='ltr'><strong>sed</strong></span> <span class='ocrx_word' id='word_1_214' title='bbox 428 1512 511 1541; x_wconf 85' lang='lat' dir='ltr'><strong>Deum</strong></span> <span class='ocrx_word' id='word_1_215' title='bbox 527 1515 675 1542; x_wconf 86' lang='lat' dir='ltr'><strong>custodem.</strong></span> <span class='ocrx_word' id='word_1_216' title='bbox 694 1514 763 1542; x_wconf 87' lang='lat' dir='ltr'><strong>Utile</strong></span> <span class='ocrx_word' id='word_1_217' title='bbox 782 1515 832 1542; x_wconf 86' lang='lat' dir='ltr'><strong>hoc</strong></span> <span class='ocrx_word' id='word_1_218' title='bbox 846 1516 945 1543; x_wconf 85' lang='lat' dir='ltr'><strong>dictum</strong></span> <span class='ocrx_word' id='word_1_219' title='bbox 964 1516 1061 1543; x_wconf 71' lang='lat' dir='ltr'><strong>adver-</strong></span> 
     </span>
    </p>
   </div>
   <div class='ocr_carea' id='block_1_34' title="bbox 278 1559 1093 1610">
    <p class='ocr_par' dir='ltr' id='par_1_34' title="bbox 278 1559 1093 1610">
     <span class='ocr_line' id='line_1_34' title="bbox 278 1559 1093 1610; baseline 0.007 -25"><span class='ocrx_word' id='word_1_220' title='bbox 278 1564 326 1585; x_wconf 81' lang='lat' dir='ltr'><strong>sus</strong></span> <span class='ocrx_word' id='word_1_221' title='bbox 340 1559 473 1594; x_wconf 70' lang='lat' dir='ltr'><strong>superbia:</strong></span> <span class='ocrx_word' id='word_1_222' title='bbox 489 1561 675 1596; x_wconf 79' lang='lat' dir='ltr'><strong>cogitationes.</strong></span> <span class='ocrx_word' id='word_1_223' title='bbox 1072 1581 1093 1610; x_wconf 65' lang='grc' dir='ltr'><strong>ο</strong></span> 
     </span>
    </p>
   </div>
   <div class='ocr_carea' id='block_1_35' title="bbox 362 1648 978 1684">
    <p class='ocr_par' dir='ltr' id='par_1_35' title="bbox 362 1648 978 1684">
     <span class='ocr_line' id='line_1_35' title="bbox 362 1648 978 1684; baseline 0.003 -10"><span class='ocrx_word' id='word_1_224' title='bbox 362 1648 442 1676; x_wconf 69' lang='lat' dir='ltr'><strong>Vens.</strong></span> <span class='ocrx_word' id='word_1_225' title='bbox 462 1649 490 1676; x_wconf 77' lang='grc'><strong>2.</strong></span> <span class='ocrx_word' id='word_1_226' title='bbox 511 1649 562 1682; x_wconf 85' lang='lat' dir='ltr'><strong>Qui</strong></span> <span class='ocrx_word' id='word_1_227' title='bbox 582 1650 747 1676; x_wconf 79' lang='lat' dir='ltr'><strong>manducatis</strong></span> <span class='ocrx_word' id='word_1_228' title='bbox 761 1658 853 1684; x_wconf 81' lang='lat' dir='ltr'><strong>panem</strong></span> <span class='ocrx_word' id='word_1_229' title='bbox 868 1649 978 1677; x_wconf 81' lang='lat' dir='ltr'><strong>doloris.</strong></span> 
     </span>
    </p>
   </div>
   <div class='ocr_carea' id='block_1_36' title="bbox 316 1705 1059 1740">
    <p class='ocr_par' dir='ltr' id='par_1_36' title="bbox 316 1705 1059 1740">
     <span class='ocr_line' id='line_1_36' title="bbox 316 1705 1059 1740; baseline 0.004 -9"><span class='ocrx_word' id='word_1_230' title='bbox 316 1705 464 1733; x_wconf 85' lang='lat' dir='ltr'><strong>Theodotio</strong></span> <span class='ocrx_word' id='word_1_231' title='bbox 479 1711 507 1733; x_wconf 91' lang='lat' dir='ltr'><strong>et</strong></span> <span class='ocrx_word' id='word_1_232' title='bbox 521 1706 613 1739; x_wconf 88' lang='lat' dir='ltr'><strong>quinta</strong></span> <span class='ocrx_word' id='word_1_233' title='bbox 624 1707 717 1738; x_wconf 87' lang='lat' dir='ltr'><strong>editio,</strong></span> <span class='ocrx_word' id='word_1_234' title='bbox 730 1715 822 1740; x_wconf 75' lang='lat' dir='ltr'><strong>panem</strong></span> <span class='ocrx_word' id='word_1_235' title='bbox 833 1707 976 1739; x_wconf 79' lang='lat' dir='ltr'><strong>idolorum,</strong></span> <span class='ocrx_word' id='word_1_236' title='bbox 990 1707 1059 1734; x_wconf 81' lang='lat' dir='ltr'><strong>scri-</strong></span> 
     </span>
    </p>
   </div>
   <div class='ocr_carea' id='block_1_37' title="bbox 278 1751 1060 1786">
    <p class='ocr_par' dir='ltr' id='par_1_37' title="bbox 278 1751 1060 1786">
     <span class='ocr_line' id='line_1_37' title="bbox 278 1751 1060 1786; baseline 0.001 -8"><span class='ocrx_word' id='word_1_237' title='bbox 278 1757 402 1786; x_wconf 77' lang='lat' dir='ltr'><strong>pserunt.</strong></span> <span class='ocrx_word' id='word_1_238' title='bbox 423 1751 455 1778; x_wconf 88' lang='lat' dir='ltr'><strong>Et</strong></span> <span class='ocrx_word' id='word_1_239' title='bbox 470 1753 576 1783; x_wconf 87' lang='lat' dir='ltr'><strong>merito,</strong></span> <span class='ocrx_word' id='word_1_240' title='bbox 595 1759 710 1786; x_wconf 75' lang='lat' dir='ltr'><strong>namque</strong></span> <span class='ocrx_word' id='word_1_241' title='bbox 733 1751 879 1779; x_wconf 78' lang='lat' dir='ltr'><strong>chraicns</strong></span> <span class='ocrx_word' id='word_1_242' title='bbox 901 1757 992 1779; x_wconf 80' lang='lat' dir='ltr'><strong>textus</strong></span> <span class='ocrx_word' id='word_1_243' title='bbox 1012 1753 1060 1780; x_wconf 81' lang='lat' dir='ltr'><strong>lia-</strong></span> 
     </span>
    </p>
   </div>
   <div class='ocr_carea' id='block_1_38' title="bbox 279 1796 1059 1831">
    <p class='ocr_par' dir='ltr' id='par_1_38' title="bbox 279 1796 1059 1831">
     <span class='ocr_line' id='line_1_38' title="bbox 279 1796 1059 1831; baseline -0.001 -7"><span class='ocrx_word' id='word_1_244' title='bbox 279 1799 334 1829; x_wconf 88' lang='lat' dir='ltr'><strong>bet,</strong></span> <span class='ocrx_word' id='word_1_245' title='bbox 350 1796 494 1831; x_wconf 81' lang='lat' dir='ltr'><strong>irreligiose</strong></span> <span class='ocrx_word' id='word_1_246' title='bbox 510 1805 596 1831; x_wconf 79' lang='lat' dir='ltr'><strong>agere,</strong></span> <span class='ocrx_word' id='word_1_247' title='bbox 619 1797 753 1830; x_wconf 87' lang='lat' dir='ltr'><strong>quomodo</strong></span> <span class='ocrx_word' id='word_1_248' title='bbox 765 1797 826 1823; x_wconf 78' lang='lat' dir='ltr'><strong>aliis</strong></span> <span class='ocrx_word' id='word_1_249' title='bbox 853 1797 934 1824; x_wconf 76' lang='lat' dir='ltr'><strong>etiam</strong></span> <span class='ocrx_word' id='word_1_250' title='bbox 954 1797 979 1823; x_wconf 90' lang='lat' dir='ltr'><strong>iu</strong></span> <span class='ocrx_word' id='word_1_251' title='bbox 993 1797 1059 1824; x_wconf 84' lang='lat' dir='ltr'><strong>locis</strong></span> 
     </span>
    </p>
   </div>
   <div class='ocr_carea' id='block_1_39' title="bbox 279 1842 1059 1877">
    <p class='ocr_par' dir='ltr' id='par_1_39' title="bbox 279 1842 1059 1877">
     <span class='ocr_line' id='line_1_39' title="bbox 279 1842 1059 1877; baseline 0.001 -9"><span class='ocrx_word' id='word_1_252' title='bbox 279 1842 379 1869; x_wconf 84' lang='lat' dir='ltr'><strong>idolum</strong></span> <span class='ocrx_word' id='word_1_253' title='bbox 397 1842 604 1877; x_wconf 75' lang='lat' dir='ltr'><strong>interpretatum</strong></span> <span class='ocrx_word' id='word_1_254' title='bbox 627 1843 759 1869; x_wconf 89' lang='lat' dir='ltr'><strong>videmus.</strong></span> <span class='ocrx_word' id='word_1_255' title='bbox 777 1842 907 1870; x_wconf 71' lang='lat' dir='ltr'><strong>Prmvidet</strong></span> <span class='ocrx_word' id='word_1_256' title='bbox 928 1847 1017 1869; x_wconf 87' lang='lat' dir='ltr'><strong>autem</strong></span> <span class='ocrx_word' id='word_1_257' title='bbox 1033 1843 1059 1869; x_wconf 93' lang='lat' dir='ltr'><strong>in</strong></span> 
     </span>
    </p>
   </div>
   <div class='ocr_carea' id='block_1_40' title="bbox 279 1888 1060 1924">
    <p class='ocr_par' dir='ltr' id='par_1_40' title="bbox 279 1888 1060 1924">
     <span class='ocr_line' id='line_1_40' title="bbox 279 1888 1060 1924; baseline -0.003 -8"><span class='ocrx_word' id='word_1_258' title='bbox 279 1889 374 1924; x_wconf 75' lang='lat' dir='ltr'><strong>spiritu</strong></span> <span class='ocrx_word' id='word_1_259' title='bbox 392 1888 520 1916; x_wconf 78' lang='lat' dir='ltr'><strong>Salomon</strong></span> <span class='ocrx_word' id='word_1_260' title='bbox 543 1890 600 1916; x_wconf 87' lang='lat' dir='ltr'><strong>l&#39;ore</strong></span> <span class='ocrx_word' id='word_1_261' title='bbox 623 1894 652 1915; x_wconf 84' lang='lat' dir='ltr'><strong>ut</strong></span> <span class='ocrx_word' id='word_1_262' title='bbox 674 1889 718 1922; x_wconf 89' lang='lat' dir='ltr'><strong>qui</strong></span> <span class='ocrx_word' id='word_1_263' title='bbox 738 1889 866 1923; x_wconf 86' lang='lat' dir='ltr'><strong>templum</strong></span> <span class='ocrx_word' id='word_1_264' title='bbox 888 1896 902 1915; x_wconf 81' lang='lat' dir='ltr'><strong>a</strong></span> <span class='ocrx_word' id='word_1_265' title='bbox 919 1896 947 1916; x_wconf 87' lang='lat' dir='ltr'><strong>se</strong></span> <span class='ocrx_word' id='word_1_266' title='bbox 966 1888 1060 1915; x_wconf 88' lang='lat' dir='ltr'><strong>condi-</strong></span> 
     </span>
    </p>
   </div>
   <div class='ocr_carea' id='block_1_41' title="bbox 280 1934 1061 1966">
    <p class='ocr_par' dir='ltr' id='par_1_41' title="bbox 280 1934 1061 1966">
     <span class='ocr_line' id='line_1_41' title="bbox 280 1934 1061 1966; baseline 0 -6"><span class='ocrx_word' id='word_1_267' title='bbox 280 1940 336 1961; x_wconf 80' lang='lat' dir='ltr'><strong>tum</strong></span> <span class='ocrx_word' id='word_1_268' title='bbox 362 1935 494 1966; x_wconf 84' lang='lat' dir='ltr'><strong>incolent,</strong></span> <span class='ocrx_word' id='word_1_269' title='bbox 515 1935 593 1962; x_wconf 89' lang='lat' dir='ltr'><strong>idolis</strong></span> <span class='ocrx_word' id='word_1_270' title='bbox 617 1935 753 1966; x_wconf 83' lang='lat' dir='ltr'><strong>studeant,</strong></span> <span class='ocrx_word' id='word_1_271' title='bbox 780 1935 916 1961; x_wconf 65' lang='lat' dir='ltr'><strong>daemonas</strong></span> <span class='ocrx_word' id='word_1_272' title='bbox 939 1935 1006 1961; x_wconf 88' lang='lat' dir='ltr'><strong>intra</strong></span> <span class='ocrx_word' id='word_1_273' title='bbox 1031 1934 1061 1960; x_wconf 94' lang='lat' dir='ltr'><strong>il-</strong></span> 
     </span>
    </p>
   </div>
   <div class='ocr_carea' id='block_1_42' title="bbox 281 1980 1060 2015">
    <p class='ocr_par' dir='ltr' id='par_1_42' title="bbox 281 1980 1060 2015">
     <span class='ocr_line' id='line_1_42' title="bbox 281 1980 1060 2015; baseline 0 -8"><span class='ocrx_word' id='word_1_274' title='bbox 281 1980 324 2007; x_wconf 82' lang='lat' dir='ltr'><strong>lud</strong></span> <span class='ocrx_word' id='word_1_275' title='bbox 348 1981 477 2008; x_wconf 86' lang='lat' dir='ltr'><strong>colentes.</strong></span> <span class='ocrx_word' id='word_1_276' title='bbox 508 1980 552 2007; x_wconf 81' lang='lat' dir='ltr'><strong>Ait</strong></span> <span class='ocrx_word' id='word_1_277' title='bbox 577 1988 640 2015; x_wconf 83' lang='lat' dir='ltr'><strong>ergo</strong></span> <span class='ocrx_word' id='word_1_278' title='bbox 667 1988 696 2007; x_wconf 93' lang='lat' dir='ltr'><strong>se</strong></span> <span class='ocrx_word' id='word_1_279' title='bbox 714 1986 774 2014; x_wconf 87' lang='lat' dir='ltr'><strong>post</strong></span> <span class='ocrx_word' id='word_1_280' title='bbox 801 1980 971 2012; x_wconf 83' lang='lat' dir='ltr'><strong>abscessum,</strong></span> <span class='ocrx_word' id='word_1_281' title='bbox 998 1980 1060 2007; x_wconf 87' lang='lat' dir='ltr'><strong>illuc</strong></span> 
     </span>
    </p>
   </div>
   <div class='ocr_carea' id='block_1_43' title="bbox 279 2025 1060 2060">
    <p class='ocr_par' dir='ltr' id='par_1_43' title="bbox 279 2025 1060 2060">
     <span class='ocr_line' id='line_1_43' title="bbox 279 2025 1060 2060; baseline -0.001 -7"><span class='ocrx_word' id='word_1_282' title='bbox 279 2027 367 2053; x_wconf 83' lang='lat' dir='ltr'><strong>denuo</strong></span> <span class='ocrx_word' id='word_1_283' title='bbox 387 2027 556 2059; x_wconf 88' lang='lat' dir='ltr'><strong>rediturum,</strong></span> <span class='ocrx_word' id='word_1_284' title='bbox 582 2031 664 2060; x_wconf 88' lang='lat' dir='ltr'><strong>atque</strong></span> <span class='ocrx_word' id='word_1_285' title='bbox 686 2026 711 2052; x_wconf 92' lang='lat' dir='ltr'><strong>id</strong></span> <span class='ocrx_word' id='word_1_286' title='bbox 732 2033 765 2053; x_wconf 76' lang='lat' dir='ltr'><strong>ex</strong></span> <span class='ocrx_word' id='word_1_287' title='bbox 789 2025 930 2053; x_wconf 80' lang='lat' dir='ltr'><strong>intervallo</strong></span> <span class='ocrx_word' id='word_1_288' title='bbox 954 2033 1060 2059; x_wconf 76' lang='lat' dir='ltr'><strong>semper</strong></span> 
     </span>
    </p>
   </div>
   <div class='ocr_carea' id='block_1_44' title="bbox 280 2071 1060 2107">
    <p class='ocr_par' dir='ltr' id='par_1_44' title="bbox 280 2071 1060 2107">
     <span class='ocr_line' id='line_1_44' title="bbox 280 2071 1060 2107; baseline -0.001 -9"><span class='ocrx_word' id='word_1_289' title='bbox 280 2071 428 2098; x_wconf 77' lang='lat' dir='ltr'><strong>iacturum.</strong></span> <span class='ocrx_word' id='word_1_290' title='bbox 449 2071 519 2105; x_wconf 82' lang='lat' dir='ltr'><strong>Quid</strong></span> <span class='ocrx_word' id='word_1_291' title='bbox 539 2072 610 2098; x_wconf 92' lang='lat' dir='ltr'><strong>enim</strong></span> <span class='ocrx_word' id='word_1_292' title='bbox 626 2073 737 2107; x_wconf 77' lang='lat' dir='ltr'><strong>prpdest</strong></span> <span class='ocrx_word' id='word_1_293' title='bbox 765 2071 852 2099; x_wconf 81' lang='lat' dir='ltr'><strong>locum</strong></span> <span class='ocrx_word' id='word_1_294' title='bbox 875 2071 1003 2098; x_wconf 78' lang='lat' dir='ltr'><strong>honorari</strong></span> <span class='ocrx_word' id='word_1_295' title='bbox 1026 2071 1060 2097; x_wconf 87' lang='lat' dir='ltr'><strong>ab</strong></span> 
     </span>
    </p>
   </div>
   <div class='ocr_carea' id='block_1_45' title="bbox 280 2116 1061 2152">
    <p class='ocr_par' dir='ltr' id='par_1_45' title="bbox 280 2116 1061 2152">
     <span class='ocr_line' id='line_1_45' title="bbox 280 2116 1061 2152; baseline 0.001 -9"><span class='ocrx_word' id='word_1_296' title='bbox 280 2118 325 2148; x_wconf 91' lang='lat' dir='ltr'><strong>iis,</strong></span> <span class='ocrx_word' id='word_1_297' title='bbox 343 2117 389 2151; x_wconf 91' lang='lat' dir='ltr'><strong>qui</strong></span> <span class='ocrx_word' id='word_1_298' title='bbox 408 2117 443 2144; x_wconf 85' lang='lat' dir='ltr'><strong>ob</strong></span> <span class='ocrx_word' id='word_1_299' title='bbox 464 2117 642 2145; x_wconf 85' lang='lat' dir='ltr'><strong>idololatriam</strong></span> <span class='ocrx_word' id='word_1_300' title='bbox 662 2117 752 2152; x_wconf 81' lang='lat' dir='ltr'><strong>procul</strong></span> <span class='ocrx_word' id='word_1_301' title='bbox 777 2125 806 2144; x_wconf 85' lang='lat' dir='ltr'><strong>se</strong></span> <span class='ocrx_word' id='word_1_302' title='bbox 822 2117 876 2144; x_wconf 81' lang='lat' dir='ltr'><strong>Deo</strong></span> <span class='ocrx_word' id='word_1_303' title='bbox 898 2116 1061 2144; x_wconf 79' lang='lat' dir='ltr'><strong>removent?</strong></span> 
     </span>
    </p>
   </div>
   <div class='ocr_carea' id='block_1_46' title="bbox 282 2162 1058 2198">
    <p class='ocr_par' dir='ltr' id='par_1_46' title="bbox 282 2162 1058 2198">
     <span class='ocr_line' id='line_1_46' title="bbox 282 2162 1058 2198; baseline -0.004 -7"><span class='ocrx_word' id='word_1_304' title='bbox 282 2162 358 2191; x_wconf 87' lang='lat' dir='ltr'><strong>Unde</strong></span> <span class='ocrx_word' id='word_1_305' title='bbox 379 2163 558 2198; x_wconf 82' lang='lat' dir='ltr'><strong>Symmachus</strong></span> <span class='ocrx_word' id='word_1_306' title='bbox 572 2163 657 2190; x_wconf 83' lang='lat' dir='ltr'><strong>dixit:</strong></span> <span class='ocrx_word' id='word_1_307' title='bbox 677 2163 778 2190; x_wconf 78' lang='lat' dir='ltr'><strong>Vanum</strong></span> <span class='ocrx_word' id='word_1_308' title='bbox 800 2168 836 2190; x_wconf 73' lang='lat' dir='ltr'><strong>est</strong></span> <span class='ocrx_word' id='word_1_309' title='bbox 859 2163 931 2190; x_wconf 80' lang='lat' dir='ltr'><strong>vobis</strong></span> <span class='ocrx_word' id='word_1_310' title='bbox 950 2162 1058 2189; x_wconf 80' lang='lat' dir='ltr'><strong>matuti-</strong></span> 
     </span>
    </p>
   </div>
   <div class='ocr_carea' id='block_1_47' title="bbox 281 2208 1060 2243">
    <p class='ocr_par' dir='ltr' id='par_1_47' title="bbox 281 2208 1060 2243">
     <span class='ocr_line' id='line_1_47' title="bbox 281 2208 1060 2243; baseline 0.001 -10"><span class='ocrx_word' id='word_1_311' title='bbox 281 2216 326 2234; x_wconf 87' lang='lat' dir='ltr'><strong>nos</strong></span> <span class='ocrx_word' id='word_1_312' title='bbox 356 2216 462 2242; x_wconf 79' lang='lat' dir='ltr'><strong>surgere</strong></span> <span class='ocrx_word' id='word_1_313' title='bbox 490 2208 525 2235; x_wconf 81' lang='lat' dir='ltr'><strong>ad</strong></span> <span class='ocrx_word' id='word_1_314' title='bbox 555 2209 742 2239; x_wconf 74' lang='lat' dir='ltr'><strong>habitandum,</strong></span> <span class='ocrx_word' id='word_1_315' title='bbox 767 2209 805 2235; x_wconf 75' lang='lat' dir='ltr'><strong>vel</strong></span> <span class='ocrx_word' id='word_1_316' title='bbox 829 2209 862 2235; x_wconf 85' lang='lat' dir='ltr'><strong>ad</strong></span> <span class='ocrx_word' id='word_1_317' title='bbox 888 2209 997 2243; x_wconf 80' lang='lat' dir='ltr'><strong>hymnos</strong></span> <span class='ocrx_word' id='word_1_318' title='bbox 1018 2209 1060 2234; x_wconf 87' lang='lat' dir='ltr'><strong>di-</strong></span> 
     </span>
    </p>
   </div>
   <div class='ocr_carea' id='block_1_48' title="bbox 280 2254 386 2280">
    <p class='ocr_par' dir='ltr' id='par_1_48' title="bbox 280 2254 386 2280">
     <span class='ocr_line' id='line_1_48' title="bbox 280 2254 386 2280; baseline 0.009 -2"><span class='ocrx_word' id='word_1_319' title='bbox 280 2254 386 2280; x_wconf 78' lang='lat' dir='ltr'><strong>rendos.</strong></span> 
     </span>
    </p>
   </div>
   <div class='ocr_carea' id='block_1_49' title="bbox 519 2298 820 2328">
    <p class='ocr_par' dir='ltr' id='par_1_49' title="bbox 519 2298 820 2328">
     <span class='ocr_line' id='line_1_49' title="bbox 519 2298 820 2328; baseline 0.007 -2"><span class='ocrx_word' id='word_1_320' title='bbox 519 2298 680 2328; x_wconf 77' lang='lat' dir='ltr'><strong>PSALMUS</strong></span> <span class='ocrx_word' id='word_1_321' title='bbox 694 2298 820 2328; x_wconf 78' lang='lat' dir='ltr'><strong>CXXVII.</strong></span> 
     </span>
    </p>
   </div>
   <div class='ocr_carea' id='block_1_50' title="bbox 314 2344 1058 2382">
    <p class='ocr_par' dir='ltr' id='par_1_50' title="bbox 314 2344 1058 2382">
     <span class='ocr_line' id='line_1_50' title="bbox 314 2344 1058 2382; baseline 0.001 -11"><span class='ocrx_word' id='word_1_322' title='bbox 314 2344 503 2372; x_wconf 81' lang='lat' dir='ltr'><strong>Conscnlnnee</strong></span> <span class='ocrx_word' id='word_1_323' title='bbox 522 2345 655 2380; x_wconf 88' lang='lat' dir='ltr'><strong>superiori</strong></span> <span class='ocrx_word' id='word_1_324' title='bbox 678 2346 785 2373; x_wconf 81' lang='lat' dir='ltr'><strong>cantico</strong></span> <span class='ocrx_word' id='word_1_325' title='bbox 808 2346 914 2373; x_wconf 86' lang='lat' dir='ltr'><strong>vocatio</strong></span> <span class='ocrx_word' id='word_1_326' title='bbox 939 2347 1058 2382; x_wconf 74' lang='lat' dir='ltr'><strong>gentium</strong></span> 
     </span>
    </p>
   </div>
   <div class='ocr_carea' id='block_1_51' title="bbox 281 2391 1059 2427">
    <p class='ocr_par' dir='ltr' id='par_1_51' title="bbox 281 2391 1059 2427">
     <span class='ocr_line' id='line_1_51' title="bbox 281 2391 1059 2427; baseline 0 -9"><span class='ocrx_word' id='word_1_327' title='bbox 281 2391 306 2418; x_wconf 89' lang='lat' dir='ltr'><strong>in</strong></span> <span class='ocrx_word' id='word_1_328' title='bbox 327 2392 453 2425; x_wconf 52' lang='lat' dir='ltr'><strong>praesenti</strong></span> <span class='ocrx_word' id='word_1_329' title='bbox 470 2391 643 2426; x_wconf 63' lang='lat' dir='ltr'><strong>praedicatur.</strong></span> <span class='ocrx_word' id='word_1_330' title='bbox 657 2391 706 2425; x_wconf 88' lang='lat' dir='ltr'><strong>Qui</strong></span> <span class='ocrx_word' id='word_1_331' title='bbox 720 2399 785 2427; x_wconf 81' lang='lat' dir='ltr'><strong>ergo</strong></span> <span class='ocrx_word' id='word_1_332' title='bbox 799 2393 894 2419; x_wconf 78' lang='lat' dir='ltr'><strong>timent</strong></span> <span class='ocrx_word' id='word_1_333' title='bbox 909 2393 1059 2423; x_wconf 87' lang='lat' dir='ltr'><strong>Dominum,</strong></span> 
     </span>
    </p>
   </div>
   <div class='ocr_carea' id='block_1_52' title="bbox 280 2437 1061 2470">
    <p class='ocr_par' dir='ltr' id='par_1_52' title="bbox 280 2437 1061 2470">
     <span class='ocr_line' id='line_1_52' title="bbox 280 2437 1061 2470; baseline 0.004 -8"><span class='ocrx_word' id='word_1_334' title='bbox 280 2437 380 2463; x_wconf 89' lang='lat' dir='ltr'><strong>diversi</strong></span> <span class='ocrx_word' id='word_1_335' title='bbox 403 2444 464 2464; x_wconf 84' lang='lat' dir='ltr'><strong>esse</strong></span> <span class='ocrx_word' id='word_1_336' title='bbox 487 2438 614 2465; x_wconf 83' lang='lat' dir='ltr'><strong>dicuntur</strong></span> <span class='ocrx_word' id='word_1_337' title='bbox 637 2439 669 2465; x_wconf 84' lang='lat' dir='ltr'><strong>ab</strong></span> <span class='ocrx_word' id='word_1_338' title='bbox 694 2438 814 2470; x_wconf 81' lang='lat' dir='ltr'><strong>Israele,</strong></span> <span class='ocrx_word' id='word_1_339' title='bbox 837 2444 863 2465; x_wconf 82' lang='lat' dir='ltr'><strong>et</strong></span> <span class='ocrx_word' id='word_1_340' title='bbox 890 2447 903 2465; x_wconf 82' lang='lat' dir='ltr'><strong>a</strong></span> <span class='ocrx_word' id='word_1_341' title='bbox 929 2438 1061 2465; x_wconf 88' lang='lat' dir='ltr'><strong>nobiliore</strong></span> 
     </span>
    </p>
   </div>
   <div class='ocr_carea' id='block_1_53' title="bbox 282 2482 1062 2516">
    <p class='ocr_par' dir='ltr' id='par_1_53' title="bbox 282 2482 1062 2516">
     <span class='ocr_line' id='line_1_53' title="bbox 282 2482 1062 2516; baseline 0.005 -9"><span class='ocrx_word' id='word_1_342' title='bbox 282 2483 351 2516; x_wconf 73' lang='lat' dir='ltr'><strong>apud</strong></span> <span class='ocrx_word' id='word_1_343' title='bbox 368 2482 494 2509; x_wconf 88' lang='lat' dir='ltr'><strong>lsraelem</strong></span> <span class='ocrx_word' id='word_1_344' title='bbox 515 2485 620 2514; x_wconf 85' lang='lat' dir='ltr'><strong>ordine,</strong></span> <span class='ocrx_word' id='word_1_345' title='bbox 644 2484 668 2510; x_wconf 86' lang='lat' dir='ltr'><strong>id</strong></span> <span class='ocrx_word' id='word_1_346' title='bbox 693 2489 734 2511; x_wconf 82' lang='lat' dir='ltr'><strong>est</strong></span> <span class='ocrx_word' id='word_1_347' title='bbox 755 2484 924 2511; x_wconf 70' lang='lat' dir='ltr'><strong>sacerdotali.</strong></span> <span class='ocrx_word' id='word_1_348' title='bbox 947 2485 1062 2511; x_wconf 89' lang='lat' dir='ltr'><strong>Dem0n-</strong></span> 
     </span>
    </p>
   </div>
   <div class='ocr_carea' id='block_1_54' title="bbox 282 2528 1060 2565">
    <p class='ocr_par' dir='ltr' id='par_1_54' title="bbox 282 2528 1060 2565">
     <span class='ocr_line' id='line_1_54' title="bbox 282 2528 1060 2565; baseline 0.003 -11"><span class='ocrx_word' id='word_1_349' title='bbox 282 2533 370 2555; x_wconf 84' lang='lat' dir='ltr'><strong>strant</strong></span> <span class='ocrx_word' id='word_1_350' title='bbox 395 2528 421 2555; x_wconf 89' lang='lat' dir='ltr'><strong>id</strong></span> <span class='ocrx_word' id='word_1_351' title='bbox 448 2529 529 2556; x_wconf 80' lang='lat' dir='ltr'><strong>verba</strong></span> <span class='ocrx_word' id='word_1_352' title='bbox 558 2530 624 2556; x_wconf 77' lang='lat' dir='ltr'><strong>illa:</strong></span> <span class='ocrx_word' id='word_1_353' title='bbox 652 2529 761 2557; x_wconf 81' lang='lat' dir='ltr'><strong>lsraelis</strong></span> <span class='ocrx_word' id='word_1_354' title='bbox 791 2532 883 2557; x_wconf 77' lang='lat' dir='ltr'><strong>domus</strong></span> <span class='ocrx_word' id='word_1_355' title='bbox 902 2531 1012 2565; x_wconf 80' lang='lat' dir='ltr'><strong>speravit</strong></span> <span class='ocrx_word' id='word_1_356' title='bbox 1033 2530 1060 2556; x_wconf 84' lang='lat' dir='ltr'><strong>in</strong></span> 
     </span>
    </p>
   </div>
   <div class='ocr_carea' id='block_1_55' title="bbox 284 2573 1061 2610">
    <p class='ocr_par' dir='ltr' id='par_1_55' title="bbox 284 2573 1061 2610">
     <span class='ocr_line' id='line_1_55' title="bbox 284 2573 1061 2610; baseline 0.003 -11"><span class='ocrx_word' id='word_1_357' title='bbox 284 2573 395 2600; x_wconf 86' lang='lat' dir='ltr'><strong>Domino</strong></span> <span class='ocrx_word' id='word_1_358' title='bbox 409 2574 440 2601; x_wconf 78' lang='lat'><strong>&quot;.</strong></span> <span class='ocrx_word' id='word_1_359' title='bbox 461 2575 494 2602; x_wconf 86' lang='lat' dir='ltr'><strong>Et</strong></span> <span class='ocrx_word' id='word_1_360' title='bbox 517 2581 629 2609; x_wconf 73' lang='lat' dir='ltr'><strong>postea:</strong></span> <span class='ocrx_word' id='word_1_361' title='bbox 655 2575 784 2603; x_wconf 76' lang='lat' dir='ltr'><strong>Timentes</strong></span> <span class='ocrx_word' id='word_1_362' title='bbox 809 2577 950 2603; x_wconf 81' lang='lat' dir='ltr'><strong>Dominum</strong></span> <span class='ocrx_word' id='word_1_363' title='bbox 972 2585 1061 2610; x_wconf 83' lang='lat' dir='ltr'><strong>spern-</strong></span> 
     </span>
    </p>
   </div>
   <div class='ocr_carea' id='block_1_56' title="bbox 281 2619 1060 2651">
    <p class='ocr_par' dir='ltr' id='par_1_56' title="bbox 281 2619 1060 2651">
     <span class='ocr_line' id='line_1_56' title="bbox 281 2619 1060 2651; baseline 0.001 -7"><span class='ocrx_word' id='word_1_364' title='bbox 281 2625 370 2645; x_wconf 83' lang='lat' dir='ltr'><strong>t&#39;crunt</strong></span> <span class='ocrx_word' id='word_1_365' title='bbox 388 2619 415 2646; x_wconf 84' lang='lat' dir='ltr'><strong>in</strong></span> <span class='ocrx_word' id='word_1_366' title='bbox 431 2628 460 2647; x_wconf 84' lang='lat' dir='ltr'><strong>eo</strong></span> <span class='ocrx_word' id='word_1_367' title='bbox 473 2620 504 2646; x_wconf 83' lang='grc'><strong>¹⁶.</strong></span> <span class='ocrx_word' id='word_1_368' title='bbox 521 2621 553 2647; x_wconf 84' lang='lat' dir='ltr'><strong>Et</strong></span> <span class='ocrx_word' id='word_1_369' title='bbox 569 2629 678 2648; x_wconf 78' lang='lat' dir='ltr'><strong>rursus:</strong></span> <span class='ocrx_word' id='word_1_370' title='bbox 702 2620 828 2647; x_wconf 86' lang='lat' dir='ltr'><strong>Dominus</strong></span> <span class='ocrx_word' id='word_1_371' title='bbox 851 2621 933 2648; x_wconf 84' lang='lat' dir='ltr'><strong>nostri</strong></span> <span class='ocrx_word' id='word_1_372' title='bbox 952 2628 1060 2651; x_wconf 75' lang='lat' dir='ltr'><strong>metitur,</strong></span> 
     </span>
    </p>
   </div>
   <div class='ocr_carea' id='block_1_57' title="bbox 282 2665 1060 2698">
    <p class='ocr_par' dir='ltr' id='par_1_57' title="bbox 282 2665 1060 2698">
     <span class='ocr_line' id='line_1_57' title="bbox 282 2665 1060 2698; baseline 0.003 -9"><span class='ocrx_word' id='word_1_373' title='bbox 282 2665 410 2691; x_wconf 73' lang='lat' dir='ltr'><strong>benedixit</strong></span> <span class='ocrx_word' id='word_1_374' title='bbox 426 2666 510 2693; x_wconf 80' lang='lat' dir='ltr'><strong>nobis.</strong></span> <span class='ocrx_word' id='word_1_375' title='bbox 527 2665 665 2693; x_wconf 76' lang='lat' dir='ltr'><strong>Benediin</strong></span> <span class='ocrx_word' id='word_1_376' title='bbox 682 2667 770 2693; x_wconf 84' lang='lat' dir='ltr'><strong>domui</strong></span> <span class='ocrx_word' id='word_1_377' title='bbox 786 2666 905 2698; x_wconf 79' lang='lat' dir='ltr'><strong>lsrnelis,</strong></span> <span class='ocrx_word' id='word_1_378' title='bbox 925 2666 1060 2692; x_wconf 70' lang='lat' dir='ltr'><strong>&#39;benedixit</strong></span> 
     </span>
    </p>
   </div>
   <div class='ocr_carea' id='block_1_58' title="bbox 281 2710 1060 2738">
    <p class='ocr_par' dir='ltr' id='par_1_58' title="bbox 281 2710 1060 2738">
     <span class='ocr_line' id='line_1_58' title="bbox 281 2710 1060 2738; baseline 0.001 -3"><span class='ocrx_word' id='word_1_379' title='bbox 281 2710 369 2735; x_wconf 76' lang='lat' dir='ltr'><strong>domui</strong></span> <span class='ocrx_word' id='word_1_380' title='bbox 397 2710 509 2736; x_wconf 84' lang='lat' dir='ltr'><strong>Aaronis</strong></span> <span class='ocrx_word' id='word_1_381' title='bbox 535 2711 568 2737; x_wconf 80' lang='lat'><strong>‘7.</strong></span> <span class='ocrx_word' id='word_1_382' title='bbox 595 2711 627 2737; x_wconf 82' lang='lat' dir='ltr'><strong>Et</strong></span> <span class='ocrx_word' id='word_1_383' title='bbox 647 2719 728 2738; x_wconf 81' lang='lat' dir='ltr'><strong>mox:</strong></span> <span class='ocrx_word' id='word_1_384' title='bbox 751 2710 890 2738; x_wconf 67' lang='lat' dir='ltr'><strong>Benedimit</strong></span> <span class='ocrx_word' id='word_1_385' title='bbox 913 2710 1060 2736; x_wconf 80' lang='lat' dir='ltr'><strong>timentibus</strong></span> 
     </span>
    </p>
   </div>
   <div class='ocr_carea' id='block_1_59' title="bbox 282 2754 1060 2791">
    <p class='ocr_par' dir='ltr' id='par_1_59' title="bbox 282 2754 1060 2791">
     <span class='ocr_line' id='line_1_59' title="bbox 282 2754 1060 2791; baseline 0 -9"><span class='ocrx_word' id='word_1_386' title='bbox 282 2754 423 2782; x_wconf 79' lang='lat' dir='ltr'><strong>Dominum</strong></span> <span class='ocrx_word' id='word_1_387' title='bbox 443 2755 474 2782; x_wconf 78' lang='grc'><strong>¹⁸,</strong></span> <span class='ocrx_word' id='word_1_388' title='bbox 495 2754 535 2781; x_wconf 78' lang='lat' dir='ltr'><strong>Ex</strong></span> <span class='ocrx_word' id='word_1_389' title='bbox 549 2763 645 2783; x_wconf 83' lang='lat' dir='ltr'><strong>norma</strong></span> <span class='ocrx_word' id='word_1_390' title='bbox 664 2757 746 2791; x_wconf 81' lang='lat' dir='ltr'><strong>igitur</strong></span> <span class='ocrx_word' id='word_1_391' title='bbox 758 2756 945 2789; x_wconf 70' lang='lat' dir='ltr'><strong>praedictarum</strong></span> <span class='ocrx_word' id='word_1_392' title='bbox 964 2755 1060 2782; x_wconf 41' lang='lat' dir='ltr'><strong>dictio‘</strong></span> 
     </span>
    </p>
   </div>
   <div class='ocr_carea' id='block_1_60' title="bbox 319 2832 1011 2866">
    <p class='ocr_par' dir='ltr' id='par_1_60' title="bbox 319 2832 1011 2866">
     <span class='ocr_line' id='line_1_60' title="bbox 319 2832 1011 2866; baseline 0.003 -7"><span class='ocrx_word' id='word_1_393' title='bbox 319 2832 342 2848; x_wconf 73' lang='grc'><strong>’⁸</strong></span> <span class='ocrx_word' id='word_1_394' title='bbox 359 2833 423 2860; x_wconf 69' lang='lat' dir='ltr'><strong>lure.</strong></span> <span class='ocrx_word' id='word_1_395' title='bbox 440 2841 480 2864; x_wconf 75' lang='lat' dir='ltr'><strong>v1,</strong></span> <span class='ocrx_word' id='word_1_396' title='bbox 499 2832 542 2859; x_wconf 73' lang='lat'><strong>2|.</strong></span> <span class='ocrx_word' id='word_1_397' title='bbox 583 2834 603 2850; x_wconf 83' lang='lat'><strong>&quot;</strong></span> <span class='ocrx_word' id='word_1_398' title='bbox 616 2835 686 2863; x_wconf 83' lang='lat' dir='ltr'><strong>Psal.</strong></span> <span class='ocrx_word' id='word_1_399' title='bbox 703 2843 778 2866; x_wconf 77' lang='lat' dir='ltr'><strong>cxni,</strong></span> <span class='ocrx_word' id='word_1_400' title='bbox 791 2836 816 2862; x_wconf 81' lang='lat'><strong>9.</strong></span> <span class='ocrx_word' id='word_1_401' title='bbox 857 2836 878 2851; x_wconf 75' lang='grc'><strong>’³</strong></span> <span class='ocrx_word' id='word_1_402' title='bbox 891 2835 955 2863; x_wconf 88' lang='lat' dir='ltr'><strong>ibid.</strong></span> <span class='ocrx_word' id='word_1_403' title='bbox 970 2835 1011 2862; x_wconf 84' lang='lat' dir='ltr'><strong>li.</strong></span> 
     </span>
    </p>
   </div>
   <div class='ocr_carea' id='block_1_61' title="bbox 317 2892 640 2929">
    <p class='ocr_par' dir='ltr' id='par_1_61' title="bbox 317 2892 640 2929">
     <span class='ocr_line' id='line_1_61' title="bbox 317 2892 640 2929; baseline 0.009 -11"><span class='ocrx_word' id='word_1_404' title='bbox 317 2893 356 2929; x_wconf 61' lang='lat' dir='ltr'><strong>(ti)</strong></span> <span class='ocrx_word' id='word_1_405' title='bbox 367 2892 408 2919; x_wconf 68' lang='lat' dir='ltr'><strong>Ai.</strong></span> <span class='ocrx_word' id='word_1_406' title='bbox 425 2893 640 2928; x_wconf 70' lang='grc' dir='ltr'>προϐεσπῑζεται.</span> 
     </span>
    </p>
   </div>
   <div class='ocr_carea' id='block_1_62' title="bbox 1077 2253 1100 2281">
    <p class='ocr_par' dir='ltr' id='par_1_62' title="bbox 1077 2253 1100 2281">
     <span class='ocr_line' id='line_1_62' title="bbox 1077 2253 1100 2281; baseline 0 0"><span class='ocrx_word' id='word_1_407' title='bbox 1077 2253 1100 2281; x_wconf 90' lang='lat' dir='ltr'>D</span> 
     </span>
    </p>
   </div>
   <div class='ocr_carea' id='block_1_63' title="bbox 1111 278 1889 318">
    <p class='ocr_par' dir='ltr' id='par_1_63' title="bbox 1111 278 1889 318">
     <span class='ocr_line' id='line_1_63' title="bbox 1111 278 1889 318; baseline 0 -10"><span class='ocrx_word' id='word_1_408' title='bbox 1111 280 1220 312; x_wconf 77' lang='grc' dir='ltr'>ὃυλῶνι,</span> <span class='ocrx_word' id='word_1_409' title='bbox 1235 281 1340 316; x_wconf 81' lang='grc' dir='ltr'>ἀγαθὰς</span> <span class='ocrx_word' id='word_1_410' title='bbox 1355 282 1465 314; x_wconf 72' lang='grc' dir='ltr'>ἐλπίδας</span> <span class='ocrx_word' id='word_1_411' title='bbox 1487 282 1520 308; x_wconf 81' lang='grc' dir='ltr'>δι’</span> <span class='ocrx_word' id='word_1_412' title='bbox 1535 278 1572 308; x_wconf 81' lang='grc' dir='ltr'>ὧν</span> <span class='ocrx_word' id='word_1_413' title='bbox 1587 282 1707 308; x_wconf 78' lang='grc' dir='ltr'><strong>κλαίουσι</strong></span> <span class='ocrx_word' id='word_1_414' title='bbox 1725 282 1889 318; x_wconf 80' lang='grc' dir='ltr'><strong>σπείροντες,</strong></span> 
     </span>
    </p>
   </div>
   <div class='ocr_carea' id='block_1_64' title="bbox 1111 326 1891 362">
    <p class='ocr_par' dir='ltr' id='par_1_64' title="bbox 1111 326 1891 362">
     <span class='ocr_line' id='line_1_64' title="bbox 1111 326 1891 362; baseline 0 -9"><span class='ocrx_word' id='word_1_415' title='bbox 1111 327 1245 362; x_wconf 85' lang='grc' dir='ltr'>θεριοῦσιν</span> <span class='ocrx_word' id='word_1_416' title='bbox 1272 327 1448 361; x_wconf 77' lang='grc' dir='ltr'>ἀγαλλίασιν’</span> <span class='ocrx_word' id='word_1_417' title='bbox 1485 327 1545 353; x_wconf 81' lang='grc' dir='ltr'>ἀντὶ</span> <span class='ocrx_word' id='word_1_418' title='bbox 1569 327 1693 362; x_wconf 81' lang='grc' dir='ltr'><strong>δακρύων</strong></span> <span class='ocrx_word' id='word_1_419' title='bbox 1718 326 1788 362; x_wconf 72' lang='grc' dir='ltr'>ἅπερ</span> <span class='ocrx_word' id='word_1_420' title='bbox 1815 326 1891 362; x_wconf 75' lang='grc' dir='ltr'>ἔσχον</span> 
     </span>
    </p>
   </div>
   <div class='ocr_carea' id='block_1_65' title="bbox 1109 370 1892 407">
    <p class='ocr_par' dir='ltr' id='par_1_65' title="bbox 1109 370 1892 407">
     <span class='ocr_line' id='line_1_65' title="bbox 1109 370 1892 407; baseline 0 -9"><span class='ocrx_word' id='word_1_421' title='bbox 1109 370 1295 406; x_wconf 81' lang='grc' dir='ltr'><strong>ἀγαπώμενοι,</strong></span> <span class='ocrx_word' id='word_1_422' title='bbox 1308 371 1443 407; x_wconf 78' lang='grc' dir='ltr'><strong>δεξόμενοι</strong></span> <span class='ocrx_word' id='word_1_423' title='bbox 1459 371 1506 407; x_wconf 81' lang='grc' dir='ltr'><strong>τὴν</strong></span> <span class='ocrx_word' id='word_1_424' title='bbox 1518 371 1566 406; x_wconf 80' lang='grc' dir='ltr'>τῆς</span> <span class='ocrx_word' id='word_1_425' title='bbox 1579 371 1706 398; x_wconf 75' lang='grc' dir='ltr'><strong>ἐπανόδου</strong></span> <span class='ocrx_word' id='word_1_426' title='bbox 1721 372 1808 407; x_wconf 72' lang='grc' dir='ltr'>χαράν</span> <span class='ocrx_word' id='word_1_427' title='bbox 1820 380 1827 386; x_wconf 91' lang='grc'><strong>·</strong></span> <span class='ocrx_word' id='word_1_428' title='bbox 1845 372 1892 398; x_wconf 76' lang='grc' dir='ltr'><strong>καὶ</strong></span> 
     </span>
    </p>
   </div>
   <div class='ocr_carea' id='block_1_66' title="bbox 1110 415 1891 454">
    <p class='ocr_par' dir='ltr' id='par_1_66' title="bbox 1110 415 1891 454">
     <span class='ocr_line' id='line_1_66' title="bbox 1110 415 1891 454; baseline 0 -10"><span class='ocrx_word' id='word_1_429' title='bbox 1110 418 1134 444; x_wconf 80' lang='grc' dir='ltr'>εἰ</span> <span class='ocrx_word' id='word_1_430' title='bbox 1148 417 1207 444; x_wconf 84' lang='grc' dir='ltr'>τότε</span> <span class='ocrx_word' id='word_1_431' title='bbox 1220 417 1306 453; x_wconf 87' lang='grc' dir='ltr'>βραχύ</span> <span class='ocrx_word' id='word_1_432' title='bbox 1321 426 1347 444; x_wconf 91' lang='grc' dir='ltr'><strong>τι</strong></span> <span class='ocrx_word' id='word_1_433' title='bbox 1364 418 1473 454; x_wconf 84' lang='grc' dir='ltr'>σπέρμα</span> <span class='ocrx_word' id='word_1_434' title='bbox 1485 417 1637 449; x_wconf 74' lang='grc' dir='ltr'>θεοσεϐείας</span> <span class='ocrx_word' id='word_1_435' title='bbox 1652 415 1808 452; x_wconf 77' lang='grc' dir='ltr'>ἐφύλαττον,</span> <span class='ocrx_word' id='word_1_436' title='bbox 1824 417 1891 444; x_wconf 82' lang='grc' dir='ltr'>ἀλλὰ</span> 
     </span>
    </p>
   </div>
   <div class='ocr_carea' id='block_1_67' title="bbox 1109 462 1890 499">
    <p class='ocr_par' dir='ltr' id='par_1_67' title="bbox 1109 462 1890 499">
     <span class='ocr_line' id='line_1_67' title="bbox 1109 462 1890 499; baseline 0.001 -11"><span class='ocrx_word' id='word_1_437' title='bbox 1109 462 1158 494; x_wconf 78' lang='grc' dir='ltr'>τὰς</span> <span class='ocrx_word' id='word_1_438' title='bbox 1165 463 1267 490; x_wconf 79' lang='grc' dir='ltr'><strong>ἑαυτῶν</strong></span> <span class='ocrx_word' id='word_1_439' title='bbox 1279 463 1337 489; x_wconf 79' lang='grc' dir='ltr'>ἐκεῖ</span> <span class='ocrx_word' id='word_1_440' title='bbox 1350 463 1437 499; x_wconf 79' lang='grc' dir='ltr'>ψυχὰς</span> <span class='ocrx_word' id='word_1_441' title='bbox 1445 463 1661 498; x_wconf 82' lang='grc' dir='ltr'>γεωργῆσαντες,</span> <span class='ocrx_word' id='word_1_442' title='bbox 1677 462 1789 494; x_wconf 81' lang='grc' dir='ltr'>πολλοὺς</span> <span class='ocrx_word' id='word_1_443' title='bbox 1807 464 1890 489; x_wconf 81' lang='grc' dir='ltr'>ἐπαν-</span> 
     </span>
    </p>
   </div>
   <div class='ocr_carea' id='block_1_68' title="bbox 1111 508 1891 545">
    <p class='ocr_par' dir='ltr' id='par_1_68' title="bbox 1111 508 1891 545">
     <span class='ocr_line' id='line_1_68' title="bbox 1111 508 1891 545; baseline 0.001 -11"><span class='ocrx_word' id='word_1_444' title='bbox 1111 509 1195 540; x_wconf 84' lang='grc' dir='ltr'>ιόντες</span> <span class='ocrx_word' id='word_1_445' title='bbox 1208 510 1309 536; x_wconf 78' lang='grc' dir='ltr'>οἴσουσι</span> <span class='ocrx_word' id='word_1_446' title='bbox 1338 510 1401 541; x_wconf 81' lang='grc' dir='ltr'>τοὺς</span> <span class='ocrx_word' id='word_1_447' title='bbox 1416 510 1548 545; x_wconf 84' lang='grc' dir='ltr'>καρπούς.</span> <span class='ocrx_word' id='word_1_448' title='bbox 1566 509 1654 545; x_wconf 82' lang='grc' dir='ltr'><strong>Μέχρι</strong></span> <span class='ocrx_word' id='word_1_449' title='bbox 1668 509 1716 544; x_wconf 84' lang='grc' dir='ltr'>τῆς</span> <span class='ocrx_word' id='word_1_450' title='bbox 1734 509 1758 541; x_wconf 80' lang='grc' dir='ltr'><strong>ζ’</strong></span> <span class='ocrx_word' id='word_1_451' title='bbox 1772 508 1844 543; x_wconf 82' lang='grc' dir='ltr'>ᾠδῆς</span> <span class='ocrx_word' id='word_1_452' title='bbox 1857 508 1891 535; x_wconf 73' lang='grc' dir='ltr'>τὰ</span> 
     </span>
    </p>
   </div>
   <div class='ocr_carea' id='block_1_69' title="bbox 1111 553 1890 589">
    <p class='ocr_par' dir='ltr' id='par_1_69' title="bbox 1111 553 1890 589">
     <span class='ocr_line' id='line_1_69' title="bbox 1111 553 1890 589; baseline 0.003 -9"><span class='ocrx_word' id='word_1_453' title='bbox 1111 553 1241 588; x_wconf 75' lang='grc' dir='ltr'>περὶτῶν</span> <span class='ocrx_word' id='word_1_454' title='bbox 1261 555 1294 580; x_wconf 80' lang='grc' dir='ltr'>ἐκ</span> <span class='ocrx_word' id='word_1_455' title='bbox 1317 554 1464 589; x_wconf 80' lang='grc' dir='ltr'>περιτομῆς</span> <span class='ocrx_word' id='word_1_456' title='bbox 1482 553 1660 589; x_wconf 78' lang='grc' dir='ltr'><strong>αἰχμαλώτων</strong></span> <span class='ocrx_word' id='word_1_457' title='bbox 1680 553 1890 589; x_wconf 78' lang='grc' dir='ltr'>προεθεσπεσθη.</span> 
     </span>
    </p>
   </div>
   <div class='ocr_carea' id='block_1_70' title="bbox 1373 642 1626 675">
    <p class='ocr_par' dir='ltr' id='par_1_70' title="bbox 1373 642 1626 675">
     <span class='ocr_line' id='line_1_70' title="bbox 1373 642 1626 675; baseline 0.004 -8"><span class='ocrx_word' id='word_1_458' title='bbox 1373 642 1520 668; x_wconf 59' lang='lat' dir='ltr'><strong>nam:</strong></span> <span class='ocrx_word' id='word_1_459' title='bbox 1531 642 1626 675; x_wconf 69' lang='lat' dir='ltr'><strong>pxq&#39;.</strong></span> 
     </span>
    </p>
   </div>
   <div class='ocr_carea' id='block_1_71' title="bbox 1143 686 1890 722">
    <p class='ocr_par' dir='ltr' id='par_1_71' title="bbox 1143 686 1890 722">
     <span class='ocr_line' id='line_1_71' title="bbox 1143 686 1890 722; baseline 0 -9"><span class='ocrx_word' id='word_1_460' title='bbox 1143 686 1220 713; x_wconf 75' lang='grc' dir='ltr'>Κατὰ</span> <span class='ocrx_word' id='word_1_461' title='bbox 1234 686 1264 713; x_wconf 85' lang='grc' dir='ltr'><strong>τδ</strong></span> <span class='ocrx_word' id='word_1_462' title='bbox 1284 686 1426 722; x_wconf 76' lang='grc' dir='ltr'>Ἐὃραῖκὺν</span> <span class='ocrx_word' id='word_1_463' title='bbox 1439 686 1485 713; x_wconf 70' lang='grc' dir='ltr'><strong>καὶ</strong></span> <span class='ocrx_word' id='word_1_464' title='bbox 1499 687 1560 718; x_wconf 85' lang='grc' dir='ltr'>τοὺς</span> <span class='ocrx_word' id='word_1_465' title='bbox 1573 686 1793 722; x_wconf 81' lang='grc' dir='ltr'><strong>ἑρμηνεύσαντας</strong></span> <span class='ocrx_word' id='word_1_466' title='bbox 1806 686 1890 713; x_wconf 81' lang='grc' dir='ltr'>ἃπαν-</span> 
     </span>
    </p>
   </div>
   <div class='ocr_carea' id='block_1_72' title="bbox 1108 731 1891 769">
    <p class='ocr_par' dir='ltr' id='par_1_72' title="bbox 1108 731 1891 769">
     <span class='ocr_line' id='line_1_72' title="bbox 1108 731 1891 769; baseline 0.004 -12"><span class='ocrx_word' id='word_1_467' title='bbox 1108 739 1166 763; x_wconf 78' lang='grc' dir='ltr'>τας,</span> <span class='ocrx_word' id='word_1_468' title='bbox 1184 732 1200 766; x_wconf 82' lang='grc' dir='ltr'><strong>ἡ</strong></span> <span class='ocrx_word' id='word_1_469' title='bbox 1219 731 1342 767; x_wconf 71' lang='grc' dir='ltr'>παροῦσα</span> <span class='ocrx_word' id='word_1_470' title='bbox 1358 731 1405 758; x_wconf 82' lang='grc' dir='ltr'>νῦν</span> <span class='ocrx_word' id='word_1_471' title='bbox 1421 731 1475 768; x_wconf 81' lang='grc' dir='ltr'>ᾠδὴ</span> <span class='ocrx_word' id='word_1_472' title='bbox 1495 731 1665 766; x_wconf 83' lang='grc' dir='ltr'>Σολομῶντὸς</span> <span class='ocrx_word' id='word_1_473' title='bbox 1696 734 1769 760; x_wconf 79' lang='grc' dir='ltr'>ἐστιν</span> <span class='ocrx_word' id='word_1_474' title='bbox 1789 732 1891 769; x_wconf 80' lang='grc' dir='ltr'>(ὥσπερ</span> 
     </span>
    </p>
   </div>
   <div class='ocr_carea' id='block_1_73' title="bbox 1108 777 1891 814">
    <p class='ocr_par' dir='ltr' id='par_1_73' title="bbox 1108 777 1891 814">
     <span class='ocr_line' id='line_1_73' title="bbox 1108 777 1891 814; baseline 0.003 -11"><span class='ocrx_word' id='word_1_475' title='bbox 1108 777 1182 804; x_wconf 79' lang='grc' dir='ltr'>ἄλλοι</span> <span class='ocrx_word' id='word_1_476' title='bbox 1197 777 1283 804; x_wconf 78' lang='grc' dir='ltr'>ἄλλων</span> <span class='ocrx_word' id='word_1_477' title='bbox 1301 778 1368 804; x_wconf 78' lang='grc' dir='ltr'>εἰσὶν</span> <span class='ocrx_word' id='word_1_478' title='bbox 1383 777 1616 813; x_wconf 75' lang='grc' dir='ltr'>ἐπιγεγραμμένοι</span> <span class='ocrx_word' id='word_1_479' title='bbox 1629 778 1741 814; x_wconf 75' lang='grc' dir='ltr'>ψαλμοὶ)</span> <span class='ocrx_word' id='word_1_480' title='bbox 1759 787 1891 814; x_wconf 72' lang='grc' dir='ltr'>προερητι-</span> 
     </span>
    </p>
   </div>
   <div class='ocr_carea' id='block_1_74' title="bbox 1109 823 1889 860">
    <p class='ocr_par' dir='ltr' id='par_1_74' title="bbox 1109 823 1889 860">
     <span class='ocr_line' id='line_1_74' title="bbox 1109 823 1889 860; baseline 0.004 -11"><span class='ocrx_word' id='word_1_481' title='bbox 1109 823 1163 854; x_wconf 78' lang='grc' dir='ltr'><strong>κῶς</strong></span> <span class='ocrx_word' id='word_1_482' title='bbox 1174 823 1218 850; x_wconf 81' lang='grc' dir='ltr'><strong>ὑπ’</strong></span> <span class='ocrx_word' id='word_1_483' title='bbox 1229 823 1311 850; x_wconf 74' lang='grc' dir='ltr'>αὑτοῦ</span> <span class='ocrx_word' id='word_1_484' title='bbox 1319 823 1442 858; x_wconf 81' lang='grc' dir='ltr'>λεχθεῖσα</span> <span class='ocrx_word' id='word_1_485' title='bbox 1450 824 1566 860; x_wconf 77' lang='grc' dir='ltr'>ὁπηνίκα</span> <span class='ocrx_word' id='word_1_486' title='bbox 1574 825 1618 851; x_wconf 85' lang='grc' dir='ltr'>τὸν</span> <span class='ocrx_word' id='word_1_487' title='bbox 1627 825 1689 852; x_wconf 77' lang='grc' dir='ltr'>ναὸν</span> <span class='ocrx_word' id='word_1_488' title='bbox 1697 825 1889 857; x_wconf 65' lang='grc' dir='ltr'>κατεσκεύαζεν</span> 
     </span>
    </p>
   </div>
   <div class='ocr_carea' id='block_1_75' title="bbox 1108 868 1891 907">
    <p class='ocr_par' dir='ltr' id='par_1_75' title="bbox 1108 868 1891 907">
     <span class='ocr_line' id='line_1_75' title="bbox 1108 868 1891 907; baseline 0.006 -13"><span class='ocrx_word' id='word_1_489' title='bbox 1108 868 1161 895; x_wconf 83' lang='grc' dir='ltr'><strong>τῶν</strong></span> <span class='ocrx_word' id='word_1_490' title='bbox 1185 868 1240 904; x_wconf 81' lang='grc' dir='ltr'>γὰρ</span> <span class='ocrx_word' id='word_1_491' title='bbox 1266 869 1401 895; x_wconf 80' lang='grc' dir='ltr'>Ἰουδαίων</span> <span class='ocrx_word' id='word_1_492' title='bbox 1419 869 1690 905; x_wconf 81' lang='grc' dir='ltr'>μεγαλοφρονούντων</span> <span class='ocrx_word' id='word_1_493' title='bbox 1714 872 1760 898; x_wconf 75' lang='grc' dir='ltr'><strong>ἐπὶ</strong></span> <span class='ocrx_word' id='word_1_494' title='bbox 1781 871 1820 907; x_wconf 83' lang='grc' dir='ltr'>τῷ</span> <span class='ocrx_word' id='word_1_495' title='bbox 1840 871 1891 907; x_wconf 82' lang='grc' dir='ltr'>τῆς</span> 
     </span>
    </p>
   </div>
   <div class='ocr_carea' id='block_1_76' title="bbox 1108 915 1891 954">
    <p class='ocr_par' dir='ltr' id='par_1_76' title="bbox 1108 915 1891 954">
     <span class='ocr_line' id='line_1_76' title="bbox 1108 915 1891 954; baseline 0.004 -13"><span class='ocrx_word' id='word_1_496' title='bbox 1108 915 1278 950; x_wconf 85' lang='grc' dir='ltr'>κατασκευῆς</span> <span class='ocrx_word' id='word_1_497' title='bbox 1306 915 1412 951; x_wconf 82' lang='grc' dir='ltr'><strong>ὀχυρῷ,</strong></span> <span class='ocrx_word' id='word_1_498' title='bbox 1442 916 1505 951; x_wconf 88' lang='grc' dir='ltr'>θείῳ</span> <span class='ocrx_word' id='word_1_499' title='bbox 1531 916 1669 952; x_wconf 82' lang='grc' dir='ltr'>Πνεύματι</span> <span class='ocrx_word' id='word_1_500' title='bbox 1697 918 1814 954; x_wconf 83' lang='grc' dir='ltr'>συνορῶν</span> <span class='ocrx_word' id='word_1_501' title='bbox 1841 918 1891 954; x_wconf 82' lang='grc' dir='ltr'>τὴν</span> 
     </span>
    </p>
   </div>
   <div class='ocr_carea' id='block_1_77' title="bbox 1109 961 1890 999">
    <p class='ocr_par' dir='ltr' id='par_1_77' title="bbox 1109 961 1890 999">
     <span class='ocr_line' id='line_1_77' title="bbox 1109 961 1890 999; baseline 0.004 -12"><span class='ocrx_word' id='word_1_502' title='bbox 1109 961 1224 996; x_wconf 77' lang='grc' dir='ltr'><strong>ἐσχάτην</strong></span> <span class='ocrx_word' id='word_1_503' title='bbox 1242 961 1359 997; x_wconf 74' lang='grc' dir='ltr'>ἐρημίαν</span> <span class='ocrx_word' id='word_1_504' title='bbox 1384 961 1477 993; x_wconf 82' lang='grc' dir='ltr'>αὑτοῦ,</span> <span class='ocrx_word' id='word_1_505' title='bbox 1500 962 1547 989; x_wconf 75' lang='grc' dir='ltr'>καὶ</span> <span class='ocrx_word' id='word_1_506' title='bbox 1567 961 1616 998; x_wconf 83' lang='grc' dir='ltr'>τὴν</span> <span class='ocrx_word' id='word_1_507' title='bbox 1642 963 1693 989; x_wconf 82' lang='grc' dir='ltr'>ὑπὸ</span> <span class='ocrx_word' id='word_1_508' title='bbox 1717 963 1763 989; x_wconf 82' lang='grc' dir='ltr'>τοῦ</span> <span class='ocrx_word' id='word_1_509' title='bbox 1789 964 1890 999; x_wconf 74' lang='grc' dir='ltr'>Κυρίου</span> 
     </span>
    </p>
   </div>
   <div class='ocr_carea' id='block_1_78' title="bbox 1110 1006 1891 1045">
    <p class='ocr_par' dir='ltr' id='par_1_78' title="bbox 1110 1006 1891 1045">
     <span class='ocr_line' id='line_1_78' title="bbox 1110 1006 1891 1045; baseline 0.005 -13"><span class='ocrx_word' id='word_1_510' title='bbox 1110 1006 1257 1041; x_wconf 84' lang='grc' dir='ltr'>μέλλουσαν</span> <span class='ocrx_word' id='word_1_511' title='bbox 1272 1007 1434 1042; x_wconf 67' lang='grc' dir='ltr'>Ἐκκλησίαν</span> <span class='ocrx_word' id='word_1_512' title='bbox 1460 1007 1521 1034; x_wconf 79' lang='grc' dir='ltr'>καθ’</span> <span class='ocrx_word' id='word_1_513' title='bbox 1547 1008 1609 1044; x_wconf 81' lang='grc' dir='ltr'>ὅλης</span> <span class='ocrx_word' id='word_1_514' title='bbox 1629 1008 1825 1044; x_wconf 77' lang='grc' dir='ltr'>οἰκοδομεῖσθαι</span> <span class='ocrx_word' id='word_1_515' title='bbox 1841 1009 1891 1045; x_wconf 79' lang='grc' dir='ltr'>τῆς</span> 
     </span>
    </p>
   </div>
   <div class='ocr_carea' id='block_1_79' title="bbox 1108 1052 1890 1092">
    <p class='ocr_par' dir='ltr' id='par_1_79' title="bbox 1108 1052 1890 1092">
     <span class='ocr_line' id='line_1_79' title="bbox 1108 1052 1890 1092; baseline 0.005 -14"><span class='ocrx_word' id='word_1_516' title='bbox 1108 1052 1278 1088; x_wconf 76' lang='grc' dir='ltr'>οἰκουμένης,</span> <span class='ocrx_word' id='word_1_517' title='bbox 1289 1053 1508 1088; x_wconf 71' lang='grc' dir='ltr'>ἀντιπαρατιθεὶς</span> <span class='ocrx_word' id='word_1_518' title='bbox 1521 1056 1554 1089; x_wconf 82' lang='grc' dir='ltr'>τῇ</span> <span class='ocrx_word' id='word_1_519' title='bbox 1568 1056 1632 1090; x_wconf 79' lang='grc' dir='ltr'>παρ’</span> <span class='ocrx_word' id='word_1_520' title='bbox 1643 1054 1724 1081; x_wconf 80' lang='grc' dir='ltr'>αὑτοῦ</span> <span class='ocrx_word' id='word_1_521' title='bbox 1736 1057 1890 1092; x_wconf 83' lang='grc' dir='ltr'>κατασκευῇ</span> 
     </span>
    </p>
   </div>
   <div class='ocr_carea' id='block_1_80' title="bbox 1108 1098 1891 1137">
    <p class='ocr_par' dir='ltr' id='par_1_80' title="bbox 1108 1098 1891 1137">
     <span class='ocr_line' id='line_1_80' title="bbox 1108 1098 1891 1137; baseline 0.005 -13"><span class='ocrx_word' id='word_1_522' title='bbox 1108 1098 1155 1124; x_wconf 76' lang='grc' dir='ltr'>τοῦ</span> <span class='ocrx_word' id='word_1_523' title='bbox 1169 1098 1243 1132; x_wconf 82' lang='grc' dir='ltr'>ναοῦ,</span> <span class='ocrx_word' id='word_1_524' title='bbox 1259 1099 1366 1135; x_wconf 81' lang='grc' dir='ltr'>ἐκείνην</span> <span class='ocrx_word' id='word_1_525' title='bbox 1379 1108 1409 1126; x_wconf 85' lang='grc' dir='ltr'><strong>τε</strong></span> <span class='ocrx_word' id='word_1_526' title='bbox 1426 1100 1564 1136; x_wconf 84' lang='grc' dir='ltr'>προκρίνει</span> <span class='ocrx_word' id='word_1_527' title='bbox 1581 1101 1629 1127; x_wconf 78' lang='grc' dir='ltr'><strong>καὶ</strong></span> <span class='ocrx_word' id='word_1_528' title='bbox 1645 1101 1825 1136; x_wconf 82' lang='grc' dir='ltr'>ὑπεράγαται,</span> <span class='ocrx_word' id='word_1_529' title='bbox 1842 1102 1891 1137; x_wconf 83' lang='grc' dir='ltr'>τὴν</span> 
     </span>
    </p>
   </div>
   <div class='ocr_carea' id='block_1_81' title="bbox 1108 1145 1891 1182">
    <p class='ocr_par' dir='ltr' id='par_1_81' title="bbox 1108 1145 1891 1182">
     <span class='ocr_line' id='line_1_81' title="bbox 1108 1145 1891 1182; baseline 0.005 -12"><span class='ocrx_word' id='word_1_530' title='bbox 1108 1145 1168 1171; x_wconf 82' lang='grc' dir='ltr'>τότε</span> <span class='ocrx_word' id='word_1_531' title='bbox 1194 1145 1343 1180; x_wconf 87' lang='grc' dir='ltr'>παρουσίαν</span> <span class='ocrx_word' id='word_1_532' title='bbox 1366 1146 1484 1181; x_wconf 75' lang='grc' dir='ltr'><strong>ἐλέγχων</strong></span> <span class='ocrx_word' id='word_1_533' title='bbox 1508 1146 1545 1178; x_wconf 87' lang='grc' dir='ltr'>ὡς</span> <span class='ocrx_word' id='word_1_534' title='bbox 1569 1147 1734 1182; x_wconf 86' lang='grc' dir='ltr'>πρόσκαιρον</span> <span class='ocrx_word' id='word_1_535' title='bbox 1752 1147 1799 1174; x_wconf 78' lang='grc' dir='ltr'>καὶ</span> <span class='ocrx_word' id='word_1_536' title='bbox 1825 1147 1891 1182; x_wconf 76' lang='grc' dir='ltr'>μηδὲ</span> 
     </span>
    </p>
   </div>
   <div class='ocr_carea' id='block_1_82' title="bbox 1110 1185 1892 1228">
    <p class='ocr_par' dir='ltr' id='par_1_82' title="bbox 1110 1185 1892 1228">
     <span class='ocr_line' id='line_1_82' title="bbox 1110 1185 1892 1228; baseline 0.004 -12"><span class='ocrx_word' id='word_1_537' title='bbox 1110 1191 1177 1226; x_wconf 76' lang='grc' dir='ltr'>πρὸς</span> <span class='ocrx_word' id='word_1_538' title='bbox 1194 1190 1280 1226; x_wconf 71' lang='grc' dir='ltr'>βραχὺ</span> <span class='ocrx_word' id='word_1_539' title='bbox 1296 1191 1491 1226; x_wconf 83' lang='grc' dir='ltr'>συνισταμένην</span> <span class='ocrx_word' id='word_1_540' title='bbox 1507 1192 1570 1218; x_wconf 81' lang='grc' dir='ltr'>ἄνευ</span> <span class='ocrx_word' id='word_1_541' title='bbox 1585 1192 1651 1218; x_wconf 84' lang='grc' dir='ltr'>Θεοῦ</span> <span class='ocrx_word' id='word_1_542' title='bbox 1667 1192 1805 1227; x_wconf 83' lang='grc' dir='ltr'>φυλακῆς·</span> <span class='ocrx_word' id='word_1_543' title='bbox 1821 1185 1892 1228; x_wconf 78' lang='grc' dir='ltr'>ἅπερ</span> 
     </span>
    </p>
   </div>
   <div class='ocr_carea' id='block_1_83' title="bbox 1108 1235 1892 1273">
    <p class='ocr_par' dir='ltr' id='par_1_83' title="bbox 1108 1235 1892 1273">
     <span class='ocr_line' id='line_1_83' title="bbox 1108 1235 1892 1273; baseline 0.003 -11"><span class='ocrx_word' id='word_1_544' title='bbox 1108 1235 1156 1262; x_wconf 83' lang='grc' dir='ltr'>νῦν</span> <span class='ocrx_word' id='word_1_545' title='bbox 1171 1237 1211 1267; x_wconf 80' lang='grc' dir='ltr'>εἰς</span> <span class='ocrx_word' id='word_1_546' title='bbox 1227 1237 1321 1272; x_wconf 69' lang='grc' dir='ltr'>καιρὸν</span> <span class='ocrx_word' id='word_1_547' title='bbox 1339 1235 1389 1273; x_wconf 81' lang='grc' dir='ltr'><strong>ᾖσε</strong></span> <span class='ocrx_word' id='word_1_548' title='bbox 1410 1237 1463 1264; x_wconf 82' lang='grc' dir='ltr'>τῶν</span> <span class='ocrx_word' id='word_1_549' title='bbox 1484 1238 1516 1264; x_wconf 84' lang='grc' dir='ltr'>ὲκ</span> <span class='ocrx_word' id='word_1_550' title='bbox 1541 1237 1701 1270; x_wconf 70' lang='grc' dir='ltr'>Βαϐυλῶνος</span> <span class='ocrx_word' id='word_1_551' title='bbox 1718 1239 1892 1270; x_wconf 77' lang='grc' dir='ltr'>ἐπανιόντων,</span> 
     </span>
    </p>
   </div>
   <div class='ocr_carea' id='block_1_84' title="bbox 1109 1281 1892 1320">
    <p class='ocr_par' dir='ltr' id='par_1_84' title="bbox 1109 1281 1892 1320">
     <span class='ocr_line' id='line_1_84' title="bbox 1109 1281 1892 1320; baseline 0.005 -13"><span class='ocrx_word' id='word_1_552' title='bbox 1109 1281 1312 1309; x_wconf 77' lang='grc' dir='ltr'>ἐσπουδακότων</span> <span class='ocrx_word' id='word_1_553' title='bbox 1329 1283 1392 1319; x_wconf 69' lang='grc' dir='ltr'>περὶ</span> <span class='ocrx_word' id='word_1_554' title='bbox 1403 1283 1452 1319; x_wconf 87' lang='grc' dir='ltr'>τὴν</span> <span class='ocrx_word' id='word_1_555' title='bbox 1465 1283 1604 1310; x_wconf 80' lang='grc' dir='ltr'>ἀνάκτισιν</span> <span class='ocrx_word' id='word_1_556' title='bbox 1618 1284 1663 1310; x_wconf 79' lang='grc' dir='ltr'>τοῦ</span> <span class='ocrx_word' id='word_1_557' title='bbox 1675 1284 1751 1316; x_wconf 81' lang='grc' dir='ltr'>ναοῦ,</span> <span class='ocrx_word' id='word_1_558' title='bbox 1770 1285 1816 1311; x_wconf 84' lang='grc' dir='ltr'>καὶ</span> <span class='ocrx_word' id='word_1_559' title='bbox 1829 1293 1892 1320; x_wconf 72' lang='grc' dir='ltr'>φρο-</span> 
     </span>
    </p>
   </div>
   <div class='ocr_carea' id='block_1_85' title="bbox 1109 1327 1891 1365">
    <p class='ocr_par' dir='ltr' id='par_1_85' title="bbox 1109 1327 1891 1365">
     <span class='ocr_line' id='line_1_85' title="bbox 1109 1327 1891 1365; baseline 0.004 -11"><span class='ocrx_word' id='word_1_560' title='bbox 1109 1327 1225 1354; x_wconf 78' lang='grc' dir='ltr'>νούντων</span> <span class='ocrx_word' id='word_1_561' title='bbox 1241 1328 1286 1354; x_wconf 74' lang='grc' dir='ltr'>ἐπὶ</span> <span class='ocrx_word' id='word_1_562' title='bbox 1295 1328 1381 1364; x_wconf 84' lang='grc' dir='ltr'>τούτῳ</span> <span class='ocrx_word' id='word_1_563' title='bbox 1390 1329 1494 1364; x_wconf 83' lang='grc' dir='ltr'>μεγάλα</span> <span class='ocrx_word' id='word_1_564' title='bbox 1515 1329 1574 1364; x_wconf 83' lang='grc' dir='ltr'>μέν.</span> <span class='ocrx_word' id='word_1_565' title='bbox 1591 1329 1622 1356; x_wconf 86' lang='grc' dir='ltr'>Εἰ</span> <span class='ocrx_word' id='word_1_566' title='bbox 1635 1329 1688 1365; x_wconf 84' lang='grc' dir='ltr'><strong>γάρ</strong></span> <span class='ocrx_word' id='word_1_567' title='bbox 1701 1339 1792 1365; x_wconf 73' lang='grc' dir='ltr'>φησιν,</span> <span class='ocrx_word' id='word_1_568' title='bbox 1808 1330 1891 1357; x_wconf 77' lang='lat' dir='ltr'><strong>&#39;Ec&#39;t&#39;</strong></span> 
     </span>
    </p>
   </div>
   <div class='ocr_carea' id='block_1_86' title="bbox 1109 1374 1891 1412">
    <p class='ocr_par' dir='ltr' id='par_1_86' title="bbox 1109 1374 1891 1412">
     <span class='ocr_line' id='line_1_86' title="bbox 1109 1374 1891 1412; baseline 0.003 -11"><span class='ocrx_word' id='word_1_569' title='bbox 1109 1374 1147 1401; x_wconf 84' lang='grc' dir='ltr'><strong>ἂν</strong></span> <span class='ocrx_word' id='word_1_570' title='bbox 1163 1376 1178 1401; x_wconf 82' lang='grc' dir='ltr'><em>ὀ</em></span> <span class='ocrx_word' id='word_1_571' title='bbox 1197 1375 1303 1409; x_wconf 81' lang='grc' dir='ltr'>Κύριος</span> <span class='ocrx_word' id='word_1_572' title='bbox 1318 1375 1453 1409; x_wconf 67' lang='grc' dir='ltr'><strong>φυλάττῃ</strong></span> <span class='ocrx_word' id='word_1_573' title='bbox 1468 1396 1474 1406; x_wconf 87' lang='grc'>.</span> <span class='ocrx_word' id='word_1_574' title='bbox 1490 1376 1536 1402; x_wconf 80' lang='grc' dir='ltr'>τοῦ</span> <span class='ocrx_word' id='word_1_575' title='bbox 1559 1376 1587 1403; x_wconf 83' lang='grc' dir='ltr'>δὲ</span> <span class='ocrx_word' id='word_1_576' title='bbox 1611 1376 1728 1410; x_wconf 72' lang='grc' dir='ltr'>φύλακος</span> <span class='ocrx_word' id='word_1_577' title='bbox 1749 1376 1891 1412; x_wconf 80' lang='grc' dir='ltr'>ἀναχωρή-</span> 
     </span>
    </p>
   </div>
   <div class='ocr_carea' id='block_1_87' title="bbox 1111 1420 1891 1458">
    <p class='ocr_par' dir='ltr' id='par_1_87' title="bbox 1111 1420 1891 1458">
     <span class='ocr_line' id='line_1_87' title="bbox 1111 1420 1891 1458; baseline 0.003 -12"><span class='ocrx_word' id='word_1_578' title='bbox 1111 1428 1215 1452; x_wconf 83' lang='grc' dir='ltr'>σαντος,</span> <span class='ocrx_word' id='word_1_579' title='bbox 1227 1420 1329 1456; x_wconf 82' lang='grc' dir='ltr'>ἔρημος</span> <span class='ocrx_word' id='word_1_580' title='bbox 1342 1420 1428 1452; x_wconf 82' lang='grc' dir='ltr'>ἔσται,</span> <span class='ocrx_word' id='word_1_581' title='bbox 1450 1422 1566 1456; x_wconf 78' lang='grc' dir='ltr'>ματαίας</span> <span class='ocrx_word' id='word_1_582' title='bbox 1581 1422 1712 1458; x_wconf 65' lang='grc' dir='ltr'>ἐσομένης</span> <span class='ocrx_word' id='word_1_583' title='bbox 1726 1422 1775 1457; x_wconf 80' lang='grc' dir='ltr'>τῆς</span> <span class='ocrx_word' id='word_1_584' title='bbox 1796 1422 1825 1454; x_wconf 79' lang='grc' dir='ltr'><strong>ἐξ</strong></span> <span class='ocrx_word' id='word_1_585' title='bbox 1844 1423 1891 1448; x_wconf 79' lang='grc' dir='ltr'><strong>ἁν-</strong></span> 
     </span>
    </p>
   </div>
   <div class='ocr_carea' id='block_1_88' title="bbox 1109 1466 1893 1503">
    <p class='ocr_par' dir='ltr' id='par_1_88' title="bbox 1109 1466 1893 1503">
     <span class='ocr_line' id='line_1_88' title="bbox 1109 1466 1893 1503; baseline 0.003 -11"><span class='ocrx_word' id='word_1_586' title='bbox 1109 1466 1225 1502; x_wconf 81' lang='grc' dir='ltr'>θρώπων</span> <span class='ocrx_word' id='word_1_587' title='bbox 1240 1466 1372 1501; x_wconf 82' lang='grc' dir='ltr'>σπουδῆς·</span> <span class='ocrx_word' id='word_1_588' title='bbox 1389 1467 1437 1493; x_wconf 71' lang='grc' dir='ltr'>ἐπὶ</span> <span class='ocrx_word' id='word_1_589' title='bbox 1467 1468 1515 1502; x_wconf 80' lang='grc' dir='ltr'>μὲν</span> <span class='ocrx_word' id='word_1_590' title='bbox 1534 1467 1578 1494; x_wconf 75' lang='grc' dir='ltr'>τοῦ</span> <span class='ocrx_word' id='word_1_591' title='bbox 1594 1468 1669 1500; x_wconf 81' lang='grc' dir='ltr'>ναοῦ,</span> <span class='ocrx_word' id='word_1_592' title='bbox 1683 1468 1821 1503; x_wconf 71' lang='grc' dir='ltr'>οἰκοδόμον</span> <span class='ocrx_word' id='word_1_593' title='bbox 1837 1469 1893 1494; x_wconf 83' lang='grc' dir='ltr'>εἰσ-</span> 
     </span>
    </p>
   </div>
   <div class='ocr_carea' id='block_1_89' title="bbox 1110 1512 1892 1549">
    <p class='ocr_par' dir='ltr' id='par_1_89' title="bbox 1110 1512 1892 1549">
     <span class='ocr_line' id='line_1_89' title="bbox 1110 1512 1892 1549; baseline 0.003 -11"><span class='ocrx_word' id='word_1_594' title='bbox 1110 1512 1170 1545; x_wconf 84' lang='grc' dir='ltr'>άγει</span> <span class='ocrx_word' id='word_1_595' title='bbox 1187 1512 1232 1539; x_wconf 76' lang='grc' dir='ltr'><strong>τὸν</strong></span> <span class='ocrx_word' id='word_1_596' title='bbox 1250 1512 1367 1548; x_wconf 85' lang='grc' dir='ltr'>Κύριον·</span> <span class='ocrx_word' id='word_1_597' title='bbox 1384 1513 1429 1539; x_wconf 78' lang='grc' dir='ltr'><strong>ἐπὶ</strong></span> <span class='ocrx_word' id='word_1_598' title='bbox 1445 1513 1473 1540; x_wconf 77' lang='grc' dir='ltr'><strong>δὲ</strong></span> <span class='ocrx_word' id='word_1_599' title='bbox 1488 1513 1537 1548; x_wconf 80' lang='grc' dir='ltr'>τῆς</span> <span class='ocrx_word' id='word_1_600' title='bbox 1545 1514 1658 1545; x_wconf 77' lang='grc' dir='ltr'>πόλεως,</span> <span class='ocrx_word' id='word_1_601' title='bbox 1668 1513 1824 1549; x_wconf 78' lang='grc' dir='ltr'>ἀνθρώπους</span> <span class='ocrx_word' id='word_1_602' title='bbox 1843 1513 1892 1549; x_wconf 78' lang='grc' dir='ltr'>μὲν</span> 
     </span>
    </p>
   </div>
   <div class='ocr_carea' id='block_1_90' title="bbox 1109 1557 1892 1595">
    <p class='ocr_par' dir='ltr' id='par_1_90' title="bbox 1109 1557 1892 1595">
     <span class='ocr_line' id='line_1_90' title="bbox 1109 1557 1892 1595; baseline 0.004 -12"><span class='ocrx_word' id='word_1_603' title='bbox 1109 1557 1275 1592; x_wconf 79' lang='grc' dir='ltr'>οἰκοδόμους,</span> <span class='ocrx_word' id='word_1_604' title='bbox 1290 1557 1397 1592; x_wconf 81' lang='grc' dir='ltr'>φύλακα</span> <span class='ocrx_word' id='word_1_605' title='bbox 1413 1558 1441 1584; x_wconf 83' lang='grc' dir='ltr'><strong>δὲ</strong></span> <span class='ocrx_word' id='word_1_606' title='bbox 1455 1558 1500 1585; x_wconf 83' lang='grc' dir='ltr'><strong>τὸν</strong></span> <span class='ocrx_word' id='word_1_607' title='bbox 1517 1559 1582 1586; x_wconf 86' lang='grc' dir='ltr'>Θεόν</span> <span class='ocrx_word' id='word_1_608' title='bbox 1593 1568 1600 1574; x_wconf 82' lang='grc'><strong>·</strong></span> <span class='ocrx_word' id='word_1_609' title='bbox 1617 1559 1749 1595; x_wconf 81' lang='grc' dir='ltr'>χρήσιμον</span> <span class='ocrx_word' id='word_1_610' title='bbox 1765 1559 1795 1586; x_wconf 81' lang='grc' dir='ltr'>τὸ</span> <span class='ocrx_word' id='word_1_611' title='bbox 1811 1560 1892 1595; x_wconf 80' lang='grc' dir='ltr'>ῥητὸν</span> 
     </span>
    </p>
   </div>
   <div class='ocr_carea' id='block_1_91' title="bbox 1111 1603 1683 1639">
    <p class='ocr_par' dir='ltr' id='par_1_91' title="bbox 1111 1603 1683 1639">
     <span class='ocr_line' id='line_1_91' title="bbox 1111 1603 1683 1639; baseline 0.003 -10"><span class='ocrx_word' id='word_1_612' title='bbox 1111 1603 1178 1639; x_wconf 72' lang='grc' dir='ltr'>πρὸς</span> <span class='ocrx_word' id='word_1_613' title='bbox 1192 1604 1254 1635; x_wconf 81' lang='grc' dir='ltr'>τοὺς</span> <span class='ocrx_word' id='word_1_614' title='bbox 1267 1604 1315 1638; x_wconf 84' lang='grc' dir='ltr'>τῆς</span> <span class='ocrx_word' id='word_1_615' title='bbox 1330 1603 1517 1639; x_wconf 77' lang='grc' dir='ltr'>ὑπερηφανίας</span> <span class='ocrx_word' id='word_1_616' title='bbox 1529 1604 1683 1639; x_wconf 73' lang='grc' dir='ltr'>λογισμούς.</span> 
     </span>
    </p>
   </div>
   <div class='ocr_carea' id='block_1_92' title="bbox 1280 1650 1719 1684">
    <p class='ocr_par' dir='ltr' id='par_1_92' title="bbox 1280 1650 1719 1684">
     <span class='ocr_line' id='line_1_92' title="bbox 1280 1650 1719 1684; baseline 0 -8"><span class='ocrx_word' id='word_1_617' title='bbox 1280 1651 1312 1676; x_wconf 83' lang='grc' dir='ltr'><strong>οι</strong></span> <span class='ocrx_word' id='word_1_618' title='bbox 1325 1650 1478 1683; x_wconf 76' lang='grc' dir='ltr'>ἐσθίοντες</span> <span class='ocrx_word' id='word_1_619' title='bbox 1493 1650 1583 1684; x_wconf 78' lang='grc' dir='ltr'>ἄρτον</span> <span class='ocrx_word' id='word_1_620' title='bbox 1599 1650 1719 1684; x_wconf 70' lang='grc' dir='ltr'>ὀδύνης.</span> 
     </span>
    </p>
   </div>
   <div class='ocr_carea' id='block_1_93' title="bbox 1143 1705 1890 1741">
    <p class='ocr_par' dir='ltr' id='par_1_93' title="bbox 1143 1705 1890 1741">
     <span class='ocr_line' id='line_1_93' title="bbox 1143 1705 1890 1741; baseline 0.005 -11"><span class='ocrx_word' id='word_1_621' title='bbox 1143 1705 1296 1735; x_wconf 83' lang='grc' dir='ltr'>Θεοδοτιων.</span> <span class='ocrx_word' id='word_1_622' title='bbox 1313 1705 1359 1732; x_wconf 75' lang='grc' dir='ltr'>καὶ</span> <span class='ocrx_word' id='word_1_623' title='bbox 1377 1707 1394 1741; x_wconf 86' lang='grc' dir='ltr'><strong>ἠ</strong></span> <span class='ocrx_word' id='word_1_624' title='bbox 1413 1709 1433 1732; x_wconf 82' lang='grc' dir='ltr'>ε’</span> <span class='ocrx_word' id='word_1_625' title='bbox 1453 1705 1543 1740; x_wconf 76' lang='grc' dir='ltr'>ἄρτον</span> <span class='ocrx_word' id='word_1_626' title='bbox 1557 1706 1687 1734; x_wconf 76' lang='grc' dir='ltr'><strong>εἷὸώλων</strong></span> <span class='ocrx_word' id='word_1_627' title='bbox 1705 1707 1836 1739; x_wconf 77' lang='grc' dir='ltr'>ἐξέδωκαν</span> <span class='ocrx_word' id='word_1_628' title='bbox 1852 1708 1890 1734; x_wconf 81' lang='grc' dir='ltr'>ει-</span> 
     </span>
    </p>
   </div>
   <div class='ocr_carea' id='block_1_94' title="bbox 1109 1750 1892 1789">
    <p class='ocr_par' dir='ltr' id='par_1_94' title="bbox 1109 1750 1892 1789">
     <span class='ocr_line' id='line_1_94' title="bbox 1109 1750 1892 1789; baseline 0.004 -13"><span class='ocrx_word' id='word_1_629' title='bbox 1109 1750 1209 1782; x_wconf 70' lang='grc' dir='ltr'>κότωςι</span> <span class='ocrx_word' id='word_1_630' title='bbox 1226 1751 1255 1777; x_wconf 72' lang='grc' dir='ltr'>τὸ</span> <span class='ocrx_word' id='word_1_631' title='bbox 1270 1751 1324 1787; x_wconf 87' lang='grc' dir='ltr'>γὰρ</span> <span class='ocrx_word' id='word_1_632' title='bbox 1344 1751 1487 1788; x_wconf 78' lang='grc' dir='ltr'>Ἐὃραῖκὸν</span> <span class='ocrx_word' id='word_1_633' title='bbox 1501 1753 1530 1779; x_wconf 79' lang='grc' dir='ltr'>τὸ</span> <span class='ocrx_word' id='word_1_634' title='bbox 1542 1753 1662 1780; x_wconf 77' lang='grc' dir='ltr'>ἀσεϐεῖν</span> <span class='ocrx_word' id='word_1_635' title='bbox 1675 1753 1739 1788; x_wconf 76' lang='grc' dir='ltr'>ἔχει,</span> <span class='ocrx_word' id='word_1_636' title='bbox 1761 1754 1829 1789; x_wconf 81' lang='grc' dir='ltr'>ὅπερ</span> <span class='ocrx_word' id='word_1_637' title='bbox 1844 1754 1892 1780; x_wconf 79' lang='grc' dir='ltr'>καὶ</span> 
     </span>
    </p>
   </div>
   <div class='ocr_carea' id='block_1_95' title="bbox 1109 1795 1891 1833">
    <p class='ocr_par' dir='ltr' id='par_1_95' title="bbox 1109 1795 1891 1833">
     <span class='ocr_line' id='line_1_95' title="bbox 1109 1795 1891 1833; baseline 0.004 -12"><span class='ocrx_word' id='word_1_638' title='bbox 1109 1796 1138 1821; x_wconf 84' lang='grc' dir='ltr'>ὲν</span> <span class='ocrx_word' id='word_1_639' title='bbox 1163 1795 1265 1832; x_wconf 79' lang='grc' dir='ltr'>ἑτέροις</span> <span class='ocrx_word' id='word_1_640' title='bbox 1293 1796 1419 1823; x_wconf 54' lang='lat' dir='ltr'><strong>sidonia)-</strong></span> <span class='ocrx_word' id='word_1_641' title='bbox 1442 1797 1636 1832; x_wconf 79' lang='grc' dir='ltr'>ἑρμηνεύεται·</span> <span class='ocrx_word' id='word_1_642' title='bbox 1665 1798 1768 1833; x_wconf 86' lang='grc' dir='ltr'>προορᾷ</span> <span class='ocrx_word' id='word_1_643' title='bbox 1792 1797 1820 1824; x_wconf 83' lang='grc' dir='ltr'>δὲ</span> <span class='ocrx_word' id='word_1_644' title='bbox 1852 1797 1891 1832; x_wconf 83' lang='grc' dir='ltr'>τῷ</span> 
     </span>
    </p>
   </div>
   <div class='ocr_carea' id='block_1_96' title="bbox 1111 1841 1891 1878">
    <p class='ocr_par' dir='ltr' id='par_1_96' title="bbox 1111 1841 1891 1878">
     <span class='ocr_line' id='line_1_96' title="bbox 1111 1841 1891 1878; baseline 0.004 -12"><span class='ocrx_word' id='word_1_645' title='bbox 1111 1841 1245 1876; x_wconf 75' lang='grc' dir='ltr'>πνεύματι</span> <span class='ocrx_word' id='word_1_646' title='bbox 1266 1841 1399 1876; x_wconf 80' lang='grc' dir='ltr'>Σολομῶν,</span> <span class='ocrx_word' id='word_1_647' title='bbox 1425 1843 1462 1874; x_wconf 86' lang='grc' dir='ltr'>ὼς</span> <span class='ocrx_word' id='word_1_648' title='bbox 1483 1844 1507 1869; x_wconf 83' lang='grc' dir='ltr'>οἱ</span> <span class='ocrx_word' id='word_1_649' title='bbox 1535 1843 1674 1878; x_wconf 74' lang='grc' dir='ltr'>μέλλοντες</span> <span class='ocrx_word' id='word_1_650' title='bbox 1687 1843 1770 1869; x_wconf 75' lang='grc' dir='ltr'>οἰκεῖν</span> <span class='ocrx_word' id='word_1_651' title='bbox 1783 1842 1828 1869; x_wconf 78' lang='grc' dir='ltr'><strong>τὸν</strong></span> <span class='ocrx_word' id='word_1_652' title='bbox 1845 1844 1891 1870; x_wconf 85' lang='grc' dir='ltr'>ὑπ’</span> 
     </span>
    </p>
   </div>
   <div class='ocr_carea' id='block_1_97' title="bbox 1109 1885 1891 1924">
    <p class='ocr_par' dir='ltr' id='par_1_97' title="bbox 1109 1885 1891 1924">
     <span class='ocr_line' id='line_1_97' title="bbox 1109 1885 1891 1924; baseline 0.001 -10"><span class='ocrx_word' id='word_1_653' title='bbox 1109 1886 1190 1914; x_wconf 77' lang='grc' dir='ltr'>αὑτοῦ</span> <span class='ocrx_word' id='word_1_654' title='bbox 1206 1887 1346 1922; x_wconf 83' lang='grc' dir='ltr'>γινόμενον</span> <span class='ocrx_word' id='word_1_655' title='bbox 1363 1885 1446 1919; x_wconf 82' lang='grc' dir='ltr'>οἷκον,</span> <span class='ocrx_word' id='word_1_656' title='bbox 1464 1887 1582 1920; x_wconf 76' lang='grc' dir='ltr'>εἰδώλοις</span> <span class='ocrx_word' id='word_1_657' title='bbox 1598 1888 1815 1924; x_wconf 82' lang='grc' dir='ltr'>προσκείσονται,</span> <span class='ocrx_word' id='word_1_658' title='bbox 1832 1889 1891 1916; x_wconf 82' lang='grc' dir='ltr'>δαί-</span> 
     </span>
    </p>
   </div>
   <div class='ocr_carea' id='block_1_98' title="bbox 1112 1932 1891 1971">
    <p class='ocr_par' dir='ltr' id='par_1_98' title="bbox 1112 1932 1891 1971">
     <span class='ocr_line' id='line_1_98' title="bbox 1112 1932 1891 1971; baseline 0.005 -13"><span class='ocrx_word' id='word_1_659' title='bbox 1112 1942 1173 1968; x_wconf 88' lang='grc' dir='ltr'>μοσι</span> <span class='ocrx_word' id='word_1_660' title='bbox 1193 1932 1366 1968; x_wconf 81' lang='grc' dir='ltr'>λατρεύοντες</span> <span class='ocrx_word' id='word_1_661' title='bbox 1386 1935 1415 1960; x_wconf 80' lang='grc' dir='ltr'><strong>ἐν</strong></span> <span class='ocrx_word' id='word_1_662' title='bbox 1434 1934 1522 1970; x_wconf 79' lang='grc' dir='ltr'>αὐτῷ·</span> <span class='ocrx_word' id='word_1_663' title='bbox 1543 1935 1615 1969; x_wconf 86' lang='grc' dir='ltr'>λέγει</span> <span class='ocrx_word' id='word_1_664' title='bbox 1634 1935 1733 1967; x_wconf 78' lang='grc' dir='ltr'>τοίνυν,</span> <span class='ocrx_word' id='word_1_665' title='bbox 1756 1936 1823 1970; x_wconf 84' lang='grc' dir='ltr'>μετὰ</span> <span class='ocrx_word' id='word_1_666' title='bbox 1843 1936 1891 1971; x_wconf 83' lang='grc' dir='ltr'><strong>τὴν</strong></span> 
     </span>
    </p>
   </div>
   <div class='ocr_carea' id='block_1_99' title="bbox 1110 1977 1890 2014">
    <p class='ocr_par' dir='ltr' id='par_1_99' title="bbox 1110 1977 1890 2014">
     <span class='ocr_line' id='line_1_99' title="bbox 1110 1977 1890 2014; baseline 0.003 -9"><span class='ocrx_word' id='word_1_667' title='bbox 1110 1978 1281 2014; x_wconf 83' lang='grc' dir='ltr'>ἀναχώρησιν</span> <span class='ocrx_word' id='word_1_668' title='bbox 1295 1977 1372 2011; x_wconf 83' lang='grc' dir='ltr'>αὖθις</span> <span class='ocrx_word' id='word_1_669' title='bbox 1384 1980 1429 2006; x_wconf 76' lang='grc' dir='ltr'>ἐπὶ</span> <span class='ocrx_word' id='word_1_670' title='bbox 1443 1979 1536 2006; x_wconf 81' lang='grc' dir='ltr'>τοῦτον</span> <span class='ocrx_word' id='word_1_671' title='bbox 1562 1980 1658 2012; x_wconf 85' lang='grc' dir='ltr'>ὲλθεῖν,</span> <span class='ocrx_word' id='word_1_672' title='bbox 1676 1981 1722 2007; x_wconf 82' lang='grc' dir='ltr'><strong>καὶ</strong></span> <span class='ocrx_word' id='word_1_673' title='bbox 1735 1981 1813 2007; x_wconf 87' lang='grc' dir='ltr'>τοῦτο</span> <span class='ocrx_word' id='word_1_674' title='bbox 1828 1990 1890 2007; x_wconf 89' lang='grc' dir='ltr'>συν-</span> 
     </span>
    </p>
   </div>
   <div class='ocr_carea' id='block_1_100' title="bbox 1109 2025 1891 2061">
    <p class='ocr_par' dir='ltr' id='par_1_100' title="bbox 1109 2025 1891 2061">
     <span class='ocr_line' id='line_1_100' title="bbox 1109 2025 1891 2061; baseline 0.003 -10"><span class='ocrx_word' id='word_1_675' title='bbox 1109 2025 1178 2060; x_wconf 81' lang='grc' dir='ltr'>εχῶς</span> <span class='ocrx_word' id='word_1_676' title='bbox 1190 2026 1222 2051; x_wconf 74' lang='grc' dir='ltr'><strong>ἐκ</strong></span> <span class='ocrx_word' id='word_1_677' title='bbox 1232 2025 1431 2061; x_wconf 74' lang='grc' dir='ltr'>διαλειμμάτων</span> <span class='ocrx_word' id='word_1_678' title='bbox 1445 2027 1537 2052; x_wconf 76' lang='grc' dir='ltr'>ποιεῖν·</span> <span class='ocrx_word' id='word_1_679' title='bbox 1547 2025 1573 2051; x_wconf 84' lang='grc' dir='ltr'>τί</span> <span class='ocrx_word' id='word_1_680' title='bbox 1585 2025 1638 2061; x_wconf 84' lang='grc' dir='ltr'>γὰρ</span> <span class='ocrx_word' id='word_1_681' title='bbox 1650 2026 1744 2060; x_wconf 77' lang='grc' dir='ltr'>ὄφελος</span> <span class='ocrx_word' id='word_1_682' title='bbox 1755 2026 1799 2052; x_wconf 80' lang='grc' dir='ltr'><strong>τὸν</strong></span> <span class='ocrx_word' id='word_1_683' title='bbox 1811 2027 1891 2053; x_wconf 78' lang='grc' dir='ltr'>τόπον</span> 
     </span>
    </p>
   </div>
   <div class='ocr_carea' id='block_1_101' title="bbox 1108 2071 1890 2108">
    <p class='ocr_par' dir='ltr' id='par_1_101' title="bbox 1108 2071 1890 2108">
     <span class='ocr_line' id='line_1_101' title="bbox 1108 2071 1890 2108; baseline 0 -10"><span class='ocrx_word' id='word_1_684' title='bbox 1108 2072 1200 2107; x_wconf 81' lang='grc' dir='ltr'>τιμᾷν,</span> <span class='ocrx_word' id='word_1_685' title='bbox 1214 2073 1271 2103; x_wconf 87' lang='grc' dir='ltr'>τοῖς</span> <span class='ocrx_word' id='word_1_686' title='bbox 1282 2072 1325 2098; x_wconf 75' lang='grc' dir='ltr'>διὰ</span> <span class='ocrx_word' id='word_1_687' title='bbox 1339 2072 1388 2107; x_wconf 83' lang='grc' dir='ltr'><strong>τῆς</strong></span> <span class='ocrx_word' id='word_1_688' title='bbox 1402 2071 1618 2107; x_wconf 78' lang='grc' dir='ltr'>εἰδωλολατρείας</span> <span class='ocrx_word' id='word_1_689' title='bbox 1634 2072 1814 2108; x_wconf 85' lang='grc' dir='ltr'>μακρύνουσιν</span> <span class='ocrx_word' id='word_1_690' title='bbox 1830 2073 1890 2099; x_wconf 76' lang='grc' dir='ltr'>ἑαυ-</span> 
     </span>
    </p>
   </div>
   <div class='ocr_carea' id='block_1_102' title="bbox 1109 2116 1892 2153">
    <p class='ocr_par' dir='ltr' id='par_1_102' title="bbox 1109 2116 1892 2153">
     <span class='ocr_line' id='line_1_102' title="bbox 1109 2116 1892 2153; baseline 0.004 -11"><span class='ocrx_word' id='word_1_691' title='bbox 1109 2117 1171 2148; x_wconf 82' lang='grc' dir='ltr'>τοὺς</span> <span class='ocrx_word' id='word_1_692' title='bbox 1188 2116 1236 2144; x_wconf 82' lang='grc' dir='ltr'>τοῦ</span> <span class='ocrx_word' id='word_1_693' title='bbox 1252 2116 1334 2149; x_wconf 81' lang='grc' dir='ltr'><strong>Θεοῦ;</strong></span> <span class='ocrx_word' id='word_1_694' title='bbox 1354 2117 1435 2143; x_wconf 82' lang='grc' dir='ltr'>Ὅθεν</span> <span class='ocrx_word' id='word_1_695' title='bbox 1456 2117 1470 2142; x_wconf 79' lang='grc' dir='ltr'><strong><em>ὁ</em></strong></span> <span class='ocrx_word' id='word_1_696' title='bbox 1497 2116 1641 2152; x_wconf 77' lang='grc' dir='ltr'>Σύμμαχος</span> <span class='ocrx_word' id='word_1_697' title='bbox 1667 2117 1736 2153; x_wconf 75' lang='grc' dir='ltr'><strong>ἔφη·</strong></span> <span class='ocrx_word' id='word_1_698' title='bbox 1761 2117 1892 2145; x_wconf 78' lang='grc' dir='ltr'>Μάταιον</span> 
     </span>
    </p>
   </div>
   <div class='ocr_carea' id='block_1_103' title="bbox 1111 2163 1892 2198">
    <p class='ocr_par' dir='ltr' id='par_1_103' title="bbox 1111 2163 1892 2198">
     <span class='ocr_line' id='line_1_103' title="bbox 1111 2163 1892 2198; baseline 0.001 -8"><span class='ocrx_word' id='word_1_699' title='bbox 1111 2163 1181 2197; x_wconf 77' lang='grc' dir='ltr'>ὑμῖν</span> <span class='ocrx_word' id='word_1_700' title='bbox 1195 2163 1230 2194; x_wconf 76' lang='grc' dir='ltr'><strong>ἐξ</strong></span> <span class='ocrx_word' id='word_1_701' title='bbox 1247 2163 1352 2197; x_wconf 66' lang='grc' dir='ltr'>ὄρθρου</span> <span class='ocrx_word' id='word_1_702' title='bbox 1367 2163 1546 2190; x_wconf 79' lang='grc' dir='ltr'>ἀνίστασθαι</span> <span class='ocrx_word' id='word_1_703' title='bbox 1562 2164 1605 2196; x_wconf 81' lang='grc' dir='ltr'><strong>εἰς</strong></span> <span class='ocrx_word' id='word_1_704' title='bbox 1618 2163 1651 2190; x_wconf 84' lang='grc' dir='ltr'>τὸ</span> <span class='ocrx_word' id='word_1_705' title='bbox 1664 2163 1794 2197; x_wconf 75' lang='grc' dir='ltr'>οἰκῆσαι,</span> <span class='ocrx_word' id='word_1_706' title='bbox 1812 2164 1831 2198; x_wconf 82' lang='grc' dir='ltr'><strong>ἢ</strong></span> <span class='ocrx_word' id='word_1_707' title='bbox 1847 2164 1892 2196; x_wconf 77' lang='grc' dir='ltr'>εἰς</span> 
     </span>
    </p>
   </div>
   <div class='ocr_carea' id='block_1_104' title="bbox 1109 2208 1297 2242">
    <p class='ocr_par' dir='ltr' id='par_1_104' title="bbox 1109 2208 1297 2242">
     <span class='ocr_line' id='line_1_104' title="bbox 1109 2208 1297 2242; baseline -0.005 -7"><span class='ocrx_word' id='word_1_708' title='bbox 1109 2208 1142 2235; x_wconf 71' lang='grc' dir='ltr'>τὸ</span> <span class='ocrx_word' id='word_1_709' title='bbox 1155 2208 1297 2242; x_wconf 78' lang='grc' dir='ltr'>ὑμνῆσαι.</span> 
     </span>
    </p>
   </div>
   <div class='ocr_carea' id='block_1_105' title="bbox 1377 2296 1726 2323">
    <p class='ocr_par' dir='ltr' id='par_1_105' title="bbox 1377 2296 1726 2323">
     <span class='ocr_line' id='line_1_105' title="bbox 1377 2296 1726 2323; baseline 0.003 -2"><span class='ocrx_word' id='word_1_710' title='bbox 1377 2296 1521 2322; x_wconf 80' lang='grc' dir='ltr'><strong>ΨΑΛΜΟΣ</strong></span> <span class='ocrx_word' id='word_1_711' title='bbox 1537 2296 1620 2323; x_wconf 82' lang='grc' dir='ltr'><strong>ΡΚΖ¹.</strong></span> <span class='ocrx_word' id='word_1_712' title='bbox 1723 2318 1726 2322; x_wconf 94' lang='grc'>.</span> 
     </span>
    </p>
   </div>
   <div class='ocr_carea' id='block_1_106' title="bbox 1153 2340 1891 2377">
    <p class='ocr_par' dir='ltr' id='par_1_106' title="bbox 1153 2340 1891 2377">
     <span class='ocr_line' id='line_1_106' title="bbox 1153 2340 1891 2377; baseline 0 -10"><span class='ocrx_word' id='word_1_713' title='bbox 1153 2341 1316 2373; x_wconf 79' lang='grc' dir='ltr'>’Λκολούθως</span> <span class='ocrx_word' id='word_1_714' title='bbox 1342 2343 1375 2377; x_wconf 84' lang='grc' dir='ltr'>τῇ</span> <span class='ocrx_word' id='word_1_715' title='bbox 1402 2342 1454 2377; x_wconf 79' lang='grc' dir='ltr'><strong>πρὸ</strong></span> <span class='ocrx_word' id='word_1_716' title='bbox 1479 2341 1579 2376; x_wconf 76' lang='grc' dir='ltr'>ταύτης</span> <span class='ocrx_word' id='word_1_717' title='bbox 1607 2340 1661 2376; x_wconf 83' lang='grc' dir='ltr'><strong>ᾠδῇ</strong></span> <span class='ocrx_word' id='word_1_718' title='bbox 1683 2342 1698 2376; x_wconf 83' lang='grc' dir='ltr'>ἡ</span> <span class='ocrx_word' id='word_1_719' title='bbox 1723 2340 1817 2376; x_wconf 78' lang='grc' dir='ltr'>κλησις</span> <span class='ocrx_word' id='word_1_720' title='bbox 1837 2340 1891 2367; x_wconf 86' lang='grc' dir='ltr'>τῶν</span> 
     </span>
    </p>
   </div>
   <div class='ocr_carea' id='block_1_107' title="bbox 1111 2385 1891 2422">
    <p class='ocr_par' dir='ltr' id='par_1_107' title="bbox 1111 2385 1891 2422">
     <span class='ocr_line' id='line_1_107' title="bbox 1111 2385 1891 2422; baseline -0.003 -9"><span class='ocrx_word' id='word_1_721' title='bbox 1111 2387 1194 2414; x_wconf 73' lang='grc' dir='ltr'>ἐθνῶν</span> <span class='ocrx_word' id='word_1_722' title='bbox 1208 2386 1250 2413; x_wconf 81' lang='grc' dir='ltr'>διὰ</span> <span class='ocrx_word' id='word_1_723' title='bbox 1264 2387 1363 2422; x_wconf 78' lang='grc' dir='ltr'>ταύτης</span> <span class='ocrx_word' id='word_1_724' title='bbox 1376 2386 1542 2422; x_wconf 82' lang='grc' dir='ltr'>κηρύσσεται</span> <span class='ocrx_word' id='word_1_725' title='bbox 1556 2386 1604 2421; x_wconf 87' lang='grc'><strong>(6)·</strong></span> <span class='ocrx_word' id='word_1_726' title='bbox 1618 2387 1642 2412; x_wconf 86' lang='grc' dir='ltr'>οἱ</span> <span class='ocrx_word' id='word_1_727' title='bbox 1653 2385 1717 2419; x_wconf 79' lang='grc' dir='ltr'>γοῦν</span> <span class='ocrx_word' id='word_1_728' title='bbox 1730 2385 1891 2420; x_wconf 76' lang='grc' dir='ltr'>φοϐούμενοι</span> 
     </span>
    </p>
   </div>
   <div class='ocr_carea' id='block_1_108' title="bbox 1111 2430 1889 2468">
    <p class='ocr_par' dir='ltr' id='par_1_108' title="bbox 1111 2430 1889 2468">
     <span class='ocr_line' id='line_1_108' title="bbox 1111 2430 1889 2468; baseline 0 -10"><span class='ocrx_word' id='word_1_729' title='bbox 1111 2433 1155 2459; x_wconf 67' lang='grc' dir='ltr'><strong>τὸν</strong></span> <span class='ocrx_word' id='word_1_730' title='bbox 1169 2433 1280 2468; x_wconf 79' lang='grc' dir='ltr'>Κύριον,</span> <span class='ocrx_word' id='word_1_731' title='bbox 1300 2433 1386 2468; x_wconf 73' lang='grc' dir='ltr'>ἕτεροι</span> <span class='ocrx_word' id='word_1_732' title='bbox 1400 2433 1523 2467; x_wconf 81' lang='grc' dir='ltr'>λέγονται</span> <span class='ocrx_word' id='word_1_733' title='bbox 1537 2430 1605 2459; x_wconf 87' lang='grc' dir='ltr'>εἶναι</span> <span class='ocrx_word' id='word_1_734' title='bbox 1617 2431 1692 2468; x_wconf 67' lang='grc' dir='ltr'>παρὰ</span> <span class='ocrx_word' id='word_1_735' title='bbox 1707 2432 1752 2458; x_wconf 70' lang='grc' dir='ltr'><strong>τὸν</strong></span> <span class='ocrx_word' id='word_1_736' title='bbox 1774 2431 1889 2467; x_wconf 83' lang='grc' dir='ltr'>Ἰσραὴλ,</span> 
     </span>
    </p>
   </div>
   <div class='ocr_carea' id='block_1_109' title="bbox 1113 2477 1891 2514">
    <p class='ocr_par' dir='ltr' id='par_1_109' title="bbox 1113 2477 1891 2514">
     <span class='ocr_line' id='line_1_109' title="bbox 1113 2477 1891 2514; baseline -0.001 -10"><span class='ocrx_word' id='word_1_737' title='bbox 1113 2479 1159 2504; x_wconf 79' lang='grc' dir='ltr'><strong>καὶ</strong></span> <span class='ocrx_word' id='word_1_738' title='bbox 1178 2478 1253 2514; x_wconf 85' lang='grc' dir='ltr'>παρὰ</span> <span class='ocrx_word' id='word_1_739' title='bbox 1273 2478 1303 2504; x_wconf 84' lang='grc' dir='ltr'><strong>τὸ</strong></span> <span class='ocrx_word' id='word_1_740' title='bbox 1323 2479 1443 2514; x_wconf 87' lang='grc' dir='ltr'>κρεῖττον</span> <span class='ocrx_word' id='word_1_741' title='bbox 1465 2479 1494 2505; x_wconf 87' lang='grc' dir='ltr'><strong>ὲν</strong></span> <span class='ocrx_word' id='word_1_742' title='bbox 1516 2477 1555 2513; x_wconf 85' lang='grc' dir='ltr'><strong>τῷ</strong></span> <span class='ocrx_word' id='word_1_743' title='bbox 1575 2478 1681 2514; x_wconf 82' lang='grc' dir='ltr'>Ἰσραὴλ</span> <span class='ocrx_word' id='word_1_744' title='bbox 1702 2477 1804 2513; x_wconf 76' lang='grc' dir='ltr'>τάγμα,</span> <span class='ocrx_word' id='word_1_745' title='bbox 1821 2477 1891 2512; x_wconf 83' lang='grc' dir='ltr'>λέγω</span> 
     </span>
    </p>
   </div>
   <div class='ocr_carea' id='block_1_110' title="bbox 1113 2520 1892 2558">
    <p class='ocr_par' dir='ltr' id='par_1_110' title="bbox 1113 2520 1892 2558">
     <span class='ocr_line' id='line_1_110' title="bbox 1113 2520 1892 2558; baseline 0 -9"><span class='ocrx_word' id='word_1_746' title='bbox 1113 2523 1141 2549; x_wconf 76' lang='grc' dir='ltr'>δὲ</span> <span class='ocrx_word' id='word_1_747' title='bbox 1150 2523 1180 2549; x_wconf 79' lang='grc' dir='ltr'>τὸ</span> <span class='ocrx_word' id='word_1_748' title='bbox 1191 2523 1212 2549; x_wconf 75' lang='lat' dir='ltr'><strong>ia</strong></span> <span class='ocrx_word' id='word_1_749' title='bbox 1218 2523 1324 2558; x_wconf 88' lang='grc' dir='ltr'>ρατικόν</span> <span class='ocrx_word' id='word_1_750' title='bbox 1334 2531 1341 2538; x_wconf 91' lang='grc'>·</span> <span class='ocrx_word' id='word_1_751' title='bbox 1353 2523 1427 2558; x_wconf 73' lang='grc' dir='ltr'>δηλοῖ</span> <span class='ocrx_word' id='word_1_752' title='bbox 1437 2523 1464 2549; x_wconf 82' lang='grc' dir='ltr'>δὲ</span> <span class='ocrx_word' id='word_1_753' title='bbox 1477 2523 1575 2549; x_wconf 82' lang='grc' dir='ltr'>τοῦτοὸ</span> <span class='ocrx_word' id='word_1_754' title='bbox 1583 2523 1692 2557; x_wconf 85' lang='grc' dir='ltr'>φάσκων</span> <span class='ocrx_word' id='word_1_755' title='bbox 1703 2523 1780 2558; x_wconf 82' lang='grc' dir='ltr'>λόγος</span> <span class='ocrx_word' id='word_1_756' title='bbox 1787 2531 1793 2538; x_wconf 88' lang='grc'>·</span> <span class='ocrx_word' id='word_1_757' title='bbox 1806 2520 1892 2555; x_wconf 78' lang='grc' dir='ltr'>Οἶκος</span> 
     </span>
    </p>
   </div>
   <div class='ocr_carea' id='block_1_111' title="bbox 1120 2568 1889 2604">
    <p class='ocr_par' dir='ltr' id='par_1_111' title="bbox 1120 2568 1889 2604">
     <span class='ocr_line' id='line_1_111' title="bbox 1120 2568 1889 2604; baseline -0.001 -9"><span class='ocrx_word' id='word_1_758' title='bbox 1120 2568 1241 2601; x_wconf 74' lang='grc' dir='ltr'>Ἰσραὴλ</span> <span class='ocrx_word' id='word_1_759' title='bbox 1261 2568 1391 2602; x_wconf 66' lang='grc' dir='ltr'>ἤλπισεν</span> <span class='ocrx_word' id='word_1_760' title='bbox 1411 2568 1459 2595; x_wconf 77' lang='grc' dir='ltr'><strong>ἐπὶ</strong></span> <span class='ocrx_word' id='word_1_761' title='bbox 1482 2569 1607 2602; x_wconf 82' lang='grc' dir='ltr'>Κύριον·</span> <span class='ocrx_word' id='word_1_762' title='bbox 1625 2569 1672 2595; x_wconf 75' lang='grc' dir='ltr'><strong>καὶ</strong></span> <span class='ocrx_word' id='word_1_763' title='bbox 1698 2568 1767 2604; x_wconf 84' lang='grc' dir='ltr'>μετὰ</span> <span class='ocrx_word' id='word_1_764' title='bbox 1789 2568 1889 2594; x_wconf 78' lang='grc' dir='ltr'>ταῦτα’</span> 
     </span>
    </p>
   </div>
   <div class='ocr_carea' id='block_1_112' title="bbox 1116 2614 1891 2649">
    <p class='ocr_par' dir='ltr' id='par_1_112' title="bbox 1116 2614 1891 2649">
     <span class='ocr_line' id='line_1_112' title="bbox 1116 2614 1891 2649; baseline 0 -9"><span class='ocrx_word' id='word_1_765' title='bbox 1116 2616 1146 2640; x_wconf 85' lang='grc' dir='ltr'><strong>Οἱ</strong></span> <span class='ocrx_word' id='word_1_766' title='bbox 1161 2614 1334 2649; x_wconf 55' lang='grc' dir='ltr'>μεσούμενοι</span> <span class='ocrx_word' id='word_1_767' title='bbox 1351 2614 1405 2641; x_wconf 83' lang='grc' dir='ltr'><strong>τὸν</strong></span> <span class='ocrx_word' id='word_1_768' title='bbox 1424 2615 1531 2648; x_wconf 74' lang='grc' dir='ltr'>Κύριον</span> <span class='ocrx_word' id='word_1_769' title='bbox 1560 2615 1695 2649; x_wconf 76' lang='grc' dir='ltr'>ἤλπισαν</span> <span class='ocrx_word' id='word_1_770' title='bbox 1708 2614 1756 2641; x_wconf 78' lang='grc' dir='ltr'><strong>ἐπὶ</strong></span> <span class='ocrx_word' id='word_1_771' title='bbox 1769 2615 1891 2648; x_wconf 73' lang='grc' dir='ltr'>Κύριον·</span> 
     </span>
    </p>
   </div>
   <div class='ocr_carea' id='block_1_113' title="bbox 1114 2660 1935 2695">
    <p class='ocr_par' dir='ltr' id='par_1_113' title="bbox 1114 2660 1935 2695">
     <span class='ocr_line' id='line_1_113' title="bbox 1114 2660 1935 2695; baseline 0.002 -9"><span class='ocrx_word' id='word_1_772' title='bbox 1114 2662 1160 2687; x_wconf 77' lang='grc' dir='ltr'><strong>καὶ</strong></span> <span class='ocrx_word' id='word_1_773' title='bbox 1186 2661 1281 2688; x_wconf 81' lang='grc' dir='ltr'>πάλιν·</span> <span class='ocrx_word' id='word_1_774' title='bbox 1313 2661 1418 2695; x_wconf 85' lang='grc' dir='ltr'>Κύριος</span> <span class='ocrx_word' id='word_1_775' title='bbox 1443 2661 1588 2695; x_wconf 78' lang='grc' dir='ltr'>μνησθεὶς</span> <span class='ocrx_word' id='word_1_776' title='bbox 1616 2660 1699 2695; x_wconf 75' lang='grc' dir='ltr'><strong>ἡμῶν</strong></span> <span class='ocrx_word' id='word_1_777' title='bbox 1725 2661 1893 2695; x_wconf 70' lang='grc' dir='ltr'>εὐλόγησεν</span> <span class='ocrx_word' id='word_1_778' title='bbox 1925 2663 1935 2676; x_wconf 86' lang='grc'><strong><em>⁸</em></strong></span> 
     </span>
    </p>
   </div>
   <div class='ocr_carea' id='block_1_114' title="bbox 1113 2704 1893 2741">
    <p class='ocr_par' dir='ltr' id='par_1_114' title="bbox 1113 2704 1893 2741">
     <span class='ocr_line' id='line_1_114' title="bbox 1113 2704 1893 2741; baseline 0.003 -9"><span class='ocrx_word' id='word_1_779' title='bbox 1113 2706 1206 2741; x_wconf 78' lang='grc' dir='ltr'>ἡμᾶς·</span> <span class='ocrx_word' id='word_1_780' title='bbox 1229 2707 1377 2741; x_wconf 72' lang='grc' dir='ltr'>εὐλόγησε</span> <span class='ocrx_word' id='word_1_781' title='bbox 1400 2705 1454 2732; x_wconf 74' lang='grc' dir='ltr'>τὸν</span> <span class='ocrx_word' id='word_1_782' title='bbox 1474 2704 1556 2733; x_wconf 75' lang='grc' dir='ltr'>οἷκον</span> <span class='ocrx_word' id='word_1_783' title='bbox 1584 2705 1721 2740; x_wconf 78' lang='grc' dir='ltr'>Ἰσραήλ·</span> <span class='ocrx_word' id='word_1_784' title='bbox 1745 2706 1893 2740; x_wconf 58' lang='lat' dir='ltr'><strong>eburnas</strong></span> 
     </span>
    </p>
   </div>
   <div class='ocr_carea' id='block_1_115' title="bbox 1113 2751 1893 2788">
    <p class='ocr_par' dir='ltr' id='par_1_115' title="bbox 1113 2751 1893 2788">
     <span class='ocr_line' id='line_1_115' title="bbox 1113 2751 1893 2788; baseline 0 -8"><span class='ocrx_word' id='word_1_785' title='bbox 1113 2754 1166 2780; x_wconf 74' lang='grc' dir='ltr'>τὸν</span> <span class='ocrx_word' id='word_1_786' title='bbox 1188 2751 1272 2780; x_wconf 83' lang='grc' dir='ltr'>οἷκον</span> <span class='ocrx_word' id='word_1_787' title='bbox 1301 2752 1426 2787; x_wconf 78' lang='grc' dir='ltr'>Ἀαρών·</span> <span class='ocrx_word' id='word_1_788' title='bbox 1449 2753 1495 2779; x_wconf 63' lang='grc' dir='ltr'>καὶ</span> <span class='ocrx_word' id='word_1_789' title='bbox 1522 2752 1589 2788; x_wconf 81' lang='grc' dir='ltr'>μετὰ</span> <span class='ocrx_word' id='word_1_790' title='bbox 1613 2751 1711 2779; x_wconf 80' lang='grc' dir='ltr'>ταῦτα·</span> <span class='ocrx_word' id='word_1_791' title='bbox 1735 2752 1893 2786; x_wconf 73' lang='grc' dir='ltr'>Εὺλότησε</span> 
     </span>
    </p>
   </div>
   <div class='ocr_carea' id='block_1_116' title="bbox 1053 2833 1400 2863">
    <p class='ocr_par' dir='ltr' id='par_1_116' title="bbox 1053 2833 1400 2863">
     <span class='ocr_line' id='line_1_116' title="bbox 1053 2833 1400 2863; baseline -0.006 -2"><span class='ocrx_word' id='word_1_792' title='bbox 1053 2834 1147 2863; x_wconf 84' lang='lat' dir='ltr'><strong>&quot;ibid.</strong></span> <span class='ocrx_word' id='word_1_793' title='bbox 1166 2834 1207 2861; x_wconf 67' lang='lat'><strong>1‘2.</strong></span> <span class='ocrx_word' id='word_1_794' title='bbox 1248 2833 1269 2850; x_wconf 78' lang='grc'>¹³</span> <span class='ocrx_word' id='word_1_795' title='bbox 1280 2833 1343 2861; x_wconf 89' lang='lat' dir='ltr'><strong>ibid.</strong></span> <span class='ocrx_word' id='word_1_796' title='bbox 1360 2833 1400 2860; x_wconf 79' lang='grc'><strong>15.</strong></span> 
     </span>
    </p>
   </div>
  </div>
