2059 3215
203 130 233 158 31

769 130 1021 159 ΕΟΜΜΕΝΤΑΒΙΑ
1040 130 1074 158 IN
1094 131 1133 158 PS
1139 130 1266 159 ALMOS.

1791 126 1827 154 99

203 197 274 229 τοὺς
298 197 502 231 φοϐουμένους
527 197 581 225 τὸν
604 198 726 232 Κύριον.
759 199 925 232 Ἀκολούοως
948 197 993 226 οὖν

1047 198 1121 223 ntun,
1137 190 1283 217 mstimabis
1300 196 1348 216 eos
1366 188 1412 222 qui
1429 187 1683 224 praesentecantico
1699 186 1769 214 beati
1786 185 1826 212 tli-

203 243 307 274 τούτοις
319 243 428 277 νοήσεις
442 244 506 275 τοὺς
520 244 566 270 ἐπὶ
583 244 632 280 τῆς
655 244 796 281 παρούσης
817 246 888 281 ᾠδῆς
906 254 994 281 μακα-

205 288 363 325 ριζομένους
376 298 382 304 ·
400 286 473 316 οῦτοι
489 289 518 316 δὲ
531 288 601 325 ἦσαν
618 290 717 322 πάντες
733 292 757 317 οἱ
775 292 936 328 φοϐούμενοι
949 293 994 320 τὸν

205 335 321 372 Κύριον·
341 335 473 372 κρείττων
492 335 521 362 δέ
543 337 626 368 ἐστιν,
647 337 694 364 καὶ
708 338 919 374 ἑπαναϐεϐηκὼς
933 340 995 371 τοὺς

206 381 390 417 φοϐουμένους
407 381 453 408 τὸν
470 381 582 417 Κύριον,
604 383 619 408 ὁ
643 383 672 410 ἐν
695 383 786 420 τελείᾳ
811 385 995 421 γεγενημένος

206 427 314 463 ἀγάπῃι
333 427 412 460 Ἕξω
427 427 482 463 γὰρ
509 427 651 455 ἐκϐάλλει
667 429 686 463 ἡ
702 430 800 456 τελεία
829 430 928 465 ἀγάπη
942 431 995 458 τὸν

206 474 312 508 φόϐον·
330 474 377 501 καὶ
393 474 417 500 οἱ
434 474 484 509 μὲν
499 473 671 509 φοϐούμενοι,
688 476 716 501 ὲν
732 475 843 508 πολλαῖς
864 476 932 509 ὁδοῖς
948 486 996 504 π’)-

206 519 364 555 ρεύσονται·
383 520 454 555 τάχα
469 520 497 547 δὲ
513 521 527 547 6
550 520 664 555 ἀγαπῶν
681 522 710 548 έν
733 522 792 557 μιᾷ.
808 521 847 557 τῷ
860 523 993 559 εἰρηκότι,

212 566 281 600 Ἐγώ
294 567 352 601 ειμι
369 567 388 601 ἠ
405 566 486 600 ὁδὸς,
504 567 547 601 ἐφ’
564 567 597 602 ἣν
618 568 664 594 καὶ
687 568 715 594 αἱ
731 567 826 594 πολλαὶ
842 568 935 606 ὥσπερ
956 571 995 603 είς

206 612 302 648 λιμένα
314 613 482 639 καταντῶσιν
491 621 498 628 ο
512 613 559 639 καὶ
569 613 658 645 καλῶς
666 611 742 640 εἶπεν
751 622 757 628 ·
767 613 908 649 Μακάριοι
919 614 993 641 πάν-

207 665 269 691 τες·
289 658 341 685 κᾶν
357 658 460 690 δοῦλος,
487 658 539 686 κᾶν
556 658 698 694 δεσπότης,
720 659 772 686 κᾶν
792 660 822 686 τὸ
838 660 916 696 σῶμα
931 661 996 688 ἀνά-

207 712 303 740 πηρος,
321 705 374 732 κᾶν
396 705 497 737 ὁτιοῦν,
524 705 601 732 οὐδὲν
621 705 722 733 τούτων
739 706 837 733 κωλύει
851 707 896 734 τὸν
912 716 996 742 μακα-

208 751 303 786 ρισμὸν
317 751 421 783 τοῦτον,
432 751 462 778 ὃν
474 752 555 783 αὑτός
565 759 646 787 φησιν
656 760 662 767 ·
685 753 699 778 6
711 752 739 778 δὲ
751 752 825 788 παρὰ
842 753 995 788 ἀνθρώποις

209 797 392 833 μακαρισμὸς,
401 798 554 832 ἐπισφαλής
565 807 593 824 τε
605 799 652 825 καὶ
663 799 852 835 περίτρεπτος,
866 799 913 825 καὶ
923 799 993 835 λόγῳ

209 844 281 879 μρνῳ
296 843 488 878 πλαττόμενος,
508 844 618 879 μυρίαις
632 845 660 872 δὲ
678 845 853 880 περιστάσεσι
880 853 993 880 περιαν-

207 889 363 924 τλούμενος·
381 889 438 916 ἀλλ’
452 891 500 925 οὺχ
514 891 528 916 6
541 890 586 917 τὸν
600 891 666 917 Θεὸν
682 890 847 926 φοϐούμενος
863 889 992 923 τοιοῦτος,

207 935 273 962 ἀλλὰ
286 935 338 962 τῶν
352 936 479 971 κυμάτων
497 936 598 962 τούτων
617 936 826 972 ἀπηλλαγμένος
847 937 875 963 ὲν
891 936 994 972 γαλήνῃ

209 980 324 1016 κάθηται
340 981 388 1008 καὶ
402 981 502 1016 λιμένι,
520 981 568 1017 τὴν
582 981 666 1014 ὅντως
682 982 848 1018 δρεπόμενος
865 981 995 1017 μακαριό·

208 1037 286 1064 erg-.41..

283 1074 354 1107 Τοὺς
368 1074 480 1106 πόνους
492 1073 551 1100 τῶν
567 1072 689 1107 καρπῶν
710 1081 768 1101 σου
786 1073 923 1108 φάγεσαι.

245 1152 276 1178 Ol
292 1152 380 1178 λοιποὶ
393 1152 488 1178 κόπον
503 1149 609 1185 χειρῶν
622 1150 756 1184 ἐξέδωκαν
768 1159 773 1165 ·
795 1150 832 1182 ὡς
845 1149 893 1176 ἐπὶ
907 1157 994 1184 γεωρ-

209 1197 257 1231 γοῦ
269 1197 296 1224 δέ
310 1206 390 1232 φασιν
409 1197 480 1232 ἅπερ
493 1196 649 1232 ὲγεώργησε
667 1196 858 1232 καρπουμένου
868 1204 874 1210 ·
891 1195 938 1222 καὶ
950 1195 996 1221 τὸν

209 1242 368 1270 ὲναθλοῦντα
389 1244 422 1278 τῇ
445 1244 494 1279 τῆς
516 1243 669 1274 Θεοσεϐείας
692 1242 756 1278 ὁδῷ,
779 1242 882 1278 τροφὴν
907 1241 995 1277 ἑαυτῷ

208 1288 406 1324 θησαυρίζοντα
418 1289 486 1325 πρὸς
498 1289 548 1325 τὴν
562 1288 711 1324 μέλλουσαν
726 1287 797 1323 ζωὴν
813 1286 995 1321 ἀναλογοῦσαν

208 1333 248 1368 οἷς
258 1335 422 1362 κατεϐάλετο
434 1335 524 1368 πόνοις
534 1343 541 1350 °
554 1335 600 1363 καὶ
615 1334 699 1371 ἀρετὴ
708 1334 736 1361 δὲ
750 1334 796 1361 καὶ
808 1334 887 1365 πένος
899 1334 913 1360 6
926 1333 997 1360 κατὰ

208 1381 284 1413 Θεὸν,
301 1381 357 1407 ἐστι
382 1381 468 1417 τροφὴ
491 1381 539 1408 καὶ
554 1381 626 1418 χαρὰ
643 1382 675 1416 τῇ
697 1380 768 1416 ψυχῇ
780 1387 786 1394 ·
802 1379 922 1412 τοιοῦτος
947 1379 995 1414 μὲν

209 1427 223 1453 6
239 1427 403 1463 φοϐούμενος
424 1428 470 1454 τὸν
486 1427 588 1464 Κύριον
598 1436 604 1443 ·
623 1429 637 1454 6
652 1428 680 1454 δὲ
695 1426 818 1461 ἀγαπῶν,
833 1426 871 1457 ὡς
886 1425 942 1460 ἠδη·
953 1424 997 1451 τέ-

209 1473 279 1504 λειος
293 1473 409 1508 φάγεται
422 1472 468 1499 τὸν
481 1472 605 1508 οὐράνιον
628 1473 709 1509 ἄρτον
720 1481 726 1487 ·
745 1471 815 1498 κατὰ
831 1471 871 1501 τὸ,
893 1468 996 1496 Μακά-

206 1527 271 1553 ριος
287 1519 321 1552 ὃς
344 1519 467 1554 φάγεται
482 1519 572 1553 ἄρτον
588 1519 623 1546 ἐν
638 1518 674 1553 τῇ
691 1518 835 1552 βασιλείᾳ
849 1515 993 1551 οὐρανῶν.

302 1655 333 1682 Ἡ
347 1655 424 1690 γυνή
443 1662 501 1682 σου
522 1655 562 1688 ὡς
578 1654 710 1690 ἄμπελος
725 1653 903 1688 εὺθηνοῦσα.

246 1700 299 1726 Καὶ
314 1699 386 1727 κατὰ
409 1700 439 1727 τὸ
461 1700 552 1735 ῥητὸν,
567 1700 604 1731 ὼς
619 1700 710 1726 ἀτελεῖ
723 1700 823 1726 δίδοται
845 1698 931 1726 ταῦτα
948 1708 994 1734 φο-

211 1745 332 1781 ϐουμένῳ
347 1745 392 1772 τὸν
414 1745 527 1781 Κύριον,
549 1745 605 1772 ἀλλ’
623 1745 683 1780 οὐχὶ
699 1744 736 1780 τῷ
754 1744 993 1779 ἀγαπῶντιαὺτὺν

211 1790 242 1823 ἐξ
254 1790 317 1826 ὅλης
330 1790 418 1826 ψυχῆς
435 1791 481 1817 καὶ
496 1790 525 1824 ἐξ
539 1790 603 1826 ὅλης
625 1791 674 1826 τῆς
687 1790 800 1825 καρδίας
815 1790 862 1816 καὶ¹
879 1790 928 1825 τῆς
947 1790 993 1816 δυ-

211 1835 333 1870 νάμεως·
359 1835 523 1869 Ὀφθαλμὸς
543 1835 598 1870 τὰρ
622 1837 678 1863 οὐκ
697 1835 785 1867 εἶδεν,
803 1836 851 1862 καὶ
864 1835 899 1862 τὰ
914 1834 992 1870 ἑξῆς·

212 1880 251 1916 τῷ
264 1881 291 1907 δὲ
306 1880 464 1916 φοϐουμένῳ
475 1880 519 1907 τὸν
532 1882 632 1916 Κύριον
643 1881 740 1908 δίδοται
753 1881 876 1915 σύζυγος,
889 1882 952 1917 περὶ
962 1879 995 1917 ἦς

212 1935 279 1963 φησι
292 1927 331 1960 τὸ,
357 1927 442 1960 Γυνὴ
457 1927 562 1961 ἀγαθὴ,
573 1927 658 1962 μερὶς
671 1927 764 1962 ἀγαθή
773 1936 779 1943 ·
793 1929 850 1960 καὶ,
862 1928 996 1955 Γυναῖκα

211 1972 353 2007 ἀνδρείαν
364 1973 411 2006 τίς
429 1973 568 2007 εὑρήσει;
583 1973 733 2009 τιμιωτέρα
749 1973 777 2000 δέ
789 1973 847 1999 ἐστι
858 1973 939 2000 λίθων
948 1982 997 2000 πο-

211 2018 328 2046 λυτελῶν
346 2021 362 2055 ἡ
379 2019 504 2055 τοιαύτη·
518 2019 604 2051 οὕτως
618 2020 634 2055 ή
649 2018 755 2055 πονηρά
769 2019 883 2053 σύζυγος
907 2019 948 2055 εῐη
963 2019 995 2046 ἂν

211 2065 279 2101 ὀργὴ
291 2065 323 2092 ἐκ
334 2064 412 2092 Θεοῦ.

351 2122 383 2147 Ol
399 2121 459 2148 vlo!
469 2129 528 2148 σου
539 2122 579 2154 ὼς
591 2122 722 2156 νεόφυτα
736 2122 854 2149 elatum.

247 2165 326 2194 οὕτω
342 2166 388 2193 καὶ
401 2167 455 2193 υἱοὶ
471 2167 503 2193 ὲκ
515 2166 583 2193 Θεοῦ
596 2166 710 2194 δίδονται
726 2167 765 2201 τῷ
777 2166 938 2202 φοϐουμένῳ
952 2166 997 2193 τὸν

1011 867 1030 894 Β

1046 241 1153 264 cuntur.
1172 236 1202 263 lli
1229 241 1305 264 erant
1323 236 1451 264 nimirum
1476 239 1610 270 quotquot
1633 234 1775 261 Dominum
1793 233 1827 260 ti-

1046 283 1164 310 mebant.
1186 282 1276 310 Potior
1299 287 1386 310 autem
1408 286 1466 314 est,
1481 285 1508 308 et
1531 280 1578 308 Dei
1594 280 1667 315 ipsos
1684 280 1826 307 timoratos

1046 337 1187 364 superans,
1210 329 1255 363 qui
1276 329 1395 364 perlecta
1414 328 1439 355 in
1456 327 1591 355 cltaritate
1609 331 1742 354 versatur.
1761 325 1827 352 Nam

1045 375 1158 410 perfecta
1175 375 1290 401 rltart'tas
1306 373 1421 401 excludit
1437 373 1556 400 timorem
1568 373 1599 400 ".
1616 372 1649 400 Et
1666 371 1774 406 quidem
1791 370 1824 396 li-

1046 420 1156 453 morati,
1183 421 1280 448 multas
1303 425 1394 447 terunt
1417 421 1491 452 vius;
1517 426 1611 446 amans
1633 422 1723 446 autem
1745 425 1825 444 unam

1045 466 1160 494 fortasse
1174 486 1181 499 ,
1196 467 1279 500 illam,
1299 467 1421 501 inquam,
1447 467 1480 494 de
1503 473 1555 503 qua
1582 464 1669 497 dixit,
1693 463 1748 499 Ego
1769 471 1826 490 sum

1044 514 1088 540 via
1103 514 1136 546 '°,
1154 513 1180 540 in
1199 521 1279 548 qttam
1297 518 1426 548 tanquam
1441 514 1467 540 in
1488 518 1595 548 portum
1611 511 1701 539 multae
1720 517 1828 546 quoque

1046 561 1097 590 illa:
1111 560 1248 590 desinunt.
1271 560 1445 596 Pulchreque
1466 561 1549 587 dixit:
1565 559 1639 587 Beati
1653 567 1751 592 annm.
1768 559 1827 587 sive

1045 607 1161 636 famulus
1183 609 1229 641 sit,
1248 609 1306 636 sive
1321 609 1458 642 dominus,
1472 609 1530 637 sive
1544 608 1626 635 etiam
1644 615 1757 642 corpore
1771 615 1828 634 mu-

1045 655 1118 687 tilus,
1133 655 1191 682 sive
1203 655 1272 682 alitts
1288 655 1393 690 quivis;
1411 654 1478 682 nihil
1500 655 1572 682 enim
1591 653 1743 689 ltujusmodi
1758 653 1828 680 hanc

1046 702 1158 737 impedit
1179 701 1389 733 beatitudinem,
1407 701 1440 729 de
1456 707 1508 736 qua
1529 700 1552 728 is
1574 699 1712 734 loquitur;
1728 698 1829 727 Verum

1044 755 1126 782 quam
1143 748 1220 775 nobis
1240 748 1393 775 attribuunt
1413 747 1538 775 homines
1561 745 1772 778 beatitudinem,
1795 750 1829 772 ea

1045 794 1125 821 l'ullax
1140 799 1194 826 est,
1215 799 1242 822 et
1260 795 1396 825 volubilis.
1416 799 1444 821 et
1463 793 1555 821 verbis
1571 797 1676 820 tantum
1697 791 1830 820 coulicta.

1045 840 1181 867 sexcentis
1202 848 1266 868 vero
1287 840 1409 867 adversis
1430 839 1540 867 casibus
1565 838 1693 866 obnoxia.
1717 836 1752 864 At
1774 844 1827 863 unn

1045 885 1080 912 ita
1100 893 1130 912 se
1153 885 1234 913 habet
1252 886 1297 920 qui
1321 885 1404 912 Deum
1422 885 1510 917 timet,
1531 885 1577 912 sed
1595 884 1638 911 his
1651 882 1775 910 ﬂuctibus
1797 882 1830 908 li-

1045 930 1165 964 beratus,
1183 931 1209 957 in
1229 938 1295 965 pace
1310 935 1443 965 portuque
1467 929 1554 961 sedet,
1572 936 1636 956 vera
1654 928 1747 955 fruens
1763 927 1827 954 bea-

1045 977 1131 1004 tit-ate.

1046 1063 1126 1092 Vsus.
1145 1063 1173 1091 2.
1194 1063 1309 1091 Labore:
1334 1063 1452 1124 00(11er
1471 1069 1577 1124 (garum
1600 1062 1659 1098 (vel
1676 1061 1828 1096 fructuum)

1350 1107 1410 1124 mnu
1432 1107 1479 1124 πιθα
1499 1107 1531 1124 ts.

1350 1107 1531 1126 ntmtattcauts.

1081 1144 1176 1172 Cmteri
1199 1144 1361 1179 interpretes
1389 1144 1532 1170 ediderunt
1553 1143 1668 1170 laborem
1690 1149 1831 1169 manuum.

1046 1191 1146 1225 Nempe
1167 1195 1294 1226 tanquam
1315 1191 1348 1218 de
1365 1190 1482 1225 agricola
1504 1191 1653 1224 loquentes,
1669 1191 1714 1224 qui
1731 1190 1764 1217 de
1780 1198 1826 1217 sua

1047 1239 1212 1274 agricultura
1238 1237 1354 1266 fructum
1383 1238 1507 1272 percipit.
1527 1237 1729 1272 Designantque
1755 1237 1829 1264 labo-

1047 1289 1151 1312 rantem
1169 1284 1195 1311 in
1212 1283 1322 1318 pietatis
1338 1283 1390 1313 via.
1415 1283 1521 1317 sibique
1538 1290 1628 1310 escam
1646 1281 1827 1309 cumulantetn

1046 1330 1079 1358 ad
1105 1329 1222 1356 futuram
1245 1330 1345 1362 vitam,
1368 1336 1429 1363 qua:
1450 1328 1592 1356 exantlatis
1616 1328 1750 1355 laboribus
1777 1328 1832 1354 erit

1047 1381 1239 1404 consentanea.
1260 1375 1327 1402 Nam
1345 1376 1432 1403 virtus
1451 1380 1479 1402 et
1496 1379 1606 1410 propter
1628 1374 1710 1401 Deum
1730 1373 1830 1400 tolera-

1048 1427 1091 1450 tus
1105 1422 1192 1455 labor,
1207 1421 1283 1449 cibus
1297 1421 1479 1456 gaudiumque
1496 1421 1594 1448 animo}
1611 1425 1662 1448 est.
1681 1420 1718 1447 lla
1736 1427 1765 1447 se
1780 1419 1829 1446 hu-

1047 1469 1092 1496 bet
1110 1468 1155 1502 qui
1173 1468 1248 1494 timet
1266 1466 1418 1494 Dominum.
1438 1466 1630 1493 Verumtamen
1651 1465 1673 1493 is
1685 1465 1730 1500 qui
1745 1470 1828 1496 atnat,

1047 1521 1095 1541 ceu
1115 1513 1172 1548 jam
1197 1512 1350 1548 perlectus,
1372 1511 1510 1539 caelestem
1537 1518 1631 1544 panem
1664 1510 1831 1541 manducet;

1047 1559 1193 1586 secundum
1210 1566 1241 1586 ea
1257 1559 1356 1585 verba:
1378 1557 1475 1584 Beatus
1498 1558 1542 1592 qut“
1558 1565 1651 1590 panem
1671 1557 1723 1584 edit
1745 1556 1771 1582 in
1789 1564 1828 1583 re-

1045 1613 1098 1641 gna
1119 1605 1242 1632 cmlorum
1255 1605 1277 1620 ¹¹
1288 1605 1294 1632 1

1138 1651 1220 1679 Vnus.
1238 1651 1264 1678 5.
1284 1649 1358 1678 Uxor
1373 1657 1418 1676 tua
1433 1650 1501 1676 sicut
1518 1649 1577 1677 ritis
1594 1649 1741 1677 abundans.

1083 1699 1158 1726 Sicut
1175 1699 1230 1733 jam
1247 1697 1381 1730 diximus,
1403 1697 1502 1724 dantur
1525 1697 1581 1724 haec
1601 1696 1758 1730 imperfecto
1782 1697 1830 1724 ho-

1047 1745 1126 1777 mini,
1152 1745 1293 1772 Dominum
1319 1745 1443 1777 timenti,
1464 1743 1534 1771 haud
1554 1742 1578 1770 ei
1604 1743 1647 1777 qui
1673 1743 1747 1769 illum
1774 1747 1828 1769 tota

1047 1790 1137 1824 anima
1155 1795 1264 1825 totoque
1288 1791 1370 1818 corde
1387 1797 1422 1818 ac
1448 1789 1550 1817 viribus
1571 1794 1663 1816 amat:
1681 1788 1742 1816 Non
1762 1790 1830 1815 enim

1048 1835 1139 1863 oculus
1155 1836 1261 1869 vidit",
1277 1841 1304 1864 et
1317 1835 1432 1870 reliqua.
1448 1833 1566 1861 Timenti
1583 1838 1673 1862 autem
1688 1834 1830 1861 Dominum

1048 1884 1128 1910 datur
1144 1891 1223 1915 uxor.
1246 1883 1279 1911 de
1299 1891 1352 1918 qua
1376 1884 1476 1912 dictum
1499 1888 1557 1911 est:
1575 1883 1651 1910 Bona
1672 1891 1750 1915 uxor,
1770 1891 1831 1917 p.th

1049 1929 1115 1956 bona
1125 1930 1158 1957 ".
1179 1929 1212 1956 Et
1225 1930 1378 1957 :Mult’erem
1395 1930 1488 1965 fortem
1503 1930 1562 1965 quis
1580 1930 1690 1957 inveniet
1704 1930 1726 1945 ’δ
1737 1930 1832 1956 ?a:sti—

1049 1977 1175 2004 mabilior
1190 1981 1231 2004 est
1250 1976 1385 2011 lapidibus
1399 1976 1527 2011 pretiosis
1546 1983 1607 2010 quae
1625 1980 1667 2003 est
1687 1975 1829 2009 ejusmodi.

1050 2021 1175 2049 Vicissim
1191 2014 1260 2048 mala
1277 2029 1353 2052 uxor.
1370 2021 1410 2048 ira
1434 2021 1478 2048 Dei
1500 2026 1552 2049 est.

1140 2121 1218 2148 Vens.
1239 2121 1266 2149 5.
1283 2120 1347 2148 Filii
1363 2122 1402 2148 Ittt'
1416 2122 1483 2148 sicut
1501 2121 1607 2149 not-clla
1618 2122 1745 2149 olearum.

1090 2167 1136 2194 Sic
1150 2168 1232 2194 etiam
1257 2167 1302 2195 lilii
1327 2168 1424 2195 dantur
1445 2169 1550 2196 timenti
1580 2168 1735 2202 Dominum,
1762 2169 1833 2196 haud

212 2212 322 2248 Κύριον,
336 2212 384 2248 οὐχ
401 2213 488 2248 ὅμοιοι
501 2214 556 2245 τοῖς
568 2212 674 2244 πολλοῖς
687 2214 763 2245 υἱοῖς,
775 2213 841 2240 ἀλλὰ
853 2214 878 2240 οἱ
888 2214 926 2245 ὡς
939 2214 995 2240 νεό-

1050 2214 1153 2241 similes
1171 2214 1307 2249 plerisque
1321 2214 1447 2247 llliorum,
1466 2215 1513 2242 sed
1528 2215 1610 2242 veluti
1635 2215 1754 2242 olearum
1774 2223 1834 2243 sur-

211 2267 281 2292 φυτα
297 2258 393 2284 ἐλαιῶν
410 2257 560 2285 κυκλοῦντα
573 2259 620 2285 καὶ
633 2258 816 2293 στεφανοῦντα
828 2259 877 2294 τὴν
893 2259 996 2294 τράπε-

212 2303 258 2335 ζαν
269 2303 366 2330 αὐτοῦ’
382 2303 406 2329 εί
418 2303 447 2330 δέ
465 2312 506 2335 τις
523 2303 560 2339 μὴ
575 2303 755 2338 φοϐουμένους
771 2304 816 2330 τὸν
829 2303 930 2340 Κύριόν
944 2313 995 2340 φη-

214 2358 249 2381 σι,
262 2350 389 2381 πολλάκις
404 2350 433 2377 ὲν
450 2350 593 2385 περιουσίᾳ
609 2350 673 2376 υἱῶν
688 2350 819 2385 ὑπάρχειν
835 2350 882 2378 καὶ
904 2352 933 2378 ὲν
953 2350 997 2377 εὐ-

215 2395 293 2431 οηνίᾳ
309 2395 448 2430 γυναικὸς,
466 2395 523 2422 ἀλλ’
552 2395 668 2431 ἐροῦμεν
687 2396 728 2422 ὅτι
741 2397 755 2422 6
769 2395 864 2431 παρὼν
879 2404 998 2432 μακαρι-

215 2440 281 2475 σμὸς
290 2441 338 2476 οὐχ
349 2442 440 2473 ἁπλῶς
448 2442 563 2476 γυναῖκα
575 2441 623 2468 καὶ
629 2441 710 2468 τέκνα
722 2441 927 2476 ἐπαγγέλλεται,
941 2441 998 2469 ἀλλ’

215 2486 275 2513 ὅλον
291 2486 353 2512 αὐτὸ
365 2487 451 2520 τοῦτο,
467 2487 582 2523 ἀμπέλῳ
595 2488 644 2523 μὲν
658 2489 861 2525 ἀπεικασμένην
871 2490 997 2524 γυναῖκα,

214 2531 353 2566 νεοφύτοις
368 2532 396 2559 δὲ
410 2533 505 2560 ἐλαιῶν
522 2534 622 2560 τέκνα·
640 2535 670 2561 οὐ
685 2532 795 2562 τοιαῦτα
807 2535 835 2562 δὲ
847 2536 880 2562 τὰ
896 2535 950 2561 τῶν
966 2536 998 2562 ἀ-

213 2577 300 2604 σεϐῶν
314 2577 362 2612 (7).

248 2646 268 2662 "
285 2645 384 2673 lJoan.
402 2653 439 2678 tv,
456 2646 498 2673 18.
535 2648 558 2664 ’⁸
570 2648 647 2675 Joan.
664 2655 719 2680 xtv,
728 2647 755 2675 6.
793 2648 815 2664 ¹¹
830 2648 894 2676 Luc.
912 2648 1019 2681 “v.15.

249 2708 287 2743 (7)
307 2708 389 2734 Paulo
401 2707 480 2743 aliter
500 2708 526 2735 in
544 2709 602 2736 rod.
623 2709 653 2736 E.
671 2708 690 2735 l'.
707 2709 758 2736 271
778 2709 848 2736 εΚαὶ
868 2710 921 2736 υἱοὶ
936 2710 995 2737 δια-

216 2743 348 2790 φέροντες
355 2743 416 2783 τῶν
430 2742 516 2790 ἄλλων
530 2743 641 2790 δίδον-τανζ
650 2744 697 2790 [τῷ
711 2744 868 2790 φοϐουμένῳ
882 2745 996 2790 36131.1“:

237 2787 285 2808 ιον,
297 2778 350 2805 ἀπὸ
370 2778 418 2814 τοῦ
442 2778 543 2804 τελείου
566 2778 611 2814 τοῦ
623 2779 765 2814 λέγοντος·
797 2778 866 2814 Ἑγὼ
880 2780 914 2806 δὲ
925 2780 996 2807 ὡσεὶ

217 2787 285 2840 SHW,
297 2787 350 2805 απο
370 2787 418 2806 του
442 2787 543 2804 τεΛειου
566 2787 611 2804 του
633 2787 765 2813 Λεγοντος·
799 2787 866 2814 ἀνω
880 2787 914 2806 σε
925 2787 996 2807 ωσει

221 2814 302 2851 _._1ala
321 2813 520 2851 κατάκαρπος,
534 2813 580 2851 καὶ
601 2813 635 2840 τὰ
649 2814 721 2851 έξῆς·
737 2815 786 2851 τῆς
802 2815 856 2851 γάρ
872 2815 999 2851 τοιαύτης

220 2824 302 2840 suam
321 2824 520 2848 κατακαρπος,
534 2824 580 2839 και
601 2824 635 2840 τα
649 2824 721 2849 εςης·
737 2824 752 2841 τ
773 2824 786 2846 ς
802 2824 856 2851 γαρ
872 2824 999 2848 τοιαυττδς

220 2848 311 2881 ἐλαίας
336 2848 369 2875 τὰ
398 2849 540 2884 γενήματα
554 2848 591 2880 ὡς
617 2849 732 2884 νεόφυτα
751 2824 847 2877 ἐλαιῶν
864 2848 934 2878 εἶναι
957 2838 999 2877 λέ-

1049 2260 1102 2287 culi
1117 2259 1346 2287 circumsistentes
1358 2265 1571 2294 coronantesque
1593 2267 1712 2287 mensam
1736 2261 1832 2295 patris.

1048 2306 1125 2339 Quod
1140 2306 1161 2333 si
1180 2306 1241 2341 quis
1255 2306 1327 2333 dicat
1344 2306 1404 2334 illos
1417 2307 1497 2334 etiam
1513 2307 1557 2341 qui
1568 2307 1711 2334 Dominum
1724 2307 1834 2335 minime

1052 2352 1157 2383 timent,
1182 2359 1252 2386 saepe
1282 2351 1372 2379 liberis
1399 2351 1537 2379 abundare
1552 2357 1579 2380 et
1597 2352 1689 2379 uxoris
1712 2352 1833 2380 fecundi-

1052 2401 1124 2428 tate;
1157 2396 1390 2431 respondebimus,
1413 2397 1466 2424 dici
1490 2397 1541 2424 hoc
1561 2396 1621 2424 loco
1641 2397 1832 2424 beatitudinem

1051 2442 1121 2469 haud
1133 2441 1254 2469 absolute
1267 2442 1301 2469 de
1311 2450 1395 2469 uxore
1407 2446 1434 2469 et
1446 2442 1548 2475 liberis,
1562 2443 1609 2470 sed
1623 2442 1670 2470 viti
1682 2443 1836 2476 comparari

1051 2496 1174 2523 uxorem,
1192 2488 1304 2516 novellis
1317 2497 1382 2516 vero
1395 2489 1517 2516 olearum
1541 2489 1652 2517 liberos.
1682 2488 1762 2522 Atqui
1783 2488 1836 2515 im-

1051 2535 1155 2571 piorum
1177 2535 1278 2562 familia
1297 2542 1349 2562 non
1363 2540 1405 2563 est
1420 2535 1586 2569 ltujusmodi.

1048 2649 1070 2664 ἰ
1086 2647 1171 2675 lCor.
1188 2655 1219 2681 ll,
1235 2647 1262 2674 9.
1291 2648 1315 2663 "
1327 2647 1408 2675 Eccli.
1426 2655 1500 2679 xxvi,
1517 2647 1543 2674 5.
1570 2646 1593 2661 ’⁸
1604 2645 1682 2673 Prov.
1700 2653 1774 2678 xxxt,
1789 2644 1832 2673 16.

1048 2718 1135 2744 γεται·
1153 2708 1180 2735 τί
1196 2706 1258 2741 οῦν;
1274 2709 1324 2736 οὐκ
1338 2710 1406 2735 εἰσὶν
1422 2708 1508 2735 ἄδικοι
1525 2708 1556 2744 γέν
1571 2707 1684 2744 εὑρηνιᾳ
1696 2706 1833 2744 γυναικῶν

1048 2736 1078 2772 τε
1091 2745 1139 2771 καὶ
1157 2736 1270 2771 παιδίων
1288 2752 1295 2771 :
1323 2744 1379 2770 ἀλλ’
1394 2744 1443 2770 οὐκ
1456 2742 1574 2778 ἀμπέλῳ,
1593 2736 1641 2778 μὲν
1664 2736 1833 2778 ἀπεικασμέ-

1049 2789 1098 2815 νην
1112 2780 1202 2815 ἔχουσι
1220 2780 1345 2815 γυναῖκα,
1363 2777 1500 2812 νεοφύτοις
1515 2778 1542 2804 δὲ
1555 2777 1651 2805 ἐλαιῶν
1666 2780 1756 2815 τέκνα.
1767 2777 1832 2804 Filii

1052 2814 1154 2849 quoque
1169 2822 1185 2841 a
1203 2814 1303 2841 cw'teria
1329 2814 1425 2840 diuersi
1443 2815 1542 2841 dantur
1562 2814 1663 2841 timenti
1681 2814 1831 2841 Dominum.

1052 2860 1068 2878 ιι
1093 2849 1207 2885 pst-[ecto
1234 2849 1279 2883 qui
1302 2849 1357 2876 ait:
1375 2858 1384 2875 ι
1406 2849 1461 2884 ligo
1477 2849 1553 2884 quasi
1572 2850 1628 2878 olea
1650 2849 1799 2886 fructifera.
1819 2858 1830 2874 ι
