  <div class='ocr_page' id='page_1' title='image "/cluster/home/n/w/nwhite01/storage/ocr_20150623/24/njp.32101077772513/019.png"; bbox 0 0 2059 3215; ppageno 0'>
   <div class='ocr_carea' id='block_1_1' title="bbox 499 216 817 246">
    <p class='ocr_par' dir='ltr' id='par_1_1' title="bbox 499 216 817 246">
     <span class='ocr_line' id='line_1_1' title="bbox 499 216 817 246; baseline 0.006 -2"><span class='ocrx_word' id='word_1_1' title='bbox 499 216 658 246; x_wconf 79' lang='lat' dir='ltr'><strong>PSALMUS</strong></span> <span class='ocrx_word' id='word_1_2' title='bbox 677 218 817 246; x_wconf 78' lang='lat' dir='ltr'><strong>CXXVIII.</strong></span> 
     </span>
    </p>
   </div>
   <div class='ocr_carea' id='block_1_2' title="bbox 348 262 962 298">
    <p class='ocr_par' dir='ltr' id='par_1_2' title="bbox 348 262 962 298">
     <span class='ocr_line' id='line_1_2' title="bbox 348 262 962 298; baseline 0.003 -8"><span class='ocrx_word' id='word_1_3' title='bbox 348 262 432 292; x_wconf 70' lang='lat' dir='ltr'><strong>Vsus.</strong></span> <span class='ocrx_word' id='word_1_4' title='bbox 448 262 476 290; x_wconf 80' lang='grc'><strong>4.</strong></span> <span class='ocrx_word' id='word_1_5' title='bbox 491 262 616 290; x_wconf 77' lang='lat' dir='ltr'><strong>Dominus</strong></span> <span class='ocrx_word' id='word_1_6' title='bbox 627 263 717 298; x_wconf 75' lang='lat' dir='ltr'><strong>justus</strong></span> <span class='ocrx_word' id='word_1_7' title='bbox 728 265 841 291; x_wconf 79' lang='lat' dir='ltr'><strong>concidit</strong></span> <span class='ocrx_word' id='word_1_8' title='bbox 853 266 962 293; x_wconf 80' lang='lat' dir='ltr'><strong>cervices</strong></span> 
     </span>
    </p>
   </div>
   <div class='ocr_carea' id='block_1_3' title="bbox 566 303 742 332">
    <p class='ocr_par' dir='ltr' id='par_1_3' title="bbox 566 303 742 332">
     <span class='ocr_line' id='line_1_3' title="bbox 566 303 742 332; baseline 0.006 -7"><span class='ocrx_word' id='word_1_9' title='bbox 566 303 742 332; x_wconf 74' lang='lat' dir='ltr'><strong>peccatorum.</strong></span> 
     </span>
    </p>
   </div>
   <div class='ocr_carea' id='block_1_4' title="bbox 297 341 1041 378">
    <p class='ocr_par' dir='ltr' id='par_1_4' title="bbox 297 341 1041 378">
     <span class='ocr_line' id='line_1_4' title="bbox 297 341 1041 378; baseline 0.001 -9"><span class='ocrx_word' id='word_1_10' title='bbox 297 341 394 369; x_wconf 87' lang='lat' dir='ltr'><strong>Cuncti</strong></span> <span class='ocrx_word' id='word_1_11' title='bbox 409 342 604 377; x_wconf 89' lang='lat' dir='ltr'><strong>enimimprohi</strong></span> <span class='ocrx_word' id='word_1_12' title='bbox 619 348 806 377; x_wconf 71' lang='lat' dir='ltr'><strong>persecutores</strong></span> <span class='ocrx_word' id='word_1_13' title='bbox 823 343 893 371; x_wconf 89' lang='lat' dir='ltr'><strong>male</strong></span> <span class='ocrx_word' id='word_1_14' title='bbox 908 343 1041 378; x_wconf 85' lang='lat' dir='ltr'><strong>peribunt.</strong></span> 
     </span>
    </p>
   </div>
   <div class='ocr_carea' id='block_1_5' title="bbox 262 386 1042 423">
    <p class='ocr_par' dir='ltr' id='par_1_5' title="bbox 262 386 1042 423">
     <span class='ocr_line' id='line_1_5' title="bbox 262 386 1042 423; baseline 0.003 -10"><span class='ocrx_word' id='word_1_15' title='bbox 262 401 296 407; x_wconf 88' lang='lat'><strong>--</strong></span> <span class='ocrx_word' id='word_1_16' title='bbox 308 386 394 414; x_wconf 60' lang='lat' dir='ltr'><strong>(laedit</strong></span> <span class='ocrx_word' id='word_1_17' title='bbox 410 388 541 414; x_wconf 85' lang='lat' dir='ltr'><strong>cervicem</strong></span> <span class='ocrx_word' id='word_1_18' title='bbox 554 387 644 421; x_wconf 86' lang='lat' dir='ltr'><strong>justus</strong></span> <span class='ocrx_word' id='word_1_19' title='bbox 659 387 799 421; x_wconf 83' lang='lat' dir='ltr'><strong>Dominus,</strong></span> <span class='ocrx_word' id='word_1_20' title='bbox 814 396 894 423; x_wconf 80' lang='lat' dir='ltr'><strong>quam</strong></span> <span class='ocrx_word' id='word_1_21' title='bbox 912 388 962 416; x_wconf 86' lang='lat' dir='ltr'><strong>levi</strong></span> <span class='ocrx_word' id='word_1_22' title='bbox 978 388 1042 423; x_wconf 81' lang='lat' dir='ltr'><strong>jugo</strong></span> 
     </span>
    </p>
   </div>
   <div class='ocr_carea' id='block_1_6' title="bbox 263 431 1042 466">
    <p class='ocr_par' dir='ltr' id='par_1_6' title="bbox 263 431 1042 466">
     <span class='ocr_line' id='line_1_6' title="bbox 263 431 1042 466; baseline 0.001 -7"><span class='ocrx_word' id='word_1_23' title='bbox 263 431 408 459; x_wconf 87' lang='lat' dir='ltr'><strong>noluerunt</strong></span> <span class='ocrx_word' id='word_1_24' title='bbox 427 431 572 466; x_wconf 83' lang='lat' dir='ltr'><strong>subjicere.</strong></span> <span class='ocrx_word' id='word_1_25' title='bbox 595 431 643 460; x_wconf 91' lang='lat' dir='ltr'><strong>Pio</strong></span> <span class='ocrx_word' id='word_1_26' title='bbox 670 438 760 461; x_wconf 89' lang='lat' dir='ltr'><strong>autem</strong></span> <span class='ocrx_word' id='word_1_27' title='bbox 777 434 830 462; x_wconf 88' lang='lat' dir='ltr'><strong>line</strong></span> <span class='ocrx_word' id='word_1_28' title='bbox 852 435 902 462; x_wconf 88' lang='lat' dir='ltr'><strong>hoc</strong></span> <span class='ocrx_word' id='word_1_29' title='bbox 921 433 996 466; x_wconf 86' lang='lat' dir='ltr'><strong>dicit,</strong></span> <span class='ocrx_word' id='word_1_30' title='bbox 1013 438 1042 461; x_wconf 86' lang='lat' dir='ltr'><strong>ut</strong></span> 
     </span>
    </p>
   </div>
   <div class='ocr_carea' id='block_1_7' title="bbox 262 478 1040 514">
    <p class='ocr_par' dir='ltr' id='par_1_7' title="bbox 262 478 1040 514">
     <span class='ocr_line' id='line_1_7' title="bbox 262 478 1040 514; baseline 0 -9"><span class='ocrx_word' id='word_1_31' title='bbox 262 479 300 506; x_wconf 85' lang='lat' dir='ltr'><strong>illi</strong></span> <span class='ocrx_word' id='word_1_32' title='bbox 315 478 421 512; x_wconf 77' lang='lat' dir='ltr'><strong>abiecto</strong></span> <span class='ocrx_word' id='word_1_33' title='bbox 436 479 562 513; x_wconf 70' lang='lat' dir='ltr'><strong>nequitia:</strong></span> <span class='ocrx_word' id='word_1_34' title='bbox 576 478 666 506; x_wconf 88' lang='lat' dir='ltr'><strong>studio</strong></span> <span class='ocrx_word' id='word_1_35' title='bbox 681 484 708 506; x_wconf 90' lang='lat' dir='ltr'><strong>et</strong></span> <span class='ocrx_word' id='word_1_36' title='bbox 727 479 840 514; x_wconf 93' lang='lat' dir='ltr'><strong>impetu,</strong></span> <span class='ocrx_word' id='word_1_37' title='bbox 860 479 1040 513; x_wconf 84' lang='lat' dir='ltr'><strong>subjicianlur</strong></span> 
     </span>
    </p>
   </div>
   <div class='ocr_carea' id='block_1_8' title="bbox 260 525 1040 560">
    <p class='ocr_par' dir='ltr' id='par_1_8' title="bbox 260 525 1040 560">
     <span class='ocr_line' id='line_1_8' title="bbox 260 525 1040 560; baseline -0.001 -8"><span class='ocrx_word' id='word_1_38' title='bbox 260 525 384 558; x_wconf 87' lang='lat' dir='ltr'><strong>Domino,</strong></span> <span class='ocrx_word' id='word_1_39' title='bbox 401 525 444 552; x_wconf 90' lang='lat' dir='ltr'><strong>cui</strong></span> <span class='ocrx_word' id='word_1_40' title='bbox 457 525 546 552; x_wconf 86' lang='lat' dir='ltr'><strong>omnia</strong></span> <span class='ocrx_word' id='word_1_41' title='bbox 561 525 630 551; x_wconf 77' lang='lat' dir='ltr'><strong>nudo</strong></span> <span class='ocrx_word' id='word_1_42' title='bbox 645 530 672 551; x_wconf 87' lang='lat' dir='ltr'><strong>et</strong></span> <span class='ocrx_word' id='word_1_43' title='bbox 686 525 810 553; x_wconf 86' lang='lat' dir='ltr'><strong>distincta</strong></span> <span class='ocrx_word' id='word_1_44' title='bbox 825 530 898 560; x_wconf 84' lang='lat' dir='ltr'><strong>sunt.</strong></span> <span class='ocrx_word' id='word_1_45' title='bbox 914 525 966 553; x_wconf 87' lang='lat' dir='ltr'><strong>Pro</strong></span> <span class='ocrx_word' id='word_1_46' title='bbox 979 534 1040 552; x_wconf 82' lang='lat' dir='ltr'><strong>con-</strong></span> 
     </span>
    </p>
   </div>
   <div class='ocr_carea' id='block_1_9' title="bbox 260 570 1039 606">
    <p class='ocr_par' dir='ltr' id='par_1_9' title="bbox 260 570 1039 606">
     <span class='ocr_line' id='line_1_9' title="bbox 260 570 1039 606; baseline 0.001 -9"><span class='ocrx_word' id='word_1_47' title='bbox 260 571 324 597; x_wconf 87' lang='lat' dir='ltr'><strong>cidit</strong></span> <span class='ocrx_word' id='word_1_48' title='bbox 344 575 445 603; x_wconf 84' lang='lat' dir='ltr'><strong>autem,</strong></span> <span class='ocrx_word' id='word_1_49' title='bbox 469 570 723 606; x_wconf 71' lang='lat' dir='ltr'><strong>Aquilas,pr¢eeidit</strong></span> <span class='ocrx_word' id='word_1_50' title='bbox 748 570 854 605; x_wconf 73' lang='lat' dir='ltr'><strong>laqueos</strong></span> <span class='ocrx_word' id='word_1_51' title='bbox 878 571 1039 606; x_wconf 87' lang='lat' dir='ltr'><strong>impiorum;</strong></span> 
     </span>
    </p>
   </div>
   <div class='ocr_carea' id='block_1_10' title="bbox 259 615 1037 652">
    <p class='ocr_par' dir='ltr' id='par_1_10' title="bbox 259 615 1037 652">
     <span class='ocr_line' id='line_1_10' title="bbox 259 615 1037 652; baseline 0.003 -10"><span class='ocrx_word' id='word_1_52' title='bbox 259 615 448 651; x_wconf 80' lang='lat' dir='ltr'><strong>Symmachus,</strong></span> <span class='ocrx_word' id='word_1_53' title='bbox 457 616 575 650; x_wconf 67' lang='lat' dir='ltr'><strong>praecidit</strong></span> <span class='ocrx_word' id='word_1_54' title='bbox 582 615 688 650; x_wconf 81' lang='lat' dir='ltr'><strong>laqueos</strong></span> <span class='ocrx_word' id='word_1_55' title='bbox 697 616 938 650; x_wconf 70' lang='lat' dir='ltr'><strong>prcevarieatorum;</strong></span> <span class='ocrx_word' id='word_1_56' title='bbox 946 618 1037 652; x_wconf 81' lang='lat' dir='ltr'><strong>quinta</strong></span> 
     </span>
    </p>
   </div>
   <div class='ocr_carea' id='block_1_11' title="bbox 259 661 1038 696">
    <p class='ocr_par' dir='ltr' id='par_1_11' title="bbox 259 661 1038 696">
     <span class='ocr_line' id='line_1_11' title="bbox 259 661 1038 696; baseline 0.003 -9"><span class='ocrx_word' id='word_1_57' title='bbox 259 662 365 688; x_wconf 81' lang='lat' dir='ltr'><strong>demum</strong></span> <span class='ocrx_word' id='word_1_58' title='bbox 378 661 470 693; x_wconf 86' lang='lat' dir='ltr'><strong>editio,</strong></span> <span class='ocrx_word' id='word_1_59' title='bbox 481 661 566 688; x_wconf 79' lang='lat' dir='ltr'><strong>clusos</strong></span> <span class='ocrx_word' id='word_1_60' title='bbox 576 661 753 696; x_wconf 86' lang='lat' dir='ltr'><strong>improborum</strong></span> <span class='ocrx_word' id='word_1_61' title='bbox 768 661 928 689; x_wconf 87' lang='lat' dir='ltr'><strong>ediderunt:</strong></span> <span class='ocrx_word' id='word_1_62' title='bbox 941 661 1038 696; x_wconf 84' lang='lat' dir='ltr'><strong>quibus</strong></span> 
     </span>
    </p>
   </div>
   <div class='ocr_carea' id='block_1_12' title="bbox 258 705 1037 742">
    <p class='ocr_par' dir='ltr' id='par_1_12' title="bbox 258 705 1037 742">
     <span class='ocr_line' id='line_1_12' title="bbox 258 705 1037 742; baseline 0 -8"><span class='ocrx_word' id='word_1_63' title='bbox 258 705 347 734; x_wconf 72' lang='lat' dir='ltr'><strong>verbis</strong></span> <span class='ocrx_word' id='word_1_64' title='bbox 371 707 560 742; x_wconf 75' lang='lat' dir='ltr'><strong>signiﬁcantur</strong></span> <span class='ocrx_word' id='word_1_65' title='bbox 588 707 725 734; x_wconf 88' lang='lat' dir='ltr'><strong>subornati</strong></span> <span class='ocrx_word' id='word_1_66' title='bbox 745 706 779 734; x_wconf 86' lang='lat' dir='ltr'><strong>ab</strong></span> <span class='ocrx_word' id='word_1_67' title='bbox 803 707 894 742; x_wconf 86' lang='lat' dir='ltr'><strong>impiis</strong></span> <span class='ocrx_word' id='word_1_68' title='bbox 917 711 946 734; x_wconf 86' lang='lat' dir='ltr'><strong>ut</strong></span> <span class='ocrx_word' id='word_1_69' title='bbox 964 706 1037 741; x_wconf 84' lang='lat' dir='ltr'><strong>justo</strong></span> 
     </span>
    </p>
   </div>
   <div class='ocr_carea' id='block_1_13' title="bbox 258 752 1035 781">
    <p class='ocr_par' dir='ltr' id='par_1_13' title="bbox 258 752 1035 781">
     <span class='ocr_line' id='line_1_13' title="bbox 258 752 1035 781; baseline 0.001 -1"><span class='ocrx_word' id='word_1_70' title='bbox 258 753 418 780; x_wconf 88' lang='lat' dir='ltr'><strong>insidientur</strong></span> <span class='ocrx_word' id='word_1_71' title='bbox 429 753 565 781; x_wconf 87' lang='lat' dir='ltr'><strong>homines.</strong></span> <span class='ocrx_word' id='word_1_72' title='bbox 580 752 733 780; x_wconf 64' lang='lat' dir='ltr'><strong>Prtetlicunt</strong></span> <span class='ocrx_word' id='word_1_73' title='bbox 750 753 814 780; x_wconf 89' lang='lat' dir='ltr'><strong>item</strong></span> <span class='ocrx_word' id='word_1_74' title='bbox 832 753 873 780; x_wconf 70' lang='lat' dir='ltr'><strong>hae</strong></span> <span class='ocrx_word' id='word_1_75' title='bbox 886 753 1035 781; x_wconf 85' lang='lat' dir='ltr'><strong>locutiones</strong></span> 
     </span>
    </p>
   </div>
   <div class='ocr_carea' id='block_1_14' title="bbox 257 797 1036 833">
    <p class='ocr_par' dir='ltr' id='par_1_14' title="bbox 257 797 1036 833">
     <span class='ocr_line' id='line_1_14' title="bbox 257 797 1036 833; baseline 0.003 -9"><span class='ocrx_word' id='word_1_76' title='bbox 257 805 412 833; x_wconf 74' lang='lat' dir='ltr'><strong>supremum</strong></span> <span class='ocrx_word' id='word_1_77' title='bbox 428 797 519 830; x_wconf 86' lang='lat' dir='ltr'><strong>ﬁnem,</strong></span> <span class='ocrx_word' id='word_1_78' title='bbox 540 802 693 833; x_wconf 83' lang='lat' dir='ltr'><strong>mortesque</strong></span> <span class='ocrx_word' id='word_1_79' title='bbox 717 806 810 826; x_wconf 87' lang='lat' dir='ltr'><strong>eorum</strong></span> <span class='ocrx_word' id='word_1_80' title='bbox 835 799 880 833; x_wconf 91' lang='lat' dir='ltr'><strong>qui</strong></span> <span class='ocrx_word' id='word_1_81' title='bbox 902 806 950 832; x_wconf 89' lang='lat' dir='ltr'><strong>per</strong></span> <span class='ocrx_word' id='word_1_82' title='bbox 968 803 1036 826; x_wconf 86' lang='lat' dir='ltr'><strong>tem-</strong></span> 
     </span>
    </p>
   </div>
   <div class='ocr_carea' id='block_1_15' title="bbox 256 843 1034 879">
    <p class='ocr_par' dir='ltr' id='par_1_15' title="bbox 256 843 1034 879">
     <span class='ocr_line' id='line_1_15' title="bbox 256 843 1034 879; baseline 0 -9"><span class='ocrx_word' id='word_1_83' title='bbox 256 851 321 877; x_wconf 87' lang='lat' dir='ltr'><strong>pora</strong></span> <span class='ocrx_word' id='word_1_84' title='bbox 339 843 486 870; x_wconf 85' lang='lat' dir='ltr'><strong>Ecclesiam</strong></span> <span class='ocrx_word' id='word_1_85' title='bbox 502 843 549 871; x_wconf 88' lang='lat' dir='ltr'><strong>Dei</strong></span> <span class='ocrx_word' id='word_1_86' title='bbox 562 843 676 878; x_wconf 83' lang='lat' dir='ltr'><strong>ejusque</strong></span> <span class='ocrx_word' id='word_1_87' title='bbox 689 843 815 878; x_wconf 87' lang='lat' dir='ltr'><strong>populum</strong></span> <span class='ocrx_word' id='word_1_88' title='bbox 841 843 966 879; x_wconf 85' lang='lat' dir='ltr'><strong>persequi</strong></span> <span class='ocrx_word' id='word_1_89' title='bbox 987 851 1034 870; x_wconf 85' lang='lat' dir='ltr'><strong>vo-</strong></span> 
     </span>
    </p>
   </div>
   <div class='ocr_carea' id='block_1_16' title="bbox 255 888 1069 925">
    <p class='ocr_par' dir='ltr' id='par_1_16' title="bbox 255 888 1069 925">
     <span class='ocr_line' id='line_1_16' title="bbox 255 888 1069 925; baseline 0.014 -11"><span class='ocrx_word' id='word_1_90' title='bbox 255 888 362 915; x_wconf 84' lang='lat' dir='ltr'><strong>luerint.</strong></span> <span class='ocrx_word' id='word_1_91' title='bbox 1050 899 1069 925; x_wconf 83' lang='grc' dir='ltr'><strong><em>Β</em></strong></span> 
     </span>
    </p>
   </div>
   <div class='ocr_carea' id='block_1_17' title="bbox 501 975 797 1004">
    <p class='ocr_par' dir='ltr' id='par_1_17' title="bbox 501 975 797 1004">
     <span class='ocr_line' id='line_1_17' title="bbox 501 975 797 1004; baseline -0.003 -1"><span class='ocrx_word' id='word_1_92' title='bbox 501 975 662 1004; x_wconf 78' lang='lat' dir='ltr'><strong>PSALMUS</strong></span> <span class='ocrx_word' id='word_1_93' title='bbox 679 975 797 1003; x_wconf 73' lang='lat' dir='ltr'><strong>CXXIX.</strong></span> 
     </span>
    </p>
   </div>
   <div class='ocr_carea' id='block_1_18' title="bbox 289 1022 1032 1059">
    <p class='ocr_par' dir='ltr' id='par_1_18' title="bbox 289 1022 1032 1059">
     <span class='ocr_line' id='line_1_18' title="bbox 289 1022 1032 1059; baseline -0.001 -9"><span class='ocrx_word' id='word_1_94' title='bbox 289 1022 327 1050; x_wconf 89' lang='lat' dir='ltr'><strong>De</strong></span> <span class='ocrx_word' id='word_1_95' title='bbox 341 1023 440 1050; x_wconf 87' lang='lat' dir='ltr'><strong>Christi</strong></span> <span class='ocrx_word' id='word_1_96' title='bbox 458 1024 556 1059; x_wconf 91' lang='lat' dir='ltr'><strong>populo</strong></span> <span class='ocrx_word' id='word_1_97' title='bbox 569 1024 620 1051; x_wconf 93' lang='lat' dir='ltr'><strong>dici</strong></span> <span class='ocrx_word' id='word_1_98' title='bbox 641 1031 694 1050; x_wconf 91' lang='lat' dir='ltr'><strong>non</strong></span> <span class='ocrx_word' id='word_1_99' title='bbox 717 1028 807 1058; x_wconf 87' lang='lat' dir='ltr'><strong>potest</strong></span> <span class='ocrx_word' id='word_1_100' title='bbox 823 1032 830 1049; x_wconf 88' lang='lat'>:</span> <span class='ocrx_word' id='word_1_101' title='bbox 852 1022 970 1058; x_wconf 81' lang='lat' dir='ltr'><strong>Populus</strong></span> <span class='ocrx_word' id='word_1_102' title='bbox 991 1023 1032 1050; x_wconf 83' lang='lat' dir='ltr'><strong>hic</strong></span> 
     </span>
    </p>
   </div>
   <div class='ocr_carea' id='block_1_19' title="bbox 253 1069 1032 1104">
    <p class='ocr_par' dir='ltr' id='par_1_19' title="bbox 253 1069 1032 1104">
     <span class='ocr_line' id='line_1_19' title="bbox 253 1069 1032 1104; baseline 0.001 -9"><span class='ocrx_word' id='word_1_103' title='bbox 253 1069 328 1096; x_wconf 81' lang='lat' dir='ltr'><strong>labiis</strong></span> <span class='ocrx_word' id='word_1_104' title='bbox 348 1077 389 1096; x_wconf 90' lang='lat' dir='ltr'><strong>me</strong></span> <span class='ocrx_word' id='word_1_105' title='bbox 413 1069 536 1101; x_wconf 78' lang='lat' dir='ltr'><strong>honorat,</strong></span> <span class='ocrx_word' id='word_1_106' title='bbox 560 1077 605 1096; x_wconf 84' lang='lat' dir='ltr'><strong>cor</strong></span> <span class='ocrx_word' id='word_1_107' title='bbox 636 1074 723 1096; x_wconf 88' lang='lat' dir='ltr'><strong>autem</strong></span> <span class='ocrx_word' id='word_1_108' title='bbox 747 1077 837 1096; x_wconf 87' lang='lat' dir='ltr'><strong>eorum</strong></span> <span class='ocrx_word' id='word_1_109' title='bbox 859 1069 933 1104; x_wconf 82' lang='lat' dir='ltr'><strong>longe</strong></span> <span class='ocrx_word' id='word_1_110' title='bbox 956 1074 993 1096; x_wconf 69' lang='lat' dir='ltr'><strong>est</strong></span> <span class='ocrx_word' id='word_1_111' title='bbox 1015 1077 1032 1096; x_wconf 80' lang='grc' dir='ltr'><strong>ο</strong></span> 
     </span>
    </p>
   </div>
   <div class='ocr_carea' id='block_1_20' title="bbox 251 1115 1031 1150">
    <p class='ocr_par' dir='ltr' id='par_1_20' title="bbox 251 1115 1031 1150">
     <span class='ocr_line' id='line_1_20' title="bbox 251 1115 1031 1150; baseline 0 -8"><span class='ocrx_word' id='word_1_112' title='bbox 251 1123 292 1142; x_wconf 81' lang='lat' dir='ltr'><strong>me</strong></span> <span class='ocrx_word' id='word_1_113' title='bbox 305 1116 338 1142; x_wconf 82' lang='lat'><strong>&quot;.</strong></span> <span class='ocrx_word' id='word_1_114' title='bbox 351 1115 408 1143; x_wconf 77' lang='lat' dir='ltr'><strong>Non</strong></span> <span class='ocrx_word' id='word_1_115' title='bbox 423 1116 494 1143; x_wconf 91' lang='lat' dir='ltr'><strong>enim</strong></span> <span class='ocrx_word' id='word_1_116' title='bbox 510 1120 551 1143; x_wconf 90' lang='lat' dir='ltr'><strong>est</strong></span> <span class='ocrx_word' id='word_1_117' title='bbox 564 1121 593 1143; x_wconf 91' lang='lat' dir='ltr'><strong>ut</strong></span> <span class='ocrx_word' id='word_1_118' title='bbox 608 1116 681 1150; x_wconf 91' lang='lat' dir='ltr'><strong>prior</strong></span> <span class='ocrx_word' id='word_1_119' title='bbox 694 1115 818 1149; x_wconf 90' lang='lat' dir='ltr'><strong>populus,</strong></span> <span class='ocrx_word' id='word_1_120' title='bbox 828 1115 875 1142; x_wconf 84' lang='lat' dir='ltr'><strong>sed</strong></span> <span class='ocrx_word' id='word_1_121' title='bbox 889 1123 921 1142; x_wconf 75' lang='lat' dir='ltr'><strong>ex</strong></span> <span class='ocrx_word' id='word_1_122' title='bbox 937 1115 1031 1142; x_wconf 86' lang='lat' dir='ltr'><strong>intimo</strong></span> 
     </span>
    </p>
   </div>
   <div class='ocr_carea' id='block_1_21' title="bbox 251 1161 1029 1196">
    <p class='ocr_par' dir='ltr' id='par_1_21' title="bbox 251 1161 1029 1196">
     <span class='ocr_line' id='line_1_21' title="bbox 251 1161 1029 1196; baseline -0.003 -7"><span class='ocrx_word' id='word_1_123' title='bbox 251 1161 332 1189; x_wconf 80' lang='lat' dir='ltr'><strong>corde</strong></span> <span class='ocrx_word' id='word_1_124' title='bbox 345 1161 455 1193; x_wconf 81' lang='lat' dir='ltr'><strong>clamat,</strong></span> <span class='ocrx_word' id='word_1_125' title='bbox 474 1166 566 1196; x_wconf 90' lang='lat' dir='ltr'><strong>utpote</strong></span> <span class='ocrx_word' id='word_1_126' title='bbox 590 1161 661 1188; x_wconf 87' lang='lat' dir='ltr'><strong>illius</strong></span> <span class='ocrx_word' id='word_1_127' title='bbox 685 1161 803 1196; x_wconf 86' lang='lat' dir='ltr'><strong>Spiritus</strong></span> <span class='ocrx_word' id='word_1_128' title='bbox 824 1168 946 1195; x_wconf 87' lang='lat' dir='ltr'><strong>compos,</strong></span> <span class='ocrx_word' id='word_1_129' title='bbox 972 1161 1029 1195; x_wconf 89' lang='lat' dir='ltr'><strong>qui,</strong></span> 
     </span>
    </p>
   </div>
   <div class='ocr_carea' id='block_1_22' title="bbox 251 1206 1030 1241">
    <p class='ocr_par' dir='ltr' id='par_1_22' title="bbox 251 1206 1030 1241">
     <span class='ocr_line' id='line_1_22' title="bbox 251 1206 1030 1241; baseline -0.001 -7"><span class='ocrx_word' id='word_1_130' title='bbox 251 1213 280 1234; x_wconf 87' lang='lat' dir='ltr'><strong>ut</strong></span> <span class='ocrx_word' id='word_1_131' title='bbox 302 1207 341 1234; x_wconf 84' lang='lat' dir='ltr'><strong>ait</strong></span> <span class='ocrx_word' id='word_1_132' title='bbox 365 1206 475 1238; x_wconf 83' lang='lat' dir='ltr'><strong>Paulus,</strong></span> <span class='ocrx_word' id='word_1_133' title='bbox 504 1207 592 1234; x_wconf 80' lang='lat' dir='ltr'><strong>omnia</strong></span> <span class='ocrx_word' id='word_1_134' title='bbox 618 1212 768 1240; x_wconf 76' lang='lat' dir='ltr'><strong>scrutatur,</strong></span> <span class='ocrx_word' id='word_1_135' title='bbox 791 1207 869 1233; x_wconf 85' lang='lat' dir='ltr'><strong>etiam</strong></span> <span class='ocrx_word' id='word_1_136' title='bbox 897 1207 1030 1241; x_wconf 80' lang='lat' dir='ltr'><strong>pro/unda</strong></span> 
     </span>
    </p>
   </div>
   <div class='ocr_carea' id='block_1_23' title="bbox 252 1252 1029 1292">
    <p class='ocr_par' dir='ltr' id='par_1_23' title="bbox 252 1252 1029 1292">
     <span class='ocr_line' id='line_1_23' title="bbox 252 1252 1029 1292; baseline -0.003 -12"><span class='ocrx_word' id='word_1_137' title='bbox 252 1253 298 1280; x_wconf 85' lang='lat' dir='ltr'><strong>Dei</strong></span> <span class='ocrx_word' id='word_1_138' title='bbox 313 1253 347 1282; x_wconf 78' lang='lat'><strong>&quot;.</strong></span> <span class='ocrx_word' id='word_1_139' title='bbox 360 1252 410 1280; x_wconf 82' lang='lat' dir='ltr'><strong>Hic</strong></span> <span class='ocrx_word' id='word_1_140' title='bbox 423 1259 487 1292; x_wconf 75' lang='lat' dir='ltr'><strong>sane</strong></span> <span class='ocrx_word' id='word_1_141' title='bbox 503 1252 668 1279; x_wconf 83' lang='lat' dir='ltr'><strong>laudativum</strong></span> <span class='ocrx_word' id='word_1_142' title='bbox 684 1259 794 1279; x_wconf 87' lang='lat' dir='ltr'><strong>sensum</strong></span> <span class='ocrx_word' id='word_1_143' title='bbox 812 1253 892 1279; x_wconf 80' lang='lat' dir='ltr'><strong>habet</strong></span> <span class='ocrx_word' id='word_1_144' title='bbox 906 1252 939 1278; x_wconf 88' lang='lat' dir='ltr'><strong>de</strong></span> <span class='ocrx_word' id='word_1_145' title='bbox 955 1259 1029 1278; x_wconf 84' lang='lat' dir='ltr'><strong>more</strong></span> 
     </span>
    </p>
   </div>
   <div class='ocr_carea' id='block_1_24' title="bbox 250 1297 1029 1332">
    <p class='ocr_par' dir='ltr' id='par_1_24' title="bbox 250 1297 1029 1332">
     <span class='ocr_line' id='line_1_24' title="bbox 250 1297 1029 1332; baseline -0.001 -8"><span class='ocrx_word' id='word_1_146' title='bbox 250 1307 301 1325; x_wconf 79' lang='lat' dir='ltr'><strong>vox</strong></span> <span class='ocrx_word' id='word_1_147' title='bbox 314 1298 495 1332; x_wconf 74' lang='lat' dir='ltr'><strong>profundum,-</strong></span> <span class='ocrx_word' id='word_1_148' title='bbox 513 1298 587 1325; x_wconf 85' lang='lat' dir='ltr'><strong>velut</strong></span> <span class='ocrx_word' id='word_1_149' title='bbox 598 1297 661 1324; x_wconf 88' lang='lat' dir='ltr'><strong>illud</strong></span> <span class='ocrx_word' id='word_1_150' title='bbox 675 1307 681 1324; x_wconf 96' lang='lat'><strong>:</strong></span> <span class='ocrx_word' id='word_1_151' title='bbox 699 1297 721 1324; x_wconf 90' lang='lat'><em>0</em></span> <span class='ocrx_word' id='word_1_152' title='bbox 737 1297 905 1331; x_wconf 74' lang='lat' dir='ltr'><strong>profunditas</strong></span> <span class='ocrx_word' id='word_1_153' title='bbox 924 1297 1029 1324; x_wconf 79' lang='lat' dir='ltr'><strong>diuitia-</strong></span> 
     </span>
    </p>
   </div>
   <div class='ocr_carea' id='block_1_25' title="bbox 249 1343 1027 1378">
    <p class='ocr_par' dir='ltr' id='par_1_25' title="bbox 249 1343 1027 1378">
     <span class='ocr_line' id='line_1_25' title="bbox 249 1343 1027 1378; baseline -0.001 -7"><span class='ocrx_word' id='word_1_154' title='bbox 249 1353 306 1372; x_wconf 86' lang='lat' dir='ltr'><strong>rum</strong></span> <span class='ocrx_word' id='word_1_155' title='bbox 321 1345 456 1378; x_wconf 72' lang='lat' dir='ltr'><strong>sapientiw</strong></span> <span class='ocrx_word' id='word_1_156' title='bbox 475 1348 499 1371; x_wconf 83' lang='lat' dir='ltr'><strong>et</strong></span> <span class='ocrx_word' id='word_1_157' title='bbox 522 1345 636 1371; x_wconf 79' lang='lat' dir='ltr'><strong>scientia:</strong></span> <span class='ocrx_word' id='word_1_158' title='bbox 656 1343 704 1371; x_wconf 85' lang='lat' dir='ltr'><strong>Dei</strong></span> <span class='ocrx_word' id='word_1_159' title='bbox 719 1344 760 1370; x_wconf 74' lang='lat' dir='ltr'><strong>&quot;l</strong></span> <span class='ocrx_word' id='word_1_160' title='bbox 784 1345 873 1378; x_wconf 81' lang='lat' dir='ltr'><strong>Atque</strong></span> <span class='ocrx_word' id='word_1_161' title='bbox 893 1343 1027 1371; x_wconf 87' lang='lat' dir='ltr'><strong>Ezechieli</strong></span> 
     </span>
    </p>
   </div>
   <div class='ocr_carea' id='block_1_26' title="bbox 249 1390 1028 1426">
    <p class='ocr_par' dir='ltr' id='par_1_26' title="bbox 249 1390 1028 1426">
     <span class='ocr_line' id='line_1_26' title="bbox 249 1390 1028 1426; baseline 0 -8"><span class='ocrx_word' id='word_1_162' title='bbox 249 1392 331 1419; x_wconf 84' lang='lat' dir='ltr'><strong>etiam</strong></span> <span class='ocrx_word' id='word_1_163' title='bbox 348 1391 416 1419; x_wconf 84' lang='lat' dir='ltr'><strong>dicit</strong></span> <span class='ocrx_word' id='word_1_164' title='bbox 430 1391 519 1418; x_wconf 83' lang='lat' dir='ltr'><strong>Deus:</strong></span> <span class='ocrx_word' id='word_1_165' title='bbox 541 1390 602 1417; x_wconf 89' lang='lat' dir='ltr'><strong>Non</strong></span> <span class='ocrx_word' id='word_1_166' title='bbox 620 1391 653 1417; x_wconf 84' lang='lat' dir='ltr'><strong>ad</strong></span> <span class='ocrx_word' id='word_1_167' title='bbox 675 1390 801 1425; x_wconf 85' lang='lat' dir='ltr'><strong>populum</strong></span> <span class='ocrx_word' id='word_1_168' title='bbox 820 1391 945 1426; x_wconf 76' lang='lat' dir='ltr'><strong>profundi</strong></span> <span class='ocrx_word' id='word_1_169' title='bbox 965 1391 1028 1418; x_wconf 84' lang='lat' dir='ltr'><strong>[abii</strong></span> 
     </span>
    </p>
   </div>
   <div class='ocr_carea' id='block_1_27' title="bbox 248 1436 1028 1472">
    <p class='ocr_par' dir='ltr' id='par_1_27' title="bbox 248 1436 1028 1472">
     <span class='ocr_line' id='line_1_27' title="bbox 248 1436 1028 1472; baseline 0.001 -8"><span class='ocrx_word' id='word_1_170' title='bbox 248 1442 272 1464; x_wconf 84' lang='lat' dir='ltr'><strong>et</strong></span> <span class='ocrx_word' id='word_1_171' title='bbox 301 1437 388 1472; x_wconf 80' lang='lat' dir='ltr'><strong>gravis</strong></span> <span class='ocrx_word' id='word_1_172' title='bbox 417 1436 514 1471; x_wconf 68' lang='lat' dir='ltr'><strong>linguae</strong></span> <span class='ocrx_word' id='word_1_173' title='bbox 539 1444 584 1471; x_wconf 88' lang='lat' dir='ltr'><strong>ego</strong></span> <span class='ocrx_word' id='word_1_174' title='bbox 611 1442 635 1462; x_wconf 86' lang='lat' dir='ltr'><strong>te</strong></span> <span class='ocrx_word' id='word_1_175' title='bbox 658 1437 734 1463; x_wconf 81' lang='lat' dir='ltr'><strong>mitto</strong></span> <span class='ocrx_word' id='word_1_176' title='bbox 756 1436 788 1463; x_wconf 80' lang='lat'><strong>&quot;.</strong></span> <span class='ocrx_word' id='word_1_177' title='bbox 812 1436 864 1463; x_wconf 85' lang='lat' dir='ltr'><strong>Sed</strong></span> <span class='ocrx_word' id='word_1_178' title='bbox 889 1437 1028 1471; x_wconf 67' lang='lat' dir='ltr'><strong>profundae</strong></span> 
     </span>
    </p>
   </div>
   <div class='ocr_carea' id='block_1_28' title="bbox 249 1481 1027 1516">
    <p class='ocr_par' dir='ltr' id='par_1_28' title="bbox 249 1481 1027 1516">
     <span class='ocr_line' id='line_1_28' title="bbox 249 1481 1027 1516; baseline 0 -7"><span class='ocrx_word' id='word_1_179' title='bbox 249 1482 346 1509; x_wconf 88' lang='lat' dir='ltr'><strong>tuentis</strong></span> <span class='ocrx_word' id='word_1_180' title='bbox 363 1482 487 1516; x_wconf 88' lang='lat' dir='ltr'><strong>populus,</strong></span> <span class='ocrx_word' id='word_1_181' title='bbox 503 1481 548 1515; x_wconf 89' lang='lat' dir='ltr'><strong>qui</strong></span> <span class='ocrx_word' id='word_1_182' title='bbox 565 1481 761 1515; x_wconf 74' lang='lat' dir='ltr'><strong>prazcedentem</strong></span> <span class='ocrx_word' id='word_1_183' title='bbox 776 1488 884 1515; x_wconf 76' lang='lat' dir='ltr'><strong>quoque</strong></span> <span class='ocrx_word' id='word_1_184' title='bbox 897 1482 975 1509; x_wconf 86' lang='lat' dir='ltr'><strong>odam</strong></span> <span class='ocrx_word' id='word_1_185' title='bbox 985 1489 1027 1509; x_wconf 58' lang='lat' dir='ltr'><strong>rt.L</strong></span> 
     </span>
    </p>
   </div>
   <div class='ocr_carea' id='block_1_29' title="bbox 248 1527 1026 1564">
    <p class='ocr_par' dir='ltr' id='par_1_29' title="bbox 248 1527 1026 1564">
     <span class='ocr_line' id='line_1_29' title="bbox 248 1527 1026 1564; baseline 0 -9"><span class='ocrx_word' id='word_1_186' title='bbox 248 1527 353 1561; x_wconf 83' lang='lat' dir='ltr'><strong>citavit,</strong></span> <span class='ocrx_word' id='word_1_187' title='bbox 376 1535 409 1555; x_wconf 85' lang='lat' dir='ltr'><strong>ex</strong></span> <span class='ocrx_word' id='word_1_188' title='bbox 424 1527 483 1562; x_wconf 91' lang='lat' dir='ltr'><strong>ipso</strong></span> <span class='ocrx_word' id='word_1_189' title='bbox 508 1533 617 1562; x_wconf 86' lang='lat' dir='ltr'><strong>pectore</strong></span> <span class='ocrx_word' id='word_1_190' title='bbox 653 1527 798 1564; x_wconf 77' lang='lat' dir='ltr'><strong>gemitibus</strong></span> <span class='ocrx_word' id='word_1_191' title='bbox 823 1528 1026 1563; x_wconf 78' lang='lat' dir='ltr'><strong>iueloquacibus</strong></span> 
     </span>
    </p>
   </div>
   <div class='ocr_carea' id='block_1_30' title="bbox 247 1573 1060 1606">
    <p class='ocr_par' dir='ltr' id='par_1_30' title="bbox 247 1573 1060 1606">
     <span class='ocr_line' id='line_1_30' title="bbox 247 1573 1060 1606; baseline 0.002 -6"><span class='ocrx_word' id='word_1_192' title='bbox 247 1580 339 1606; x_wconf 81' lang='lat' dir='ltr'><strong>orans.</strong></span> <span class='ocrx_word' id='word_1_193' title='bbox 360 1573 504 1601; x_wconf 82' lang='lat' dir='ltr'><strong>clamatad</strong></span> <span class='ocrx_word' id='word_1_194' title='bbox 526 1573 620 1606; x_wconf 88' lang='lat' dir='ltr'><strong>Deum,</strong></span> <span class='ocrx_word' id='word_1_195' title='bbox 649 1581 700 1600; x_wconf 91' lang='lat' dir='ltr'><strong>non</strong></span> <span class='ocrx_word' id='word_1_196' title='bbox 715 1577 804 1600; x_wconf 85' lang='lat' dir='ltr'><strong>autem</strong></span> <span class='ocrx_word' id='word_1_197' title='bbox 822 1573 919 1601; x_wconf 87' lang='lat' dir='ltr'><strong>labiis:</strong></span> <span class='ocrx_word' id='word_1_198' title='bbox 945 1574 1025 1601; x_wconf 86' lang='lat' dir='ltr'><strong>sicuti</strong></span> <span class='ocrx_word' id='word_1_199' title='bbox 1040 1574 1060 1602; x_wconf 90' lang='lat' dir='ltr'>C</span> 
     </span>
    </p>
   </div>
   <div class='ocr_carea' id='block_1_31' title="bbox 247 1619 1025 1655">
    <p class='ocr_par' dir='ltr' id='par_1_31' title="bbox 247 1619 1025 1655">
     <span class='ocr_line' id='line_1_31' title="bbox 247 1619 1025 1655; baseline 0 -9"><span class='ocrx_word' id='word_1_200' title='bbox 247 1627 282 1647; x_wconf 90' lang='lat' dir='ltr'><strong>ne</strong></span> <span class='ocrx_word' id='word_1_201' title='bbox 300 1619 404 1655; x_wconf 83' lang='lat' dir='ltr'><strong>Moyses</strong></span> <span class='ocrx_word' id='word_1_202' title='bbox 430 1619 549 1654; x_wconf 87' lang='lat' dir='ltr'><strong>quidem,</strong></span> <span class='ocrx_word' id='word_1_203' title='bbox 573 1620 617 1646; x_wconf 90' lang='lat' dir='ltr'><strong>cui</strong></span> <span class='ocrx_word' id='word_1_204' title='bbox 640 1619 732 1646; x_wconf 87' lang='lat' dir='ltr'><strong>silenti</strong></span> <span class='ocrx_word' id='word_1_205' title='bbox 753 1619 816 1647; x_wconf 86' lang='lat' dir='ltr'><strong>licet</strong></span> <span class='ocrx_word' id='word_1_206' title='bbox 835 1619 935 1647; x_wconf 90' lang='lat' dir='ltr'><strong>dictum</strong></span> <span class='ocrx_word' id='word_1_207' title='bbox 958 1619 1025 1647; x_wconf 82' lang='lat' dir='ltr'><strong>fuit:</strong></span> 
     </span>
    </p>
   </div>
   <div class='ocr_carea' id='block_1_32' title="bbox 249 1665 1026 1698">
    <p class='ocr_par' dir='ltr' id='par_1_32' title="bbox 249 1665 1026 1698">
     <span class='ocr_line' id='line_1_32' title="bbox 249 1665 1026 1698; baseline 0.001 -7"><span class='ocrx_word' id='word_1_208' title='bbox 249 1665 320 1698; x_wconf 81' lang='lat' dir='ltr'><strong>Quid</strong></span> <span class='ocrx_word' id='word_1_209' title='bbox 339 1665 437 1692; x_wconf 76' lang='lat' dir='ltr'><strong>clamas</strong></span> <span class='ocrx_word' id='word_1_210' title='bbox 459 1665 493 1691; x_wconf 82' lang='lat' dir='ltr'><strong>ad</strong></span> <span class='ocrx_word' id='word_1_211' title='bbox 518 1673 558 1692; x_wconf 90' lang='lat' dir='ltr'><strong>me</strong></span> <span class='ocrx_word' id='word_1_212' title='bbox 578 1665 622 1692; x_wconf 73' lang='lat'><strong>&quot;1&#39;</strong></span> <span class='ocrx_word' id='word_1_213' title='bbox 640 1665 765 1693; x_wconf 79' lang='lat' dir='ltr'><strong>Praesens</strong></span> <span class='ocrx_word' id='word_1_214' title='bbox 790 1671 854 1692; x_wconf 91' lang='lat' dir='ltr'><strong>vero</strong></span> <span class='ocrx_word' id='word_1_215' title='bbox 873 1665 960 1693; x_wconf 87' lang='lat' dir='ltr'><strong>oratio</strong></span> <span class='ocrx_word' id='word_1_216' title='bbox 984 1669 1026 1692; x_wconf 89' lang='lat' dir='ltr'><strong>est</strong></span> 
     </span>
    </p>
   </div>
   <div class='ocr_carea' id='block_1_33' title="bbox 247 1710 1026 1745">
    <p class='ocr_par' dir='ltr' id='par_1_33' title="bbox 247 1710 1026 1745">
     <span class='ocr_line' id='line_1_33' title="bbox 247 1710 1026 1745; baseline 0.001 -8"><span class='ocrx_word' id='word_1_217' title='bbox 247 1710 407 1744; x_wconf 77' lang='lat' dir='ltr'><strong>postulantis</strong></span> <span class='ocrx_word' id='word_1_218' title='bbox 422 1718 453 1737; x_wconf 80' lang='lat' dir='ltr'><strong>ea</strong></span> <span class='ocrx_word' id='word_1_219' title='bbox 467 1717 527 1745; x_wconf 69' lang='lat' dir='ltr'><strong>quae</strong></span> <span class='ocrx_word' id='word_1_220' title='bbox 538 1715 656 1745; x_wconf 86' lang='lat' dir='ltr'><strong>oportet,</strong></span> <span class='ocrx_word' id='word_1_221' title='bbox 678 1718 760 1745; x_wconf 85' lang='lat' dir='ltr'><strong>seque</strong></span> <span class='ocrx_word' id='word_1_222' title='bbox 779 1710 908 1738; x_wconf 84' lang='lat' dir='ltr'><strong>alacriter</strong></span> <span class='ocrx_word' id='word_1_223' title='bbox 931 1711 963 1738; x_wconf 86' lang='lat' dir='ltr'><strong>ad</strong></span> <span class='ocrx_word' id='word_1_224' title='bbox 978 1718 1026 1745; x_wconf 80' lang='lat' dir='ltr'><strong>po-</strong></span> 
     </span>
    </p>
   </div>
   <div class='ocr_carea' id='block_1_34' title="bbox 246 1755 1024 1790">
    <p class='ocr_par' dir='ltr' id='par_1_34' title="bbox 246 1755 1024 1790">
     <span class='ocr_line' id='line_1_34' title="bbox 246 1755 1024 1790; baseline 0.003 -8"><span class='ocrx_word' id='word_1_225' title='bbox 246 1755 346 1782; x_wconf 85' lang='lat' dir='ltr'><strong>stulata</strong></span> <span class='ocrx_word' id='word_1_226' title='bbox 365 1755 559 1789; x_wconf 87' lang='lat' dir='ltr'><strong>comparantis.</strong></span> <span class='ocrx_word' id='word_1_227' title='bbox 575 1755 703 1790; x_wconf 85' lang='lat' dir='ltr'><strong>Apprime</strong></span> <span class='ocrx_word' id='word_1_228' title='bbox 725 1763 790 1782; x_wconf 90' lang='lat' dir='ltr'><strong>vero</strong></span> <span class='ocrx_word' id='word_1_229' title='bbox 813 1761 925 1783; x_wconf 86' lang='lat' dir='ltr'><strong>testatus</strong></span> <span class='ocrx_word' id='word_1_230' title='bbox 940 1761 982 1784; x_wconf 80' lang='lat' dir='ltr'><strong>est</strong></span> <span class='ocrx_word' id='word_1_231' title='bbox 998 1757 1024 1784; x_wconf 94' lang='lat' dir='ltr'><strong>in</strong></span> 
     </span>
    </p>
   </div>
   <div class='ocr_carea' id='block_1_35' title="bbox 247 1799 1022 1834">
    <p class='ocr_par' dir='ltr' id='par_1_35' title="bbox 247 1799 1022 1834">
     <span class='ocr_line' id='line_1_35' title="bbox 247 1799 1022 1834; baseline 0 -7"><span class='ocrx_word' id='word_1_232' title='bbox 247 1800 416 1833; x_wconf 70' lang='lat' dir='ltr'><strong>pnncedente</strong></span> <span class='ocrx_word' id='word_1_233' title='bbox 436 1807 542 1834; x_wconf 83' lang='lat' dir='ltr'><strong>quoque</strong></span> <span class='ocrx_word' id='word_1_234' title='bbox 564 1801 635 1827; x_wconf 82' lang='lat' dir='ltr'><strong>oda:</strong></span> <span class='ocrx_word' id='word_1_235' title='bbox 656 1799 731 1830; x_wconf 67' lang='lat' dir='ltr'><strong>Saepe</strong></span> <span class='ocrx_word' id='word_1_236' title='bbox 747 1806 956 1834; x_wconf 79' lang='lat' dir='ltr'><strong>oppugnaverunt</strong></span> <span class='ocrx_word' id='word_1_237' title='bbox 972 1809 1022 1834; x_wconf 88' lang='lat' dir='ltr'><strong>me,</strong></span> 
     </span>
    </p>
   </div>
   <div class='ocr_carea' id='block_1_36' title="bbox 246 1845 1022 1879">
    <p class='ocr_par' dir='ltr' id='par_1_36' title="bbox 246 1845 1022 1879">
     <span class='ocr_line' id='line_1_36' title="bbox 246 1845 1022 1879; baseline 0.001 -7"><span class='ocrx_word' id='word_1_238' title='bbox 246 1853 290 1872; x_wconf 86' lang='lat' dir='ltr'><strong>nec</strong></span> <span class='ocrx_word' id='word_1_239' title='bbox 309 1851 397 1872; x_wconf 83' lang='lat' dir='ltr'><strong>tamen</strong></span> <span class='ocrx_word' id='word_1_240' title='bbox 419 1845 482 1872; x_wconf 82' lang='lat' dir='ltr'><strong>mihi</strong></span> <span class='ocrx_word' id='word_1_241' title='bbox 501 1845 704 1879; x_wconf 75' lang='lat' dir='ltr'><strong>pra&#39;oaluerunt.</strong></span> <span class='ocrx_word' id='word_1_242' title='bbox 729 1846 774 1873; x_wconf 86' lang='lat' dir='ltr'><strong>Isti</strong></span> <span class='ocrx_word' id='word_1_243' title='bbox 801 1845 882 1873; x_wconf 88' lang='lat' dir='ltr'><strong>etiam</strong></span> <span class='ocrx_word' id='word_1_244' title='bbox 910 1846 1022 1874; x_wconf 83' lang='lat' dir='ltr'><strong>dicent:</strong></span> 
     </span>
    </p>
   </div>
   <div class='ocr_carea' id='block_1_37' title="bbox 247 1890 1023 1926">
    <p class='ocr_par' dir='ltr' id='par_1_37' title="bbox 247 1890 1023 1926">
     <span class='ocr_line' id='line_1_37' title="bbox 247 1890 1023 1926; baseline 0.004 -9"><span class='ocrx_word' id='word_1_245' title='bbox 247 1890 356 1926; x_wconf 85' lang='lat' dir='ltr'><strong>Propter</strong></span> <span class='ocrx_word' id='word_1_246' title='bbox 371 1899 463 1918; x_wconf 83' lang='lat' dir='ltr'><strong>nomen</strong></span> <span class='ocrx_word' id='word_1_247' title='bbox 479 1897 554 1918; x_wconf 84' lang='lat' dir='ltr'><strong>tuum</strong></span> <span class='ocrx_word' id='word_1_248' title='bbox 568 1891 682 1918; x_wconf 76' lang='lat' dir='ltr'><strong>sustinui</strong></span> <span class='ocrx_word' id='word_1_249' title='bbox 692 1896 726 1924; x_wconf 84' lang='lat' dir='ltr'><strong>te,</strong></span> <span class='ocrx_word' id='word_1_250' title='bbox 742 1891 862 1919; x_wconf 82' lang='lat' dir='ltr'><strong>Domine.</strong></span> <span class='ocrx_word' id='word_1_251' title='bbox 879 1892 963 1920; x_wconf 75' lang='lat' dir='ltr'><strong>Aures</strong></span> <span class='ocrx_word' id='word_1_252' title='bbox 981 1895 1023 1920; x_wconf 87' lang='lat' dir='ltr'><strong>in-</strong></span> 
     </span>
    </p>
   </div>
   <div class='ocr_carea' id='block_1_38' title="bbox 245 1938 1022 1972">
    <p class='ocr_par' dir='ltr' id='par_1_38' title="bbox 245 1938 1022 1972">
     <span class='ocr_line' id='line_1_38' title="bbox 245 1938 1022 1972; baseline 0.005 -9"><span class='ocrx_word' id='word_1_253' title='bbox 245 1938 377 1964; x_wconf 78' lang='lat' dir='ltr'><strong>tendentes</strong></span> <span class='ocrx_word' id='word_1_254' title='bbox 392 1938 493 1964; x_wconf 88' lang='lat' dir='ltr'><strong>dictum</strong></span> <span class='ocrx_word' id='word_1_255' title='bbox 509 1941 561 1970; x_wconf 88' lang='lat' dir='ltr'><strong>est,</strong></span> <span class='ocrx_word' id='word_1_256' title='bbox 585 1938 661 1972; x_wconf 85' lang='lat' dir='ltr'><strong>quasi</strong></span> <span class='ocrx_word' id='word_1_257' title='bbox 681 1938 764 1965; x_wconf 89' lang='lat' dir='ltr'><strong>solius</strong></span> <span class='ocrx_word' id='word_1_258' title='bbox 789 1938 835 1966; x_wconf 85' lang='lat' dir='ltr'><strong>Dei</strong></span> <span class='ocrx_word' id='word_1_259' title='bbox 852 1939 893 1967; x_wconf 86' lang='lat' dir='ltr'><strong>vis</strong></span> <span class='ocrx_word' id='word_1_260' title='bbox 910 1939 945 1967; x_wconf 88' lang='lat' dir='ltr'><strong>sit</strong></span> <span class='ocrx_word' id='word_1_261' title='bbox 957 1948 1022 1967; x_wconf 85' lang='lat' dir='ltr'><strong>acu-</strong></span> 
     </span>
    </p>
   </div>
   <div class='ocr_carea' id='block_1_39' title="bbox 245 1982 1022 2018">
    <p class='ocr_par' dir='ltr' id='par_1_39' title="bbox 245 1982 1022 2018">
     <span class='ocr_line' id='line_1_39' title="bbox 245 1982 1022 2018; baseline 0.006 -10"><span class='ocrx_word' id='word_1_262' title='bbox 245 1983 311 2009; x_wconf 69' lang='lat' dir='ltr'><strong>stica</strong></span> <span class='ocrx_word' id='word_1_263' title='bbox 329 1987 357 2009; x_wconf 86' lang='lat' dir='ltr'><strong>et</strong></span> <span class='ocrx_word' id='word_1_264' title='bbox 371 1983 494 2010; x_wconf 83' lang='lat' dir='ltr'><strong>visuolis.</strong></span> <span class='ocrx_word' id='word_1_265' title='bbox 513 1982 664 2010; x_wconf 84' lang='lat' dir='ltr'><strong>Clamorem</strong></span> <span class='ocrx_word' id='word_1_266' title='bbox 685 1984 798 2018; x_wconf 87' lang='lat' dir='ltr'><strong>denique</strong></span> <span class='ocrx_word' id='word_1_267' title='bbox 823 1992 874 2012; x_wconf 93' lang='lat' dir='ltr'><strong>non</strong></span> <span class='ocrx_word' id='word_1_268' title='bbox 893 1985 967 2013; x_wconf 79' lang='lat' dir='ltr'><strong>vocis</strong></span> <span class='ocrx_word' id='word_1_269' title='bbox 980 1986 1022 2013; x_wconf 82' lang='lat' dir='ltr'><strong>in-</strong></span> 
     </span>
    </p>
   </div>
   <div class='ocr_carea' id='block_1_40' title="bbox 245 2028 811 2057">
    <p class='ocr_par' dir='ltr' id='par_1_40' title="bbox 245 2028 811 2057">
     <span class='ocr_line' id='line_1_40' title="bbox 245 2028 811 2057; baseline 0.004 -3"><span class='ocrx_word' id='word_1_270' title='bbox 245 2029 392 2055; x_wconf 79' lang='lat' dir='ltr'><strong>tensionem</strong></span> <span class='ocrx_word' id='word_1_271' title='bbox 407 2028 482 2057; x_wconf 84' lang='lat' dir='ltr'><strong>dicit.</strong></span> <span class='ocrx_word' id='word_1_272' title='bbox 499 2028 545 2055; x_wconf 89' lang='lat' dir='ltr'><strong>sed</strong></span> <span class='ocrx_word' id='word_1_273' title='bbox 560 2030 659 2056; x_wconf 83' lang='lat' dir='ltr'><strong>mentis</strong></span> <span class='ocrx_word' id='word_1_274' title='bbox 675 2029 811 2056; x_wconf 78' lang='lat' dir='ltr'><strong>alTectum.</strong></span> 
     </span>
    </p>
   </div>
   <div class='ocr_carea' id='block_1_41' title="bbox 299 2072 968 2107">
    <p class='ocr_par' dir='ltr' id='par_1_41' title="bbox 299 2072 968 2107">
     <span class='ocr_line' id='line_1_41' title="bbox 299 2072 968 2107; baseline 0.004 -7"><span class='ocrx_word' id='word_1_275' title='bbox 299 2072 380 2100; x_wconf 72' lang='lat' dir='ltr'><strong>Vsus.</strong></span> <span class='ocrx_word' id='word_1_276' title='bbox 395 2073 423 2100; x_wconf 71' lang='lat'><strong>3.</strong></span> <span class='ocrx_word' id='word_1_277' title='bbox 440 2072 470 2100; x_wconf 85' lang='lat' dir='ltr'><strong>Si</strong></span> <span class='ocrx_word' id='word_1_278' title='bbox 484 2074 633 2107; x_wconf 80' lang='lat' dir='ltr'><strong>iniquitates</strong></span> <span class='ocrx_word' id='word_1_279' title='bbox 646 2074 831 2107; x_wconf 71' lang='lat' dir='ltr'><strong>observaveris,</strong></span> <span class='ocrx_word' id='word_1_280' title='bbox 850 2076 968 2103; x_wconf 82' lang='lat' dir='ltr'><strong>Domine.</strong></span> 
     </span>
    </p>
   </div>
   <div class='ocr_carea' id='block_1_42' title="bbox 277 2117 1019 2154">
    <p class='ocr_par' dir='ltr' id='par_1_42' title="bbox 277 2117 1019 2154">
     <span class='ocr_line' id='line_1_42' title="bbox 277 2117 1019 2154; baseline 0.007 -10"><span class='ocrx_word' id='word_1_281' title='bbox 277 2117 408 2150; x_wconf 84' lang='lat' dir='ltr'><strong>Quoniam</strong></span> <span class='ocrx_word' id='word_1_282' title='bbox 425 2118 494 2145; x_wconf 85' lang='lat' dir='ltr'><strong>haud</strong></span> <span class='ocrx_word' id='word_1_283' title='bbox 510 2126 603 2145; x_wconf 86' lang='lat' dir='ltr'><strong>omnes</strong></span> <span class='ocrx_word' id='word_1_284' title='bbox 615 2119 704 2146; x_wconf 93' lang='lat' dir='ltr'><strong>dicere</strong></span> <span class='ocrx_word' id='word_1_285' title='bbox 719 2125 819 2154; x_wconf 87' lang='lat' dir='ltr'><strong>queunt</strong></span> <span class='ocrx_word' id='word_1_286' title='bbox 842 2121 867 2146; x_wconf 86' lang='lat' dir='ltr'><strong>iu</strong></span> <span class='ocrx_word' id='word_1_287' title='bbox 883 2120 1019 2149; x_wconf 84' lang='lat' dir='ltr'><strong>Ecclesia&#39;:</strong></span> 
     </span>
    </p>
   </div>
   <div class='ocr_carea' id='block_1_43' title="bbox 243 2164 1023 2200">
    <p class='ocr_par' dir='ltr' id='par_1_43' title="bbox 243 2164 1023 2200">
     <span class='ocr_line' id='line_1_43' title="bbox 243 2164 1023 2200; baseline 0.003 -8"><span class='ocrx_word' id='word_1_288' title='bbox 243 2164 318 2198; x_wconf 70' lang='lat' dir='ltr'><strong>Smpe</strong></span> <span class='ocrx_word' id='word_1_289' title='bbox 339 2169 552 2199; x_wconf 81' lang='lat' dir='ltr'><strong>oppugnaverunt</strong></span> <span class='ocrx_word' id='word_1_290' title='bbox 563 2172 615 2197; x_wconf 88' lang='lat' dir='ltr'><strong>me,</strong></span> <span class='ocrx_word' id='word_1_291' title='bbox 629 2173 674 2192; x_wconf 79' lang='lat' dir='ltr'><strong>nec</strong></span> <span class='ocrx_word' id='word_1_292' title='bbox 690 2170 776 2193; x_wconf 89' lang='lat' dir='ltr'><strong>tamen</strong></span> <span class='ocrx_word' id='word_1_293' title='bbox 801 2167 865 2193; x_wconf 80' lang='lat' dir='ltr'><strong>mihi</strong></span> <span class='ocrx_word' id='word_1_294' title='bbox 882 2168 1023 2200; x_wconf 79' lang='lat' dir='ltr'><strong>prazvalue-</strong></span> 
     </span>
    </p>
   </div>
   <div class='ocr_carea' id='block_1_44' title="bbox 243 2209 1017 2246">
    <p class='ocr_par' dir='ltr' id='par_1_44' title="bbox 243 2209 1017 2246">
     <span class='ocr_line' id='line_1_44' title="bbox 243 2209 1017 2246; baseline 0.006 -10"><span class='ocrx_word' id='word_1_295' title='bbox 243 2215 303 2237; x_wconf 84' lang='lat' dir='ltr'><strong>runt</strong></span> <span class='ocrx_word' id='word_1_296' title='bbox 327 2209 361 2241; x_wconf 74' lang='lat'><strong>&quot;,</strong></span> <span class='ocrx_word' id='word_1_297' title='bbox 391 2210 423 2237; x_wconf 89' lang='lat' dir='ltr'><strong>de</strong></span> <span class='ocrx_word' id='word_1_298' title='bbox 457 2210 651 2238; x_wconf 88' lang='lat' dir='ltr'><strong>inﬁrmioribus</strong></span> <span class='ocrx_word' id='word_1_299' title='bbox 674 2217 834 2246; x_wconf 65' lang='lat' dir='ltr'><strong>praesentem</strong></span> <span class='ocrx_word' id='word_1_300' title='bbox 857 2213 1017 2241; x_wconf 85' lang='lat' dir='ltr'><strong>locutionem</strong></span> 
     </span>
    </p>
   </div>
   <div class='ocr_carea' id='block_1_45' title="bbox 242 2249 1055 2291">
    <p class='ocr_par' dir='ltr' id='par_1_45' title="bbox 242 2249 1055 2291">
     <span class='ocr_line' id='line_1_45' title="bbox 242 2249 1055 2291; baseline 0.006 -8"><span class='ocrx_word' id='word_1_301' title='bbox 242 2255 355 2290; x_wconf 79' lang='lat' dir='ltr'><strong>profert,</strong></span> <span class='ocrx_word' id='word_1_302' title='bbox 369 2256 414 2291; x_wconf 86' lang='lat' dir='ltr'><strong>qui</strong></span> <span class='ocrx_word' id='word_1_303' title='bbox 440 2256 641 2291; x_wconf 85' lang='lat' dir='ltr'><strong>persecutiones</strong></span> <span class='ocrx_word' id='word_1_304' title='bbox 660 2264 714 2284; x_wconf 92' lang='lat' dir='ltr'><strong>non</strong></span> <span class='ocrx_word' id='word_1_305' title='bbox 732 2257 857 2287; x_wconf 84' lang='lat' dir='ltr'><strong>tolerant.</strong></span> <span class='ocrx_word' id='word_1_306' title='bbox 873 2258 930 2286; x_wconf 90' lang='lat' dir='ltr'><strong>Nisi</strong></span> <span class='ocrx_word' id='word_1_307' title='bbox 948 2259 1017 2288; x_wconf 81' lang='lat' dir='ltr'><strong>forte</strong></span> <span class='ocrx_word' id='word_1_308' title='bbox 1032 2249 1055 2278; x_wconf 75' lang='grc' dir='ltr'>θ</span> 
     </span>
    </p>
   </div>
   <div class='ocr_carea' id='block_1_46' title="bbox 242 2300 1020 2336">
    <p class='ocr_par' dir='ltr' id='par_1_46' title="bbox 242 2300 1020 2336">
     <span class='ocr_line' id='line_1_46' title="bbox 242 2300 1020 2336; baseline 0.008 -9"><span class='ocrx_word' id='word_1_309' title='bbox 242 2301 286 2335; x_wconf 90' lang='lat' dir='ltr'><strong>qui</strong></span> <span class='ocrx_word' id='word_1_310' title='bbox 304 2300 436 2335; x_wconf 82' lang='lat' dir='ltr'><strong>psalmum</strong></span> <span class='ocrx_word' id='word_1_311' title='bbox 456 2302 562 2334; x_wconf 87' lang='lat' dir='ltr'><strong>recitat,</strong></span> <span class='ocrx_word' id='word_1_312' title='bbox 590 2302 622 2328; x_wconf 86' lang='lat' dir='ltr'><strong>de</strong></span> <span class='ocrx_word' id='word_1_313' title='bbox 646 2302 763 2336; x_wconf 85' lang='lat' dir='ltr'><strong>peccatis</strong></span> <span class='ocrx_word' id='word_1_314' title='bbox 780 2304 837 2330; x_wconf 86' lang='lat' dir='ltr'><strong>suis</strong></span> <span class='ocrx_word' id='word_1_315' title='bbox 860 2309 923 2332; x_wconf 87' lang='lat' dir='ltr'><strong>ante</strong></span> <span class='ocrx_word' id='word_1_316' title='bbox 937 2313 1020 2333; x_wconf 61' lang='lat' dir='ltr'><strong>voca~</strong></span> 
     </span>
    </p>
   </div>
   <div class='ocr_carea' id='block_1_47' title="bbox 242 2347 505 2374">
    <p class='ocr_par' dir='ltr' id='par_1_47' title="bbox 242 2347 505 2374">
     <span class='ocr_line' id='line_1_47' title="bbox 242 2347 505 2374; baseline 0.004 -1"><span class='ocrx_word' id='word_1_317' title='bbox 242 2347 341 2374; x_wconf 89' lang='lat' dir='ltr'><strong>tionem</strong></span> <span class='ocrx_word' id='word_1_318' title='bbox 358 2347 414 2374; x_wconf 75' lang='lat' dir='ltr'><strong>lucc</strong></span> <span class='ocrx_word' id='word_1_319' title='bbox 431 2347 505 2374; x_wconf 85' lang='lat' dir='ltr'><strong>dicit.</strong></span> 
     </span>
    </p>
   </div>
   <div class='ocr_carea' id='block_1_48' title="bbox 338 2393 919 2431">
    <p class='ocr_par' dir='ltr' id='par_1_48' title="bbox 338 2393 919 2431">
     <span class='ocr_line' id='line_1_48' title="bbox 338 2393 919 2431; baseline 0.005 -10"><span class='ocrx_word' id='word_1_320' title='bbox 338 2393 420 2421; x_wconf 74' lang='lat' dir='ltr'><strong>Vsus.</strong></span> <span class='ocrx_word' id='word_1_321' title='bbox 439 2393 465 2420; x_wconf 88' lang='lat'><strong>7.</strong></span> <span class='ocrx_word' id='word_1_322' title='bbox 488 2393 600 2429; x_wconf 84' lang='lat' dir='ltr'><strong>Copiosa</strong></span> <span class='ocrx_word' id='word_1_323' title='bbox 614 2395 683 2430; x_wconf 86' lang='lat' dir='ltr'><strong>apud</strong></span> <span class='ocrx_word' id='word_1_324' title='bbox 696 2403 755 2422; x_wconf 86' lang='lat' dir='ltr'><strong>eum</strong></span> <span class='ocrx_word' id='word_1_325' title='bbox 769 2397 919 2431; x_wconf 85' lang='lat' dir='ltr'><strong>redemptio.</strong></span> 
     </span>
    </p>
   </div>
   <div class='ocr_carea' id='block_1_49' title="bbox 275 2439 1021 2477">
    <p class='ocr_par' dir='ltr' id='par_1_49' title="bbox 275 2439 1021 2477">
     <span class='ocr_line' id='line_1_49' title="bbox 275 2439 1021 2477; baseline 0.009 -12"><span class='ocrx_word' id='word_1_326' title='bbox 275 2439 424 2467; x_wconf 86' lang='lat' dir='ltr'><strong>Pretiosum</strong></span> <span class='ocrx_word' id='word_1_327' title='bbox 446 2440 516 2467; x_wconf 89' lang='lat' dir='ltr'><strong>enim</strong></span> <span class='ocrx_word' id='word_1_328' title='bbox 541 2441 699 2475; x_wconf 74' lang='lat' dir='ltr'><strong>sanguinem</strong></span> <span class='ocrx_word' id='word_1_329' title='bbox 719 2449 797 2469; x_wconf 89' lang='lat' dir='ltr'><strong>suum</strong></span> <span class='ocrx_word' id='word_1_330' title='bbox 815 2450 864 2477; x_wconf 91' lang='lat' dir='ltr'><strong>pro</strong></span> <span class='ocrx_word' id='word_1_331' title='bbox 878 2444 956 2471; x_wconf 90' lang='lat' dir='ltr'><strong>nobis</strong></span> <span class='ocrx_word' id='word_1_332' title='bbox 978 2452 1021 2472; x_wconf 88' lang='lat' dir='ltr'><strong>re-</strong></span> 
     </span>
    </p>
   </div>
   <div class='ocr_carea' id='block_1_50' title="bbox 239 2485 1019 2523">
    <p class='ocr_par' dir='ltr' id='par_1_50' title="bbox 239 2485 1019 2523">
     <span class='ocr_line' id='line_1_50' title="bbox 239 2485 1019 2523; baseline 0.006 -11"><span class='ocrx_word' id='word_1_333' title='bbox 239 2485 422 2519; x_wconf 81' lang='lat' dir='ltr'><strong>demptionem</strong></span> <span class='ocrx_word' id='word_1_334' title='bbox 436 2485 518 2517; x_wconf 84' lang='lat' dir='ltr'><strong>dedit,</strong></span> <span class='ocrx_word' id='word_1_335' title='bbox 539 2485 627 2513; x_wconf 79' lang='lat' dir='ltr'><strong>iactus</strong></span> <span class='ocrx_word' id='word_1_336' title='bbox 652 2485 699 2513; x_wconf 85' lang='lat' dir='ltr'><strong>Dei</strong></span> <span class='ocrx_word' id='word_1_337' title='bbox 715 2488 815 2522; x_wconf 79' lang='lat' dir='ltr'><strong>Agnus.</strong></span> <span class='ocrx_word' id='word_1_338' title='bbox 832 2488 881 2516; x_wconf 88' lang='lat' dir='ltr'><strong>Ilic</strong></span> <span class='ocrx_word' id='word_1_339' title='bbox 907 2495 1019 2523; x_wconf 80' lang='lat' dir='ltr'><strong>peccata</strong></span> 
     </span>
    </p>
   </div>
   <div class='ocr_carea' id='block_1_51' title="bbox 238 2531 1019 2568">
    <p class='ocr_par' dir='ltr' id='par_1_51' title="bbox 238 2531 1019 2568">
     <span class='ocr_line' id='line_1_51' title="bbox 238 2531 1019 2568; baseline 0.008 -12"><span class='ocrx_word' id='word_1_340' title='bbox 238 2535 331 2557; x_wconf 81' lang='lat' dir='ltr'><strong>nostra</strong></span> <span class='ocrx_word' id='word_1_341' title='bbox 348 2534 446 2566; x_wconf 78' lang='lat' dir='ltr'><strong>gestat,</strong></span> <span class='ocrx_word' id='word_1_342' title='bbox 461 2535 489 2558; x_wconf 85' lang='lat' dir='ltr'><strong>et</strong></span> <span class='ocrx_word' id='word_1_343' title='bbox 504 2538 554 2565; x_wconf 88' lang='lat' dir='ltr'><strong>pro</strong></span> <span class='ocrx_word' id='word_1_344' title='bbox 569 2531 647 2558; x_wconf 88' lang='lat' dir='ltr'><strong>nobis</strong></span> <span class='ocrx_word' id='word_1_345' title='bbox 661 2532 744 2559; x_wconf 85' lang='lat' dir='ltr'><strong>dolet.</strong></span> <span class='ocrx_word' id='word_1_346' title='bbox 773 2533 904 2568; x_wconf 74' lang='lat' dir='ltr'><strong>Operatus</strong></span> <span class='ocrx_word' id='word_1_347' title='bbox 918 2541 956 2562; x_wconf 86' lang='lat' dir='ltr'><strong>eu</strong></span> <span class='ocrx_word' id='word_1_348' title='bbox 971 2543 1019 2562; x_wconf 86' lang='lat' dir='ltr'><strong>au-</strong></span> 
     </span>
    </p>
   </div>
   <div class='ocr_carea' id='block_1_52' title="bbox 238 2576 1016 2614">
    <p class='ocr_par' dir='ltr' id='par_1_52' title="bbox 238 2576 1016 2614">
     <span class='ocr_line' id='line_1_52' title="bbox 238 2576 1016 2614; baseline 0.009 -12"><span class='ocrx_word' id='word_1_349' title='bbox 238 2581 289 2603; x_wconf 83' lang='lat' dir='ltr'><strong>tem</strong></span> <span class='ocrx_word' id='word_1_350' title='bbox 307 2576 509 2610; x_wconf 83' lang='lat' dir='ltr'><strong>redemptionem</strong></span> <span class='ocrx_word' id='word_1_351' title='bbox 524 2576 619 2609; x_wconf 84' lang='lat' dir='ltr'><strong>popqu</strong></span> <span class='ocrx_word' id='word_1_352' title='bbox 639 2585 697 2608; x_wconf 78' lang='lat' dir='ltr'><strong>suo,</strong></span> <span class='ocrx_word' id='word_1_353' title='bbox 716 2581 745 2604; x_wconf 92' lang='lat' dir='ltr'><strong>ut</strong></span> <span class='ocrx_word' id='word_1_354' title='bbox 757 2578 796 2605; x_wconf 82' lang='lat' dir='ltr'><strong>ait</strong></span> <span class='ocrx_word' id='word_1_355' title='bbox 809 2579 954 2608; x_wconf 72' lang='lat' dir='ltr'><strong>Zacharias</strong></span> <span class='ocrx_word' id='word_1_356' title='bbox 970 2581 991 2596; x_wconf 87' lang='grc'><strong>³¹</strong></span> <span class='ocrx_word' id='word_1_357' title='bbox 1008 2589 1016 2614; x_wconf 85' lang='grc'><strong>;</strong></span> 
     </span>
    </p>
   </div>
   <div class='ocr_carea' id='block_1_53' title="bbox 237 2622 906 2660">
    <p class='ocr_par' dir='ltr' id='par_1_53' title="bbox 237 2622 906 2660">
     <span class='ocr_line' id='line_1_53' title="bbox 237 2622 906 2660; baseline 0.006 -11"><span class='ocrx_word' id='word_1_358' title='bbox 237 2628 320 2657; x_wconf 81' lang='lat' dir='ltr'><strong>atque</strong></span> <span class='ocrx_word' id='word_1_359' title='bbox 333 2627 363 2650; x_wconf 90' lang='lat' dir='ltr'><strong>ut</strong></span> <span class='ocrx_word' id='word_1_360' title='bbox 377 2627 473 2650; x_wconf 88' lang='lat' dir='ltr'><strong>sancta</strong></span> <span class='ocrx_word' id='word_1_361' title='bbox 489 2622 582 2657; x_wconf 72' lang='lat' dir='ltr'><strong>Virgo,</strong></span> <span class='ocrx_word' id='word_1_362' title='bbox 598 2622 725 2651; x_wconf 78' lang='lat' dir='ltr'><strong>Israelem</strong></span> <span class='ocrx_word' id='word_1_363' title='bbox 745 2626 859 2660; x_wconf 74' lang='lat' dir='ltr'><strong>suscepit</strong></span> <span class='ocrx_word' id='word_1_364' title='bbox 873 2625 906 2653; x_wconf 81' lang='grc'><strong>⁸³.</strong></span> 
     </span>
    </p>
   </div>
   <div class='ocr_carea' id='block_1_54' title="bbox 273 2714 511 2747">
    <p class='ocr_par' dir='ltr' id='par_1_54' title="bbox 273 2714 511 2747">
     <span class='ocr_line' id='line_1_54' title="bbox 273 2714 511 2747; baseline 0.008 -7"><span class='ocrx_word' id='word_1_365' title='bbox 273 2715 297 2730; x_wconf 74' lang='grc'><strong>’⁸</strong></span> <span class='ocrx_word' id='word_1_366' title='bbox 313 2714 406 2742; x_wconf 85' lang='lat' dir='ltr'><strong>Matth.</strong></span> <span class='ocrx_word' id='word_1_367' title='bbox 423 2723 468 2747; x_wconf 81' lang='lat' dir='ltr'><strong>xv,</strong></span> <span class='ocrx_word' id='word_1_368' title='bbox 484 2716 511 2742; x_wconf 88' lang='lat'><strong>8.</strong></span> 
     </span>
    </p>
   </div>
   <div class='ocr_carea' id='block_1_55' title="bbox 236 2750 867 2782">
    <p class='ocr_par' dir='ltr' id='par_1_55' title="bbox 236 2750 867 2782">
     <span class='ocr_line' id='line_1_55' title="bbox 236 2750 867 2782; baseline -0.002 -4"><span class='ocrx_word' id='word_1_369' title='bbox 236 2757 350 2781; x_wconf 75' lang='lat' dir='ltr'><strong>cuvut,</strong></span> <span class='ocrx_word' id='word_1_370' title='bbox 368 2750 394 2781; x_wconf 82' lang='grc' dir='ltr'>Ι,</span> <span class='ocrx_word' id='word_1_371' title='bbox 406 2750 434 2777; x_wconf 69' lang='lat'><strong>2.</strong></span> <span class='ocrx_word' id='word_1_372' title='bbox 473 2751 493 2766; x_wconf 86' lang='grc'><strong>³¹</strong></span> <span class='ocrx_word' id='word_1_373' title='bbox 509 2750 574 2778; x_wconf 84' lang='lat' dir='ltr'><strong>Luc.</strong></span> <span class='ocrx_word' id='word_1_374' title='bbox 586 2759 605 2782; x_wconf 88' lang='grc' dir='ltr'><strong>ι,</strong></span> <span class='ocrx_word' id='word_1_375' title='bbox 623 2751 666 2778; x_wconf 83' lang='grc'><strong>68.</strong></span> <span class='ocrx_word' id='word_1_376' title='bbox 704 2750 727 2766; x_wconf 77' lang='grc'>³³</span> <span class='ocrx_word' id='word_1_377' title='bbox 744 2752 808 2778; x_wconf 85' lang='lat' dir='ltr'><strong>ibid.</strong></span> <span class='ocrx_word' id='word_1_378' title='bbox 824 2751 867 2778; x_wconf 70' lang='grc'><strong>54.</strong></span> 
     </span>
    </p>
   </div>
   <div class='ocr_carea' id='block_1_56' title="bbox 237 2796 1017 2832">
    <p class='ocr_par' dir='ltr' id='par_1_56' title="bbox 237 2796 1017 2832">
     <span class='ocr_line' id='line_1_56' title="bbox 237 2796 1017 2832; baseline 0.001 -9"><span class='ocrx_word' id='word_1_379' title='bbox 237 2801 260 2823; x_wconf 80' lang='lat' dir='ltr'><strong>et</strong></span> <span class='ocrx_word' id='word_1_380' title='bbox 272 2796 383 2832; x_wconf 80' lang='lat' dir='ltr'><strong>reliqua.</strong></span> <span class='ocrx_word' id='word_1_381' title='bbox 409 2796 479 2823; x_wconf 74' lang='lat' dir='ltr'><strong>Nam</strong></span> <span class='ocrx_word' id='word_1_382' title='bbox 498 2797 576 2829; x_wconf 71' lang='lat' dir='ltr'><strong>huius</strong></span> <span class='ocrx_word' id='word_1_383' title='bbox 591 2798 653 2824; x_wconf 81' lang='lat' dir='ltr'><strong>olete</strong></span> <span class='ocrx_word' id='word_1_384' title='bbox 664 2798 938 2832; x_wconf 51' lang='lat' dir='ltr'><strong>germinaLtanquam</strong></span> <span class='ocrx_word' id='word_1_385' title='bbox 958 2806 1017 2824; x_wconf 82' lang='lat' dir='ltr'><strong>sur-</strong></span> 
     </span>
    </p>
   </div>
   <div class='ocr_carea' id='block_1_57' title="bbox 238 2831 1014 2866">
    <p class='ocr_par' dir='ltr' id='par_1_57' title="bbox 238 2831 1014 2866">
     <span class='ocr_line' id='line_1_57' title="bbox 238 2831 1014 2866; baseline 0.003 -10"><span class='ocrx_word' id='word_1_386' title='bbox 238 2831 291 2857; x_wconf 78' lang='lat' dir='ltr'><strong>culi</strong></span> <span class='ocrx_word' id='word_1_387' title='bbox 309 2832 401 2857; x_wconf 88' lang='lat' dir='ltr'><strong>novelli</strong></span> <span class='ocrx_word' id='word_1_388' title='bbox 425 2832 559 2858; x_wconf 77' lang='lat' dir='ltr'><strong>dicuntur.</strong></span> <span class='ocrx_word' id='word_1_389' title='bbox 589 2832 658 2864; x_wconf 85' lang='lat' dir='ltr'><strong>Quid</strong></span> <span class='ocrx_word' id='word_1_390' title='bbox 677 2833 759 2866; x_wconf 81' lang='lat' dir='ltr'><strong>ergo?</strong></span> <span class='ocrx_word' id='word_1_391' title='bbox 781 2831 840 2858; x_wconf 88' lang='lat' dir='ltr'><strong>Non</strong></span> <span class='ocrx_word' id='word_1_392' title='bbox 851 2837 888 2858; x_wconf 82' lang='lat' dir='ltr'><strong>est</strong></span> <span class='ocrx_word' id='word_1_393' title='bbox 909 2832 1014 2866; x_wconf 77' lang='lat' dir='ltr'><strong>ittjustis</strong></span> 
     </span>
    </p>
   </div>
   <div class='ocr_carea' id='block_1_58' title="bbox 237 2866 1012 2901">
    <p class='ocr_par' dir='ltr' id='par_1_58' title="bbox 237 2866 1012 2901">
     <span class='ocr_line' id='line_1_58' title="bbox 237 2866 1012 2901; baseline 0.003 -8"><span class='ocrx_word' id='word_1_394' title='bbox 237 2873 347 2893; x_wconf 65' lang='lat' dir='ltr'><strong>uxorum</strong></span> <span class='ocrx_word' id='word_1_395' title='bbox 365 2867 467 2894; x_wconf 83' lang='lat' dir='ltr'><strong>ubertas</strong></span> <span class='ocrx_word' id='word_1_396' title='bbox 488 2875 518 2893; x_wconf 86' lang='lat' dir='ltr'><strong>ac</strong></span> <span class='ocrx_word' id='word_1_397' title='bbox 539 2866 701 2894; x_wconf 80' lang='lat' dir='ltr'><strong>liberorum?</strong></span> <span class='ocrx_word' id='word_1_398' title='bbox 720 2866 814 2901; x_wconf 81' lang='lat' dir='ltr'><strong>Utique</strong></span> <span class='ocrx_word' id='word_1_399' title='bbox 830 2875 838 2899; x_wconf 84' lang='lat'><strong>,&#39;</strong></span> <span class='ocrx_word' id='word_1_400' title='bbox 857 2867 904 2893; x_wconf 81' lang='lat' dir='ltr'><strong>sed</strong></span> <span class='ocrx_word' id='word_1_401' title='bbox 925 2872 1012 2895; x_wconf 76' lang='lat' dir='ltr'><strong>tamen</strong></span> 
     </span>
    </p>
   </div>
   <div class='ocr_carea' id='block_1_59' title="bbox 615 160 1582 190">
    <p class='ocr_par' dir='ltr' id='par_1_59' title="bbox 615 160 1582 190">
     <span class='ocr_line' id='line_1_59' title="bbox 615 160 1582 190; baseline -0.001 -2"><span class='ocrx_word' id='word_1_402' title='bbox 615 161 750 189; x_wconf 80' lang='lat' dir='ltr'><strong>EUSEBII</strong></span> <span class='ocrx_word' id='word_1_403' title='bbox 768 161 1005 190; x_wconf 66' lang='lat' dir='ltr'><strong>CESARIENSIS</strong></span> <span class='ocrx_word' id='word_1_404' title='bbox 1023 161 1098 189; x_wconf 85' lang='lat' dir='ltr'><strong>OPP.</strong></span> <span class='ocrx_word' id='word_1_405' title='bbox 1118 161 1207 190; x_wconf 74' lang='lat' dir='ltr'><strong>PARS</strong></span> <span class='ocrx_word' id='word_1_406' title='bbox 1226 160 1270 190; x_wconf 81' lang='lat' dir='ltr'><strong>III.</strong></span> <span class='ocrx_word' id='word_1_407' title='bbox 1289 176 1325 182; x_wconf 90' lang='lat'><strong>-</strong></span> <span class='ocrx_word' id='word_1_408' title='bbox 1342 161 1547 190; x_wconf 78' lang='lat' dir='ltr'><strong>EXEGETICA.</strong></span> <span class='ocrx_word' id='word_1_409' title='bbox 1578 167 1582 171; x_wconf 86' lang='grc'><strong>”</strong></span> 
     </span>
    </p>
   </div>
   <div class='ocr_carea' id='block_1_60' title="bbox 1058 221 1081 248">
    <p class='ocr_par' dir='ltr' id='par_1_60' title="bbox 1058 221 1081 248">
     <span class='ocr_line' id='line_1_60' title="bbox 1058 221 1081 248; baseline 0 0"><span class='ocrx_word' id='word_1_410' title='bbox 1058 221 1081 248; x_wconf 80' lang='grc' dir='ltr'><strong>Δ</strong></span> 
     </span>
    </p>
   </div>
   <div class='ocr_carea' id='block_1_61' title="bbox 561 2715 1364 2756">
    <p class='ocr_par' dir='ltr' id='par_1_61' title="bbox 561 2715 1364 2756">
     <span class='ocr_line' id='line_1_61' title="bbox 561 2715 1364 2756; baseline 0.011 -15"><span class='ocrx_word' id='word_1_411' title='bbox 561 2715 607 2742; x_wconf 81' lang='grc'><strong>³⁸1</strong></span> <span class='ocrx_word' id='word_1_412' title='bbox 625 2715 687 2756; x_wconf 54' lang='lat' dir='ltr'><strong>gon</strong></span> <span class='ocrx_word' id='word_1_413' title='bbox 705 2723 759 2756; x_wconf 76' lang='lat' dir='ltr'><strong>_i_i,__</strong></span> <span class='ocrx_word' id='word_1_414' title='bbox 826 2717 875 2756; x_wconf 78' lang='lat'><strong>___&quot;</strong></span> <span class='ocrx_word' id='word_1_415' title='bbox 891 2717 969 2747; x_wconf 82' lang='lat' dir='ltr'><strong>Rom.</strong></span> <span class='ocrx_word' id='word_1_416' title='bbox 984 2729 1023 2755; x_wconf 76' lang='lat' dir='ltr'><strong>xu,</strong></span> <span class='ocrx_word' id='word_1_417' title='bbox 1038 2723 1084 2752; x_wconf 82' lang='lat'><strong>&#39;55.</strong></span> <span class='ocrx_word' id='word_1_418' title='bbox 1121 2724 1144 2740; x_wconf 85' lang='lat'>&quot;</span> <span class='ocrx_word' id='word_1_419' title='bbox 1164 2724 1263 2751; x_wconf 74' lang='lat' dir='ltr'><strong>Ezech.</strong></span> <span class='ocrx_word' id='word_1_420' title='bbox 1285 2731 1325 2756; x_wconf 86' lang='lat' dir='ltr'><strong>lli,</strong></span> <span class='ocrx_word' id='word_1_421' title='bbox 1337 2723 1364 2750; x_wconf 85' lang='lat'><strong>5.</strong></span> 
     </span>
    </p>
   </div>
   <div class='ocr_carea' id='block_1_62' title="bbox 1845 158 1880 186">
    <p class='ocr_par' dir='ltr' id='par_1_62' title="bbox 1845 158 1880 186">
     <span class='ocr_line' id='line_1_62' title="bbox 1845 158 1880 186; baseline 0 0"><span class='ocrx_word' id='word_1_422' title='bbox 1845 158 1880 186; x_wconf 69' lang='lat'><strong>25</strong></span> 
     </span>
    </p>
   </div>
   <div class='ocr_carea' id='block_1_63' title="bbox 1363 217 1612 245">
    <p class='ocr_par' dir='ltr' id='par_1_63' title="bbox 1363 217 1612 245">
     <span class='ocr_line' id='line_1_63' title="bbox 1363 217 1612 245; baseline -0.008 0"><span class='ocrx_word' id='word_1_423' title='bbox 1363 218 1508 245; x_wconf 79' lang='grc' dir='ltr'><strong>ΨΔΛΜΟΣ</strong></span> <span class='ocrx_word' id='word_1_424' title='bbox 1522 217 1612 244; x_wconf 82' lang='lat' dir='ltr'><strong>PKH’.</strong></span> 
     </span>
    </p>
   </div>
   <div class='ocr_carea' id='block_1_64' title="bbox 1092 259 1877 298">
    <p class='ocr_par' dir='ltr' id='par_1_64' title="bbox 1092 259 1877 298">
     <span class='ocr_line' id='line_1_64' title="bbox 1092 259 1877 298; baseline -0.006 -7"><span class='ocrx_word' id='word_1_425' title='bbox 1092 264 1199 298; x_wconf 79' lang='grc' dir='ltr'>Κύριος</span> <span class='ocrx_word' id='word_1_426' title='bbox 1218 264 1333 297; x_wconf 77' lang='grc' dir='ltr'>δίκαιος</span> <span class='ocrx_word' id='word_1_427' title='bbox 1348 264 1520 298; x_wconf 76' lang='grc' dir='ltr'><em>συνέκοψεν</em></span> <span class='ocrx_word' id='word_1_428' title='bbox 1540 261 1672 297; x_wconf 78' lang='grc' dir='ltr'><strong>αὐχένας</strong></span> <span class='ocrx_word' id='word_1_429' title='bbox 1688 259 1877 295; x_wconf 65' lang='grc' dir='ltr'>ἁμαρτωλῶν.</span> 
     </span>
    </p>
   </div>
   <div class='ocr_carea' id='block_1_65' title="bbox 1128 306 1876 346">
    <p class='ocr_par' dir='ltr' id='par_1_65' title="bbox 1128 306 1876 346">
     <span class='ocr_line' id='line_1_65' title="bbox 1128 306 1876 346; baseline -0.007 -9"><span class='ocrx_word' id='word_1_430' title='bbox 1128 310 1230 342; x_wconf 81' lang='grc' dir='ltr'><strong>Πάντες</strong></span> <span class='ocrx_word' id='word_1_431' title='bbox 1243 310 1297 346; x_wconf 85' lang='grc' dir='ltr'><strong>γὰρ</strong></span> <span class='ocrx_word' id='word_1_432' title='bbox 1310 309 1485 342; x_wconf 81' lang='grc' dir='ltr'>οἱδιώξαντες</span> <span class='ocrx_word' id='word_1_433' title='bbox 1498 308 1578 336; x_wconf 69' lang='grc' dir='ltr'>κακοὶ</span> <span class='ocrx_word' id='word_1_434' title='bbox 1593 307 1687 338; x_wconf 84' lang='grc' dir='ltr'>κακῶς</span> <span class='ocrx_word' id='word_1_435' title='bbox 1705 306 1876 333; x_wconf 80' lang='grc' dir='ltr'>ἀπολοῦνται.</span> 
     </span>
    </p>
   </div>
   <div class='ocr_carea' id='block_1_66' title="bbox 1091 351 1876 390">
    <p class='ocr_par' dir='ltr' id='par_1_66' title="bbox 1091 351 1876 390">
     <span class='ocr_line' id='line_1_66' title="bbox 1091 351 1876 390; baseline -0.006 -8"><span class='ocrx_word' id='word_1_436' title='bbox 1091 356 1292 390; x_wconf 71' lang='grc' dir='ltr'>-Συγκόπτει</span> <span class='ocrx_word' id='word_1_437' title='bbox 1316 355 1361 382; x_wconf 79' lang='grc' dir='ltr'><strong>τὸν</strong></span> <span class='ocrx_word' id='word_1_438' title='bbox 1376 355 1486 390; x_wconf 81' lang='grc' dir='ltr'>αὐχένα,</span> <span class='ocrx_word' id='word_1_439' title='bbox 1512 354 1540 381; x_wconf 78' lang='grc' dir='ltr'>ὃν</span> <span class='ocrx_word' id='word_1_440' title='bbox 1566 353 1615 389; x_wconf 80' lang='grc' dir='ltr'><strong>οὐχ</strong></span> <span class='ocrx_word' id='word_1_441' title='bbox 1640 352 1819 379; x_wconf 80' lang='grc' dir='ltr'>ὑποϐάλλουσι</span> <span class='ocrx_word' id='word_1_442' title='bbox 1838 351 1876 387; x_wconf 85' lang='grc' dir='ltr'>τῷ</span> 
     </span>
    </p>
   </div>
   <div class='ocr_carea' id='block_1_67' title="bbox 1091 396 1876 436">
    <p class='ocr_par' dir='ltr' id='par_1_67' title="bbox 1091 396 1876 436">
     <span class='ocr_line' id='line_1_67' title="bbox 1091 396 1876 436; baseline -0.008 -8"><span class='ocrx_word' id='word_1_443' title='bbox 1091 400 1201 436; x_wconf 78' lang='grc' dir='ltr'><strong>χρηστῷ</strong></span> <span class='ocrx_word' id='word_1_444' title='bbox 1217 400 1300 436; x_wconf 82' lang='grc' dir='ltr'>ζυγῷ,</span> <span class='ocrx_word' id='word_1_445' title='bbox 1312 401 1326 427; x_wconf 80' lang='grc' dir='ltr'>ὁ</span> <span class='ocrx_word' id='word_1_446' title='bbox 1336 400 1438 431; x_wconf 87' lang='grc' dir='ltr'>δίκαιος</span> <span class='ocrx_word' id='word_1_447' title='bbox 1454 399 1571 435; x_wconf 84' lang='grc' dir='ltr'>Κύριος·</span> <span class='ocrx_word' id='word_1_448' title='bbox 1585 399 1688 434; x_wconf 81' lang='grc' dir='ltr'><strong>χρηστῇ</strong></span> <span class='ocrx_word' id='word_1_449' title='bbox 1705 397 1733 424; x_wconf 80' lang='grc' dir='ltr'>δὲ</span> <span class='ocrx_word' id='word_1_450' title='bbox 1751 396 1876 433; x_wconf 75' lang='grc' dir='ltr'><strong>προθέσει</strong></span> 
     </span>
    </p>
   </div>
   <div class='ocr_carea' id='block_1_68' title="bbox 1089 440 1876 479">
    <p class='ocr_par' dir='ltr' id='par_1_68' title="bbox 1089 440 1876 479">
     <span class='ocr_line' id='line_1_68' title="bbox 1089 440 1876 479; baseline -0.008 -7"><span class='ocrx_word' id='word_1_451' title='bbox 1089 446 1168 472; x_wconf 79' lang='grc' dir='ltr'>τοῦτο</span> <span class='ocrx_word' id='word_1_452' title='bbox 1184 447 1265 477; x_wconf 81' lang='grc' dir='ltr'>ποιεῖ,</span> <span class='ocrx_word' id='word_1_453' title='bbox 1290 446 1364 477; x_wconf 85' lang='grc' dir='ltr'>ὅπως</span> <span class='ocrx_word' id='word_1_454' title='bbox 1382 444 1564 476; x_wconf 79' lang='grc' dir='ltr'>ἀποϐαλόντες</span> <span class='ocrx_word' id='word_1_455' title='bbox 1582 444 1631 479; x_wconf 82' lang='grc' dir='ltr'>τὴν</span> <span class='ocrx_word' id='word_1_456' title='bbox 1651 442 1718 478; x_wconf 78' lang='grc' dir='ltr'>πρὸς</span> <span class='ocrx_word' id='word_1_457' title='bbox 1733 442 1768 468; x_wconf 79' lang='grc' dir='ltr'>τὰ</span> <span class='ocrx_word' id='word_1_458' title='bbox 1788 440 1876 476; x_wconf 83' lang='grc' dir='ltr'>φαῦλα</span> 
     </span>
    </p>
   </div>
   <div class='ocr_carea' id='block_1_69' title="bbox 1090 484 1875 526">
    <p class='ocr_par' dir='ltr' id='par_1_69' title="bbox 1090 484 1875 526">
     <span class='ocr_line' id='line_1_69' title="bbox 1090 484 1875 526; baseline -0.008 -8"><span class='ocrx_word' id='word_1_459' title='bbox 1090 491 1212 518; x_wconf 83' lang='grc' dir='ltr'>εὐτονίαν</span> <span class='ocrx_word' id='word_1_460' title='bbox 1226 492 1274 518; x_wconf 80' lang='grc' dir='ltr'>καὶ</span> <span class='ocrx_word' id='word_1_461' title='bbox 1296 492 1381 526; x_wconf 74' lang='grc' dir='ltr'>ἰσχὺν,</span> <span class='ocrx_word' id='word_1_462' title='bbox 1401 489 1556 524; x_wconf 84' lang='grc' dir='ltr'>ὑποταγῶσι</span> <span class='ocrx_word' id='word_1_463' title='bbox 1571 489 1611 524; x_wconf 82' lang='grc' dir='ltr'>τῷ</span> <span class='ocrx_word' id='word_1_464' title='bbox 1627 488 1731 523; x_wconf 83' lang='grc' dir='ltr'><strong>Κυρίῳ,</strong></span> <span class='ocrx_word' id='word_1_465' title='bbox 1753 484 1774 521; x_wconf 86' lang='grc' dir='ltr'>ᾧ</span> <span class='ocrx_word' id='word_1_466' title='bbox 1787 487 1875 513; x_wconf 76' lang='grc' dir='ltr'>πάντα</span> 
     </span>
    </p>
   </div>
   <div class='ocr_carea' id='block_1_70' title="bbox 1089 533 1875 573">
    <p class='ocr_par' dir='ltr' id='par_1_70' title="bbox 1089 533 1875 573">
     <span class='ocr_line' id='line_1_70' title="bbox 1089 533 1875 573; baseline -0.006 -9"><span class='ocrx_word' id='word_1_467' title='bbox 1089 537 1179 573; x_wconf 84' lang='grc' dir='ltr'>γυμνὰ</span> <span class='ocrx_word' id='word_1_468' title='bbox 1192 538 1239 564; x_wconf 79' lang='grc' dir='ltr'>καὶ</span> <span class='ocrx_word' id='word_1_469' title='bbox 1253 537 1487 572; x_wconf 80' lang='grc' dir='ltr'><strong>τετραχηλισμένα</strong></span> <span class='ocrx_word' id='word_1_470' title='bbox 1506 535 1589 562; x_wconf 73' lang='grc' dir='ltr'>ἐστίν,</span> <span class='ocrx_word' id='word_1_471' title='bbox 1610 535 1683 561; x_wconf 80' lang='grc' dir='ltr'>Ἀντὶ</span> <span class='ocrx_word' id='word_1_472' title='bbox 1697 534 1723 560; x_wconf 85' lang='grc' dir='ltr'>δὲ</span> <span class='ocrx_word' id='word_1_473' title='bbox 1734 533 1790 565; x_wconf 85' lang='grc' dir='ltr'>τοῦ,</span> <span class='ocrx_word' id='word_1_474' title='bbox 1801 540 1875 560; x_wconf 83' lang='grc' dir='ltr'>συν-</span> 
     </span>
    </p>
   </div>
   <div class='ocr_carea' id='block_1_71' title="bbox 1087 578 1874 617">
    <p class='ocr_par' dir='ltr' id='par_1_71' title="bbox 1087 578 1874 617">
     <span class='ocr_line' id='line_1_71' title="bbox 1087 578 1874 617; baseline -0.005 -8"><span class='ocrx_word' id='word_1_475' title='bbox 1087 582 1198 617; x_wconf 72' lang='grc' dir='ltr'>έκοψεν</span> <span class='ocrx_word' id='word_1_476' title='bbox 1216 583 1347 617; x_wconf 80' lang='grc' dir='ltr'><strong>αὐχένας</strong></span> <span class='ocrx_word' id='word_1_477' title='bbox 1367 581 1556 616; x_wconf 74' lang='grc' dir='ltr'>ἁμαρτωλῶν,</span> <span class='ocrx_word' id='word_1_478' title='bbox 1571 580 1686 611; x_wconf 83' lang='grc' dir='ltr'><strong>Ἀκύλας</strong></span> <span class='ocrx_word' id='word_1_479' title='bbox 1709 578 1874 612; x_wconf 75' lang='grc' dir='ltr'><em>κατέκοψεν</em></span> 
     </span>
    </p>
   </div>
   <div class='ocr_carea' id='block_1_72' title="bbox 1084 624 1874 660">
    <p class='ocr_par' dir='ltr' id='par_1_72' title="bbox 1084 624 1874 660">
     <span class='ocr_line' id='line_1_72' title="bbox 1084 624 1874 660; baseline -0.004 -7"><span class='ocrx_word' id='word_1_480' title='bbox 1084 625 1217 659; x_wconf 81' lang='grc' dir='ltr'><strong>βρόχους</strong></span> <span class='ocrx_word' id='word_1_481' title='bbox 1232 625 1363 653; x_wconf 71' lang='grc' dir='ltr'><strong>ἀσεϐῶν-θ</strong></span> <span class='ocrx_word' id='word_1_482' title='bbox 1380 626 1393 651; x_wconf 83' lang='grc' dir='ltr'>ὁ</span> <span class='ocrx_word' id='word_1_483' title='bbox 1405 626 1433 651; x_wconf 76' lang='grc' dir='ltr'>δὲ</span> <span class='ocrx_word' id='word_1_484' title='bbox 1447 624 1602 660; x_wconf 73' lang='grc' dir='ltr'>Σύμμαχος,</span> <span class='ocrx_word' id='word_1_485' title='bbox 1621 624 1787 658; x_wconf 71' lang='grc' dir='ltr'><em>κατέκοψεν</em></span> <span class='ocrx_word' id='word_1_486' title='bbox 1801 624 1874 657; x_wconf 75' lang='grc' dir='ltr'><strong>,Βρό-</strong></span> 
     </span>
    </p>
   </div>
   <div class='ocr_carea' id='block_1_73' title="bbox 1087 669 1874 707">
    <p class='ocr_par' dir='ltr' id='par_1_73' title="bbox 1087 669 1874 707">
     <span class='ocr_line' id='line_1_73' title="bbox 1087 669 1874 707; baseline -0.003 -10"><span class='ocrx_word' id='word_1_487' title='bbox 1087 680 1160 705; x_wconf 73' lang='grc' dir='ltr'>χους</span> <span class='ocrx_word' id='word_1_488' title='bbox 1174 672 1353 706; x_wconf 78' lang='grc' dir='ltr'>παρανόμων</span> <span class='ocrx_word' id='word_1_489' title='bbox 1365 679 1371 686; x_wconf 94' lang='grc'><strong>·</strong></span> <span class='ocrx_word' id='word_1_490' title='bbox 1397 671 1413 706; x_wconf 81' lang='grc' dir='ltr'><strong>ὴ</strong></span> <span class='ocrx_word' id='word_1_491' title='bbox 1433 671 1462 697; x_wconf 80' lang='grc' dir='ltr'>δὲ</span> <span class='ocrx_word' id='word_1_492' title='bbox 1488 671 1599 707; x_wconf 83' lang='grc' dir='ltr'>πέμπτη</span> <span class='ocrx_word' id='word_1_493' title='bbox 1622 670 1736 701; x_wconf 79' lang='grc' dir='ltr'>ἔκδυσις.</span> <span class='ocrx_word' id='word_1_494' title='bbox 1754 669 1874 702; x_wconf 77' lang='grc' dir='ltr'>κλοιοὺς</span> 
     </span>
    </p>
   </div>
   <div class='ocr_carea' id='block_1_74' title="bbox 1086 713 1873 750">
    <p class='ocr_par' dir='ltr' id='par_1_74' title="bbox 1086 713 1873 750">
     <span class='ocr_line' id='line_1_74' title="bbox 1086 713 1873 750; baseline -0.004 -8"><span class='ocrx_word' id='word_1_495' title='bbox 1086 716 1212 750; x_wconf 80' lang='grc' dir='ltr'>ἀνόμων,</span> <span class='ocrx_word' id='word_1_496' title='bbox 1231 715 1410 743; x_wconf 76' lang='grc' dir='ltr'>ὲκδεδὼκασιν</span> <span class='ocrx_word' id='word_1_497' title='bbox 1420 725 1426 730; x_wconf 89' lang='grc'>·</span> <span class='ocrx_word' id='word_1_498' title='bbox 1440 713 1582 750; x_wconf 81' lang='grc' dir='ltr'><strong>δηλοῦντος</strong></span> <span class='ocrx_word' id='word_1_499' title='bbox 1593 715 1639 741; x_wconf 82' lang='grc' dir='ltr'><strong>τοῦ</strong></span> <span class='ocrx_word' id='word_1_500' title='bbox 1648 715 1738 749; x_wconf 86' lang='grc' dir='ltr'>λόγου,</span> <span class='ocrx_word' id='word_1_501' title='bbox 1748 714 1810 745; x_wconf 77' lang='grc' dir='ltr'>τοὺς</span> <span class='ocrx_word' id='word_1_502' title='bbox 1821 713 1873 740; x_wconf 83' lang='grc' dir='ltr'><strong>ὑπὸ</strong></span> 
     </span>
    </p>
   </div>
   <div class='ocr_carea' id='block_1_75' title="bbox 1085 760 1872 796">
    <p class='ocr_par' dir='ltr' id='par_1_75' title="bbox 1085 760 1872 796">
     <span class='ocr_line' id='line_1_75' title="bbox 1085 760 1872 796; baseline -0.003 -9"><span class='ocrx_word' id='word_1_503' title='bbox 1085 761 1139 787; x_wconf 83' lang='grc' dir='ltr'>τῶν</span> <span class='ocrx_word' id='word_1_504' title='bbox 1158 761 1262 789; x_wconf 75' lang='grc' dir='ltr'>ἀσεϐῶν</span> <span class='ocrx_word' id='word_1_505' title='bbox 1293 762 1332 793; x_wconf 79' lang='grc' dir='ltr'>εἰς</span> <span class='ocrx_word' id='word_1_506' title='bbox 1349 761 1492 796; x_wconf 77' lang='grc' dir='ltr'>ἐπιϐουλὴν</span> <span class='ocrx_word' id='word_1_507' title='bbox 1514 760 1560 787; x_wconf 90' lang='grc' dir='ltr'><strong>τοῦ</strong></span> <span class='ocrx_word' id='word_1_508' title='bbox 1578 761 1682 787; x_wconf 79' lang='grc' dir='ltr'><strong>δικαίου</strong></span> <span class='ocrx_word' id='word_1_509' title='bbox 1707 767 1872 786; x_wconf 84' lang='grc' dir='ltr'>κατεσκευα-</span> 
     </span>
    </p>
   </div>
   <div class='ocr_carea' id='block_1_76' title="bbox 1087 805 1872 842">
    <p class='ocr_par' dir='ltr' id='par_1_76' title="bbox 1087 805 1872 842">
     <span class='ocr_line' id='line_1_76' title="bbox 1087 805 1872 842; baseline -0.003 -9"><span class='ocrx_word' id='word_1_510' title='bbox 1087 807 1200 842; x_wconf 84' lang='grc' dir='ltr'>σμένους</span> <span class='ocrx_word' id='word_1_511' title='bbox 1209 816 1215 822; x_wconf 88' lang='grc'>·</span> <span class='ocrx_word' id='word_1_512' title='bbox 1227 806 1348 839; x_wconf 80' lang='grc' dir='ltr'><strong>θεσπίζει</strong></span> <span class='ocrx_word' id='word_1_513' title='bbox 1364 807 1392 833; x_wconf 80' lang='grc' dir='ltr'>δὲ</span> <span class='ocrx_word' id='word_1_514' title='bbox 1404 807 1450 833; x_wconf 79' lang='grc' dir='ltr'>καὶ</span> <span class='ocrx_word' id='word_1_515' title='bbox 1457 807 1501 833; x_wconf 86' lang='grc' dir='ltr'><strong>διὰ</strong></span> <span class='ocrx_word' id='word_1_516' title='bbox 1516 807 1617 833; x_wconf 85' lang='grc' dir='ltr'>τούτων</span> <span class='ocrx_word' id='word_1_517' title='bbox 1628 808 1642 833; x_wconf 83' lang='grc' dir='ltr'>ὁ</span> <span class='ocrx_word' id='word_1_518' title='bbox 1652 806 1730 840; x_wconf 72' lang='grc' dir='ltr'>λόγος</span> <span class='ocrx_word' id='word_1_519' title='bbox 1742 805 1777 832; x_wconf 82' lang='grc' dir='ltr'><strong>τὰ</strong></span> <span class='ocrx_word' id='word_1_520' title='bbox 1792 805 1872 840; x_wconf 76' lang='grc' dir='ltr'>ἔσχα-</span> 
     </span>
    </p>
   </div>
   <div class='ocr_carea' id='block_1_77' title="bbox 1084 851 1872 888">
    <p class='ocr_par' dir='ltr' id='par_1_77' title="bbox 1084 851 1872 888">
     <span class='ocr_line' id='line_1_77' title="bbox 1084 851 1872 888; baseline 0 -10"><span class='ocrx_word' id='word_1_521' title='bbox 1084 861 1117 879; x_wconf 88' lang='grc' dir='ltr'><strong>τα</strong></span> <span class='ocrx_word' id='word_1_522' title='bbox 1124 853 1197 888; x_wconf 85' lang='grc' dir='ltr'><strong>τέλη,</strong></span> <span class='ocrx_word' id='word_1_523' title='bbox 1212 853 1309 880; x_wconf 79' lang='grc' dir='ltr'>καὶτὸν</span> <span class='ocrx_word' id='word_1_524' title='bbox 1317 853 1426 888; x_wconf 78' lang='grc' dir='ltr'>ὄλεθρον</span> <span class='ocrx_word' id='word_1_525' title='bbox 1438 852 1491 879; x_wconf 83' lang='grc' dir='ltr'>τῶν</span> <span class='ocrx_word' id='word_1_526' title='bbox 1504 853 1573 879; x_wconf 87' lang='grc' dir='ltr'>κατὰ</span> <span class='ocrx_word' id='word_1_527' title='bbox 1583 853 1694 888; x_wconf 77' lang='grc' dir='ltr'>καιροὺς</span> <span class='ocrx_word' id='word_1_528' title='bbox 1704 852 1750 887; x_wconf 81' lang='grc' dir='ltr'>τὴν</span> <span class='ocrx_word' id='word_1_529' title='bbox 1759 851 1872 886; x_wconf 85' lang='grc' dir='ltr'>Ἐκκλη-</span> 
     </span>
    </p>
   </div>
   <div class='ocr_carea' id='block_1_78' title="bbox 1085 897 1870 933">
    <p class='ocr_par' dir='ltr' id='par_1_78' title="bbox 1085 897 1870 933">
     <span class='ocr_line' id='line_1_78' title="bbox 1085 897 1870 933; baseline 0 -10"><span class='ocrx_word' id='word_1_530' title='bbox 1085 897 1144 924; x_wconf 84' lang='grc' dir='ltr'>σίαν</span> <span class='ocrx_word' id='word_1_531' title='bbox 1163 898 1209 924; x_wconf 87' lang='grc' dir='ltr'><strong>τοῦ</strong></span> <span class='ocrx_word' id='word_1_532' title='bbox 1225 897 1292 924; x_wconf 90' lang='grc' dir='ltr'>Θεοῦ</span> <span class='ocrx_word' id='word_1_533' title='bbox 1313 899 1360 925; x_wconf 79' lang='grc' dir='ltr'>καὶ</span> <span class='ocrx_word' id='word_1_534' title='bbox 1374 899 1419 925; x_wconf 79' lang='grc' dir='ltr'>τὸν</span> <span class='ocrx_word' id='word_1_535' title='bbox 1434 898 1496 925; x_wconf 77' lang='grc' dir='ltr'>λαὸν</span> <span class='ocrx_word' id='word_1_536' title='bbox 1513 897 1594 924; x_wconf 77' lang='grc' dir='ltr'>αὑτοῦ</span> <span class='ocrx_word' id='word_1_537' title='bbox 1619 897 1745 933; x_wconf 83' lang='grc' dir='ltr'><strong>πολεμεῖν</strong></span> <span class='ocrx_word' id='word_1_538' title='bbox 1767 898 1870 932; x_wconf 77' lang='grc' dir='ltr'>ἐπιχει-</span> 
     </span>
    </p>
   </div>
   <div class='ocr_carea' id='block_1_79' title="bbox 1088 944 1214 980">
    <p class='ocr_par' dir='ltr' id='par_1_79' title="bbox 1088 944 1214 980">
     <span class='ocr_line' id='line_1_79' title="bbox 1088 944 1214 980; baseline 0.008 -9"><span class='ocrx_word' id='word_1_539' title='bbox 1088 944 1214 980; x_wconf 83' lang='grc' dir='ltr'>ρούντων,</span> 
     </span>
    </p>
   </div>
   <div class='ocr_carea' id='block_1_80' title="bbox 1355 989 1601 1016">
    <p class='ocr_par' dir='ltr' id='par_1_80' title="bbox 1355 989 1601 1016">
     <span class='ocr_line' id='line_1_80' title="bbox 1355 989 1601 1016; baseline 0 0"><span class='ocrx_word' id='word_1_540' title='bbox 1355 990 1500 1016; x_wconf 79' lang='grc' dir='ltr'><strong>ΨΔΛΜΟΣ</strong></span> <span class='ocrx_word' id='word_1_541' title='bbox 1513 989 1601 1016; x_wconf 86' lang='grc' dir='ltr'><strong>ΡΚΘ¹.</strong></span> 
     </span>
    </p>
   </div>
   <div class='ocr_carea' id='block_1_81' title="bbox 1119 1034 1867 1073">
    <p class='ocr_par' dir='ltr' id='par_1_81' title="bbox 1119 1034 1867 1073">
     <span class='ocr_line' id='line_1_81' title="bbox 1119 1034 1867 1073; baseline -0.004 -10"><span class='ocrx_word' id='word_1_542' title='bbox 1119 1037 1187 1073; x_wconf 72' lang='grc' dir='ltr'>Περὶ</span> <span class='ocrx_word' id='word_1_543' title='bbox 1205 1036 1253 1063; x_wconf 84' lang='grc' dir='ltr'><strong>τοῦ</strong></span> <span class='ocrx_word' id='word_1_544' title='bbox 1269 1035 1334 1063; x_wconf 89' lang='grc' dir='ltr'>λαοῦ</span> <span class='ocrx_word' id='word_1_545' title='bbox 1356 1037 1406 1063; x_wconf 81' lang='grc' dir='ltr'>οὐκ</span> <span class='ocrx_word' id='word_1_546' title='bbox 1424 1036 1496 1063; x_wconf 78' lang='grc' dir='ltr'>ἐστιν</span> <span class='ocrx_word' id='word_1_547' title='bbox 1516 1037 1603 1062; x_wconf 73' lang='grc' dir='ltr'>εἰπεῖν</span> <span class='ocrx_word' id='word_1_548' title='bbox 1623 1034 1671 1062; x_wconf 89' lang='grc' dir='ltr'><strong>τοῦ</strong></span> <span class='ocrx_word' id='word_1_549' title='bbox 1692 1034 1808 1070; x_wconf 80' lang='grc' dir='ltr'><strong>Χριστοῦ</strong></span> <span class='ocrx_word' id='word_1_550' title='bbox 1827 1034 1867 1067; x_wconf 82' lang='grc' dir='ltr'><strong>τὺ,</strong></span> 
     </span>
    </p>
   </div>
   <div class='ocr_carea' id='block_1_82' title="bbox 1091 1079 1869 1116">
    <p class='ocr_par' dir='ltr' id='par_1_82' title="bbox 1091 1079 1869 1116">
     <span class='ocr_line' id='line_1_82' title="bbox 1091 1079 1869 1116; baseline -0.005 -7"><span class='ocrx_word' id='word_1_551' title='bbox 1091 1082 1117 1109; x_wconf 90' lang='lat'><strong>&#39;0</strong></span> <span class='ocrx_word' id='word_1_552' title='bbox 1130 1083 1205 1116; x_wconf 83' lang='grc' dir='ltr'>λαὸς</span> <span class='ocrx_word' id='word_1_553' title='bbox 1219 1080 1308 1115; x_wconf 84' lang='grc' dir='ltr'><em>οὗτος</em></span> <span class='ocrx_word' id='word_1_554' title='bbox 1322 1081 1385 1115; x_wconf 82' lang='grc' dir='ltr'>τοῖς</span> <span class='ocrx_word' id='word_1_555' title='bbox 1406 1082 1523 1116; x_wconf 78' lang='grc' dir='ltr'>χείλεσί</span> <span class='ocrx_word' id='word_1_556' title='bbox 1540 1090 1576 1116; x_wconf 84' lang='grc' dir='ltr'><strong>με</strong></span> <span class='ocrx_word' id='word_1_557' title='bbox 1591 1081 1670 1116; x_wconf 83' lang='grc' dir='ltr'><strong>τιμᾷ,</strong></span> <span class='ocrx_word' id='word_1_558' title='bbox 1687 1082 1706 1115; x_wconf 82' lang='grc' dir='ltr'><em>ὴ</em></span> <span class='ocrx_word' id='word_1_559' title='bbox 1719 1081 1753 1107; x_wconf 84' lang='grc' dir='ltr'>δὲ</span> <span class='ocrx_word' id='word_1_560' title='bbox 1763 1079 1869 1113; x_wconf 81' lang='grc' dir='ltr'><strong>καρδία</strong></span> 
     </span>
    </p>
   </div>
   <div class='ocr_carea' id='block_1_83' title="bbox 1083 1125 1869 1162">
    <p class='ocr_par' dir='ltr' id='par_1_83' title="bbox 1083 1125 1869 1162">
     <span class='ocr_line' id='line_1_83' title="bbox 1083 1125 1869 1162; baseline -0.004 -8"><span class='ocrx_word' id='word_1_561' title='bbox 1083 1127 1182 1155; x_wconf 82' lang='grc' dir='ltr'>αὐτῶν</span> <span class='ocrx_word' id='word_1_562' title='bbox 1203 1128 1300 1162; x_wconf 75' lang='grc' dir='ltr'><strong>πόῤῥω</strong></span> <span class='ocrx_word' id='word_1_563' title='bbox 1318 1127 1490 1162; x_wconf 69' lang='grc' dir='ltr'>ἀφέστηκεν</span> <span class='ocrx_word' id='word_1_564' title='bbox 1506 1128 1555 1154; x_wconf 81' lang='grc' dir='ltr'><strong>ἀπ’</strong></span> <span class='ocrx_word' id='word_1_565' title='bbox 1571 1127 1654 1161; x_wconf 81' lang='grc' dir='ltr'>ἐμοῦ.</span> <span class='ocrx_word' id='word_1_566' title='bbox 1677 1127 1714 1153; x_wconf 74' lang='grc' dir='ltr'><strong>Οὐ</strong></span> <span class='ocrx_word' id='word_1_567' title='bbox 1731 1127 1784 1161; x_wconf 78' lang='grc' dir='ltr'>γὰρ</span> <span class='ocrx_word' id='word_1_568' title='bbox 1799 1125 1836 1156; x_wconf 82' lang='grc' dir='ltr'>ὡς</span> <span class='ocrx_word' id='word_1_569' title='bbox 1854 1125 1869 1151; x_wconf 78' lang='grc' dir='ltr'><strong><em>ὁ</em></strong></span> 
     </span>
    </p>
   </div>
   <div class='ocr_carea' id='block_1_84' title="bbox 1083 1170 1868 1209">
    <p class='ocr_par' dir='ltr' id='par_1_84' title="bbox 1083 1170 1868 1209">
     <span class='ocr_line' id='line_1_84' title="bbox 1083 1170 1868 1209; baseline -0.005 -10"><span class='ocrx_word' id='word_1_570' title='bbox 1083 1174 1189 1209; x_wconf 81' lang='grc' dir='ltr'>πρῶτος</span> <span class='ocrx_word' id='word_1_571' title='bbox 1205 1173 1278 1204; x_wconf 77' lang='grc' dir='ltr'>λαὸς,</span> <span class='ocrx_word' id='word_1_572' title='bbox 1294 1172 1349 1199; x_wconf 85' lang='grc' dir='ltr'>ἀλλ’</span> <span class='ocrx_word' id='word_1_573' title='bbox 1362 1173 1394 1198; x_wconf 84' lang='grc' dir='ltr'><strong>ὲκ</strong></span> <span class='ocrx_word' id='word_1_574' title='bbox 1411 1172 1513 1207; x_wconf 76' lang='grc' dir='ltr'>βαθέων</span> <span class='ocrx_word' id='word_1_575' title='bbox 1525 1171 1683 1206; x_wconf 82' lang='grc' dir='ltr'>ἐκέκραξεν,</span> <span class='ocrx_word' id='word_1_576' title='bbox 1700 1170 1746 1197; x_wconf 81' lang='grc' dir='ltr'><strong>ἃτε</strong></span> <span class='ocrx_word' id='word_1_577' title='bbox 1756 1170 1787 1205; x_wconf 82' lang='grc' dir='ltr'>δὴ</span> <span class='ocrx_word' id='word_1_578' title='bbox 1804 1178 1868 1204; x_wconf 84' lang='grc' dir='ltr'>μετ-</span> 
     </span>
    </p>
   </div>
   <div class='ocr_carea' id='block_1_85' title="bbox 1083 1215 1865 1254">
    <p class='ocr_par' dir='ltr' id='par_1_85' title="bbox 1083 1215 1865 1254">
     <span class='ocr_line' id='line_1_85' title="bbox 1083 1215 1865 1254; baseline -0.005 -9"><span class='ocrx_word' id='word_1_579' title='bbox 1083 1219 1151 1254; x_wconf 83' lang='grc' dir='ltr'>έχων</span> <span class='ocrx_word' id='word_1_580' title='bbox 1168 1217 1214 1245; x_wconf 84' lang='grc' dir='ltr'>τοῦ</span> <span class='ocrx_word' id='word_1_581' title='bbox 1231 1218 1399 1253; x_wconf 78' lang='grc' dir='ltr'>Πνεύματος,</span> <span class='ocrx_word' id='word_1_582' title='bbox 1417 1218 1441 1249; x_wconf 83' lang='grc' dir='ltr'>ὂ,</span> <span class='ocrx_word' id='word_1_583' title='bbox 1456 1217 1525 1244; x_wconf 86' lang='grc' dir='ltr'>κατὰ</span> <span class='ocrx_word' id='word_1_584' title='bbox 1540 1217 1655 1247; x_wconf 80' lang='grc' dir='ltr'>Παῦλον,</span> <span class='ocrx_word' id='word_1_585' title='bbox 1669 1215 1766 1242; x_wconf 82' lang='grc' dir='ltr'>πάντα</span> <span class='ocrx_word' id='word_1_586' title='bbox 1783 1215 1865 1249; x_wconf 81' lang='grc' dir='ltr'>ἐρευ-</span> 
     </span>
    </p>
   </div>
   <div class='ocr_carea' id='block_1_86' title="bbox 1081 1259 1865 1297">
    <p class='ocr_par' dir='ltr' id='par_1_86' title="bbox 1081 1259 1865 1297">
     <span class='ocr_line' id='line_1_86' title="bbox 1081 1259 1865 1297; baseline -0.005 -7"><span class='ocrx_word' id='word_1_587' title='bbox 1081 1263 1129 1297; x_wconf 86' lang='grc' dir='ltr'><strong>νᾷ,</strong></span> <span class='ocrx_word' id='word_1_588' title='bbox 1153 1263 1250 1290; x_wconf 76' lang='grc' dir='ltr'>καὶτὰ</span> <span class='ocrx_word' id='word_1_589' title='bbox 1264 1262 1343 1297; x_wconf 79' lang='grc' dir='ltr'><strong>βάθη</strong></span> <span class='ocrx_word' id='word_1_590' title='bbox 1360 1262 1412 1289; x_wconf 82' lang='grc' dir='ltr'><strong>τοῦ</strong></span> <span class='ocrx_word' id='word_1_591' title='bbox 1431 1262 1520 1289; x_wconf 83' lang='grc' dir='ltr'><strong>Θεοῦ·</strong></span> <span class='ocrx_word' id='word_1_592' title='bbox 1540 1263 1568 1288; x_wconf 83' lang='grc' dir='ltr'>ὲν</span> <span class='ocrx_word' id='word_1_593' title='bbox 1581 1261 1685 1295; x_wconf 80' lang='grc' dir='ltr'>ἐπαίνῳ</span> <span class='ocrx_word' id='word_1_594' title='bbox 1696 1260 1724 1287; x_wconf 84' lang='grc' dir='ltr'>δὲ</span> <span class='ocrx_word' id='word_1_595' title='bbox 1740 1259 1770 1286; x_wconf 87' lang='grc' dir='ltr'><strong>τὺ</strong></span> <span class='ocrx_word' id='word_1_596' title='bbox 1785 1259 1865 1291; x_wconf 78' lang='grc' dir='ltr'><strong>βαθὺ</strong></span> 
     </span>
    </p>
   </div>
   <div class='ocr_carea' id='block_1_87' title="bbox 1081 1304 1865 1345">
    <p class='ocr_par' dir='ltr' id='par_1_87' title="bbox 1081 1304 1865 1345">
     <span class='ocr_line' id='line_1_87' title="bbox 1081 1304 1865 1345; baseline -0.005 -9"><span class='ocrx_word' id='word_1_597' title='bbox 1081 1310 1131 1336; x_wconf 74' lang='grc' dir='ltr'>κάν</span> <span class='ocrx_word' id='word_1_598' title='bbox 1147 1310 1179 1345; x_wconf 85' lang='grc' dir='ltr'>τῇ</span> <span class='ocrx_word' id='word_1_599' title='bbox 1194 1308 1331 1344; x_wconf 69' lang='grc' dir='ltr'>συνηθείᾳ·</span> <span class='ocrx_word' id='word_1_600' title='bbox 1347 1309 1437 1335; x_wconf 75' lang='grc' dir='ltr'>ὁποῖον</span> <span class='ocrx_word' id='word_1_601' title='bbox 1451 1307 1498 1334; x_wconf 76' lang='grc' dir='ltr'>καὶ</span> <span class='ocrx_word' id='word_1_602' title='bbox 1510 1307 1549 1340; x_wconf 80' lang='grc' dir='ltr'>τὸ,</span> <span class='ocrx_word' id='word_1_603' title='bbox 1565 1304 1603 1334; x_wconf 80' lang='grc' dir='ltr'><strong>’Ὦ</strong></span> <span class='ocrx_word' id='word_1_604' title='bbox 1613 1307 1709 1338; x_wconf 76' lang='grc' dir='ltr'><strong>βάθος</strong></span> <span class='ocrx_word' id='word_1_605' title='bbox 1731 1306 1865 1333; x_wconf 83' lang='grc' dir='ltr'><strong>πλούτου</strong></span> 
     </span>
    </p>
   </div>
   <div class='ocr_carea' id='block_1_88' title="bbox 1080 1350 1864 1389">
    <p class='ocr_par' dir='ltr' id='par_1_88' title="bbox 1080 1350 1864 1389">
     <span class='ocr_line' id='line_1_88' title="bbox 1080 1350 1864 1389; baseline -0.006 -7"><span class='ocrx_word' id='word_1_606' title='bbox 1080 1355 1190 1389; x_wconf 68' lang='grc' dir='ltr'>σοφίας</span> <span class='ocrx_word' id='word_1_607' title='bbox 1208 1354 1258 1381; x_wconf 76' lang='grc' dir='ltr'><strong>καὶ</strong></span> <span class='ocrx_word' id='word_1_608' title='bbox 1273 1353 1409 1389; x_wconf 77' lang='grc' dir='ltr'>γνώσεως</span> <span class='ocrx_word' id='word_1_609' title='bbox 1422 1353 1506 1380; x_wconf 79' lang='grc' dir='ltr'>Θεοῦ.</span> <span class='ocrx_word' id='word_1_610' title='bbox 1529 1352 1583 1379; x_wconf 75' lang='grc' dir='ltr'>Καὶ</span> <span class='ocrx_word' id='word_1_611' title='bbox 1605 1352 1673 1388; x_wconf 79' lang='grc' dir='ltr'>πρὸς</span> <span class='ocrx_word' id='word_1_612' title='bbox 1695 1350 1821 1387; x_wconf 74' lang='grc' dir='ltr'>Ἰεζεκιὴλ</span> <span class='ocrx_word' id='word_1_613' title='bbox 1835 1350 1864 1377; x_wconf 84' lang='grc' dir='ltr'><strong>δέ</strong></span> 
     </span>
    </p>
   </div>
   <div class='ocr_carea' id='block_1_89' title="bbox 1080 1396 1864 1436">
    <p class='ocr_par' dir='ltr' id='par_1_89' title="bbox 1080 1396 1864 1436">
     <span class='ocr_line' id='line_1_89' title="bbox 1080 1396 1864 1436; baseline -0.006 -9"><span class='ocrx_word' id='word_1_614' title='bbox 1080 1409 1161 1436; x_wconf 86' lang='grc' dir='ltr'>φησιν</span> <span class='ocrx_word' id='word_1_615' title='bbox 1171 1409 1178 1415; x_wconf 94' lang='grc'><strong>·</strong></span> <span class='ocrx_word' id='word_1_616' title='bbox 1199 1401 1239 1427; x_wconf 88' lang='grc' dir='ltr'><strong>Οῠ</strong></span> <span class='ocrx_word' id='word_1_617' title='bbox 1254 1399 1329 1434; x_wconf 82' lang='grc' dir='ltr'>πρὸς</span> <span class='ocrx_word' id='word_1_618' title='bbox 1342 1398 1418 1426; x_wconf 74' lang='grc' dir='ltr'><em>λαὸν</em></span> <span class='ocrx_word' id='word_1_619' title='bbox 1429 1398 1614 1432; x_wconf 81' lang='grc' dir='ltr'>βαθὺχειλον</span> <span class='ocrx_word' id='word_1_620' title='bbox 1629 1396 1678 1424; x_wconf 78' lang='grc' dir='ltr'><strong>καὶ</strong></span> <span class='ocrx_word' id='word_1_621' title='bbox 1687 1397 1864 1430; x_wconf 61' lang='grc' dir='ltr'>,βαρύγιῖωσ-</span> 
     </span>
    </p>
   </div>
   <div class='ocr_carea' id='block_1_90' title="bbox 1079 1441 1864 1481">
    <p class='ocr_par' dir='ltr' id='par_1_90' title="bbox 1079 1441 1864 1481">
     <span class='ocr_line' id='line_1_90' title="bbox 1079 1441 1864 1481; baseline -0.008 -8"><span class='ocrx_word' id='word_1_622' title='bbox 1079 1454 1137 1473; x_wconf 87' lang='grc' dir='ltr'><strong>σον</strong></span> <span class='ocrx_word' id='word_1_623' title='bbox 1151 1446 1208 1481; x_wconf 79' lang='grc' dir='ltr'><strong>ἐγὼ</strong></span> <span class='ocrx_word' id='word_1_624' title='bbox 1221 1444 1414 1478; x_wconf 82' lang='grc' dir='ltr'><strong>ἐξαποστελῶ</strong></span> <span class='ocrx_word' id='word_1_625' title='bbox 1429 1452 1475 1471; x_wconf 84' lang='grc' dir='ltr'>σε.</span> <span class='ocrx_word' id='word_1_626' title='bbox 1499 1443 1568 1470; x_wconf 77' lang='grc' dir='ltr'>Ἀλλ’</span> <span class='ocrx_word' id='word_1_627' title='bbox 1582 1443 1595 1469; x_wconf 84' lang='grc' dir='ltr'>ὁ</span> <span class='ocrx_word' id='word_1_628' title='bbox 1614 1442 1695 1478; x_wconf 76' lang='grc' dir='ltr'>βαθὺς</span> <span class='ocrx_word' id='word_1_629' title='bbox 1711 1443 1744 1477; x_wconf 82' lang='grc' dir='ltr'>τῇ</span> <span class='ocrx_word' id='word_1_630' title='bbox 1759 1441 1864 1477; x_wconf 74' lang='grc' dir='ltr'>διανοίᾳ.</span> 
     </span>
    </p>
   </div>
   <div class='ocr_carea' id='block_1_91' title="bbox 1079 1487 1863 1526">
    <p class='ocr_par' dir='ltr' id='par_1_91' title="bbox 1079 1487 1863 1526">
     <span class='ocr_line' id='line_1_91' title="bbox 1079 1487 1863 1526; baseline -0.008 -8"><span class='ocrx_word' id='word_1_631' title='bbox 1079 1492 1151 1524; x_wconf 76' lang='grc' dir='ltr'>λαὸς,</span> <span class='ocrx_word' id='word_1_632' title='bbox 1168 1493 1182 1518; x_wconf 87' lang='grc' dir='ltr'><strong>ό</strong></span> <span class='ocrx_word' id='word_1_633' title='bbox 1197 1492 1242 1518; x_wconf 76' lang='grc' dir='ltr'>καὶ</span> <span class='ocrx_word' id='word_1_634' title='bbox 1252 1491 1300 1526; x_wconf 86' lang='grc' dir='ltr'>τὴν</span> <span class='ocrx_word' id='word_1_635' title='bbox 1312 1491 1382 1526; x_wconf 82' lang='grc' dir='ltr'>ᾠδὴν</span> <span class='ocrx_word' id='word_1_636' title='bbox 1394 1491 1443 1526; x_wconf 87' lang='grc' dir='ltr'>τὴν</span> <span class='ocrx_word' id='word_1_637' title='bbox 1466 1489 1518 1526; x_wconf 77' lang='grc' dir='ltr'><strong>πρὸ</strong></span> <span class='ocrx_word' id='word_1_638' title='bbox 1534 1489 1635 1524; x_wconf 79' lang='grc' dir='ltr'><strong>ταύτης</strong></span> <span class='ocrx_word' id='word_1_639' title='bbox 1650 1487 1744 1519; x_wconf 71' lang='grc' dir='ltr'>εἰπὼν,</span> <span class='ocrx_word' id='word_1_640' title='bbox 1764 1488 1795 1514; x_wconf 82' lang='grc' dir='ltr'><strong>ὲκ</strong></span> <span class='ocrx_word' id='word_1_641' title='bbox 1809 1487 1863 1513; x_wconf 81' lang='grc' dir='ltr'><strong>τῶν</strong></span> 
     </span>
    </p>
   </div>
   <div class='ocr_carea' id='block_1_92' title="bbox 1081 1532 1864 1573">
    <p class='ocr_par' dir='ltr' id='par_1_92' title="bbox 1081 1532 1864 1573">
     <span class='ocr_line' id='line_1_92' title="bbox 1081 1532 1864 1573; baseline -0.008 -9"><span class='ocrx_word' id='word_1_642' title='bbox 1081 1538 1197 1573; x_wconf 83' lang='grc' dir='ltr'><strong>στέρνων</strong></span> <span class='ocrx_word' id='word_1_643' title='bbox 1214 1537 1302 1563; x_wconf 84' lang='grc' dir='ltr'>αὐτῶν</span> <span class='ocrx_word' id='word_1_644' title='bbox 1322 1538 1482 1572; x_wconf 83' lang='grc' dir='ltr'>στεναγμοῖς</span> <span class='ocrx_word' id='word_1_645' title='bbox 1500 1535 1641 1570; x_wconf 85' lang='grc' dir='ltr'>ἀλαλήτοις</span> <span class='ocrx_word' id='word_1_646' title='bbox 1664 1532 1864 1569; x_wconf 71' lang='grc' dir='ltr'>ὑπερεντυγχά·</span> 
     </span>
    </p>
   </div>
   <div class='ocr_carea' id='block_1_93' title="bbox 1078 1579 1863 1619">
    <p class='ocr_par' dir='ltr' id='par_1_93' title="bbox 1078 1579 1863 1619">
     <span class='ocr_line' id='line_1_93' title="bbox 1078 1579 1863 1619; baseline -0.008 -9"><span class='ocrx_word' id='word_1_647' title='bbox 1078 1592 1131 1610; x_wconf 89' lang='grc' dir='ltr'><strong>νων</strong></span> <span class='ocrx_word' id='word_1_648' title='bbox 1145 1583 1195 1619; x_wconf 80' lang='grc' dir='ltr'>βοᾷ</span> <span class='ocrx_word' id='word_1_649' title='bbox 1209 1583 1276 1618; x_wconf 83' lang='grc' dir='ltr'>πρὸς</span> <span class='ocrx_word' id='word_1_650' title='bbox 1287 1583 1332 1609; x_wconf 76' lang='grc' dir='ltr'>τὸν</span> <span class='ocrx_word' id='word_1_651' title='bbox 1349 1582 1425 1615; x_wconf 79' lang='grc' dir='ltr'>Θεὸν,</span> <span class='ocrx_word' id='word_1_652' title='bbox 1440 1581 1497 1609; x_wconf 83' lang='grc' dir='ltr'>ἀλλ’</span> <span class='ocrx_word' id='word_1_653' title='bbox 1514 1581 1544 1608; x_wconf 85' lang='grc' dir='ltr'>οὐ</span> <span class='ocrx_word' id='word_1_654' title='bbox 1561 1581 1676 1616; x_wconf 85' lang='grc' dir='ltr'>χείλεσιν</span> <span class='ocrx_word' id='word_1_655' title='bbox 1689 1588 1695 1594; x_wconf 90' lang='grc'><strong>·</strong></span> <span class='ocrx_word' id='word_1_656' title='bbox 1711 1579 1804 1614; x_wconf 85' lang='grc' dir='ltr'>ὥσπερ</span> <span class='ocrx_word' id='word_1_657' title='bbox 1818 1579 1863 1605; x_wconf 86' lang='grc' dir='ltr'><strong>οὺ-</strong></span> 
     </span>
    </p>
   </div>
   <div class='ocr_carea' id='block_1_94' title="bbox 1079 1624 1862 1664">
    <p class='ocr_par' dir='ltr' id='par_1_94' title="bbox 1079 1624 1862 1664">
     <span class='ocr_line' id='line_1_94' title="bbox 1079 1624 1862 1664; baseline -0.008 -8"><span class='ocrx_word' id='word_1_658' title='bbox 1079 1629 1107 1656; x_wconf 83' lang='grc' dir='ltr'>δὲ</span> <span class='ocrx_word' id='word_1_659' title='bbox 1124 1629 1253 1664; x_wconf 78' lang='grc' dir='ltr'>Μωῦσῆς,</span> <span class='ocrx_word' id='word_1_660' title='bbox 1265 1628 1332 1664; x_wconf 82' lang='grc' dir='ltr'>πρὸς</span> <span class='ocrx_word' id='word_1_661' title='bbox 1346 1627 1374 1654; x_wconf 79' lang='grc' dir='ltr'>ὃν</span> <span class='ocrx_word' id='word_1_662' title='bbox 1391 1627 1502 1664; x_wconf 71' lang='grc' dir='ltr'>ἐρρέθη,</span> <span class='ocrx_word' id='word_1_663' title='bbox 1522 1626 1610 1654; x_wconf 70' lang='grc' dir='ltr'>καίτοι</span> <span class='ocrx_word' id='word_1_664' title='bbox 1625 1625 1752 1660; x_wconf 85' lang='grc' dir='ltr'><strong>σιγῶντα,</strong></span> <span class='ocrx_word' id='word_1_665' title='bbox 1770 1624 1810 1657; x_wconf 75' lang='grc' dir='ltr'><strong>τὸ,</strong></span> <span class='ocrx_word' id='word_1_666' title='bbox 1831 1624 1862 1651; x_wconf 89' lang='grc' dir='ltr'><em>Τι</em></span> 
     </span>
    </p>
   </div>
   <div class='ocr_carea' id='block_1_95' title="bbox 1076 1669 1862 1708">
    <p class='ocr_par' dir='ltr' id='par_1_95' title="bbox 1076 1669 1862 1708">
     <span class='ocr_line' id='line_1_95' title="bbox 1076 1669 1862 1708; baseline -0.006 -7"><span class='ocrx_word' id='word_1_667' title='bbox 1076 1674 1154 1708; x_wconf 78' lang='grc' dir='ltr'>βοᾷς</span> <span class='ocrx_word' id='word_1_668' title='bbox 1175 1674 1249 1708; x_wconf 78' lang='grc' dir='ltr'>πρὸς</span> <span class='ocrx_word' id='word_1_669' title='bbox 1269 1673 1327 1708; x_wconf 77' lang='grc' dir='ltr'><strong>μὲ;</strong></span> <span class='ocrx_word' id='word_1_670' title='bbox 1350 1674 1382 1700; x_wconf 86' lang='grc' dir='ltr'><em>Ἡ</em></span> <span class='ocrx_word' id='word_1_671' title='bbox 1405 1674 1433 1700; x_wconf 87' lang='grc' dir='ltr'>δὲ</span> <span class='ocrx_word' id='word_1_672' title='bbox 1453 1672 1500 1700; x_wconf 85' lang='grc' dir='ltr'><strong>νῦν</strong></span> <span class='ocrx_word' id='word_1_673' title='bbox 1524 1673 1589 1708; x_wconf 85' lang='grc' dir='ltr'><strong>εὐχὴ</strong></span> <span class='ocrx_word' id='word_1_674' title='bbox 1611 1671 1658 1699; x_wconf 87' lang='grc' dir='ltr'><strong>τοῦ</strong></span> <span class='ocrx_word' id='word_1_675' title='bbox 1683 1671 1819 1702; x_wconf 79' lang='grc' dir='ltr'>αἰτοῦντος</span> <span class='ocrx_word' id='word_1_676' title='bbox 1843 1669 1862 1696; x_wconf 72' lang='grc' dir='ltr'>ἃ</span> 
     </span>
    </p>
   </div>
   <div class='ocr_carea' id='block_1_96' title="bbox 1078 1716 1859 1754">
    <p class='ocr_par' dir='ltr' id='par_1_96' title="bbox 1078 1716 1859 1754">
     <span class='ocr_line' id='line_1_96' title="bbox 1078 1716 1859 1754; baseline -0.006 -8"><span class='ocrx_word' id='word_1_677' title='bbox 1078 1720 1127 1752; x_wconf 80' lang='grc' dir='ltr'>δεῖ,</span> <span class='ocrx_word' id='word_1_678' title='bbox 1145 1720 1192 1746; x_wconf 78' lang='grc' dir='ltr'>καὶ</span> <span class='ocrx_word' id='word_1_679' title='bbox 1204 1721 1259 1751; x_wconf 85' lang='grc' dir='ltr'>τοῖς</span> <span class='ocrx_word' id='word_1_680' title='bbox 1272 1719 1440 1754; x_wconf 80' lang='grc' dir='ltr'>αἰτουμένοις</span> <span class='ocrx_word' id='word_1_681' title='bbox 1451 1718 1546 1746; x_wconf 79' lang='grc' dir='ltr'>ἑαυτὸν</span> <span class='ocrx_word' id='word_1_682' title='bbox 1556 1719 1669 1754; x_wconf 81' lang='grc' dir='ltr'>ἑτοίμως</span> <span class='ocrx_word' id='word_1_683' title='bbox 1679 1716 1842 1752; x_wconf 81' lang='grc' dir='ltr'>παρέχοντος</span> <span class='ocrx_word' id='word_1_684' title='bbox 1852 1723 1859 1730; x_wconf 87' lang='grc'>·</span> 
     </span>
    </p>
   </div>
   <div class='ocr_carea' id='block_1_97' title="bbox 1080 1760 1860 1802">
    <p class='ocr_par' dir='ltr' id='par_1_97' title="bbox 1080 1760 1860 1802">
     <span class='ocr_line' id='line_1_97' title="bbox 1080 1760 1860 1802; baseline -0.006 -10"><span class='ocrx_word' id='word_1_685' title='bbox 1080 1765 1225 1802; x_wconf 86' lang='grc' dir='ltr'>μαρτυρῶν</span> <span class='ocrx_word' id='word_1_686' title='bbox 1236 1765 1264 1792; x_wconf 82' lang='grc' dir='ltr'>δὲ</span> <span class='ocrx_word' id='word_1_687' title='bbox 1277 1765 1393 1800; x_wconf 81' lang='grc' dir='ltr'>μάλιστα</span> <span class='ocrx_word' id='word_1_688' title='bbox 1408 1765 1454 1791; x_wconf 74' lang='grc' dir='ltr'><strong>καὶ</strong></span> <span class='ocrx_word' id='word_1_689' title='bbox 1471 1764 1515 1791; x_wconf 85' lang='grc' dir='ltr'>διὰ</span> <span class='ocrx_word' id='word_1_690' title='bbox 1529 1764 1578 1799; x_wconf 86' lang='grc' dir='ltr'>τῆς</span> <span class='ocrx_word' id='word_1_691' title='bbox 1589 1763 1776 1798; x_wconf 79' lang='grc' dir='ltr'>προλαῦούσης</span> <span class='ocrx_word' id='word_1_692' title='bbox 1785 1760 1860 1788; x_wconf 75' lang='grc' dir='ltr'>εἶπεν</span> 
     </span>
    </p>
   </div>
   <div class='ocr_carea' id='block_1_98' title="bbox 1077 1806 1860 1848">
    <p class='ocr_par' dir='ltr' id='par_1_98' title="bbox 1077 1806 1860 1848">
     <span class='ocr_line' id='line_1_98' title="bbox 1077 1806 1860 1848; baseline -0.008 -9"><span class='ocrx_word' id='word_1_693' title='bbox 1077 1812 1147 1848; x_wconf 86' lang='grc' dir='ltr'><strong>ᾠδῆς</strong></span> <span class='ocrx_word' id='word_1_694' title='bbox 1157 1820 1164 1827; x_wconf 84' lang='grc'><strong>·</strong></span> <span class='ocrx_word' id='word_1_695' title='bbox 1178 1811 1343 1844; x_wconf 77' lang='grc' dir='ltr'>Πλεονάκις</span> <span class='ocrx_word' id='word_1_696' title='bbox 1360 1810 1553 1845; x_wconf 80' lang='grc' dir='ltr'>ὲπολέμησάν</span> <span class='ocrx_word' id='word_1_697' title='bbox 1563 1818 1611 1844; x_wconf 84' lang='grc' dir='ltr'><strong>με,</strong></span> <span class='ocrx_word' id='word_1_698' title='bbox 1624 1809 1673 1837; x_wconf 75' lang='grc' dir='ltr'><strong>καὶ</strong></span> <span class='ocrx_word' id='word_1_699' title='bbox 1693 1808 1746 1843; x_wconf 81' lang='grc' dir='ltr'>γὰρ</span> <span class='ocrx_word' id='word_1_700' title='bbox 1762 1809 1817 1834; x_wconf 79' lang='grc' dir='ltr'><strong>οὐκ</strong></span> <span class='ocrx_word' id='word_1_701' title='bbox 1827 1806 1860 1840; x_wconf 77' lang='grc' dir='ltr'><strong>ὴ-</strong></span> 
     </span>
    </p>
   </div>
   <div class='ocr_carea' id='block_1_99' title="bbox 1077 1853 1860 1891">
    <p class='ocr_par' dir='ltr' id='par_1_99' title="bbox 1077 1853 1860 1891">
     <span class='ocr_line' id='line_1_99' title="bbox 1077 1853 1860 1891; baseline -0.006 -7"><span class='ocrx_word' id='word_1_702' title='bbox 1077 1857 1255 1891; x_wconf 81' lang='grc' dir='ltr'>δυνήθησάν</span> <span class='ocrx_word' id='word_1_703' title='bbox 1262 1866 1312 1891; x_wconf 84' lang='grc' dir='ltr'><strong>μοι</strong></span> <span class='ocrx_word' id='word_1_704' title='bbox 1320 1865 1326 1872; x_wconf 65' lang='grc' dir='ltr'>δ</span> <span class='ocrx_word' id='word_1_705' title='bbox 1344 1857 1368 1883; x_wconf 89' lang='grc' dir='ltr'>οἳ</span> <span class='ocrx_word' id='word_1_706' title='bbox 1381 1857 1428 1883; x_wconf 79' lang='grc' dir='ltr'>καὶ</span> <span class='ocrx_word' id='word_1_707' title='bbox 1440 1856 1560 1888; x_wconf 82' lang='grc' dir='ltr'>λέξουσιν</span> <span class='ocrx_word' id='word_1_708' title='bbox 1570 1864 1576 1870; x_wconf 94' lang='grc'><strong>·</strong></span> <span class='ocrx_word' id='word_1_709' title='bbox 1593 1856 1716 1882; x_wconf 83' lang='grc' dir='ltr'>Ἕνεκεν</span> <span class='ocrx_word' id='word_1_710' title='bbox 1731 1853 1783 1880; x_wconf 85' lang='grc' dir='ltr'><strong>τοῦ</strong></span> <span class='ocrx_word' id='word_1_711' title='bbox 1794 1853 1860 1879; x_wconf 82' lang='grc' dir='ltr'><strong>ὀνό-</strong></span> 
     </span>
    </p>
   </div>
   <div class='ocr_carea' id='block_1_100' title="bbox 1074 1898 1859 1937">
    <p class='ocr_par' dir='ltr' id='par_1_100' title="bbox 1074 1898 1859 1937">
     <span class='ocr_line' id='line_1_100' title="bbox 1074 1898 1859 1937; baseline -0.004 -8"><span class='ocrx_word' id='word_1_712' title='bbox 1074 1903 1168 1937; x_wconf 78' lang='grc' dir='ltr'>ματός</span> <span class='ocrx_word' id='word_1_713' title='bbox 1189 1909 1246 1928; x_wconf 87' lang='grc' dir='ltr'>σου</span> <span class='ocrx_word' id='word_1_714' title='bbox 1270 1901 1413 1936; x_wconf 72' lang='grc' dir='ltr'>ὑπέμεινα</span> <span class='ocrx_word' id='word_1_715' title='bbox 1448 1909 1494 1934; x_wconf 81' lang='grc' dir='ltr'><strong>σε,</strong></span> <span class='ocrx_word' id='word_1_716' title='bbox 1518 1902 1622 1936; x_wconf 75' lang='grc' dir='ltr'>Κύριεο</span> <span class='ocrx_word' id='word_1_717' title='bbox 1638 1898 1698 1927; x_wconf 86' lang='grc' dir='ltr'><strong>ὦτα</strong></span> <span class='ocrx_word' id='word_1_718' title='bbox 1718 1900 1745 1926; x_wconf 79' lang='grc' dir='ltr'>δὲ</span> <span class='ocrx_word' id='word_1_719' title='bbox 1766 1906 1859 1933; x_wconf 76' lang='grc' dir='ltr'>προσ-</span> 
     </span>
    </p>
   </div>
   <div class='ocr_carea' id='block_1_101' title="bbox 1076 1943 1860 1983">
    <p class='ocr_par' dir='ltr' id='par_1_101' title="bbox 1076 1943 1860 1983">
     <span class='ocr_line' id='line_1_101' title="bbox 1076 1943 1860 1983; baseline -0.006 -8"><span class='ocrx_word' id='word_1_720' title='bbox 1076 1948 1185 1983; x_wconf 81' lang='grc' dir='ltr'>έχοντα</span> <span class='ocrx_word' id='word_1_721' title='bbox 1192 1947 1324 1980; x_wconf 84' lang='grc' dir='ltr'>λέλεκται,</span> <span class='ocrx_word' id='word_1_722' title='bbox 1339 1948 1376 1979; x_wconf 86' lang='grc' dir='ltr'>ὡς</span> <span class='ocrx_word' id='word_1_723' title='bbox 1390 1947 1440 1982; x_wconf 80' lang='grc' dir='ltr'>τῆς</span> <span class='ocrx_word' id='word_1_724' title='bbox 1454 1948 1516 1982; x_wconf 81' lang='grc' dir='ltr'>μιᾶς</span> <span class='ocrx_word' id='word_1_725' title='bbox 1526 1947 1572 1973; x_wconf 87' lang='grc' dir='ltr'><strong>τοῦ</strong></span> <span class='ocrx_word' id='word_1_726' title='bbox 1584 1946 1650 1973; x_wconf 85' lang='grc' dir='ltr'><strong>Θεοῦ</strong></span> <span class='ocrx_word' id='word_1_727' title='bbox 1664 1945 1804 1980; x_wconf 86' lang='grc' dir='ltr'>δυνάμεως</span> <span class='ocrx_word' id='word_1_728' title='bbox 1816 1943 1860 1970; x_wconf 77' lang='grc' dir='ltr'><strong>οὕ-</strong></span> 
     </span>
    </p>
   </div>
   <div class='ocr_carea' id='block_1_102' title="bbox 1077 1989 1859 2029">
    <p class='ocr_par' dir='ltr' id='par_1_102' title="bbox 1077 1989 1859 2029">
     <span class='ocr_line' id='line_1_102' title="bbox 1077 1989 1859 2029; baseline -0.006 -9"><span class='ocrx_word' id='word_1_729' title='bbox 1077 2002 1127 2029; x_wconf 83' lang='grc' dir='ltr'><strong>σης</strong></span> <span class='ocrx_word' id='word_1_730' title='bbox 1147 1994 1312 2028; x_wconf 83' lang='grc' dir='ltr'>ἀκουστικῆς</span> <span class='ocrx_word' id='word_1_731' title='bbox 1331 1992 1377 2018; x_wconf 72' lang='grc' dir='ltr'>καὶ</span> <span class='ocrx_word' id='word_1_732' title='bbox 1389 1992 1520 2028; x_wconf 80' lang='grc' dir='ltr'>ὁρατικῆς</span> <span class='ocrx_word' id='word_1_733' title='bbox 1530 2000 1536 2006; x_wconf 93' lang='grc'><strong>·</strong></span> <span class='ocrx_word' id='word_1_734' title='bbox 1556 1990 1677 2026; x_wconf 82' lang='grc' dir='ltr'>κραυγὴν</span> <span class='ocrx_word' id='word_1_735' title='bbox 1693 1990 1721 2017; x_wconf 82' lang='grc' dir='ltr'>δὲ</span> <span class='ocrx_word' id='word_1_736' title='bbox 1737 1989 1767 2016; x_wconf 79' lang='grc' dir='ltr'>οὐ</span> <span class='ocrx_word' id='word_1_737' title='bbox 1781 1989 1859 2016; x_wconf 80' lang='grc' dir='ltr'>τόνον</span> 
     </span>
    </p>
   </div>
   <div class='ocr_carea' id='block_1_103' title="bbox 1075 2037 1605 2074">
    <p class='ocr_par' dir='ltr' id='par_1_103' title="bbox 1075 2037 1605 2074">
     <span class='ocr_line' id='line_1_103' title="bbox 1075 2037 1605 2074; baseline -0.004 -9"><span class='ocrx_word' id='word_1_738' title='bbox 1075 2038 1148 2073; x_wconf 83' lang='grc' dir='ltr'>λέγει</span> <span class='ocrx_word' id='word_1_739' title='bbox 1159 2040 1259 2074; x_wconf 82' lang='grc' dir='ltr'>φωνῆς,</span> <span class='ocrx_word' id='word_1_740' title='bbox 1274 2037 1341 2065; x_wconf 83' lang='grc' dir='ltr'>ἀλλὰ</span> <span class='ocrx_word' id='word_1_741' title='bbox 1358 2037 1469 2073; x_wconf 83' lang='grc' dir='ltr'>γνώμης</span> <span class='ocrx_word' id='word_1_742' title='bbox 1480 2037 1605 2064; x_wconf 80' lang='grc' dir='ltr'>διάθεσιν.</span> 
     </span>
    </p>
   </div>
   <div class='ocr_carea' id='block_1_104' title="bbox 1105 2082 1733 2118">
    <p class='ocr_par' dir='ltr' id='par_1_104' title="bbox 1105 2082 1733 2118">
     <span class='ocr_line' id='line_1_104' title="bbox 1105 2082 1733 2118; baseline -0.005 -7"><span class='ocrx_word' id='word_1_743' title='bbox 1105 2085 1110 2089; x_wconf 83' lang='grc'><strong>’</strong></span> <span class='ocrx_word' id='word_1_744' title='bbox 1199 2084 1266 2111; x_wconf 82' lang='grc' dir='ltr'><strong>Ἐὰν</strong></span> <span class='ocrx_word' id='word_1_745' title='bbox 1280 2085 1405 2118; x_wconf 75' lang='grc' dir='ltr'>ἀνομίας</span> <span class='ocrx_word' id='word_1_746' title='bbox 1420 2083 1627 2118; x_wconf 78' lang='grc' dir='ltr'>παρατηρήσῃ,</span> <span class='ocrx_word' id='word_1_747' title='bbox 1637 2082 1733 2117; x_wconf 82' lang='grc' dir='ltr'>Κύριε.</span> 
     </span>
    </p>
   </div>
   <div class='ocr_carea' id='block_1_105' title="bbox 1117 2126 1859 2166">
    <p class='ocr_par' dir='ltr' id='par_1_105' title="bbox 1117 2126 1859 2166">
     <span class='ocr_line' id='line_1_105' title="bbox 1117 2126 1859 2166; baseline -0.005 -8"><span class='ocrx_word' id='word_1_748' title='bbox 1117 2130 1225 2166; x_wconf 85' lang='grc' dir='ltr'>Ἐπειδὴ</span> <span class='ocrx_word' id='word_1_749' title='bbox 1238 2130 1267 2157; x_wconf 83' lang='grc' dir='ltr'>δὲ</span> <span class='ocrx_word' id='word_1_750' title='bbox 1277 2130 1330 2156; x_wconf 88' lang='grc' dir='ltr'>τῶν</span> <span class='ocrx_word' id='word_1_751' title='bbox 1342 2131 1370 2156; x_wconf 80' lang='grc' dir='ltr'>ὲν</span> <span class='ocrx_word' id='word_1_752' title='bbox 1382 2131 1414 2164; x_wconf 88' lang='grc' dir='ltr'>τῇ</span> <span class='ocrx_word' id='word_1_753' title='bbox 1423 2129 1570 2164; x_wconf 70' lang='grc' dir='ltr'>Ἐκκλησία</span> <span class='ocrx_word' id='word_1_754' title='bbox 1582 2129 1613 2155; x_wconf 87' lang='grc' dir='ltr'>οὺ</span> <span class='ocrx_word' id='word_1_755' title='bbox 1627 2128 1726 2159; x_wconf 81' lang='grc' dir='ltr'>πάντες</span> <span class='ocrx_word' id='word_1_756' title='bbox 1733 2126 1859 2154; x_wconf 81' lang='grc' dir='ltr'>δύνανται</span> 
     </span>
    </p>
   </div>
   <div class='ocr_carea' id='block_1_106' title="bbox 1075 2172 1858 2212">
    <p class='ocr_par' dir='ltr' id='par_1_106' title="bbox 1075 2172 1858 2212">
     <span class='ocr_line' id='line_1_106' title="bbox 1075 2172 1858 2212; baseline -0.009 -7"><span class='ocrx_word' id='word_1_757' title='bbox 1075 2178 1163 2212; x_wconf 82' lang='grc' dir='ltr'>λέγειν</span> <span class='ocrx_word' id='word_1_758' title='bbox 1174 2185 1181 2192; x_wconf 86' lang='grc'><strong>”</strong></span> <span class='ocrx_word' id='word_1_759' title='bbox 1202 2175 1367 2208; x_wconf 80' lang='grc' dir='ltr'>Πλεονάκις</span> <span class='ocrx_word' id='word_1_760' title='bbox 1383 2173 1575 2209; x_wconf 78' lang='grc' dir='ltr'>ἐπολέμησάν</span> <span class='ocrx_word' id='word_1_761' title='bbox 1588 2181 1636 2208; x_wconf 86' lang='grc' dir='ltr'><strong>με,</strong></span> <span class='ocrx_word' id='word_1_762' title='bbox 1660 2173 1708 2200; x_wconf 76' lang='grc' dir='ltr'><strong>καὶ</strong></span> <span class='ocrx_word' id='word_1_763' title='bbox 1726 2172 1781 2207; x_wconf 72' lang='grc' dir='ltr'>γὰρ</span> <span class='ocrx_word' id='word_1_764' title='bbox 1803 2173 1858 2199; x_wconf 83' lang='grc' dir='ltr'><strong>οὐκ</strong></span> 
     </span>
    </p>
   </div>
   <div class='ocr_carea' id='block_1_107' title="bbox 1074 2218 1858 2259">
    <p class='ocr_par' dir='ltr' id='par_1_107' title="bbox 1074 2218 1858 2259">
     <span class='ocr_line' id='line_1_107' title="bbox 1074 2218 1858 2259; baseline -0.009 -8"><span class='ocrx_word' id='word_1_765' title='bbox 1074 2223 1272 2259; x_wconf 78' lang='grc' dir='ltr'>ἠδυνήθησάν</span> <span class='ocrx_word' id='word_1_766' title='bbox 1283 2231 1344 2257; x_wconf 86' lang='grc' dir='ltr'>μοι,</span> <span class='ocrx_word' id='word_1_767' title='bbox 1362 2221 1425 2257; x_wconf 71' lang='grc' dir='ltr'>περὶ</span> <span class='ocrx_word' id='word_1_768' title='bbox 1440 2221 1493 2247; x_wconf 79' lang='grc' dir='ltr'>τῶν</span> <span class='ocrx_word' id='word_1_769' title='bbox 1509 2219 1709 2255; x_wconf 79' lang='grc' dir='ltr'>ἀσθενεστέρων</span> <span class='ocrx_word' id='word_1_770' title='bbox 1727 2218 1775 2254; x_wconf 82' lang='grc' dir='ltr'>τὴν</span> <span class='ocrx_word' id='word_1_771' title='bbox 1790 2226 1858 2253; x_wconf 84' lang='grc' dir='ltr'>παρ-</span> 
     </span>
    </p>
   </div>
   <div class='ocr_carea' id='block_1_108' title="bbox 1074 2263 1860 2303">
    <p class='ocr_par' dir='ltr' id='par_1_108' title="bbox 1074 2263 1860 2303">
     <span class='ocr_line' id='line_1_108' title="bbox 1074 2263 1860 2303; baseline -0.01 -6"><span class='ocrx_word' id='word_1_772' title='bbox 1074 2270 1157 2297; x_wconf 86' lang='grc' dir='ltr'>οῦσαν</span> <span class='ocrx_word' id='word_1_773' title='bbox 1174 2269 1329 2303; x_wconf 80' lang='grc' dir='ltr'>ἀναπέμπει</span> <span class='ocrx_word' id='word_1_774' title='bbox 1352 2268 1454 2303; x_wconf 84' lang='grc' dir='ltr'>φωνὴν,</span> <span class='ocrx_word' id='word_1_775' title='bbox 1471 2267 1517 2293; x_wconf 76' lang='grc' dir='ltr'>καὶ</span> <span class='ocrx_word' id='word_1_776' title='bbox 1533 2265 1569 2302; x_wconf 90' lang='grc' dir='ltr'>μὴ</span> <span class='ocrx_word' id='word_1_777' title='bbox 1585 2265 1720 2300; x_wconf 78' lang='grc' dir='ltr'>φερόντων</span> <span class='ocrx_word' id='word_1_778' title='bbox 1731 2265 1792 2296; x_wconf 84' lang='grc' dir='ltr'>τοὺς</span> <span class='ocrx_word' id='word_1_779' title='bbox 1801 2263 1860 2290; x_wconf 87' lang='grc' dir='ltr'>διω·</span> 
     </span>
    </p>
   </div>
   <div class='ocr_carea' id='block_1_109' title="bbox 1074 2309 1859 2351">
    <p class='ocr_par' dir='ltr' id='par_1_109' title="bbox 1074 2309 1859 2351">
     <span class='ocr_line' id='line_1_109' title="bbox 1074 2309 1859 2351; baseline -0.008 -9"><span class='ocrx_word' id='word_1_780' title='bbox 1074 2315 1178 2351; x_wconf 85' lang='grc' dir='ltr'>γμούς·</span> <span class='ocrx_word' id='word_1_781' title='bbox 1196 2316 1220 2341; x_wconf 83' lang='grc' dir='ltr'><strong>εί</strong></span> <span class='ocrx_word' id='word_1_782' title='bbox 1243 2315 1279 2350; x_wconf 86' lang='grc' dir='ltr'>μὴ</span> <span class='ocrx_word' id='word_1_783' title='bbox 1302 2315 1355 2350; x_wconf 76' lang='grc' dir='ltr'>ἄρα</span> <span class='ocrx_word' id='word_1_784' title='bbox 1368 2315 1383 2340; x_wconf 80' lang='grc' dir='ltr'>ὁ</span> <span class='ocrx_word' id='word_1_785' title='bbox 1404 2313 1485 2345; x_wconf 77' lang='grc' dir='ltr'>αὐτὸς</span> <span class='ocrx_word' id='word_1_786' title='bbox 1502 2312 1565 2348; x_wconf 76' lang='grc' dir='ltr'>περὶ</span> <span class='ocrx_word' id='word_1_787' title='bbox 1584 2311 1639 2338; x_wconf 80' lang='grc' dir='ltr'>τῶν</span> <span class='ocrx_word' id='word_1_788' title='bbox 1659 2310 1712 2346; x_wconf 77' lang='grc' dir='ltr'><strong>πρὸ</strong></span> <span class='ocrx_word' id='word_1_789' title='bbox 1731 2309 1782 2345; x_wconf 86' lang='grc' dir='ltr'>τῆς</span> <span class='ocrx_word' id='word_1_790' title='bbox 1794 2309 1859 2346; x_wconf 73' lang='grc' dir='ltr'>κλή-</span> 
     </span>
    </p>
   </div>
   <div class='ocr_carea' id='block_1_110' title="bbox 1075 2359 1566 2395">
    <p class='ocr_par' dir='ltr' id='par_1_110' title="bbox 1075 2359 1566 2395">
     <span class='ocr_line' id='line_1_110' title="bbox 1075 2359 1566 2395; baseline -0.008 -7"><span class='ocrx_word' id='word_1_791' title='bbox 1075 2370 1143 2393; x_wconf 86' lang='grc' dir='ltr'>σεως</span> <span class='ocrx_word' id='word_1_792' title='bbox 1156 2360 1273 2395; x_wconf 84' lang='grc' dir='ltr'>ἀνομιῶν</span> <span class='ocrx_word' id='word_1_793' title='bbox 1285 2359 1366 2386; x_wconf 84' lang='grc' dir='ltr'>αὑτοῦ</span> <span class='ocrx_word' id='word_1_794' title='bbox 1379 2359 1465 2386; x_wconf 83' lang='grc' dir='ltr'>ταῦτά</span> <span class='ocrx_word' id='word_1_795' title='bbox 1475 2366 1566 2393; x_wconf 84' lang='grc' dir='ltr'>φησιν.</span> 
     </span>
    </p>
   </div>
   <div class='ocr_carea' id='block_1_111' title="bbox 1242 2401 1701 2438">
    <p class='ocr_par' dir='ltr' id='par_1_111' title="bbox 1242 2401 1701 2438">
     <span class='ocr_line' id='line_1_111' title="bbox 1242 2401 1701 2438; baseline -0.011 -6"><span class='ocrx_word' id='word_1_796' title='bbox 1242 2405 1345 2438; x_wconf 72' lang='grc' dir='ltr'><em>Πολλὴ</em></span> <span class='ocrx_word' id='word_1_797' title='bbox 1358 2405 1424 2438; x_wconf 81' lang='grc' dir='ltr'>παρ’</span> <span class='ocrx_word' id='word_1_798' title='bbox 1443 2403 1523 2436; x_wconf 78' lang='grc' dir='ltr'><strong>αὐτῷ</strong></span> <span class='ocrx_word' id='word_1_799' title='bbox 1535 2401 1701 2436; x_wconf 75' lang='grc' dir='ltr'>λύτρωσις-,⁵</span> 
     </span>
    </p>
   </div>
   <div class='ocr_carea' id='block_1_112' title="bbox 1109 2446 1858 2488">
    <p class='ocr_par' dir='ltr' id='par_1_112' title="bbox 1109 2446 1858 2488">
     <span class='ocr_line' id='line_1_112' title="bbox 1109 2446 1858 2488; baseline -0.009 -9"><span class='ocrx_word' id='word_1_800' title='bbox 1109 2452 1146 2479; x_wconf 79' lang='grc' dir='ltr'><strong>Τὸ</strong></span> <span class='ocrx_word' id='word_1_801' title='bbox 1158 2451 1212 2488; x_wconf 84' lang='grc' dir='ltr'><strong>γὰρ</strong></span> <span class='ocrx_word' id='word_1_802' title='bbox 1228 2452 1319 2486; x_wconf 81' lang='grc' dir='ltr'>τίμιον</span> <span class='ocrx_word' id='word_1_803' title='bbox 1334 2450 1417 2476; x_wconf 85' lang='grc' dir='ltr'>αὐτοῦ</span> <span class='ocrx_word' id='word_1_804' title='bbox 1433 2447 1502 2485; x_wconf 78' lang='grc' dir='ltr'>αἷμα</span> <span class='ocrx_word' id='word_1_805' title='bbox 1523 2448 1592 2483; x_wconf 83' lang='grc' dir='ltr'>ὑπὲρ</span> <span class='ocrx_word' id='word_1_806' title='bbox 1608 2447 1685 2482; x_wconf 81' lang='grc' dir='ltr'>ἡμῶν</span> <span class='ocrx_word' id='word_1_807' title='bbox 1701 2446 1799 2473; x_wconf 86' lang='grc' dir='ltr'>δέδωκε</span> <span class='ocrx_word' id='word_1_808' title='bbox 1813 2446 1858 2473; x_wconf 88' lang='grc' dir='ltr'><strong>λύ-</strong></span> 
     </span>
    </p>
   </div>
   <div class='ocr_carea' id='block_1_113' title="bbox 1072 2489 1858 2535">
    <p class='ocr_par' dir='ltr' id='par_1_113' title="bbox 1072 2489 1858 2535">
     <span class='ocr_line' id='line_1_113' title="bbox 1072 2489 1858 2535; baseline -0.006 -10"><span class='ocrx_word' id='word_1_809' title='bbox 1072 2507 1147 2535; x_wconf 85' lang='grc' dir='ltr'>τρον,</span> <span class='ocrx_word' id='word_1_810' title='bbox 1163 2498 1307 2533; x_wconf 86' lang='grc' dir='ltr'>γενόμενος</span> <span class='ocrx_word' id='word_1_811' title='bbox 1327 2497 1424 2533; x_wconf 85' lang='grc' dir='ltr'>Ἀμνδς</span> <span class='ocrx_word' id='word_1_812' title='bbox 1441 2495 1488 2522; x_wconf 86' lang='grc' dir='ltr'><strong>τοῦ</strong></span> <span class='ocrx_word' id='word_1_813' title='bbox 1501 2493 1568 2522; x_wconf 86' lang='grc' dir='ltr'>Θεοῦ</span> <span class='ocrx_word' id='word_1_814' title='bbox 1578 2502 1584 2508; x_wconf 93' lang='grc'><strong>·</strong></span> <span class='ocrx_word' id='word_1_815' title='bbox 1602 2489 1680 2524; x_wconf 73' lang='grc' dir='ltr'>οὗτος</span> <span class='ocrx_word' id='word_1_816' title='bbox 1693 2493 1748 2528; x_wconf 87' lang='grc' dir='ltr'><strong>γὰρ</strong></span> <span class='ocrx_word' id='word_1_817' title='bbox 1762 2493 1811 2525; x_wconf 86' lang='grc' dir='ltr'>τὰς</span> <span class='ocrx_word' id='word_1_818' title='bbox 1827 2494 1858 2520; x_wconf 77' lang='grc' dir='ltr'><strong>ὰ-</strong></span> 
     </span>
    </p>
   </div>
   <div class='ocr_carea' id='block_1_114' title="bbox 1074 2538 1858 2580">
    <p class='ocr_par' dir='ltr' id='par_1_114' title="bbox 1074 2538 1858 2580">
     <span class='ocr_line' id='line_1_114' title="bbox 1074 2538 1858 2580; baseline -0.009 -9"><span class='ocrx_word' id='word_1_819' title='bbox 1074 2543 1190 2579; x_wconf 77' lang='grc' dir='ltr'>μαρτίας</span> <span class='ocrx_word' id='word_1_820' title='bbox 1203 2543 1280 2580; x_wconf 85' lang='grc' dir='ltr'>ἡμῶν</span> <span class='ocrx_word' id='word_1_821' title='bbox 1293 2544 1371 2579; x_wconf 87' lang='grc' dir='ltr'>φέρει</span> <span class='ocrx_word' id='word_1_822' title='bbox 1382 2543 1428 2571; x_wconf 81' lang='grc' dir='ltr'>καὶ</span> <span class='ocrx_word' id='word_1_823' title='bbox 1438 2542 1502 2577; x_wconf 75' lang='grc' dir='ltr'>περὶ</span> <span class='ocrx_word' id='word_1_824' title='bbox 1512 2540 1588 2576; x_wconf 87' lang='grc' dir='ltr'>ἡμῶν</span> <span class='ocrx_word' id='word_1_825' title='bbox 1597 2539 1731 2566; x_wconf 79' lang='grc' dir='ltr'>ὀδυνᾶται.</span> <span class='ocrx_word' id='word_1_826' title='bbox 1741 2538 1858 2572; x_wconf 71' lang='grc' dir='ltr'>Ἐποίηο</span> 
     </span>
    </p>
   </div>
   <div class='ocr_carea' id='block_1_115' title="bbox 1071 2584 1857 2623">
    <p class='ocr_par' dir='ltr' id='par_1_115' title="bbox 1071 2584 1857 2623">
     <span class='ocr_line' id='line_1_115' title="bbox 1071 2584 1857 2623; baseline -0.01 -6"><span class='ocrx_word' id='word_1_827' title='bbox 1071 2598 1108 2617; x_wconf 81' lang='grc' dir='ltr'>σε</span> <span class='ocrx_word' id='word_1_828' title='bbox 1127 2589 1161 2616; x_wconf 82' lang='grc' dir='ltr'>δὲ</span> <span class='ocrx_word' id='word_1_829' title='bbox 1177 2589 1227 2617; x_wconf 82' lang='grc' dir='ltr'>καὶ</span> <span class='ocrx_word' id='word_1_830' title='bbox 1241 2590 1391 2623; x_wconf 79' lang='grc' dir='ltr'>λύτρωσιν</span> <span class='ocrx_word' id='word_1_831' title='bbox 1409 2587 1449 2620; x_wconf 79' lang='grc' dir='ltr'>τῷ</span> <span class='ocrx_word' id='word_1_832' title='bbox 1464 2585 1528 2619; x_wconf 71' lang='grc' dir='ltr'><strong>,λαῷ</strong></span> <span class='ocrx_word' id='word_1_833' title='bbox 1541 2585 1646 2616; x_wconf 78' lang='grc' dir='ltr'>αὐτοῦ,</span> <span class='ocrx_word' id='word_1_834' title='bbox 1659 2584 1730 2612; x_wconf 83' lang='grc' dir='ltr'>κατὰ</span> <span class='ocrx_word' id='word_1_835' title='bbox 1747 2584 1793 2610; x_wconf 85' lang='grc' dir='ltr'>τὸν</span> <span class='ocrx_word' id='word_1_836' title='bbox 1809 2584 1857 2610; x_wconf 60' lang='lat' dir='ltr'><strong>Zeti</strong></span> 
     </span>
    </p>
   </div>
   <div class='ocr_carea' id='block_1_116' title="bbox 1071 2629 1856 2671">
    <p class='ocr_par' dir='ltr' id='par_1_116' title="bbox 1071 2629 1856 2671">
     <span class='ocr_line' id='line_1_116' title="bbox 1071 2629 1856 2671; baseline -0.006 -10"><span class='ocrx_word' id='word_1_837' title='bbox 1071 2635 1168 2671; x_wconf 78' lang='grc' dir='ltr'>χαρίαν</span> <span class='ocrx_word' id='word_1_838' title='bbox 1179 2643 1186 2649; x_wconf 93' lang='grc'><strong>·</strong></span> <span class='ocrx_word' id='word_1_839' title='bbox 1201 2635 1248 2664; x_wconf 72' lang='grc' dir='ltr'><strong>κει)⁴</strong></span> <span class='ocrx_word' id='word_1_840' title='bbox 1262 2634 1331 2662; x_wconf 79' lang='grc' dir='ltr'>κατὰ</span> <span class='ocrx_word' id='word_1_841' title='bbox 1345 2634 1395 2670; x_wconf 85' lang='grc' dir='ltr'>τὴν</span> <span class='ocrx_word' id='word_1_842' title='bbox 1407 2633 1488 2667; x_wconf 81' lang='grc' dir='ltr'>ἁγίαν</span> <span class='ocrx_word' id='word_1_843' title='bbox 1501 2632 1648 2663; x_wconf 85' lang='grc' dir='ltr'>Παοοένον,</span> <span class='ocrx_word' id='word_1_844' title='bbox 1666 2629 1856 2662; x_wconf 79' lang='grc' dir='ltr'>Ἀντελάβετο</span> 
     </span>
    </p>
   </div>
   <div class='ocr_carea' id='block_1_117' title="bbox 1076 2680 1207 2714">
    <p class='ocr_par' dir='ltr' id='par_1_117' title="bbox 1076 2680 1207 2714">
     <span class='ocr_line' id='line_1_117' title="bbox 1076 2680 1207 2714; baseline -0.008 -7"><span class='ocrx_word' id='word_1_845' title='bbox 1076 2680 1207 2714; x_wconf 75' lang='grc' dir='ltr'><strong>Ἰσραήλ.</strong></span> 
     </span>
    </p>
   </div>
   <div class='ocr_carea' id='block_1_118' title="bbox 1416 2719 1854 2754">
    <p class='ocr_par' dir='ltr' id='par_1_118' title="bbox 1416 2719 1854 2754">
     <span class='ocr_line' id='line_1_118' title="bbox 1416 2719 1854 2754; baseline -0.014 -3"><span class='ocrx_word' id='word_1_846' title='bbox 1416 2723 1439 2739; x_wconf 76' lang='grc'><em>’³</em></span> <span class='ocrx_word' id='word_1_847' title='bbox 1465 2723 1549 2750; x_wconf 80' lang='lat' dir='ltr'><strong>Exod.</strong></span> <span class='ocrx_word' id='word_1_848' title='bbox 1577 2722 1692 2754; x_wconf 77' lang='lat' dir='ltr'><strong>xtv,15.</strong></span> <span class='ocrx_word' id='word_1_849' title='bbox 1747 2719 1854 2746; x_wconf 80' lang='lat' dir='ltr'><strong>&quot;Psal.</strong></span> 
     </span>
    </p>
   </div>
   <div class='ocr_carea' id='block_1_119' title="bbox 1072 2799 1854 2836">
    <p class='ocr_par' dir='ltr' id='par_1_119' title="bbox 1072 2799 1854 2836">
     <span class='ocr_line' id='line_1_119' title="bbox 1072 2799 1854 2836; baseline 0.003 -10"><span class='ocrx_word' id='word_1_850' title='bbox 1072 2800 1142 2827; x_wconf 79' lang='lat' dir='ltr'><strong>haud</strong></span> <span class='ocrx_word' id='word_1_851' title='bbox 1156 2800 1201 2826; x_wconf 80' lang='lat' dir='ltr'><strong>viti</strong></span> <span class='ocrx_word' id='word_1_852' title='bbox 1219 2799 1332 2836; x_wconf 79' lang='lat' dir='ltr'><strong>similem</strong></span> <span class='ocrx_word' id='word_1_853' title='bbox 1357 2801 1450 2828; x_wconf 86' lang='lat' dir='ltr'><strong>habent</strong></span> <span class='ocrx_word' id='word_1_854' title='bbox 1472 2801 1622 2836; x_wconf 79' lang='lat' dir='ltr'><strong>coniugem,</strong></span> <span class='ocrx_word' id='word_1_855' title='bbox 1637 2807 1718 2835; x_wconf 82' lang='lat' dir='ltr'><strong>neque</strong></span> <span class='ocrx_word' id='word_1_856' title='bbox 1732 2805 1760 2827; x_wconf 83' lang='lat' dir='ltr'><strong>ut</strong></span> <span class='ocrx_word' id='word_1_857' title='bbox 1776 2809 1854 2828; x_wconf 74' lang='lat' dir='ltr'><strong>novos</strong></span> 
     </span>
    </p>
   </div>
   <div class='ocr_carea' id='block_1_120' title="bbox 1070 2835 1425 2869">
    <p class='ocr_par' dir='ltr' id='par_1_120' title="bbox 1070 2835 1425 2869">
     <span class='ocr_line' id='line_1_120' title="bbox 1070 2835 1425 2869; baseline 0.006 -8"><span class='ocrx_word' id='word_1_858' title='bbox 1070 2835 1184 2862; x_wconf 86' lang='lat' dir='ltr'><strong>olearum</strong></span> <span class='ocrx_word' id='word_1_859' title='bbox 1199 2835 1328 2866; x_wconf 82' lang='lat' dir='ltr'><strong>surculos.</strong></span> <span class='ocrx_word' id='word_1_860' title='bbox 1346 2835 1425 2869; x_wconf 78' lang='lat' dir='ltr'><strong>filios.</strong></span> 
     </span>
    </p>
   </div>
  </div>
