2059 3215
173 171 210 200 95
736 166 986 196 COMMENTARIA
1005 168 1039 196 ΙΝ
1057 169 1225 198 PSALMOS.
1753 173 1787 201 26

457 227 601 254 ΨΔΛΜΟΣ
615 227 678 253 PA'.

215 273 381 305 Ἀκολούθως
392 274 409 309 ή
424 273 479 309 ᾠδὴ
496 274 512 309 ἡ
527 272 650 309 παροῦσα
663 272 710 299 καὶ
723 272 740 307 ἡ
757 272 808 308 πρὸ
821 272 904 308 αὐτῆς
915 271 961 298 τοῦ

173 323 202 349 ὲν
214 321 309 357 Κυρίῳ
321 319 529 354 τετελειωμένον
548 317 796 354 ταπεινοφροσύνης
813 317 904 352 φωνὰς
915 326 962 343 πε·-

174 368 312 404 ριέχουσα,
329 365 376 392 καὶ
394 364 511 400 μάλιστα
531 363 578 391 τοῦ
594 363 741 399 δυναμένου
762 363 864 398 λέγειν’
882 363 963 390 ’Ἑνε-

174 422 227 441 κεν
238 412 290 440 τοῦ
313 411 458 446 ὀνόματός
475 418 534 438 σου
551 409 696 445 ὑπέμεινά
711 417 757 442 σε,
772 409 871 443 Κύριε.
891 408 920 435 '0
934 408 962 435 δὲ

174 460 254 487 Δαυῒδ
269 460 306 491 ὡς
316 459 389 490 εἰκὸς
405 457 570 494 μεμαθηκὼς
590 457 644 484 ἀπὸ
655 457 708 483 τῶν
722 455 767 482 τοῦ
783 456 860 490 ἀγιου
875 455 961 482 Πνεύ-

145 521 150 525 <
174 515 257 542 ματος
274 505 381 540 φωνῶν,
389 505 429 531 ὅτι
439 503 597 539 τιςίλασμδς
608 502 682 538 παρὰ
691 502 730 538 τῷ
740 502 809 537 Θεῷ,
819 502 867 528 καὶ
877 501 960 537 πολλὴ

172 554 236 588 παρ’
266 551 340 587 αὐτῷ
373 550 506 586 λύτρωσις
535 550 559 575 εἰ
586 548 765 578 πιστεύσειεν,
805 547 960 581 ἀναγκαίως

172 599 266 625 ἑαυτὸν
275 595 472 633 προσφέρειτῷ
481 596 623 631 Λυτρωτῇ·
636 594 676 620 διὸ
691 594 736 620 καὶ
750 592 958 628 ὲπιγέγραπται’

174 645 228 672 Τοῦ
246 643 337 671 Δαυῒδ
356 644 399 675 εὶς
419 641 605 675 παραίτησιν
620 638 890 674 πλημμελημάτων,
907 638 960 671 τὰς

173 691 248 723 ἰδίας
280 688 510 723 ἐξαριθμοῦντες
543 685 752 720 ἀνδραγαθίας.
776 684 812 710 Οὐ
850 683 959 710 πώποτε

171 737 235 772 γὰρ,
252 736 345 771 φησὶν,
360 733 484 768 ἐπήρθην
500 731 591 762 καθὼς
605 732 695 766 ἄρχων
712 730 755 756 ἐπ’
770 729 844 761 ἔθνος
858 728 939 756 αὑτοῦ
949 736 957 743 ·

170 782 232 809 οὔτε
250 783 302 818 μὴν
322 779 478 816 ὲχαυνώθην
494 777 592 813 βλέψας
607 776 658 810 ἔξω
673 776 750 808 Θεοῦ,
766 776 812 803 καὶ
830 775 879 811 τῆς
892 774 959 810 πρὸς

170 830 215 856 τὸν
230 827 311 855 αὑτοῦ
330 826 410 861 φόϐον
426 824 582 855 συστάσεως
598 822 743 856 καθυφείς·
760 821 821 848 οὔτε
837 821 916 848 πάλιν
930 821 958 847 ὲν

170 875 260 910 τρυφῇ
276 872 410 903 πλουσίως
435 870 558 905 διεξῆγον
579 869 624 895 τὸν
647 868 721 903 βίον·
746 867 805 894 οὐδέ
821 877 846 894 τι
867 867 957 902 μεῖζον

1257 228 1419 257 PSALMUS
1438 228 1544 256 CXXX.

1051 274 1176 310 Congrue
1197 281 1317 308 presens
1328 274 1390 307 odn,
1416 274 1533 309 itemque
1551 274 1716 309 praecedens,
1738 275 1788 302 ho-

1013 319 1093 347 minis
1119 320 1146 347 in
1173 319 1229 348 Deo
1259 319 1373 355 perfecti
1409 319 1523 347 humiles
1553 327 1632 347 voces
1659 321 1787 352 continet.

1012 365 1200 400 pracipueque
1217 366 1275 400 ejus
1290 365 1335 400 qui
1348 366 1434 399 possit
1449 365 1555 393 dicere:
1573 366 1685 400 Propter
1697 374 1789 393 nomen

1012 415 1086 437 tuum
1099 410 1214 437 sustinui
1231 415 1266 442 te,
1279 410 1388 437 Domine
1405 410 1438 437 ".
1459 410 1542 438 David
1556 415 1647 438 autem
1668 410 1788 444 edoctus,

1012 460 1040 483 ut
1057 456 1184 484 credibile
1209 461 1260 486 est.
1286 464 1299 483 a
1318 456 1406 483 sancti
1421 456 1539 492 Spiritus
1561 456 1688 490 oraculis,
1709 457 1789 484 mise~

1011 501 1154 529 ricordiam
1186 502 1255 536 apud
1272 499 1356 528 Deum
1382 501 1496 529 inveniri
1527 502 1720 536 copiosumque
1744 510 1788 529 re-

1011 547 1200 581 demptionem.
1218 547 1241 574 si
1257 547 1338 574 modo
1352 547 1484 579 crederet,
1503 547 1657 575 necessario
1672 548 1787 583 seipsum

1011 593 1120 620 exhibet
1134 592 1317 627 Redemptori.
1341 592 1430 625 Quare
1445 597 1472 619 et
1483 593 1639 620 inscribitur
1654 602 1661 620 :
1678 593 1787 620 Davidis

1010 638 1044 665 ad
1071 638 1278 673 deprecationem
1307 642 1488 673 peccatorum,
1515 647 1556 665 res
1585 647 1601 665 a
1631 647 1658 665 se
1689 640 1789 674 egregie

1010 689 1097 719 gestas
1117 684 1284 712 recensentis.
1314 682 1455 718 Nunquam
1478 684 1565 716 enim,
1590 684 1694 719 inquit,
1720 684 1790 711 fastu

1011 729 1100 757 elatus
1117 736 1186 761 sum,
1203 736 1250 756 ceu
1271 729 1359 763 gentis
1376 729 1522 764 princeps;
1538 736 1625 763 neque
1642 729 1679 757 ita
1693 736 1788 764 super-

1008 774 1052 802 bia
1069 774 1154 801 tumui
1171 778 1200 801 ut
1217 774 1264 801 Dei
1279 774 1450 809 praesentiam
1464 782 1518 801 non
1538 779 1701 810 spectarem,
1721 774 1786 802 etin

1009 827 1041 847 eo
1061 820 1180 847 timendo
1192 820 1374 847 constantiam
1391 819 1556 847 omitterem.
1567 819 1660 855 Neque
1681 820 1743 847 item
1759 820 1787 846 in

1009 866 1116 893 deliciis
1131 865 1273 893 ailluenter
1288 865 1364 899 vixi;
1381 873 1470 901 neque
1493 865 1526 893 de
1540 873 1583 893 me
1600 866 1720 900 meisque
1744 873 1789 893 re-

426 896 491 949 περῐ
503 896 632 950 έμαυτοῦ,
647 896 701 942 τῶν
714 896 937 949 προσόντωνιὲμοί
949 921 955 928 -

1009 910 1059 938 bus
1076 915 1174 945 praeter
1190 896 1459 938 modestiam'sens-i:
1481 911 1553 946 quod
1573 896 1684 938 faciunt
1704 911 1722 938 ii
1742 910 1787 946 qui

169 966 254 992 ὁποῖοί
275 965 347 995 τινές
374 964 442 989 εἰσιν
461 962 485 988 οἱ
513 961 618 988 συνετοὶ
640 961 705 996 παρ’
720 961 834 992 ἑαυτοῖς,
855 960 900 986 καὶ
916 960 957 986 ὲν-

169 1011 253 1039 ώπιον
269 1009 357 1037 αὐτῶν
369 1009 558 1044 ἐπιστήμονες.

282 1054 449 1082 Ἔ.1πισάτω
469 1053 588 1087 Ἰσραὴλ
599 1053 647 1080 ἐπὶ
665 1052 717 1079 τὸν
733 1051 842 1085 Κύριον

209 1103 312 1136 Ὥσπερ
327 1100 392 1135 ἐγὼ,
410 1100 489 1135 φησὶν
502 1101 516 1126 ὁ
531 1099 656 1134 βασιλεὺς
672 1097 761 1129 Δαυῒδ,
775 1096 902 1128 τοσοῦτος
918 1095 955 1122 ὣν

173 1148 219 1175 καὶ
231 1147 349 1178 τοιοῦτος
362 1147 441 1182 ἀνὴρ,
459 1146 585 1172 ταπεινὸν
600 1144 717 1180 ἐμαυτὸν
732 1143 895 1178 κατέστησα,
910 1143 956 1169 καὶ

171 1194 342 1229 προσήγαγον
357 1192 472 1227 ἐμαυτὸν
484 1191 523 1226 τῷ
535 1190 640 1226 ἱλασμῷ
656 1190 702 1217 καὶ
716 1188 754 1224 τῷ
770 1189 898 1224 Λυτρωιτῇ
910 1187 957 1214 καὶ

168 1240 284 1275 Σωτῆρι,
303 1239 388 1270 οὕτως
409 1238 455 1265 καὶ
471 1236 508 1272 τῷ
524 1236 609 1271 λοιπῷ
629 1235 735 1271 Ἰσραὴλ
756 1233 956 1268 ἐπαγγέλλομαι

172 1284 342 1320 θαρσοῦντως
362 1283 503 1319 προσιέναι
525 1281 563 1317 τῷ
583 1280 688 1316 ίλασμῷ
700 1289 706 1296 ⁸
729 1279 849 1315 ἀκριϐῶς
868 1278 955 1310 εἰδὼς,

170 1331 209 1357 ὅτι
224 1331 304 1362 αὐτὸς
317 1329 483 1365 λυτρώσεται
496 1328 540 1355 τὸν
559 1326 675 1363 Ἰσραὴλ,
693 1327 717 1353 εἰ
730 1326 897 1362 προσδράμοι
912 1325 957 1351 αὑ-

169 1377 217 1413 τῷ,
234 1378 265 1403 ὲκ
277 1376 371 1403 πασῶν
382 1375 436 1402 τῶν
448 1374 567 1409 ἀνομιῶν
583 1373 676 1400 αὑτοῦ.

438 1419 584 1448 ΨΑΛΜΟΣ
599 1418 683 1445 ΡΛΑ’.

285 1468 394 1501 Ὠμοσε
404 1467 510 1500 Κύριος
524 1464 564 1497 τῷ
583 1464 672 1491 Δαυῒδ
684 1463 836 1496 ἀλήθειαν.

209 1513 382 1549 Ὀμωμοκότι
396 1512 424 1538 δὲ
438 1512 477 1547 τῷ
491 1510 581 1542 Δαυῒδ,
603 1509 780 1545 ἀντώμοσενὸ
792 1507 857 1540 Θεὸς
874 1507 955 1544 ζητή-

1008 955 1117 982 sibimet
1131 955 1181 990 ipsi
1204 955 1326 983 videntur
1340 956 1474 990 ingeniosi
1494 964 1526 984 ac
1543 956 1690 991 sapientes.

1145 1044 1225 1072 Vsus.
1240 1045 1267 1072 5.
1281 1045 1373 1080 Sperat
1389 1045 1474 1073 Israel
1487 1047 1512 1073 in
1527 1045 1648 1073 Domino.

1049 1091 1125 1118 Sicut
1144 1092 1215 1118 enim
1231 1098 1290 1125 ego,
1319 1091 1357 1117 ait
1376 1098 1422 1118 rex
1450 1091 1544 1123 David.
1562 1091 1623 1118 talis
1643 1095 1787 1126 tantusque

1009 1138 1050 1165 vir
1066 1137 1193 1165 humilem
1208 1144 1250 1164 tne
1269 1136 1332 1169 feci,
1356 1144 1453 1170 meque
1464 1136 1549 1164 obtuli
1576 1137 1785 1170 misericordiae,

1008 1183 1238 1217 Redemptorique
1256 1189 1287 1209 ac
1300 1181 1458 1214 Servatori;
1475 1182 1510 1209 ita
1527 1181 1631 1216 reliquo
1649 1182 1729 1208 etiam
1747 1181 1786 1209 ls-

1007 1230 1073 1257 raeli
1090 1228 1220 1256 denuntio
1241 1234 1271 1255 ut
1283 1227 1450 1255 conﬁdenter
1467 1228 1501 1254 ad
1516 1227 1728 1254 misericordiam
1743 1235 1785 1254 ac-

1006 1275 1095 1302 cedat.
1112 1273 1178 1301 Nam
1192 1272 1277 1307 probe
1293 1272 1360 1303 scio,
1389 1271 1448 1299 fore
1469 1276 1498 1298 ut
1513 1271 1583 1298 Deus
1600 1271 1726 1298 lsraelem
1744 1277 1784 1298 re-

1006 1321 1101 1353 dimat,
1117 1320 1140 1347 si
1158 1320 1191 1346 ad
1210 1326 1270 1347 eum
1292 1318 1456 1348 confuwerit,
1469 1325 1503 1345 ex
1521 1317 1648 1344 omnibus
1660 1316 1786 1351 iniquita-

1007 1367 1077 1394 tibus
1100 1365 1168 1400 ejus.

1249 1408 1412 1437 PSALMUS
1431 1406 1550 1435 CXXXI.

1059 1457 1141 1484 Vens.
1161 1455 1205 1482 Η.
1220 1455 1323 1482 Juruvt’t
1341 1454 1466 1481 Dentium
1479 1453 1575 1480 ι)αυὶΔὶ
1586 1453 1729 1480 ueritatem.

1040 1502 1147 1530 Juranti
1173 1501 1265 1528 Davidi
1283 1500 1400 1528 vicissim
1414 1499 1516 1535 juravit
1538 1498 1618 1530 Deus,
1641 1498 1664 1525 ei
1683 1497 1727 1532 qui
1746 1496 1785 1524 lo-

171 1545 248 1587 σαντί
261 1545 306 1586 τὸν
320 1559 401 1585 τόπον
421 1545 526 1593 μαθεῖν,
538 1556 641 1591 δωρεὰν
655 1556 716 1587 δοὺς
726 1555 756 1582 τὸ
768 1555 814 1582 καὶ
829 1554 857 1588 ἐξ
872 1553 952 1582 αὑτοῦ

1008 1557 1066 1576 etim
1087 1554 1253 1583 cognoscere
1270 1547 1376 1578 avebat,
1394 1546 1512 1581 gratuito
1530 1545 1635 1572 donans
1650 1550 1785 1578 praeroga-

169 1605 317 1642 προελθεῖν-
328 1605 394 1632 Ἵνα
399 1604 447 1631 διὰ
455 1604 509 1630 δύο
517 1602 695 1637 πραγμάτων
703 1600 934 1636 ἀμεταθέτων,ὼς
941 1600 956 1626 ὀ

171 1652 274 1684 Παῦλος
281 1659 372 1686 φησιν,
379 1651 414 1677 ὲν
421 1651 465 1682 οἷς
473 1649 567 1676 ἀδὺνα
573 1657 626 1675 τον
632 1649 804 1683 ψεύσασθαι
811 1647 864 1674 τὸν
872 1646 954 1680 Θεὸν,

122 1693 124 1695 ’
171 1698 298 1733 ἰσχυρὰν
308 1695 510 1731 παράκλησιν,
525 1695 588 1731 περὶ
602 1691 639 1721 ὧν
653 1693 762 1729 ηὔξατο,
774 1692 918 1726 λάϐωμεν.

176 1783 222 1810 Ἐκ
237 1781 354 1816 καρποῦ
374 1781 429 1815 τῆς
450 1781 565 1813 κοιλίας
587 1787 645 1807 σου
675 1779 802 1813 θήσομαι
824 1777 873 1804 ἐπὶ
902 1776 956 1804 τοῦ

471 1817 578 1850 θρόνου
589 1823 657 1842 σου.

212 1863 320 1898 Ἐπειδὴ
335 1863 379 1893 σὺ,
395 1861 486 1896 φησὶν,
503 1860 575 1887 οὕτω
591 1859 738 1890 πιστεύσας
757 1857 867 1885 τοιαῦτα
881 1857 956 1893 ηΰξω

170 1909 284 1944 γνῶναι,
302 1907 462 1943 βουλόμενος
485 1906 577 1941 μαθεῖν
593 1906 658 1940 περὶ
683 1904 730 1931 τοῦ
744 1905 826 1930 τόπου
844 1903 895 1938 τῆς
916 1904 956 1935 εἰς

170 1954 330 1990 ἀνθρώπους
348 1952 465 1987 ἀφίξεως
481 1951 528 1978 τοῦ
552 1951 687 1986 Σωτῆρος,
704 1949 779 1984 δέχου
799 1949 830 1984 δὴ
847 1949 892 1976 καὶ
909 1948 956 1975 αὺ-

169 2001 214 2033 τδς
235 2001 285 2036 τὴν
303 1998 478 2033 ἐπαγγελίαν,
500 1997 547 2024 καὶ
567 1996 644 2031 γίνου
665 1995 786 2026 διάκονος
798 1995 846 2030 τῆς
868 2002 955 2029 σωτη-

170 2047 227 2083 ρίου
241 2046 384 2080 γενέσεως.
401 2044 450 2075 Σὸς
460 2043 515 2078 γὰρ
528 2043 603 2069 ἔσται
621 2040 724 2077 καρπὸς
739 2041 753 2066 ὁ
768 2039 955 2074 γενησόμενος,

169 2094 201 2119 ἐκ
215 2093 263 2126 σῆς
277 2090 402 2126 διαδοχῆς
414 2089 461 2116 καὶ
481 2089 513 2114 ὲκ
528 2087 575 2114 σοῦ
591 2087 746 2122 σπέρματος
762 2084 957 2120 προελευσόμε-

169 2147 214 2169 νος
223 2148 230 2154 '
245 2138 285 2164 διὸ
295 2137 342 2164 καὶ
358 2136 431 2172 αὐτῷ
443 2135 583 2170 δοθήσεται
596 2133 662 2159 ὡσεὶ
676 2130 878 2168 ὲτιηγγελμένος
892 2129 955 2166 θρό-

168 2193 223 2216 νος,
237 2183 282 2210 διὰ
297 2183 328 2209 τὸ
343 2181 442 2217 μηδένα
456 2181 547 2216 ἕτερον
570 2180 587 2215 ἢ
605 2179 683 2215 μόνον
696 2178 741 2204 τὸν
761 2178 794 2204 ὲκ
817 2176 862 2203 σοῦ
890 2184 956 2212 προ-

1009 1595 1091 1622 tivam
1101 1599 1129 1622 ut
1144 1598 1171 1621 et
1185 1594 1297 1628 ipsemet
1307 1592 1364 1625 ejus
1376 1592 1461 1625 stirpe
1470 1591 1607 1622 oriretur;
1618 1589 1651 1616 Ut
1664 1597 1708 1623 per
1720 1590 1787 1616 duas

1009 1650 1049 1668 res
1070 1640 1228 1672 immobiles,
1253 1644 1337 1674 prout
1362 1637 1465 1664 Paulus
1484 1637 1532 1668 ait,
1551 1636 1644 1670 quibus
1666 1636 1787 1670 impossi-

1007 1688 1056 1714 bile
1072 1692 1109 1714 est
1127 1686 1231 1712 mentiri
1247 1684 1341 1715 Deum,
1355 1683 1469 1710 validum
1483 1681 1608 1709 solatium
1618 1681 1651 1714 ",
1664 1682 1736 1708 circa
1752 1687 1785 1710 ea

1006 1742 1067 1768 quae
1083 1733 1198 1768 quisque
1217 1732 1294 1766 petit,
1309 1731 1462 1757 habeamus.

1007 1779 1090 1807 Vsus.
1110 1777 1154 1806 Η.
1178 1776 1217 1804 De
1243 1777 1331 1814 {ructu
1346 1776 1443 1803 ventris
1463 1775 1501 1802 tui
1516 1781 1609 1809 ponam
1624 1781 1702 1807 super
1714 1773 1786 1799 thro-

1320 1819 1381 1838 num
1396 1817 1482 1838 tuum.

1041 1858 1173 1893 Quoniam
1205 1863 1247 1890 tu,
1276 1857 1377 1892 inquit,
1406 1856 1444 1883 ita
1475 1855 1610 1887 credens,’
1623 1859 1786 1889 cognoscere

1006 1906 1063 1933 haec
1078 1905 1188 1940 optasti,
1208 1911 1306 1938 nempe
1319 1903 1407 1930 locum
1420 1909 1473 1937 quo
1491 1903 1524 1928 ad
1545 1901 1668 1928 homines
1691 1903 1786 1925 ventu-

1007 1960 1054 1980 rus
1081 1956 1123 1979 est
1143 1950 1277 1983 Salvator,
1307 1950 1400 1983 accipe
1424 1949 1493 1976 hanc
1519 1947 1655 1978 notitiam,
1679 1950 1707 1972 et
1727 1948 1786 1971 esto

1006 1998 1132 2026 salutaris
1156 1996 1214 2030 ejus
1236 1995 1387 2022 nativitatis
1412 1993 1546 2021 minister.
1575 1992 1692 2020 Fructus
1713 1990 1785 2017 enim

1009 2049 1070 2071 tuus
1083 2043 1135 2070 erit
1145 2042 1192 2077 qui
1208 2041 1315 2068 futurus
1328 2045 1381 2074 est,
1392 2048 1424 2067 ex
1440 2044 1484 2066 tua
1498 2037 1626 2074 progenie
1641 2044 1673 2064 ac
1684 2035 1786 2063 semine

1006 2093 1208 2124 proventurus:
1227 2087 1343 2121 ideoque
1359 2091 1386 2113 et
1406 2085 1457 2122 ipsi
1477 2084 1586 2112 dabitur
1600 2085 1714 2110 thronus
1729 2089 1788 2116 pro-

1006 2137 1115 2169 missus,
1137 2135 1201 2170 quia
1227 2141 1306 2162 nemo
1327 2137 1369 2161 est
1389 2133 1468 2171 alius,
1490 2136 1587 2166 prater
1613 2129 1687 2157 illum
1709 2136 1742 2155 ex
1759 2133 1786 2155 te

1007 2183 1154 2215 oriturum,
1169 2181 1215 2216 qui
1231 2181 1259 2207 in
1276 2179 1412 2214 promisso
1423 2178 1522 2206 throno
1533 2177 1627 2204 sedere
1639 2179 1786 2201 mereatur.

170 2230 353 2264 ελευσόμενον,
369 2227 442 2260 ἀξιον
462 2225 529 2253 εἶναι
551 2225 597 2252 τοῦ
611 2225 652 2252 σοὶ
668 2223 873 2260 ὲπηγγελμένου
891 2222 952 2258 θρό-

1008 2227 1095 2262 Quare
1112 2231 1139 2253 et
1164 2224 1273 2254 Gabriel
1289 2225 1378 2251 Maria:
1398 2223 1486 2250 dixit:
1507 2221 1540 2248 Et
1562 2220 1634 2247 dabit
1654 2218 1694 2245 illi
1717 2217 1787 2244 Deus

170 2285 224 2302 vou.
241 2273 388 2308 Τοιγαροῦν
402 2273 448 2300 καὶ
463 2273 476 2299 ὁ
491 2271 610 2307 Γαϐριὴλ
628 2270 694 2306 πρὸς
706 2270 755 2306 τὴν
772 2269 888 2304 Μαριάμ
902 2277 953 2303 φη-

171 2331 197 2348 σι
207 2331 213 2336 ·
227 2321 279 2348 Καὶ
296 2320 385 2346 δώσει
396 2317 475 2351 αὐτῷ
488 2319 504 2344 ό
522 2317 594 2349 Θεὸς
610 2315 664 2342 τὸν
679 2315 786 2349 θρόνον
795 2313 884 2341 Δαυῒδ
900 2314 953 2341 τοῦ

170 2366 389 2401 πατρὸς-αὺτοῦ,
405 2365 453 2392 καὶ
476 2364 656 2397 βασιλεύσει
673 2362 722 2388 ἐπὶ
734 2361 786 2388 τὸν
800 2358 885 2387 οἷκον
903 2360 953 2386 Ἰα-

171 2412 232 2440 κὼϐ
244 2413 286 2444 εἰς
300 2411 351 2438 τὸν
367 2411 469 2438 αἰῶνα.

177 2458 244 2485 Ἐὰν
257 2457 442 2492 φυλᾴξωνται
459 2457 486 2483 οἱ
507 2456 569 2483 υἱοί
582 2462 640 2482 σου
650 2453 706 2487 τὴν
721 2451 866 2485 διαθήκην
881 2459 950 2485 μου.

205 2502 422 2538 Καθεσθήσονται
437 2503 481 2529 ἐπ’
498 2502 578 2528 αὐτὸν
597 2499 697 2536 δηλαδὴ
715 2499 759 2525 τὸν
775 2497 821 2524 τοῦ
836 2495 953 2532 Χριστοῦ

170 2551 263 2586 θρόνον
281 2550 305 2576 οἱ
323 2548 404 2575 αὑτοῦ
428 2549 545 2584 μαθηταὶ
562 2547 608 2574 καὶ
623 2545 755 2580 διάδοχοι·
780 2543 849 2578 πλὴν
869 2542 954 2574 οὐδεὶς

171 2597 267 2633 φθόνος
281 2596 328 2623 καὶ
343 2595 398 2625 τοῖς
413 2596 467 2625 σοῖς
480 2595 557 2625 υἱοῖς.
572 2590 594 2619 ὧ
610 2591 701 2623 Δαυῖδ,
718 2589 840 2616 τουτέστι
853 2589 907 2619 τοῖς
922 2589 954 2614 ὲκ

171 2641 331 2678 περιτομῆς,
346 2640 393 2668 καὶ
412 2641 436 2666 ει
452 2638 641 2674 παραδέξοιντο
661 2636 707 2663 τὸν
725 2635 850 2671 Χριστδν,
869 2634 916 2661 καὶ
929 2634 954 2660 εί

171 2689 328 2724 φυλάξαιντο
342 2687 391 2722 τὴν
417 2685 545 2720 διαθήκην
563 2693 611 2720 μου
626 2683 672 2710 καὶ
690 2682 723 2709 τὰ
738 2680 875 2717 μαρτύριά
889 2688 952 2715 μου,

171 2736 201 2762 οὺ
219 2735 252 2762 τὰ
273 2733 317 2760 διὰ
337 2733 387 2767 τῆς
413 2730 523 2767 πρώτης
543 2729 699 2766 νομοθεσίας
722 2727 860 2763 δεδομένα,
884 2725 952 2753 ἀλλὰ

170 2781 255 2808 ταῦτα
269 2780 286 2806 ἃ
299 2779 396 2812 διδάξω
406 2777 514 2809 αὐτοὺς,
531 2776 656 2811 μέλλοντα
670 2775 761 2806 αὐτοῖς
775 2772 886 2808 ὕστερόν
902 2781 951 2800 πο-

171 2834 202 2854 τε
215 2824 450 2861 παραδοθήσεσθαι
473 2822 517 2849 διὰ
536 2821 584 2856 τῆς
597 2822 690 2856 καινῆς
707 2820 848 2855 διαθήκης
864 2819 888 2845 εἰ
901 2817 954 2852 γὰρ

209 2896 230 2912 ³³
243 2895 312 2922 Psal.
330 2903 423 2928 cxxtx,
437 2895 463 2922 4.
503 2894 524 2910 ³λ
533 2893 615 2920 Hebr.
630 2899 665 2925 v1,
679 2891 722 2920 18.
761 2892 782 2907 ³⁸
796 2891 862 2919 Luc.
885 2898 903 2923 ι,
918 2890 962 2917 5‘2.

1005 2274 1128 2300 thronum
1147 2271 1255 2299 Davidis
1275 2271 1357 2305 patris
1373 2270 1441 2303 ejus,
1454 2267 1621 2303 regnabitque
1646 2272 1724 2300 super
1744 2264 1787 2290 do-

1005 2327 1077 2346 mum
1098 2317 1182 2345 Jacob
1201 2318 1229 2344 in
1243 2315 1412 2345 a’ternum".

1007 2448 1091 2476 Vens.
1105 2448 1148 2475 l2.
1159 2448 1187 2476 Si
1200 2447 1368 2476 custodierint
1377 2446 1426 2481 ﬁlii
1440 2446 1478 2473 tui
1491 2448 1671 2472 testamentum
1690 2449 1786 2470 meum.

1043 2493 1181 2521 Sedebunt
1208 2501 1290 2529 super
1320 2493 1380 2527 ipso
1410 2491 1536 2519 videlicet
1561 2488 1661 2518 Christi
1690 2489 1786 2514 throno

1008 2538 1133 2573 discipuli
1157 2539 1215 2574 ejus
1228 2546 1261 2566 ac
1276 2545 1460 2566 successores.
1479 2535 1671 2562 Verumtamen
1695 2539 1729 2558 ne
1748 2530 1785 2557 tui

1008 2585 1117 2619 quidem
1135 2584 1194 2618 ﬁlii,
1207 2592 1223 2612 ο
1243 2584 1338 2617 David,
1355 2583 1408 2610 ulla
1435 2589 1463 2609 re
1485 2580 1690 2609 fraudahuntur,
1706 2577 1731 2604 id
1745 2580 1787 2603 est

1007 2630 1227 2658 circumcisionis
1244 2629 1363 2662 asseclaz,
1383 2629 1404 2656 si
1421 2629 1498 2655 modo
1518 2625 1654 2654 Christum
1678 2629 1787 2657 recepe-

1007 2677 1074 2710 rint,
1095 2681 1124 2704 ct
1135 2682 1242 2712 pactum
1267 2683 1357 2703 meum
1379 2683 1413 2702 ac
1437 2671 1587 2701 testimonia
1608 2668 1785 2700 servaverint,

1006 2731 1060 2751 non
1075 2723 1120 2751 illa
1133 2724 1166 2751 ad
1179 2723 1299 2758 priorem
1325 2720 1521 2756 legislationem
1542 2715 1718 2752 pertinentia,
1738 2715 1785 2742 sed

1006 2777 1038 2797 ea
1057 2778 1116 2805 qua:
1132 2770 1230 2797 deinde
1245 2769 1317 2804 ipsos
1332 2767 1444 2797 docebo,
1464 2770 1577 2799 quaeque
1594 2761 1654 2790 novi
1676 2760 1785 2788 {sederis

1009 2821 1131 2851 tempore
1158 2816 1286 2844 tradenda
1306 2817 1379 2843 sunt.
1397 2810 1514 2840 Omnino
1534 2809 1558 2839 si
1581 2809 1638 2836 haec
1660 2812 1786 2836 servave-
