2059 3215
287 152 322 180 27
628 149 764 178 EUSEBII
782 147 1022 178 CAESARIENSIS
1040 146 1115 175 OPP.
1135 146 1224 174 PARS
1243 145 1286 174 lli.
1305 161 1333 167 —
1357 145 1560 174 EXEGETICA.
1873 145 1908 172 28

296 212 361 241 rint.
381 210 431 244 lps‘l
446 216 553 243 quoque
569 208 594 236 in
617 208 716 238 throno
731 214 785 240 luo,
801 208 845 242 qui
868 207 974 235 Chrile
996 215 1073 242 para-

1132 205 1282 240 ρυλάξοιντο
1297 205 1392 237 ταῦτα,
1421 205 1468 231 καὶ
1490 203 1566 231 αὐτοὶ
1593 201 1842 230 καθευδοῦνταιέπὶ
1861 203 1908 230 τὸν

290 261 333 284 tus
349 260 402 287 est.
415 254 556 282 sedebunt.

326 301 407 328 Vnus.
429 300 471 327 l5.
494 299 615 326 l’rtedam
632 299 689 331 eius
706 299 856 325 benedicens
876 300 1035 331 benedicam,

442 342 567 369 pauperes
584 334 640 368 ejus
660 335 784 361 saturabo
798 335 919 368 panibus.

326 379 480 407 Secundum
508 386 659 414 anagogen,
685 379 773 413 prreda
799 379 890 406 Sionis
906 380 922 406 ii
944 384 1007 406 sunt
1027 380 1070 414 qui

295 427 408 461 piscium
426 427 511 454 instar
538 426 572 453 ab
586 425 748 460 evangelicis
773 426 981 460 apostolicisque
1006 426 1072 453 reti-

292 474 341 500 bus
359 472 479 507 quotidie
493 472 648 506 capiuntur.
666 471 801 504 Pauperes
812 477 902 499 autem
918 472 977 506 ejus
988 471 1072 504 beati,

294 525 408 553 quorum
427 522 470 545 est
493 524 604 551 regnum
622 515 680 547 Dei,
695 516 740 550 qui
756 524 852 551 panem
869 516 901 544 de
914 517 985 544 caelo
1000 516 1074 543 dela-

291 572 369 598 psum
395 563 487 590 edunt.
515 562 568 589 Sed
589 566 616 589 et
637 561 758 595 ejusdem
784 561 876 589 Sionis
906 562 1074 593 sacerdotes,

292 615 434 645 postquam
449 617 478 637 se
492 609 608 643 iustitia,
622 613 649 634 nt
664 609 712 641 ait,
729 608 873 639 induerint.
889 616 902 635 a
923 609 976 635 Deo
990 608 1076 635 salute

293 655 451 683 induuntur.
486 654 586 681 Deinde
608 654 641 680 de
665 654 731 680 viris
759 653 859 680 sanctis
884 653 966 681 verba
1000 653 1075 685 facit,

293 701 391 728 virtute
408 707 440 727 ac
455 699 517 726 vita:
532 707 633 734 genere
656 699 682 725 in
704 698 825 725 Ecclesia
846 698 1074 733 przccellentibus.

294 748 331 774 lie
356 745 454 781 quibus
486 745 597 779 Aquilus
617 745 701 771 dicit:
725 743 888 770 Laudatione
914 743 1076 776 laudabunt,-

294 793 473 829 Symmachus
489 796 590 823 autem,
604 790 787 818 Benedic-entes
802 790 966 818 benedicent.

294 890 377 918 Vnus.
398 891 441 918 18.
460 890 542 926 Super
554 891 639 925 ipsum
651 894 739 917 autem
759 889 883 926 efﬂorebit
901 888 1077 922 sanctiﬁcatio
1093 884 1114 912 Β

654 933 721 952 mea.

335 972 389 999 lloc
408 973 440 998 de
451 970 555 999 Joanne
575 971 650 1002 dicit,
663 970 738 1004 juxta
756 971 860 997 Domini
882 969 1012 997 ell‘atum:
1029 968 1079 996 Ille

295 1022 351 1043 erat
364 1018 472 1043 lucerna
488 1017 583 1043 ardens
596 1022 619 1043 et
631 1016 748 1043 relucens
759 1015 792 1042 ⁸⁸.
812 1016 885 1043 Licet
895 1016 947 1042 hoc
962 1019 989 1041 et
1002 1014 1080 1042 aliter

297 1068 344 1095 per
368 1064 487 1094 tempora
519 1060 735 1094 persecutionum
759 1067 935 1094 cognoscere.
958 1059 1080 1094 Symma-

296 1107 364 1133 chus
376 1114 440 1133 vero
455 1106 617 1133 consecratio
632 1106 751 1140 scripsit.
765 1105 912 1133 Consecrat
925 1112 1020 1140 reapse
1033 1112 1080 1139 per

296 1153 452 1180 universum
474 1154 567 1180 orbem
598 1152 778 1180 sanctiﬁcatio
806 1151 964 1180 Servatoris
991 1151 1079 1179 nostri

296 1198 454 1226 Ecclesiam.

532 1243 691 1271 PSALMUS
710 1242 841 1271 CXXXII.

332 1291 413 1318 VERS.
430 1290 456 1317 1.
478 1289 545 1316 Ecce
564 1290 626 1324 quid
649 1290 750 1328 bonurn
765 1294 789 1316 et
806 1289 870 1324 quid
882 1288 1044 1322 Iucundum,

489 1331 584 1359 prwter
596 1333 674 1357 quam
689 1324 820 1356 habitare,
836 1329 889 1352 ctc.

334 1369 390 1396 NOII
405 1377 485 1396 omne
499 1369 610 1401 bonum,
626 1370 726 1403 pariter
740 1374 768 1395 et
782 1369 931 1403 jucundum
946 1373 985 1394 est
1002 1376 1009 1400 ;
1032 1375 1080 1394 ne—

297 1423 350 1450 que
364 1423 444 1442 omne
463 1415 624 1449 jucundum,
646 1415 724 1442 simul
750 1421 777 1442 et
799 1415 898 1442 bonum
922 1420 976 1442 est.
997 1414 1080 1441 Multa

297 1462 370 1489 enim
382 1467 445 1489 sttnt
461 1462 559 1495 dulcia,
573 1466 599 1489 et
616 1467 703 1489 tamen
720 1469 801 1496 prava
817 1472 824 1489 :
844 1466 870 1489 et
885 1461 1006 1489 vicissim
1028 1461 1079 1488 alia

299 1508 433 1536 laboriosa
447 1513 519 1540 sunt,
536 1508 583 1536 sed
604 1513 692 1535 tamen
705 1509 785 1535 bona.
809 1508 1002 1535 Verumtamen
1017 1515 1081 1535 con-

1123 251 1215 287 Θρόνον
1233 260 1279 278 σου
1293 252 1339 278 τὸν
1352 251 1391 286 τῷ
1403 250 1513 286 Χριστῷ
1523 249 1730 285 ἡτοιμασμένον.

1125 297 1184 331 Τὴν
1195 299 1289 332 θήραν
1303 296 1397 330 αὐτῆς
1412 295 1540 332 εὐλογῶν
1559 295 1724 332 εὐλογήσω,
1744 293 1815 328 τοὺς
1831 301 1908 322 πτω-

1288 332 1362 367 χοὺς
1372 331 1467 365 αὐτῆς
1481 330 1616 365 χορτάσω
1630 330 1734 364 ἄρτων.

1158 378 1236 405 Κατὰ
1249 378 1277 404 δὲ
1290 377 1444 412 ἀναγωγὴν,
1459 377 1529 413 Θήρα
1543 375 1610 402 Σιὼν
1627 376 1651 401 οἱ
1663 376 1740 411 δίκην
1755 375 1852 410 ἰχθύων
1866 375 1909 402 διὰ

1123 425 1177 452 τῶν
1190 423 1373 459 εὐαγγελικῶν
1386 424 1433 450 καὶ
1447 422 1632 450 ἁποστολικῶν
1644 421 1758 448 δικτύων
1775 421 1909 457 ὁσημέραι

1126 469 1310 506 ζωγρούμενοι
1321 477 1328 484 ·
1347 469 1448 504 πτωχοὶ
1470 468 1498 495 δὲ
1514 469 1598 504 αὐτῆς
1611 469 1635 494 οἱ
1649 467 1788 503 μακάριοι,
1810 467 1850 493 ὅτι
1863 467 1911 493 αύ-

1125 517 1179 543 τῶν
1192 517 1266 543 ἐστιν
1278 517 1295 551 ἡ
1311 515 1432 551 βασιλεία
1448 515 1501 542 τῶν
1518 514 1638 550 οὐρανῶν
1650 523 1656 529 ·
1678 515 1703 540 οἳ
1719 514 1764 540 τὸν
1779 514 1859 549 ἄρτον
1874 521 1911 540 σι-

1125 563 1233 590 τοῦνται
1249 561 1294 589 τὸν
1305 562 1334 594 ἐξ
1349 561 1462 595 οὐρανοῦ
1475 561 1629 588 καταϐάντα
1641 569 1647 575 ·
1664 559 1730 586 ἀλλὰ
1749 560 1794 586 καὶ
1810 560 1834 586 οἱ
1845 559 1911 586 ταύ-

1126 618 1176 645 της
1193 610 1286 645 ἱερεῖς,
1309 608 1415 644 πρῶτον
1436 608 1546 639 ἑαυτοὺς
1565 607 1746 642 δικαιοσύνην,
1766 606 1805 638 ὡς
1824 604 1909 637 εἶπεν,

1127 655 1293 687 ἐνδύσαντες,
1310 654 1362 681 ὑπὸ
1378 653 1444 681 Θεοῦ
1462 652 1667 689 περιϐάλλονται
1685 652 1820 688 σωτηρίαν
1830 661 1836 667 ·
1852 649 1910 678 εἶτα

1127 701 1200 735 λέγει
1212 701 1276 736 περὶ
1292 701 1346 727 τῶν
1359 700 1450 731 ὁσίων,
1468 699 1521 726 τῶν
1534 699 1617 734 ἀρετῇ
1631 700 1677 726 καὶ
1692 698 1740 734 βίῳ
1751 698 1912 734 διαπρεπόν-

1129 756 1182 774 των
1193 747 1222 773 ὲν
1243 746 1404 783 Ἐκκλησίᾳ’
1427 746 1491 782 περὶ
1505 742 1542 772 ὧν
1561 745 1675 777 ’Δκύλας
1691 745 1739 780 μὲν
1753 744 1814 780 ἔφη·
1828 744 1911 771 Αἰνέ-

1129 801 1177 820 σει
1189 792 1380 820 αὶνέσουσιν-
1393 792 1408 818 ὁ
1418 791 1446 818 δὲ
1465 791 1622 827 Σύμμαχος,
1638 790 1850 826 Εὺφημοῦντες
1864 791 1912 818 εὐ-

1130 837 1334 874 φημήσουσιν.

1187 884 1253 912 Ἐπὶ
1267 884 1302 911 δὲ
1316 884 1410 912 αὐτὸν
1422 884 1583 919 ἐξανθήσει
1595 883 1627 910 τὸ
1641 882 1774 918 ἁγίασμά
1783 891 1853 917 μου.

1164 974 1248 1002 Τοῦτο
1265 976 1328 1011 περὶ
1349 975 1470 1002 Ἰωάννου
1488 975 1564 1010 φησι,
1579 974 1650 1002 κατὰ
1664 974 1694 1001 τὸ
1709 974 1851 1010 εἰρημένον
1866 982 1915 1000 πα-

1132 1020 1166 1057 ρὰ
1178 1021 1279 1057 Κυρίου
1292 1029 1298 1036 '
1319 1021 1447 1054 Ἐκεῖνος
1458 1019 1498 1056 ἦν
1510 1023 1526 1048 ὀ
1536 1022 1648 1056 λύχνος
1668 1022 1684 1048 ὁ
1697 1021 1852 1055 καιόμενος
1864 1020 1913 1046 καὶ

1130 1068 1254 1103 φαίνων.
1267 1067 1345 1094 Ἐστι
1364 1067 1490 1095 δὲταῦτα
1507 1067 1554 1095 καὶ
1569 1067 1656 1100 ἄλλως
1678 1067 1741 1094 ἰδεῖν
1761 1066 1831 1093 κατὰ
1852 1067 1915 1097 τοὺς

1131 1114 1185 1141 τῶν
1207 1113 1334 1148 διωγμῶν
1354 1113 1465 1150 καιρούς
1475 1122 1482 1128 ·
1496 1115 1508 1140 ὁ
1522 1113 1550 1140 δὲ
1560 1113 1716 1148 Σύμμαχος,
1729 1114 1746 1140 ὁ
1758 1111 1914 1147 ἁγιασμὸς,

1131 1157 1217 1192 εἶπεν,
1240 1159 1332 1186 αὑτοῦ
1345 1168 1352 1174 ·
1371 1159 1479 1193 ἁγιάζει
1499 1158 1552 1195 γὰρ
1564 1159 1624 1185 καθ’
1642 1159 1705 1193 ὅλης
1726 1158 1776 1193 τῆς
1789 1157 1915 1192 οἰκουμέ-

1131 1214 1179 1241 νης
1188 1205 1218 1231 τὸ
1231 1204 1278 1231 τοῦ
1295 1205 1419 1240 Σωτῆρος
1433 1204 1511 1239 ἡμῶν
1525 1206 1554 1230 ὲν
1562 1205 1595 1239 τῇ
1617 1203 1762 1239 Ἐκκλησία
1781 1203 1917 1238 ἀγίασμα.

1405 1250 1549 1277 ΨΑΔΜΟΣ
1565 1250 1648 1277 ΡΛΒ’.

1138 1295 1209 1323 Ἰδοὺ
1227 1295 1265 1329 δὴ
1279 1296 1308 1322 τί
1323 1295 1448 1328 κα.ιύνῆ
1468 1295 1496 1335 τί
1513 1295 1650 1356 τεμεῖν-ᾖν,
1669 1295 1736 1322 ἀλλ’
1758 1293 1777 1329 ἢ
1795 1294 1827 1321 τὸ
1848 1301 1917 1321 κατ.

1421 1338 1598 1356 οικειι·.κ.τ.
1630 1349 1636 1356 .

1421 1338 1523 1362 οηιειν,
1535 1339 1561 1357 κ.
1573 1339 1598 1356 τ.
1612 1338 1636 1357 Λ.

1167 1376 1204 1402 Οὐ
1222 1376 1275 1402 πᾶν
1296 1376 1326 1402 τὸ
1349 1375 1440 1406 καλὸν.
1455 1375 1505 1412 ἥδη
1528 1376 1574 1402 καὶ
1589 1375 1703 1411 τερπνύν
1715 1384 1722 1391 ·
1740 1375 1799 1402 οὐδὲ
1810 1375 1841 1402 τὺ
1855 1383 1917 1410 τερ-

1133 1421 1209 1453 πνὸν,
1226 1422 1333 1453 πάντως
1347 1422 1392 1449 καὶ
1412 1422 1491 1448 καλόν
1504 1431 1510 1437 -
1528 1422 1612 1448 πολλὰ
1627 1422 1680 1457 γὰρ
1696 1421 1761 1457 ἡδέα
1777 1422 1835 1456 μὲν,
1853 1420 1919 1455 φαῦ-

1131 1467 1165 1493 λα
1175 1467 1204 1494 δέ
1215 1476 1220 1482 ·
1239 1468 1276 1499 ὡς
1289 1468 1336 1494 καὶ
1349 1468 1430 1503 ἕτερα
1444 1468 1559 1494 ἐπίπονα
1571 1468 1629 1503 μὲν,
1645 1467 1733 1502 ἀγαθὰ
1746 1467 1775 1493 δέ
1785 1475 1793 1483 ⁸
1809 1467 1917 1501 ὁμόνοια

1132 1513 1160 1539 δὲ
1175 1514 1223 1540 καὶ
1238 1514 1332 1549 εἰρήνη
1347 1513 1440 1549 ψυχῶν
1463 1514 1684 1549 ὁμοφρονούντων
1698 1513 1746 1540 καὶ
1762 1512 1918 1548 ὁμοδοξούν-

298 1555 389 1583 cordia
413 1560 440 1582 et
462 1563 512 1590 pax
541 1555 692 1582 animarum
717 1562 809 1589 parem
837 1559 953 1582 mentem
975 1559 1081 1582 senten—

1135 1567 1197 1591 των,
1214 1559 1296 1595 ἄμφω
1307 1559 1376 1586 κατὰ
1387 1560 1417 1586 τὸ
1430 1559 1494 1585 αὐτὸ
1510 1560 1556 1586 καὶ
1568 1560 1599 1586 τὸ
1612 1559 1727 1594 τερπνὸν
1737 1559 1783 1585 καὶ
1795 1559 1824 1584 τὸ
1837 1557 1917 1585 καλὸν

300 1601 417 1635 Iiamque
442 1601 603 1632 foventium,
634 1606 778 1635 utramque
812 1608 869 1628 rem
900 1600 1082 1633 laudabiliter,

299 1655 396 1681 nempe
410 1651 437 1673 et
451 1647 551 1673 bonum
564 1651 590 1673 et
603 1647 750 1681 jucundum
779 1652 872 1674 tenere
896 1647 1006 1674 dicitur.
1031 1647 1082 1673 Ne-

299 1699 352 1724 que
365 1691 390 1718 id
404 1691 504 1718 dicitur
525 1691 558 1718 de
587 1691 718 1719 fratribus
740 1699 791 1718 una
811 1697 915 1722 tantum
937 1692 1085 1719 habitanti-

300 1737 362 1767 bus.
378 1736 426 1764 sed
439 1737 472 1763 de
487 1737 617 1764 unitatem
642 1737 722 1764 simul
745 1737 929 1770 servantibus,
952 1742 1032 1772 prurit
1047 1739 1084 1764 ait

299 1782 463 1815 Apostolus:
483 1781 517 1809 Ut
541 1782 568 1808 id
585 1783 670 1817 ipsum
689 1791 777 1810 omnes
794 1783 897 1815 dicatis,
918 1791 999 1819 neque
1015 1784 1085 1810 ulti-

305 1832 392 1854 antata
410 1827 480 1854 inter
495 1836 539 1854 τοι
560 1829 634 1861 sint;
653 1829 699 1855 sed
721 1837 774 1855 una
787 1828 928 1863 eademque
947 1834 1031 1856 mente
1051 1838 1082 1856 ac

306 1872 435 1899 sententia
457 1877 535 1900 estote
558 1874 731 1908 coagmentati
753 1873 786 1901 ³⁷.
812 1874 901 1902 Monet
928 1880 1030 1906 autem,
1048 1883 1081 1903 ne

300 1919 398 1945 bonum
411 1919 647 1952 atquejncundum
667 1920 692 1946 in
711 1927 825 1954 corpore
839 1920 982 1955 carnisque
1007 1920 1081 1947 volu-

303 1968 376 1999 ptate
392 1966 572 2000 reponendum
593 1970 727 2000 putemus.

353 2009 433 2036 Vens.
449 2009 476 2036 5.
496 2010 568 2036 Sicut
587 2018 630 2036 ros
645 2009 786 2036 Hermonis
802 2011 847 2045 qui
859 2011 991 2038 descendit
1008 2012 1036 2037 in

581 2051 681 2071 montes
701 2044 798 2072 Sionie.

337 2091 412 2117 Mons
435 2096 476 2118 est
501 2091 619 2118 llermon
643 2090 747 2118 Libano
770 2091 907 2125 adiacens,
928 2091 1021 2127 inquo
1040 2093 1083 2120 nix

302 2137 383 2163 multa
410 2137 575 2172 congeritur,
604 2144 684 2171 quam
708 2136 849 2172 Scriptura
879 2137 948 2164 roris
977 2138 1084 2165 nomine

301 2183 433 2217 designat.
460 2182 526 2216 Quia
549 2190 614 2217 ergo
635 2191 679 2210 ros
700 2183 754 2216 ille,
779 2191 814 2210 ex
839 2184 930 2211 multis
955 2184 1084 2212 collectus

1135 1605 1205 1640 ἔχειν
1220 1607 1369 1632 ἐπαινεῖται
1382 1615 1388 1621 ·
1410 1606 1440 1632 οὺ
1457 1605 1486 1632 τὸ
1506 1606 1642 1632 κατοικεῖν
1665 1604 1794 1639 ἀδελφοὺς
1816 1603 1918 1636 ἁπλῶς,

1134 1651 1190 1678 ἀλλ’
1206 1651 1269 1678 ὅταν
1285 1651 1331 1678 ἐπὶ
1344 1651 1374 1677 τὸ
1389 1651 1454 1678 αὐτὸ
1475 1648 1535 1683 ὦσι,
1553 1651 1623 1677 κατὰ
1641 1650 1686 1678 τὸν
1708 1650 1865 1677 Ἀπόστολον
1874 1649 1919 1676 λέ-

1135 1705 1230 1731 γοντα·
1249 1697 1316 1724 Ἵνα
1330 1697 1363 1724 τὸ
1372 1697 1444 1724 αὐτὸ
1460 1697 1568 1732 λέγητε
1581 1696 1702 1729 πάντες,
1714 1696 1808 1730 καὶμὴ
1818 1694 1919 1723 εἷενέγ

1134 1743 1205 1778 ὑμῖν
1213 1744 1375 1778 σχίσματα·
1390 1741 1443 1778 ἦτε
1456 1742 1490 1769 δὲ
1502 1743 1730 1777 κατηρτισμένοι
1739 1741 1864 1775 τῷαύτῷ
1872 1742 1921 1768 νοΐ

1135 1789 1184 1815 καὶ
1193 1789 1231 1823 τῇ
1241 1788 1318 1823 αὐτῇ
1325 1788 1436 1824 γνώμῃ·
1448 1788 1566 1815 διδάσκει
1581 1789 1610 1815 δὲ
1624 1788 1654 1814 τὸ
1664 1787 1742 1814 καλὸν
1754 1788 1800 1814 καὶ
1813 1787 1843 1814 τδ
1855 1796 1918 1822 τερ-

1135 1835 1200 1861 πνὸν
1223 1834 1261 1870 μὴ
1281 1836 1310 1861 ἐν
1328 1834 1443 1870 σώματι,
1463 1835 1530 1870 μηδὲ
1551 1835 1579 1861 ὲν
1597 1834 1677 1870 ἡδονῇ
1707 1833 1814 1870 σαρκῶν
1847 1833 1918 1860 τίθε-

1138 1880 1209 1907 σθαι.

1141 2011 1189 2045 Ὠς
1208 2011 1317 2045 δρόσος
1331 2011 1459 2046 Ἀερμὼν
1478 2010 1731 2072 τέκᾳταὸαινουσα
1747 2009 1795 2036 ἐπὶ
1813 2010 1849 2037 τὰ
1866 2009 1920 2045 ὅρη

1510 2054 1570 2072 ιων.

1510 2054 1570 2072 ιων.

1172 2093 1253 2128 Ὄρος
1268 2093 1342 2119 ἐστὶν
1363 2091 1496 2129 Ἀερμὼν,
1511 2092 1542 2118 τὸ
1556 2091 1770 2128 παρακείμενεον
1782 2090 1821 2126 τῷ
1835 2090 1920 2117 Λιϐά-

1135 2147 1182 2174 νῳ,
1197 2138 1239 2172 ἐφ’
1256 2138 1269 2165 ὃ
1281 2137 1347 2173 χιὼν
1364 2137 1508 2172 συνάγεται
1519 2137 1612 2172 πολλὴ,
1627 2135 1721 2172 ἥντινα
1733 2137 1747 2162 ὁ
1761 2137 1844 2170 Λόγος
1857 2136 1919 2172 δρό-

1136 2192 1181 2210 σον
1195 2183 1349 2219 ὠνόμασενθ
1368 2182 1504 2219 ἐπειδὴδὲ
1522 2183 1538 2217 ἡ
1553 2183 1647 2218 δρόσος
1661 2183 1751 2218 ἐκείνη
1773 2183 1789 2218 ἡ
1806 2184 1838 2208 ὲκ
1855 2182 1919 2208 πολ-

301 2229 384 2263 guttis
398 2236 481 2255 unmn
495 2235 593 2262 corpus
610 2228 724 2255 cllicilur
747 2234 774 2256 ct
798 2230 990 2264 compingitur,
1010 2238 1081 2258 rccte

1134 2229 1188 2256 λῶν
1211 2229 1380 2265 συναγομένη
1408 2229 1553 2263 στα-γόνων,
1575 2229 1620 2264 ὑφ’
1643 2228 1672 2254 ἒν
1696 2225 1919 2264 σωματοποιεῖτάι

302 2274 429 2301 Ecclesiae
446 2274 621 2300 concordiam
636 2279 716 2309 atque
736 2282 897 2302 consensum
915 2277 1084 2310 comparavit

301 2321 409 2347 diverso
432 2319 556 2354 exetnplo
582 2327 635 2346 non
655 2319 709 2346 nivi
725 2321 893 2354 permanenti
909 2321 935 2348 in
951 2321 1084 2349 llermouc

301 2369 402 2395 monte.
424 2365 471 2392 sed
492 2364 516 2391 ei
542 2372 602 2399 quae
629 2364 654 2391 in
685 2364 776 2392 Sionis
801 2371 908 2394 montes
935 2367 1083 2394 descendit.

301 2410 422 2445 Namque
444 2415 474 2436 ut
496 2411 566 2438 nivis
584 2411 689 2444 copiam
712 2411 906 2446 intelligamus,
925 2420 1002 2440 mons
1015 2412 1084 2440 iicr-

303 2464 364 2483 mon
377 2456 403 2482 in
418 2456 569 2491 exemplum
593 2462 717 2491 sumptus
742 2463 799 2490 est;
827 2462 856 2485 ut
874 2464 962 2486 autem
981 2468 1085 2487 morum

301 2503 449 2529 secundum
463 2502 546 2529 Deum
562 2503 735 2530 concordiam
748 2504 915 2539 signiﬁcaret
931 2505 1081 2540 Psaltnisla,

302 2556 390 2576 rorem
406 2549 432 2575 in
448 2553 552 2576 montes
570 2548 664 2577 Sionis
675 2550 882 2578 descendentem
900 2552 1057 2578 nominavit.

373 2637 455 2664 Vns.
476 2637 504 2664 5.
521 2635 653 2670 Quoniam
670 2638 726 2665 illic
739 2639 873 2666 mandauit
892 2638 1020 2667 Dominus

579 2674 795 2700 benedictionem.

337 2717 392 2744 Illic
412 2718 487 2751 dicit,
513 2719 582 2753 apud
605 2720 706 2747 fratres
731 2721 903 2747 concorditer
921 2721 1082 2749 habitantes.

303 2766 394 2796 meque
422 2763 494 2791 hanc
518 2772 689 2792 communem
709 2766 803 2798 vitam,
825 2766 872 2794 sed
893 2766 1083 2800 immorlalem,

305 2807 439 2841 intelligit.

345 2868 369 2886 "
382 2867 489 2903 .luan.v,
504 2871 549 2898 55.
587 2872 607 2888 ³⁷
627 2871 708 2900 lCor.
725 2881 745 2906 ι,
761 2873 803 2900 10,

1135 2277 1182 2302 καὶ
1199 2276 1402 2311 συμπήγνυται,
1425 2275 1537 2306 εἰκότως
1550 2274 1599 2310 τὴν
1613 2274 1662 2310 τῆς
1685 2273 1844 2309 Ἐκκλησίας
1855 2273 1919 2308 ὁμό-

1135 2330 1210 2349 νοιαν
1230 2322 1277 2348 καὶ
1295 2321 1454 2357 συμφωνίαν
1475 2321 1606 2347 ἀπείκασε
1626 2320 1659 2346 δι’
1674 2320 1765 2355 ἐτέρου
1791 2319 1920 2354 παραδεί-

1137 2376 1241 2403 γματος
1255 2367 1285 2393 ού
1305 2369 1337 2403 τῇ
1356 2367 1480 2402 χιόνιμτῇ
1503 2366 1677 2402 ἀπομενυύσῃ
1693 2366 1721 2391 ἐν
1740 2365 1779 2400 τῷ
1799 2365 1920 2401 Ἀερμὼν

1135 2413 1203 2450 ὄρει,
1215 2412 1282 2440 ἀλλὰ
1296 2414 1328 2448 τῇ
1340 2412 1540 2448 καταϐαινούσῃ
1551 2411 1598 2439 ἐπὶ
1605 2411 1639 2438 τὰ
1651 2411 1700 2446 ὅρη
1713 2410 1780 2437 Σιών
1788 2420 1796 2427 ”
1814 2412 1857 2438 ἵνα
1873 2412 1920 2447 μὲν

1137 2459 1191 2494 γὰρ
1202 2458 1342 2494 νοήσωμεν
1352 2459 1382 2485 τὸ
1394 2458 1495 2493 πλῆθος
1505 2458 1554 2493 τῆς
1567 2457 1663 2493 χιόνος,
1675 2457 1704 2484 τὸ
1725 2457 1845 2493 Ἀερμὼν
1860 2458 1922 2492 ὅρος

1138 2505 1328 2540 παρείληπται·
1345 2506 1388 2531 ἵνα
1401 2505 1429 2530 δὲ
1442 2504 1489 2531 τοῦ
1505 2504 1576 2531 κατὰ
1587 2503 1652 2530 Θεὸν
1667 2504 1860 2539 πολιτεύματος
1874 2504 1921 2540 τὴν

1136 2552 1294 2586 συμφωνίαν
1316 2550 1433 2587 δηλώσῃ,
1456 2551 1501 2576 ἐπὶ
1515 2549 1549 2576 τὰ
1571 2549 1621 2585 ὅρη
1640 2549 1709 2576 Σιὼν
1729 2549 1780 2585 ἔφη
1800 2549 1922 2576 κατιέναι

1134 2598 1183 2634 την
1196 2597 1300 2633 δρόσον.

1189 2644 1252 2670 Ὅτι
1265 2643 1330 2670 ἐκεῖ
1339 2643 1506 2669 ἐνετείλατο
1525 2642 1631 2676 Κύριος
1644 2642 1702 2676 τὴν
1717 2642 1866 2676 εὐλογίαν.

1181 2723 1253 2749 Ἐκεῖ
1263 2722 1337 2756 λέγει
1357 2721 1431 2757 παρὰ
1442 2723 1498 2753 τοῖς
1516 2721 1686 2748 κατοικοῦσιν
1699 2719 1823 2754 ἀδελφοῖς
1837 2718 1884 2745 ἐπὶ
1890 2718 1924 2746 τὸ

1139 2769 1216 2797 αὐτό·
1230 2769 1277 2796 καὶ
1293 2767 1365 2804 ζωὴν
1379 2768 1410 2795 οὐ
1424 2767 1473 2803 τὴν
1490 2767 1593 2804 κοινὴν,
1612 2766 1679 2794 ἀλλὰ
1696 2766 1745 2802 τὴν
1760 2765 1903 2793 ἀθάνατον.
