2059 3215
210 147 246 175 29
770 148 958 178 COMMENTA
964 149 1022 177 RlA
1041 150 1076 178 IN
1095 149 1262 178 PSALMOS.
1787 153 1827 182 '50

473 204 617 232 ΨΑΛΜΟΣ
634 206 716 235 ΡΛΓν.

351 249 525 285 Εὐλογήσαι
542 257 579 277 σε
594 252 702 286 Κύριος
720 251 754 279 ἐκ
770 252 855 280 Σιών.

247 294 316 330 Ἤδη
333 295 372 330 τῷ
399 296 524 332 Ἀϐραὰμ
546 298 669 333 είρηταιυ
683 299 716 326 οι
734 298 931 334 εὐλογοῦντές
947 308 994 332 σε,

209 341 404 376 εὺιότηνται·
431 341 544 378 δυνάμει
568 343 596 370 δὲ
625 344 719 370 ἑαυτὸν
745 344 851 378 εὐλογεῖ
878 345 893 371 ὁ
917 344 994 372 τοῦτο

159 413 164 419 ,
211 386 295 413 ποιῶν
305 394 312 402 ε
328 387 352 412 εἰ
365 386 394 413 δὲ
410 387 456 413 ἐπὶ
469 387 515 414 τοῦ
539 388 671 425 Ἀὕραὰμ,
687 390 763 425 πόσῳ
778 389 877 424 μᾶλλον
889 391 934 417 ἐπὶ
947 390 993 417 τοῦ

210 432 331 468 Κυρίου;
356 433 387 459 οὐ
408 433 463 469 γὰρ
490 433 572 460 δεῖται
596 434 645 470 τῆς
668 436 732 470 παρ’
754 435 832 471 ἡμῶν
859 435 991 469 εὐλογίας.

211 479 343 510 Ἕκαστος
368 479 395 505 δὲ
412 479 500 514 ἐαυτῷ
520 480 671 516 χαρίζεται,
697 482 744 508 καὶ
761 481 855 508 ἑαυτὸν
877 482 992 516 εὐλογεῖ,

209 524 451 560 ἀντευλογούμενος
462 525 513 552 ὑπὸ
525 525 570 552 τοῦ
581 525 634 553 τῶν
643 527 711 553 ὅλων
723 527 847 562 Ποιητοῦ.
862 527 906 554 Διὸ
920 527 994 563 ττρῶ-

209 578 254 596 τον
267 570 382 606 εἴρηται·
401 572 558 606 Εὑλογεῐτε
572 573 625 599 τὸν
644 573 760 607 Κύριον·
779 571 827 600 εἴθ’
842 574 914 609 ἑξῆς·
934 575 992 601 Εὑ-

208 616 338 651 λοτήσαι
349 624 386 644 σε
401 618 519 652 Κύριος.

463 664 607 691 ΨΔΛΜΟΣ
632 665 715 691 ΡΛΔ’.

241 707 279 742 Τῇ
295 707 348 734 τῶν
355 707 430 744 ῲδῶν
444 709 545 746 ἐσχάτῃ
557 709 605 742 τὰς
617 709 702 742 αὐτὰς
715 710 784 745 ἔχων
794 710 890 743 λέξεις,
899 711 913 738 ὁ
922 720 991 747 παρ-

206 752 244 779 ὼν
269 751 343 785 αἶνος
377 754 489 785 εἰκότως
511 755 690 790 παράκειται·
714 756 754 782 διὸ
772 755 802 782 τὸ
823 757 991 791 ἀλληλούῑα

207 799 431 836 ’προγέγραπται⁸
448 800 496 827 τοῦ
515 801 564 836 μὲν
579 801 715 835 ἀλληλοὺ
734 801 875 837 δηλοῦντος
895 803 925 829 τὸ
945 805 988 830 al-

206 846 293 879 νεῖτε,
310 846 356 873 τοῦ
373 847 394 873 δ’
416 846 456 879 ια,
467 847 520 874 τὸν
536 848 653 882 Κύριον.
671 848 749 875 Είποι
765 848 787 874 δ’
803 849 835 876 ἄν
845 856 886 880 τις
905 849 988 884 ὕμνον

205 889 274 918 εἶναι
297 892 329 918 τὰ
347 892 452 927 πρῶτα,
475 893 513 926 ὡς
538 894 567 920 ὲν
586 894 719 929 προοιμίῳ
742 893 907 930 διεγείροντα
926 895 988 927 τοὺς
1004 885 1024 912 Β

205 938 455 974 προσταττομένους
478 940 563 966 αίνεῖν
584 939 629 966 τὴν
649 939 731 966 Θεὸν-
757 940 922 975 ἀρχομένους
940 941 987 967 τοῦ

205 983 278 1010 αἴνου
297 984 349 1010 ἀπὸ
362 984 419 1017 τοῦ,
436 985 534 1019 Κύριε,
547 984 580 1011 τὸ
592 985 684 1020 ὄνομά
697 993 754 1013 σου
765 988 807 1019 εΙς
818 987 871 1013 τὸν
885 987 986 1014 αἰῶνα.

205 1029 328 1064 Κατηχεῖ
340 1030 368 1056 δὲ
385 1030 562 1066 ἀποστρέφων
578 1030 704 1065 εἰδώλων,
723 1033 770 1058 καὶ
783 1032 902 1059 διδάσκει
916 1033 987 1068 γνῶ-

208 1083 250 1101 σιν
264 1075 342 1102 Θεοῦ.
360 1076 490 1112 Τοιαύτης
503 1077 556 1113 γὰρ
571 1078 635 1109 τοὺς
648 1077 695 1104 νῦν
705 1078 742 1114 (8)
759 1078 788 1110 ἐξ
808 1078 891 1105 ὲθνῶν
905 1088 988 1114 προσ-

208 1120 296 1152 ιόντας
316 1121 368 1147 ἔδει
390 1122 478 1156 τυχεῖν
504 1123 705 1159 παραινέσεως·
731 1124 778 1156 οὓς
805 1125 852 1151 καὶ
877 1124 985 1158 δούλους

204 1167 288 1199 καλεῖ,
304 1168 386 1203 μήπω
406 1167 436 1194 τὸ
454 1168 560 1204 πνεῦμα
580 1169 629 1204 τῆς
647 1169 781 1200 υἱοθεσίας
798 1170 985 1206 ἀνειληφότας,

203 1211 348 1246 Συμϐαίνει
361 1212 389 1239 δὲ
397 1212 507 1245 τούτους
519 1213 572 1249 πρὸ
587 1213 635 1249 (8‘)
652 1214 701 1249 τῆς
710 1215 916 1249 παλιγγενεσίας
926 1216 986 1242 λου-

201 1257 276 1293 τροῦ,
290 1258 382 1285 στάσιν
392 1257 464 1293 ἔχειν
475 1259 503 1285 ὲν
513 1258 580 1294 οἴκῳ
591 1259 658 1285 Θεοῦ
671 1259 723 1286 τῶν
736 1260 818 1286 αὑτοῦ
830 1261 985 1296 προπύλων,

200 1303 258 1330 ἀλλ’
288 1304 318 1330 οὐ
348 1303 401 1330 τῶν
428 1304 559 1331 ἐνδοτάτω
586 1305 724 1341 τυχόντας·
752 1307 906 1343 εἰσαγωγὴν
932 1307 986 1344 γὰρ

200 1348 288 1384 ἔσχον,
313 1349 369 1376 ἀλλ’
393 1349 422 1375 οὺ
444 1349 591 1377 τελείωσιν.
614 1351 741 1387 Διάφοροί
763 1361 794 1386 γε
821 1352 873 1388 μὴν
895 1353 985 1386 αὐλαὶ,

201 1395 262 1421 ἐπεὶ
276 1395 321 1422 καὶ
335 1395 456 1432 διάφοροι
465 1396 518 1423 τῶν
528 1397 713 1432 εἰσαγομένων
727 1399 751 1424 οἱ
766 1398 828 1432 βίοι·
845 1400 985 1435 προκοπῆς

199 1441 238 1472 δὲ,
257 1440 287 1467 τὸ
302 1441 370 1476 μετὰ
384 1441 414 1467 τὸ
427 1442 510 1468 αἰνεῖν
525 1442 557 1468 τὸ
571 1441 656 1477 ὄνομα
671 1442 784 1478 Κυρίου,
803 1444 883 1469 αὑτὸν
900 1444 931 1480 δὴ
945 1445 986 1470 αἰ-

199 1486 275 1512 νέσαι
295 1487 340 1513 τὸν
362 1487 477 1523 Κύριον·
495 1487 534 1513 δεῖ
550 1487 603 1523 γὰρ
621 1487 727 1523 πρῶτον
746 1488 908 1523 μαθεῖνγότι
928 1490 985 1516 ἔστι

199 1531 267 1557 Θεοῦ
281 1532 376 1566 Λόγος.
392 1532 549 1567 ἐφεστηκὼς
561 1533 600 1568 τῷ
614 1534 695 1559 παντὶ
708 1534 812 1569 κόσμῳ,
827 1535 873 1560 καὶ
887 1534 983 1561 δεσπό-

1274 207 1433 235 PSALMUS
1457 207 1597 236 CXXXIII.

1131 253 1214 282 Vens.
1231 254 1257 282 5.
1279 254 1421 282 Benedicat
1438 259 1461 281 te
1478 255 1604 282 Dominus
1619 264 1651 282 ea:
1663 255 1738 283 Sion.

1079 298 1148 326 Olim
1165 300 1320 327 Abrahamo
1339 300 1439 329 dictum
1457 299 1526 327 fuit:
1544 300 1595 333 Qui
1618 305 1642 327 te
1660 302 1824 333 benedicunt.

1045 344 1170 371 benedicti
1188 350 1248 372 sunt
1260 345 1292 370 ".
1312 343 1466 371 Virtualiler
1478 349 1566 372 autem
1582 350 1667 372 semel
1683 346 1825 379 benedicit,

1044 392 1089 426 qui
1108 392 1135 418 id
1157 392 1222 426 agit.
1240 390 1316 424 Quod
1337 390 1359 418 si
1386 390 1412 417 in
1430 390 1585 417 Abrahamo
1609 391 1703 422 valuit,
1725 395 1825 425 quanto

1045 438 1130 473 magis
1143 437 1170 464 in
1182 436 1316 464 Domino?
1330 436 1386 463 Non
1400 436 1472 463 enim
1489 437 1513 464 is
1533 443 1625 464 nostra
1643 437 1826 464 benedictione

1044 483 1155 519 indiget.
1186 483 1377 518 Unusquisque
1399 487 1489 510 autem
1518 483 1569 510 sibi
1594 483 1774 518 gratiﬁcatur,
1797 489 1825 510 et

1044 530 1094 557 sibi
1122 530 1265 560 benedicit,
1294 530 1356 563 quia
1382 530 1502 557 vicissim
1528 529 1562 556 ab
1589 530 1708 556 omnium
1735 537 1822 556 rerum

1042 575 1173 603 Crcatore
1194 575 1372 602 benedicitur.
1395 575 1456 602 Ideo
1473 575 1559 610 primo
1578 575 1677 602 dictum
1696 579 1736 602 est
1751 582 1758 601 :
1775 573 1826 601 Be-

1042 622 1153 649 nedicite
1168 621 1318 648 Dominum.
1339 621 1439 648 Deinde
1453 630 1460 647 ι
1477 620 1616 647 Benedicnl
1632 625 1656 647 te
1669 620 1806 647 Dominus.

1274 666 1435 694 PSALMUS
1454 665 1594 693 CXXXIV.

1076 712 1238 740 Laudativus
1264 712 1307 740 hic
1323 712 1441 747 psalmus
1463 713 1560 740 merilo
1583 712 1753 747 subjungitur
1775 718 1824 747 po-

1040 762 1141 785 stremo
1155 758 1330 790 canticorum,
1341 758 1401 792 quia
1423 758 1516 785 iisdem
1533 757 1709 785 locationibus
1724 758 1822 788 utitur;

1040 811 1121 838 quam
1138 804 1172 831 oh
1190 811 1245 831 rem
1261 803 1370 830 alleluia
1384 810 1493 838 quoque
1508 803 1533 830 ei
1550 803 1734 838 prmponitur:
1751 811 1824 829 nam-

1039 857 1091 884 que
1110 849 1200 881 allelu,
1218 849 1327 876 laudate
1347 848 1492 883 signiﬁcat,
1514 849 1551 881 ia,
1574 848 1724 875 Dominum.
1750 847 1823 874 Dicet

1039 904 1104 922 sane
1118 895 1216 930 aliquis
1232 896 1349 930 priorem
1374 895 1467 929 psalmi
1491 899 1605 930 partem,
1625 894 1717 929 hymni
1734 893 1820 920 locum

1040 946 1130 968 tenere
1142 960 1149 971 .
1167 941 1293 968 excitatis
1317 941 1344 967 in
1367 940 1502 974 prooemio
1525 939 1557 966 iis
1573 939 1618 974 qui
1637 939 1682 966 Dei
1699 939 1822 966 laudibus

1037 987 1159 1014 dicendis
1183 987 1281 1014 addicti
1296 992 1378 1018 sunt;
1401 986 1446 1020 qui
1463 993 1556 1020 reapse
1574 985 1698 1011 laudandi
1715 984 1819 1011 initium

1037 1032 1140 1059 faciunt
1149 1033 1182 1059 ab
1198 1031 1249 1059 illis
1260 1032 1361 1063 verbis,
1371 1040 1463 1058 nomen
1476 1037 1559 1063 tuum,
1573 1030 1692 1063 Domine,
1707 1031 1734 1058 in
1746 1035 1822 1058 teter-

1038 1085 1109 1104 num.
1132 1077 1258 1104 Doctrina
1283 1081 1373 1103 autem
1395 1077 1511 1103 traditur
1533 1076 1566 1102 ab
1583 1076 1660 1103 idolis
1686 1081 1821 1108 avertens,

1037 1128 1064 1151 et
1086 1123 1129 1150 Dei
1154 1123 1276 1150 notitiam
1303 1122 1441 1157 ingerens.
1468 1121 1531 1148 Haec
1553 1121 1606 1148 illis
1627 1121 1684 1149 iicri
1708 1121 1822 1149 debebat

1037 1169 1199 1201 adhortatio,
1215 1168 1261 1202 qui
1277 1176 1348 1195 nunc
1361 1175 1393 1194 ex
1407 1167 1523 1194 ethnicis
1541 1167 1573 1194 ad
1589 1168 1666 1194 Iidem
1679 1167 1822 1199 accedunt,

1037 1222 1104 1249 quos
1121 1214 1202 1241 etiam
1225 1221 1318 1241 servos
1339 1214 1469 1248 appellat,
1496 1218 1589 1248 utpote
1610 1213 1735 1247 spiritum
1755 1213 1821 1240 ado-

1037 1261 1136 1295 ptionis
1154 1261 1271 1287 nondum
1290 1259 1411 1294 adeptos.
1436 1259 1531 1287 Solent
1551 1263 1641 1286 autem
1658 1259 1683 1285 hi
1698 1263 1761 1286 ante
1777 1266 1821 1285 re-

1036 1305 1218 1341 generationis
1240 1305 1389 1337 lavacrum,
1408 1304 1552 1332 stationem
1576 1304 1675 1331 habere
1699 1304 1724 1331 in
1742 1304 1822 1331 domo

1036 1352 1082 1380 Dei
1099 1357 1161 1379 ante
1181 1351 1264 1383 fores,
1281 1351 1399 1378 nondum
1415 1351 1440 1377 iu
1466 1351 1594 1377 interiora
1611 1350 1709 1384 recepti
1726 1358 1734 1377 :
1758 1357 1820 1377 eru-

1035 1399 1147 1425 diuntur
1161 1398 1245 1429 enim,
1262 1398 1307 1424 sed
1332 1397 1420 1424 adhuc
1443 1404 1495 1423 non
1517 1402 1579 1423 sunt
1595 1395 1716 1430 perfecti.
1739 1395 1822 1423 Porro

1036 1442 1149 1468 diversa:
1159 1445 1223 1468 sunt
1241 1440 1320 1472 aulte,
1344 1441 1408 1475 quia
1429 1440 1535 1467 diversa
1558 1445 1599 1467 est.
1612 1441 1820 1467 catechumeno-

1037 1495 1095 1513 rum
1109 1487 1163 1513 vita
1177 1497 1182 1513 :
1198 1486 1299 1520 gradus
1315 1493 1379 1512 vero
1396 1487 1534 1521 provectio
1548 1491 1590 1513 est
1607 1491 1667 1520 post
1685 1486 1819 1514 laudatum

1037 1541 1132 1560 nomen
1152 1531 1267 1565 Domini,
1289 1532 1430 1559 Dominum
1454 1532 1542 1565 ipsum
1566 1532 1687 1559 laudare.
1711 1532 1822 1567 Oportet

200 1576 254 1608 ζων
278 1578 370 1605 αὐτοῦ·
394 1576 453 1606 εἶτα
473 1579 536 1614 περί
559 1587 589 1605 τε
613 1579 706 1611 οὐσίας
726 1579 809 1606 αὑτοῦ
826 1579 922 1615 μαθεῖν
936 1582 982 1607 καὶ

1037 1579 1105 1606 enim
1124 1579 1238 1613 primum
1256 1577 1378 1608 discere,
1396 1577 1440 1604 Dei
1459 1584 1518 1604 esse
1534 1578 1650 1604 Verbum
1670 1579 1740 1612 quod
1759 1578 1819 1604 nni-

199 1623 348 1659 δυνάμεως,
362 1625 425 1651 Υίόν
437 1633 467 1651 τε
474 1624 574 1659 γνῶναι
590 1625 718 1661 μονογενῆ
734 1625 780 1652 τοῦ
797 1625 875 1653 Θεοῦ.

1035 1633 1111 1652 verso
1144 1624 1242 1651 mundo
1265 1623 1390 1657 prmsidet
1417 1630 1449 1650 ac
1474 1623 1627 1650 dominatur
1647 1632 1654 1650 :
1678 1624 1775 1651 deinde
1793 1629 1821 1651 ct

201 1669 259 1704 ejus
286 1670 465 1698 substantiam
492 1671 694 1707 potentiamque
721 1680 897 1708 cognoscere,
917 1678 944 1702 et
963 1674 1033 1708 quod
1054 1673 1098 1699 Dei
1117 1673 1151 1699 sit
1167 1671 1335 1706 Uuigenitus.

208 1740 320 1767 Αινεῖτε
336 1739 388 1765 τὸν
400 1740 520 1773 Κύριον,
537 1741 581 1767 ὅτι
602 1740 713 1775 ἀγαθὸς
729 1741 846 1776 Κύριος,
863 1751 890 1769 κ.
906 1752 931 1770 1.
945 1743 970 1770 λ.

239 1783 315 1810 Ἐπεὶ
330 1783 430 1817 ἀγαθὸς
443 1784 553 1821 Κύριος,
570 1786 667 1812 αἰνείτε
683 1786 774 1813 αὐτόν.
799 1787 878 1813 Αίτία
892 1787 920 1814 δὲ
934 1788 981 1814 τοῦ

198 1829 293 1859 αίνεῖν,
311 1829 342 1854 τὺ
365 1829 465 1863 ἀγαθὸν
481 1831 510 1856 οὺ
532 1831 601 1856 κατὰ
623 1831 728 1866 μέθεξιν
749 1830 829 1864 εἶναι,
853 1833 983 1865 ὡσαύτως

198 1873 227 1900 δὲ
244 1873 283 1909 τῷ
296 1874 383 1910 Πατρί
397 1874 446 1910 (9).
457 1875 588 1910 Αἰνοῢμεν
600 1876 628 1902 δὲ
643 1877 672 1903 οὺ
685 1879 718 1912 τῇ
729 1877 799 1910 λέξει
815 1879 903 1914 μόνον,
916 1879 982 1906 ἀλλὰ

199 1919 246 1945 καὶ
262 1919 370 1954 μεθέξει
385 1919 439 1946 τῶν
454 1920 563 1954 ἀγαθῶν
580 1921 672 1953 αὑτοῦ,
687 1922 724 1954 ὠς
740 1923 797 1949 δέον
820 1924 847 1950 δὲ
863 1926 896 1960 τῇ
915 1925 982 1952 θεω-

200 1964 245 1999 pia.
269 1964 316 1991 καὶ
330 1966 386 1996 τοῖς
401 1964 620 2001 θεολογουμένοις
642 1968 732 2004 ἔργοις
748 1969 877 2004 πράττειν
899 1971 984 2006 ἁρμό-

197 2009 240 2036 δια
251 2029 258 2041 ,
282 2009 322 2041 τὸ,
344 2010 462 2038 Ψάλατε
482 2011 523 2044 τῷ
538 2012 659 2047 ὀνόματι
673 2009 789 2045 αὑτοῦ,ν
798 2015 981 2050 ἐπενήνεκται·

198 2055 276 2082 τοῦτο
289 2055 343 2092 γὰρ
360 2056 408 2091 ἡδὺ
422 2057 469 2083 καὶ
488 2058 559 2093 ὑπὲρ
581 2060 670 2085 πᾶσαν
685 2060 872 2096 χρηστότητα·
894 2061 984 2088 αἰνοῦ-

200 2108 249 2135 μεν
269 2101 297 2127 δὲ
313 2102 393 2128 αὐτὸν
407 2103 467 2129 ἐπεὶ
481 2103 619 2137 ἐξελέξατο
634 2105 722 2141 ἑαυτῷ
742 2106 788 2132 τὸν
810 2106 984 2142 πτερνίζοντα

1035 1741 1115 1767 Vnus.
1128 1740 1154 1766 5.
1167 1738 1286 1766 Laudate
1294 1738 1444 1770 Dominum,
1454 1738 1515 1772 quia
1529 1737 1609 1765 bonus
1621 1737 1757 1769 Dominus,
1766 1743 1818 1765 etc.

1069 1785 1200 1819 Quoniam
1233 1785 1321 1812 bonus
1352 1788 1393 1811 est
1419 1784 1562 1815 Dominus,
1587 1784 1673 1818 ipsum
1700 1784 1818 1812 laudate.

1032 1831 1120 1858 Causa
1146 1835 1236 1858 autem
1265 1830 1391 1857 laudandi
1420 1835 1471 1861 est,
1498 1829 1603 1857 bonitas
1626 1830 1684 1864 ejus
1707 1838 1759 1857 non
1785 1839 1818 1857 ex

1033 1876 1149 1909 quadam
1163 1875 1375 1909 participatione.
1386 1874 1431 1901 sed
1444 1874 1503 1907 quia
1517 1874 1626 1908 perinde
1636 1879 1677 1902 cst
1688 1882 1719 1902 ac
1727 1874 1816 1904 Pater.

1035 1922 1188 1949 Laudamus
1204 1926 1291 1948 autem
1310 1927 1362 1946 nou
1378 1919 1468 1946 verbis
1482 1919 1580 1951 solum,
1598 1919 1644 1946 sed
1660 1920 1741 1946 etiam
1758 1928 1820 1954 par-

1036 1967 1192 2002 ticipatione
1216 1967 1347 1993 bonormn
1369 1964 1425 1997 ejus
1450 1973 1457 1990 :
1482 1964 1545 1998 quia
1566 1965 1692 1991 nimirum
1712 1971 1822 2000 oportet

1037 2014 1191 2040 lbeorvtit-a:
1205 2012 1382 2047 spt-culationi
1393 2017 1419 2038 et
1433 2012 1589 2046 theologica!
1598 2012 1693 2047 regula:-
1704 2012 1818 2044 actibus.

1035 2059 1152 2093 reliqnos
1172 2066 1261 2085 mores
1283 2057 1448 2088 consentire,
1475 2057 1596 2089 Pan/lite,
1623 2058 1740 2085 additum
1766 2063 1819 2090 est,

1037 2104 1135 2130 nomini
1163 2103 1231 2138 ejus,
1250 2103 1312 2137 quia
1336 2103 1414 2130 dulce
1437 2103 1462 2130 id
1483 2107 1543 2135 est,
1565 2108 1592 2130 et
1612 2111 1692 2138 super
1711 2111 1818 2131 omnem

197 2145 232 2171 τὰ
257 2145 329 2180 πάθη
355 2147 401 2173 καὶ
425 2147 473 2179 τὰς
495 2149 593 2181 κακίας
619 2150 726 2181 Ἰακὼϐ,
754 2151 880 2178 ἐκλεκτὸν
903 2153 982 2179 αὑτὸν

1037 2150 1204 2177 suavitatem.
1220 2149 1304 2176 Porro
1320 2157 1381 2176 eum
1397 2149 1548 2181 laudamus,
1563 2149 1624 2183 quia
1641 2150 1692 2177 sibi
1718 2150 1818 2185 delegit

197 2190 339 2224 τιθέμενος
353 2192 397 2219 διὰ
419 2193 449 2219 τὸ
470 2194 678 2223 καταλελυκέναι
694 2197 742 2229 τὰς
764 2198 796 2224 ὲκ
812 2199 910 2230 κακίας
935 2199 982 2226 καὶ

198 2235 290 2262 παθῶν
307 2237 412 2269 πάλας’
430 2238 497 2266 ἀλλὰ
510 2241 615 2267 καὶτὸν
631 2243 688 2276 μετ’
705 2243 785 2269 αὑτὸν
807 2243 852 2269 τὸν
873 2244 980 2276 Ἰακὼϐ,

198 2282 229 2308 ὲκ
245 2283 386 2318 προκοπῆς
407 2284 600 2320 ἀποδειχθέντα
622 2287 738 2323 Ἰσραὴλ,
761 2289 801 2321 εἰς
825 2298 981 2325 περιουσια-

200 2326 265 2361 σμδν
281 2328 368 2364 ἐαυτῷ
389 2329 537 2362 ὲξελέξατο’
556 2332 603 2358 καὶ
622 2332 665 2359 διὰ
681 2333 758 2360 τοῦτο
771 2333 835 2365 λαός
853 2335 910 2360 ἐστι
931 2343 980 2361 πε-

200 2372 314 2408 ριούσιος
330 2375 383 2402 ἀπὸ
400 2376 508 2403 πάντων
527 2377 581 2404 τῶν
597 2377 681 2405 ὲϐνῶν
698 2379 852 2415 περιουσίου
869 2380 981 2415 γενομέ-

199 2427 256 2450 νου,
274 2420 378 2447 πάντων
392 2423 455 2458 περὶ
468 2423 518 2457 τὴν
532 2423 625 2449 οὐσίαν
642 2424 688 2451 καὶ
704 2424 751 2459 τὴν
766 2424 881 2459 ὕπαρξιν
896 2433 980 2451 κατα-

199 2465 350 2500 γινομένου.
371 2467 410 2502 τῷ
430 2469 551 2504 μετέχειν
572 2469 656 2505 αὐτῆς
675 2469 751 2501 ὖντος
764 2470 811 2497 καὶ
833 2470 914 2507 σοφοῦ
933 2471 981 2497 καὶ

198 2511 285 2545 Λόγου
295 2511 372 2539 Θεοῦ.

197 2553 300 2599 "dum
317 2555 375 2595 ὅσα
396 2557 544 2599 ἠθέλησεν
560 2561 581 2599 ιξ,
603 2561 716 2599 Ιςύριος.
728 2561 872 2599 ἐπτοίησεν
892 2562 928 2588 ἑν
941 2562 982 2599 τῷ

232 2591 350 2623 ον’φιινῷ
366 2591 414 2618 καὶ
429 2592 462 2618 ἐν
483 2593 518 2627 τῇ
542 2594 590 2628 γῇ,
612 2591 651 2622 ἐνῖ
666 2591 730 2629 τᾱῑς
747 2591 916 2630 θαλάσσαις
932 2591 981 2624 κάλ

232 2623 267 2650 ἐν
280 2625 395 2650 πάσαιν·
410 2627 474 2650 ταῖν
490 2629 634 2650 dﬁi'mrnmn

280 2629 395 2659 πάσαις
410 2629 474 2660 ταῖς
490 2629 644 2663 ἀϐύσσοις.

233 2670 324 2698 Πάντα
341 2672 391 2698 ὅσα
414 2673 538 2709 ἐποίησεν
558 2676 572 2702 ὁ
595 2677 707 2712 Κύριος,
731 2677 801 2706 καλά
823 2678 906 2710 ἐστιν,
933 2678 981 2705 ἅτε

235 2759 258 2776 ³⁵
269 2760 336 2788 Gen.
353 2771 401 2794 xu.
420 2763 448 2790 5.

233 2805 270 2840 (8)
286 2806 333 2834 llic
348 2808 425 2848 vides
446 2809 553 2849 Eusebii
567 2810 739 2849 Ctesariensis
768 2818 899 2848 tempora,
913 2815 976 2849 qui-

199 2844 408 2903 gggaprmcipue
427 2845 598 2872 ethnicorum
618 2848 651 2874 ad
675 2848 810 2876 Christum
824 2844 977 2878 'couve'rsio

1035 2201 1198 2223 evertentem
1212 2195 1281 2222 mala
1295 2200 1322 2223 et
1337 2195 1493 2229 iniquitates
1504 2197 1587 2223 Jacob
1603 2216 1611 2228 ,
1627 2196 1742 2223 electura
1757 2204 1818 2223 eum

1035 2242 1214 2274 constituens,
1238 2242 1300 2275 quia
1325 2241 1405 2268 solvit
1424 2243 1551 2277 nequitiae
1566 2241 1743 2276 dolorumque
1760 2250 1820 2269 cer—

1035 2287 1147 2313 tamina.
1164 2286 1215 2313 Sed
1231 2291 1259 2314 et
1276 2287 1349 2313 illntn
1365 2286 1410 2321 qui
1428 2292 1488 2322 post
1502 2287 1628 2315 Iacobum
1646 2288 1706 2320 fuit,
1726 2295 1821 2323 nempe

1034 2339 1093 2359 eum
1108 2333 1153 2367 qui
1172 2332 1299 2367 temporis
1323 2340 1466 2367 progressu
1485 2333 1574 2361 dictus
1598 2338 1640 2360 est
1660 2333 1754 2365 Israel,
1774 2341 1820 2367 pe-

1033 2378 1160 2405 culiarem
1185 2378 1236 2405 sibi
1261 2385 1309 2405 ceu
1335 2379 1535 2412 possessionem
1555 2379 1655 2415 delegit
1678 2387 1684 2406 :
1708 2379 1819 2413 ideoque

1033 2424 1147 2458 populus
1170 2428 1211 2450 est
1232 2424 1387 2458 peculiaris,
1407 2432 1439 2452 ex
1461 2425 1585 2452 omnibus
1602 2425 1746 2460 gentibus;
1773 2431 1818 2458 pe-

1034 2469 1155 2500 culiaris.
1176 2470 1297 2504 inquam,
1316 2470 1451 2504 possessio
1475 2475 1502 2497 et
1525 2471 1676 2498 substantia
1694 2469 1816 2501 ell'cctus,

1036 2520 1170 2550 quatenus
1187 2522 1246 2542 eam
1265 2520 1336 2542 tenet
1351 2516 1458 2550 sapiens
1472 2516 1517 2544 Dei
1532 2515 1659 2543 Verbum.

1036 2561 1117 2588 Vens.
1135 2561 1161 2588 6.
1187 2560 1283 2588 Omnia
1309 2569 1470 2595 qutrcunque
1495 2561 1578 2588 voluit
1607 2561 1732 2587 Dominus
1756 2560 1816 2594 fecit

1069 2598 1101 2658 illi,
1120 2596 1183 2637 uelo
1207 2602 1231 2622 et
1260 2598 1287 2622 in
1314 2602 1395 2629 terra,
1421 2601 1450 2623 in
1473 2597 1589 2623 maribus
1614 2600 1638 2621 et
1666 2596 1693 2622 in
1716 2596 1816 2623 cunctis

1069 2640 1084 2658 a
1104 2639 1180 2658 unm.

1069 2639 1180 2666 aoynsia.

1071 2677 1244 2711 Quzecunque
1261 2677 1388 2704 Dominus
1412 2676 1486 2709 fecit,
1512 2676 1580 2703 bona
1598 2679 1671 2710 sunt,
1689 2677 1751 2711 quia
1769 2684 1817 2706 v0-

1065 2814 1114 2850 (8‘)
1136 2815 1214 2842 Deest
1234 2815 1292 2843 τοῦ.
1311 2815 1388 2842 Ευιτ.

1065 2850 1103 2883 (9)
1118 2850 1311 2877 Animadverte
1340 2849 1446 2877 Itusebii
1468 2850 1621 2882 doctrinam
1635 2855 1814 2883 στἰιοιῐοππεςη

1029 2885 1062 2912 de
1076 2884 1130 2913 Deo
1146 2884 1242 2913 Verbo.
