2059 3215
301 153 335 182 Si

637 159 771 189 EUSEBII
789 161 1028 191 C(ESARlENSlS
1046 162 1123 191 OPP.

1142 163 1232 191 PARS
1250 164 1294 193 lll.
1311 181 1345 187 —-
1363 165 1566 196 EXEGETICA.
1885 173 1919 201 :52

301 212 372 239 lente
387 213 441 240 Deo
457 214 490 241 ad
503 215 687 246 exsistendum
704 221 843 254 perducta.
870 221 897 249 Si
914 222 976 256 quid
992 227 1061 249 tame

1113 232 1120 253 ι
1136 222 1341 259 θελήματιθεοῦ
1348 226 1517 262 γεγενημένα
1527 236 1533 242 ·
1548 228 1572 254 εί
1589 227 1617 254 δέ
1629 228 1656 254 τί
1673 228 1745 255 ἐστιν
1759 229 1788 255 ὲν
1800 230 1916 267 οὐρανῷ,

299 261 343 285 est
363 259 388 285 in
408 261 489 292 ctelo,
507 262 585 288 veluti
599 264 731 296 spiritalia
748 267 885 301 nequitiae,
899 272 946 294 aut
963 268 989 294 in
1004 271 1086 300 terra,

300 304 382 331 veluti
408 305 531 334 homines
554 313 731 343 peccalores,_
746 317 792 338 aut
816 313 842 339 in
867 313 997 346 maribus,
1014 314 1087 342 velut

298 349 423 377 draconis
445 351 610 387 improbitas,
628 359 673 382 aut
694 357 718 383 in
739 357 855 393 abyssis,
870 359 1084 395 velutiniquitas

298 395 473 424 scelestarum
502 398 619 433 illorum,
646 402 691 436 qui
716 403 779 430 illuc
805 404 881 432 abire
900 406 968 440 jussi
999 411 1082 440 sunt;

298 440 375 476 haec,
407 443 534 479 inquam,
558 446 628 474 Deus
654 456 706 476 non
734 449 824 478 elIecit
852 452 992 480 voluntate
1021 461 1080 481 sua.

299 486 420 524 Namque
433 497 466 517 ex
484 498 532 518 ore
546 491 652 521 Domini
670 495 741 523 haud
758 497 903 531 prodibunt
917 499 985 526 mala
1002 499 1081 527 simul

295 539 322 560 et
348 535 458 564 bonum.

350 581 432 610 VERS.
449 584 476 612 7.
494 584 546 617 Qui
562 587 649 613 educit
667 591 755 616 ventos
769 589 801 615 de
818 591 948 618 tliesauris
965 591 1029 619 suis.

331 627 397 656 Dum
422 630 466 659 hic
490 631 558 660 dicit
588 636 748 668 thesauros.
782 637 854 665 haud
878 646 943 666 sane
977 640 1079 668 indicat

293 676 423 709 quosdam
449 685 510 705 esse
538 683 680 707 ventorum
701 681 861 717 thesauros,
885 685 932 712 sed
955 685 1077 719 jubentis

293 721 382 755 potius
398 723 577 756 celeritatem,
594 730 622 753 et
638 728 676 754 rei
699 736 831 762 possessa:
847 735 970 764 paratam
989 731 1077 759 {acili-

292 771 386 795 tatem.
408 769 483 797 Sicut
500 772 572 799 enim
588 773 632 806 qui
650 774 805 803 thesaurum
832 777 902 811 apud
925 785 955 805 se
980 778 1073 811 habet,

290 813 416 847 expedite
442 816 604 850 admodum,
631 820 845 856 quotiescunque
876 823 949 856 vult,
976 829 1073 851 cuncta

292 857 356 884 inde
374 859 494 894 profert;
520 862 555 889 ita
572 867 599 890 et
610 865 729 892 omnium
749 865 864 894 Creator
879 873 973 896 cuncta
995 867 1073 897 facile

287 902 386 937 effecit,
402 910 429 932 el
443 907 476 932 ad
489 909 677 936 exsistentiam
691 912 824 944 perduxit.

342 949 423 977 Vens.
441 952 467 979 8.
494 953 546 984 Qui
564 957 693 989 percussit
707 958 881 993 primogenita
897 959 1018 995 Egypti.

321 996 389 1028 Quia
406 999 525 1026 nonnulli
549 1001 682 1029 mundana
700 1006 884 1033 tantummodo
901 1013 933 1034 ac
949 1007 1070 1036 coelestia

284 1042 380 1069 dicunt
400 1045 568 1078 providentia
592 1047 637 1075 Dei
662 1049 819 1083 gubernari,
831 1051 1001 1079 demonstrat
1024 1054 1071 1080 htt-

286 1094 364 1115 mana
380 1097 488 1124 quoque
506 1099 577 1119 cura:
594 1100 654 1121 esse
667 1095 767 1129 eidem,
786 1097 831 1130 qui
846 1101 873 1123 et
887 1105 958 1125 nunc
973 1099 1069 1133 impios

283 1133 371 1166 punit,
395 1139 423 1164 et
448 1135 552 1170 piorum
577 1145 665 1173 genus
689 1141 816 1175 protegit.
841 1141 893 1169 Sed
911 1144 982 1171 enim
1004 1145 1068 1171 olim

284 1178 392 1211 quidem
407 1181 495 1214 portio
509 1187 568 1209 erat
584 1184 699 1218 Domini,
714 1186 740 1212 id
756 1192 798 1214 est
813 1187 860 1215 Dei
877 1189 967 1223 Verbi,
984 1198 1067 1224 popu-

283 1223 326 1250 Ius
348 1224 406 1258 ejus
431 1225 533 1259 Jacob,
555 1227 689 1257 funiculus
709 1232 877 1261 luereditatis
900 1235 959 1269 ejus
973 1223 1064 1264 Israel.

281 1266 427 1302 Postquam
447 1278 510 1298 vero
527 1272 561 1299 ob
581 1281 657 1301 suam
681 1266 923 1312 irreligiositatem-
937 1280 981 1308 ille
1004 1289 1066 1316 pro-

280 1312 371 1346 lapsus
393 1319 451 1347 est,
476 1316 577 1344 dictum
599 1318 650 1345 fuit
674 1320 821 1350 humanalo
836 1323 926 1352 Verbo
945 1335 951 1352 :
972 1312 1034 1354 Pete
1048 1336 1064 1354 α

280 1366 330 1390 τηε,
345 1364 369 1386 et
385 1360 453 1388 dabo
469 1362 516 1388 tibi
530 1368 618 1397 gentes
633 1364 811 1395 hereditatem
827 1374 898 1396 tuam
910 1371 942 1397 ³³.

332 1447 413 1476 Vens.
430 1450 474 1477 45.
488 1451 609 1486 Domine,
625 1462 718 1482 nomen
735 1460 809 1484 tuum
828 1459 855 1485 in
872 1465 1008 1488 (sternam.

313 1493 382 1521 Nihil
396 1499 535 1532 tantopere
553 1499 586 1526 ad
600 1500 718 1528 divinam
735 1502 935 1532 Providentiam
944 1513 1059 1541 spectat,

275 1547 356 1574 quam
377 1541 473 1569 docere
493 1543 628 1577 homines.
646 1553 678 1573 ne
694 1554 784 1575 rerum
805 1549 874 1577 hanc
891 1551 1054 1580 universita-

276 1590 328 1612 tem
344 1587 402 1615 sine
419 1588 602 1622 gubernatore
618 1599 678 1619 esse
693 1594 816 1623 credant.
839 1595 927 1628 Quare
947 1602 975 1625 et
992 1606 1058 1626 cou-

277 1632 352 1660 tinua
366 1635 436 1668 apud
455 1643 504 1665 nos
525 1641 566 1664 est
585 1638 631 1665 Dei
649 1641 788 1671 memoria.
802 1641 878 1675 cujus
895 1645 1060 1679 magnitudi-

274 1685 335 1705 nem
360 1687 374 1705 a
391 1680 540 1714 majoribus
563 1683 636 1710 servi
653 1684 711 1719 ejus
728 1685 832 1718 edocti,
858 1681 1001 1722 praesentia
1021 1691 1060 1718 di—

273 1731 335 1752 cere
353 1727 461 1753 discunt
477 1733 504 1754 et
519 1729 631 1759 audent.
657 1732 724 1758 satis
747 1733 824 1767 gnari
849 1733 907 1761 fore
923 1739 953 1762 ut
968 1743 1059 1763 recre-

272 1776 365 1804 entur,
381 1773 443 1807 quia
466 1774 598 1807 judicium
615 1776 660 1803 liet
676 1777 709 1805 de
724 1779 828 1814 reliquo
843 1781 952 1815 populo,
965 1790 1058 1810 eorum

271 1823 352 1844 causa
376 1818 421 1852 qui
442 1818 488 1846 Dei
514 1828 611 1848 nomen
634 1823 722 1850 sciunt
739 1829 767 1851 et
785 1827 915 1854 memoria
940 1834 1056 1858 versant.

270 1862 324 1890 Pro
337 1863 377 1892 eis
400 1864 507 1899 itaque.
531 1870 659 1902 tanquam
674 1877 725 1904 pro
744 1872 832 1900 servis
849 1873 928 1901 venia
954 1877 1059 1910 egenti-

269 1909 336 1939 bus.
355 1910 530 1944 deprecatur.

324 1953 403 1982 Vens.
423 1955 466 1984 i5.
482 1957 560 1984 ldola
574 1960 689 1993 gentium
704 1967 843 1996 argentum
858 1968 882 1991 et
897 1973 1002 1994 aurum.

304 2000 437 2028 Ahsoluto
456 2002 609 2038 theologica
624 2006 696 2033 circa
713 2006 855 2036 Dominum
876 2017 1012 2044 sermone,
1029 2018 1056 2041 et

267 2047 444 2081 providentia:
461 2048 520 2082 ejus
535 2052 642 2085 magnis
657 2054 786 2086 operibus
801 2059 978 2089 enumeratis,
995 2064 1054 2086 tan-

267 2099 348 2126 quam
371 2093 460 2121 adhuc
482 2103 576 2123 servos
601 2105 649 2124 eos
669 2099 822 2134 alloquens,
844 2102 888 2136 qui
911 2111 944 2130 ex
962 2112 1055 2134 errore

267 2138 440 2174 polytheismi
462 2148 548 2175 nuper
569 2150 762 2177 accesserant,
786 2147 880 2181 objicit
902 2154 1053 2183 putatorum

265 2184 330 2211 olim
345 2186 379 2212 ab
395 2185 463 2220 ipsis
480 2187 594 2215 deorum
615 2190 858 2226 vituperationem;
874 2201 1053 2226 consentanee

1073 1569 1094 1596 C

1137 269 1174 302 ὡς
1192 270 1225 297 τὰ
1242 272 1411 305 πνευματικὰ
1426 273 1474 306 τῆς
1491 274 1630 309 πονηρίας,
1649 275 1664 310 ἦ
1681 276 1710 302 ὲν
1731 278 1763 312 τῇ
1786 279 1819 313 γῇ
1837 278 1874 310 ὼς
1893 281 1917 306 oi

1136 317 1290 352 ἁμαρτωλοὶ
1298 317 1470 354 ἄνθρωποι,ῆ
1489 320 1517 346 ἐν
1531 322 1591 352 ταῖς
1611 320 1770 355 θαλάσσαις,
1787 324 1825 356 ὡς
1839 325 1855 360 ή
1870 325 1916 352 τοῦ

1135 362 1278 398 δράκοντος
1293 363 1385 396 κακία,
1402 365 1418 400 ἢ
1437 366 1465 391 ἐν
1490 367 1549 398 ταῖς
1567 366 1697 399 ἀϐύσσοις
1711 368 1748 400 ὡς
1769 370 1785 404 ἡ
1802 372 1918 406 πονηρία

1132 408 1186 435 τῶν
1213 410 1458 445 προοτασσομένων
1478 412 1536 437 ἐκεῖ
1558 412 1683 440 ἀπελθεῖν
1710 414 1812 446 κακῶν,
1838 416 1917 443 τοῦτο

1132 453 1180 488 οὐχ
1194 455 1207 480 ὁ
1223 454 1288 486 Θεὸς
1301 455 1411 491 ἐποίησε
1425 455 1463 491 τῷ
1478 456 1609 492 θελήματι
1625 459 1705 486 αὑτοῦ
1718 467 1725 473 ·
1742 461 1773 486 ἐκ
1789 461 1842 496 γὰρ
1856 462 1916 488 στό-

1133 506 1216 532 ματος
1238 499 1338 534 Κυρίου
1363 500 1413 526 οὐκ
1447 501 1617 534 ἐξελεύσεται
1643 504 1677 530 τὰ
1707 505 1780 532 κακά
1807 507 1855 534 καὶ
1882 507 1915 536 τὸ

1129 544 1241 578 ἀγαθόν.

1204 591 1231 617 '0
1245 591 1360 626 ἐξάγων
1374 593 1503 628 ἀνέμους
1515 594 1549 620 ἐκ
1565 596 1724 630 θησαυρῶν
1739 599 1841 627 αὐτοῦ.

1163 636 1199 662 Τὸ
1211 637 1298 664 εἰπεῖν
1313 638 1345 664 ἐκ
1361 638 1515 675 θησαυρῶν,
1528 640 1558 666 οὺ
1571 641 1649 667 τοῦτο
1670 642 1745 678 δηλοί
1758 644 1798 670 ὅτι
1811 644 1912 681 θησαυ-

1129 680 1169 716 ροί
1187 682 1257 713 τινές
1267 683 1326 709 ,είσι
1339 683 1392 710 τῶν
1409 684 1526 720 ἀνέμων,
1547 686 1615 713 ἀλλὰ
1628 687 1658 713 τὸ
1674 687 1780 722 ἕτοιμον
1793 689 1839 716 τοῦ
1851 691 1911 717 ἑπι-

1125 726 1277 760 τάττοντος,
1293 728 1324 754 τὸ
1339 728 1449 755 εὔκολον
1469 730 1518 766 τῆς
1543 732 1664 766 κτήσεως
1687 735 1910 771 παρεσκευασμέ-

1125 780 1185 797 νον·
1212 771 1305 809 ὦσπερ
1328 773 1360 800 ἂν
1387 775 1401 800 ὁ
1427 775 1455 800 ἐν
1480 775 1609 812 Θησαυρῷ
1633 777 1701 812 ἔχων
1727 779 1796 813 μετὰ
1819 780 1909 812 ἀδείας

1124 815 1215 850 ἐξάγει
1232 818 1319 844 πάντα
1331 819 1376 845 καὶ
1388 819 1431 845 ὅτε
1445 819 1579 854 βούλεται,
1594 821 1680 854 οὕτως
1693 823 1739 849 καὶ
1750 824 1764 849 ὁ
1777 824 1821 850 τοῦ
1837 833 1906 852 παν-

1122 863 1168 895 τὸς
1185 864 1354 900 Δημιουργὸς
1371 865 1457 892 πάντα
1470 866 1586 898 εὐκόλως
1602 868 1711 904 ἐποίησε
1726 870 1772 896 καὶ
1783 872 1815 907 τῇ
1828 871 1906 906 φύσει

1088 901 1109 928 Β
1124 910 1290 945 παρέδωκεν.

1213 957 1265 990 Ὃς
1279 957 1407 990 ἐπάταξε
1419 959 1454 986 τὰ
1467 960 1639 993 πρωτότοκα
1652 961 1813 995 Αἰγύπτου.

1163 1002 1270 1038 Ἐπειδὴ
1296 1003 1324 1029 δὲ
1349 1003 1382 1030 τὰ
1411 1004 1524 1031 καθόλου
1548 1006 1594 1032 καὶ¹
1613 1006 1726 1042 οὐράνια
1747 1007 1812 1042 φασί
1834 1016 1904 1041 τινες

1121 1049 1234 1084 προνοίᾳ
1250 1049 1407 1077 διοικεῖσθαι
1425 1052 1493 1088 μόνῃ
1510 1051 1587 1085 Θεοῦ,
1614 1053 1746 1080 δείκνυσιν
1768 1054 1805 1086 ὼς
1828 1054 1903 1090 μέλει

1120 1094 1166 1121 καὶ
1189 1095 1242 1121 τῶν
1268 1096 1444 1132 ἀνθρωπίνων
1467 1098 1550 1134 αὐτῷ,
1577 1099 1624 1125 καὶ
1650 1099 1695 1126 νῦν
1712 1100 1774 1131 τοὺς
1796 1101 1903 1132 ἀσεϐεῖς

1119 1140 1258 1172 κολάζοντι
1283 1143 1330 1168 καὶ
1351 1142 1405 1168 τῶν
1429 1143 1548 1170 εὐσεϐῶν
1568 1145 1742 1180 οἰκειουμένῳ
1761 1146 1792 1172 τὸ
1812 1146 1900 1180 γένος.

1125 1186 1203 1213 Ἀλλά
1220 1187 1302 1214 πάλαι
1318 1188 1367 1223 μὲν
1382 1186 1416 1224 ἦν
1434 1190 1512 1224 μερὶς
1528 1191 1639 1226 Κυρίου,
1657 1191 1755 1227 δηλαδὴ
1769 1192 1816 1218 τοῦ
1833 1191 1900 1218 Θεοῦ

1116 1231 1214 1267 Λόγου,
1231 1233 1294 1265 λαὸς
1317 1234 1397 1260 αὑτοῦ
1425 1235 1530 1267 Ἰακὼϐ,
1556 1237 1697 1272 σχοίνισμα
1721 1237 1902 1273 κληρονομίας

1116 1278 1198 1306 αὐτοῦ
1223 1280 1349 1315 Ἰσραήλ·
1374 1281 1467 1316 ἐπειδὴ
1488 1281 1516 1308 δὲ
1538 1281 1571 1308 δι’
1591 1283 1624 1318 ἥν
1647 1283 1757 1319 ἑδρασεν
1772 1284 1900 1312 ἀσέϐειαν

1115 1324 1216 1356 ἐκεῖνος
1235 1325 1421 1358 ἐκπέπτωκεν,
1439 1327 1676 1363 ὲνανθρωπήσαντι
1698 1329 1831 1357 λέλεκται·
1849 1331 1900 1358 Ατ-

1113 1377 1202 1402 τησαι
1219 1370 1285 1404 παρ’
1297 1371 1380 1405 ἐμοῦ,
1405 1371 1454 1398 καί
1466 1371 1551 1398 δώσω
1564 1381 1612 1399 σοι
1628 1373 1699 1408 ἔθνη
1716 1374 1773 1408 τὴν
1789 1377 1898 1410 κληρο-

1112 1413 1220 1447 νομίαν
1235 1421 1304 1441 σου.

1216 1460 1315 1494 Κύριε,
1331 1461 1364 1488 τὸ
1381 1461 1474 1496 ὄνομά
1489 1469 1546 1488 σου
1562 1464 1606 1496 εἰς
1623 1463 1675 1490 τὸν
1688 1464 1790 1492 αἰῶνα.

1147 1505 1228 1532 Οὐδὲν
1245 1506 1315 1532 οὕτω
1326 1507 1375 1543 τῆς
1386 1506 1460 1540 θείας
1473 1508 1613 1544 Προνοίας,
1625 1510 1662 1540 ὡς
1675 1510 1705 1536 τὸ
1716 1511 1818 1543 διδάξαι
1833 1513 1896 1544 τοὺς

1110 1550 1270 1586 ἀνθρώπους
1288 1552 1325 1587 μὴ
1347 1553 1492 1581 ἀδέσποτον
1506 1553 1574 1582 εἶναι
1592 1556 1622 1582 τὺ
1644 1557 1713 1582 πᾶν·
1735 1557 1795 1583 ὄθεν
1808 1558 1855 1584 καὶ
1877 1560 1893 1593 ὴ

1111 1596 1238 1632 διηνεκὴς
1252 1598 1335 1624 αὑτοῦ
1361 1600 1452 1635 μνήμη
1474 1600 1626 1637 καθέστηκε
1642 1602 1705 1637 παρ’
1723 1603 1799 1638 ἡμῖν,
1815 1600 1845 1629 οὗ
1865 1604 1894 1631 τὸ

1112 1643 1228 1678 μέγεθος
1252 1644 1295 1671 διὰ
1317 1645 1372 1671 τῶν
1399 1646 1587 1681 προλαῶντων
1611 1649 1635 1674 οἱ
1653 1648 1740 1675 δοῦλοι
1762 1650 1894 1684 μαθόντες

1110 1693 1202 1725 αὐτοῦ,
1220 1694 1253 1721 τὰ
1268 1694 1388 1730 παρόντα
1404 1694 1492 1729 λέγειν
1506 1695 1675 1723 διδάσκονται
1688 1697 1734 1724 καὶ
1751 1698 1892 1734 παραθαρ-

1111 1738 1246 1774 ῥύνονται,
1266 1739 1394 1774 μαθόντες
1412 1740 1449 1771 ὡς
1462 1741 1505 1767 ἐπ’
1519 1742 1611 1773 αὐτοῖς
1627 1743 1890 1778 παρακληθήσονται,

1109 1784 1158 1819 τῆς
1181 1785 1297 1820 κρίσεως
1322 1785 1520 1821 ἀκολουθούσης
1541 1788 1598 1818 τοῖς
1621 1787 1722 1820 λοιποῖς
1746 1788 1792 1815 τοῦ
1815 1789 1889 1821 λαοῦ,

1108 1830 1163 1861 τοῖς
1176 1831 1344 1864 ἐπεγνωκόσι
1359 1832 1389 1857 τὸ
1405 1831 1489 1867 ὕνομα
1505 1833 1597 1864 αὐτοῦ,
1615 1833 1662 1859 καὶ
1675 1834 1705 1860 τὸ
1721 1835 1890 1870 μνημόσυνον

1108 1874 1213 1909 ἔχουσιν
1224 1884 1230 1889 ·
1250 1876 1292 1901 ἐπ’
1307 1875 1420 1908 ἐκείνοις
1443 1876 1471 1902 δὲ
1488 1877 1525 1908 ὠς
1540 1877 1572 1904 ἂν
1588 1878 1634 1904 ἐπὶ
1649 1878 1750 1911 δούλοις
1767 1879 1888 1914 συγγνώ·

1108 1928 1161 1955 μης
1171 1920 1351 1956 ὲπιδεομένοις
1366 1922 1572 1956 παρακαλεῖται.

1144 1965 1181 1992 Τὰ
1195 1966 1304 1992 εἴδωλα
1319 1966 1378 1993 τῶν
1392 1967 1487 1994 ἐθνῶν
1501 1968 1642 2002 ἀργύριον
1655 1969 1704 1995 καὶ
1716 1970 1853 2003 χρυσίον.

1140 2011 1303 2043 Συντελέσας
1318 2012 1366 2048 τὴν
1382 2014 1446 2049 περὶ
1467 2013 1514 2040 τοῦ
1541 2015 1642 2050 Κυρίου
1669 2015 1817 2049 θεολογίαν,
1841 2016 1888 2042 καὶ

1103 2056 1152 2091 τῆς
1176 2056 1303 2092 προνοίας
1327 2057 1408 2084 αὐτοῦ
1429 2058 1479 2090 τὰς
1505 2060 1703 2095 μεγαλουργίας
1727 2059 1886 2092 καταλέξας,

1103 2102 1140 2133 ὼς
1158 2102 1197 2128 ἔτι
1214 2102 1316 2134 δούλοις
1333 2103 1436 2138 ὁμιλῶν
1450 2105 1506 2134 τοῖς
1523 2105 1554 2130 ἐκ
1571 2105 1619 2139 τῆς
1637 2104 1768 2131 πολυθέου
1785 2105 1888 2140 πλάνης

1102 2148 1164 2182 ἄρτι
1177 2148 1415 2183 προσεληλυθόσιν,
1427 2149 1654 2185 ἀντιπαραϐάλλει
1662 2151 1715 2177 τῶν
1726 2150 1808 2177 πάλαι
1823 2151 1886 2186 παρ’

1102 2194 1193 2225 αὐτοῖς
1213 2195 1413 2230 νενομισμένων
1432 2195 1500 2222 θεῶν
1525 2196 1569 2222 τὸν
1597 2196 1715 2231 ἔλεγχον,
1735 2195 1886 2228 ἀκολούθως

265 2231 393 2258 nimirum
417 2232 459 2259 his
483 2241 543 2267 qua:
566 2242 647 2270 supra
671 2237 787 2270 dixerat,
812 2247 915 2274 nempe,
936 2241 990 2276 Ego
1005 2252 1049 2270 co-

1113 2238 1140 2272 ηἷς
1165 2241 1293 2277 ἀνωτέρω
1309 2242 1414 2277 εἰρήκει
1424 2252 1430 2258 ·
1446 2243 1496 2276 ὅτι,
1530 2242 1602 2278 Ἐγὼ
1617 2243 1731 2277 ἔγνωκα
1741 2243 1784 2269 ὅτι
1796 2243 1886 2277 μέγας

263 2277 342 2311 gnovi
357 2278 426 2312 quod
445 2287 555 2314 magnus
571 2286 609 2308 est
621 2281 761 2312 Dominus.
777 2283 811 2311 Et
826 2285 952 2314 Dominus
966 2294 1052 2316 noster

262 2330 344 2357 supra
372 2331 461 2351 omnes
483 2325 544 2352 deos
557 2326 591 2354 ‘°.
620 2327 748 2355 Dominus
766 2336 858 2358 noster
882 2332 938 2360 hate
958 2339 985 2360 et
1007 2335 1050 2362 illa

262 2366 339 2401 fecit,
358 2373 413 2396 tum
431 2371 578 2398 universim
595 2376 651 2399 tum
664 2373 744 2400 etiam
760 2375 908 2409 partiatim.
924 2377 1049 2407 Gentium

262 2418 351 2440 autem
371 2414 418 2456 dii,
440 2415 537 2450 quibus
553 2425 602 2445 vos
620 2426 727 2453 quoque
741 2420 846 2456 decepti
860 2430 953 2451 errore
968 2430 1047 2453 antea

261 2453 424 2492 credebatis,
443 2461 512 2488 nihil
531 2467 608 2489 erant
624 2463 697 2491 aliud
710 2472 790 2499 quam
809 2453 916 2495 inortua
930 2473 957 2495 et
974 2475 1046 2497 muta

259 2503 415 2533 simulacra.
437 2506 511 2534 Scite
527 2513 616 2536 autem
635 2513 662 2536 et
676 2510 854 2544 Symmachus
867 2521 925 2548 pro,
948 2516 1045 2543 similes

259 2549 312 2576 illis
331 2551 397 2584 fiant
413 2553 458 2587 qui
478 2553 580 2588 faciunt
594 2563 635 2588 ea,
650 2556 844 2592 interpretatus
867 2567 909 2588 est
932 2561 1043 2591 dicens:

258 2596 325 2622 velut
336 2596 393 2631 ipsa
405 2598 471 2631 ﬁant
486 2601 531 2634 qui
543 2600 643 2634 faciunt
655 2611 696 2636 ea,
710 2609 734 2630 et
747 2605 893 2641 quicunque
904 2607 968 2642 ipsis
981 2617 1045 2636 con-

258 2640 357 2681 ﬁdunt.
377 2643 479 2671 Revera
501 2645 572 2672 enim
589 2647 634 2681 qui
652 2647 806 2676 inanimatis
822 2640 902 2678 rebus
914 2640 1042 2687 tanquam

259 2678 311 2713 dlis
324 2689 479 2722 attendunt,
495 2678 680 2726 lapides-conte
702 2693 803 2727 anima,
820 2695 891 2722 idem
907 2678 1043 2731 patitlntur

258 2732 329 2767 quod
352 2734 400 2761 abs
421 2742 452 2762 se
472 2736 543 2763 culta
564 2737 646 2772 idola,
664 2746 760 2772 nempe
778 2740 871 2768 oculos
890 2742 992 2772 habent
1014 2750 1042 2773 et

257 2785 309 2804 non
327 2779 428 2813 vident,
446 2789 524 2809 aures
539 2782 640 2810 habent
655 2788 684 2811 et
700 2791 752 2811 non
769 2785 893 2815 audiunt.

775 2882 790 2897 βξ

292 2876 314 2893 ³⁵
328 2876 399 2906 Psal.
413 2887 441 2912 lt,
458 2880 483 2906 8.
524 2881 545 2896 ⁸ο
561 2881 629 2909 l'sal.
648 2890 756 2916 cxxxxv,
774 2882 800 2910 5.

1102 2285 1218 2318 Κύριος,
1241 2285 1291 2312 καὶ
1318 2287 1335 2313 ό
1353 2287 1460 2321 Κύριος
1483 2286 1567 2321 ἡμῶν
1582 2287 1662 2320 παρὰ
1682 2286 1796 2319 πάντας
1815 2286 1886 2319 τοὺς

1101 2331 1188 2364 θεούς
1199 2339 1205 2346 ·
1222 2333 1236 2358 ὁ
1252 2332 1301 2367 μὲν
1315 2333 1368 2369 γὰρ
1388 2332 1490 2368 Κύριος
1513 2332 1591 2367 ἡμῶν
1603 2333 1666 2359 τάδε
1685 2332 1731 2359 καλ⁴
1745 2332 1807 2359 τάδε
1829 2332 1884 2367 εἰρ-

1101 2376 1203 2410 γάσατο
1220 2377 1248 2403 ἐν
1262 2386 1291 2403 τε
1309 2379 1365 2409 τοῖς
1381 2378 1494 2404 καθόλου
1518 2378 1564 2404 καὶ
1588 2379 1616 2404 ἐν
1633 2379 1687 2409 τοῖς
1704 2378 1750 2404 ἐπὶ
1767 2378 1881 2414 μέρους’

1101 2423 1125 2448 οἱ
1139 2422 1166 2448 δὲ
1188 2422 1242 2449 τῶν
1263 2423 1347 2450 ἐθνῶν
1364 2423 1428 2456 θεοὶ,
1443 2423 1490 2456 οὒς
1503 2425 1551 2450 καὶ
1569 2423 1646 2450 αὐτοὶ
1668 2423 1883 2459 πεπλανημένως

1100 2468 1237 2503 ἐνομίζετε
1253 2470 1393 2506 πρότερον,
1413 2470 1488 2496 οὐδὲν
1508 2467 1577 2504 ἦσαν
1589 2469 1681 2504 ἕτερον
1695 2469 1711 2504 ἢ
1729 2469 1822 2496 εἴδωλα
1839 2478 1883 2496 νε-

1099 2514 1153 2549 κρὰ
1171 2514 1217 2541 καὶ
1235 2515 1325 2549 κωφὰ.
1344 2515 1500 2550 Χαριέντως
1515 2515 1544 2541 δὲ
1559 2515 1606 2541 καὶ
1626 2515 1640 2540 ὁ
1662 2514 1808 2550 Σύμμαχος
1821 2515 1881 2542 ἀντὶ

1098 2560 1156 2592 τοῦ,
1179 2560 1274 2594 ὅμοιοι
1295 2561 1396 2594 αὐτοῖς
1420 2560 1552 2595 γένοιντο
1573 2561 1600 2586 οἱ
1621 2560 1776 2593 ποιοῦντες
1794 2560 1879 2594 αὐτὰ,

1095 2607 1266 2642 ἡρμήνευσεν
1278 2607 1373 2640 εἰπὼν,
1393 2607 1433 2639 ὡς
1447 2606 1522 2633 αὐτὰ
1533 2606 1667 2640 γένοιντο
1684 2608 1709 2633 ol
1724 2606 1881 2639 ποιοῦντες

1095 2652 1180 2684 αὐτὰ,
1197 2654 1244 2680 καὶ
1262 2653 1321 2686 πᾶς
1333 2655 1349 2680 ὀ
1362 2653 1509 2686 πεποιθὼς
1527 2653 1638 2687 αὐτοῖς.
1654 2653 1708 2679 Καὶ
1723 2652 1777 2688 γὰρ
1795 2652 1879 2684 ὅντως

1094 2695 1118 2721 οί
1137 2696 1193 2726 τοῖς
1207 2695 1320 2730 ἀψύχοις
1334 2695 1372 2726 ὡς
1388 2695 1459 2726 θεοῖς
1476 2695 1661 2730 προσέχοντες,
1675 2694 1770 2729 ὥσπερ
1786 2693 1879 2720 ἀπολι-

1094 2739 1225 2772 θωθέντες
1241 2741 1290 2776 τὴν
1306 2740 1404 2775 ψυχὴν,
1424 2740 1471 2767 καὶ
1492 2740 1568 2767 αὐτοὶ
1584 2740 1613 2766 τὺ
1627 2739 1693 2766 αὐτὸ
1713 2738 1878 2765 πεπόνθασιν

1092 2788 1148 2817 τοῖς
1166 2786 1409 2822 προσκυνουμένοις
1425 2787 1470 2812 ὑπ’
1490 2786 1589 2818 αὐτῶν,
1602 2784 1756 2820 ὀφθαλμοὺς
1768 2784 1877 2820 ἔχοντες

1092 2835 1137 2861 καὶ
1150 2834 1180 2860 οὐ
1191 2833 1343 2869 βλέποντες,
1357 2831 1413 2861 ὦτα
1425 2833 1530 2869 ἔχοντες
1543 2834 1588 2861 καλ⁵
1600 2833 1650 2859 οὐκ
1663 2831 1815 2864 ἀκούοντες.
