2059 3215
269 176 306 205 35
606 174 741 202 EUSEBII
759 173 994 202 οΑεδΑιιιεΝδιε
1012 173 1060 202 ΟΡἸ

1110 173 1197 201 PARS
1215 173 1257 202 Ill.
1278 189 1312 195 ——
1331 173 1535 202 EXEGETICA.
1854 172 1888 200 ὅσ

271 235 335 263 nlim
357 239 385 262 et
422 241 492 260 nunc
517 233 598 260 etiam
623 238 718 261 cuncta
744 234 900 262 hominibus
922 233 1052 274 beneficia

1110 232 1169 259 9:05
1184 233 1268 267 Λόγος
1281 233 1347 268 (Η),
1361 232 1394 260 δι’
1409 230 1440 260 οὗ
1453 233 1500 259 καὶ
1513 232 1595 259 πάλαι
1607 232 1653 259 καὶ
1664 231 1711 259 νῦν
1724 232 1772 264 τὰς
1787 233 1826 263 είς
1842 232 1888 258 ἀν-

271 281 422 316 bsnignitas
437 279 482 307 Dei
499 280 592 314 optimi
608 281 725 307 confert.

377 370 458 398 Vens.
474 370 518 397 i9.
537 369 606 397 Sean
621 378 707 404 regem
721 370 948 399 Aman/imorum.

305 415 480 451 Interpretari
497 416 614 443 solemus
625 417 798 443 Amorrhteos
812 417 918 450 quidem
935 417 1055 452 loquaces

273 467 475 497 exasperant“;
500 467 526 488 et
549 462 643 488 horum
667 470 755 496 rrgem
777 462 858 494 Seon,
887 464 1056 489 tentationem

273 511 300 534 et
310 506 544 533 esacerbalionem.
558 505 679 540 Namque
691 507 814 534 homines
822 507 972 541 sophistica:
985 507 1057 533 fran-

274 552 315 580 dis
336 553 413 586 periti
438 560 532 587 aspere
557 560 627 586 sa‘pe
650 553 805 587 loquuntur,
829 554 983 588 pariterque
1000 554 1055 581 vel-

275 597 330 624 leut
346 598 468 624 veritatis
485 605 592 632 quoque
613 605 747 626 amatores
773 599 960 626 fraudulenter
983 600 1056 634 loqui

274 648 302 670 et
332 644 470 674 cecinere.
498 649 579 678 atque
605 645 715 671 omnino
744 645 809 671 nihil
837 645 908 671 aliud
937 650 1058 679 spectant

274 696 354 722 quam
369 693 398 715 ut
411 694 508 715 vexent
520 694 600 723 atque
611 695 782 724 exasperent.
797 690 883 716 Basan
895 698 970 723 vero,
986 692 1057 726 quod

273 735 445 770 ignominiam
463 736 612 769 significat,
631 737 814 771 improborum
830 738 981 771 pudendam
1002 746 1057 764 ma-

275 780 361 808 litiam
379 783 487 808 denotat
502 791 507 808 :
524 783 598 815 cujus
621 791 667 809 rex
682 782 722 810 0n
741 791 803 810 cum
821 784 890 811 Senn
910 784 1057 816 occiditur;

276 831 306 853 ut
332 827 421 855 lsraeli
448 833 519 854 terra
550 836 630 862 quam
654 828 723 856 male
751 830 900 858 retinebant
926 831 1058 863 tradatur,

1104 277 1227 313 θρώπους
1247 278 1405 314 εὐεργεσίας
1426 279 1443 314 ἡ
1460 277 1647 313 φιλανθρωπία
1662 278 1708 304 τοῦ
1731 277 1887 312 παναγάθου

1103 323 1170 351 Θεοῦ
1185 324 1391 360 κατειργάσατο.

1208 370 1264 397 Τὸν
1275 369 1361 403 Σηὼν
1374 370 1505 402 βασιλέα
1520 369 1578 396 τῶν
1594 370 1779 405 Ὰμορῤαίων.

1144 414 1356 450 Ἐρμηνεύονται
1369 415 1397 441 δὲ
1421 415 1576 450 Ἀμορραῖοι
1591 415 1640 450 μὲν
1652 414 1777 448 ,λαλητώ
1797 423 1890 448 παρτι-

1105 460 1322 494 πικραίνοντες,
1339 461 1385 487 καὶ
1401 461 1415 486 ὁ
1430 460 1531 487 τούτων
1543 459 1668 495 βασιλεὺς
1685 459 1771 495 Σηὼν,
1787 467 1889 494 πειρα-

1106 506 1182 540 σμὸς
1196 507 1242 533 καὶ
1256 507 1458 542 παροργισμός
1469 514 1475 520 ·
1490 507 1514 532 οἱ
1532 506 1612 533 δεινοὶ
1627 506 1679 542 γὰρ
1701 506 1767 542 πρὸς
1781 506 1889 542 ἀπάτην

1108 542 1264 588 σοφιστικὴν
1275 552 1534 588 καταπικραίνοντές
1544 553 1613 578 εἰσιν
1627 552 1746 587 λαλητοὶ,
1760 552 1821 583 τοὺς
1833 552 1891 580 ὅσοι

1107 598 1156 634 τῆς
1169 598 1296 634 ἀληθείας
1310 599 1377 626 εἰσὶν
1393 599 1504 633 ἐρασταὶ
1523 598 1643 630 θέλοντες
1660 599 1706 625 ἐπὶ
1720 598 1827 633 ἀπάτης
1844 598 1891 625 λοι-ι

1107 644 1210 671 λεῖπθαι
1230 644 1277 670 καὶ
1297 643 1417 679 ᾄδεσθαι,
1446 642 1586 678 πειράζειν
1605 652 1633 669 τε
1650 644 1697 669 καὶ
1715 642 1890 679 παροργίζειν

1108 689 1213 725 ἔχοντες
1226 690 1272 716 τὸν
1294 690 1403 717 σκοπόν.
1428 690 1518 717 Βασὰν
1533 690 1561 716 δὲ
1577 691 1728 724 αἰσχύνην
1751 690 1889 726 μεθερμη-

1108 736 1250 770 νευομένη,
1274 736 1323 771 τὴν
1345 736 1407 768 τοὺς
1425 737 1526 768 κακοὺς
1545 735 1775 771 καταισχύνουσαν
1792 735 1891 762 κακίαν

1109 781 1183 817 δηλοῖ
1192 790 1198 796 ⁸
1211 779 1244 818 ἧς
1256 782 1270 808 ὁ
1284 781 1408 816 βαιπιλεὺς
1421 783 1478 814 Ὧν,
1493 783 1540 809 σὺν
1552 782 1590 817 τῷ
1599 782 1674 817 Σηὼν
1687 782 1888 809 άποκτίννυται·

1108 827 1181 858 ὅπως
1198 826 1236 862 τῷ
1256 827 1362 863 Ἰσραὴλ
1375 828 1391 863 ἠ
1406 828 1452 862 γῆ,
1465 828 1497 863 ῆν
1511 828 1602 860 κακῶς
1616 827 1755 864 ἐκράτουν,
1769 836 1890 862 σοφιστι-

275 873 321 908 qui
343 874 440 902 callido
463 879 490 901 et
515 875 608 909 iniquo
632 882 775 909 possessu.
803 876 973 911 mulignoque
998 885 1058 904 eam

1110 872 1165 904 κῶς
1175 873 1222 899 καὶ
1237 873 1305 908 μετὰ
1323 873 1461 910 μοχθηρᾶς
1473 874 1554 908 ἕξεως
1566 875 1629 910 περὶ
1639 874 1688 910 τὴν
1700 875 1752 901 τῶν
1764 874 1892 910 πραγμά-

276 919 497 946 administrantes
525 921 643 955 ingenio,
670 929 781 956 regnare
811 923 982 950 videbantur.
1010 923 1058 951 Ve-

1110 926 1162 944 των
1176 917 1359 954 διατρίϐοντες
1373 919 1463 953 φύσιν,
1474 919 1614 951 δοκοῦντες
1635 919 1783 955 βασιλεύειν
1796 919 1890 954 αὐτῆς⁵

277 971 427 992 rumtameu
450 966 520 993 dicta
542 971 612 994 terra
637 967 679 994 his
702 975 794 1002 erepta
821 970 937 997 traditur
956 971 981 998 in
997 979 1058 998 sor-

277 1014 329 1036 tem
345 1010 452 1042 lsraeli,
471 1010 541 1038 ﬁdeli
562 1019 642 1039 servo
664 1012 735 1041 illius
758 1014 804 1048 qui
828 1022 918 1042 rerum
937 1015 1057 1043 omnium

276 1061 371 1083 auctor
390 1062 443 1085 est.

312 1101 392 1130 Vens.
407 1104 451 1131 25.
466 1104 534 1137 Quia
552 1106 578 1132 in
593 1106 744 1133 humilitate
758 1112 846 1133 nostra
863 1115 960 1134 memor
969 1107 1019 1142 fuit

547 1141 629 1167 nostri
645 1142 783 1168 Dominus.

310 1184 338 1212 In
350 1185 533 1219 superioribus
547 1195 653 1222 quoque
670 1189 745 1214 varie
763 1189 978 1216 demonstratum
995 1188 1056 1220 fuit,

278 1238 331 1258 non
344 1239 404 1258 eum
420 1232 464 1266 qui
490 1233 523 1258 de
548 1231 660 1260 Iudaico
686 1241 785 1268 genere
799 1236 906 1267 oritur,
931 1234 1058 1262 lsraelcnt

278 1281 349 1306 esse,
367 1276 413 1302 sed
430 1283 490 1302 eum
505 1277 549 1310 qui
564 1278 686 1305 morilms
699 1279 798 1313 dignus
813 1279 864 1306 hoc
879 1280 988 1307 nomine
1006 1287 1058 1307 est.

279 1319 341 1347 Non
355 1321 422 1347 enim
438 1329 526 1348 omnes
544 1323 587 1357 qui
611 1323 642 1350 de
665 1323 763 1351 ltraele
778 1330 838 1351 sunt
853 1344 860 1356 .
885 1325 912 1352 hi
932 1330 993 1353 sunt
1015 1326 1058 1353 ls-

278 1365 333 1392 rael
348 1365 370 1380 δ’
387 1373 394 1391 :
411 1374 492 1401 neque
507 1367 554 1393 illa
574 1375 633 1402 qua:
649 1369 750 1402 publica
762 1370 791 1404 ﬁt
803 1390 811 1402 ,
834 1371 997 1398 circumcisio
1010 1378 1057 1404 est,

277 1415 306 1438 ut
322 1411 360 1438 ait
375 1412 519 1447 Apostolus
533 1433 540 1445 ,
557 1416 601 1440 sed
616 1415 642 1441 in
656 1415 758 1442 occulto
780 1418 867 1450 potius
888 1416 999 1445 ludam:
1010 1438 1018 1449 ,
1034 1424 1058 1445 et

277 1458 364 1484 cordis
386 1457 571 1491 circumcisio,
596 1469 646 1487 non
668 1463 946 1495 secundumlittcmm,
964 1466 1008 1490 ml
1031 1465 1059 1491 in

277 1502 368 1534 spiritu
382 1512 391 1529 :
407 1504 482 1538 cujus
500 1504 557 1531 laus
575 1513 626 1532 non
639 1514 670 1532 ca:
684 1507 842 1540 hominibus,
858 1510 902 1535 ud
916 1518 949 1536 ex
962 1509 1016 1537 Dea
1025 1510 1058 1537 δ’.

1108 964 1164 990 ἀλλ’
1189 964 1368 1000 ἀφαιρεθεῖσα
1389 964 1478 991 αὐτῶν
1503 966 1519 1000 ἡ
1549 965 1752 1001 ὲρμηνευομένη
1778 965 1824 1001 γῆ,
1852 965 1892 996 εἰς

1108 1010 1271 1045 κατάσχεσιν
1287 1010 1325 1046 τῷ
1351 1011 1458 1047 Ἰσραὴλ
1477 1011 1575 1038 δίδοται
1593 1012 1639 1038 ἐπὶ
1656 1011 1695 1047 τῷ
1716 1012 1892 1047 κληρονομεῖν

1108 1057 1202 1092 αὐτὴν,
1220 1056 1305 1092 δούλῳ
1318 1057 1420 1092 γνησίῳ
1433 1057 1480 1084 τοῦ
1495 1057 1601 1084 πάντων
1623 1057 1709 1084 αἰτίου
1721 1057 1890 1093 τυγχάνοντι.

1110 1102 1174 1129 Ὅτι
1195 1102 1229 1128 ἐν
1248 1102 1286 1136 τῇ
1311 1102 1486 1164 ταπεινώιῖὶςι
1510 1102 1593 1137 ἡμῶν
1621 1102 1755 1138 ἐμνήσθη
1770 1101 1860 1138 έήμῶν
1877 1104 1893 1129 ό

1467 1147 1558 1164 υοιορ.

1467 1147 1558 1171 υριος.

1144 1181 1198 1207 Καὶ
1221 1181 1249 1208 ὲν
1271 1183 1327 1213 τοῖς
1341 1182 1468 1217 ἀνωτέρω
1492 1182 1626 1218 διαφόρως
1646 1182 1817 1209 ἐπεδείκνυτο
1843 1183 1895 1208 Ἰσ-

1110 1226 1188 1261 ραὴλ,
1203 1227 1232 1252 οὺ
1257 1227 1286 1253 τὺ
1308 1227 1384 1261 γένος
1410 1228 1464 1255 τῶν
1495 1228 1627 1254 Ἰουδαίων
1647 1228 1787 1263 ὑπάρχων,
1806 1227 1863 1254 ἀλλ’
1879 1229 1894 1254 ὁ

1109 1271 1212 1297 τοιόσδε
1226 1272 1274 1306 τῆς
1284 1271 1436 1304 θεοσεϐείας
1446 1273 1555 1308 τρόποις
1564 1273 1627 1308 (12)·
1635 1274 1675 1299 Οὐ
1686 1273 1740 1307 γὰρ
1748 1273 1858 1306 πάντες
1866 1274 1894 1300 al

1108 1315 1142 1346 ἐξ
1157 1315 1288 1350 Ἰσραὴλ.
1298 1314 1380 1343 οὗτοι
1396 1316 1529 1351 Ἰσραήλ”
1542 1317 1612 1344 οὐδὲ
1620 1318 1637 1351 ἠ
1645 1318 1679 1344 ὲν
1687 1317 1726 1350 τῷ
1733 1317 1850 1352 φανερῷ
1859 1318 1894 1344 ὲν

1108 1361 1199 1394 σαρκὶ
1214 1361 1365 1396 περιτομὴ,
1387 1362 1457 1388 κατὰ
1471 1362 1690 1394 τδνἊπόστ-ολον,
1706 1363 1775 1389 ἀλλ’
1787 1363 1844 1389 ὀὲν
1854 1362 1894 1395 τῷ

1108 1406 1229 1439 κρυπτῷ
1244 1406 1387 1440 Ἰουδαῖος
1397 1428 1404 1439 ,
1419 1407 1467 1433 καὶ
1478 1407 1618 1441 περιτομὴ
1628 1407 1750 1442 καρδΙας
1758 1408 1794 1434 οὐ
1804 1407 1894 1442 ’κράμ-

1106 1460 1175 1485 [tan
1183 1451 1262 1478 ἀλλὰ
1269 1452 1420 1486 πνεύματι·
1429 1450 1464 1480 οὗ
1472 1454 1488 1479 ὀ
1494 1452 1675 1484 ἔπαινος-οὐκ
1683 1452 1718 1484 ἐξ
1724 1451 1893 1487 ἀνθρώπων,

1109 1496 1176 1522 ἀλλ’
1187 1496 1220 1522 ἐκ
1232 1496 1285 1523 τοῦ
1295 1497 1378 1524 Θεοῦ
1391 1497 1438 1524 καὶ
1451 1497 1524 1532 ἡμᾶς
1531 1495 1577 1523 οὖν
1593 1497 1655 1529 τοὺς
1665 1497 1694 1529 ὲξ
1708 1497 1790 1524 ἐθνῶν
1804 1498 1895 1533 (ἡμεῖς

278 1544 333 1573 Nos
359 1554 464 1582 quoque
489 1550 572 1584 igitur
586 1551 631 1585 qui
655 1558 688 1579 ex
710 1553 826 1580 ethnicis
852 1555 975 1581 venimus
997 1557 1058 1590 (nos

1110 1542 1162 1577 γάρ
1182 1543 1265 1577 ἐσμεν
1283 1543 1299 1578 ἡ
1325 1543 1458 1578 περιτομὴ
1475 1544 1521 1570 καὶ
1538 1543 1662 1578 ἀληθινὸς
1691 1543 1821 1579 Ἰσραὴλ),
1836 1543 1895 1570 ελυ-

278 1592 350 1619 enim
373 1600 467 1629 reapse
494 1595 666 1624 circumcisio
692 1605 785 1625 smnus
808 1607 941 1634 verusque
966 1601 1058 1636 lsrael)

1111 1587 1235 1622 τρώει-ατο
1250 1589 1282 1615 ὲκ
1300 1588 1354 1615 τῶν
1371 1589 1475 1624 ἐχθρῶν
1497 1589 1573 1625 ἡμῶν
1600 1589 1699 1625 μᾶλλον
1719 1589 1734 1625 ἢ
1758 1589 1894 1621 ὲκείνους“

281 1648 339 1673 nos,
355 1642 464 1676 inquam
478 1663 485 1675 ,
499 1644 591 1678 potius
605 1653 638 1672 ex
655 1645 771 1673 inimicis
787 1647 918 1680 liberavit,
935 1656 1014 1683 quain
1029 1649 1062 1676 it-

279 1685 330 1714 los.
349 1687 453 1715 Etenim
480 1690 517 1716 illi
531 1698 562 1717 ex
587 1691 704 1726 Aigypto
724 1693 904 1726 discedentes,
919 1702 1062 1729 corporeos

280 1733 406 1768 fugerunt
421 1736 758 1770 tyrannos.Verumtamen
772 1740 863 1773 pravis
877 1742 996 1768 moribus
1007 1742 1063 1768 ani-

281 1788 338 1806 mas
353 1789 415 1808 suas
431 1781 582 1810 inﬁcientes
594 1803 602 1816 ,
614 1785 802 1812 occubuerunt
817 1785 842 1812 in
859 1786 965 1814 deserto
982 1788 1062 1815 idolo-

281 1824 367 1851 latrize
382 1825 474 1854 dediti.
488 1825 542 1854 Nos
555 1832 645 1854 autem
664 1835 756 1856 revera
782 1830 896 1857 redemit
911 1831 944 1858 de
966 1833 1062 1859 anima:

280 1876 380 1895 nostr:e
405 1869 527 1898 hostibus
540 1892 547 1904 ,
566 1880 723 1908 memorque
749 1875 833 1901 nostri
851 1877 938 1910 magis
967 1877 1016 1904 l'uit
1033 1879 1060 1904 in

280 1915 431 1943 humilitate
457 1921 548 1944 nostra
575 1925 655 1952 quam
675 1919 791 1948 illorum.
810 1920 932 1956 Namque
950 1922 986 1948 illi
1002 1922 1062 1956 qni-

281 1958 341 1986 dem
358 1968 470 1994 corpore
485 1962 638 1990 serviebant
652 1963 794 1999 Egyptiis.
812 1971 909 1994 nostra:
925 1975 989 1994 vero
1005 1969 1062 1994 ani-

283 2012 331 2031 ma:
346 2005 461 2033 ludibrio
473 2012 552 2033 erant
565 2008 742 2042 daemonibus,
759 2015 787 2037 et
801 2012 851 2038 sub
869 2012 946 2040 malis
961 2014 1062 2048 spiriti-

281 2048 331 2078 bus
348 2051 481 2079 humiliati
495 2060 613 2082 eramus.
631 2053 717 2082 Tanta
733 2063 797 2082 vero
811 2063 853 2083 est
878 2058 1061 2086 misericordia

281 2095 339 2128 Dei,
357 2101 384 2123 ut
396 2105 447 2124 non
463 2098 550 2124 solum
565 2099 667 2133 piorum
685 2108 777 2128 curam
793 2108 879 2136 gerat,
896 2109 922 2130 et
937 2103 987 2130 sibi
999 2112 1062 2138 pro—

281 2142 472 2176 pinquantibus
490 2145 625 2178 consulat,
647 2153 740 2173 verum
755 2147 837 2174 etiam
851 2152 993 2177 terrestres
1004 2157 1063 2177 om-

281 2195 329 2216 nes
343 2190 511 2222 providentia
525 2197 572 2217 sua
590 2192 798 2226 complectatur,
817 2201 904 2229 neque
918 2196 1062 2223 rationales

281 2233 367 2261 solum
382 2236 429 2262 sed
453 2237 536 2263 etiam
564 2237 736 2266 irrationales
750 2258 757 2271 .
772 2240 931 2275 cunctisque
945 2241 971 2268 in
990 2246 1060 2269 terra
1075 2256 1101 2286 υ

281 2280 408 2308 alimenta
431 2282 612 2311 atrii-tantibus
636 2283 774 2318 przebeat,
799 2286 943 2322 unicuique
969 2288 1062 2323 generi

282 2325 389 2358 idonea,
413 2330 440 2354 et
458 2327 520 2354 vita:
544 2329 699 2357 necessaria
712 2331 865 2365 suppeditet
881 2339 889 2358 :
909 2337 936 2358 et
953 2341 1001 2360 nos
1016 2333 1063 2360 de-

280 2378 353 2398 mum
373 2372 398 2398 in
414 2372 497 2399 cmlos
515 2374 576 2400 hinc
591 2374 748 2402 transferat.
773 2376 954 2409 Quamobrem
973 2386 1063 2405 sermo

281 2417 430 2445 Psalmistaa
443 2423 582 2453 postquam
594 2421 670 2453 dixit,
685 2419 738 2453 Qui
749 2421 794 2448 dat
809 2430 894 2450 escam
907 2425 978 2450 omni
989 2425 1062 2451 carni

282 2470 332 2490 nos
349 2464 374 2490 in
397 2464 495 2490 ctelnm
522 2466 698 2499 transmittit,
723 2474 817 2495 rursus
837 2468 955 2497 dicens:
972 2469 1057 2501 Conﬁ-

281 2510 371 2536 temiui
388 2510 453 2542 Deo,
468 2511 537 2545 εωίί,
552 2512 676 2547 quoniam
690 2513 717 2540 in
737 2518 863 2541 retentum
884 2516 1062 2542 misericordia

279 2555 348 2591 ejus.

507 2602 666 2632 PSALMUS
689 2604 831 2632 CXXXVI.

314 2648 393 2676 Caret
417 2650 462 2678 hic
488 2651 608 2685 psalmus
637 2651 715 2679 titulo
742 2653 813 2687 apud
837 2652 981 2687 Hebraeos;
999 2661 1059 2681 nam

316 2741 340 2759 “
355 2742 434 2770 Rom.
448 2751 486 2775 ix,
499 2742 525 2770 6.
565 2743 587 2759 “
607 2743 685 2771 Rom.
699 2752 730 2777 tt,
745 2744 791 2778 28,
810 2743 855 2771 29.

316 2812 482 2848 (ll)Recnle
496 2813 606 2840 omnino
622 2814 748 2841 adnotata
765 2821 781 2841 a
799 2814 878 2842 nobis
895 2815 921 2842 in
940 2820 1055 2842 tractatu

282 2847 418 2884 $.Cyrilli
444 2848 480 2884 οε
508 2847 593 2875 Mevia
610 2849 730 2884 deipara,
750 2857 815 2884 cap.
839 2849 866 2880 5,
890 2851 923 2876 de
947 2850 1060 2877 Domino

279 2883 354 2915 Jesu,
376 2891 424 2918 pro
448 2882 540 2915 Josuo,
557 2882 712 2912 exeuntium
737 2882 853 2919 Egvplo
875 2884 1059 2912 lsraelitarum

1112 1635 1136 1660 οῑ
1155 1635 1203 1669 μὲν
1217 1634 1271 1670 γὰρ
1288 1634 1317 1666 te
1331 1635 1468 1669 Αἰγύπτου
1491 1635 1673 1672 προελθόντες,
1692 1637 1754 1667 τοὺς
1779 1644 1896 1671 σωματι-

1113 1680 1176 1711 κοὺς
1198 1679 1326 1714 ἐξέφυγον
1353 1681 1517 1716 τυράννους·
1546 1682 1708 1717 ἐπαγόμενοι
1730 1682 1758 1708 δὲ
1784 1683 1812 1709 ἐν
1836 1684 1897 1714 ταῖς

1111 1724 1214 1751 ἑαυτῶν
1231 1725 1329 1760 ψυχαῖς
1339 1726 1402 1757 τοὺς
1415 1726 1522 1757 ἀσεϐεῖς
1536 1727 1662 1762 τρόπους,
1676 1727 1852 1754 πεπτώκασιν
1866 1728 1895 1754 ὲν

1111 1772 1143 1806 τῇ
1163 1771 1257 1806 ἐρήμῳ
1270 1771 1555 1807 εἰδωλολατρήσαντες.
1577 1773 1664 1808 Ὴμᾶς
1676 1773 1703 1800 δὲ
1716 1772 1822 1809 άληθῶς
1838 1772 1897 1800 ὲλυ-

1111 1816 1234 1852 τρὼσατο
1261 1818 1294 1843 ὲκ
1319 1817 1372 1844 τῶν
1404 1819 1453 1853 τῆς
1487 1818 1575 1853 ψυχῆς
1602 1819 1679 1854 ἡμῶν
1709 1819 1823 1855 ἐχθρῶν,
1850 1819 1897 1846 καὶ

1112 1862 1232 1898 ἐμνήσθη
1257 1863 1334 1898 ἡμῶν
1359 1863 1388 1889 ὲν
1409 1865 1441 1899 τῇ
1465 1864 1628 1891 ταπεινώσει
1650 1864 1728 1900 ἡμῶν
1754 1864 1852 1899 μᾶλλον
1878 1864 1896 1900 ἦ

1112 1908 1224 1935 ἐκείνων
1235 1916 1242 1923 ·
1260 1909 1285 1935 oi
1305 1909 1354 1944 μὲν
1375 1909 1430 1944 γάρ
1450 1909 1572 1945 σώμασιν
1588 1910 1726 1937 ἐδούλευον
1743 1913 1798 1942 τοῖς
1812 1912 1896 1945 Αιγυ-

1113 1954 1211 1985 πτίοις,
1225 1954 1304 1988 ἡμεῖς
1326 1953 1354 1980 δὲ
1371 1955 1430 1985 ταῖς
1444 1954 1544 1990 ψυχαῖς
1561 1956 1656 1987 αὑταῖς
1677 1955 1810 1991 δαιμόνων
1827 1954 1897 1992 ἦμεν

1112 1999 1234 2034 παίγνια,
1252 1999 1298 2026 καὶ
1319 1999 1370 2026 ὑπὸ
1384 2001 1440 2032 τοῖς
1457 2003 1584 2036 πονηροῖς
1604 2001 1754 2036 πνεύμασιν
1772 1999 1843 2037 ἦμεν
1857 2010 1899 2028 τε·

1111 2046 1316 2082 ταπεινωμένοι.
1337 2045 1467 2073 Τοσοῦτον
1483 2047 1512 2073 δέ
1533 2048 1590 2074 ἐστι
1612 2048 1642 2074 τὸ
1662 2048 1735 2080 ἕλεος
1751 2048 1797 2074 τοῦ
1818 2047 1896 2080 Θεοῦ,

1111 2091 1149 2123 ὡς
1164 2093 1200 2128 μὴ
1222 2093 1302 2126 μόνον
1318 2091 1445 2127 κήδεσθαι
1463 2092 1517 2119 τῶν
1535 2092 1678 2125 θεοσεὸῶν,
1693 2094 1740 2121 καὶ
1755 2094 1809 2120 τῶν
1824 2093 1898 2128 αὐτῷ

1112 2130 1316 2173 πλησιαζόντων
1339 2138 1502 2173 φροντίζειν,
1527 2139 1595 2166 ἀλλὰ
1619 2140 1664 2167 καὶ
1689 2140 1798 2167 πάντων
1824 2140 1899 2173 ἅπαξ

1112 2183 1204 2215 ἁπλῶς
1223 2184 1276 2210 τῶν
1293 2184 1340 2211 ἐπὶ
1356 2185 1407 2219 γῆς
1427 2185 1475 2221 τὴν
1493 2186 1619 2221 πρόνοιαν
1637 2187 1781 2219 ποιεῖσθαι.
1799 2187 1846 2215 καὶ
1866 2187 1897 2213 οὐ

1112 2229 1228 2263 λογικῶν
1253 2231 1340 2265 μόνων
1368 2230 1436 2257 ἀλλὰ
1458 2232 1504 2257 καὶ
1527 2232 1641 2266 ἀλόγων,
1667 2233 1705 2264 ὡς
1725 2234 1898 2269 ἐπιχορηγεῖν

1112 2275 1215 2310 τροφὰς
1229 2277 1294 2302 πᾶσι
1307 2278 1364 2308 τοῖς
1382 2277 1428 2304 ἐπὶ
1442 2278 1493 2313 γῆς
1509 2277 1602 2311 ζώοις,
1616 2278 1721 2313 ἑκάστῳ
1736 2287 1765 2305 τε
1777 2279 1849 2313 γένει
1864 2278 1898 2306 τὰ

1113 2321 1264 2357 πρόσφορα,
1289 2323 1335 2349 καὶ
1359 2323 1392 2350 τὰ
1418 2324 1572 2360 κατάλληλα
1596 2324 1664 2360 πρὸς
1686 2326 1736 2359 τὴν
1753 2325 1823 2360 ζωὴν
1848 2325 1898 2352 δω-

1116 2367 1236 2403 ρεῖσθαι,
1257 2369 1381 2396 ἐντεῦθέν
1410 2379 1440 2396 τε
1468 2370 1548 2397 πάλιν
1576 2371 1616 2402 εἰς
1641 2371 1755 2406 οὐρανὸν
1784 2371 1896 2406 διήκειν.

1113 2413 1213 2448 Διόπερ
1237 2414 1250 2440 ὸ
1262 2413 1339 2448 λόγος
1362 2416 1430 2450 μετὰ
1451 2415 1481 2442 τὸ
1503 2416 1596 2450 φάναι,
1616 2416 1647 2443 '0
1663 2416 1766 2450 διδοὺς
1784 2417 1898 2452 τροφὴν

1115 2459 1199 2494 πάσῃ
1221 2461 1326 2494 σαρκὶ,
1343 2462 1498 2497 ἀναπέμπει
1521 2463 1594 2497 ἡμᾶς
1617 2463 1656 2494 εἰς
1676 2462 1805 2498 οὐρανὸν,
1823 2461 1898 2494 αὖθις

1115 2504 1218 2539 λέγων’
1235 2505 1479 2541 Ἐξομολογεῖσθε
1494 2506 1534 2539 τῷ
1551 2507 1613 2540 Θεῷ
1633 2508 1686 2535 τοῦ
1703 2509 1844 2543 οὐρανοῦ,
1854 2508 1898 2535 ὅτι

1114 2551 1158 2583 εὶς
1166 2551 1219 2577 τὸν
1226 2550 1317 2578 αἰῶνα
1326 2552 1360 2578 τὸ
1367 2553 1453 2586 ἕλεος
1460 2553 1564 2580 αὑτοῦ.

1377 2599 1522 2626 tumor.
1543 2600 1634 2634 ΡΛςν.

1156 2643 1185 2670 '0
1211 2643 1306 2680 παρὼν
1333 2644 1454 2681 ψαλμὺς,
1479 2646 1665 2683 ἀνεπίγραφος
1692 2647 1809 2683 ὑπάρχει
1834 2647 1897 2682 παρ’

1113 2813 1192 2850 duce.
1207 2812 1274 2840 Nam
1304 2818 1332 2841 et
1363 2813 1494 2850 Eusebius
1527 2814 1686 2850 conspirare
1717 2821 1778 2841 cum
1807 2811 1900 2850 Cyrilli

1113 2849 1284 2883 aliorumque
1300 2849 1434 2876 sententia
1451 2850 1567 2877 videtur.

1150 2884 1208 2920 (12)
1225 2884 1292 2912 Cod.
1306 2884 1416 2920 τρόπος.
