2059 3215
188 175 222 204 ΞἻ
748 180 998 212 COMMENTARIA
1017 181 1050 209 IN
1070 181 1238 211 PSALMOS.
1773 187 1808 214 58

193 234 338 271 Ἑϐραίοις,
362 236 409 263 καὶ
431 236 492 264 οὔτε
510 238 581 270 τινος
602 239 660 266 ἐστὶ
674 241 891 277 προγέγραπται,
915 241 969 268 οὔτε

1030 248 1116 275 neque
1131 242 1189 276 ejus
1202 249 1297 270 auctor
1319 243 1483 276 inscribitur,
1503 252 1591 279 neque
1604 245 1680 278 cuius
1698 247 1806 280 generis

189 281 266 307 ποίου
281 281 406 316 τυγχάνει
420 283 521 314 εἴδους·
542 284 599 325 ἀλλ’
614 285 671 312 ἐστι
691 285 754 321 ψιλὴ
771 288 922 323 προφητεία
941 290 973 315 ἐκ

189 327 334 363 προσώπου
356 328 410 356 τῶν
433 330 461 355 ἐν
483 329 622 358 Βαϐυλῶνι
646 333 798 367 γενομένων
822 333 970 370 λεγομένη·

190 373 237 400 καὶ
250 373 328 400 τοῦτο
340 374 367 400 δέ
381 374 529 410 σημειώσει
543 376 581 409 ὡς
595 377 623 403 ἐν
636 386 705 404 τισιν
719 379 772 405 τῶν
786 379 971 415 ἀντιγράφων,

191 419 261 445 πατά
276 420 337 452 τοὺς
345 419 552 457 Ἑϐδομήκοντα,
567 424 766 460 ἐπιγέγραπται
785 426 910 461 Ἀγγαίου
927 427 973 455 καὶ

191 464 334 500 Ζαχαρίου.

189 510 341 545 Μακάριος
363 511 396 545 ὃς
421 513 625 566 ἀνταποδέιτει
649 523 697 542 σοι
726 516 758 542 τὸ
782 517 972 553 ἀνταπόδομά

549 557 618 575 σουΔ

228 591 257 617 '0
282 593 455 628 μακαρισμὸς
478 594 517 625 εἰς
545 594 664 627 ἐκείνους
691 597 884 633 περιστήσεται
909 599 972 630 τοὺς

188 636 361 670 ἀποδιδόντας
384 639 417 665 τὰ
434 640 564 675 ἀμοιϐαῖα
585 643 618 677 τῇ
641 641 789 674 Βαϐυλῶνι,
805 644 851 670 καὶ
871 644 916 671 τὸν
937 645 971 672 τὰ

187 683 271 719 νήπια
280 684 368 711 αὐτῶν
377 694 465 721 προσ-α
471 687 602 721 ράσσοντα
612 689 645 723 τῇ
657 687 742 724 πέτρᾳ
754 689 801 715 καὶ
809 689 970 724 ἀναιροῦντα

187 728 272 764 αὑτά·
291 731 338 756 καὶ
352 731 406 767 γὰρ
420 731 459 766 τῷ
476 731 547 764 ὄντι,
558 733 589 759 τὸ
604 733 652 768 μὲν
669 733 776 769 πρῶτον
793 736 925 771 μακάριον
937 733 970 771 ἦν

186 774 217 801 τὸ
243 775 280 811 μὴ
302 776 450 803 θεάσασθαί
472 786 535 804 ποτε
550 779 598 813 τὴν
618 779 778 813 Βαϐυλῶνα,
797 781 863 816 μηδὲ
886 783 914 807 ὲν
936 783 968 817 τῇ

188 821 316 856 συγχύσει
338 823 462 856 γενέσθαι
483 824 536 850 τῶν
558 825 659 860 ταύτης
676 827 785 853 κακῶν·
809 829 833 854 εί
851 828 878 854 δὲ
898 828 970 861 ἅπαξ

185 873 229 896 τις
242 866 346 900 γένοιτο
363 868 391 893 ἐν
407 868 475 904 αὐτῇ
492 869 636 896 ἀποπεσὼν
651 871 704 897 τῶν
722 872 891 906 κρειττόνων,
916 882 969 908 μα-

1023 294 1132 315 carmen
1150 288 1204 322 sit,
1220 289 1329 319 dicitur.
1356 290 1443 318 Porro
1456 296 1498 317 est
1515 291 1628 324 simplex
1645 293 1784 326 prophetia
1799 312 1807 326 ,

1023 340 1082 364 qua:
1119 335 1247 361 recitatur
1266 343 1297 363 ex
1330 337 1496 371 captivorum
1522 336 1658 371 Babylone
1683 344 1808 371 persona.

1024 379 1088 412 Ejus
1108 380 1147 406 rei
1169 381 1298 407 indicium
1311 386 1361 413 cst,
1376 382 1448 416 quod
1467 382 1493 408 in
1512 381 1615 416 aliquot
1634 381 1807 416 Septuaginta

1023 425 1202 460 interpretum
1234 428 1433 462 exetnplaribus
1461 427 1620 455 inscribitur
1654 428 1753 463 Aggmo
1780 433 1808 455 et

1024 470 1171 498 Zacharias.

1039 517 1122 545 Vens.
1141 518 1167 545 8.
1192 517 1290 545 Beatus
1307 519 1351 554 qui
1376 520 1501 572 retrib'uet
1524 520 1572 546 tibi
1594 520 1789 547 retributionem

1368 559 1438 572 Iilllhl

1367 559 1438 581 tuam
1453 559 1459 581 ἑ

1056 598 1198 626 Beatitudo
1220 599 1273 627 illis
1289 604 1438 634 reputatur,
1462 601 1506 635 qui
1524 601 1651 628 talionem
1676 601 1804 637 Babyloni

1023 645 1143 678 reddent,
1156 650 1182 672 et
1197 646 1241 680 qui
1257 645 1381 680 parvulos
1392 645 1450 680 ejus
1465 651 1546 681 petra:
1558 647 1642 674 illisos
1657 648 1803 686 necahunt.

1024 691 1126 718 Revera
1155 691 1226 718 enim
1253 692 1279 718 in
1298 691 1391 725 primis
1419 693 1524 718 beatqu
1549 692 1642 720 fuisset
1669 701 1804 727 nunquam

1021 744 1132 764 cernere
1147 736 1310 772 Babylonem
1325 757 1332 769 ,
1351 744 1437 771 neqtte
1453 737 1479 764 in
1495 737 1624 764 malorum
1642 738 1700 771 ejus
1720 738 1807 764 collu-

1021 783 1063 809 vie
1078 783 1192 810 versari.
1211 782 1264 809 Sed
1284 786 1426 816 postquam
1449 782 1546 816 aliquis
1559 776 1741 817 prosperitate.
1757 783 1804 810 de-

1017 827 1105 862 jectus
1118 849 1125 861 ,
1140 827 1192 854 illic
1205 827 1371 859 exstitisset,
1390 827 1483 854 beatus
1497 835 1563 854 sane
1579 831 1761 861 reputaretur.
1779 826 1803 854 si

1020 880 1079 907 qua:
1092 879 1187 907 passus
1202 879 1274 899 esset
1288 891 1294 903 ,
1314 872 1428 899 invicem
1446 872 1605 899 retribueret
1617 891 1625 904 ,
1641 877 1669 899 et
1685 871 1803 906 Babylo-

187 911 280 947 κάριος
294 912 326 939 ἂν
349 913 391 949 εἴη
408 915 431 940 εξ
451 914 468 941 ἆ
490 915 621 943 πέπονθεν
649 918 795 952 ποιήσειεν,
816 918 861 944 καὶ
883 919 969 945 ἀνται-

1021 919 1080 945 nios
1107 919 1227 945 vicissim
1245 919 1493 953 captivarel,atque
1510 918 1582 952 ipsas
1593 918 1803 952 Babyloniorum

186 958 388 995 χμαλωτήσειεν
401 961 464 992 τοὺς
480 961 674 995 Βαϐυλωνίους,
692 964 739 989 καὶ
753 964 837 996 αὑτὰς
851 964 899 997 τὰς
916 965 969 991 τῶν

188 1004 364 1032 Βαῦυλωνίων
378 1006 465 1041 ψυχάς
484 1008 632 1042 μεταγάγοι
649 1009 694 1035 ἐπὶ
710 1009 755 1035 τόν
772 1009 818 1036 τοῦ
840 1010 906 1036 Θεοῦ
922 1010 969 1044 φό-

189 1049 246 1076 ϐον.
268 1050 298 1076 Εἰ
318 1051 345 1077 δὲ
369 1052 414 1078 καὶ
436 1052 470 1078 τὰ
496 1053 579 1088 νήπια
602 1054 691 1080 αὐτῶν
710 1054 746 1090 μὴ
768 1057 968 1091 συγχωρήσειεν

188 1095 314 1130 αὐξῆσαι,
331 1097 398 1123 ἀλλὰ
421 1098 587 1133 συντρίψειεν
609 1099 676 1135 πρὸς
693 1101 726 1135 τῇ
747 1101 845 1136 πέτρᾳ,
864 1101 967 1128 πολλῶν

132 1182 134 1184 ν
187 1140 220 1167 ἂν
239 1142 342 1175 γένοιτο
361 1143 573 1180 μακαριώτερος.
594 1145 754 1177 Βαϐυλῶνος
775 1146 804 1172 δέ
827 1147 910 1182 νήπια
935 1147 969 1174 τὰ

187 1184 330 1221 σπέρματα
350 1187 399 1222 τῆς
421 1188 529 1221 κακίας,
547 1189 594 1216 καὶ
609 1189 657 1221 τὰς
670 1190 756 1226 ἀρχὰς
772 1191 825 1218 τῶν
843 1200 969 1227 συγχυτι-

185 1232 241 1258 κῶν
271 1233 486 1269 ἁμαρτημάτων,
507 1235 556 1262 οὐκ
586 1236 618 1262 ἂν
638 1237 771 1272 ἁμάρτοις
790 1237 889 1264 εἰπών’
902 1237 920 1264 ἃ
936 1239 967 1274 δὴ

185 1277 222 1313 τῷ
240 1278 311 1314 λόγῳ
325 1279 364 1315 τῷ
383 1280 508 1316 σωτηρίῳ
528 1282 554 1316 (ὴ
573 1281 659 1317 πέτρα
681 1282 735 1318 γὰρ
755 1281 788 1318 ἦν
807 1284 821 1310 ὁ
843 1284 968 1319 Χριστὸς)

185 1325 307 1360 ἀναιρεῖν
326 1325 394 1360 πρὸς
411 1326 440 1352 τὸ
464 1327 501 1362 μὴ
514 1327 606 1360 αὔξειν
618 1349 624 1361 ,
640 1328 708 1363 μηδέ
724 1329 764 1360 εἰς
784 1329 851 1365 ἔργα
869 1331 968 1366 προέρ-

185 1371 278 1406 χεσθαι
296 1372 440 1399 σπουδάσει
456 1374 470 1399 ὁ
487 1374 514 1399 ἐν
530 1373 634 1406 τούτοις
654 1374 879 1410 μακαριζόμενος.

456 1419 600 1446 ΨΛΛΜΟΣ
615 1421 697 1447 PAZ'.

191 1462 464 1499 Ἐξομολογήσομαί
477 1473 535 1498 σοι,
551 1466 648 1500 Κύριε,
662 1466 695 1492 ἑν
708 1465 765 1501 ὅλῃ
779 1466 883 1500 καρδίᾳ
897 1476 966 1501 μου.

221 1541 325 1576 Ὠσπερ
338 1543 351 1568 ὁ
365 1542 466 1574 τέλειος
482 1542 511 1575 ἐξ
525 1543 589 1578 ὅλης
601 1543 691 1578 ψυχῆς
707 1543 754 1570 καὶ
767 1543 906 1579 δυνάμεως
921 1545 967 1571 καὶ

1019 966 1124 993 animas
1138 966 1170 992 ad
1188 965 1233 993 Dei
1252 966 1376 993 timorem
1393 964 1564 992 transferret.
1581 964 1657 997 Quod
1670 964 1692 991 si
1706 969 1732 991 et
1745 964 1804 991 illo-

1020 1019 1078 1038 rutn
1093 1011 1223 1046 parvulos
1240 1012 1311 1038 haud
1326 1011 1419 1038 siverit
1431 1009 1587 1037 adolescere
1603 1030 1609 1041 ,
1628 1010 1676 1036 sed
1695 1010 1803 1037 illiserit

1020 1062 1113 1092 petrte,
1133 1057 1217 1084 multo
1238 1057 1290 1084 erit
1307 1057 1420 1084 felicior.
1433 1056 1490 1083 Jam
1507 1064 1570 1083 vero
1583 1056 1727 1092 Babylonis
1741 1064 1804 1090 par-

1018 1104 1107 1136 vulos,
1123 1108 1195 1130 recte
1210 1103 1341 1138 intelliges
1356 1103 1483 1138 nequitiae
1498 1103 1612 1134 semina,
1626 1108 1652 1130 et
1665 1104 1801 1129 variorum

1018 1147 1197 1181 scaturigines
1212 1153 1401 1182 peccatorum,
1421 1154 1480 1180 quae
1504 1147 1659 1174 Servaloris
1671 1147 1803 1174 doctrinis

1019 1190 1091 1224 (nam
1117 1196 1190 1226 petra
1217 1196 1259 1218 est
1273 1191 1410 1226 Christus)
1429 1192 1554 1218 occidere
1567 1211 1574 1222 ,
1591 1198 1624 1218 ne
1647 1192 1804 1218 adolescant

1019 1239 1099 1268 atque
1115 1234 1140 1260 in
1155 1240 1246 1261 actum
1271 1240 1435 1270 erumpant,
1451 1235 1558 1263 curabit
1573 1235 1596 1263 is
1617 1237 1662 1270 qui
1677 1237 1728 1264 hoc
1743 1235 1803 1264 loco

1019 1279 1113 1307 beatus
1127 1280 1299 1314 praedicatur.

1243 1411 1403 1440 PSALMUS
1421 1411 1574 1439 CXXXVII.

1036 1457 1118 1485 Vens.
1142 1457 1168 1485 1.
1191 1457 1341 1492 Conﬁtebor
1357 1458 1419 1489 tibi,
1439 1457 1568 1491 Domine,
1589 1458 1615 1485 in
1638 1462 1691 1485 toto
1709 1458 1787 1485 corde

1379 1501 1446 1520 meo.

1055 1537 1142 1565 Sicuti
1157 1538 1293 1572 perfectus
1312 1538 1394 1565 homo
1405 1558 1412 1571 ,
1428 1538 1509 1564 Deum
1523 1541 1576 1564 tota
1591 1539 1691 1570 anima,
1703 1537 1803 1570 nervis,

187 1587 277 1622 ἰσχύος
291 1589 385 1623 ἀγαπᾷ
399 1589 444 1614 τὸν
456 1589 531 1621 Θεὸν,
547 1590 576 1615 οὐ
590 1589 710 1616 διασπῶν
722 1590 771 1622 τὰς
783 1590 910 1625 δυνάμεις
920 1591 968 1626 τῆς

1021 1591 1052 1611 ac
1067 1584 1169 1610 viribus
1185 1588 1279 1616 amat,
1295 1584 1365 1611 baud
1379 1583 1503 1617 equidem
1519 1583 1620 1610 amoris
1634 1583 1675 1610 sui
1694 1583 1806 1610 faculta-

186 1634 283 1661 ἐαυτοῦ
306 1635 415 1670 ἀγάπης
437 1635 501 1670 περὶ
519 1635 581 1662 ἄλλο
597 1644 635 1667 τι,
654 1635 710 1662 ἀλλ’
728 1635 795 1667 ὅλως
814 1636 968 1672 ἀνηρτημέ-

185 1689 230 1712 νος
248 1680 327 1716 μόνου
346 1680 394 1706 τοῦ
408 1680 486 1714 Θεοῦ,
500 1681 586 1713 οὕτως
605 1682 651 1708 καὶ
665 1682 745 1714 αὐτὸς
760 1683 788 1709 ἐν
805 1683 853 1718 ὅλῃ
872 1683 969 1718 καρδίᾳ

185 1728 382 1763 ὲξομολογεῖται
408 1728 575 1763 εὐχαριστῶν
599 1727 637 1764 τῷ
661 1728 729 1764 Θεῷ.
753 1728 867 1764 Θαρσῶν
891 1729 918 1755 δὲ
936 1731 968 1764 τῇ

184 1773 294 1808 τοιαύτῃ
312 1772 394 1799 αὑτοῦ
411 1772 565 1808 παρρησίᾳ,
578 1773 626 1798 καὶ
648 1772 736 1804 εἰδὼς,
753 1773 793 1799 ὅτι
808 1772 836 1799 ἐν
861 1772 970 1808 μεγάλῳ

185 1819 291 1854 θεάτρῳ
311 1819 350 1854 τῷ
371 1819 425 1844 τῶν
446 1819 593 1854 ἀνθρώπων
610 1819 669 1854 βίῳ,
689 1818 767 1845 θείων
784 1818 907 1853 ἀγγέλων
923 1819 970 1845 καὶ

185 1862 350 1897 λειτουργῶν
371 1862 437 1888 Θεοῦ
459 1861 627 1897 ἐφορώντων,
649 1864 696 1889 καὶ
716 1863 858 1898 θεωμένων
874 1863 922 1895 τὰς
941 1865 969 1890 ἐν

185 1907 246 1944 Θεῷ
270 1908 410 1944 προκοπὰς
426 1908 524 1940 αὑτοῦ,
547 1908 596 1944 τὴν
616 1909 804 1944 προσήκουσαν
826 1910 969 1937 ἀποδίδωσι

184 1954 224 1990 τῷ
241 1954 300 1990 Θεῷ
319 1954 457 1990 λατρείαν,
476 1955 522 1991 καί
546 1963 639 1990 φησιν·
657 1954 711 1981 Kal
727 1955 864 1982 ἐναντίον
886 1955 971 1991 ἀγγέ-

184 2002 246 2027 λων
259 2000 348 2034 ψαλῶ
360 2009 418 2027 σοι.

259 2045 466 2080 Προσκυνήσω
481 2047 555 2080 πρὸς
569 2045 623 2073 τὸν
635 2045 712 2072 ναὸν
727 2045 812 2080 ἅγιόν
824 2054 892 2073 σου.

221 2092 386 2128 Προσκυνεῖν
412 2092 607 2127 ἐπαγγέλλεται
631 2093 701 2128 πρὸς
722 2093 785 2120 ναὺν
812 2092 897 2127 ἅγιον,
921 2093 970 2129 τὴν

191 2137 353 2174 Ἐκκλησίαν
364 2137 461 2173 δηλῶν,
484 2137 500 2173 ἢ
525 2138 574 2173 τὴν
591 2138 750 2172 ἐπουράνιον
783 2137 969 2173 Ἰερουσαλὴμ,

184 2181 218 2220 ἧς
231 2183 316 2216 τύπος
331 2185 346 2210 ὁ
361 2184 406 2210 ἐπὶ
419 2183 471 2218 γῆς
487 2183 592 2219 ὑπῆρχε
608 2183 672 2215 ναός
682 2191 689 2198 -
708 2180 767 2210 εἶτα
779 2183 858 2219 χάριν
875 2183 970 2218 ὁμολοο

185 2233 229 2266 γεῖ
243 2231 420 2265 καταξιωθεὶς
433 2230 507 2257 ἐλέου
524 2231 571 2257 καὶ
584 2230 713 2265 ἀληθείας
729 2230 806 2256 Θεοῦ.
828 2229 898 2255 Ἀνθ’
910 2225 941 2255 οὗ
955 2230 969 2256 ό

185 2278 342 2313 Σύμμαχος,
359 2277 425 2311 περὶ
440 2276 492 2303 τοῦ
506 2275 611 2309 ἐλέους
623 2284 680 2303 σου
692 2276 741 2303 καὶ
755 2275 809 2309 τῆς
826 2275 969 2308 ἀληθείας

187 2333 255 2355 σου,
281 2324 371 2358 λέγει·
402 2323 490 2359 τυχὼν
517 2324 570 2359 γὰρ
598 2323 673 2350 ἐλέου
700 2322 778 2354 Θεοῦ,
804 2322 896 2348 τύπων
922 2322 969 2348 καὶ

189 2369 326 2404 συμϐόλων
343 2369 513 2405 ἀπήλλακται
524 2389 531 2401 ,
548 2370 576 2396 ἐν
599 2368 733 2404 insutu-rt
749 2368 778 2395 δέ
794 2369 840 2395 καὶ
857 2367 969 2404 ἀληθείᾳ

187 2415 326 2450 λατρεύειν
340 2416 398 2452 Θεῷ
411 2415 586 2452 κατηξίωται.

192 2503 539 2538 Ἐξομολογησάσθωσάν
552 2511 601 2531 σοι
612 2524 619 2536 ,
635 2504 732 2537 Κίιριε,
748 2502 858 2534 πάντες
872 2502 899 2528 οι
911 2501 968 2533 ,βα-

448 2539 544 2572 σιλεῖς
563 2538 618 2576 vis
640 2538 704 2573 γῆς-

221 2585 355 2616 Πολλάκις
372 2586 606 2621 παρετηρήσαμεν,
620 2585 660 2611 ὅτι
672 2583 726 2610 τῶν
736 2583 848 2618 ψαλμῶν
865 2583 888 2609 οἱ
901 2583 969 2617 μήτε

188 2628 282 2665 ὕμνον,
302 2629 370 2664 μήτε
385 2627 464 2663 ᾠδὴν,
477 2630 543 2664 μήτε
559 2628 674 2664 ψαλμὸν,
687 2629 703 2664 ἧ
717 2637 742 2654 τι
756 2628 848 2663 ἕτερον
863 2627 969 2662 ἔχοντες

188 2675 360 2712 προγραφὴν,
374 2674 454 2701 ἄλλου
471 2675 544 2710 παρὰ
559 2674 642 2702 ταῦτα
659 2675 819 2710 τυχχάνουσι
835 2674 970 2710 χαρακτῆ-

189 2729 243 2757 ρος,
261 2722 350 2751 ὁποῖος
362 2721 376 2746 ὀ
389 2718 484 2754 παρὼν
499 2720 668 2755 προφητικῆς
684 2719 802 2754 μετέχων
817 2718 966 2752 δυνάμεως·

188 2765 231 2793 διὰ
241 2766 294 2801 γὰρ
309 2765 363 2792 τῶν
382 2763 568 2800 προλαϐόντων
581 2764 842 2800 ἐξομολογησάμενος
851 2763 866 2789 ὀ
876 2762 967 2795 Δαυῒδ,

196 2811 264 2837 Ἀλλ’
290 2811 338 2837 οὐκ
364 2810 430 2845 ἐγὼ,
460 2811 535 2846 φησὶ,
559 2811 588 2837 ὲν
613 2810 749 2846 βασιλεῦσι
772 2809 850 2845 μόνος
871 2808 966 2835 τούτου

190 2857 367 2892 κατηξιώθην,
382 2857 501 2884 πλεῖστοι
515 2856 543 2882 δὲ
559 2857 671 2883 τοιοῦτοι
685 2857 854 2892 γενήσονται,
870 2855 969 2892 δηλαδὴ

191 2904 257 2938 μετὰ
273 2905 302 2930 τὸ
317 2905 446 2940 κήρυγμα
463 2903 508 2931 τοῦ
527 2904 665 2939 Σωτῆρος·
688 2904 734 2930 καὶ
750 2902 864 2938 μάλιστα
877 2902 920 2928 ὅτε
941 2902 971 2928 τὺ

1020 1635 1060 1658 tes
1075 1630 1232 1658 distrahens
1245 1631 1278 1657 ad
1296 1630 1368 1657 aliud
1381 1630 1489 1664 quidvis
1502 1649 1510 1662 ,
1527 1630 1573 1657 sed
1587 1637 1601 1656 a
1616 1629 1672 1656 solo
1689 1629 1744 1656 Deo
1758 1630 1804 1656 de-

1018 1676 1154 1710 pendens;
1180 1676 1220 1702 sic
1245 1680 1273 1702 et
1301 1675 1441 1702 Psalmista
1470 1679 1525 1702 toto
1549 1675 1630 1703 corde
1647 1675 1802 1706 confitetur,

1018 1721 1120 1757 gratias
1135 1729 1217 1754 agens
1238 1721 1301 1748 [)co.
1315 1720 1382 1747 'I'nm
1395 1721 1482 1748 elatus
1498 1720 1548 1747 hac
1564 1728 1610 1747 sua
1629 1719 1724 1748 fiducia
1737 1740 1745 1754 ,
1763 1721 1802 1747 vi-

1018 1766 1136 1800 densque
1161 1774 1189 1793 se
1209 1766 1234 1792 in
1260 1760 1355 1800 timgno
1373 1766 1496 1792 humana:
1516 1765 1575 1791 vitae
1603 1765 1720 1795 theatro,
1745 1772 1804 1791 nec-

1019 1819 1071 1839 non
1100 1811 1251 1839 caelestium
1272 1811 1427 1846 angelorum
1443 1831 1451 1843 ,
1468 1811 1513 1845 qui
1538 1810 1622 1844 ipsius
1636 1811 1704 1845 apud
1721 1809 1804 1836 Deum

1019 1856 1168 1893 profectum
1187 1862 1309 1892 spectant
1321 1877 1328 1888 ,
1344 1857 1545 1884 convenientem
1564 1856 1616 1882 Deo
1632 1856 1726 1883 tribuit
1747 1856 1803 1883 cnl-

1019 1909 1075 1931 tutn
1088 1924 1095 1936 ,
1119 1905 1210 1938 aitque
1228 1912 1234 1931 :
1255 1903 1287 1930 Et
1308 1903 1335 1929 in
1358 1910 1495 1937 contpectu
1515 1903 1668 1937 angelorum
1690 1901 1804 1936 psallam

1019 1950 1076 1977 tibi.

1067 2039 1149 2068 VEIts.
1163 2040 1190 2068 2.
1205 2039 1328 2067 Adorabo
1344 2039 1379 2066 ad
1391 2038 1516 2072 templum
1532 2043 1652 2065 sanctum
1669 2043 1752 2064 tuum.

1053 2087 1234 2114 Adoraturum
1253 2093 1283 2113 se
1300 2085 1413 2120 spondet
1428 2084 1454 2111 in
1470 2089 1566 2111 sancto
1581 2083 1696 2117 templo,
1713 2082 1805 2110 Eccle-

1019 2133 1085 2160 siant
1111 2133 1263 2165 denotans,
1288 2131 1330 2159 vel
1355 2131 1492 2159 cmlestetn
1521 2129 1690 2161 Jerusalem,
1727 2129 1805 2163 cujus

1018 2184 1078 2205 erat
1094 2183 1174 2213 typus
1188 2182 1315 2205 terrestre
1334 2177 1472 2211 templum.
1491 2175 1591 2202 Deinde
1607 2175 1719 2209 gratiam
1744 2183 1804 2209 pro.

1022 2225 1122 2257 litetur,
1139 2225 1203 2260 quia
1219 2226 1315 2260 dignus
1330 2225 1365 2251 sit
1388 2225 1497 2251 babittts
1518 2222 1702 2250 misericordia
1716 2226 1743 2248 et
1757 2229 1804 2247 vr-

984 2262 1006 2289 Ῑ)
1022 2272 1102 2298 ritate
1118 2271 1174 2298 Dei.
1197 2271 1250 2298 Pro
1273 2271 1370 2305 quibus
1391 2270 1483 2296 verbis
1499 2268 1686 2304 Symmachus,
1699 2271 1805 2302 proptrr

1022 2317 1230 2344 misericordiam
1246 2322 1316 2342 tuam
1335 2321 1359 2342 et
1380 2316 1516 2342 ueritatem
1531 2318 1602 2340 tuam
1617 2334 1625 2347 ,
1643 2314 1719 2341 dicit.
1736 2312 1804 2339 Nam

1023 2362 1068 2389 Dei
1088 2361 1300 2389 misericordiam
1317 2361 1431 2396 adeptus
1443 2380 1450 2392 .
1469 2359 1540 2394 typis
1564 2358 1746 2394 symbolisque
1759 2365 1804 2385 sc—

1022 2408 1116 2442 positis
1128 2427 1137 2440 ,
1151 2409 1176 2435 in
1191 2407 1288 2443 spiritu
1304 2415 1336 2434 ac
1356 2406 1469 2434 veritate
1485 2406 1570 2433 Deum
1587 2405 1701 2431 adorare
1721 2404 1804 2437 impr-

1023 2453 1114 2480 travit.

1050 2501 1132 2528 Vens.
1147 2497 1367 2532 LConﬁteantur
1383 2498 1431 2524 tibi
1441 2518 1448 2528 ,
1462 2496 1573 2524 Domine
1583 2515 1590 2528 ,
1603 2502 1690 2522 omne;
1705 2500 1776 2526 reges

1371 2538 1459 2560 terrm.

1055 2581 1132 2617 Saepe
1147 2579 1349 2609 observavimus
1364 2579 1480 2613 psalmos
1496 2576 1555 2604 illos
1570 2575 1616 2609 qui
1632 2579 1721 2607 neque
1734 2578 1801 2597 can-

1022 2628 1065 2655 tici
1079 2635 1166 2662 neque
1181 2626 1276 2662 psalmi
1291 2644 1299 2657 ,
1330 2632 1418 2660 neque
1440 2622 1588 2658 quamlibet
1610 2619 1690 2646 aliaat
1707 2617 1805 2644 inscri-

1021 2675 1138 2710 ptionem
1153 2673 1263 2704 habent,
1278 2671 1412 2698 diversum
1423 2669 1456 2696 ab
1471 2668 1513 2695 his
1527 2667 1709 2694 characterem
1724 2670 1803 2696 gere-

1021 2709 1049 2746 re
1062 2740 1069 2751 ,
1087 2718 1236 2753 cujusmodi
1255 2722 1297 2744 est
1315 2716 1359 2743 hic
1379 2713 1537 2749 prophetica
1551 2711 1654 2738 virtute
1674 2709 1803 2737 imbutus.

1019 2763 1087 2790 Nam
1104 2763 1244 2798 superiore
1258 2761 1427 2789 confessione
1445 2758 1515 2784 facta
1532 2756 1629 2789 David,
1643 2755 1737 2789 Atqui,
1753 2754 1803 2786 ait,

1020 2817 1072 2836 non
1095 2816 1145 2844 ego
1161 2808 1234 2835 solus
1257 2808 1328 2834 inter
1340 2812 1416 2839 reges
1428 2804 1471 2830 his
1485 2802 1670 2838 prtcrogativis
1681 2808 1740 2828 sum
1755 2800 1803 2825 de-

1024 2859 1131 2882 coratus
1145 2875 1152 2887 ,
1170 2854 1217 2882 sed
1240 2851 1347 2888 plurimi
1370 2850 1482 2884 posthac
1507 2853 1608 2881 erunt,
1633 2854 1729 2881 nempe
1744 2848 1802 2880 post

1025 2900 1180 2927 Servatoris
1205 2896 1451 2933 prmdicationem;
1483 2896 1616 2930 praecipue
1647 2901 1711 2920 vero
1742 2898 1802 2919 cum
