2059 3215
276 183 312 211 59

276 242 418 270 mu'ltitudo
442 241 561 276 gentium
585 241 708 275 ingressa
737 241 837 276 fuerit,
867 245 895 268 et
921 241 1054 268 secundus
1068 248 1092 276 Α

275 287 375 315 Christi
389 287 520 314 adventus
535 286 674 314 acciderit.
693 286 768 314 Tunc
780 287 851 313 enim
864 293 961 320 magna
976 293 1057 321 appa-

276 333 345 360 rebit
366 332 449 367 gloria
466 332 583 359 Domini.
606 331 726 366 Namque
749 332 909 366 imperativo
923 333 1000 360 modo
1015 331 1056 359 vel

274 378 403 412 optativo,
419 378 507 405 futura
522 378 655 406 interdum
669 378 832 406 denotamur
845 380 991 406 secundum
1009 387 1055 413 pe-

274 423 401 451 culiarem
416 423 589 450 Hebrreurum
612 423 847 451 consuetudinem.
864 438 900 445 —
916 423 1055 451 Vaticina-

275 471 319 493 tur
342 466 467 494 dilfusum
493 468 525 494 iri
551 475 600 501 per
614 475 709 495 omnes
725 474 820 503 gentes
843 469 889 496 Dei
915 470 1054 502 notitiam;

273 511 368 539 Cuncti
386 513 467 544 enim,
486 513 583 547 inquit,
600 521 679 547 reges
692 518 771 542 terrae
784 514 981 542 conﬁtebuntur
997 515 1053 546 tibi,

273 559 435 593 audientque
449 559 540 586 omnia
555 559 636 586 verba
658 559 715 586 oris
730 559 776 586 Dei
790 579 798 592 ,
820 564 847 586 et
863 561 1013 588 cantabunt
1027 561 1054 587 in

272 604 323 632 viis
346 604 462 632 Domini.
489 603 550 631 Haec
575 609 664 632 autent
681 605 787 632 nonnisi
815 609 875 640 post
900 605 1055 635 Servatoris

273 651 357 687 nostri
380 650 598 685 praedicationem
615 650 718 677 exitum
736 655 813 678 nacta
835 657 907 679 sunt.
926 651 984 680 Vite
1005 660 1054 680 au-

272 700 326 722 tem
347 695 460 722 virtutes
485 699 568 727 sunt,
593 702 653 729 quae
676 695 710 722 ad
736 696 783 723 Dei
807 697 931 725 notitiam
954 698 1053 732 perdu-

271 745 356 770 cunt.i

304 828 386 856 VEns.
404 828 429 856 6.
449 829 574 857 Excelsu:
589 830 718 859 Dominus
737 838 760 859 et
775 833 886 860 humilia
901 835 1018 868 respicit.

307 873 373 907 Quae
395 876 568 909 propheticus
594 877 706 911 spiritus
733 877 760 904 in
787 879 844 913 ipso
858 882 885 906 et
905 886 952 913 per
967 879 1053 914 ipsum

272 918 378 946 locutus
405 919 514 952 fuerat,
539 921 620 949 David
647 929 831 957 cognoscens,
860 924 964 951 laetatur
988 925 1050 959 quia
1066 923 1087 950 Β

272 963 342 990 Deus
356 964 466 991 humilia
491 966 622 1001 respicit,
640 971 667 994 et
682 968 816 1002 pressuris
840 968 899 1003 ejus
914 975 1051 1003 protector

271 1010 357 1037 adest.

318 1069 396 1098 Vsus.
414 1069 440 1097 7.
456 1069 486 1097 Si
496 1071 662 1098 ambulavero
676 1073 704 1099 in
718 1073 802 1100 medio
814 1073 1003 1106 tribulationis.

525 1106 664 1140 vivificabis
680 1115 729 1140 me,
744 1112 797 1135 etc.

304 1149 409 1176 Clarius
426 1149 605 1185 Symmachus
619 1151 689 1178 dixit
703 1161 710 1178 :
726 1152 758 1179 Si
774 1152 940 1180 ambulavero
958 1154 985 1180 in
997 1161 1050 1180 me-

268 1194 312 1219 dio
329 1193 504 1221 tribulationis
517 1214 524 1226 ,
546 1195 710 1222 conservabit
731 1203 771 1222 me
784 1202 793 1221 :
808 1201 900 1224 contra
922 1198 1048 1225 anhelan-

270 1244 307 1265 tes
326 1239 443 1265 inimicos
462 1247 531 1266 meos
555 1248 661 1267 manum
685 1246 756 1267 tuam
773 1243 906 1273 extendet.
923 1244 1048 1270 servabit-

269 1290 318 1317 que
347 1290 386 1309 me
411 1284 517 1310 dextera
537 1289 593 1311 tua.
613 1284 741 1312 Dominus
761 1294 815 1312 rem
835 1295 882 1321 pro
903 1296 944 1314 me
965 1288 1048 1322 con/i-

268 1329 327 1355 ciet.

487 1405 646 1435 PSALMUS
664 1407 830 1437 CXXXVIII.

301 1448 384 1477 Vens.
398 1450 424 1477 l.
442 1450 560 1484 Domine,
576 1453 691 1486 probasti
702 1461 752 1488 me,
769 1460 792 1481 et
808 1456 950 1489 cognovisti
961 1464 1010 1484 me.

302 1495 432 1528 Quoniam
448 1496 526 1530 igitur
540 1503 638 1525 nostra:
649 1506 756 1534 quoque
769 1501 829 1528 vitae
845 1506 950 1536 tempus
966 1502 1047 1529 habet

267 1540 388 1569 dimensa
418 1550 432 1569 a
457 1544 511 1570 Deo
537 1544 698 1577 intervalla,
722 1547 877 1574 universum
899 1548 963 1575 vitae
979 1556 1046 1576 mea:

268 1591 372 1621 tempus
383 1608 390 1620 ,
408 1588 512 1623 inquit,
529 1589 653 1625 viamque
677 1591 809 1620 hactenus
823 1592 973 1621 confectam
989 1593 1046 1629 ipse
1059 1595 1080 1624 C

266 1637 401 1661 scrutatus
415 1642 454 1661 es.

300 1677 381 1705 Vsus.
399 1680 424 1706 6.
439 1679 569 1708 Mirabilis
584 1683 654 1717 facta
674 1688 713 1710 est
729 1685 838 1712 scientia
853 1690 899 1712 tua
916 1694 948 1713 ex
960 1694 1009 1713 me.

301 1724 428 1758 Superat,
442 1726 540 1761 inquit,
555 1727 626 1756 vires
642 1737 725 1762 meas,
740 1735 767 1756 et
778 1735 854 1757 extra
869 1739 956 1758 meam
970 1739 1045 1759 com-

264 1769 468 1802 prehensionem
484 1776 526 1799 est
550 1773 643 1800 horum
657 1775 784 1809 cognitio,
810 1776 846 1803 ita
863 1781 893 1803 ut
912 1784 943 1805 ea
958 1785 1045 1813 neque

264 1816 416 1850 excogitare
427 1825 511 1852 neque
523 1825 654 1847 enarrare
667 1828 774 1855 queam.
784 1821 962 1855 Quantumvis
972 1824 1043 1851 enim

263 1861 378 1896 dixero,
402 1870 433 1890 ea
457 1871 540 1897 parva
566 1872 597 1892 ac
620 1866 731 1893 minima
749 1874 803 1901 pra:
817 1867 907 1895 divina
924 1870 1042 1903 potentia

264 1906 383 1940 fuerint,
403 1908 478 1942 cujus
503 1911 709 1943 comprehensio
727 1919 814 1939 meam
840 1913 908 1948 fugit
928 1915 1043 1942 tenuita-

263 1956 329 1984 tem,
347 1953 400 1980 imo
417 1955 535 1981 omnium
551 1956 648 1983 virium
665 1957 813 1985 defectum.

285 2008 367 2035 Vsus.
384 2009 426 2036 16.
448 2009 630 2045 Imperfectum
645 2021 730 2041 meum
742 2015 861 2042 viderunt
879 2016 950 2043 oculi
966 2017 1016 2043 tui.

297 2053 373 2086 Quod
395 2056 510 2082 nondum
532 2056 700 2092 feci,inquit,
720 2063 846 2094 tanquam
864 2060 921 2096 jam
939 2061 1040 2089 factum

261 2098 388 2131 intueris;
403 2104 430 2127 et
448 2102 564 2128 nondum
584 2108 662 2131 natos
674 2124 681 2137 ,
696 2110 821 2139 tanquam
837 2106 892 2140 jam
910 2107 936 2134 in
953 2107 1040 2135 lucem

261 2142 349 2171 editos
368 2145 448 2173 nOsti.
463 2145 554 2173 Potest
570 2151 659 2175 autem
672 2149 816 2183 dupliciter
831 2151 944 2186 intelligi
961 2151 1041 2180 inno-

261 2189 348 2215 centia
361 2197 431 2222 mea,
448 2194 475 2216 et
490 2190 598 2218 malitia:
618 2193 738 2220 carentia
751 2212 759 2226 ,
776 2194 848 2221 nulla
860 2194 983 2230 indigens
999 2195 1041 2222 in-

260 2234 417 2268 quisitione.
437 2235 503 2262 Nam
523 2237 630 2264 curiosa
647 2239 823 2267 observantia
843 2240 895 2268 dici
912 2249 980 2275 opus
995 2249 1040 2276 po-

260 2283 311 2305 test
332 2288 339 2306 :
359 2286 400 2307 est
423 2286 511 2309 autem
537 2282 692 2317 imperfecta
717 2286 821 2318 anima,
839 2294 899 2320 quae
920 2275 1038 2314 nondum
1055 2275 1076 2302 θ

259 2325 358 2353 virtute
377 2329 404 2354 et
422 2327 535 2355 scientia
554 2329 696 2358 informata
715 2331 807 2360 fuerit.

328 2391 465 2430 νεικείω.
482 2393 538 2421 Viri
553 2396 721 2430 «anguinum,
734 2397 861 2424 declinato
876 2407 890 2424 α
906 2407 956 2426 me.

307 2427 390 2454 Vt-zus.
403 2428 448 2455 ει).
469 2427 612 2463 Accipient'
620 2433 646 2457 in
663 2432 779 2459 vanitate
791 2433 905 2460 civitates
919 2440 989 2460 tuas.

294 2472 360 2500 Cum
372 2473 483 2501 dixisset
495 2475 530 2510 (ν.
545 2476 588 2511 17)
597 2485 605 2503 :
615 2476 745 2504 Miltivero
758 2479 834 2505 nimis
847 2479 968 2506 honorati
979 2485 1038 2506 sunt

259 2520 337 2546 amici
357 2521 416 2555 tui,
439 2520 530 2554 Deus;
555 2523 652 2550 merito
671 2523 796 2551 inimicos
822 2524 870 2552 Dei
891 2526 1039 2553 detestatur

256 2569 337 2598 atque
347 2572 362 2590 a
383 2572 412 2592 se
424 2569 553 2593 removet.
569 2566 624 2594 lmo
638 2575 697 2594 cum
710 2568 774 2596 item
784 2569 894 2597 dixisset
903 2570 962 2598 fore
974 2575 1035 2598 tem-

255 2618 317 2643 pus,
328 2618 382 2646 quo
396 2617 552 2646 peccatores
566 2612 636 2641 Deus
654 2613 711 2648 ipse
728 2616 880 2648 interﬁciet,
894 2616 949 2650 jam
967 2626 1037 2646 nunc

255 2654 316 2682 illos
327 2657 419 2690 procul
433 2665 463 2684 se
480 2663 565 2691 arccl,
583 2667 616 2686 ne
636 2659 700 2694 quid
713 2660 810 2688 habcat
822 2669 882 2688 cum
897 2661 950 2690 illis
963 2671 1037 2690 com-

255 2708 356 2734 mune,
381 2710 468 2737 neqne
487 2711 518 2731 ex
539 2704 656 2739 ipsorum
672 2706 871 2742 propinquitate
893 2709 1036 2737 detrimen-

257 2750 313 2773 tum
337 2747 436 2781 capiat.
455 2748 575 2783 Namque
590 2750 622 2777 ad
648 2752 831 2780 contentiosos
855 2761 994 2782 sermones
1008 2760 1035 2783 et

257 2793 475 2826 controversias,
499 2793 635 2822 incassum
661 2799 722 2823 tuas
747 2797 870 2825 civitates
889 2799 1034 2834 accipient,

256 2837 388 2865 vocabulo
423 2839 559 2867 civitatum
597 2842 701 2870 divinas
737 2841 890 2878 Scripturas
925 2845 1035 2881 signiti-

256 2889 342 2918 cans,
363 2891 430 2919 quas
444 2884 542 2914 frustra
565 2893 674 2916 sumunt
697 2889 854 2919 heterodoxi
867 2910 874 2924 .
896 2895 923 2919 et
938 2900 990 2921 non
1006 2898 1035 2921 ut

594 181 727 210 EUSEBII
746 181 980 210 CASSARIENSIS
996 180 1070 209 OPP.
1092 181 1182 210 PARS
1201 181 1245 210 Ill.
1266 197 1300 202 —
1319 181 1524 211 EXEGETICA.
1554 171 1557 173 ί

1863 187 1896 214 40

1105 239 1239 275 πλήρωμα
1254 238 1307 266 τῶν
1322 238 1406 265 ἐθνῶν
1422 239 1540 276 εἰσέλθῃ,
1558 241 1605 267 καὶ
1619 242 1636 277 ὴ
1649 242 1764 279 δευτέρα
1778 243 1825 269 τοῦ
1836 243 1895 270 Σω-

1106 285 1188 320 τῆρος
1202 284 1313 319 γένηται
1338 284 1481 320 παρουσία’
1492 286 1553 312 τότε
1566 286 1621 321 γὰρ
1632 287 1779 323 ὀφθήσεται
1793 288 1895 324 μεγάλη

1106 330 1153 357 τοῦ
1170 329 1272 365 Κυρίου
1289 331 1306 365 ἡ
1328 329 1406 363 δόξα·
1424 327 1628 364 προστακτικῶς
1645 333 1672 360 δὲ
1692 334 1740 360 καὶ
1763 334 1896 366 εὑκτικῶς

1106 374 1161 402 ἐσθ’
1192 375 1236 401 ὅτε
1264 375 1298 401 τὰ
1325 375 1452 410 μέλλοντα
1483 375 1631 415 δηλοῦταιλ
1655 379 1726 405 κατά
1753 387 1814 405 τινα
1842 379 1896 406 τῶν

1112 419 1243 456 Ἐὃραίων
1265 420 1419 456 συνήθειαν.
1441 437 1475 441 -
1489 422 1659 457 Προφητεύει
1674 425 1738 460 περὶ
1754 425 1803 460 τῆς
1829 424 1894 461 μελε

1105 465 1206 501 λούσης
1220 465 1402 498 ὲξαπλοῦσθαι
1421 467 1461 498 είς
1484 467 1573 494 πάντα
1592 467 1656 504 ἔθνη
1675 469 1722 496 τοῦ
1738 470 1803 496 Θεοῦ
1824 469 1894 504 γνώ-

1106 520 1183 544 σεως·
1198 513 1293 539 Ἔσται
1313 512 1377 548 γὰρ,
1393 513 1485 548 φησὶν,
1497 513 1541 540 ὅτε
1557 514 1656 547 πάντες
1670 515 1695 542 οἱ
1713 515 1830 550 βασιλεῖς
1844 516 1894 552 τῆς

1105 558 1156 593 γῆς
1177 557 1417 593 ἐξομολογήσονταί
1439 566 1479 584 σοι
1498 559 1544 585 καὶ
1567 560 1727 588 ἀκούσονται
1749 561 1837 588 πάντα
1858 562 1894 589 τά

1105 604 1215 639 ῥήματα
1234 603 1281 630 τοῦ
1298 603 1430 639 στόματος
1445 604 1522 637 Θεοῦ,
1540 605 1587 632 καὶ
1602 606 1643 633 ὅτι
1664 606 1774 642 ᾄσονται
1789 608 1818 634 ὲν
1831 609 1892 640 ταῖς

1104 646 1173 678 ὁδοῖς
1194 647 1306 683 Κυρίου.
1321 647 1413 674 Ταῦτα
1427 648 1455 674 δὲ
1471 649 1520 675 οὐκ
1539 649 1634 676 ἄλλοτε
1651 651 1667 686 ἢ
1688 651 1756 686 μετὰ
1768 652 1799 678 τὸ
1812 653 1892 687 εὐαγ-

1104 691 1211 726 γελικὸν
1224 693 1355 728 κήρυγμα
1371 694 1417 720 τοῦ
1432 694 1559 730 Σωτῆρος
1572 696 1651 731 ἡμῶν
1667 697 1761 729 τέλους
1777 698 1891 734 τετύχη-

1104 746 1161 766 κεν.
1183 738 1252 765 Ὀδοὶ
1276 739 1303 764 δέ
1319 739 1388 766 εἰσιν
1404 740 1432 765 αἱ
1455 740 1564 775 ἀρεταὶ,
1581 742 1609 768 αἱ
1624 742 1754 778 φέρουσαι
1774 743 1821 770 ἐπὶ
1840 744 1890 778 τὴν

1104 785 1204 818 γνῶσιν
1216 783 1263 810 τοῦ
1279 783 1357 810 Θεοῦ.

1180 828 1315 862 ’Υψηλὸς
1329 829 1447 862 Κύριος,
1464 830 1513 861 καὶ
1530 830 1565 857 τὰ
1582 833 1706 860 ταπεινὰ
1715 832 1817 868 ἐφορᾷ.

1140 873 1180 900 Τὰ
1195 874 1248 900 ὑπὸ
1260 873 1306 901 τοῦ
1321 875 1489 910 προφητικοῦ
1503 877 1658 913 πνεύματος
1671 879 1699 906 ὲν
1713 880 1786 915 αὐτῷ
1797 881 1844 908 καὶ
1854 881 1888 908 δι’

1101 918 1182 944 αὑτοῦ
1195 918 1344 954 λαληθέντα
1360 919 1452 954 μαθὼν
1466 921 1479 946 ὁ
1494 922 1583 954 Δαυῒδ,
1601 923 1696 959 θαῤῥεί
1708 925 1746 956 ὼς
1762 926 1881 961 ἐφορῶν-

1102 971 1146 994 τος
1159 964 1193 990 τὰ
1207 964 1323 990 ταπεινὰ
1338 964 1384 991 τοῦ
1398 964 1465 992 Θεοῦ
1474 986 1481 999 ,
1501 967 1539 999 ὡς
1551 968 1581 994 ὲν
1599 971 1661 1002 ταῖς
1675 969 1795 1005 θλίψεσιν
1813 972 1887 1008 αὐτῷ

1105 1010 1347 1046 συνασπιζομένου.

1106 1053 1173 1092 Ἐὰν
1182 1066 1316 1104 πορευθῶ
1329 1068 1363 1095 ἐν
1372 1069 1456 1104 μέσῳ
1469 1071 1609 1105 θλίψεως,
1624 1071 1716 1107 (lianc
1725 1082 1774 1108 με,
1785 1082 1812 1101 κ.
1822 1083 1848 1101 τ.
1860 1074 1885 1102 λ.

1136 1139 1303 1177 Σαφέστερον
1324 1143 1352 1169 δὲ
1368 1143 1383 1169 ό
1402 1144 1547 1180 Σύμμαχος
1569 1146 1638 1182 ἔφη·
1665 1147 1735 1174 Ἐὰν
1752 1148 1886 1183 πορευθῶ

1099 1183 1147 1211 διὰ
1167 1185 1266 1220 μέσης
1292 1188 1438 1221 θλίψεως,
1461 1192 1637 1224 περισώσας
1658 1201 1712 1226 με·
1739 1193 1814 1220 κατὰ
1830 1193 1886 1228 τῆς

1098 1230 1253 1265 ἀναπνοῆς
1279 1231 1338 1259 τῶν
1355 1234 1469 1267 ἐχθρῶν
1482 1244 1541 1269 μου
1562 1236 1692 1270 ἐκτενεῖς
1710 1238 1793 1272 χεῖρά
1814 1247 1883 1271 σου,

1098 1276 1147 1302 καὶ
1167 1277 1260 1304 σώσει
1281 1287 1319 1312 με
1338 1280 1358 1313 ἡ
1380 1279 1465 1311 δεξιά
1489 1289 1564 1308 σου·
1590 1284 1698 1316 Κύριος
1718 1283 1885 1312 ἐπιτελέσει

1098 1321 1174 1355 ὑπὲρ
1188 1322 1271 1356 ἐμοῦ.

1364 1406 1508 1434 ΨΔΛΜΟΣ
1526 1409 1612 1437 ΡΛΗ’.

1184 1462 1283 1496 Κύριε,
1300 1463 1482 1498 ἐδοκίμασάς
1499 1475 1552 1500 με,
1573 1466 1622 1493 καὶ
1638 1467 1732 1502 ἔγνως
1746 1478 1793 1504 με,

1139 1507 1215 1534 Ἐπεὶ
1227 1508 1315 1535 τοίνυν
1329 1510 1376 1536 καὶ
1395 1512 1409 1537 ὁ
1421 1512 1515 1547 χρόνος
1527 1514 1577 1548 τῆς
1593 1513 1728 1550 ἡμετέρας
1742 1515 1814 1551 ζωῆς
1826 1515 1880 1552 ἔχει

1098 1552 1158 1579 τινὰ
1187 1553 1357 1590 διαστήματα
1384 1558 1579 1593 μεμετρημένα
1602 1559 1677 1595 παρὰ
1698 1560 1770 1596 Θεῷ,
1794 1561 1881 1588 πάντα

1098 1607 1148 1633 μου
1165 1600 1214 1635 τῆς
1229 1599 1302 1634 ζωῆς
1322 1601 1368 1628 τὸν
1389 1603 1503 1638 χρόνον,
1520 1604 1595 1639 φησὶ,
1620 1605 1667 1632 καὶ
1689 1606 1738 1642 τὴν
1763 1607 1822 1634 ὁδὸν
1846 1608 1879 1644 ἢν

1097 1643 1203 1679 διῆλθον
1218 1644 1298 1675 αὐτὸς
1315 1645 1479 1680 ὲξιχνίασας.

1192 1690 1418 1726 Ἐθαυμαστώθη
1433 1693 1452 1726 ἠ
1466 1692 1578 1727 γνῶσίς
1589 1701 1646 1722 σου
1663 1695 1698 1727 ἐξ
1710 1695 1791 1730 ἐμοῦ.

1097 1739 1118 1758 ..ς
1139 1735 1295 1768 Ἐπιὸαίνει,
1311 1737 1387 1772 φησὶ,
1401 1737 1449 1773 τὴν
1468 1739 1537 1774 ἐμὴν
1549 1739 1672 1776 δύναμιν,
1691 1743 1736 1768 καὶ
1753 1741 1880 1772 ὲπὲηεινά

1097 1779 1170 1806 ἐστιν
1183 1781 1232 1816 τῆς
1244 1782 1313 1817 ἐμῆς
1325 1782 1499 1818 καταλήψεως
1517 1785 1533 1819 ή
1548 1785 1650 1813 τούτων
1665 1787 1775 1821 γνῶσις,
1789 1788 1827 1820 ὡς
1842 1789 1879 1825 μὴ

1096 1824 1224 1852 δύνασθαί
1242 1835 1275 1862 με
1290 1827 1410 1863 ἐξευρεῖν
1429 1829 1495 1864 μηδὲ
1511 1829 1628 1862 ἐξειπεῖν
1642 1833 1721 1860 αὑτά.
1740 1834 1810 1861 Ὅσα
1825 1824 1879 1870 γὰρ

1096 1869 1128 1896 ἂν
1148 1871 1227 1903 εἴπω,
1247 1872 1332 1908 μικρὰ
1356 1874 1403 1900 καὶ
1427 1875 1553 1910 ἐλάχιστα
1578 1878 1704 1913 τυγχάνει
1721 1881 1769 1915 τῆς
1785 1869 1879 1916 θεῖκῆς

1096 1916 1245 1962 δυνάμεως,
1262 1915 1295 1954 ἧς
1318 1920 1469 1955 κατάληψις
1490 1922 1538 1958 τὴν
1557 1923 1626 1959 ἐμὴν
1643 1926 1811 1962 σμικρότητα
1832 1927 1879 1954 καὶ

1095 1961 1217 1989 οὐθενίαν
1232 1962 1381 1999 διαφεύγει.

1143 2017 1372 2053 Ἀκατέργαστόν
1385 2029 1444 2055 μου
1463 2019 1544 2049 εἶδον
1563 2025 1590 2050 οἱ
1608 2025 1754 2060 ὀφθαλμοί
1773 2033 1841 2054 σου.

1129 2062 1165 2089 Τὸ
1181 2064 1263 2099 μήπω
1272 2066 1392 2100 πραχθέν
1402 2075 1456 2102 μοι,
1465 2068 1558 2104 φησὶν,
1568 2069 1605 2101 ὡς
1616 2070 1666 2107 ἤδη
1681 2072 1804 2100 τελεσθὲν
1812 2073 1878 2100 καθ-

1093 2109 1169 2144 ορᾷς,
1185 2110 1234 2136 καὶ
1247 2111 1309 2142 τοὺς
1321 2111 1390 2143 τέως
1402 2112 1439 2148 μὴ
1455 2113 1609 2148 τεχθέντας,
1623 2116 1661 2148 ὡς
1673 2117 1722 2152 ἤδη
1733 2117 1876 2153 τεχθέντας

1093 2155 1246 2182 ἐπίστασαι.
1263 2157 1379 2184 Δύναται
1395 2158 1424 2184 δὲ
1441 2159 1560 2186 νοεῖσθαι
1575 2161 1656 2196 διχῶς
1668 2162 1698 2188 τὸ
1715 2162 1817 2190 ἄκακον
1830 2165 1877 2191 καὶ

1093 2200 1238 2236 ἀπόνηρον,
1261 2203 1308 2229 καὶ
1318 2203 1493 2236 ἀνεξέταστόν
1513 2214 1580 2241 μου·
1599 2207 1677 2243 ἔργον
1695 2208 1749 2244 γὰρ
1768 2210 1784 2245 ή
1801 2210 1877 2246 περί-

1092 2254 1150 2272 νοια
1169 2246 1294 2280 λέγεσθαι
1311 2248 1427 2282 ὀφείλει-
1451 2250 1654 2286 άκατέργαστος
1675 2253 1704 2279 δέ
1725 2254 1782 2280 ἐστι
1803 2254 1875 2290 ψυχὴ

1090 2292 1106 2326 ή
1124 2293 1206 2328 μήπω
1219 2293 1252 2320 δι’
1268 2294 1369 2330 ἀρετῆς
1383 2296 1556 2330 μορφωθεῖσα
1572 2298 1618 2324 καὶ
1634 2294 1768 2333 γνώσεως.

1091 2402 1210 2438 Ἄνδρες
1231 2403 1369 2446 algarum,
1383 2406 1545 2446 eux/Ilvates
1564 2409 1613 2446 ἀπ’
1626 2409 1710 2443 ἐμοῦ.
1721 2410 1875 2446 Amica-rat

1221 2440 1265 2471 εΙς
1279 2443 1462 2476 ματαιότητα
1480 2443 1533 2476 τὰς
1551 2440 1655 2476 πόλεις
1672 2452 1741 2473 σου.

1127 2483 1228 2516 Εἰπὼν,
1238 2485 1315 2520 Ἐμοὶ
1327 2486 1361 2513 δὲ
1375 2488 1447 2514 λίαν
1466 2489 1651 2523 ἐτιμήθησαν
1673 2492 1700 2518 ol
1713 2492 1797 2526 φίλοι
1805 2500 1874 2526 σου,

1091 2531 1108 2556 ό
1125 2530 1206 2562 Θεὸς.
1222 2531 1333 2564 εἰκότως
1348 2534 1410 2565 τοὺς
1425 2534 1538 2570 ἐχθροὺς
1553 2536 1600 2561 τοῦ
1622 2536 1689 2563 Θεοῦ
1705 2539 1876 2574 παραιτεῖται

1090 2576 1137 2602 καὶ
1161 2576 1305 2604 ἀπελαύνει
1332 2579 1442 2606 ἑαυτοῦ·
1466 2580 1532 2606 ἀλλὰ
1558 2582 1604 2608 καὶ
1626 2583 1813 2619 μνημονεύσας
1834 2584 1875 2611 ὅτι

1089 2620 1164 2647 ἔσται
1177 2629 1219 2653 τις
1229 2622 1324 2658 καιρὸς
1337 2623 1365 2649 ἐν
1381 2620 1403 2657 ᾦ
1418 2624 1480 2655 τοὺς
1494 2625 1671 2661 ἁμαρτωλοὺς
1689 2627 1770 2660 αὐτὸς
1780 2629 1794 2655 ὁ
1808 2627 1874 2660 Θεὸς

1089 2666 1241 2697 ἀποκτενεῖ,
1253 2666 1377 2693 ἐντεῦθεν
1393 2668 1443 2703 ἢδη
1459 2669 1505 2694 καὶ
1518 2669 1629 2702 τούτους
1651 2671 1748 2699 ἑαυτοῦ
1763 2673 1873 2709 μακρὰν

1088 2710 1204 2743 ἐλαύνει,
1222 2712 1259 2743 ὡς
1271 2712 1303 2738 ἂν
1326 2712 1363 2748 μὴ
1378 2714 1503 2746 κοινωνὸς
1517 2715 1605 2742 αὐτῶν
1625 2717 1738 2751 γένοιτο,
1757 2719 1825 2754 μηδὲ
1841 2719 1873 2746 ἐκ

1087 2756 1134 2783 τοῦ
1160 2757 1319 2793 πλησιάζειν
1344 2758 1465 2796 μετάσχῃ
1489 2761 1539 2797 τῆς
1562 2758 1627 2799 παρ³
1645 2763 1735 2791 αὐτῶν
1759 2764 1870 2801 βλάσης.

1094 2803 1169 2829 Ἐπεὶ
1187 2803 1215 2830 δὲ
1233 2804 1280 2830 καὶ
1298 2806 1338 2836 είς
1356 2807 1510 2842 ἐριστικοὺς
1532 2808 1626 2843 λόγους
1636 2809 1681 2836 καὶ
1698 2810 1800 2846 ἐριδας,
1820 2811 1871 2844 τὰς

1088 2849 1136 2880 σὰς
1155 2849 1194 2881 είς
1208 2850 1375 2887 ματαιότητα
1393 2851 1521 2888 λήψονται
1535 2854 1634 2888 πόλεις,
1647 2855 1696 2888 τὰς
1711 2857 1786 2889 θείας
1800 2857 1870 2894 Γρα-

1089 2895 1142 2930 φὰς
1156 2896 1247 2928 πόλεις
1265 2899 1495 2934 χρηματιζούσας,
1509 2902 1631 2936 ματαίως
1646 2902 1675 2929 δὲ
1688 2903 1789 2936 ταύτας
1799 2903 1869 2941 λαμ-
