2059 3215
173 177 203 204 Μ
259 208 264 216 I
743 173 997 202 COMMENTAIHA
1016 173 1049 201 IN
1070 173 1239 202 PSALMOS.
1769 174 1806 202 42
1855 159 1859 165 ν

173 235 299 262 ὕάνουσιν
314 234 339 261 οἱ
353 234 512 270 ἑτερόδοξοι,
524 235 571 261 καὶ
579 234 628 269 οὐχ
639 235 677 266 ὡς
693 235 734 261 δεῖ
747 235 815 269 (15)·
829 235 962 270 ἀποστρέ-

1022 238 1161 270 ψοιιθιει.
1181 234 1238 262 Hoc
1257 241 1307 270 ego
1329 234 1467 262 hominum
1484 241 1572 270 genus
1583 241 1695 262 aversor
1716 240 1744 262 et
1764 236 1808 261 tu-

173 289 258 316 φομαι
273 281 320 307 καὶ
336 280 454 307 ὲκκλίνω
468 281 516 308 ἀπ’
528 280 628 308 αὐτῶν.

383 326 555 363 on/modi:
565 335 614 360 με,
632 327 649 352 ὁ
669 326 750 358 Θεός.

209 371 300 402 Εἰπὼν
327 371 357 397 ὲν
378 371 460 407 ἀρχῇ,
478 371 581 405 Κύριε,
603 370 786 406 ἐδοκίμασάς
814 380 853 406 με
870 371 919 398 καί
936 372 965 398 ἕ-

173 410 251 452 τ-νωξ
260 425 307 451 με,
319 416 367 443 νῦν
380 416 418 448 ὡς
434 417 518 452 μήπω
529 416 701 452 δοκιμασθεὶς
715 417 777 453 ἔφη,
796 417 965 452 Δοκίμασόν

174 472 221 499 με,
241 463 338 497 Κύριε,
356 462 407 490 καὶ
422 461 513 498 γνῶθι
526 462 584 496 τὴν
598 462 725 497 καρδίαν
736 471 806 498 μου.
829 463 884 490 Καὶ
903 463 964 490 τότε

176 509 224 544 μὲν
234 508 353 545 εἴρηται,
370 507 430 542 Τὴν
445 508 546 542 τρίϐον
555 517 615 543 μου
631 509 680 535 καὶ
695 509 753 543 τὴν
766 509 893 543 σχοῖνόν
904 518 964 544 μου

173 554 360 589 ὲξιχνίασας,
378 553 428 581 καὶ
450 553 552 586 πάσας
566 554 620 586 τὰς
636 554 726 587 ὁδούς
737 563 798 590 μου
813 555 963 590 προεῖδες·

174 601 236 637 ἄρτι
257 600 296 632 δὲ,
316 601 445 627 Ἐτασόν
454 608 503 634 με,
517 599 565 626 καὶ
577 598 666 634 γνῶθι
684 600 737 633 τὰς
751 600 870 634 τρίϐους
887 609 947 635 μου
958 609 964 615 ·

175 645 274 681 μήποτ’
296 643 343 672 οὖν
360 645 409 672 οὑκ
427 645 537 672 ἐναντία
551 645 635 678 λέγει.
653 645 719 672 Τότε
741 645 796 682 γὰρ
814 645 908 678 ἁπλῶς
921 646 965 672 δε-

174 691 337 727 δοκιμάσθαι
365 692 412 718 καὶ
432 691 568 725 ἐγνῶσθαι
590 689 662 722 εἷπε,
685 691 733 718 νῦν
753 692 781 718 δὲ
801 691 908 728 εὔχεται
925 693 966 719 δο-

176 737 352 773 κιμασθῆναι,
376 738 451 770 ὅπως
468 737 576 773 γνωσθῇ
597 738 613 773 ὴ
636 737 735 773 καρδία
757 737 856 765 αὑτοῦ·
875 739 966 774 μεῖζον

175 783 230 819 γὰρ
242 784 271 811 τὸ
285 783 404 820 καθαρὸν
423 784 469 811 καὶ
482 783 560 816 εὺθὲς
577 785 611 820 τῇ
625 785 724 821 καρδίᾳ
746 785 793 812 τοῦ
810 784 903 817 ἁπλῶς
918 793 967 811 κα-

177 830 260 865 θαρὸν
273 831 320 857 καὶ
337 830 404 866 εὺθῆ
417 830 565 866 ὑπάρχειν·
580 831 628 858 καὶ
641 831 785 867 ὑπεραίρει
805 830 853 858 τοῦ
874 831 966 863 ἅπλῶς

175 875 375 912 δοκιμασθέντα
397 875 551 912 γνωσθῆναι
574 876 615 912 τῷ
637 876 835 913 δοκιμασθῆναι
855 877 900 904 ἐπὶ
928 877 966 912 τῷ

1017 286 1072 313 gio.

1285 325 1370 352 Proba
1388 333 1442 356 me.
1459 324 1540 352 Deus.

1053 374 1138 407 Quum
1151 372 1229 400 initio
1236 372 1359 404 dixisset,
1369 370 1490 404 Domine,
1499 371 1617 406 probasti
1629 379 1668 398 me
1679 375 1703 397 et
1714 378 1807 405 cogno-

1017 420 1076 447 visti
1100 427 1150 453 me,
1179 426 1251 446 nunc
1273 426 1322 446 ceu
1350 418 1468 444 nondum
1490 418 1620 452 probatus
1639 417 1699 444 ait:
1718 417 1808 444 Proba

1017 475 1069 499 me,
1091 465 1213 497 Domine,
1234 469 1259 492 et
1282 465 1348 491 scito
1367 472 1412 491 cor
1435 472 1530 491 meum.
1556 464 1590 491 Et
1613 468 1677 490 tunc
1699 463 1806 497 quidem

1018 513 1118 540 dictum
1139 512 1216 539 fuit:
1243 510 1278 538 Et
1302 510 1450 544 funiculum
1476 517 1562 537 meum
1583 510 1757 544 iuuettigasti,
1781 513 1807 535 (ἰ

1018 567 1106 586 omnes
1126 559 1182 585 vias
1204 565 1275 584 nicas
1294 556 1461 591 prwuidisti;
1481 563 1552 583 nunc
1578 563 1662 588 vero,
1681 555 1808 583 Scrutare

1019 610 1078 635 me,
1105 607 1130 629 et
1159 609 1283 636 cognosce
1308 600 1415 627 semitas
1442 607 1524 626 meat.
1552 598 1685 626 Neutrubi
1716 603 1806 625 tamen

1019 649 1156 675 contraria
1182 648 1314 682 loquitur.
1337 647 1413 673 Tunc
1432 647 1505 673 enim
1533 646 1694 680 simpliciter
1713 645 1808 680 explo-

1021 699 1108 721 ratum
1125 701 1154 721 se
1169 699 1196 720 et
1212 693 1350 728 cognitum
1369 692 1456 722 dixit;
1475 699 1547 718 nunc
1559 699 1625 719 vero
1636 696 1698 718 orat
1715 690 1808 726 explo-

1021 741 1075 767 rari
1099 747 1139 767 se.
1161 739 1245 774 Majus
1264 739 1336 766 enim
1356 739 1420 773 quid
1445 743 1507 770 est,
1528 745 1624 772 purum
1648 743 1808 771 rectumque

1021 785 1119 812 habere
1130 793 1187 818 cor,
1199 792 1278 818 quam
1294 785 1452 819 simpliciter
1465 791 1525 812 esse
1541 791 1637 818 purum
1652 788 1680 811 et
1691 788 1807 811 rectum.
1830 811 1832 813 ,

1019 831 1166 866 Longeque
1173 835 1282 866 praestat
1289 831 1397 865 cognito
1407 838 1454 864 per
1459 829 1672 864 explorationem
1680 829 1809 863 simplici-

1021 883 1062 905 ter
1082 878 1201 910 homini,
1220 878 1263 905 ille
1277 877 1322 912 qui
1340 877 1469 912 probatus
1488 881 1530 904 est
1546 884 1595 910 per
1613 875 1704 903 cordis
1715 875 1810 910 cogni-

175 921 329 958 γνωσθῆναι
344 921 394 957 τὴν
410 921 524 957 καρδίαν
539 921 621 948 αὑτοῦ
632 930 639 937 ·
659 922 728 949 ἀλλὰ
746 923 793 949 καὶ
809 922 857 950 τοῦ
875 922 966 953 ἁπλῶς

1021 925 1131 951 tionem.
1157 924 1266 964 Rursus
1275 924 1361 958 majus
1375 923 1439 958 quid
1454 928 1496 950 est
1507 944 1514 955 ,
1532 923 1554 950 si
1571 923 1621 950 viae
1633 922 1692 956 ejus
1707 921 1810 957 explo--

177 967 361 1004 πρωραθῆναι
374 967 423 1000 τὰς
437 968 513 1000 ὁδοὺς
535 967 628 1001 αὐτοῦ,
653 968 745 1004 μεῖζον
768 969 798 996 τὸ
813 968 968 1003 γνωσθῆναι

176 1013 226 1045 τὰς
245 1013 357 1050 τρίὸους
381 1013 545 1046 ὲτασθέντας
566 1014 660 1041 αὐτοῦ.
680 1015 727 1041 Διὸ
756 1015 803 1042 καὶ
826 1015 966 1050 ἐπήγαγε⁴

178 1060 234 1087 Καὶ
256 1060 299 1086 ιδὲ
324 1061 351 1087 εί
375 1058 451 1092 εἶδες
472 1060 601 1095 ἀνομίαν
617 1061 653 1088 ἐν
677 1061 753 1096 ἐμοὶ,
780 1061 919 1088 τουτέστιν
940 1062 969 1087 ὲν

179 1105 238 1139 ’ἑξει
257 1105 305 1132 καὶ
320 1104 439 1132 διαθέσει
457 1113 517 1141 μου.
538 1105 651 1141 Φέρεται
671 1105 717 1132 καὶ
738 1105 837 1137 οὕτως·
853 1105 908 1132 Καὶ
925 1105 970 1132 we

179 1153 206 1179 εί
227 1151 297 1184 όὸὸς
319 1152 444 1187 ἀνομίας
465 1152 500 1178 ἐν
527 1152 608 1186 ἐμοί·
635 1152 780 1184 τουτέστι,
804 1151 971 1187 κατανόησον

180 1199 204 1225 εξ
220 1198 321 1224 ὦδευσέ
342 1206 408 1225 ποτε
422 1199 451 1225 ἐν
463 1199 497 1233 τῇ
518 1197 591 1234 ψυχῇ
607 1207 657 1233 μου
670 1198 780 1234 ἀνομία,
794 1198 832 1229 ὡς
847 1197 907 1233 ῐχνη
921 1198 971 1233 τῆς

178 1242 237 1271 ὀδοῦ
254 1244 339 1279 αὐτῆς
362 1245 452 1280 μεῖναι
476 1244 541 1280 παρ’
562 1244 635 1280 έμοί.
654 1245 748 1280 Ὅμως
764 1244 792 1270 δὲ
816 1244 863 1270 καὶ
880 1245 905 1270 εἰ
925 1253 970 1271 το-

180 1290 266 1326 σαύτη
281 1291 313 1317 ὲκ
329 1290 376 1317 σοῦ
394 1291 441 1318 καὶ
453 1289 497 1317 διὰ
512 1291 543 1317 σὲ
556 1289 735 1326 κατώρθωται
749 1299 795 1325 μοι
810 1290 972 1325 ἀναμαρτη-

181 1335 235 1368 σία,
258 1335 314 1363 ἀλλ’
331 1334 378 1363 οὖν
402 1337 434 1363 σὺ
453 1336 598 1372 ὼδήγησάς
620 1344 653 1371 με
674 1337 703 1362 ὲν
725 1335 777 1372 ὁδῷ
801 1335 909 1371 αἰωνίᾳ,
925 1336 973 1362 ἐπὶ

179 1382 329 1410 ἀθανασίαν
349 1383 396 1410 καὶ
415 1383 572 1419 ἀφθαρσίαν
584 1383 699 1419 ἀγούσῃ.

457 1429 602 1456 ΨΑΛΜΟΣ
615 1429 699 1456 PM”.

257 1475 424 1502 Πεσοῦνται
439 1475 486 1501 ἐπ’
503 1475 614 1508 αὐτοὺς
627 1475 774 1509 ἄνθρακες
791 1474 896 1508 πιφός.

217 1520 298 1556 Δίκην
313 1520 368 1557 γὰρ
383 1519 476 1556 ὑφέξει
495 1520 564 1556 πρὸς
581 1519 674 1552 αὑτοῦ,
692 1520 769 1546 νόσον
788 1518 857 1554 ἔχων
880 1518 973 1546 τοιαύ-

181 1575 242 1602 την.

225 1613 331 1647 Ἄνδρα
341 1613 446 1640 ἄδικον
457 1613 535 1640 κακὰ
552 1613 691 1647 θηρεύσει
702 1613 746 1646 είς
758 1612 931 1647 διαφθοράν.

217 1692 250 1718 Τί
267 1692 296 1719 δέ
310 1693 383 1725 ἐστιν
397 1693 437 1724 εἰς
455 1691 622 1728 διαφθοράνς
639 1692 680 1718 ὅτι
700 1691 792 1719 πολλοὶ
813 1690 974 1727 θηρεύονται

181 1739 222 1770 εἰς
234 1739 381 1774 σωτηρίαν,
398 1739 435 1770 ὡς
450 1740 474 1766 οἱ
492 1739 567 1775 παρὰ
580 1738 634 1765 τῶν
646 1738 812 1770 ἀποστόλων,
831 1737 868 1769 ὡς
880 1738 904 1764 οι
920 1745 973 1763 πα-

181 1786 218 1822 ρὰ
235 1785 288 1812 τῶν
303 1785 388 1820 ἁγίων
413 1785 517 1821 ἀνδρῶν
528 1794 535 1799 ·
558 1785 614 1813 ἀλλ’
628 1785 695 1819 οἵγε
711 1784 824 1820 πονηροὶ
842 1784 906 1810 ὅταν
921 1783 974 1810 ὑπὸ

181 1832 232 1866 τῆς
249 1832 347 1863 κακίας
368 1831 528 1867 θηρεύονται
540 1832 587 1858 καὶ
602 1831 715 1866 φθορᾶςι
731 1831 784 1862 πᾶς
801 1830 854 1865 γὰρ
872 1829 973 1861 ἄδικος,

181 1878 278 1913 ὥσπερ
292 1877 345 1903 ὑπὸ
367 1877 470 1908 οἰκείας
483 1877 561 1903 νόσου
577 1876 735 1913 διαφθαρεὶς
747 1876 800 1902 ὑπὸ
813 1876 864 1910 τῆς
877 1875 973 1902 ἑαυτοῦ

182 1923 293 1954 κακίας,
318 1922 395 1958 δίκην
413 1922 504 1957 ὑφέξει
523 1921 572 1956 τὴν
596 1922 785 1956 προσήκουσαν
797 1929 804 1935 ·
828 1920 906 1956 ἱκανὴ
920 1920 974 1956 γάρ

183 1973 258 1999 ἐστιν
269 1971 329 1998 ἀντὶ
347 1970 437 2006 πάσης
447 1969 580 2005 τιμωρίας
601 1968 651 2004 τὴν
661 1968 774 2003 ἔχουσαν
787 1967 871 2003 αὐτὴν
886 1968 974 2004 ψυχὴν

181 2017 347 2053 διαφθεῖραι.

185 2065 299 2100 Ἐγνων
318 2064 363 2090 ὅτι
383 2061 501 2095 ποιήσει
516 2061 624 2095 Κύριος
636 2060 693 2094 τὴν
711 2059 813 2094 κρίσιν
833 2059 886 2086 τοῦ
902 2067 976 2086 πει-ω·

548 2116 614 2142 χου.

225 2155 365 2182 Ἐντεῦθεν
384 2155 397 2181 ὸ
408 2153 534 2189 Σολομὼν
547 2152 698 2188 ὠφεληθεὶς
711 2152 757 2178 τὸν
774 2151 878 2187 πατέρα
894 2150 976 2186 φησὶν

183 2202 214 2228 ὲν
226 2201 266 2236 τῷ
286 2200 484 2236 Ἑκκλησιαστῇ
495 2207 502 2214 ⁸
528 2200 617 2231 Τέλος
636 2199 730 2232 λόγου
746 2197 779 2224 τὸ
798 2197 860 2224 πᾶν
872 2197 974 2230 ἄκουε,

185 2249 225 2275 ὅτι
238 2247 299 2276 πᾶν
307 2247 341 2274 τὸ
353 2247 466 2281 ποίημα
486 2245 550 2278 ἄξει
560 2247 576 2272 ό
589 2245 660 2277 Θεὸς
673 2245 717 2276 εἰς
731 2244 842 2277 κρίσιν,
854 2243 890 2269 ἐν
901 2250 976 2269 ﬂar-

185 2294 211 2321 τί
224 2292 448 2328 παρεωραμένῳ,
464 2291 519 2318 ἐάν
533 2300 564 2318 τε
575 2290 697 2325 ἀγαθὸν,
711 2288 766 2316 ἐὰν
778 2297 809 2315 τε
822 2288 972 2322 πονηρόν⁵

185 2340 232 2366 καὶ
243 2340 289 2366 νῦν
297 2340 361 2375 γὰρ,
378 2338 472 2374 φησὶν,
485 2337 523 2369 ὡς
540 2337 650 2372 κρινεῖό
662 2335 728 2367 Θεὸς
740 2334 855 2361 ἐκδικῶν
868 2335 913 2361 τὸν
926 2334 973 2361 νῦν

187 2385 420 2420 καταπονούμενον
442 2383 545 2419 πένητα
568 2382 616 2409 καί
635 2381 752 2417 πτωχόν.
776 2380 837 2407 Ἐπὶ
856 2381 974 2416 χρηστὸν

185 2431 214 2458 δὲ
230 2431 297 2466 μετὰ
305 2431 389 2457 ταῦτα
402 2430 479 2462 τέλος
492 2428 661 2464 κατέστρεψε
677 2428 723 2454 τὸν
733 2426 840 2462 ψαλμόν
851 2435 858 2441 ⁸
871 2426 912 2453 διὸ
925 2427 973 2453 καὶ

185 2477 237 2508 Εἰς
251 2472 338 2507 τέλοζ-
354 2476 567 2511 ἐπιγέγραπται,
590 2474 638 2509 τὴν
656 2473 841 2508 ἀποκειμένην
859 2473 916 2504 τοῖς
937 2471 976 2498 δι-

186 2522 275 2553 καίοις
298 2521 383 2555 λέγων
412 2521 516 2549 ἐλπίδα.
551 2521 579 2548 '0
602 2519 631 2546 δὲ
654 2519 811 2554 Σύμμαχος,
833 2518 913 2552 παρὰ
937 2516 977 2550 τῷ

186 2566 336 2601 προσώπῳ
355 2572 423 2598 σου,
445 2566 527 2600 λέγει.
543 2565 576 2592 Τί
598 2565 626 2592 δὲ
638 2565 761 2600 κρεῖττον
775 2563 822 2590 τοῦ
839 2563 976 2599 κεκαθαρ-

189 2613 256 2648 μένῃ
283 2612 388 2647 διανοίᾳ
410 2611 552 2646 πρόσωπον
583 2611 651 2647 πρὸς
675 2611 820 2646 πρόσωπον
847 2609 913 2644 ὁρᾷν
931 2608 977 2636 τὸν

186 2659 267 2691 Θεόν;
292 2658 363 2685 κατὰ
377 2657 424 2684 τὸν
440 2657 487 2683 τοῦ
504 2658 626 2693 Σωτῆρος
646 2655 820 2692 μακαρισμὸν
833 2654 955 2686 εἰπόντος
965 2663 972 2669 ·

187 2705 330 2738 Μακάριοι
350 2705 377 2731 οί
400 2703 522 2737 καθαροὶ
547 2702 584 2737 τῇ
602 2703 719 2737 καρδίᾳ,
744 2702 788 2728 ὅτι
813 2700 897 2729 αὐτοὶ
921 2699 974 2726 τὸν

188 2749 262 2776 Θεὸν
275 2749 400 2784 ὄψονται
412 2757 420 2764 ’
438 2745 469 2775 οὗ
483 2748 607 2783 τυχόντες
617 2747 865 2783 εὐχαριστήσοοσιν.

223 2828 245 2844 ⁸³
257 2828 344 2856 Eccle.
362 2834 411 2860 xtl,
426 2826 469 2859 15,
484 2826 527 2852 14.
564 2825 587 2840 ⁵³
605 2825 698 2853 Matth.
718 2833 743 2858 ν,
758 2825 785 2852 8.

1021 975 1086 996 rata:
1112 974 1269 1003 noscantur,
1296 977 1376 1004 quam
1395 969 1417 996 si
1440 969 1626 996 tantummodo
1642 967 1810 1002 prmvidean-

1019 1021 1072 1043 tur.
1091 1015 1194 1043 Idcirco
1210 1015 1335 1043 addidit:
1360 1015 1395 1042 Et
1413 1015 1471 1042 vide
1490 1023 1524 1042 an
1544 1016 1585 1042 via
1606 1014 1757 1049 iniquitatis
1781 1014 1810 1039 in

1020 1071 1059 1089 me
1074 1063 1121 1095 sit,
1142 1062 1168 1089 id
1184 1067 1225 1089 est
1242 1062 1267 1088 in
1285 1062 1377 1089 habitu
1395 1069 1425 1089 ac
1442 1068 1541 1097 genere
1561 1061 1623 1087 vitae
1647 1067 1724 1086 mea’.
1740 1059 1809 1086 Fer-

1021 1114 1065 1135 lur
1083 1114 1110 1135 ct
1132 1108 1182 1134 alia
1207 1108 1382 1143 explanatio:
1406 1107 1439 1134 Et
1455 1107 1512 1134 vide
1527 1115 1590 1134 num
1605 1106 1646 1133 via
1661 1106 1809 1140 iniquitatis

1020 1154 1047 1180 in
1063 1162 1103 1180 me
1117 1154 1150 1181 sit
1164 1161 1173 1180 .‘
1188 1154 1213 1180 id
1230 1159 1280 1186 cst,
1297 1154 1410 1181 observa
1429 1162 1462 1180 an
1479 1153 1622 1187 aliquando
1637 1152 1765 1186 iniquitas
1782 1152 1809 1177 in

1022 1207 1066 1227 me
1083 1200 1118 1227 sit
1130 1205 1263 1234 grassata,
1279 1200 1315 1226 ita
1338 1204 1367 1226 ut
1391 1199 1504 1234 vestigia
1523 1199 1626 1226 semita:
1645 1198 1705 1232 ejus
1722 1198 1748 1224 in
1766 1205 1810 1224 me

1022 1246 1169 1280 supersint.
1188 1245 1370 1272 Nihilominus
1392 1244 1443 1271 etsi
1460 1248 1534 1270 tanta
1553 1243 1602 1270 fuit
1619 1251 1652 1270 ex
1673 1249 1699 1269 te
1720 1247 1748 1269 et
1762 1250 1810 1276 pt'r

1024 1296 1049 1321 te
1072 1292 1226 1319 innocentia
1246 1299 1304 1319 mea
1317 1312 1324 1324 ,
1344 1297 1370 1317 tu
1400 1295 1490 1317 tamen
1513 1290 1579 1317 mihi
1603 1290 1656 1316 dux
1679 1296 1707 1316 es
1724 1289 1750 1316 in
1767 1289 1810 1315 via

1022 1342 1124 1364 aeterna
1138 1357 1146 1370 ,
1167 1345 1225 1371 quae
1242 1337 1274 1364 ad
1290 1336 1494 1363 immortaliteiu
1513 1334 1812 1369 iucorrnplibilitatetu-

1024 1390 1076 1416 que
1095 1382 1228 1417 perducit.

1253 1426 1416 1455 PSALMUS
1435 1426 1578 1454 CXXXIX.

1099 1472 1178 1500 Vens.
1197 1473 1240 1500 Η.
1255 1473 1354 1500 Cadent
1371 1481 1448 1506 super
1462 1480 1506 1499 eos
1523 1473 1590 1507 ignis
1602 1472 1737 1498 carbones.

1061 1518 1170 1545 Putnam
1202 1519 1300 1553 quippe
1325 1526 1340 1545 a
1365 1518 1419 1545 Deo
1444 1518 1558 1550 releret,
1584 1518 1630 1552 qui
1659 1518 1810 1552 linjustnodi

1026 1565 1120 1592 morbo
1137 1564 1250 1591 laborat.

988 1605 1009 1634 (ἶ
1028 1611 1108 1639 Vens.
1129 1610 1174 1638 12.
1208 1609 1299 1637 Virum
1321 1609 1448 1643 iujuslum
1476 1610 1547 1637 mala
1571 1610 1672 1646 capient
1697 1610 1731 1636 ad
1752 1618 1813 1637 cor-

1343 1652 1499 1679 ruptionem.

1060 1692 1129 1726 Quid
1141 1697 1182 1719 est
1196 1692 1229 1720 ad
1244 1691 1467 1727 corruptionem?
1485 1699 1581 1726 nempe
1599 1691 1662 1726 quia
1678 1691 1755 1719 multi
1766 1699 1813 1719 ca-

1025 1739 1136 1773 piuntur
1146 1738 1179 1765 ad
1194 1738 1320 1771 salutem,
1332 1743 1364 1765 ut
1377 1737 1413 1765 illi
1431 1739 1477 1773 qui
1495 1738 1528 1766 ab
1548 1738 1677 1773 apostolis
1693 1738 1811 1766 sanctis-

1024 1793 1077 1821 que
1090 1787 1167 1813 viris.
1187 1784 1375 1813 Verumtamen
1398 1785 1435 1812 illi
1454 1784 1568 1819 improbi
1583 1789 1645 1811 sunt
1661 1784 1706 1819 qui
1720 1791 1735 1811 a
1756 1792 1813 1811 ma-

1026 1832 1082 1859 litia
1094 1832 1239 1866 capiuntur
1252 1837 1279 1858 et
1297 1830 1460 1865 corruptela.
1486 1830 1581 1863 Quivis
1597 1830 1668 1856 enim
1694 1828 1812 1862 iniustus

1026 1883 1154 1914 tanquam
1172 1878 1266 1905 intimo
1281 1878 1376 1905 morbo
1387 1882 1529 1911 corruptus
1545 1876 1663 1910 nequitia
1679 1884 1739 1908 sua,
1751 1883 1813 1911 pte-

1026 1933 1088 1952 nam
1121 1932 1267 1959 congruam
1302 1925 1428 1960 perferet.
1467 1923 1588 1958 Namque
1620 1923 1654 1950 ad
1688 1930 1812 1950 corrum-

1025 1972 1139 2007 pendam
1170 1972 1304 2003 animam,
1336 1971 1454 2006 cujusvis
1479 1978 1565 2006 pinnae
1591 1970 1670 2002 loco,
1693 1969 1814 2004 nequitia

1026 2020 1132 2048 snﬂicit.

1027 2065 1109 2094 Vens.
1132 2067 1175 2094 15.
1205 2065 1319 2101 Cogitavi
1348 2067 1409 2106 quia
1431 2065 1509 2107 (acie!
1532 2064 1657 2092 Dominus
1677 2064 1813 2100 judicium

1370 2109 1463 2134 monis.

1062 2147 1130 2175 Hinc
1143 2147 1270 2175 Salomon
1284 2147 1357 2174 Patri
1368 2146 1519 2181 snﬂ'ragnns
1533 2146 1570 2172 ait
1586 2146 1612 2172 in
1627 2145 1791 2172 Ecclesiaste
1805 2154 1812 2171 :

1029 2193 1121 2220 Finem
1154 2201 1334 2227 summumque
1361 2193 1441 2218 totius
1465 2191 1592 2218 sermonis
1611 2191 1692 2222 audi;
1717 2197 1814 2224 nempe

1027 2240 1098 2275 quod
1113 2248 1188 2266 omne
1206 2239 1305 2274 factum
1330 2238 1443 2265 adduce!
1467 2237 1536 2264 Deus
1563 2237 1591 2263 in
1612 2237 1759 2272 judicium,
1781 2237 1814 2263 de

991 2276 1013 2303 Β
1028 2287 1099 2313 omni
1116 2286 1279 2317 abscondito,
1306 2286 1360 2312 niue
1392 2285 1419 2312 id
1447 2285 1543 2311 bonum
1568 2284 1658 2317 fuerit,
1679 2284 1732 2310 sive
1753 2290 1814 2309 ma-

1026 2331 1082 2358 lum
1102 2332 1134 2358 ".
1157 2331 1189 2358 Et
1213 2339 1284 2358 nunc
1313 2331 1397 2363 enim,
1430 2329 1528 2364 inquit,
1553 2329 1686 2364 iudicabit
1714 2329 1813 2356 vindex

1028 2379 1097 2406 Deus
1116 2378 1149 2405 de
1165 2386 1283 2413 paupere
1302 2384 1431 2411 oppresso
1445 2380 1472 2403 et
1488 2376 1521 2403 de
1543 2376 1630 2410 inope.
1650 2375 1730 2403 Felici
1749 2382 1810 2401 mox

1026 2426 1079 2451 line
1091 2424 1226 2458 psalmum
1241 2423 1379 2450 concludit
1397 2418 1523 2457 (ideoque
1542 2427 1569 2449 et
1593 2423 1619 2449 in
1643 2422 1722 2449 titulo
1745 2422 1813 2448 scrl-

1025 2476 1099 2506 ptum
1113 2475 1154 2498 est
1169 2470 1202 2497 In
1220 2469 1309 2505 linem)
1325 2470 1470 2504 repositam
1483 2469 1564 2503 jnstis
1588 2476 1662 2503 spem
1683 2467 1812 2494 recitatis.

1025 2517 1209 2553 Symmachus
1231 2521 1331 2548 autem,
1353 2515 1423 2550 apud
1442 2515 1535 2550 {aciem
1553 2519 1637 2545 tuam,
1652 2513 1726 2540 dicit.
1742 2511 1811 2544 Quid

1025 2569 1090 2589 vero
1111 2562 1281 2596 praestantius
1306 2568 1388 2595 quam
1414 2568 1482 2595 puro
1508 2559 1589 2586 corde
1613 2558 1696 2585 Deum
1721 2564 1812 2584 coram

1025 2608 1169 2642 spectare?
1185 2613 1265 2642 prout
1281 2608 1350 2635 dixit
1362 2607 1492 2634 Servator
1504 2615 1511 2633 :
1523 2605 1605 2632 Βιαιί·
1612 2603 1709 2630 mundo
1723 2603 1811 2634 corde.

1026 2654 1150 2688 quoniam
1168 2653 1217 2687 ipsi
1239 2652 1323 2680 Deum
1333 2652 1455 2680 uidebunt
1466 2651 1489 2668 ⁸³
1503 2651 1509 2677 !
1527 2658 1607 2685 quam
1624 2655 1680 2676 rem
1701 2650 1790 2684 adepti
1802 2661 1822 2681 ,-

1027 2706 1073 2732 gra
1078 2698 1128 2725 tias
1142 2702 1232 2733 agent.

225 2908 280 2943 (13)
302 2906 418 2941 Insignis
435 2903 543 2932 Eusebii
564 2902 696 2930 sententia
717 2903 750 2931 de
771 2901 856 2930 sacris
876 2900 961 2934 libris,
975 2899 1042 2927 nihil
1060 2897 1183 2926 utilitatis
1197 2896 1266 2931 apud
1280 2893 1421 2923 hmreticos
1441 2892 1606 2921 habentibus

325 2953 459 2984 ΡΛτιιοι..
482 2952 542 2983 Gn.
568 2949 682 2982 XXH'.

1609 2943 1628 2972 ‘2
