2059 3215
275 173 310 202 ιδ
612 173 745 202 EUSEBII
765 173 1003 202 CASSARIENSIS
1022 173 1098 202 OPP.

539 228 699 257 PSALMUS
715 229 796 257 CXL.
1075 234 1098 262 Δ

308 276 432 306 Psalmns
442 275 487 303 hic
498 282 590 310 parem
605 282 637 302 ac
653 275 776 310 superior
795 275 902 303 titulum
922 275 1001 311 gerit.
1014 275 1062 302 Est

274 328 364 352 autem
388 321 507 354 Davidis,
530 321 708 357 eamdemque
731 322 785 348 vim
814 322 904 357 prccis
929 322 1060 349 continet.

274 370 330 398 Hoc
350 368 440 397 tainen
454 369 569 404 amplius
586 368 679 401 habet,
699 369 770 403 quod
787 369 874 403 magis
892 373 934 396 est
952 369 1062 404 dogma-

273 416 354 447 ticus,
380 419 407 442 et
418 414 494 449 plura
510 419 593 449 atque
608 414 716 442 utiliora
739 415 790 442 sub
807 414 884 442 initio
908 415 996 442 docet.
1017 414 1062 441 Ait

273 462 356 497 igitur
372 472 378 489 :
392 460 521 488 Clamaui.
536 460 612 488 Haud
627 468 694 488 sane
706 468 802 496 magna
817 468 884 488 voce
899 465 927 488 et
942 459 1062 487 clamore

274 514 352 534 usum
365 513 424 534 esse
437 506 619 541 psalmistam,
629 506 741 535 credere
753 506 832 533 decet
844 515 851 538 ;
869 513 932 533 nam
948 505 1060 533 silentes

273 560 382 588 quoque
395 552 470 580 audit
491 553 569 579 Deus.
595 552 641 580 Sic
663 552 745 579 etiam
769 552 854 588 Moysi
878 552 995 580 traditur
1021 552 1061 579 di-

272 603 345 626 ctum
355 607 363 628 :
374 598 444 632 Quid
457 598 491 625 ad
499 606 540 625 me
551 598 699 626 clamat“?
711 597 762 625 Sed
773 598 819 633 qui
831 605 926 633 magna
936 598 1061 633 dogmata

273 653 288 672 a
303 645 358 672 Deo
376 645 519 677 didicerat,
539 645 640 672 eximio
658 645 742 672 animi
762 644 860 671 aﬂ'eetu
882 643 988 678 ﬁdeque
1011 643 1060 670 ali-

272 691 336 726 quid
349 699 363 718 a
376 691 431 719 Deo
450 695 554 726 petens,
578 691 615 718 ita
639 691 671 717 ad
686 697 748 718 eum
768 689 914 717 clamabat.
930 689 1020 723 Quare
1033 693 1059 717 et

274 736 388 765 lidenler
404 736 444 764 ait
459 736 613 770 :Quoniam
627 736 688 763 talis
705 743 777 768 sum,
801 740 828 763 et
851 735 886 762 ita
901 735 1000 767 clamo.
1019 740 1061 762 at-

273 784 354 810 tende
368 783 426 810 voci
444 789 512 810 meie
526 783 588 809 dum
604 782 637 809 ad
657 787 682 809 te
697 781 795 809 clamo.
818 781 923 816 Quippe
939 781 986 816 qui
1010 788 1059 815 pu-

272 836 331 856 ram
350 829 436 856 habeo
449 835 504 855 non
519 833 636 855 mentem
650 827 847 859 tantummodo,
867 827 915 853 sed
929 831 956 853 et
971 825 1058 853 lablo-

271 881 333 900 rum
343 881 437 901 vocem
459 880 474 900 a
497 873 648 904 mendacio,
670 872 789 908 periurio
802 877 830 899 et
849 871 983 900 convicio.
1009 870 1058 899 His

271 921 354 947 etiam
370 925 566 955 consequenter
581 919 675 946 addit:

1075 909 1097 938 Β

274 1013 353 1041 VBtts.
380 1013 409 1040 2.
441 1012 559 1039 Elevalio
593 1020 718 1051 manuum
750 1019 868 1038 mearum
901 1010 1062 1044 sacri/icium

576 1053 746 1081 vespertinum
751 1068 756 1074 .

305 1094 362 1122 Hoc
379 1094 509 1130 intelliges
526 1100 559 1120 ex
572 1093 644 1120 dicto
657 1092 778 1128 Apostoli
792 1102 799 1120 :
820 1091 887 1119 Volo
903 1092 972 1120 viros
984 1098 1060 1118 orare

269 1142 383 1167 levantes
402 1146 484 1173 pura:
507 1145 612 1169 manus,
642 1138 699 1165 sine
727 1138 768 1164 ira
790 1142 815 1164 et
837 1137 1059 1164 murmurationio

270 1186 317 1212 bus
333 1184 356 1200 ⁸⁵
373 1193 381 1212 :
398 1191 515 1219 namque
527 1188 554 1210 et
566 1183 612 1210 ille
626 1188 679 1210 tam
697 1184 893 1218 cogitationum
907 1183 972 1210 facit
985 1190 1060 1210 men-

270 1230 371 1257 tionem
391 1237 474 1264 quam
497 1234 621 1256 actuum.
653 1228 751 1256 Verum
779 1229 854 1263 impii
885 1235 1058 1263 nequaquam

270 1282 366 1302 manus
376 1274 602 1302 sustolluuLIdeo
616 1273 718 1301 dictum
733 1278 773 1301 est
787 1273 839 1300 illis
855 1282 861 1300 :
877 1273 943 1301 Cum
965 1281 1059 1300 manus

270 1327 367 1348 vestros
381 1321 415 1347 ad
433 1329 473 1347 me
485 1320 641 1352 extendens,
657 1320 753 1354 facient
766 1327 851 1346 nteant
866 1324 882 1346 α
903 1320 972 1346 nobis
986 1326 1060 1345 aver-

269 1373 323 1394 tam
345 1367 379 1393 “.
401 1368 514 1402 Oportet
538 1373 603 1394 vero
628 1366 654 1393 in
680 1366 764 1392 altum
790 1372 867 1393 actus
896 1365 1058 1398 sustollere,

269 1416 350 1447 atque
359 1418 407 1439 eos
416 1416 496 1447 prout
511 1411 565 1439 Deo
581 1411 712 1446 placuerit
723 1411 863 1446 perlicere.

272 1552 352 1581 Vens.
363 1553 391 1580 ι.
407 1551 448 1579 Ne
461 1550 574 1578 declines
588 1557 634 1576 cor
644 1557 730 1576 meum
743 1548 777 1574 ad
792 1547 902 1574 malitia:
914 1555 1055 1578 sermones.

358 1589 392 1616 ad
410 1586 574 1615 excusandas
596 1584 778 1612 excusatione:
798 1583 825 1610 in
845 1583 967 1618 peccatis.

1071 1583 1094 1613 C

306 1667 476 1698 Nesubverti
493 1666 567 1694 sinas
584 1669 665 1700 atque
689 1665 716 1692 in
739 1662 905 1692 contrarium
932 1661 1058 1689 inclinari

271 1718 399 1745 donatam
416 1717 500 1742 semel
522 1721 538 1741 a
563 1717 588 1740 te
606 1711 672 1739 mihi
687 1716 819 1738 mentem.
840 1708 904 1742 Pro,
926 1709 960 1734 ad
979 1716 1059 1735 excu-

269 1762 368 1791 sandtu
382 1761 564 1788 excusationes
578 1759 606 1786 in
624 1750 747 1792 peccati},
767 1755 950 1791 Symmachus
963 1754 1060 1786 edidit,

272 1808 307 1834 ad
321 1806 474 1842 cogitandus
487 1806 590 1840 iniquas
612 1803 795 1839 cogitationes,
815 1800 916 1829 clarius
935 1800 1059 1835 equidem

269 1852 398 1882 dictionis
411 1857 528 1880 mentem
551 1850 716 1886 exprimens.
737 1848 839 1876 Deinde
857 1847 1003 1875 Psalmista
1027 1846 1060 1873 ad

269 1901 376 1937 praxim
392 1898 540 1927 revertitur
560 1898 667 1929 dicens,
683 1904 742 1923 cum
761 1895 911 1922 [nominibus
926 1893 1061 1929 aperanti--

271 1948 319 1974 bus
335 1945 513 1980 iniquitatem,
538 1948 562 1971 ct
586 1951 639 1970 non
665 1941 818 1969 combinabo
840 1949 901 1968 cum
915 1939 1002 1967 electi:
1017 1947 1062 1966 eo-

269 1999 341 2018 rum.
355 1989 410 2017 Pro
424 1997 478 2024 quo
492 1995 588 2016 rursus
601 1986 782 2022 Symmachus
801 1985 902 2013 clarius
926 1985 1062 2018 interpre-

271 2042 344 2064 tatus
374 2041 418 2064 est
445 2035 540 2062 dicens
566 2043 573 2061 :
604 2033 671 2060 Cum
700 2032 849 2059 hominibus
890 2031 1061 2066 operantibus

271 2083 453 2118 iniquitatem,
480 2089 511 2108 ne
535 2080 657 2107 dulcibus
689 2079 796 2114 quidem
821 2079 939 2112 ipsorum
967 2086 1062 2104 conve-

271 2137 342 2157 scar.
366 2127 428 2155 Non
447 2135 503 2160 ero,
529 2125 627 2161 inquit,
653 2132 712 2151 cum
736 2123 805 2156 istic,
829 2125 852 2150 si
872 2129 911 2157 tu,
939 2122 1061 2156 Domine,

271 2175 421 2203 custodiam
446 2173 488 2200 ori
514 2179 570 2199 meo
591 2171 723 2205 posueris,
743 2175 767 2197 et
791 2174 970 2204 prwparatum
999 2168 1063 2195 mihi

272 2223 424 2248 thesaurum
441 2218 644 2246 conservaveris.
664 2215 747 2244 Electi
771 2223 852 2250 porro
877 2223 984 2246 eorum,
1001 2221 1062 2242 cre-

1119 170 1209 202 PARS
1226 172 1275 202 ill-
1290 188 1325 194 —-—
1346 173 1552 202 EXEGETICA.
1874 172 1907 199 Η

1395 228 1540 256 ΨΛΛΜυΣ
1556 229 1623 256 ΡΜ’.

1155 275 1321 308 Ἀκολούθως
1339 276 1378 311 τῷ
1394 276 1540 312 προάγοντι
1557 275 1657 311 ψαλμῷ
1667 274 1715 302 καὶ
1723 270 1800 306 οὗτος
1813 274 1901 309 ὲιπιγιέ⁴

1113 330 1233 357 γραπται
1244 331 1251 337 ·
1268 322 1326 349 ἔστι
1339 322 1369 348 δὲ
1383 322 1430 349 τοῦ
1445 322 1538 354 Δαυῖδ,
1553 322 1601 349 καὶ
1612 321 1662 358 τὴν
1678 321 1764 356 αὐτὴν
1784 320 1840 356 ἔχει
1856 321 1906 357 τῆς

1113 369 1267 404 προσευχῆς
1281 369 1405 404 δύναμιν.
1425 369 1502 404 Ἔχει
1511 368 1540 395 δέ
1555 377 1581 394 τι
1590 367 1672 395 πλέον
1689 365 1766 399 οὗτος
1778 367 1902 402 δογματιρ

1112 415 1232 451 κώτερος
1242 415 1290 449 ὢν,
1305 417 1352 443 καὶ
1362 415 1472 442 πλείονα
1482 416 1529 442 καὶ
1541 414 1741 450 ὠφελιμώτερα
1749 414 1792 442 διὰ
1801 414 1905 450 τῆςᾶρ-

1112 462 1163 497 χῆς
1173 462 1319 489 παιδεύων·
1331 463 1379 489 καὶ
1387 462 1478 498 φησιν·
1493 461 1667 496 Ἑκέκραξα·
1676 461 1706 488 οὐ
1714 461 1822 492 πάντως
1830 460 1906 498 φωνῇ

1111 507 1218 544 μεγάλῃ
1235 508 1281 536 καὶ
1298 508 1346 544 βοῇ
1365 508 1516 543 κεχρῆσθαι
1532 507 1613 534 αὑτὸν
1628 508 1762 543 προσήκει
1783 507 1907 543 ὑπολαμ-

1112 554 1215 581 ϐάνειν·
1239 554 1285 581 καὶ
1300 554 1464 581 σιωπώντων
1478 553 1531 590 γὰρ
1544 553 1639 581 ἀκούει
1653 555 1667 580 ὁ
1679 553 1745 586 Θεός
1757 561 1763 568 ’
1776 552 1848 580 οὕτω
1858 553 1906 581 καὶ

1111 600 1215 636 Μωῦσῇ
1230 600 1338 636 λέγεται
1354 600 1495 637 εἰρηκέναι
1507 609 1514 615 ·
1536 601 1567 627 Τί
1576 598 1656 633 βοᾷς
1672 599 1748 634 πρὸς
1759 599 1818 634 pe;
1836 599 1906 626 Ἀλλ’

1110 647 1124 673 δ
1138 647 1244 681 μεγάλα
1259 647 1382 682 δόγματα
1396 647 1460 683 περὶ
1482 646 1550 673 Θεοῦ
1574 645 1753 682 κεκτημένος,
1770 644 1906 681 ὑπερϐαλ-

1109 693 1194 729 λούσῃ
1207 701 1236 720 τε
1250 692 1368 720 διαθέσει
1379 693 1426 719 καὶ
1438 693 1529 718 πίστει
1547 692 1630 719 αἰτῶν
1640 701 1667 718 τι
1681 691 1756 727 παρὰ
1769 691 1816 718 τοῦ
1825 691 1904 724 Θεοῦ,

1109 738 1196 770 οὕτως
1216 737 1348 774 ὲκίκραξε
1369 737 1437 774 πρὸς
1454 738 1535 765 αὐτόν
1545 745 1552 752 ”
1569 737 1609 764 διὸ
1623 737 1671 764 καὶ
1684 737 1792 773 θαρσῶν
1803 746 1885 773 φησιν
1896 746 1904 753 ·

1110 784 1220 821 Ἐπειδὴ
1238 784 1359 817 τοιοῦτός
1379 785 1446 820 ειμι,
1463 785 1511 811 καὶ
1527 783 1639 811 τοιαῦτα
1656 784 1720 820 βοῶ,
1735 785 1856 820 πρόσχες
1871 785 1906 821 τῇ

1110 832 1184 866 φωνῇ
1207 838 1257 866 μου
1278 831 1307 857 ὲν
1319 830 1358 866 τῷ
1376 831 1545 866 κεκραγέναι
1562 840 1597 866 με
1615 831 1683 867 πρὸς
1702 830 1749 857 σέο
1765 830 1803 863 ὡς
1820 830 1906 858 καθα-

1111 877 1162 913 ρὰν
1176 877 1246 913 ἔχων
1260 877 1290 904 οὺ
1319 877 1398 912 μόνον
1414 878 1464 914 τὴν
1479 877 1609 910 διάνοιαν,
1636 877 1704 904 ἀλλὰ
1728 877 1776 904 καὶ
1795 876 1844 913 τὴν
1861 876 1907 904 διὰ

1111 923 1164 950 τῶν
1175 923 1285 958 χειλέων
1296 923 1389 959 φωνὴν
1400 923 1454 950 ἀπὸ
1466 923 1590 958 ψεύδους,
1606 923 1747 959 ἐπιορκίας
1754 932 1783 949 τε
1798 923 1844 950 καὶ
1856 923 1905 950 λοι-

1111 969 1214 1006 δορίας.
1229 967 1276 1001 Οἷς
1286 969 1334 996 καὶ
1345 969 1502 1002 ἀκολούθως
1515 970 1656 1006 ἐπήγαγεν
1667 978 1674 984 ·

1167 1016 1312 1050 Ἔπαρσις
1326 1015 1384 1043 τῶν
1398 1015 1504 1050 χειρῶν
1523 1025 1584 1051 μου
1598 1016 1689 1043 θυσία
1703 1014 1857 1051 ἐσπερινή.

1145 1097 1262 1132 Νοήσεις
1277 1096 1306 1123 δὲ
1327 1095 1406 1122 τοῦτο
1425 1095 1479 1122 ἀπὸ
1498 1094 1545 1122 τοῦ
1564 1095 1654 1130 λέγειν
1671 1095 1717 1122 τὸν
1734 1094 1905 1132 Ἀπᾴστολον-

1111 1130 1262 1177 Βούλομαι
1278 1134 1480 1176 τοὺς-’ἀνδρας
1493 1142 1715 1176 προσεύχεσθαι
1730 1130 1909 1176 ἐπαίροντας

1111 1189 1217 1221 ὁσίους
1243 1187 1354 1222 χεῷας.
1378 1187 1467 1222 χωρὶς
1490 1187 1580 1221 ὁρτῆς
1599 1187 1648 1214 καὶ
1663 1185 1906 1221 διαγογ-γιυσμιῖιν⁹

1111 1235 1237 1266 κάκεῖνος
1252 1234 1306 1269 γὰρ
1317 1233 1386 1268 ὁμοῦ
1400 1234 1447 1259 καὶ
1459 1233 1513 1260 τῶν
1529 1233 1600 1259 κατὰ
1610 1233 1728 1259 διάνοιαν
1740 1232 1909 1268 ἐμνημόνευ-

1112 1289 1153 1312 σε,
1168 1280 1216 1307 καὶ
1238 1279 1294 1306 τῶν
1307 1279 1378 1306 κατὰ
1405 1279 1525 1315 πρᾶξιν·
1552 1279 1577 1305 oi
1599 1278 1627 1306 δὲ
1645 1278 1754 1310 ἀσεϐεῖς
1777 1279 1907 1305 οὐδέποτε

1110 1328 1203 1363 χεῖρας
1224 1326 1385 1361 ἐπαίρουσι’
1413 1325 1454 1351 διὸ
1479 1324 1603 1351 λέλεκται
1626 1324 1694 1361 πρὸς
1715 1324 1824 1356 αὐτούς·
1842 1324 1907 1352 '01"

1111 1373 1150 1400 ἂν
1161 1372 1215 1404 τὰς
1234 1372 1336 1407 χεῖρας
1353 1371 1504 1406 ὲκτείνητε
1519 1371 1594 1406 πρὸς
1610 1371 1659 1406 μὲ,
1678 1371 1858 1406 ἀποστρέψαι
1872 1372 1907 1398 τὸ

1109 1419 1276 1454 πρόσωπόν
1288 1427 1348 1453 μου
1362 1418 1413 1452 ἀφ’
1427 1417 1511 1453 ὑμῶν
1521 1426 1528 1433 ·
1551 1417 1676 1453 ἐπαίρειν
1687 1417 1715 1444 δὲ
1732 1418 1772 1444 δεῖ
1789 1419 1828 1450 εἰς
1840 1417 1908 1452 ὕψος

1109 1464 1160 1496 τὰς
1175 1463 1298 1500 πράξεις,
1315 1464 1364 1490 καὶ
1385 1463 1557 1499 ἀρεσκόντως
1575 1463 1660 1495 αὑτὰς
1676 1463 1715 1499 τῷ
1737 1463 1797 1500 Θεῴ
1817 1464 1908 1491 ἐπιτε-

1110 1511 1177 1538 λείν.

1111 1557 1159 1590 Μὴ
1178 1557 1326 1590 ἐκκλίνῃς
1347 1555 1405 1590 τὴν
1425 1555 1550 1590 καρδίαν
1569 1564 1629 1590 μου
1653 1556 1696 1588 εἰς
1720 1556 1832 1590 λόγους
1852 1562 1906 1582 πο-

1145 1594 1260 1654 νῖιρίας,
1276 1592 1328 1619 τοῦ
1343 1591 1577 1626 προφασίζὲσθαι
1591 1590 1757 1626 προφάσεις
1770 1591 1804 1618 ἐν
1818 1591 1907 1626 ἁμαρ-

1144 1636 1161 1654 τ
1173 1637 1230 1660 αις.

1145 1675 1191 1710 Μὴ
1207 1675 1387 1710 συγχωρήσῃς
1403 1673 1618 1709 παρατραπῆναι
1644 1673 1691 1700 καὶ
1706 1672 1907 1715 παρακλιθῆναι

1110 1721 1151 1752 εἰς
1168 1721 1199 1747 τὸ
1219 1721 1340 1748 ἐναντίον
1351 1715 1401 1756 ἰὴν
1423 1720 1497 1752 ἅπαξ
1518 1719 1612 1752 ἁπλῶς
1637 1719 1908 1747 κατασκευασθεῖσαν

1111 1775 1163 1802 μου
1183 1767 1301 1794 διάνοιαν
1314 1775 1321 1782 ο
1347 1767 1408 1794 ἀντὶ
1425 1767 1452 1793 δὲ
1467 1766 1524 1798 τοῦ,
1540 1765 1774 1801 προφασίζεσθαι
1795 1765 1909 1800 προφά-

1111 1821 1177 1846 σεις
1193 1813 1228 1839 ὲν
1251 1813 1414 1848 ἁμαρτίαις,
1439 1813 1453 1839 ὁ
1473 1812 1632 1848 Σύμμαχος,
1651 1811 1768 1838 ἐννοεῖν
1789 1811 1909 1842 ἑννοίας

1112 1859 1305 1894 παρανόμους
1323 1859 1453 1892 ἐξέδωκε,
1475 1858 1641 1893 σαφέστερον
1664 1857 1837 1893 ἑρμηνεύσας
1858 1856 1909 1892 τὴν

1113 1905 1229 1941 θεωρίαν
1254 1904 1301 1932 τοῦ
1324 1904 1414 1938 λόγου.
1432 1902 1499 1930 Εἶτα
1524 1903 1605 1930 πάλιν
1624 1903 1782 1939 μεταϐαίνει
1807 1902 1854 1929 ἐπὶ
1877 1901 1908 1928 τὸ

1113 1950 1265 1987 πρακτικὸν
1287 1950 1410 1985 φάσκων,
1432 1949 1495 1976 σὺν
1516 1948 1682 1983 ἀνθρώποις
1703 1947 1909 1983 ἐργαζομένοις

1112 1996 1170 2030 τὴν
1184 1995 1321 2031 ἀνομίαν,
1332 1996 1381 2022 καὶ
1392 1996 1428 2023 οὑ
1438 1995 1481 2030 μὴ
1493 1994 1658 2022 συνδυάσω
1669 1995 1744 2029 μετὰ
1755 1993 1814 2021 τῶν
1823 1994 1908 2021 ἐκλε-

1113 2041 1193 2068 κτῶν
1210 2039 1319 2068 αὐτῶν.
1348 2040 1418 2067 Ἀνθ’
1432 2038 1462 2068 οὗ
1479 2039 1559 2067 πάλιν
1579 2040 1593 2066 ὁ
1608 2039 1756 2075 Σύμμαχος
1774 2039 1906 2074 σαφέστε-

1115 2097 1160 2124 ρον
1180 2089 1352 2124 ἡρμήνευσεν
1371 2087 1466 2120 εἰπὼν,
1486 2087 1549 2114 Σὺν
1572 2087 1738 2122 ἀνθρώποις
1754 2086 1908 2121 ἐργαζομέ-

1113 2144 1178 2168 νοις
1194 2134 1324 2166 ἀδικίαν,
1342 2133 1420 2168 μηδὲ
1437 2133 1622 2169 συμφάγνοιμι
1643 2133 1679 2161 τὰ
1698 2132 1773 2167 ἡδέα
1796 2131 1907 2160 αὐτῶν.

1116 2181 1177 2207 οὐκ
1193 2180 1301 2214 ἔσομαι
1317 2179 1382 2214 γὰρ.
1397 2179 1489 2215 φησὶν,
1501 2179 1561 2214 ἅμα
1575 2180 1702 2212 τούτοις,
1713 2179 1767 2205 ἐὰν
1782 2178 1833 2210 σὺ,
1849 2178 1908 2205 Κύ-

1110 2234 1169 2260 ριε,
1191 2225 1335 2260 φυλακὴν
1347 2223 1387 2257 τῷ
1397 2225 1523 2259 στόματι
1535 2225 1627 2258 θείης,
1639 2225 1687 2252 καὶ
1702 2223 1754 2251 τὸν
1761 2231 1909 2259 προκατα-

273 2265 351 2293 dandi
367 2270 431 2293 sunt
447 2264 484 2291 illi
505 2263 550 2298 qui
570 2262 704 2289 malorum
727 2265 837 2288 actttnm
859 2268 972 2288 suorum
992 2267 1061 2294 pra:-

1113 2259 1323 2298 σκευασθέντα
1334 2279 1384 2305 μοι
1396 2270 1550 2305 θησαυρὸν
1562 2269 1756 2304 διαττιρήσῃς.
1773 2269 1909 2295 Ἐκλεκτοὶ

274 2318 364 2340 textus
374 2315 510 2346 quatrunt,
523 2309 569 2345 qui
585 2309 692 2344 pejores
705 2312 768 2336 sunt
780 2307 832 2336 illis
848 2308 893 2342 qui
913 2307 973 2335 sine
994 2314 1064 2342 pra:-

273 2363 350 2386 textu
362 2358 505 2393 palamque
517 2361 642 2392 peccant.

274 2469 357 2496 Vens.
376 2466 403 2494 6.
426 2465 548 2500 Absorpti
569 2464 722 2498 nuntiandi
738 2468 821 2499 petrae
839 2462 942 2498 judice:
962 2470 1062 2489 eorum.

311 2512 489 2549 Symmachus
503 2516 594 2538 autem
611 2522 616 2538 :
633 2510 726 2537 Adhuc
742 2510 813 2536 enim
825 2510 910 2536 oratio
924 2516 981 2535 mea
991 2509 1066 2534 intra

274 2559 404 2594 nequitias
417 2557 525 2584 iliorum
541 2563 550 2582 :
571 2555 713 2583 evellentur
727 2560 808 2589 parte
828 2554 948 2581 "nauibus
960 2553 1065 2588 judice:

273 2613 364 2633 eorum
379 2612 388 2632 :
401 2603 509 2631 audient
526 2603 604 2629 verba
622 2609 680 2628 mea
701 2601 864 2628 dulcissima.
888 2599 974 2627 Sicuti
994 2598 1066 2633 agri-

274 2651 333 2677 cola
355 2659 414 2677 cum
437 2655 535 2676 terram
560 2648 670 2683 Irangit,
699 2648 735 2674 ita
749 2656 811 2674 oua
832 2651 916 2674 vestra
936 2646 1066 2680 dissipata

273 2700 332 2723 sunt
350 2703 423 2722 serus
440 2694 551 2729 inferos.
568 2693 646 2721 Nunc
666 2700 731 2720 vero
749 2693 881 2720 rationem
900 2691 1000 2723 reddit,
1015 2698 1064 2718 cur

273 2749 336 2768 cum
355 2741 544 2775 peccatoribus
565 2748 618 2767 non
643 2739 781 2767 combinet
797 2748 804 2766 :
821 2738 919 2765 sollicit
937 2737 1009 2765 enim
1030 2736 1063 2763 il-

274 2787 362 2815 lorum
376 2787 494 2814 societas
509 2788 542 2813 ad
559 2786 677 2814 animum
698 2793 787 2812 meam
808 2783 1004 2819 dissipandam,
1018 2787 1062 2809 at-

274 2840 328 2870 que
339 2833 372 2860 ad
391 2833 510 2867 ipsorum
528 2833 678 2868 nequitiam
700 2831 766 2859 mihi
787 2829 988 2858 insinuandam.
1001 2829 1062 2856 Jour

310 2928 334 2944 ⁸⁸
354 2925 549 2959 l'lxod.Xtv,15.
587 2925 609 2941 ⁸³
624 2924 632 2951 l
652 2924 722 2952 Tim.
734 2932 768 2958 ιι,
782 2924 808 2951 8.
846 2923 878 2960 ,⁸⁸
887 2922 938 2951 lsn.
955 2931 973 2956 ι,
990 2921 1032 2950 13.

1114 2317 1142 2344 δὲ
1154 2317 1256 2354 τούτων
1267 2314 1322 2344 εἷεν
1335 2317 1360 2343 οἱ
1374 2316 1557 2352 σκηπτόμενοι
1571 2316 1723 2351 προφάσεις
1736 2315 1778 2349 ἐφ’
1788 2311 1829 2346 οἷς
1840 2314 1909 2350 δρῶ-

1115 2373 1142 2391 σι
1159 2363 1266 2396 κακῶς·
1285 2363 1415 2399 χειρόνων
1429 2363 1513 2390 ὄντων
1528 2362 1582 2390 τῶν
1596 2363 1660 2390 ἄνευ
1674 2361 1847 2398 προφάσεως,
1863 2361 1909 2388 καὶ

1115 2411 1344 2443 ἀνεπικαλύπτως
1358 2411 1540 2446 ἀνομούντων.

1115 2459 1334 2491 Κατεπόθησαν
1351 2458 1481 2493 ἐχόμενα
1505 2456 1616 2492 πέτρας
1634 2457 1661 2483 οι
1678 2455 1774 2490 κριταὶ
1799 2453 1907 2482 αὐτῶν.

1155 2508 1184 2535 '0
1200 2508 1228 2534 δὲ
1244 2507 1406 2543 Σύμμαχος·
1426 2507 1488 2534 Ἔτι
1510 2506 1566 2542 τὰρ
1579 2505 1629 2533 καὶ
1646 2505 1666 2539 ὴ
1677 2503 1831 2539 προσευχὴ
1848 2512 1910 2538 μου

1114 2550 1201 2583 ἐντὸς
1211 2549 1270 2577 τῶν
1289 2548 1403 2577 κακιῶν
1420 2548 1519 2576 αὐτῶν
1530 2557 1537 2563 ·
1549 2546 1763 2582 ὲκτιλήσονται
1773 2546 1808 2572 ὲν
1824 2544 1910 2580 χερσὶ

1115 2598 1225 2633 πέτρας
1242 2598 1269 2624 οι
1287 2596 1384 2633 κριταὶ
1402 2595 1517 2623 αὐτῶν⁸
1533 2595 1715 2622 ἀκούσονται
1731 2593 1839 2628 ῥήσεις
1850 2601 1910 2627 μου

1115 2629 1243 2676 ἡδίστας
1254 2650 1261 2658 ι
1273 2629 1375 2676 ὦσῖνιερ
1386 2641 1512 2676 γεωργὸς
1529 2639 1575 2666 ὅτ’
1587 2639 1625 2666 ἂν
1639 2639 1746 2674 ρήσσῃ
1766 2638 1823 2672 τὴν
1838 2637 1908 2673 γῆν,

1118 2689 1158 2721 ὡς
1180 2688 1367 2723 ὲσκορπίσθη
1389 2685 1472 2721 ὑμῶν
1489 2686 1526 2713 τὰ
1547 2685 1623 2714 ὀστᾶ
1643 2685 1723 2720 παρὰ
1744 2684 1796 2712 τὸν
1820 2683 1907 2717 ᾅδην.

1119 2735 1173 2771 Τὴν
1190 2735 1279 2761 αἰτίαν
1293 2734 1322 2761 δὲ
1334 2733 1381 2761 νῦν
1398 2733 1494 2768 ἐπάγει
1515 2732 1561 2759 τοῦ
1580 2732 1618 2768 μὴ
1641 2731 1798 2763 συνδυάζειν
1820 2730 1910 2765 ἁμαρ-

1117 2781 1227 2813 τωλοῖς
1244 2780 1323 2816 ἱκανὴ
1339 2779 1393 2815 γὰρ
1409 2779 1499 2806 αὐτῶν
1513 2777 1678 2815 ὴκοινωνία,
1693 2777 1771 2813 φησὶ,
1783 2776 1911 2810 διασκορ-

1118 2829 1196 2857 πίσαι
1213 2836 1264 2864 μου
1281 2827 1330 2862 τὴν
1349 2826 1449 2862 ψυχὴν,
1468 2826 1515 2853 καὶ
1531 2824 1586 2852 τῶν
1605 2824 1710 2852 κακιῶν
1726 2823 1816 2851 αὐτῶν
1837 2822 1911 2850 ἔνδον
