2059 3215
275 188 310 215 Π
608 186 742 214 EUSEBH
762 185 1001 214 CESARIENSIS
1021 184 1096 213 ΟΡΡ.
1117 184 1207 212 PARS
1226 185 1271 213 lli.
1289 201 1323 206 ——
1344 185 1551 214 EXEGETICA.
1869 184 1902 210 48

272 247 337 274 dicit
355 246 410 273 Deo
425 255 430 272 :
447 249 474 272 et
489 249 516 272 tu
527 243 674 279 cognovisti
686 245 798 271 seruitus
810 250 896 271 meas.

416 379 495 407 Vens.
509 380 535 407 6.
551 379 592 406 Ad
610 384 643 412 le,
660 379 781 411 Domine,
798 379 921 406 clamavi.

309 427 412 455 Rursus
429 428 479 453 hoc
500 426 580 453 etiam
598 425 656 453 loco
677 425 795 452 clamare
822 432 851 452 se
876 425 985 457 fatetur,
1007 433 1059 452 non

273 473 445 508 simpliciter,
459 471 505 498 sed
521 471 554 497 ad
569 470 720 497 Dominum.
733 470 838 505 Alioqui
853 477 902 497 nec
917 470 975 496 ﬁeri
985 475 1061 504 pote-

274 524 316 546 rat
331 524 359 546 ut
373 526 466 546 vocem
483 517 629 548 attolleret.
650 521 783 550 praesente
804 516 892 544 hoste.
917 516 975 543 Jam
996 523 1060 544 vero

275 567 301 592 in
324 565 378 592 Deo
396 563 581 591 tantummodo
605 570 679 596 spem
702 569 778 589 suam
804 562 958 596 reposuisse
975 562 1060 590 conii-

276 617 345 643 teus,
361 618 375 638 a
390 618 472 644 scopo
490 617 543 637 nou
565 609 716 641 aberravit;
731 608 830 636 etenim
844 615 906 644 spes
923 616 976 636 non
995 617 1060 636 oon-

274 658 372 684 fundit.
394 656 459 683 Nam
473 655 523 682 etsi
535 655 627 689 aliqua
643 655 793 682 viventium
820 660 891 682 terra
916 655 962 688 sit,
987 655 1061 690 equi-

274 705 346 736 detn,
361 703 460 737 inquit,
473 702 561 728 fateor
582 708 668 728 meam
688 705 713 728 te
735 701 820 728 solum
838 708 897 728 esse
916 709 1002 735 spem.
1019 701 1059 728 Tu

273 751 346 777 enim
364 757 426 784 spes
448 756 507 776 mea
524 755 552 775 es
569 748 594 774 in
613 753 684 774 terra
705 747 871 779 viventium,
897 747 935 774 ita
953 752 992 779 ut,
1008 747 1059 774 nisi

275 801 301 823 te
314 795 453 825 haberem.
474 794 546 821 haud
562 794 617 828 jam
638 793 791 820 viventibus
809 798 887 821 terrae
902 793 997 820 incolis
1014 793 1060 820 ad-

275 848 445 868 numerarer.
459 839 543 866 Porro
558 839 703 866 viventium
719 844 802 872 terra,
815 847 985 874 nequaquam
1001 839 1060 866 haec

274 893 316 915 cst
338 894 399 922 quae
414 894 429 913 a
445 886 522 913 nobis
546 885 679 917 calcatur,
706 885 801 912 mortis
824 887 896 912 enim
921 892 952 912 ea
969 885 1059 919 potius

1075 247 1098 275 Α
1112 243 1180 275 δδοῖς
1205 241 1250 274 αἶς
1268 243 1401 275 ἐϐάδιζεν,
1423 244 1524 275 ἀδίκως
1553 242 1730 278 ἐλαυνόμενος
1755 241 1801 268 καί
1824 242 1904 268 πολε-

1114 289 1256 325 μούμενος,
1275 289 1341 325 φησὶ
1365 289 1404 324 τῷ
1416 289 1476 325 Θεῷ
1487 298 1494 305 ’
1519 289 1566 316 καὶ
1580 289 1612 316 σὺ
1626 289 1712 323 ἔγνως
1729 286 1779 319 τὰς
1795 287 1903 323 τρίϐους

1114 344 1176 371 μου.

1296 381 1374 416 Πρὸς
1387 380 1434 412 σὲ,
1447 381 1544 415 Κύριε,
1558 380 1716 415 ἐκέκραξα.

1147 426 1232 454 Πάλιν
1246 427 1292 453 καὶ
1313 427 1429 454 ἐνταῦθα
1446 426 1559 463 κράζειν
1579 427 1714 462 ὁμολογεῖ,
1732 426 1781 462 οὐχ
1796 426 1902 459 ἁπλῶς,

1111 472 1179 499 ἀλλὰ
1193 472 1261 509 πρὸς
1276 473 1322 499 τὸν
1336 473 1438 509 Κύριον
1447 482 1454 489 ·
1474 473 1562 505 ἄλλως
1576 473 1630 508 γὰρ
1641 472 1770 500 ἀδύνατον
1782 470 1816 508 ἦν
1828 473 1904 508 αὑτῷ

1111 518 1204 554 φωνὴν
1221 519 1342 553 ἀφιέναι,
1365 519 1477 555 πλησίον
1500 519 1634 555 παρόντος
1653 519 1701 546 τοῦ
1725 518 1838 554 ἐχθροῦ·
1854 518 1904 555 τὴν

1112 564 1197 600 μόνην
1213 565 1242 592 δὲ
1263 564 1356 591 ἐλπίδα
1371 564 1454 591 αὐτοῦ
1477 565 1522 592 τὸν
1537 565 1602 591 Θεὸν
1625 564 1696 599 ἔχειν
1721 564 1902 600 ὁμολογήσας,

1109 611 1160 637 οὐκ
1173 610 1287 643 ἐξέπεσε
1300 610 1348 638 τοῦ
1368 611 1470 638 σκοποῦ
1481 620 1488 626 ο
1512 612 1528 647 ή
1548 611 1602 647 γὰρ
1617 611 1694 643 ἐλπὶς
1708 610 1738 638 οὐ
1755 610 1904 645 καταισχὺ-

1110 665 1159 683 νει·
1170 656 1237 683 ἀλλὰ
1251 657 1298 683 καὶ
1311 656 1338 683 εί
1351 665 1393 689 τις
1407 657 1482 684 ἔσται
1495 658 1530 693 γῆ
1546 656 1664 689 ζώντων,
1680 655 1812 692 ὁμολογῶ,
1825 657 1902 692 φησι,

1112 702 1246 738 μηδεμίαν
1259 702 1332 738 ἔχειν
1346 704 1437 739 χώραν
1453 703 1481 730 ἐν
1493 703 1579 739 ταύτῃ
1594 703 1611 738 ἢ
1628 703 1658 729 σὲ
1673 703 1753 738 μόνον
1765 702 1814 738 τὴν
1833 703 1903 739 ἐμὴν

1110 748 1221 775 ἐλπίδα·
1241 749 1274 775 σὺ
1287 749 1341 785 γὰρ
1353 747 1377 775 εί
1395 749 1471 781 Θεὸς,
1485 750 1501 785 ὴ
1517 749 1596 785 μερίς
1610 757 1660 784 μου
1678 749 1708 775 ὲν
1724 750 1759 784 γῇ
1776 747 1884 780 ζώντων
1894 757 1901 764 ’

1110 794 1147 826 ὠς
1164 795 1187 820 εί
1206 794 1243 829 μὴ
1257 794 1287 821 σὲ
1305 793 1387 830 εἶχον,
1399 795 1449 822 οὐκ
1462 795 1493 822 ἂν
1508 794 1653 830 ὲξετάσθην
1669 794 1733 821 ποτὲ
1747 795 1775 820 ὲν
1790 795 1825 829 γῇ
1837 792 1904 826 ζών-

1109 848 1173 866 των.
1195 839 1308 880 Ζῴντων
1332 841 1360 868 δὲ
1382 841 1428 877 γῆ,
1444 841 1493 875 οὐχ
1513 842 1529 876 ἡ
1548 840 1705 877 πατουμένη
1726 840 1773 867 νῦν
1788 840 1856 876 πρὸς
1869 841 1902 876 ἡ-

1113 886 1181 922 μῶν,
1196 886 1312 913 Θανάτου
1327 886 1382 922 γὰρ
1398 887 1434 922 γῆ
1447 887 1493 913 καὶ
1505 886 1609 922 νεκρῶν
1623 885 1704 921 αὕτη,
1715 885 1772 912 ἀλλ’
1788 885 1822 920 ἢν
1838 884 1904 921 κλη-

275 920 355 961 lerraV
373 938 425 965 est.
454 933 500 960 sed
523 940 603 967 quam
629 932 710 960 mites
725 931 933 963 haereditabunt,
954 931 981 958 in
1007 938 1058 965 qua

1114 920 1312 968 ρονομήσουσιν
1332 920 1475 968 οίηπραεῖς
1485 942 1492 948 ~
1518 920 1561 966 ἐφς
1609 931 1709 964 ζῶντες
1721 932 1821 964 πάντες
1833 920 1903 958 κατᾶ

273 987 368 1007 «mines
383 980 504 1006 viventes
519 984 620 1005 aeterna
634 985 694 1005 cum
715 977 769 1004 vita
787 977 918 1004 habitant.

274 1026 357 1054 Vens.
380 1026 406 1052 5.
433 1024 557 1064 Nonernt
579 1024 623 1064 qui
645 1028 809 1064 cognosceret
834 1031 885 1049 me.
906 1037 941 1042 -—
959 1022 992 1049 Et
1008 1030 1060 1049 non

425 1066 462 1087 est
480 1068 524 1093 qui
542 1064 656 1093 requirat
675 1066 790 1085 animum
814 1065 907 1084 meum.

309 1107 337 1133 Si
353 1106 415 1141 quis
429 1107 464 1133 ab
489 1106 532 1138 iis,
548 1105 594 1140 qui
615 1104 740 1132 ecclesiis
765 1111 880 1139 praeesse
902 1103 1061 1130 existiman-

273 1158 326 1185 tur,
344 1153 489 1188 negligitur
501 1157 528 1179 et
543 1151 699 1178 nullatenus
718 1150 878 1184 requiritur,
901 1150 1060 1184 tempestive

274 1198 325 1225 hoc
341 1198 432 1229 dioet;
460 1202 488 1224 et
503 1197 574 1231 quod
589 1196 712 1230 sequitur
728 1194 820 1227 addet,
840 1194 987 1221 clamorem
1007 1193 1061 1221 sci-

273 1243 336 1269 licet
354 1242 387 1269 ad
399 1242 495 1274 Deum,
507 1246 533 1268 et
546 1248 575 1268 se
594 1248 645 1267 non
662 1247 772 1274 sperare
785 1247 799 1267 a
815 1239 992 1274 principibus,
1010 1239 1057 1266 sed

273 1295 288 1314 a
304 1287 436 1319 Domino;
459 1291 487 1313 et
501 1286 653 1319 portionem
669 1292 699 1311 se
725 1284 823 1311 habere
839 1284 864 1310 in
881 1289 951 1310 terra
965 1284 1059 1311 viven-

275 1333 352 1365 tium,
368 1339 420 1359 non
441 1337 531 1358 autem
546 1331 572 1357 in
590 1336 660 1357 terra
676 1329 830 1356 oblivionis.

528 1376 689 1404 PSALMUS
707 1375 808 1403 CXLII.

308 1425 467 1459 Quicunque
492 1424 617 1450 maximis
640 1422 834 1449 tentatiouibus
854 1421 1060 1456 immodicisque

274 1471 408 1505 pressuris
432 1474 552 1505 urgetur,
564 1469 706 1497 commode
717 1473 804 1496 utetur
821 1467 947 1502 praesenti
967 1475 1057 1500 prece.

275 1518 419 1552 Propterea
444 1516 562 1550 psalmus
581 1516 640 1543 siue
660 1515 736 1542 titulo
764 1520 816 1542 eSt.
837 1514 920 1540 Audit
948 1514 1057 1548 quidem

275 1571 371 1590 omnes
383 1562 523 1593 Dominus,
540 1569 642 1597 paucos
657 1565 745 1588 tamen
765 1560 887 1589 exaudit.
909 1559 1057 1594 Carteroqui

274 1611 296 1637 si
314 1610 347 1636 iis
358 1610 402 1644 qu‘i
428 1616 477 1636 nos
501 1612 582 1635 orant
610 1615 704 1634 aurem
737 1607 930 1642 praeberemus,
959 1611 1059 1633 nostra:

274 1656 376 1687 pariter
393 1661 487 1689 preces
510 1654 679 1690 audirentur.
702 1652 782 1680 Certe
805 1653 857 1687 qui-
875 1659 936 1679 cum
961 1651 1058 1678 ﬁducia

273 1707 344 1732 orat.
374 1701 523 1728 auditorem
553 1706 684 1735 provocat
709 1700 806 1726 Deum.
831 1699 884 1725 Alii
910 1698 987 1724 aiunt
1006 1705 1058 1724 non

273 1755 334 1774 esse
358 1747 416 1774 sine
443 1745 520 1772 titulo
542 1745 685 1779 psalmum,
705 1745 752 1771 sed
773 1743 884 1770 inscribi
905 1752 912 1770 :
937 1741 1060 1769 Psalmis

276 1792 382 1823 Davidi,
398 1799 457 1818 cum
485 1799 542 1818 eum
565 1790 637 1824 [ilius
654 1795 851 1825 persequeretur
871 1795 880 1814 :
904 1788 949 1815 sed
966 1788 1058 1814 nonin

275 1838 378 1864 runctis
405 1836 672 1871 interpretationibus
698 1835 750 1862 hoc
779 1835 901 1869 ponitur.
928 1834 1056 1861 Attamen

273 1891 334 1918 qua:
352 1884 396 1910 hic
407 1883 545 1912 dicuntur.
561 1889 613 1908 non
631 1885 791 1916 repugnant.
808 1879 860 1906 Sed
880 1879 944 1907 nihil
957 1880 1058 1911 obstat,

273 1929 418 1964 quominus
432 1929 465 1955 de
481 1928 572 1954 Saulis
587 1927 774 1961 persecutione
786 1926 844 1952 ha’c
863 1925 934 1952 dicta
949 1924 1058 1952 fuerint.

347 1975 427 2002 Vens.
442 1974 470 2001 4.
489 1973 609 2000 deium
624 1981 718 2007 passus
732 1977 768 1999 est
781 1974 889 2006 spiritus
904 1980 987 1999 meus.

311 2021 427 2055 Spiritus
439 2019 555 2046 hominis
571 2018 679 2045 taedium
693 2019 807 2053 patitur.
823 2025 884 2045 cum
903 2025 952 2045 cor
964 2018 1059 2044 turba-

275 2073 319 2094 tur
346 2072 532 2092 rememorans
560 2064 696 2099 quomodo
727 2063 854 2090 inimicus
880 2063 1061 2097 prostraverit

274 2111 350 2139 humi
364 2111 446 2137 vitam
458 2109 527 2144 ejus,
542 2117 656 2143 eamque
681 2109 707 2135 in
724 2108 873 2136 tenebrosis
898 2108 965 2135 iouis
993 2116 1060 2135 con-

275 2157 570 2185 stitueritutmortuos
589 2155 692 2183 szeculi.
714 2154 876 2187 Turbatum,
893 2155 990 2189 inquit.
1013 2162 1061 2182 cor

276 2211 375 2234 meum,
394 2202 545 2237 passionem
564 2201 636 2228 intus
650 2201 794 2232 continuit,
811 2208 863 2227 non
886 2201 952 2227 adeo
968 2201 1060 2227 conci-

1109 977 1159 1012 τὴν
1175 977 1282 1004 αἰώνιον
1295 977 1368 1014 ζωὴν
1384 978 1575 1013 διατρίϐουσιν.

1113 1024 1174 1050 Οὐκ
1184 1024 1224 1058 ἦν
1239 1025 1255 1050 ό
1270 1024 1476 1059 ἐπιγινώσκων
1486 1024 1634 1058 με.-Οὺκ
1646 1024 1731 1050 ἐστιν
1748 1024 1764 1050 ό
1775 1021 1904 1057 ἐκζητῶν

1353 1059 1412 1093 τὴν
1425 1059 1531 1094 ψυχήν
1541 1068 1609 1093 μου.

1152 1104 1182 1131 ’0
1197 1105 1250 1131 ὑπὸ
1260 1105 1315 1131 τῶν
1329 1105 1507 1142 προΐστασθαι
1522 1104 1576 1131 τῶν
1590 1103 1741 1140 ἐκκλησιῶν
1757 1103 1904 1139 νομιζομὲ-

1110 1159 1164 1178 νων
1177 1151 1360 1186 ἀμελούμενος
1384 1152 1431 1178 καὶ
1448 1151 1570 1187 μηδόλως
1597 1150 1793 1185 ὲκζητούμενος
1814 1149 1903 1176 εὐκαί-

1113 1205 1166 1232 ρως
1180 1196 1258 1223 τοῦτο
1285 1198 1357 1232 ἐρεῖ·
1374 1197 1421 1223 καὶ
1440 1197 1470 1223 τὸ
1492 1197 1553 1232 ἑξῆς
1568 1196 1693 1231 ἐπιφέρει
1711 1195 1742 1221 τὸ
1767 1194 1904 1230 κεκραγὸς

1111 1242 1179 1277 πρὸς
1191 1243 1237 1268 τὸν
1257 1241 1333 1274 Θεὸν,
1348 1242 1395 1268 καὶ
1413 1241 1450 1276 μὴ
1466 1241 1587 1272 ἐλπίζειν
1598 1242 1645 1268 ἐπὶ
1660 1240 1829 1276 ἡγουμένοις,
1843 1240 1902 1268 ἀλλ’

1111 1288 1157 1314 ἐπὶ
1175 1288 1280 1323 Κυρίῳ,
1296 1288 1344 1314 καὶ
1363 1288 1460 1323 μερίδα
1472 1287 1542 1322 ἔχειν
1560 1287 1589 1313 ὲν
1609 1289 1644 1323 γῇ
1661 1286 1770 1319 ζώντων
1791 1287 1837 1313 καὶ
1852 1287 1904 1314 οὐκ

1111 1335 1141 1360 ἐν
1158 1333 1359 1369 ὲπιλελησμένῃ
1371 1335 1417 1368 γῇ.

1384 1378 1530 1405 ΨΛΛΜΟΣ
1544 1378 1633 1405 PMB’.

1146 1426 1204 1457 Πᾶς
1217 1427 1232 1452 6
1247 1426 1276 1452 ὲν
1296 1425 1434 1460 μεγίστοις
1451 1426 1613 1460 πειρασμοῖς
1626 1424 1673 1450 καὶ
1686 1423 1806 1458 θλίψεσιν
1818 1424 1902 1461 ὑπερ-

1111 1472 1273 1503 ϐαλλούσαις
1284 1470 1485 1507 ἐξεταζόμενος,
1503 1471 1638 1506 εὐκαίρως
1652 1470 1783 1505 χρήσαιτο
1791 1472 1824 1505 τῇ
1839 1479 1903 1506 προ-

1111 1518 1223 1553 κειμένῃ
1239 1519 1376 1553 προσευχῇ
1388 1525 1394 1532 ·
1417 1516 1456 1543 διὸ
1481 1517 1528 1543 καὶ
1545 1516 1732 1552 ἀνεπίγραφος
1751 1517 1765 1542 6
1784 1516 1900 1552 ψαλμός.

1111 1563 1219 1590 Ἀκούει
1228 1563 1278 1599 μὲν
1286 1561 1332 1590 οὖν
1344 1563 1452 1590 πάντων
1460 1564 1474 1589 6
1483 1562 1523 1590 Κύ
1529 1571 1594 1598 ριος,
1605 1563 1702 1596 ὀλίγων
1710 1562 1738 1588 δὲ
1749 1562 1883 1588 εἰσακούει
1892 1570 1900 1577 ⁶

1111 1610 1158 1636 ἐὰν
1175 1609 1229 1636 τῶν
1250 1609 1384 1644 δεομένων
1403 1608 1481 1644 ἡμῶν
1502 1608 1710 1644 ἐπακούσωμεν,
1737 1608 1903 1643 ἀκουσθησό-

1111 1655 1180 1691 μεθα
1197 1655 1245 1682 καὶ
1267 1655 1360 1682 αὺτυί’
1379 1655 1394 1681 6
1410 1654 1518 1691 θαρσῶν
1537 1655 1564 1681 δὲ
1582 1656 1615 1690 τῇ
1638 1654 1734 1681 ἑαυτοῦ
1763 1655 1900 1690 προσευχῇ

1110 1702 1247 1737 ἀκροατὴν
1266 1702 1343 1728 καλεῖ
1363 1701 1409 1728 τὸν
1423 1701 1498 1728 Θεόν.
1526 1701 1617 1727 Ἀλλοι
1636 1700 1663 1727 δέ
1689 1709 1754 1735 φασι
1772 1692 1809 1736 μή
1833 1697 1901 1726 εἶναι

1112 1747 1297 1782 ἀνεπίγραφον
1311 1747 1357 1773 τὸν
1375 1747 1491 1782 ψαλμὸν,
1509 1747 1565 1773 ἀλλ’
1582 1746 1792 1782 ἐπιγεγράφθαι,
1820 1747 1901 1773 Ψαλ-

1106 1793 1164 1827 μὸς
1183 1792 1222 1825 τῷ
1241 1793 1341 1826 Δαυῒό,
1363 1793 1412 1820 ὅτε
1425 1793 1518 1820 αὑτὸν
1539 1794 1556 1820 ὁ
1570 1793 1635 1825 υἱὸς
1654 1791 1842 1819 κατεδίωκεν.
1863 1792 1900 1818 οὐ

1108 1838 1153 1865 διὰ
1168 1839 1263 1866 πασῶν
1279 1839 1368 1874 μέντοι
1384 1839 1438 1866 τῶν
1449 1839 1601 1875 ὲρμηνειῶν
1628 1839 1788 1874 πρόσκειται
1805 1837 1898 1864 τοῦτο*

1109 1885 1144 1912 τὰ
1158 1885 1186 1911 δὲ
1206 1885 1341 1920 λεγόμενα
1357 1886 1406 1912 οὺκ
1422 1885 1565 1921 ἀλλότρια·
1589 1885 1666 1911 οὐδὲν
1680 1884 1707 1910 δὲ
1724 1883 1823 1911 κωλύει
1837 1884 1902 1920 περὶ

1110 1931 1160 1967 τῆς
1176 1931 1227 1958 ὑπὸ
1244 1931 1330 1958 Σαοὺλ
1340 1931 1457 1964 διώξεως
1468 1931 1594 1967 εἰρῆσθαι
1609 1930 1687 1957 αὑτά.

1232 1977 1409 2011 Ἡκηδίασεν
1421 1977 1467 2003 ἐπ’
1481 1977 1533 2011 ἐμὲ
1543 1977 1575 2004 τὸ
1593 1976 1709 2010 πνεῦμά
1719 1985 1789 2011 μου.

1145 2023 1182 2049 Τὸ
1212 2022 1320 2058 πνεῦμα
1345 2023 1393 2049 τοῦ
1416 2022 1560 2058 ἀνθρώπου
1584 2023 1614 2048 τὸ
1639 2023 1667 2048 ὲν
1691 2022 1766 2057 αὑτῷ
1789 2021 1898 2057 amate,

1110 2069 1218 2095 ἐπειδὰν
1231 2071 1248 2104 ἡ
1264 2069 1362 2104 καρδία
1384 2068 1506 2104 ταραχθῇ
1524 2068 1672 2104 μνησθεῖσα
1694 2067 1753 2099 πῶς
1773 2069 1788 2094 6
1805 2067 1901 2103 ἐχθρὸς

1111 2116 1294 2142 ἐταπείνωσεν
1307 2116 1346 2146 είς
1366 2115 1477 2151 τὴνγῆν
1497 2115 1546 2150 τὴν
1563 2114 1634 2150 ζωὴν
1654 2113 1748 2148 αὐτῆς,
1764 2114 1809 2140 καὶ
1822 2113 1860 2145 ὡς
1872 2114 1900 2140 ὲ-

1111 2160 1221 2187 κάθισεν
1238 2161 1321 2197 αὐτὴν
1341 2163 1369 2188 ὲν
1386 2162 1530 2192 σκοτεινοῖς
1544 2160 1581 2192 ὡς
1595 2160 1706 2195 νεκροὺς
1724 2159 1820 2190 αίῶνος
1832 2167 1839 2174 ·
1852 2167 1900 2186 τα.-

1113 2207 1241 2242 ραχθεῖσα
1254 2207 1292 2239 δὲ,
1311 2207 1403 2242 φησὶν,
1420 2208 1436 2242 ἡ
1450 2206 1547 2242 καρδία
1565 2215 1615 2241 μου
1631 2207 1658 2232 ὲν
1671 2206 1750 2241 αὐτῇ,
1766 2205 1838 2232 ἔνδον
1848 2205 1899 2230 ἑπ-

274 2249 352 2279 deus,
376 2253 405 2274 ut
427 2247 514 2281 palam
542 2246 646 2273 cunctis
668 2246 807 2274 extraneis
829 2245 900 2273 foret
917 2245 976 2280 ejus
1003 2250 1059 2272 tur-

1113 2253 1175 2288 έσχε
1193 2253 1224 2279 τὸ
1245 2253 1329 2284 πάθος
1344 2252 1483 2283 παντελῶς
1500 2252 1537 2288 μὴ
1550 2251 1713 2282 ἐκπεσοῦσα,
1739 2251 1776 2282 ὼς
1792 2251 1832 2282 είς
1847 2259 1899 2285 φα-

275 2293 357 2321 batio.

365 2395 445 2422 Vens.
458 2395 484 2422 5.
504 2394 605 2421 Mentor
613 2394 651 2428 fui
674 2395 775 2420 dierum
791 2394 971 2429 antiquorum.

311 2442 379 2475 Quia
397 2446 424 2468 et
439 2441 544 2476 Moyses
557 2440 665 2466 mandat
685 2440 796 2467 dicens:
810 2438 993 2467 Recordamini
1003 2441 1060 2467 die-

276 2498 335 2517 rum
362 2488 453 2516 sazruli
470 2488 513 2520 ⁸⁸;
547 2491 574 2513 et
601 2486 684 2513 David
712 2487 813 2520 pariter
837 2486 899 2514 ait:
924 2490 1060 2513 Armorum

275 2540 434 2563 wteruorum
449 2533 598 2565 memini,et
608 2532 772 2559 consideravi
782 2532 804 2548 δν
818 2541 826 2565 ;
845 2536 917 2559 recte
926 2532 979 2559 sibi
995 2539 1062 2559 con-

276 2581 367 2609 sulens
384 2580 438 2613 hic,
456 2579 533 2614 cujus
548 2586 596 2606 cor
614 2579 748 2605 turbatum
768 2583 821 2610 est,
837 2577 955 2606 recurrit
970 2578 1061 2605 animo

276 2628 310 2654 ad
326 2627 450 2661 antiquos
461 2625 520 2653 dies
531 2632 605 2658 suos,
621 2625 718 2660 quibus
727 2630 790 2652 ante
805 2625 986 2652 turbationem
997 2624 1059 2652 felix

276 2679 352 2706 erat,
380 2672 422 2700 vel
448 2673 572 2706 antiquas
597 2671 728 2699 historias
749 2671 774 2698 in
793 2675 911 2698 mentem
928 2677 1058 2698 revocat:

276 2725 468 2754 resumptaque
482 2726 573 2746 rerum
589 2717 729 2749 memoria,
743 2717 890 2744 meditatur
905 2724 987 2751 opera
1003 2717 1062 2750 Dei,

275 2770 303 2792 et
330 2773 456 2792 manuum
479 2763 538 2799 ejus
561 2763 690 2796 facturas,
711 2770 764 2789 non
789 2763 923 2790 modicum
942 2770 976 2790 ex
991 2764 1063 2790 auti-

276 2811 337 2846 quis
360 2809 519 2838 lectionibus
546 2809 667 2836 solamen
697 2809 823 2844 capiens,
849 2808 912 2836 dum
939 2816 972 2837 ex
997 2810 1063 2844 ipsis

314 2898 336 2912 ⁵³⁵
354 2897 432 2924 Deut.
455 2904 541 2929 min,
561 2896 588 2924 7.
628 2896 650 2912 ⁸⁸
674 2895 744 2924 Psal.
771 2903 863 2928 um,
889 2897 916 2923 6.

1111 2299 1189 2334 νερὸν
1199 2297 1285 2324 ὲλθεῖν
1298 2299 1354 2330 τοῖς
1366 2299 1442 2330 πᾶσι,
1462 2298 1509 2324 καὶ
1523 2299 1579 2329 τοῖς
1590 2296 1668 2328 ἐκτὸς
1683 2295 1836 2331 γνωσθῆναι
1849 2296 1900 2331 τὴν

1111 2345 1241 2380 ταραχήν.

1275 2399 1446 2434 Ἐμνήσθην
1465 2399 1583 2434 ἡμερῶν
1601 2399 1741 2434 ἀρχαίων.

1153 2446 1230 2472 Ἐπεὶ
1247 2446 1293 2472 καὶ
1302 2446 1444 2481 ὀΜωῡσῆς
1458 2446 1621 2481 προστάττει
1632 2445 1729 2478 λέγων,
1739 2443 1902 2476 Μνήσθητε

1113 2491 1225 2526 ἡμέρας
1241 2491 1364 2524 αἰῶνος-⁸
1381 2492 1429 2518 καὶ
1444 2493 1457 2518 6
1478 2490 1560 2518 Δαυῖδ
1588 2491 1669 2518 πάλιν
1686 2491 1763 2526 φησὶ.
1779 2490 1833 2517 Καὶ
1848 2490 1901 2522 ἐτη

1113 2537 1215 2564 αἰώνια
1230 2537 1396 2572 ἐμνήσθην,
1413 2537 1461 2564 καὶ
1483 2537 1667 2572 ὲμελέτησ.»·
1685 2537 1797 2567 εἰκότως
1821 2535 1902 2571 θερα-

1114 2581 1205 2609 πεύων
1224 2583 1320 2609 ἑαυτὸν
1344 2584 1358 2610 6
1371 2581 1518 2619 ταραχθεὶς
1538 2581 1587 2617 τὴν
1614 2582 1737 2618 καρδίαν,
1758 2580 1901 2616 ἀνατρέχει

1114 2626 1161 2652 ἐπὶ
1176 2626 1225 2658 τὰς
1241 2628 1359 2659 παλαιὰς
1374 2626 1457 2654 αὑτοῦ
1474 2627 1590 2662 ἡμέρας,
1607 2627 1657 2658 τὰς
1675 2626 1727 2662 πρὸ
1750 2625 1800 2660 τῆς
1815 2633 1901 2660 ταρα-

1115 2673 1177 2708 χῆς,
1195 2668 1224 2700 ἐν
1238 2671 1282 2705 αἷς
1299 2673 1451 2709 κατώρθου,
1467 2673 1483 2708 ἢ
1498 2673 1544 2700 ἐπὶ
1559 2674 1608 2705 τὰς
1625 2673 1743 2704 παλαιὰς
1762 2672 1899 2707 ἱστορίας·

1116 2718 1163 2745 καὶ
1184 2719 1233 2754 τὴν
1258 2719 1368 2755 μνήμην
1394 2718 1547 2751 ἀναλαϐὼν,
1570 2719 1669 2754 μελετᾷ
1691 2719 1720 2745 ἐν
1735 2720 1791 2749 τοῖς
1812 2718 1903 2752 ἔργοις

1115 2764 1163 2791 τοῦ
1175 2764 1253 2796 Θεοῦ,
1274 2765 1320 2792 καὶ
1337 2766 1366 2791 ὲν
1387 2767 1442 2797 τοῖς
1465 2766 1600 2801 ποιήμασι
1616 2765 1669 2791 τῶν
1688 2764 1786 2800 χειρῶν
1807 2762 1900 2794 αὑτοῦ,

1115 2811 1146 2838 οὐ
1163 2811 1263 2846 μικρᾶς
1280 2811 1421 2846 τυγχάνων
1442 2811 1616 2848 παραμυθίας
1639 2810 1694 2837 ἀπὸ
1707 2809 1760 2836 τῶν
1780 2808 1903 2837 παλαιῶν
