2059 3215
176 212 211 239 Ᾱῖ)
544 241 552 246 η
743 212 971 241 COMMENTAIH

1023 212 1052 240 IN
1077 211 1246 240 PSALMOS.
1775 211 1810 239 50

177 272 416 307 ἀναγνωςμάτων,
441 271 583 306 μανθάνων
607 271 636 304 ἐξ
657 272 758 305 αὐτῶν,
780 273 821 298 ὅτι
838 273 901 304 τοὺς
919 281 971 299 πα-

1029 271 1177 306 t-ognoscit,
1196 276 1300 298 veteres
1317 270 1377 298 illos
1394 269 1518 305 plurimis
1544 271 1679 306 prcssuris
1696 278 1728 298 ac
1750 274 1811 298 ten-

178 318 270 348 λαιοίις
290 317 360 353 μετὰ
387 317 486 353 μυρίας
501 317 602 353 θλίψεις
613 319 661 345 καὶ
675 319 844 354 πειρασμοὺς
856 318 972 345 ἐπεσκέ-

179 373 262 392 mero
275 365 289 390 ὁ
302 364 378 397 Θεὸς,
390 365 438 391 καὶ
451 365 516 396 ὅσας
534 365 669 400 παρέσχεν
680 365 772 396 αὐτοῖς
780 365 929 400 θεραπείας
940 373 970 392 τε

179 411 226 438 καὶ
242 411 412 446 εὐεργεσίας.
444 410 524 436 Ἀλλὰ
539 411 586 437 καὶ
609 411 638 437 ἐν
654 413 711 442 τοῖς
726 411 775 446 τῆς
790 410 970 446 δημιουργίας

179 457 268 491 λόγοις
289 456 407 492 μελετῶν
431 456 613 492 ἐθεραπεύετο
627 457 678 492 τὴν
693 456 792 492 ψυχὴν,
811 457 972 491 παιδευόμε-

179 511 240 535 νος,·
251 503 288 534 ὼς
303 503 353 529 οὐκ
368 502 442 528 ἔστιν
457 502 624 538 ἀπρονόητος
636 503 649 529 ό
666 502 719 529 τῶν
733 502 884 538 ἀνθρώπων
903 502 970 537 βίος,

178 548 238 586 οὖδὲ
257 548 444 585 ἀθεράπευτος
465 548 481 583 ή
506 548 552 575 τοῦ
575 548 756 584 ταραχθέντος
771 547 861 583 ψυχή’
886 549 972 584 ἐφορᾷ

176 594 206 621 δὲ
222 594 270 622 καὶ
293 595 429 630 ἐφέστηκε
447 595 530 621 πᾶσιν
554 595 569 620 ό
585 594 632 621 τοῦ
652 594 720 621 Θεοῦ
743 594 829 628 Λόγος
858 593 971 629 ἰώμενος

177 642 240 674 τοὺς
253 641 499 677 συντετριμμένους
511 641 560 677 τὴν
575 641 700 677 καρδίαν.

177 687 341 714 Διεπέτασα
355 687 430 722 πρὸς
444 687 483 714 σὲ
499 687 552 722 τὰς
569 687 670 722 χεῇπάς
688 695 763 722 ,κου’
778 687 799 720 ὴ
811 687 896 722 ψυχή
911 696 971 722 μου

431 723 472 754 ὡς
489 721 526 757 γῆ
538 721 668 757 ἄνυδρός
683 721 743 749 ἀοι.

213 768 353 804 Μνησθεὶς
375 768 430 796 τῶν
455 768 578 804 ἀρχαίων
597 768 708 804 ἡμερῶν
730 768 762 795 ἐκ
784 768 834 804 τῆς
857 767 972 804 μελέτης

177 813 232 841 τῶν
248 814 329 842 θείων
345 814 578 850 ἀναγνωσμάτων,
594 814 644 846 τὰς
659 815 754 850 χεῖράς
769 824 830 850 μου,
851 815 899 841 καὶ
922 814 972 846 τὰς

177 862 221 888 διὰ
237 861 380 897 μετανοίας
393 860 508 896 πράξεις
523 860 646 895 καθαράς
659 869 700 887 σοι
715 860 869 892 ἐπιδεικνὺς
882 860 972 886 διεπέ-

177 915 258 938 τασα,
282 906 367 938 οὕτως
391 905 475 940 διψῶν
493 914 550 938 σου,
567 906 582 932 ὁ
596 906 671 938 Θεὸς,
687 906 735 932 καὶ
751 906 800 941 τῆς
823 905 898 941 παρὰ
923 905 970 931 σοῦ

1024 318 1171 346 tationibus
1199 326 1213 344 ιι
1242 317 1297 345 Deo
1323 317 1407 344 fuisse
1433 317 1568 350 visitatos,
1593 321 1618 344 et
1642 321 1741 352 quanta
1766 317 1812 345 hic

1023 363 1140 391 remedia
1166 363 1261 390 iisdem
1288 363 1433 390 contulerit
1459 370 1492 390 ac
1524 363 1666 390 beneﬁcia.
1699 363 1810 398 Insuper

1022 410 1085 436 dum
1108 417 1199 436 rerum
1225 409 1390 436 creationem
1411 417 1502 437 εεειιιιι
1520 413 1638 444 reputat,
1661 409 1755 436 animo
1769 416 1812 436 re-

1022 459 1140 486 creatur,
1166 455 1228 490 quia
1248 455 1327 481 discit
1357 454 1440 481 vitam
1471 455 1608 482 hominum
1634 454 1810 482 Providentia

1023 509 1076 528 non
1107 501 1245 533 destitui,
1284 509 1371 535 neque
1398 508 1476 528 suum
1514 501 1650 528 turbatum
1688 501 1809 528 animum

1023 545 1145 573 remedio
1172 553 1280 579 carere,
1304 553 1366 574 cum
1390 546 1516 574 omnibus
1539 546 1694 580 inspectans
1719 546 1812 581 praesit

1024 591 1073 619 Dei
1089 591 1219 626 Verbum,
1234 600 1249 619 a
1274 599 1326 627 quo
1342 593 1457 620 contriti
1476 593 1557 620 corde
1579 597 1720 620 sanantur.

1025 683 1106 710 Vsus.
1115 683 1141 710 6.
1156 682 1280 718 Expandi
1292 691 1386 709 manus
1395 691 1466 709 mea:
1475 683 1510 709 ad
1519 687 1560 713 te;
1574 683 1664 710 anima
1675 691 1733 710 mea
1745 684 1811 710 Sll‘ill

1288 723 1359 744 terra
1374 719 1430 745 sine
1443 726 1510 752 aqua
1521 719 1577 744 tibi.

1058 765 1169 792 Dierum
1200 765 1374 800 antiquorum
1407 768 1517 798 propter
1545 764 1652 791 divinas
1681 763 1811 792 lcetiones

1023 818 1147 843 memor.
1175 818 1273 838 manus
1299 817 1373 838 meas
1398 810 1563 845 paenitentia:
1583 810 1711 844 operibus
1735 818 1812 837 mun—

1021 858 1101 885 datas
1122 857 1156 884 ad
1182 862 1208 885 te
1238 858 1405 892 cxpandens,
1423 863 1448 884 te
1466 857 1572 888 sitiens.
1590 858 1669 891 Deus,
1686 857 1811 892 prmbcn-

1023 904 1142 938 damque
1155 911 1170 930 a
1187 907 1213 931 te
1227 904 1408 936 curationem,
1424 911 1477 931 non
1500 904 1578 931 modo
1593 911 1641 931 ceu
1658 911 1756 931 cervus
1777 904 1811 931 ad

179 952 286 984 ἰάσεως,
307 952 337 978 οὺ
361 952 441 987 μόνον
464 950 494 978 ὂν
513 951 612 986 τρόπον
633 951 732 986 ἐλαφος
750 951 797 977 ἐπὶ
809 951 858 982 τὰς
879 949 971 986 πηγὰς

1025 949 1116 977 fontes
1131 957 1278 984 aquarum,
1297 957 1389 977 verum
1416 955 1444 977 ut
1468 950 1542 977 arida
1564 955 1591 977 et
1615 950 1674 977 sine
1698 951 1812 978 humore

177 997 231 1024 τῶν
246 998 361 1028 ὑδάτων,
383 997 450 1023 ἀλλὰ
470 996 517 1023 καὶ
532 997 570 1028 ὡς
586 996 699 1032 ἄνυδρος
714 997 761 1023 καὶ
776 995 846 1031 ξηρὰ
861 995 897 1030 γῆ
911 996 971 1032 ὀρέ-

178 1050 256 1076 γεται
271 1041 318 1068 τοῦ
333 1043 374 1068 ἐπ’
386 1041 470 1077 αὐτὴν
484 1041 623 1072 κατιόντος
635 1040 724 1067 ὑετοῦ.
738 1041 768 1068 El
787 1041 816 1068 δέ
837 1041 884 1068 καὶ
897 1040 970 1067 ἔστιν

181 1089 198 1124 ἡ
216 1088 289 1124 ψυχή
311 1097 361 1123 μου
384 1088 421 1120 ὡς
434 1087 471 1122 γῆ
486 1087 608 1124 ἄνυδρος,
629 1087 666 1118 ὡς
689 1087 757 1122 πρὸς
778 1087 808 1114 σὲ
832 1087 878 1113 τὸν
905 1086 971 1114 Θεὸν

180 1134 291 1169 τοιαύτη
309 1133 382 1160 ἐστίν
391 1142 398 1148 ·
413 1133 474 1160 καθ’
485 1133 584 1168 ἐαυτὴν
597 1133 650 1168 γὰρ
663 1132 710 1159 καὶ
725 1133 762 1164 ὡς
776 1133 805 1159 ἐν
820 1132 971 1168 ἀνθρώπων

180 1180 321 1216 συγκρίσει
350 1179 459 1215 γόνιμος
487 1180 533 1206 καὶ
559 1179 689 1214 τεθηλυϊα
719 1178 833 1215 καρπῶν
858 1177 970 1213 ἀγαθῶν

179 1225 310 1260 ὑπάρχει·
331 1226 371 1252 σοὶ
385 1226 413 1252 δὲ
429 1225 542 1260 ἄνυδρός
562 1225 637 1251 ἐστιν
652 1223 748 1256 οῶως,
763 1224 800 1256 ὡς
813 1224 844 1250 οὐ
858 1224 970 1251 δικαιω-

179 1272 291 1307 θήσεται
309 1270 425 1297 ἐνώπιόν
440 1279 487 1297 σου
501 1271 554 1302 πᾶς
573 1269 638 1302 ζῶν.

181 1316 258 1352 Ταχὺ
273 1316 457 1343 εὶσάκουσόν
473 1324 522 1352 με)
539 1324 566 1342 κ.
580 1324 605 1341 τ.
665 1315 712 1349 Μὴ
727 1315 923 1352 ἁμοῦ-τρέψῃς
938 1315 970 1342 τὸ

373 1351 536 1386 πρόσωπόν
549 1358 607 1378 σου
620 1351 670 1377 ἀπ’
684 1351 768 1386 ἐμοῦ.

219 1397 264 1424 Ἐν
286 1397 343 1428 τοῖς
367 1396 560 1430 κατεπείγουσι
575 1397 682 1431 καιροῖς
705 1395 760 1422 τῶν
783 1395 971 1431 περιστάσεων

178 1442 239 1477 ἦτοι
253 1443 282 1469 ἐν
296 1443 426 1477 διωγμοῖς
442 1442 458 1478 ἢ
473 1444 530 1474 τοῖς
554 1442 678 1478 ἐσχάτοις
702 1441 846 1473 κινδύνοις,
862 1440 971 1467 ἐπειδὰν

179 1487 404 1523 παρακινδυνεύει
430 1487 502 1519 τινὸς
527 1488 544 1523 ἡ
569 1487 652 1522 ψυχὴ,
677 1486 848 1518 ἐκλείποντος
871 1486 920 1513 τοῦ
943 1487 971 1514 ἐν

178 1534 247 1570 αὐτῇ
261 1534 426 1569 πνεύματος,
447 1533 494 1560 καὶ
514 1533 564 1568 τῆς
581 1533 693 1570 καρδίας
710 1533 738 1560 ἐν
751 1534 819 1569 αὐτῇ
840 1541 972 1569 ταραττο-

181 1581 274 1616 μένης,
289 1582 422 1617 προσήκει
437 1581 538 1616 ὁμοίως
555 1580 593 1616 τῷ
609 1581 691 1607 Δαυῖδ
703 1580 792 1615 λέγειν
808 1581 971 1616 εὐχομένους

1024 1000 1095 1022 terra
1117 995 1289 1029 depluentent
1316 995 1341 1022 in
1368 1003 1398 1023 se
1416 995 1532 1023 imbrem
1554 1001 1677 1031 exoptat.
1694 995 1808 1023 Etiamsi

1022 1047 1088 1068 vero
1107 1040 1196 1067 anima
1210 1047 1269 1067 mea
1284 1045 1327 1068 cst
1343 1040 1424 1068 veluti
1442 1041 1501 1067 siue
1516 1047 1585 1074 aqua
1601 1045 1685 1072 terra,
1702 1047 1768 1076 erga
1784 1046 1810 1068 te

1024 1087 1150 1113 nimirum
1167 1086 1202 1113 ita
1222 1093 1253 1113 se
1271 1085 1370 1119 habet;
1399 1091 1528 1114 ceterum
1547 1094 1602 1122 prae
1621 1087 1682 1114 aliis
1695 1087 1812 1114 homini—

1022 1132 1073 1159 bus
1081 1131 1237 1164 fertilisest,
1248 1136 1276 1159 et
1287 1133 1422 1160 bonorum
1434 1131 1570 1158 fructuum
1584 1139 1636 1159 non
1647 1132 1810 1160 infecunda:

1024 1177 1083 1210 tibi,
1095 1178 1218 1212 inquam,
1228 1182 1269 1205 est
1278 1177 1365 1212 arida,
1376 1178 1439 1213 quia
1453 1185 1504 1205 non
1514 1177 1709 1212 justilicabitur
1719 1186 1810 1206 coram

1024 1227 1049 1251 te
1063 1223 1206 1259 quisquam
1227 1224 1329 1251 vivens.

1025 1313 1103 1341 Vers.
1117 1314 1144 1340 7.
1162 1312 1221 1341 Cito
1236 1315 1333 1341 exaudi
1362 1322 1415 1345 me,
1441 1319 1495 1341 etc.
1524 1314 1565 1341 Ne
1590 1320 1693 1341 avertas
1717 1315 1812 1349 [aciem

1341 1354 1414 1376 tuam
1430 1358 1446 1375 ιι
1460 1357 1510 1376 me.

1059 1395 1223 1430 Urgentibus
1245 1395 1434 1422 calamitatum
1462 1396 1630 1430 temporibus
1645 1395 1703 1422 sive
1717 1402 1811 1429 perse—

1022 1441 1176 1469 cutionibus
1189 1442 1375 1476 extremisque
1392 1442 1608 1474 discriminibus,
1621 1449 1683 1470 cum
1697 1441 1813 1475 alicujus

1022 1486 1114 1513 anima
1128 1486 1311 1521 periclitatur,
1332 1486 1596 1522 deﬁcientibus‘ejus
1615 1487 1729 1519 viribus.
1745 1495 1814 1515 cou-

1022 1533 1131 1560 turbato
1146 1533 1240 1565 corde,
1262 1532 1328 1560 utile
1345 1537 1388 1561 est.
1401 1541 1462 1562 cum
1476 1533 1580 1560 Davide
1595 1538 1708 1561 orantes
1719 1533 1812 1562 dicere

1023 1577 1132 1607 Christo
1146 1587 1152 1605 :
1170 1577 1278 1606 Exaudi
1296 1587 1347 1613 me,
1365 1579 1487 1607 Domine.
1504 1580 1597 1615 Neque
1613 1585 1702 1607 tamen
1718 1580 1749 1609 in
1763 1581 1813 1607 lm-

179 1626 213 1652 τὰ
226 1625 551 1661 Χριστοῦ,Είσάκουσόν
562 1634 610 1660 με,
626 1627 714 1660 Κύριε
723 1635 730 1641 ⁸
744 1627 774 1653 οὺ
790 1626 843 1662 μὴν
859 1626 905 1653 ἐπὶ
916 1628 971 1658 τοῖς

1025 1626 1114 1652 manis
1128 1625 1243 1659 negotiis
1260 1625 1311 1652 hoe
1329 1632 1438 1659 precum
1455 1633 1555 1660 genere
1573 1626 1610 1653 uti
1628 1626 1810 1654 necessarium

179 1671 359 1707 ἀνθρωπίνοις
390 1672 550 1708 πράγμασιν
581 1673 729 1707 ἀναγκαῖον
757 1672 917 1710 κεχρῆσθαι.
936 1688 971 1694 -

185 1718 242 1751 Ἐφ’
257 1718 318 1744 ὅσον
345 1717 394 1754 μὲν
420 1718 451 1744 τὸ
475 1719 621 1754 πρόσωπόν
647 1726 693 1745 σου
710 1719 835 1752 καταξιοῖ
858 1728 892 1754 με
916 1719 970 1746 τῶν

180 1763 251 1790 ἰδίων
266 1763 359 1796 αὑτοῦ,
372 1763 403 1790 τὸ
415 1763 473 1798 φῶς
491 1772 538 1790 σου
554 1765 627 1790 ἐστὶν
642 1765 671 1791 ἐν
686 1764 757 1800 ἐμοὶ,
770 1765 818 1791 καὶ
830 1765 905 1792 πᾶσά
920 1774 970 1801 μου

178 1807 346 1843 ἀπελήλαται
367 1809 478 1835 σκοτίασ
502 1809 566 1836 ὥστ’
592 1809 625 1836 ἂν
653 1811 749 1837 είπεῖν·
786 1809 970 1845 Ἑσημειώθη

178 1854 225 1888 ἀφ’
242 1853 321 1888 ’ἡμᾶς
345 1853 377 1880 τὸ
395 1854 458 1888 φῶς
476 1855 528 1882 τοῦ
548 1855 710 1889 προσώπου
734 1863 803 1888 σου,
825 1857 928 1890 Κύριε·
947 1858 972 1883 εί

179 1899 209 1926 δὲ
228 1899 430 1935 ἁποστρὲψειάς
452 1909 518 1927 ποτε
540 1901 571 1927 τδ
589 1901 734 1936 πρόσωπόν
758 1910 804 1929 σου
830 1903 878 1930 ἀπ’
892 1903 970 1938 ἐμοῦ,

185 1945 291 1981 γίνομαι
311 1946 341 1972 ἐν
356 1945 452 1982 σκοτίᾳ
468 1947 497 1972 ἐν
547 1946 667 1980 γίνονται
684 1947 784 1978 πάντες
798 1949 822 1974 οἱ
841 1948 972 1975 καταϐαί-

179 1999 271 2023 νοντες
284 1991 325 2022 εὶς
339 1990 438 2018 λάκκον
448 2000 454 2006 ·
472 1992 501 2018 ἐν
520 1989 542 2026 ᾧ
559 1991 654 2028 λάκκῳ
666 1992 742 2019 οὐδὲν
760 1993 853 2028 ἕτερόν
867 1995 940 2021 ἐστιν
954 1995 971 2031 ἢ

180 2037 211 2064 τὸ
225 2037 390 2073 καλούμενον
408 2039 505 2070 σκότος
517 2037 659 2074 ἐξώτερον.

187 2083 354 2111 ’Δκουστύν
375 2085 508 2119 ποίησόν
529 2094 580 2120 μοι
599 2085 633 2112 τὸ
649 2085 726 2120 πρωῒ
741 2085 774 2112 τὸ
791 2085 878 2118 ἔλεός
903 2093 971 2113 σου.

220 2162 265 2188 Ἐν
279 2163 336 2194 τοῖς
360 2163 524 2198 πειρασμοῖς
547 2163 638 2195 ἐλέους
659 2163 730 2191 θείου
750 2163 883 2199 δεόμεθα·
903 2165 972 2200 ὅπερ

180 2208 278 2243 γένοιτ’
293 2208 326 2235 ἂν
349 2208 378 2234 ἐν
398 2210 458 2240 ταῖς
484 2210 649 2244 προσευχαῖς
669 2209 858 2245 ἐγρηγορότως
874 2209 972 2244 σχολά-

181 2255 284 2290 ζοιμεν,
299 2255 347 2281 καὶ
371 2254 486 2289 μάλιστα
507 2255 578 2281 κατὰ
597 2255 693 2291 καιρὸν
705 2256 751 2282 τὸν
765 2254 885 2287 ἑωθινὸν,
902 2255 973 2282 ὥστε

1022 1670 1234 1704 est.—Quandiu
1251 1670 1334 1698 facies
1355 1676 1399 1698 ttta
1412 1679 1461 1701 suo
1479 1679 1520 1699 me
1535 1677 1657 1706 respectu
1673 1673 1811 1707 dignatur,

1023 1717 1112 1745 lumen
1131 1720 1204 1745 tuum
1221 1718 1247 1744 in
1260 1725 1303 1745 me
1315 1723 1369 1750 est,
1381 1723 1462 1752 atque
1476 1726 1571 1746 omnes
1585 1720 1714 1746 recedunt
1733 1723 1812 1746 tene~

1023 1764 1092 1797 bne;
1109 1764 1145 1791 ita
1164 1768 1193 1791 ut
1209 1763 1297 1792 dicant
1314 1773 1320 1791 :
1344 1763 1484 1799 Signatum
1509 1770 1546 1793 ut
1568 1773 1646 1800 super
1659 1774 1706 1792 ιιυι
1724 1765 1813 1793 lumen

1022 1811 1110 1837 uultus
1124 1811 1173 1842 tui.
1189 1810 1302 1838 Domine
1312 1811 1346 1837 ⁵⁸⁸.
1361 1810 1437 1844 Quod
1449 1813 1471 1838 si
1488 1811 1590 1838 vultum
1608 1816 1681 1838 tuum
1693 1817 1812 1845 avertas,

1024 1856 1120 1884 decido
1130 1857 1157 1884 in
1171 1857 1298 1885 tenebras
1311 1866 1381 1893 quas
1393 1858 1410 1884 ii
1427 1859 1567 1892 patiuntur
1579 1858 1628 1892 qui
1644 1858 1812 1885 descendunt

1023 1902 1050 1929 in
1063 1902 1150 1930 lacum
1161 1912 1167 1936 ;
1180 1911 1233 1938 quo
1244 1904 1270 1931 in
1282 1904 1341 1931 lacu
1352 1904 1417 1931 nihil
1427 1904 1499 1931 aliud
1508 1911 1639 1939 estquam
1649 1904 1812 1936 exteriores,

1024 1949 1062 1976 uti
1077 1949 1258 1984 appellantur,
1276 1950 1403 1979 tenebra.

1026 2081 1105 2108 Vens.
1133 2082 1160 2109 8.
1187 2081 1314 2108 Auditum
1341 2081 1384 2115 [nc
1408 2082 1473 2108 mihi
1501 2089 1578 2108 marte
1601 2081 1812 2108 misericordiam

1357 2122 1440 2144 tuum.

1059 2163 1106 2190 Dei
1117 2162 1305 2190 misericordia
1321 2163 1347 2190 in
1359 2163 1554 2190 lentatiouibus
1568 2162 1736 2198 indigemus;
1751 2169 1811 2196 quae

1024 2214 1054 2238 ut
1081 2209 1162 2238 nobis
1186 2210 1323 2243 obveniat,
1349 2209 1495 2244 vigilanter
1520 2210 1647 2244 precibus
1673 2217 1812 2242 vacemus,

1025 2254 1159 2284 tnatutino
1176 2256 1327 2291 praesertim
1351 2261 1482 2290 tempore,
1503 2261 1531 2282 ut
1550 2256 1638 2282 dicere
1651 2256 1789 2291 ponimus
1804 2265 1812 2283 :

181 2299 308 2326 δύνασθαι
333 2299 439 2334 λέγειν*
464 2300 495 2326 '0
518 2300 601 2334 Θεὸς,
621 2303 637 2328 ὀ
663 2301 735 2333 Θεός
749 2309 819 2336 μου,
837 2300 912 2335 πρὸς
934 2300 971 2328 σὲ

1024 2302 1103 2335 Deut,
1121 2302 1190 2330 Deus
1204 2310 1287 2334 meus,
1301 2302 1336 2328 ad
1350 2307 1375 2329 te
1389 2303 1421 2328 de
1436 2302 1493 2328 luce
1510 2302 1588 2337 vigilo
1599 2303 1632 2330 “.

183 2345 309 2375 ὀρθρίᾱο.

196 2354 198 2359 λ
218 2354 234 2372 υ
252 2354 260 2370 ι
277 2355 309 2372 ω.

196 2354 370 2427 Ρβνίίψισόν
382 2402 443 2428 μοι.
459 2393 557 2427 Κύριε,
570 2392 641 2420 ὁδὸν
655 2392 690 2419 ἐν
703 2390 723 2429 ᾖ
737 2393 929 2428 πορεύσομαι.

225 2471 291 2498 Ἀπὸ
305 2472 351 2499 τοῦ
363 2473 448 2508 χαμαὶ
474 2473 568 2500 ,εἰσθαι
582 2473 630 2509 τὴν
652 2462 721 2508 ἐμὴν
738 2473 806 2510 πρὸς
836 2473 864 2500 σὲ
879 2473 969 2510 ψυχὴν

182 2518 351 2545 ἅνατείναντι
377 2521 518 2554 μετανοίας
541 2520 626 2553 δεῖξον
653 2519 722 2551 ὁδὸν,
742 2519 759 2555 ἢ
776 2519 826 2555 τὴν
848 2519 968 2554 ἄγουσαν

183 2564 252 2599 μετὰ
263 2564 388 2600 σώματος
399 2565 556 2601 ἀπαλλαγὴν
569 2566 614 2592 ἐπὶ
626 2565 660 2592 τὰ
675 2565 786 2600 οὐράνια
799 2566 864 2601 (15)”
877 2566 972 2602 θνητὸς
989 2569 998 2582 ⁸

181 2610 235 2646 γὰρ
248 2610 307 2643 πῶς
321 2611 357 2638 ἂν.
369 2611 463 2647 νοῆσαι
477 2612 524 2644 τὰς
536 2612 613 2644 ὁδοὺς
627 2612 724 2645 aurai;
739 2612 809 2647 τάχα
822 2612 849 2639 δέ
862 2621 904 2644 τις
921 2613 972 2646 τὰς

181 2659 318 2696 προτέρας
338 2658 414 2689 ὁδοὺς
426 2659 542 2685 Μωῦσέα
555 2659 602 2685 καὶ
614 2660 677 2691 τοὺς
691 2660 833 2695 προφήτας
846 2659 968 2694 βαδίσας,

181 2706 251 2732 κατὰ
262 2706 302 2738 τὸ,
317 2705 412 2740 Στῆτε
424 2704 460 2731 ἐν
476 2705 538 2737 ταῖς
553 2705 642 2738 ὁδοῖς,
660 2705 709 2732 καὶ
725 2704 893 2739 ἐρωτήσατε
908 2705 969 2739 τρί-

182 2752 253 2782 ϐους
273 2751 383 2790 Κυρίου
395 2749 528 2782 ηὶωνίας,
544 2750 612 2785 μετὰ
631 2749 733 2782 ταύτας
746 2751 868 2786 τὴν¹ὁδὺν
879 2750 968 2786 ζητῶν

181 2796 230 2832 τὴν
245 2796 358 2833 ἀγαθὴν,
381 2795 420 2832 τῷ
441 2795 543 2831 ταύτης
565 2796 622 2831 ἐρεῖ
633 2796 727 2832 πατρὶ,
743 2796 791 2823 καὶ
808 2796 975 2831 γινώσκοντι.

218 2855 242 2871 ³⁸
254 2854 323 2882 Psal.
339 2863 377 2888 tv,
397 2855 420 2882 7.
458 2855 480 2872 "
497 2855 568 2882 Psal.
584 2863 651 2889 ιιιι,
670 2857 696 2884 2.
736 2856 758 2872 "
775 2855 830 2883 Jer.
856 2863 894 2888 vt,
913 2856 954 2883 16.

218 2900 274 2934 (15)
286 2899 367 2937 Vides
381 2900 470 2937 hicrde
478 2900 622 2937 animabus
633 2901 692 2928 sine
702 2902 861 2937 corporibus
876 2901 958 2928 etiam

183 2935 209 2962 in
242 2935 340 2963 cadunt
379 2936 543 2971 recipiendis
578 2935 761 2964 sententiam:
786 2936 968 2971 antiquissimi

1024 2391 1141 2419 “315.8.
1169 2393 1265 2419 Notam
1291 2391 1333 2425 (at:
1359 2391 1442 2424 mihi,
1466 2391 1587 2424 Domina,
1617 2391 1684 2418 viam
1706 2392 1731 2418 in
1762 2399 1813 2427 qua

1321 2426 1461 2453 ambulem.

1058 2472 1126 2498 Dum
1139 2473 1231 2499 anima
1244 2480 1302 2499 mea
1313 2471 1386 2506 jacet
1403 2472 1476 2498 humi
1491 2477 1640 2506 prostrata,
1655 2471 1811 2506 imploranti

1023 2517 1089 2545 mihi
1113 2519 1282 2552 pmuitentiaa
1299 2519 1368 2544 viam
1385 2518 1506 2550 ostende,
1530 2526 1590 2553 qua:
1611 2523 1672 2553 post
1689 2518 1812 2552 corporis

1025 2565 1220 2598 depositionem
1239 2566 1313 2593 ducit
1329 2568 1355 2592 In
1371 2566 1482 2593 caelum.
1503 2566 1569 2593 Nam
1591 2570 1721 2596 mortuus,
1742 2573 1811 2599 quo-

1025 2610 1105 2637 modo
1127 2611 1185 2638 vias
1212 2619 1277 2640 suas
1301 2613 1467 2648 cognoscet?
1493 2612 1621 2640 FortaSSe
1643 2611 1744 2646 aliquis
1766 2613 1814 2646 qtti

1025 2657 1198 2691 antiquiores
1212 2658 1280 2690 vias,
1307 2657 1437 2694 Moyscm.
1451 2659 1576 2692 inquam,
1599 2661 1625 2684 et
1650 2658 1811 2691 prophetas,

1024 2702 1189 2736 docurrerit;
1206 2703 1283 2738 juxta
1303 2704 1385 2731 illud:
1403 2704 1477 2731 State
1490 2705 1516 2730 in
1532 2704 1590 2735 uiis,
1606 2703 1811 2731 etscitcitamini

1023 2750 1054 2776 de
1069 2752 1167 2778 sentitis
1185 2751 1291 2780 Domini
1311 2753 1414 2779 (vianti:
1430 2753 1472 2784 ⁵¹;
1495 2755 1552 2785 post
1577 2752 1637 2785 has,
1654 2751 1751 2778 honatn
1764 2751 1810 2778 de-

1023 2796 1105 2831 nique
1120 2797 1191 2825 viam
1205 2806 1328 2834 quaerens
1351 2798 1422 2825 dicct
1448 2796 1528 2827 huius
1553 2798 1633 2832 patri,
1654 2798 1811 2834 viarumque

1015 2902 1124 2942 Euseoti
1151 2906 1252 2930 contra
1295 2901 1473 2930 recentiorum
1503 2901 1662 2930 Graecorum
1698 2899 1812 2928 eacodo—

1024 2945 1105 2964 υιιιιι.
