2059 3215
272 199 305 230 5i
606 203 741 231 EUSEBII
761 204 1002 232 CIESARIENS‘IS
1021 204 1098 232 OPP.
1119 203 1210 231 PARS
1230 203 1274 232 III.
1297 219 1331 224 —
1351 204 1556 232 EXEGETICA.
1862 203 1897 230 52

270 259 333 286 llliis
349 259 506 287 idoneorum
522 261 629 294 perito:
650 259 764 288 Ostende
783 262 847 288 mihi
865 263 933 289 uiam
955 264 982 290 in
1002 272 1050 298 qua

1105 263 1154 298 τὴν
1168 263 1227 289 ὁδὸν
1241 262 1295 289 τῶν
1311 263 1377 290 υίῶν
1388 264 1428 296 τὸ,
1438 262 1647 298 Γνώριοιόνμοι
1661 261 1732 290 ὁδὸν
1744 262 1897 296 morm-er

270 305 400 333 ambulent
413 312 423 332 :
438 314 497 340 qua:
510 307 618 342 quidem
634 313 768 335 annuente
779 308 858 336 Patre
868 315 952 337 semet
965 315 1055 337 osten-

269 352 336 377 dens
349 351 387 378 ait
407 352 497 387 dignis
521 362 528 380 :
545 353 600 388 Ego
611 362 670 381 sum
685 354 738 385 uio,
760 363 834 382 nemo
851 356 921 382 enim
932 357 1001 383 venit
1019 357 1054 384 ad

270 393 378 422 Patrem
391 397 441 424 nisi
453 405 499 430 per
509 406 550 424 me
561 399 595 426 “.

341 485 421 513 Vsus.
445 487 490 514 II.
514 486 628 522 Propter
645 497 738 515 nomen
755 494 842 520 tuum,
861 489 981 518 Domine.

305 530 399 558 Simile
415 532 464 560 hoc
480 532 590 559 dictioni
606 533 642 560 illi
657 540 664 560 :
687 533 750 561 Non
765 535 849 567 nobis,
867 535 987 569 Domine,
1002 544 1054 564 non

268 577 351 610 nobis,
361 578 407 604 sed
415 578 606 605 nominitanda
614 579 762 614 gloriam“.
774 579 829 607 Non
839 581 911 608 enim
920 582 946 609 in
955 589 1052 610 semet-

267 620 334 654 ipsis
361 627 467 655 oportet
482 623 630 652 confidere.
646 624 695 658 Qui
710 631 799 652 autem
817 628 980 655 tentationes
997 628 1052 655 for-

270 667 333 693 titer
349 668 516 700 toleraverit,
533 669 575 697 his
589 671 668 698 bonis
684 672 764 705 potiri
777 678 878 707 speret,
896 679 988 709 utpote
1005 676 1050 710 qui

268 717 380 746 angusta
410 721 615 750 :erumnosaque
631 717 672 743 via
691 717 741 744 iter
752 717 858 746 fecerit.

269 756 350 785 Vens.
369 758 413 786 H.
430 759 570 793 lEquitute
590 767 635 788 tua
651 764 743 790 educes
759 764 791 791 de
810 765 979 794 tribulatione
990 769 1049 795 ani-

578 804 648 823 mam
663 806 758 826 meam.

304 839 372 866 Vere
391 839 528 868 tribulatio
541 841 638 869 anima:
656 848 708 876 est,
726 852 786 871 eum
810 846 927 874 hominis
941 847 996 876 vita
1017 849 1050 876 ad

268 888 368 910 terram
385 886 576 920 prosternitur,
591 892 618 914 et
632 889 689 922 ipse
707 889 733 916 in
749 891 868 919 tenebris
884 892 969 921 sedet.
985 893 1051 921 Pra-

1107 305 1128 343 ᾗ
1141 308 1333 342 πορεύσομαι·
1344 309 1404 344 ἥτις
1414 307 1605 340 ἐπινεύσαντος
1619 307 1666 334 τοῦ
1681 308 1786 344 Πατρδς
1799 308 1897 343 ἑαυτὴν

1108 353 1294 388 ἐμφανίζουσα
1312 353 1384 388 λέγει
1406 356 1462 387 τοῖς
1485 354 1583 387 ἀξίοις·
1606 353 1676 388 Ἐγώ
1691 355 1749 388 ειμι
1771 353 1790 388 ή
1815 353 1895 385 ὁδός·

1107 399 1207 431 οὐδεὶς
1230 400 1286 434 γὰρ
1306 400 1423 434 ἔρχεται
1442 399 1516 434 πρὸς
1539 399 1593 426 τὸν
1616 399 1733 434 Πατέρα
1747 400 1774 427 ει
1794 398 1837 434 μὴ
1859 398 1896 425 δι’

1108 444 1189 478 ἐμοῦ.
1584 478 1586 480 τ

1230 490 1357 517 Ἕνεκεν
1372 490 1425 517 τοῦ
1441 491 1585 525 ὀνόματός
1597 498 1666 523 σου,
1674 491 1772 526 Κύριε.

1143 535 1254 572 Ὅμοιον
1267 537 1345 563 τοῦτο
1354 536 1402 571 τῷ,
1413 536 1461 571 Μὴ
1474 536 1556 571 ἡμῖν,
1566 537 1663 571 Κύριε,
1673 536 1715 571 μὴ
1731 536 1811 571 ἡμῖν,
1825 537 1895 564 ἀλλ’

1106 581 1125 616 ἡ
1147 581 1187 614 τῷ
1209 583 1333 617 ὀνόματι
1349 590 1408 609 σου
1422 582 1475 615 δὸς
1493 582 1603 615 δόξαν
1620 583 1651 609 οὺ
1665 583 1719 618 γὰρ
1734 583 1776 618 ἐφ’
1791 584 1895 615 ἑαυτοῖς

1106 627 1158 663 χρὴ
1171 627 1291 664 θαρρεῖν.
1311 628 1340 654 '0
1355 628 1384 654 δὲ
1398 628 1461 659 τοὺς
1481 628 1651 664 πειρασμοὺς
1666 628 1812 664 ὑπομείνας
1831 637 1892 663 γεν-

1106 673 1188 705 ναίως
1213 673 1347 706 ἐλπιζέτω
1367 673 1468 701 τούτων
1490 676 1597 710 τυχεῖν,
1618 674 1656 707 ὼς
1678 675 1710 702 ἂν
1733 675 1828 710 στενὴν
1847 676 1893 702 καὶ

1104 719 1286 755 τεθλιμμένην
1299 719 1421 751 ὁδεύσας.

1111 765 1162 791 Ἐν
1178 764 1216 799 τῇ
1230 765 1407 800 δικαιοσύνῃ
1420 766 1611 802 σουγὲξάξεις
1631 765 1666 793 ἐκ
1685 767 1816 801 θλίψεως
1836 767 1893 802 τὴν

1407 801 1513 836 ψυχήν
1526 811 1595 836 μου.

1139 845 1236 882 Ψυχῆς
1257 846 1365 882 ἀληθῶς
1392 846 1480 881 θλίψις
1500 847 1531 873 τὺ
1559 847 1760 883 ταπεινωθῆναι
1777 849 1817 880 εἰς
1840 849 1892 884 γῆν

1103 892 1152 928 τὴν
1171 893 1243 929 ζωὴν
1264 893 1357 926 αὑτοῦ,
1373 895 1421 920 καὶ
1440 895 1468 920 ὲν
1491 896 1636 926 σκοτεινοῖς
1656 895 1737 922 αὑτὸν
1755 896 1890 932 καθῆσαιν-

266 929 308 954 vis
327 937 435 964 quoque
457 932 670 965 cogitationibus
687 939 715 962 et
741 937 916 971 cupiditatum
943 938 1049 966 flamma

1103 940 1150 966 καὶ
1166 940 1181 966 ό
1196 939 1249 966 ὑπὸ
1262 939 1399 975 λογισμῶν
1413 940 1441 966 δὲ
1454 940 1562 974 φαύλων
1576 941 1624 967 καὶ
1636 942 1786 978 πυρώσεως
1798 929 1891 971 παθῶν

264 974 353 1000 anima
367 975 425 1009 ejus
438 982 531 1004 vexata
545 977 683 1014 aluigitnr,
701 982 807 1009 nemine
820 990 851 1009 ex
866 983 908 1010 his
918 985 1053 1018 pressuris

265 1019 410 1052 Iiberante,
429 1028 528 1055 prrcter
545 1025 666 1051 cordinm
682 1028 821 1054 conscium
844 1028 938 1056 Deum.
957 1030 1010 1057 Sed
1025 1035 1052 1058 et

262 1064 318 1096 ille.
336 1066 378 1092 cui
399 1067 564 1102 ’deceptores
588 1072 724 1104 negotium
746 1073 901 1107 facessunt,
929 1076 1052 1104 turbatur

263 1112 356 1139 animo
383 1120 555 1148 magnopere,
573 1117 722 1150 praesertim
749 1127 809 1145 cum
835 1120 940 1148 illorum
960 1122 1051 1156 sophi-

262 1161 349 1184 smata
360 1158 430 1185 haud
446 1159 539 1187 valens
553 1168 711 1197 coarguere,
725 1171 757 1191 ne
770 1165 884 1193 veritate
899 1167 1051 1202 depellatur

264 1203 350 1229 timet.
369 1203 422 1231 Sed
443 1205 522 1240 hujus
541 1207 660 1239 animam
679 1208 748 1237 Deus
764 1211 836 1237 omni
854 1219 981 1245 pressura
995 1214 1050 1241 eri-

264 1248 331 1282 piet,
349 1249 503 1278 illuminans
521 1260 580 1279 eam
600 1254 709 1288 suisque
726 1256 808 1283 radiis
822 1257 994 1293 collustrans,
1010 1263 1048 1286 at-

264 1301 318 1326 que
333 1299 362 1322 nt
380 1295 407 1322 in
422 1303 471 1322 sua
489 1295 595 1330 justitia
610 1299 683 1326 vivat
697 1299 837 1336 adjuvans,
852 1303 889 1330 uti
907 1311 988 1339 supra
1004 1305 1049 1333 de-

263 1345 444 1368 monstratum
462 1342 522 1369 fuit.
537 1342 623 1372 Porro
638 1346 826 1375 misericordia
845 1349 890 1376 Dei
905 1350 1048 1378 destruen-

265 1392 309 1412 lur
337 1386 450 1420 inimici,
477 1397 531 1416 non
560 1391 786 1425 substantialiter,
814 1395 864 1422 hoc
888 1396 960 1423 enim
988 1397 1047 1425 ﬁeri

263 1433 366 1467 nequit,
379 1434 426 1461 sed
438 1435 546 1470 dempta
561 1436 593 1464 iis
609 1437 748 1472 facultate,
772 1447 823 1475 qua
845 1441 918 1476 justo
943 1443 1047 1471 homini

262 1480 452 1514 adversantur,
483 1480 597 1516 ejusque
622 1484 739 1511 animam
765 1492 874 1514 vexant.
904 1487 951 1516 Sic
973 1490 1045 1516 enim

261 1525 369 1559 requies
382 1526 458 1561 justo
469 1529 531 1561 erit,
551 1535 578 1556 el.
599 1534 675 1557 extra
698 1531 795 1558 bellum
821 1533 847 1559 in
866 1541 934 1568 pace
955 1535 1044 1569 deget.

262 1569 322 1596 Mox
343 1578 495 1606 provocans
512 1574 667 1603 invocatum
695 1584 772 1604 suum
800 1580 833 1605 ad
860 1581 1043 1614 annuendum,

1104 985 1296 1021 ἐνοχλούμενος
1310 986 1359 1021 τὴν
1374 986 1462 1023 ψυχὴν
1481 986 1601 1014 θλίϐεται
1612 995 1621 1004 '
1636 988 1742 1020 οὐδενὸς
1761 988 1789 1016 δὲ
1811 989 1890 1016 ἄλλου

1103 1031 1154 1058 ἔν..
1181 1040 1195 1058 ν
1222 1031 1350 1068 τοιαύτης
1377 1032 1492 1067 θλίψεως
1512 1033 1726 1069 ἐλευθεροῦντος,
1750 1035 1766 1070 ἢ
1792 1035 1839 1063 τοῦ
1862 1036 1892 1063 τὸ

1102 1077 1224 1112 κρυπτὸν
1255 1078 1304 1112 τῆς
1336 1078 1450 1114 καρδίας
1477 1079 1577 1111 εἰδότος
1605 1079 1684 1107 Θεοῦ.
1709 1080 1788 1108 Ἀλλά
1809 1082 1856 1109 καὶ
1877 1082 1892 1108 6

1101 1123 1154 1149 ὑπό
1171 1123 1336 1159 διοχλήσεων
1357 1124 1522 1152 ἀπατεώνων
1548 1127 1596 1162 τὴν
1619 1126 1705 1162 ψυχὴν
1725 1129 1892 1163 ταραττόμε-

1101 1177 1145 1200 νος
1161 1169 1277 1196 θλίϐοιτο
1293 1170 1337 1196 ἂν·
1349 1169 1474 1205 μεγάλως
1495 1171 1539 1197 ὅτε
1554 1171 1681 1206 μάλιστα,
1699 1173 1727 1198 οὐ
1743 1172 1892 1208 δυνάμενος

1100 1214 1247 1249 διελέγχειν
1270 1214 1303 1242 τὰ
1327 1216 1490 1250 σοφίσματα,
1515 1215 1668 1251 εὐλαὸεῖται
1686 1216 1722 1252 μὴ
1745 1217 1890 1253 ἀποσφαλῇ

1099 1260 1149 1295 τῆς
1178 1259 1322 1294 ἀληθείαςθ
1353 1261 1444 1295 ἐξάγει
1477 1261 1505 1287 δὲ
1534 1261 1623 1297 ψυχὴν
1653 1262 1743 1298 πάσης
1775 1261 1891 1298 θλίψεως

1098 1304 1238 1340 τοιαύτης,
1261 1304 1424 1339 ἐπιλάμπων
1451 1305 1534 1341 αὐτὴν
1557 1306 1604 1332 καὶ
1625 1305 1811 1341 καταλάμπων
1829 1307 1890 1338 ταῖς

1100 1349 1180 1381 ἰδίαις
1205 1352 1400 1387 μαρμαρυγαῖς
1421 1351 1468 1378 καὶ
1494 1351 1568 1385 ἄγων
1592 1351 1678 1386 αὐτὴν
1700 1353 1740 1383 είς
1763 1351 1793 1378 τὸ
1806 1352 1888 1387 ζῆσαι

1099 1397 1170 1423 κατὰ
1185 1396 1234 1432 τὴν
1249 1397 1422 1433 δικαιοσύνην
1438 1397 1532 1429 αὐτοῦ,
1553 1398 1590 1429 ὡς
1615 1397 1729 1433 ἔναγχος
1748 1398 1888 1424 ἀποδέδει-

1098 1449 1170 1468 κται.
1191 1441 1274 1468 Ἐλέει
1287 1442 1314 1468 δὲ
1328 1442 1395 1468 Θεοῦ
1414 1441 1682 1478 ὲξολοθρευθήσονται
1701 1443 1725 1469 οἱ
1739 1443 1840 1478 ἐχθροὶ,
1856 1443 1887 1469 οὐ

1097 1488 1158 1514 κατ’
1164 1487 1258 1514 οὐσίαν
1265 1487 1434 1523 φθειρόμενοι
1442 1488 1507 1523 (16),
1518 1488 1647 1514 ἀδύνατον
1658 1488 1712 1524 γὰρ
1722 1488 1809 1520 τοῦτο,
1821 1488 1888 1515 ἀλλὰ

1096 1532 1145 1568 τὴν
1162 1533 1218 1566 ἕξιν
1232 1533 1422 1565 ἀποϐαλόντες,
1442 1534 1481 1560 δι’
1495 1533 1528 1569 ἢν
1544 1533 1637 1569 ἐχθροὶ
1652 1534 1698 1561 τοῦ
1715 1534 1819 1561 δικαίου
1841 1534 1888 1561 καὶ

1097 1578 1235 1611 θλίδοντες
1255 1579 1304 1615 τὴν
1320 1579 1407 1615 ψυχὴν
1423 1579 1505 1606 αὑτοῦ
1532 1580 1709 1616 τυγχάνουσιν
1721 1589 1728 1596 ·
1749 1579 1819 1607 οὕτω
1834 1580 1887 1615 γὰρ

260 1616 337 1644 addit
351 1626 358 1644 :
380 1618 450 1650 Quia
466 1628 553 1648 seruus
568 1627 628 1649 tuus
642 1631 688 1657 ego
710 1631 777 1650 sum.
796 1624 829 1651 Et
846 1626 954 1660 quidem
968 1628 1041 1654 omni

1100 1625 1125 1650 ἐν
1146 1624 1238 1651 ἀνέσει
1260 1624 1335 1651 ἔσται
1353 1625 1366 1650 ό
1387 1624 1491 1657 δίκαιος
1513 1625 1575 1652 ἄνευ
1599 1625 1717 1661 πολέμου
1740 1627 1769 1651 ἐν
1792 1626 1887 1661 εἰρήνῃ

261 1664 432 1695 possessione
447 1665 586 1702 gloriaque
601 1668 681 1705 longe
696 1669 791 1697 melius
807 1676 848 1698 est
864 1679 972 1699 servum
985 1680 1045 1701 esse

262 1708 309 1735 Dei
335 1718 342 1736 :
369 1709 446 1744 cujus
472 1712 510 1739 rei
538 1715 752 1749 magnitudinem
778 1716 908 1745 Servator
937 1726 1046 1754 quoque

258 1755 387 1788 exposuit
415 1757 589 1790 astantibus,
614 1759 737 1787 dicens;
764 1760 816 1788 Vos
840 1771 880 1789 me
907 1763 1044 1797 appellatis

262 1800 433 1829 Dominumet
450 1803 617 1837 Magistrum,
634 1809 659 1832 et
679 1806 740 1833 bene
752 1807 850 1839 dicitis,
861 1816 919 1834 sum
931 1810 998 1835 enim
1010 1810 1043 1837 ⁸⁸.

259 1845 330 1873 Nihil
345 1847 452 1874 demum
467 1853 608 1883 tantopere
627 1850 720 1880 hostes
735 1857 845 1881 nostros
859 1852 953 1889 fugat,
965 1861 1044 1889 quam

258 1892 389 1926 spiritalis
413 1894 565 1923 meditatio.

507 2026 668 2055 PSALMUS
682 2026 796 2056 CXLIII.

297 2071 324 2098 Si
340 2070 420 2105 huius
431 2072 527 2106 psalmi
543 2074 737 2101 continentiam
748 2076 782 2102 ad
792 2076 918 2104 Davidem
931 2076 1045 2111 referas,

261 2118 411 2151 prasertim
428 2118 491 2158 quia
510 2119 536 2145 in
562 2119 700 2147 nonnullis
725 2121 927 2155 exetnplarihus
946 2123 1045 2150 inscri-

1096 1671 1206 1705 διάγων.
1229 1670 1443 1706 Ἐκκαλούμενος
1456 1671 1484 1697 δὲ
1496 1671 1564 1706 πρὸς
1577 1671 1607 1697 τὸ
1623 1671 1763 1698 ἐπινεῦσαι
1775 1670 1819 1697 τὸν
1836 1679 1887 1697 πα-

1097 1716 1307 1751 ρακαλούμενον,
1322 1717 1445 1752 ἐπήγαγε
1459 1716 1499 1748 τὸ,
1517 1716 1581 1743 ’Ὁτι
1593 1719 1609 1744 ό
1625 1716 1733 1749 δοῦλός
1756 1724 1814 1744 σου
1829 1716 1887 1751 εἰμὶ

1095 1763 1161 1797 ἐγώ.
1180 1762 1334 1798 κτημάτων
1345 1763 1374 1794 δὲ
1390 1763 1436 1789 καὶ
1454 1762 1619 1798 αὐχημάτων
1635 1762 1666 1789 τὺ
1680 1763 1805 1798 μέγιστον
1818 1771 1885 1798 χρη-

1098 1809 1209 1844 ματίσαι
1235 1809 1302 1835 Θεοῦ
1324 1809 1425 1835 δοῦλον.
1449 1808 1572 1835 Δείκνυσι
1595 1809 1623 1835 δὲ
1646 1808 1675 1835 τὸ
1697 1809 1810 1844 μέγεθος
1824 1808 1885 1835 τού-

1096 1864 1142 1882 του
1155 1855 1202 1882 καὶ
1214 1855 1228 1881 ό
1245 1855 1341 1890 Σωτὴρ
1354 1855 1441 1889 λέγων
1461 1856 1517 1886 τοῖς
1540 1854 1664 1881 συνοῦσιν
1676 1854 1750 1890 αὺτῷ
1762 1863 1770 1870 ο
1789 1854 1892 1889 Ὑμεῖς.

1096 1899 1219 1935 φωνεῖτέ
1231 1908 1268 1934 με
1281 1901 1297 1927 ὁ
1309 1900 1416 1934 Κύριος
1426 1899 1475 1926 καὶ
1489 1901 1505 1926 ὁ
1516 1899 1711 1932 Διδάσκαλος,
1725 1899 1775 1926 καὶ
1787 1899 1886 1932 καλῶς

1095 1945 1208 1980 λέγετε,
1215 1945 1272 1980 εἰμὶ
1282 1945 1338 1979 γάρ
1347 1953 1354 1960 ·
1365 1945 1441 1972 οὐδὲν
1452 1945 1538 1977 οὕτως
1548 1945 1693 1972 ἀποδιώκει
1701 1946 1763 1977 τοὺς
1772 1945 1886 1981 ἐχθροὺς

1097 1991 1185 2026 ἡμῶν,
1206 1991 1244 2023 ὡς
1260 1991 1360 2027 θεωρία
1379 1993 1550 2027 πνευματική
1566 1993 1632 2028 (i7).

1367 2037 1510 2064 ΨᾹΛΜΟΣ
1531 2039 1620 2065 PMI“.

1132 2083 1162 2109 Ei
1183 2083 1232 2118 μὲν
1253 2083 1400 2119 ἀναφέρεις
1422 2083 1508 2110 ταῦτα
1529 2083 1577 2110 ἐπὶ
1592 2084 1637 2111 τὸν
1656 2083 1746 2116 Δαυῖδ,
1769 2084 1885 2119 μάλιστα

1096 2129 1136 2154 ὅτι
1155 2129 1226 2155 κατά
1240 2137 1301 2155 τινα
1320 2129 1374 2156 τῶν
1396 2130 1569 2166 ἀντιγράφων
1593 2130 1791 2167 ἐπιγέγραπται
1818 2130 1886 2164 πρὸς

260 2164 333 2191 hitur
352 2164 386 2191 de
397 2164 520 2198 Goliath,
544 2165 618 2193 dices
628 2166 762 2201 psalmum
778 2166 872 2195 Davidi
885 2175 1044 2205 congruere,

1100 2174 1142 2200 τὸν
1160 2174 1268 2208 Γολιὰθ,
1285 2176 1359 2210 ἐρεῖς
1373 2164 1503 2210 ἁρμόζειν
1519 2175 1603 2210 αὐτῷ,
1618 2164 1749 2211 κατὰγτὴν
1765 2176 1885 2211 ἱστορίαν

258 2210 315 2242 qui,
330 2215 360 2237 ut
375 2215 415 2237 est
431 2211 458 2238 in
479 2211 606 2244 historia,
623 2211 711 2238 virum
730 2212 804 2240 illum
821 2213 886 2240 vicit
902 2222 954 2241 non
971 2222 1046 2242 com-

1100 2221 1251 2256 νενικηκότι
1263 2221 1308 2247 τὸν
1322 2221 1407 2257 ἄνδρα
1417 2222 1448 2247 οὐ
1470 2223 1504 2257 τῇ
1521 2223 1597 2258 κοινῇ
1614 2222 1774 2262 παντευχίᾳ,
1794 2230 1885 2249 πεποι-

259 2256 334 2283 muni
349 2262 486 2283 armatura
501 2277 508 2290 ,
526 2258 574 2285 sed
592 2265 639 2285 sua
664 2265 727 2292 erga
751 2259 834 2286 Deum
857 2259 952 2287 fiducia
971 2270 976 2287 :
991 2268 1045 2295 quo

1100 2265 1175 2301 θήσει
1202 2266 1231 2293 δὲ
1257 2268 1291 2302 τῇ
1318 2267 1364 2293 ἐπὶ
1384 2266 1429 2294 τὸν
1449 2256 1516 2294 Θεόν
1529 2275 1535 2282 ·
1559 2256 1701 2303 etiam,»
1718 2256 1885 2294 ’διδάσκαλον

258 2301 310 2328 sibi
337 2302 467 2337 magistro
482 2308 638 2338 assumpto,
664 2307 728 2330 tunc
753 2305 864 2339 quidem
889 2305 1043 2333 Goliathum

1100 2295 1324 2348 ἐπιγραφόμενος,
1351 2312 1412 2339 τότε
1441 2313 1491 2348 μὲν
1514 2313 1559 2339 τὺν
1581 2295 1732 2349 ΓολιὰθΙτῇ
1755 2313 1885 2352 σφενδόνῃ

257 2346 339 2374 funda
365 2348 449 2375 ictum
475 2348 630 2383 interfecit;
655 2349 723 2376 alias
748 2357 812 2378 vero
833 2351 860 2378 in
881 2359 946 2386 agro
971 2352 1046 2380 feras

1100 2346 1211 2385 καθείλεγ
1223 2346 1327 2394 βαλών·
1350 2346 1447 2386 ἄλλοτε.
1467 2359 1495 2386 δὲ
1518 2360 1580 2391 τοὺς
1605 2360 1664 2386 κατ’
1690 2346 1789 2395 ἀέρδῶ
1799 2346 1884 2394 θῆρας

257 2393 431 2427 straugulaus
446 2394 596 2422 interemit.
614 2395 711 2429 Docuit
722 2403 785 2423 vero
800 2397 970 2431 potissimum
985 2398 1044 2425 haec

1100 2406 1155 2437 ταῖς
1163 2405 1240 2440 χερσὶ
1255 2405 1358 2439 πνίγων
1366 2405 1472 2441 ἀνῄρει.
1483 2406 1605 2440 Ἐπρεπε
1618 2405 1647 2432 δὲ
1660 2393 1776 2440 μάλιστα
1791 2393 1840 2432 ἐπι
1850 2407 1883 2440 τῇ

257 2447 356 2468 canere
368 2440 401 2467 ad
414 2440 583 2474 psalterium,
600 2449 661 2470 cum
686 2443 810 2470 manibus
832 2443 979 2480 digitisque
995 2452 1044 2478 pro

1100 2450 1142 2484 τοῦ
1157 2450 1306 2487 ψαλτηρίου
1329 2451 1493 2487 ἀνακρούσει
1506 2451 1592 2478 ταῦτα
1611 2451 1701 2486 λέγειν
1713 2451 1804 2483 αὑτὸν,
1828 2452 1883 2482 ὅτε,

257 2486 360 2520 plectro
375 2491 466 2519 utens,
476 2487 628 2516 invisibiles
642 2489 779 2517 damonas
790 2489 897 2518 Saulem
912 2497 1043 2522 vexantes

1100 2498 1154 2528 ταῖς
1186 2486 1264 2533 χερσὶ
1285 2497 1333 2524 καὶ
1353 2486 1408 2529 τοῖς
1428 2498 1569 2529 δακτύλοις
1592 2498 1652 2524 ἀντὶ
1674 2497 1721 2524 τοῦ
1746 2498 1884 2537 πλήκτρου

258 2532 369 2567 fugavit.
381 2533 458 2566 Quod
474 2533 496 2561 si
510 2534 543 2561 ad
556 2535 678 2569 quemvis
689 2536 791 2569 justum
811 2537 866 2563 haec
880 2536 1041 2571 referantur,

1100 2532 1246 2579 χρώμενος,
1261 2544 1324 2575 τοὺς
1339 2544 1470 2579 ἀοράτους
1481 2543 1610 2579 δαίμονας
1627 2543 1724 2579 ήλαυνε
1744 2543 1781 2580 τῷ
1794 2532 1885 2572 νΣαοῦλ

257 2578 332 2606 dices
342 2583 455 2606 cunctas
468 2579 587 2607 hominis
602 2580 656 2607 Deo
667 2581 755 2609 dilecti
771 2583 892 2611 actiones
904 2583 929 2616 in
945 2584 1043 2612 adver-

1100 2578 1280 2624 ὲνοχλοῦντας.
1304 2590 1336 2616 Εἰ
1357 2578 1378 2616 δἱ
1402 2590 1448 2616 ἐπὶ
1472 2578 1560 2617 πάντα
1582 2578 1685 2617 δίκαιον
1708 2578 1834 2625 ἀνάγοιτο
1850 2591 1886 2616 τὰ.

256 2623 391 2653 sariarum
407 2628 573 2659 potestatum
591 2625 703 2652 exitium
719 2634 841 2661 vergere,
854 2628 907 2655 Deo
922 2629 982 2662 ipso
996 2629 1045 2656 has

1100 2623 1179 2670 ρητά,
1193 2636 1264 2671 ἐρεῖς
1277 2635 1366 2668 πάσας
1385 2635 1432 2661 τοῦ
1447 2634 1587 2669 θεοφιλοῦς
1600 2636 1713 2672 πράξεις
1725 2623 1885 2671 καθαίρεσιν

258 2677 386 2699 manuum
416 2671 590 2706 operationes
611 2672 754 2705 dirigente.
772 2673 876 2711 Digitos
892 2674 951 2709 ejus
965 2675 1043 2707 dicit,

1100 2681 1151 2707 τῶν
1173 2681 1367 2717 ἀντικειμένων
1381 2681 1521 2717 δυνάμεων
1542 2682 1675 2718 ἐνεργεῖν,
1695 2683 1742 2709 τοῦ
1761 2682 1829 2709 Θεοῦ
1843 2683 1884 2709 δι-

256 2723 337 2750 opera
344 2717 426 2746 etiam
436 2718 544 2745 minima
551 2719 675 2746 humana;
683 2719 745 2746 vitae
753 2721 930 2756 denotansJ‘It
937 2721 1043 2756 quidem

1100 2725 1230 2753 Βασκάλου
1251 2727 1301 2763 τῆς
1324 2727 1431 2761 τοιᾶσδε
1457 2727 1511 2754 τῶν
1532 2717 1632 2765 χειρῶν
1655 2729 1792 2761 ἐκτάσεως
1813 2737 1885 2764 γινο-

258 2769 385 2793 manuum
402 2771 510 2791 suarum
526 2766 686 2792 extensione
708 2765 814 2800 Moyses
830 2767 994 2795 Amalecitas
1015 2767 1041 2794 in

1100 2772 1194 2811 μένου·
1219 2773 1280 2805 τοὺς
1307 2772 1336 2800 δὲ
1360 2773 1506 2807 δακτύλους
1527 2774 1613 2802 ἀὐτοῦ
1647 2775 1696 2807 τὰς
1722 2775 1803 2811 μέχρι
1828 2774 1884 2802 τῶν

292 2817 317 2834 ⁸⁸
334 2817 471 2851 Joan.x|v,
488 2819 514 2847 6.
553 2819 656 2847 "Psal.
673 2828 750 2853 cxtn,
771 2821 794 2848 I.
832 2822 854 2837 ⁵⁸
879 2822 957 2850 Joan.
973 2831 1033 2858 xm,
1048 2826 1092 2853 I5.

292 2886 348 2921 (lli)
369 2887 397 2914 ln
415 2887 507 2927 codice
529 2897 634 2927 carioso
661 2891 756 2927 lacuna
779 2893 921 2927 suppletur
943 2902 1037 2922 recen-

292 2905 348 2921 μυ,
370 2905 397 2914 ..ι
415 2905 507 2914 unum.
529 2905 634 2917 ωυιυδυ
661 2905 756 2918 ιιιυιιιιιι
779 2905 921 2927 θυμμιυιυι·
943 2905 1037 2922 recen-

258 2923 328 2950 tiorc
353 2930 432 2950 nianu
451 2922 641 2959 φθεγγόμενοι.
667 2925 723 2961 Ego
746 2932 836 2955 tamen
861 2929 942 2957 malui
964 2930 1039 2963 φθεια

1100 2905 1211 2931 Ξομενοι.

1133 2932 1187 2963 (Π)
1206 2943 1211 2960 ι

1133 2932 1187 2964 tl't)
1206 2932 1400 2962 Animadverte
1423 2934 1474 2966 piae
1489 2935 1672 2963 meditationis
1687 2934 1805 2963 Iaudem.
