2059 3215
180 194 216 221 55
254 227 259 235 ⁸
749 192 1002 221 COMMENTARIA
1023 193 1055 221 I-N
1073 193 1242 222 PSALMOS.
1773 196 1808 223 54

178 253 352 291 μικροτάτων
369 253 510 289 ἐνεργείας
524 253 580 280 τῶν
594 254 665 281 κατὰ
677 254 722 281 τὸν
734 254 903 290 ἀνθρώπινον
917 255 973 290 βίον

1026 257 1115 292 rugam
1131 257 1266 284 vertebat.
1284 255 1390 284 Videsis
1406 255 1488 283 etiam
1513 263 1546 283 ne
1572 256 1642 285 forte
1663 257 1698 285 sit
1728 258 1808 286 Chri-

175 299 310 336 ἐδήλωσε·
337 299 386 326 καὶ
406 299 527 334 Μωῦσῆς
549 299 578 326 δὲ
591 300 639 331 τὰς
652 301 745 336 χεῖρας
756 300 883 327 ἐκτείνων
895 301 971 336 ἐτρο-

177 345 261 373 ποῦτο
279 345 327 372 τὸν
354 345 488 380 Ἀμαλήκ.
514 345 585 381 Ὅρα
605 345 633 372 δὲ
649 346 686 381 μὴ
706 346 824 380 Χριστὸς
838 348 852 373 ό
873 346 969 381 λέγων,

176 391 390 429 τροπωσάμενος
405 391 470 422 τοὺς
488 390 621 426 ἀοράτους
641 391 755 427 ἐχθρούς
767 400 774 407 ·
796 391 871 427 δηλοῖ
890 392 945 428 γὰρ
956 393 971 418 ό

177 437 292 473 ψαλμδς,
308 437 346 468 ὡς
364 436 546 472 δειχθήσεται,
567 436 615 464 καὶ
629 436 743 464 κάθοδον
765 437 848 465 αὐτοῦ
869 437 919 473 τὴν
941 437 971 471 ἐξ

177 482 303 519 οὐρανοῦ,
328 483 375 509 καὶ
395 483 500 518 τροπὴν
527 482 671 518 δαιμόνων,
690 483 737 510 καὶ
759 483 855 519 κλῆσιν
875 483 970 516 ὲθνῶν,

178 530 224 557 καὶ
245 529 292 555 δύο
313 528 405 561 λαούς.

273 575 304 602 '0
315 573 500 602 ὐποτάσσων
514 573 568 600 τὸν
579 574 656 601 λαόν
667 583 727 608 μου
749 575 801 601 ὑπ’
819 574 881 609 ἐμὲ.

211 620 280 648 Θεοῦ
297 621 356 647 ὲστι
374 620 405 647 τὸ
430 619 593 647 ὑποπάσσειν
610 620 656 647 τὸν
673 620 770 648 ἑαυτοῦ
789 620 853 648 λαδν
867 620 972 656 ἀνθρώ-

179 675 257 698 ποις·
272 667 341 702 ὅπερ
353 666 378 692 εἰ
392 667 430 702 μὴ
449 667 482 693 ὲκ
503 666 570 692 Θεοῦ
591 666 702 702 γένοιτο,
720 666 771 693 οὒκ
787 667 820 694 ἄν
840 675 905 693 ποτε
926 667 972 701 γέ-

180 721 252 739 νοιτο
260 711 317 748 (18)
325 720 331 726 ·
346 711 406 738 οὐδὲ
413 711 468 748 γὰρ
480 712 600 747 Μωῦσῆς
613 713 734 748 ἡγήσατο
744 712 777 740 ἃν
786 712 832 739 τοῦ
844 712 971 739 τοσούτου

181 758 309 795 πλήθους,
327 758 366 794 μὴ
378 757 426 785 τοῦ
441 757 546 793 Κυρίου
566 758 748 791 ὑποτάξαντος
761 757 835 794 αὑτῷ
847 759 892 786 τὸν
909 759 972 786 ἑαυ-

179 805 227 832 τοῦ
245 804 319 836 λαὸν,
334 804 366 831 οὐ
379 804 413 831 δι’
425 804 515 831 ὃπλων
535 804 551 839 ἢ
572 803 617 831 διὰ
638 805 818 840 παρατάξεως
833 804 971 840 ἀνθρωπί-

181 860 241 886 νης,
255 850 338 878 διὰδὲ
358 851 406 886 τῆς
425 850 580 889 κρείττονος
601 850 752 886 δυνάμεως.

181 897 282 932 Κύριε,
302 896 331 923 τι
345 896 432 923 ἐστιν
451 895 616 931 ἄνθρωπος,
639 896 684 923 ὅτι
702 895 857 931 ἐγνώσθης
873 896 972 930 abaci);

215 931 383 971 Πυνθάνεται
394 941 495 976 ὁλόγος
505 943 721 979 ὲρωτηματικῶς
734 943 775 976 τὸ,
787 943 814 970 τι
835 943 908 970 ἐστιν
926 943 971 971 ᾶν-
988 931 1009 958 Β

182 989 301 1025 θρωπος,
312 989 387 1025 ἡμᾶς
399 987 503 1020 διδάξαι
516 988 687 1025 βουλόμενος,
700 989 741 1016 ὅτι
753 989 824 1024 μέγα
833 997 858 1015 τι
867 988 972 1024 ἀνθρω-

182 1043 249 1067 πος’
262 1034 293 1061 οὑ
321 1033 376 1070 γὰρ
404 1034 438 1061 ἂν
460 1033 582 1071 ἐχώρησε
601 1034 669 1061 Θεοῦ
687 1034 799 1069 γνῶσιν,
819 1034 871 1061 οὐδ’
892 1034 924 1061 ἂν
949 1035 973 1061 ὲ-

185 1080 292 1117 μνήσθη
299 1080 381 1108 αὑτοῦ
392 1081 407 1108 ό
414 1079 479 1113 Θεδς
485 1080 582 1114 οὓτως,
591 1080 628 1112 ὡς
637 1081 683 1107 καὶ
691 1081 802 1117 Σωτῆρα
814 1081 861 1108 καὶ
868 1082 973 1116 Λυτρω-

183 1127 234 1162 τὴν
248 1125 436 1159 ἐξαποστεῖλαι
457 1126 531 1162 αὺτῷ
547 1127 594 1154 τὸν
609 1127 706 1154 ἑαυτοῦ
723 1127 817 1162 Λόγον.
842 1127 974 1162 Παραινεῖ

183 1172 212 1200 δὲ
227 1173 256 1200 ὲν
273 1172 313 1208 τῷ
327 1172 401 1209 αὐτῷ
421 1173 468 1200 καὶ
486 1173 599 1209 μηδενὸς
620 1173 764 1208 ἀνθρώπου
781 1174 971 1209 καταφρονεῖν,

182 1220 228 1246 καὶ
247 1219 287 1246 ὅτι
309 1219 404 1256 μηδεὶς
424 1220 498 1253 ἄξιον
512 1219 640 1255 κατορθοῖ
650 1219 700 1254 τῆς
718 1219 846 1254 τοιαύτης
863 1219 973 1255 εὐεργε-

183 1265 254 1298 σίας.

227 1312 326 1346 Κύριε,
344 1312 450 1339 κλῖνον
465 1311 613 1347 οὐρανούς
624 1319 693 1344 σου,
710 1311 759 1338 καὶ
772 1305 925 1345 κατάϐηθι.

219 1351 326 1393 Σφόδρα
345 1357 502 1392 ἀναγκαίως
516 1358 563 1385 καὶ
578 1357 734 1389 ἀκολούθως
749 1356 847 1394 [λέγει]
862 1356 974 1385 καὶαύ-

183 1403 228 1431 τδν
244 1403 396 1440 καταόῆναι
414 1403 460 1430 τὸν
485 1404 532 1430 τοῦ
549 1404 616 1431 Θεοῦ
638 1404 724 1438 Λόγον
747 1404 787 1435 εἰς
816 1402 987 1440 καθαίρεσιν,

183 1449 236 1476 τῶν
249 1449 403 1485 ’πολεμίων⁸
418 1450 442 1476 ει
456 1449 510 1486 γὰρ
523 1450 569 1476 καὶ
582 1450 616 1477 τὰ
627 1449 754 1485 μάλιστα,
765 1450 844 1486 φησὶ,
853 1449 974 1476 διδάσκει

183 1495 232 1527 τὰς
243 1495 313 1531 ὲμὰς
325 1497 418 1532 χεῖρας
430 1497 477 1523 καὶ
497 1496 560 1529 τοὺς
578 1495 726 1528 δακτύλους
741 1496 815 1527 ὅπως
827 1495 880 1532 χρὴ
896 1495 975 1521 πολε-

186 1543 256 1577 μεῖν,
273 1541 340 1568 ἀλλὰ
353 1543 401 1569 καὶ
415 1541 457 1574 τίς
479 1542 554 1577 ἰσχὺς
577 1541 731 1578 ἀνθρώπου,
748 1542 794 1569 καὶ
814 1541 883 1576 πόση
897 1541 975 1568 δύνα-

185 1596 232 1623 μις
249 1587 296 1614 τοῦ
308 1586 404 1624 θνητοῦ
422 1589 469 1616 καὶ
485 1587 846 1624 ματαιότητιὸμοιωθέντος,
863 1586 931 1622 πρὸς
945 1586 976 1612 τὸ

184 1633 329 1669 δυνηθῆναι
351 1636 446 1670 στῆναι
467 1634 537 1661 κατὰ
558 1634 607 1670 τῆς
630 1634 762 1669 τοσαύτης
781 1632 974 1669 παρατάξεως;

184 1679 224 1706 διὸ
241 1681 273 1707 σὺ
294 1680 385 1713 αὐτὸς,
402 1678 424 1708 ὦ
437 1680 534 1716 Κύριε,
555 1680 643 1708 κλῖνον
667 1680 808 1716 οὐρανοὺς,
828 1679 874 1706 καὶ
892 1678 977 1705 κατά-

185 1725 258 1761 ϐηθι.
274 1727 411 1762 οὐρανοὺς
427 1726 456 1753 δέ
479 1735 544 1762 φησι
564 1726 612 1758 τὰς
635 1726 830 1762 ὲπινοουμένας
852 1726 880 1751 ὲν
903 1724 976 1760 αύτῷ

184 1771 332 1807 δυνάμεις⁸
349 1773 387 1804 ὡς
403 1772 432 1799 δὲ
456 1773 548 1808 πατὴρ
570 1772 687 1808 νηπίοις,
711 1772 759 1799 καὶ
780 1771 818 1803 ὡς
842 1771 976 1807 μαθηταῖς

184 1816 345 1850 διδάσκαλος
364 1818 586 1852 συγκαταΰαίνει.

264 1862 495 1895 Ἐξαπόστειλον
508 1863 566 1897 τὴν
578 1863 662 1898 χεῖρά
675 1871 733 1891 σου
747 1864 781 1896 ἐξ
795 1864 904 1898 ὕψους.

229 1907 444 1941 Ἐξαπόστειλον,
459 1909 539 1944 φησιν
551 1910 566 1935 ό
581 1909 696 1945 eum,
713 1910 762 1946 τὴν
776 1910 919 1946 ποιητικὴν
931 1910 977 1937 καὶ

187 1954 368 1990 φυλακτικὴν-
381 1954 444 1981 τῶν.
459 1954 527 1981 ὅλων
544 1955 624 1990 χεῖρα
645 1955 691 1982 ἐπὶ
713 1955 752 1991 τῷ
776 1955 914 1989 ἐξελέσθαι
931 1956 977 1982 καὶ

187 2000 322 2037 ῥύσασθαί
339 2009 373 2036 με
387 2000 420 2028 ἐκ
433 2000 488 2029 τῶν
510 2000 615 2027 πολλῶν
630 2000 733 2028 ὑδάτων
746 2002 793 2028 καὶ
810 2001 864 2028 τῶν
878 2001 978 2037 χειρῶν

186 2047 243 2074 τῶν
250 2047 399 2083 ἀλλοτρίων
409 2046 475 2073 υἱῶν
483 2055 490 2061 ·
505 2047 616 2073 δυνατὸν
629 2046 658 2073 δὲ
670 2046 700 2073 τὸ
712 2047 741 2080 ἐξ
755 2047 858 2074 ὑδάτων
874 2047 978 2073 πολλῶν

188 2093 318 2129 ρυσθῆναι
335 2093 421 2120 εἰπεῖν
435 2092 489 2119 τῶν
504 2092 630 2129 πονηρῶν
646 2093 786 2129 δυνάμεων
801 2093 849 2120 καὶ
863 2093 910 2119 τοῦ
920 2093 978 2120 δια-

187 2139 266 2166 ὁόλου
281 2139 331 2166 τοῦ
349 2138 482 2174 βασιλέως
499 2139 609 2165 πάντων
633 2138 689 2166 τῶν
709 2138 854 2166 τοιούτων·
872 2138 978 2174 ἐξαιρε-

187 2185 265 2222 θῆναι
276 2185 305 2212 δὲ
318 2186 365 2212 καὶ
378 2186 410 2212 ἐκ
419 2185 510 2221 χειρὸς
520 2185 573 2212 τῶν
585 2184 732 2220 ἀλλοτρίων
745 2184 820 2216 υἱῶν,
835 2184 889 2211 τῶν
904 2186 979 2220 ἐνερ-

187 2232 328 2268 γουμένων
349 2231 397 2258 ὑπ’
416 2231 505 2258 αὐτῶν
523 2230 692 2266 ἀνθρώπων·
709 2230 759 2262 τάς
781 2231 980 2263 ἐπαναστάσεις

1022 307 1091 335 stus,
1124 303 1169 338 qui
1199 303 1267 330 ait:
1293 302 1321 330 in
1351 302 1443 337 fugam
1476 301 1624 336 conjiciens
1657 301 1808 331 invisibiles

1024 348 1128 376 hostes.
1143 348 1211 375 Nam
1227 347 1358 382 psalmus,
1375 352 1404 375 ut
1417 347 1660 380 demonstrabitur,
1686 353 1714 375 et
1734 349 1808 376 redi-

1023 398 1080 421 tum
1110 393 1168 428 ejus
1198 393 1232 421 de
1270 392 1363 426 caelo,
1394 399 1423 420 et
1459 393 1550 428 fugam
1578 393 1755 428 daemonum,
1782 399 1809 422 et

1022 437 1141 472 gentium
1164 438 1352 472 vocationem,
1376 438 1444 466 duos
1467 438 1584 474 denique
1609 439 1734 474 populos,
1759 439 1808 467 de-

1022 488 1109 511 notat.

1058 575 1141 604 VERE.
1159 575 1188 602 2.
1211 575 1262 608 Qui
1272 574 1388 602 subdidit
1402 574 1527 608 populum
1544 582 1629 600 meum
1651 573 1699 600 sub
1721 581 1773 601 me.

1058 621 1107 649 Dei
1123 626 1166 649 est
1177 621 1306 656 populum
1318 627 1396 647 suum
1412 619 1566 647 hominibus
1577 619 1721 653 subjicere,
1737 619 1809 654 quod

1023 667 1076 696 nisi
1090 675 1105 695 a
1121 667 1175 695 Deo
1188 667 1244 698 tiat,
1260 673 1398 701 nunquam
1427 666 1482 693 ﬁet.
1509 665 1574 693 Nam
1596 672 1683 700 neque
1704 665 1809 700 Moyses

1023 714 1104 741 talem
1142 717 1300 748 tantamque
1336 712 1550 748 multitudinem»
1576 711 1719 744 rexisset,
1755 711 1808 739 nisi

1022 759 1047 787 ei
1071 758 1202 787 Dominus
1230 746 1357 794 populum
1374 765 1452 786 suum
1479 746 1654 790 subdidisset,
1683 764 1737 785 non
1762 764 1808 785 ar-

1022 807 1075 834 mis
1104 814 1192 841 neque
1215 806 1356 834 hominum
1382 805 1525 837 exercitu,
1553 805 1600 832 sed
1626 803 1738 832 meliore
1762 811 1810 839 νος

1024 852 1119 879 tentia.

1023 897 1106 929 Vens,
1123 897 1150 924 2.
1164 896 1284 930 Domine,
1296 896 1360 931 quid
1371 900 1409 923 est
1423 896 1511 928 homo,
1524 895 1588 930 quia
1607 895 1748 922 innotuisti
1761 894 1785 922 ei
1798 895 1811 922 ?

1058 943 1255 977 Interrogativo
1279 941 1360 970 modo
1381 942 1477 977 quaerit
1495 941 1659 974 Psalmista,
1683 941 1748 976 quid
1775 940 1811 968 sit

1023 989 1121 1022 homo;
1139 988 1238 1016 docere
1250 995 1299 1015 nos
1312 987 1416 1019 volens,
1432 995 1559 1022 magnum
1570 987 1634 1022 quid
1647 993 1708 1015 esse
1723 987 1811 1014 homi-

1024 1043 1096 1062 nem.
1111 1035 1197 1062 Secus
1212 1036 1297 1067 enim,
1315 1041 1402 1069 neque
1417 1033 1474 1068 ipse
1487 1034 1533 1061 Dei
1546 1034 1670 1061 notitiam
1686 1038 1809 1068 caperet,

1024 1089 1111 1116 neque
1126 1081 1199 1108 Deus
1222 1085 1363 1115 tantopere
1388 1079 1448 1115 ejus
1471 1080 1651 1114 meminisset,
1672 1085 1702 1108 ut
1726 1079 1810 1107 etiam

1024 1126 1195 1154 Servatorem
1209 1125 1470 1160 Redemptoremque
1489 1124 1514 1152 ei
1535 1126 1652 1153 mitteret
1672 1125 1810 1160 proprium

1024 1171 1154 1199 Verbum.
1168 1171 1258 1198 Monet
1276 1171 1355 1198 simul
1370 1178 1404 1198 ne
1414 1177 1578 1205 quemquam
1593 1170 1728 1197 hominem
1745 1177 1811 1197 cott-

1025 1222 1199 1249 temnamus‘,
1225 1221 1253 1244 et
1276 1217 1347 1252 quod
1369 1224 1449 1245 nemo
1464 1216 1595 1245 beneﬁcio
1611 1221 1687 1244 tanto
1700 1216 1810 1251 dignum

1024 1263 1126 1298 aliquid
1141 1268 1214 1298 agat.

1025 1309 1107 1337 Vsus.
1127 1309 1155 1337 5.
1182 1309 1303 1341 Domine,
1325 1309 1423 1336 inclina
1444 1309 1520 1337 caios
1542 1314 1612 1341 tuos,
1635 1313 1659 1335 et
1675 1307 1810 1335 descende.

1059 1355 1220 1384 Necessario
1227 1355 1371 1383 admodum
1380 1359 1407 1382 et
1414 1360 1595 1383 consentanee
1604 1354 1706 1391 [dicit].
1723 1354 1811 1389 ipsum

1026 1401 1199 1430 descendisse
1217 1402 1262 1429 Dei
1288 1401 1406 1429 Verbum
1436 1402 1470 1429 ad
1499 1401 1618 1429 hostium
1645 1401 1811 1428 destructio-

1026 1457 1099 1477 nem.
1116 1449 1232 1476 Etiamsi
1249 1449 1333 1481 enim,
1358 1448 1457 1483 inquit,
1484 1447 1593 1482 egregie
1614 1447 1694 1474 docet
1716 1453 1811 1472 manus

1026 1503 1099 1523 meas
1115 1495 1148 1522 ad
1161 1489 1273 1527 bellum,
1299 1499 1419 1522 attamen
1430 1493 1559 1529 quantula
1572 1497 1614 1519 est
1629 1492 1670 1519 vis
1682 1491 1812 1524 hominis,

1027 1546 1055 1569 et
1068 1541 1193 1569 morituri
1212 1541 1300 1567 virtus
1315 1540 1360 1575 qui
1376 1539 1491 1567 vanitati
1513 1538 1609 1566 similis
1623 1543 1674 1570 est,
1690 1542 1718 1571 ut
1731 1541 1814 1564 tanta:

1029 1587 1149 1615 hostium
1161 1586 1230 1614 aciei
1245 1586 1373 1614 resistere
1386 1585 1495 1621 possit?
1512 1584 1583 1619 Ergo
1598 1589 1625 1611 tu
1643 1583 1711 1619 ipse,
1726 1582 1814 1610 Domi-

1027 1641 1073 1666 ne,
1091 1633 1174 1661 caios
1187 1632 1300 1664 inclina,
1314 1637 1342 1660 et
1363 1632 1507 1659 descende.
1521 1630 1611 1658 leos
1630 1634 1719 1657 autem
1736 1629 1812 1662 dicit,

1027 1687 1087 1715 qua:
1102 1680 1137 1706 ibi
1155 1678 1341 1714 intelliguntur
1352 1685 1413 1705 esse
1429 1682 1586 1712 potestates.
1601 1676 1688 1704 Porro
1703 1683 1751 1704 ceu
1765 1683 1813 1710 pa-

1028 1731 1069 1753 ter
1086 1725 1118 1752 ad
1135 1724 1262 1760 parvulos
1282 1723 1361 1756 (Ilios,
1387 1731 1436 1751 ceu
1462 1724 1494 1751 ad
1515 1723 1663 1758 discipulos
1685 1721 1815 1757 magister

1027 1771 1176 1800 descendit.

1136 1864 1217 1893 Vsns.
1242 1864 1268 1892 7.
1286 1864 1383 1892 Emitte
1392 1870 1499 1890 manum
1511 1867 1584 1889 tuam
1595 1869 1628 1888 ex
1642 1861 1706 1888 alto.

1063 1911 1173 1945 Emitte,
1195 1911 1233 1938 ait
1252 1911 1381 1947 psalmus,
1405 1910 1587 1945 operatricem
1614 1909 1812 1943 tutelaremque

1028 1957 1148 1984 omnium
1161 1964 1283 1990 manum,
1299 1962 1329 1984 ut
1343 1964 1424 1984 eruas
1443 1956 1596 1990 Iiberesque
1617 1962 1660 1982 me
1671 1954 1705 1981 de
1719 1954 1813 1982 multis

1029 2003 1165 2036 ﬂuctibus,
1176 2007 1204 2030 et
1215 2003 1365 2032 alienorum
1381 2002 1498 2030 liliornm
1515 2002 1650 2029 manibus.
1671 2000 1729 2028 Jam
1747 2001 1816 2036 eripi

1029 2049 1063 2076 de
1080 2048 1326 2081 multis-ﬂuctibus.
1348 2048 1460 2083 intelligi
1479 2051 1568 2083 potest
1587 2047 1620 2075 de
1636 2046 1715 2074 malis
1740 2052 1817 2082 pote-

1029 2094 1153 2126 statibus,
1169 2099 1197 2122 et
1214 2094 1247 2122 de
1262 2095 1358 2122 harum
1383 2094 1504 2122 omnium
1528 2101 1592 2129 rege
1615 2093 1733 2121 diabolo.
1751 2093 1817 2120 Item

1030 2138 1138 2167 liberari
1157 2139 1190 2167 de
1204 2139 1355 2167 alienorum
1376 2139 1494 2166 ﬁliorum
1512 2138 1768 2172 manibus,.nempe
1783 2138 1818 2164 de

1030 2186 1173 2214 commotis
1215 2186 1323 2213 illorum
1356 2188 1469 2213 obsessu
1509 2184 1675 2212 hominibus.
1709 2183 1817 2210 Etenim

1031 2231 1161 2266 impetum
1175 2232 1355 2258 tentationum
1367 2236 1450 2265 atque
1462 2230 1618 2265 impiorum,
1629 2237 1714 2263 aquas
1725 2229 1818 2264 appel-

187 2278 241 2314 γὰρ
263 2277 320 2305 τῶν
333 2278 494 2314 πειρασμῶν
510 2277 558 2304 καὶ
582 2277 637 2304 τῶν
657 2276 767 2303 ἀσεϐῶν
779 2277 864 2303 ὕδατα
881 2276 974 2303 ἐκάλε-

1030 2276 1108 2310 lavit,
1120 2281 1185 2304 utet
1201 2276 1264 2304 alibi
1280 2277 1317 2303 ait
1332 2284 1340 2303 :
1370 2275 1497 2303 Forsitan
1522 2283 1598 2311 aquae
1617 2275 1819 2302 Iubmeraiuent

189 2333 244 2356 σεν,
258 2324 296 2356 ὡς
313 2325 360 2351 καὶ
374 2323 491 2359 ἀλλαχοῦ
504 2331 600 2358 φησιν·
612 2323 691 2358 'Apa
699 2323 731 2349 τὸ
745 2323 825 2357 ὕδωρ
837 2323 976 2349 κατεπόν-

188 2377 273 2396 τισεν
296 2369 392 2404 ἡμᾶς’
415 2370 462 2396 καὶ
483 2369 582 2396 πάλιν·
603 2368 708 2396 Σῶσόν
719 2377 767 2403 με,
794 2370 810 2396 ό
831 2368 913 2400 Θεὸς,
931 2368 977 2395 ὅτι

188 2414 375 2450 εἰσήλθοσαν
391 2415 485 2442 ὕδατα
499 2415 555 2447 ἓως
571 2414 675 2449 ψυχῆς
686 2422 760 2449 μου·
777 2414 930 2446 ἀκολούθως
948 2414 977 2441 δὲ

190 2460 262 2497 μετὰ
279 2461 328 2496 τὴν
347 2461 495 2489 καταδασιν
508 2461 556 2488 τοῦ
569 2461 637 2488 Θεοῦ
649 2461 747 2495 Λόγου,
769 2460 818 2496 τὴν
832 2460 977 2495 ὲπιόουλὴν

188 2507 244 2534 τῶν
272 2506 410 2534 ἀσεεῶν...
433 2507 514 2534 αὑτοῦ
534 2516 595 2543 τῳ..
620 2506 797 2542 θεασάμενος,
816 2505 851 2532 τὰ
872 2505 979 2541 προκεί-

191 2562 261 2589 μενα
278 2552 410 2585 θεσπίζει.

369 2599 458 2634 ᾬδὴν·
480 2599 588 2634 καινὴν
603 2599 715 2634 ᾄσομαι
739 2606 798 2626 σοι.

227 2646 313 2682 ’ᾼδει,
327 2645 375 2672 καὶ
387 2645 437 2680 τὴν
452 2646 546 2681 καινὴν
565 2645 699 2680 διαθήκην
719 2645 748 2670 ἐν
772 2645 828 2675 τοῖς
848 2644 913 2679 περὶ
933 2643 982 2679 τῆς

191 2691 304 2719 καθόδου
315 2691 363 2718 τοῦ
376 2691 445 2718 Θεοῦ
457 2691 542 2725 Λόγου
555 2690 804 2727 προφητευομένοις
827 2699 879 2725 μνη
884 2698 981 2725 μονεν-

192 2738 288 2773 θῆναι·
306 2737 346 2765 διὸ
363 2735 491 2773 δηλοῦται
515 2737 583 2772 αὕτη
601 2737 647 2764 διὰ
660 2736 711 2772 τῆς
732 2738 827 2772 καινῆς
837 2736 919 2772 ᾠδῆς.
933 2736 979 2762 Ἐν

191 2783 230 2819 τῷ
248 2783 275 2810 δὲ
293 2784 382 2819 λέγειν
402 2782 510 2818 καινὴν,
526 2782 700 2811 πεπαλαίωχε
720 2782 768 2818 τὴν
793 2781 914 2818 πρώτην,
941 2781 980 2812 ὣς

244 2854 268 2870 ³⁸
288 2853 359 2881 Psal.
380 2860 477 2886 cxxttl,
497 2852 524 2879 ιι
560 2852 582 2868 ³⁷
604 2851 675 2880 Psal.
697 2860 793 2884 uvm,
815 2851 842 2878 9..

1031 2331 1077 2350 nos
1088 2323 1120 2350 ".
1138 2322 1224 2350 Item:
1243 2322 1322 2350 Salva
1341 2330 1393 2355 me,
1414 2321 1540 2355 nomine,
1563 2322 1625 2356 quia
1652 2321 1818 2348 intraverunt

1032 2380 1107 2406 aqua:
1123 2379 1203 2406 usque
1218 2371 1251 2398 ad
1263 2371 1380 2398 animum
1395 2379 1479 2397 meam
1490 2370 1524 2397 ".
1540 2370 1729 2398 Consentanee
1753 2376 1819 2396 vero

1032 2422 1092 2452 post
1102 2417 1146 2444 Dei
1162 2417 1240 2444 Verbi
1249 2417 1422 2449 descensum,
1433 2417 1578 2452 impiorum
1591 2416 1703 2444 insidias
1713 2415 1818 2446 videns,

1032 2462 1217 2498 suprascripta
1232 2462 1409 2490 vatlcinatur.

1119 2594 1201 2622 Vens.
1218 2594 1245 2622 9.
1268 2593 1406 2622 Canticum
1425 2602 1518 2622 novum
1537 2593 1651 2620 cantabo
1671 2593 1729 2620 tibi.

1068 2641 1159 2673 Canit,
1186 2648 1216 2669 se
1240 2649 1339 2668 novum
1362 2648 1470 2676 quoque
1493 2640 1582 2667 foedus
1606 2640 1632 2667 in
1654 2639 1698 2667 his
1711 2647 1771 2675 qua
1785 2639 1821 2669 de

1030 2688 1118 2715 reditu
1135 2687 1182 2716 Dei
1202 2687 1283 2716 Verbi
1299 2688 1477 2719 vaticinatur,
1494 2686 1701 2714 memoravisse.
1715 2686 1820 2715 Idcirco

1033 2734 1061 2762 id
1079 2734 1168 2762 lanius
1186 2742 1255 2762 novo
1271 2735 1380 2761 cantico
1405 2734 1616 2761 demonstratur.
1638 2733 1706 2761 Dum
1729 2738 1821 2762 autem

1032 2787 1132 2808 novum
1147 2780 1224 2814 dicit,
1240 2780 1315 2815 prius
1340 2779 1404 2806 illud
1430 2778 1596 2813 antiquavit,
1609 2784 1639 2808 ut
1652 2779 1690 2808 ait
1703 2780 1820 2816 Aposto-

230 2924 285 2958 (l8)
308 2923 437 2960 Congruit
455 2922 588 2951 Enscbius
602 2930 661 2949 cum
676 2922 737 2950 divo
759 2921 842 2950 l’aulo
854 2922 931 2950 llom.
945 2929 1005 2955 xm,
1028 2921 1052 2953 I,
1079 2920 1139 2948 Non
1153 2925 1189 2947 est
1206 2922 1318 2954 potestas
1332 2916 1382 2944 nisi
1397 2924 1414 2943 α
1426 2915 1490 2944 Deo.
