2059 3215
251 158 285 184 5ΐί
594 155 726 183 ΕυδΕΒιΙ
746 155 976 183 C/ESARIENSIS
996 152 1071 183 OPP.
1091 154 1180 182 PARS
1198 155 1241 183 Ill.
1258 171 1293 176 —
1312 154 1514 182 EXEGETICA.
1831 152 1866 180 56

252 218 336 246 lus".
358 217 394 243 De
419 215 572 250 hujusmodi
597 216 706 242 cantico
729 216 801 243 dicta
827 220 890 243 sunt
912 220 940 243 et
961 216 1028 243 illa:

1085 224 1163 252 φησιν
1174 216 1187 242 ὁ
1206 215 1364 247 ’Δπόστολος
1373 223 1380 230 ·
1394 215 1457 250 περὶ
1470 214 1571 250 ταύτης
1584 214 1707 241 λέλεκται
1720 213 1768 249 τῆς
1778 213 1863 249 ᾠδῆς·

250 262 360 290 Canlate
381 259 494 288 Domina
509 260 640 286 canticum
655 269 760 292 novum,
780 265 885 287 cantate
906 260 1027 294 Domino,

1082 263 1193 297 ᾊσατε
1215 260 1254 294 τῷ
1275 261 1373 295 Κυρίῳ
1394 257 1476 295 ᾆσμα
1500 259 1614 292 καινὸν,
1636 259 1730 294 ᾆσατε
1753 258 1792 292 τῷ
1809 261 1867 286 Κν-

250 309 335 336 omm‘a
349 313 419 334 terra
435 306 468 333 ".
484 305 596 340 Insuper
612 314 619 332 :
636 304 771 338 Psallam,
788 305 884 340 inquit.
906 305 1029 340 psalterio

1085 306 1232 340 οἰφ,πᾶσιι
1241 307 1260 340 ἡ
1279 306 1316 342 γῆ
1328 315 1334 322 ·
1349 306 1415 333 ἀλλὰ
1426 307 1484 338 καὶ,
1498 304 1631 337 Ψαλῶσι,
1640 305 1730 340 φησὶν,
1741 305 1776 331 ἐν
1790 306 1867 338 ψαλ-

250 351 431 383 decachordo;
443 351 589 385 practicam
604 350 721 384 innuens
733 351 826 382 vitam,
843 350 932 377 anima
951 351 1031 378 simul

250 403 278 424 et
293 404 406 432 corpore
430 401 596 426 operantem.
623 396 691 423 Sunt
706 396 777 423 enim
798 396 917 430 quinque
941 398 1032 425 carnis

250 449 357 473 sensus.
369 443 489 476 quinque
511 441 574 467 item
589 441 685 467 animae
708 441 845 476 potentiae,
862 440 960 474 quibus
971 448 1032 468 cor-

251 488 325 523 porci
345 495 440 515 sensus
463 491 615 514 moventur.

376 577 459 605 Vens.
476 577 519 604 Ιῦ.
539 577 590 609 Qui
607 578 651 603 dat
668 576 779 604 salutem
800 576 915 611 regibus.

287 623 337 658 Qui
357 623 486 650 caelorum
502 631 612 658 regnum
632 629 680 649 nos
704 622 805 654 docuit,
829 629 905 656 reges
920 629 967 648 eos
979 620 1033 647 elli-

252 671 289 696 cit
310 669 356 704 qui
374 669 418 696 illo
443 668 517 704 digni
542 668 653 700 fuerint,
679 668 777 703 quibus
791 669 871 694 etiam
883 668 908 695 vi
925 668 1033 703 propria

252 715 367 742 salutem
391 714 494 741 confert
515 722 523 746 ;
552 713 687 748 simulque
710 717 782 740 recte
812 717 932 747 agentes,
956 717 1034 739 extra

254 760 354 795 peccati
374 760 543 787 dominatum
561 759 647 794 ponit.
671 757 771 793 Utique
789 758 914 785 Christus
928 759 955 784 in
967 757 1035 784 Pro-

252 806 353 834 verbiis
371 806 454 833 dicit:
470 805 520 832 Per
532 814 573 832 me
589 813 660 840 rege:
677 809 787 839 regnant
800 805 832 831 δ’.
848 804 910 831 llaec
920 810 1035 832 cernens

252 851 398 885 Apostolus
411 851 568 878 scribebat:
587 850 651 878 Sine
666 850 740 877 nobis
762 850 925 885 regnavislis,
941 855 964 877 et
981 849 1035 876 uli-

1081 354 1169 388 τηρίῳ
1183 352 1360 387 δεκαχόρὸῳ,
1374 353 1418 379 τὸν
1436 351 1586 388 πρακτικὸν
1607 351 1789 386 αἰνιττόμενος
1810 350 1866 386 βίον

1081 400 1124 426 διὰ
1143 399 1231 434 ψυχῆς
1253 399 1301 425 καὶ
1323 398 1448 434 σώματος
1474 397 1682 434 ὲνεργούμενον·
1712 396 1792 423 πέντε
1817 395 1866 431 μὲν

1081 445 1165 472 ὃντων
1179 444 1279 480 σαρκὸς
1296 443 1489 480 αἰσθητηρίων,
1509 444 1588 470 πέντε
1604 443 1632 470 δὲ
1646 442 1699 469 τῶν
1712 442 1761 477 τῆς
1776 442 1864 477 ψυχῆς

1082 490 1232 524 δυνάμεων,
1249 490 1283 516 δι’
1305 486 1342 516 ὧν
1356 489 1390 516 τὰ
1406 489 1572 526 αἰσθητήρια
1591 488 1637 516 τοῦ
1651 488 1774 524 σώματος
1786 489 1866 514 κινεῖ-

1083 546 1126 564 ται
1142 536 1208 571 (19).

1138 582 1180 615 Τῷ
1194 582 1307 610 διδόντι
1328 580 1385 615 τὴν
1398 581 1552 615 σωτηρίαν
1565 579 1627 614 τοῖς
1638 579 1802 612 ,ϐασιλεῦσι

1124 628 1152 655 ’0
1168 628 1275 660 διδάξας
1289 626 1425 663 βασιλείαν
1441 626 1572 662 οὐρανῶν,
1589 625 1706 660 βασιλεῖς
1721 624 1866 660 ἐργάζεται

1083 673 1145 705 τοὺς
1159 673 1386 709 καταξιουμένους
1400 672 1496 707 αὐτῆς,
1511 670 1551 704 οἷς
1566 671 1656 697 δίδωσι
1670 671 1720 706 τὴν
1736 670 1800 705 παρ’
1816 669 1866 695 αὺ-

1083 719 1130 745 τοῦ
1156 720 1306 755 σωτηρίαν
1326 719 1384 754 ἅμα
1404 718 1433 745 δὲ
1459 717 1645 753 κατορθώσασι
1671 716 1702 742 τὸ
1728 715 1764 751 μὴ
1790 714 1866 750 βασι-

1083 763 1207 790 λεύεσθαι
1223 763 1275 790 ὑπὸ
1296 763 1448 799 ἁμαρτίας·
1466 761 1582 798 Χριστὸς
1597 761 1618 788 δ’
1632 761 1705 788 ἐστὶν
1722 762 1735 787 ό
1749 761 1778 786 ὲν
1797 760 1867 796 Παρ-

1083 809 1186 844 οιμίαις
1205 809 1307 843 λέγων·
1326 809 1366 835 Δι’
1388 808 1461 843 ἐμοῦ
1478 807 1621 840 ,βασιλεῖς
1646 806 1864 839 ,βασιλεύουσιο

1085 854 1170 881 ταῦτα
1195 853 1271 886 εἰδὼς
1295 854 1310 881 ὁ
1341 853 1499 885 ’Δπόστολος
1522 853 1641 890 ἐγραξρε·
1670 851 1761 886 Χωρὶς
1782 850 1867 886 ἡμῶν·

254 906 314 924 num
329 897 508 931 regnaveritis,
522 901 549 922 ut
561 900 584 923 et
598 903 645 923 nos
661 896 791 923 uobiscum
807 903 991 930 conregnemus
1000 893 1032 920 ".

1085 899 1315 931 ἐϐασιλεύσατε,
1335 898 1386 925 καί
1407 898 1518 933 ὄφελόν
1529 906 1562 932 τε
1578 897 1804 927 ἐϐασιλεύσατε,
1817 895 1867 922 Ira

254 943 390 978 Quoniam
413 951 478 979 ergo
499 944 541 970 his
552 943 666 970 salutem
692 943 762 970 Deus
786 942 910 977 largitur.
937 942 1034 972 merito

253 991 303 1025 ipsi
320 997 429 1024 quoque
446 989 540 1016 Davidi
557 996 633 1024 spem
658 989 755 1015 bonam
780 988 918 1016 oraculum
936 989 1032 1023 injicit,

253 1037 311 1064 fore
325 1040 383 1063 uta
401 1035 532 1069 peccatis.
551 1035 576 1061 in
589 1042 649 1069 quae
668 1034 813 1069 aliquando
829 1029 938 1068 cecidit,
964 1035 1035 1062 redi-

252 1087 353 1109 matur.
383 1081 450 1109 Nam
476 1081 556 1108 Verbi
585 1080 630 1108 Dei
656 1081 802 1108 descensus
818 1080 912 1108 Davidi
929 1088 1035 1115 quoque

252 1136 312 1154 cum
341 1127 403 1155 aliis
425 1127 562 1155 beneﬁcus
578 1127 695 1160 exstitit,
715 1127 761 1162 qni
780 1127 916 1155 nativitati
934 1127 991 1162 ejus
1007 1127 1033 1154 in

252 1181 334 1201 carne
346 1173 479 1200 inserriit.

255 1261 336 1289 \‘sns.
362 1261 402 1288 l0.
426 1261 479 1294 Qui
498 1261 602 1288 redimit
628 1261 754 1288 Davidem
776 1271 878 1289 servum
907 1272 984 1292 suum
1003 1266 1034 1293 de

529 1296 618 1331 gladio
633 1296 758 1331 maligno.

289 1341 402 1369 Gladius
421 1341 567 1377 malignus,
583 1342 674 1377 lingua
702 1348 743 1370 cst
765 1344 917 1377 alheorum,
932 1351 958 1373 et
973 1347 1033 1374 illo-

254 1395 313 1414 rum
329 1395 468 1415 sermones
483 1388 527 1421 qui
552 1389 718 1422 sophismata
741 1390 870 1418 adversus
890 1391 972 1419 Deum
987 1399 1036 1419 ex-

254 1433 384 1467 cogitant,
401 1437 431 1459 ut
447 1434 553 1460 animas
576 1434 751 1462 interﬁciant.
775 1435 869 1463 Manus
898 1443 986 1464 autem
1004 1438 1035 1464 li-

255 1478 351 1505 liorum
367 1478 530 1511 alienorum,
561 1483 637 1506 actus
660 1485 722 1506 sunt
745 1485 773 1508 et
796 1482 849 1507 vita
868 1482 973 1509 illorum
988 1483 1033 1516 qui

257 1523 303 1550 Dei
319 1523 391 1551 cultu
406 1524 485 1551 alieni
502 1529 584 1556 sunt;
598 1532 711 1559 quorum
728 1534 758 1553 os
775 1526 907 1554 fabulosis
922 1528 1034 1563 ﬁgmen-

1085 945 1135 972 καί
1150 945 1236 979 ἡμεῖς
1253 945 1323 979 ὑμῖν
1340 944 1644 979 συμϐασιλεύσωμενθ
1660 943 1721 970 ἐπεὶ
1743 940 1788 969 οὖν
1804 941 1867 968 τού-

1083 999 1140 1022 τοις
1155 990 1295 1026 χαρίξεται
1309 991 1324 1017 ό
1339 989 1405 1021 Θεὸς
1420 989 1469 1024 τὴν
1486 988 1634 1025 σωτηρίαν,
1647 988 1759 1019 εἰκότως
1771 987 1817 1014 καί¹
1828 986 1867 1022 τῷ

1084 1035 1164 1062 Δαυῒδ
1177 1036 1281 1070 ἀγαθὰς
1302 1035 1413 1067 ἐλπίδας
1428 1035 1579 1070 ὑπογράφει
1596 1034 1627 1061 τὺ
1640 1034 1744 1068 λόγιον,
1764 1033 1802 1065 ὡς
1822 1033 1868 1060 λυ-

1083 1081 1284 1117 τρωθησομένῳ
1302 1082 1347 1116 ἀφ’
1365 1079 1402 1109 ὢν
1425 1081 1533 1108 πώποτε
1552 1080 1694 1108 πέπτωκεν
1709 1079 1866 1115 ἁμαρτιῶνο

1083 1128 1099 1163 ὴ
1115 1127 1169 1163 γὰρ
1184 1127 1296 1159 κάθοδος
1312 1127 1359 1154 τοῦ
1374 1127 1442 1154 Θεοῦ
1458 1127 1544 1162 Λόγου
1561 1126 1632 1162 μετὰ
1649 1126 1702 1152 τῶν
1715 1125 1801 1152 ἀλλων
1820 1126 1868 1152 καὶ

1084 1172 1122 1208 τῷ
1137 1171 1396 1207 Δαυίδηεὺεργητικὴ
1410 1171 1565 1207 γεγένηται,
1581 1171 1628 1197 ἆτε
1647 1169 1868 1205 διακονησαμένῳ

1083 1219 1116 1253 τῇ
1134 1217 1258 1252 ὲνσάρκῳ
1270 1217 1351 1244 αὐτοῦ
1368 1217 1481 1251 γενέσει.

1088 1263 1129 1296 Τῷ
1143 1263 1334 1298 λυτρουμένφ
1349 1262 1439 1301 Δαοῒδ
1452 1262 1503 1288 τὸν
1517 1261 1629 1301 δοῦλον
1645 1260 1737 1288 αὑτοῦ
1751 1260 1785 1287 ἐκ
1794 1260 1868 1294 ,ῥομ-

1348 1298 1440 1332 φαίας
1457 1298 1600 1330 πονηρᾶς.

1126 1343 1260 1379 Ῥομφαία
1273 1343 1379 1379 πονηρὰ
1400 1345 1416 1379 ἡ
1435 1343 1543 1377 γλῶττά
1559 1343 1616 1368 ἐστι
1631 1342 1684 1368 τῶν
1705 1340 1802 1372 ἀθέων,
1821 1341 1867 1367 καὶ

1084 1390 1109 1416 οἱ
1122 1389 1196 1424 λόγοι
1211 1389 1263 1416 τῶν
1276 1389 1310 1416 τὰ
1333 1390 1485 1424 σοφίσματα
1500 1388 1569 1415 κατὰ
1591 1388 1637 1415 τοῦ
1656 1387 1723 1414 Θεοῦ
1740 1386 1868 1422 μελετών-

1084 1444 1138 1463 των
1158 1436 1196 1467 είς
1209 1434 1240 1461 τὸ
1257 1434 1378 1469 φονεύειν
1391 1433 1490 1469 ψυχάς·
1512 1434 1571 1469 χεὶρ
1584 1433 1611 1459 δὲ
1625 1432 1690 1459 υἱῶν
1710 1431 1865 1467 ἀλλοτρίων,

1086 1479 1183 1516 πρᾶξις
1199 1479 1246 1507 καὶ
1260 1480 1274 1506 ό
1287 1480 1341 1515 βίος
1355 1479 1408 1506 τῶν
1427 1479 1573 1515 ἀλλοτρίων
1589 1479 1639 1514 τῆς
1653 1477 1816 1508 θεοσεϐείας,
1829 1474 1867 1503 ὧν

1086 1527 1114 1553 ὲν
1135 1527 1228 1562 μύθοις
1245 1526 1437 1561 ἀναπλάσμασι
1453 1525 1499 1552 καὶ
1512 1526 1572 1556 ταῖς
1587 1525 1651 1560 περὶ
1665 1523 1781 1550 εἰδώλων
1801 1521 1868 1549 πλά-

257 1570 291 1597 Iis
306 1574 333 1597 et
348 1570 480 1598 idolorum
505 1571 645 1599 erroribus
669 1571 951 1606 loquitur‘vanitates.
981 1574 1034 1601 llo-

1085 1581 1143 1604 ναις
1155 1572 1186 1598 τὸ
1201 1572 1287 1608 στόμα
1300 1571 1376 1598 λαλεῖ
1395 1572 1576 1606 ματαιότητας
1586 1578 1592 1584 “
1606 1570 1707 1596 τούτων
1721 1570 1750 1596 δὲ
1767 1569 1812 1596 καὶ
1823 1569 1867 1595 δε-

256 1623 314 1642 rum
330 1617 411 1643 etiam
427 1617 548 1650 dextera,
564 1617 589 1643 id
603 1621 645 1645 est
660 1618 701 1644 vis
715 1619 864 1652 operosior,
881 1620 993 1646 avaritia
1009 1625 1036 1646 et

257 1661 358 1695 rapinis
373 1667 530 1696 occupatur.
545 1662 706 1696 Huiusmodi
728 1669 806 1690 erant
831 1665 929 1698 prioris
946 1665 1035 1700 populi

256 1706 390 1739 homines,
405 1706 482 1733 sicuti
499 1707 600 1734 dictum
614 1712 665 1735 est.
683 1708 721 1735 Ex
739 1708 847 1742 hisjatn
861 1718 931 1736 nunc
949 1711 1036 1737 denuo

255 1757 316 1778 nrat
343 1751 426 1779 David
452 1760 482 1780 se
505 1753 583 1788 eripi,
609 1761 642 1780 ne
662 1754 718 1788 pari
742 1760 912 1789 peccatorum
938 1763 1036 1791 genere

257 1797 405 1825 irretiatur.

257 1843 339 1870 Vens.
354 1843 398 1871 12.
421 1844 540 1886 Quorum
563 1845 613 1886 ﬁlii
638 1845 705 1872 sicut
732 1845 840 1873 novella:
861 1846 1036 1880 plantationes

521 1888 548 1907 ιιι
563 1886 699 1915 Juuntute
715 1889 773 1908 sua.

291 1923 348 1951 Non
365 1924 464 1959 prioris
480 1927 665 1953 tantummodo
676 1927 763 1960 populi
782 1927 842 1959 lilii,
859 1928 905 1954 sed
916 1928 1036 1955 omnium

255 1978 270 1998 a
292 1970 338 1998 Dei
352 1970 426 1998 cultu
443 1971 606 2003 alienorum,
623 1979 673 1999 ceu
690 1980 766 1999 nova:
779 1973 962 2007 plantationes
975 1977 1038 2001 sunt

257 2016 283 2043 in
296 2015 437 2049 iuventute
451 2023 510 2043 sna.
526 2015 595 2043 .lusti
610 2021 699 2043 autem
719 2018 835 2044 hominis
851 2025 914 2044 caro
929 2018 1037 2045 inﬁrma

255 2065 306 2092 est,
322 2064 349 2087 et
370 2059 429 2093 ejus
448 2061 545 2088 mentis
566 2060 653 2088 fastus
672 2066 823 2089 emortuus.
851 2061 969 2094 Illorum,
991 2062 1036 2097 qui

255 2109 290 2135 de
314 2108 520 2136 circumcisione
550 2114 624 2141 sunt,
652 2110 714 2137 liae
743 2117 850 2145 quoque
883 2111 1037 2139 meretricio

256 2160 331 2180 more
347 2157 410 2180 sunt
426 2158 574 2186 exornata).
588 2155 622 2181 ad
644 2155 734 2189 templi
756 2155 898 2190 imaginem
915 2156 960 2184 ubi
983 2157 1037 2191 spi-

257 2199 324 2225 ritus
340 2199 425 2226 malus
440 2199 581 2226 inhabitat.
597 2199 659 2227 Ideo
672 2200 707 2228 de
721 2200 774 2228 illis
796 2201 862 2228 dicit
885 2202 1013 2237 propheta
1027 2211 1034 2230 :

1088 1617 1141 1649 ξιὰ,
1154 1617 1289 1644 τουτέστιν
1303 1618 1319 1653 ἡ
1334 1617 1544 1652 πρακτικωτέρα
1562 1615 1684 1651 δύναμις,
1700 1615 1763 1650 περὶ
1775 1615 1868 1641 πλεον-

1087 1664 1160 1697 εξίας
1188 1663 1236 1690 καὶ
1260 1663 1386 1699 ἁρπαγὰς
1406 1662 1567 1697 ἀσχολεῖται.
1582 1661 1703 1688 Τοιοῦτοι
1722 1661 1744 1687 δ’
1765 1661 1797 1687 ἂν
1815 1658 1868 1687 εἶεν

1087 1710 1133 1735 καὶ
1150 1710 1174 1735 οί
1194 1710 1226 1736 ὲκ
1241 1709 1288 1736 τοῦ
1308 1709 1440 1744 προτέρου
1461 1708 1535 1740 λαοῦ,
1559 1708 1618 1734 καθ’
1637 1707 1655 1734 ἃ
1675 1707 1795 1742 εἴρηται·
1816 1706 1869 1732 ἀπὺ

1086 1755 1187 1782 τούτων
1195 1753 1241 1781 οὖν
1251 1755 1297 1782 ἐπὶ
1306 1754 1351 1781 τοῦ
1363 1755 1494 1790 παρόντος
1502 1754 1550 1790 ήδη
1561 1753 1684 1788 δεύτερον
1697 1754 1711 1779 ὁ
1726 1751 1805 1778 Δαυῖδ
1822 1753 1869 1787 ῥυ-

1088 1801 1183 1837 σθῆναι
1197 1800 1314 1836 εῦχεται,
1324 1801 1366 1827 ἵνα
1379 1800 1415 1836 μὴ
1423 1800 1478 1836 ἁλῷ
1489 1801 1544 1831 τοῖς
1553 1799 1655 1835 ὁμοίοις
1666 1799 1868 1834 ἁμαρτήμασιν.

1086 1845 1142 1874 Ὧν
1160 1849 1186 1874 ol
1209 1847 1267 1873 υἱοὶ
1282 1846 1322 1879 ὡς
1339 1845 1628 1908 νεόφιξὲτέἕυμένα
1646 1845 1681 1871 ἐν
1695 1843 1733 1878 τῇ
1753 1843 1870 1876 νεότητι

1122 1929 1176 1956 Τοῦ
1190 1929 1322 1965 προτέρου
1334 1927 1399 1955 λαοῦ
1412 1928 1437 1954 οἱ
1448 1927 1500 1953 υἱοὶ
1513 1927 1543 1953 οὺ
1561 1926 1650 1961 μόνον,
1663 1925 1730 1952 ἀλλὰ
1746 1925 1791 1951 καὶ
1806 1924 1870 1950 πάν-

1085 1983 1139 2001 των
1151 1974 1205 2000 τῶν
1219 1973 1365 2009 ἀλλοτρίων
1387 1973 1437 2007 τῆς
1451 1971 1603 2002 θεοσεὸείας
1618 1971 1656 2002 ὡς
1669 1969 1785 2003 νεόφυτὰ
1798 1969 1870 1995 ἔστιν

1088 2019 1217 2055 ἱδρυμένα
1239 2020 1268 2045 ὲν
1296 2019 1328 2054 τῇ
1352 2018 1457 2052 νεότητι
1478 2016 1581 2043 αὐτῶν·
1608 2015 1655 2041 τοῦ
1678 2014 1706 2041 δὲ
1727 2014 1832 2041 δικαίου
1850 2014 1867 2048 ἡ

1087 2064 1156 2100 σάρξ
1170 2066 1244 2092 ἐστιν
1262 2064 1387 2099 ἀσθενὴς,
1405 2064 1450 2090 καὶ
1467 2063 1497 2089 τὸ
1513 2061 1640 2098 φρόνημά
1663 2062 1721 2088 ἐστι
1738 2068 1870 2094 νενεκρω-

1089 2110 1184 2146 μένον·
1201 2110 1302 2137 τούτων
1322 2110 1377 2137 τῶν
1396 2110 1428 2136 in
1450 2108 1600 2145 περιτομῆς
1616 2108 1663 2134 καὶ
1679 2107 1707 2133 αι
1724 2106 1870 2141 Θυγατέρες

1087 2156 1231 2192 ἑταιρικῶς
1252 2156 1306 2183 είσι
1327 2155 1531 2191 κεκοσμημέναι
1554 2155 1591 2186 ὡς
1612 2154 1739 2190 ὁμοίωμα
1758 2153 1822 2180 ναοῦ
1842 2153 1870 2179 ὲν

1086 2198 1108 2236 ᾧ
1126 2202 1242 2238 πονηρὸν
1262 2201 1370 2237 πνεῦμα
1391 2202 1505 2228 ενοικεῖ-
1522 2201 1562 2228 διό
1583 2209 1649 2235 φησι
1670 2200 1733 2236 περὶ
1748 2198 1837 2226 αὐτῶν
1856 2199 1871 2224 ό

255 2244 400 2275 Propterea
426 2244 589 2272 incesserunt
612 2246 676 2279 lilia!
699 2245 786 2273 Siom's
812 2251 898 2274 erecto
919 2248 996 2280 collo,
1010 2253 1034 2275 et

1086 2247 1243 2284 προφήτης·
1274 2247 1344 2274 Ἀνθ“
1367 2242 1410 2273 ὧν
1432 2245 1639 2280 ἐπορεύθησαν
1662 2244 1691 2270 αἱ
1714 2241 1871 2277 θυγατέρες

255 2298 314 2317 cum
337 2291 441 2319 nutibus
464 2292 602 2319 oculorum
614 2293 647 2325 ⁸³,
660 2297 687 2320 et
700 2293 814 2327 reliqua.
839 2293 931 2321 Sancti
945 2299 1035 2321 autem

256 2335 379 2364 homines
395 2337 521 2372 templum
538 2338 584 2365 Dei
600 2343 672 2370 sunt,
693 2343 720 2365 et
741 2339 787 2366 Dei
805 2339 915 2374 spiritus
931 2339 957 2366 in
972 2339 1037 2373 ipsis

255 2381 399 2410 inhabitat.
416 2382 449 2409 Et
464 2382 570 2410 illorum
594 2384 702 2418 quidem
714 2383 852 2411 abundant
873 2384 1038 2411 redundant-

255 2434 308 2460 que
321 2434 421 2458 penora
437 2427 679 2455 thesaurisantium
695 2428 720 2455 in
738 2433 809 2455 terra
824 2432 852 2455 et
867 2428 1014 2455 dicentium
1028 2434 1036 2456 :

255 2473 394 2500 Destruam
411 2472 506 2500 horrea
518 2481 576 2501 mea
588 2478 611 2500 et
625 2473 754 2505 ampliora
775 2473 912 2508 aediﬁcabo
929 2473 971 2507 ⁶³;
988 2474 1037 2500 llo-

255 2527 314 2546 l'llll'l
330 2524 423 2547 contra
439 2521 584 2548 thesaurus
596 2520 623 2547 in
638 2521 708 2547 coelo
721 2525 772 2547 est.
787 2520 894 2547 Illorum
917 2527 982 2547 oves
999 2519 1038 2546 l's-

255 2567 350 2594 cunde
359 2573 391 2594 ac
402 2574 564 2598 numerosae,
580 2567 715 2601 bovesque
731 2566 826 2598 crassi.
843 2566 995 2600 cuiusmodi
1010 2566 1036 2593 in

247 2609 361 2645 'IEgypti
373 2612 506 2646 ubertate.
516 2619 613 2647 nempe
627 2611 666 2640 illi
674 2612 786 2647 pulchra
795 2612 884 2647 specie
893 2616 920 2639 et
931 2611 1038 2639 eximiis

255 2656 382 2684 carnibus
395 2665 463 2691 quos
474 2657 539 2685 vidit
548 2657 666 2686 Pharao.
677 2659 728 2686 Sed
736 2658 802 2692 justi
817 2657 868 2685 viri
876 2657 946 2685 ovile
956 2664 1038 2692 puras

256 2699 372 2733 animas,
389 2708 416 2729 et
429 2704 514 2732 bonas
537 2712 569 2731 ac
590 2705 735 2732 rationales
753 2713 818 2732 oves
837 2705 1036 2739 complectitur.

1086 2293 1164 2320 Σιὼν
1181 2293 1215 2320 ἐν
1229 2291 1338 2327 ὑψηλῷ
1350 2292 1489 2327 τραχήλῳ
1500 2292 1548 2318 καὶ
1563 2291 1597 2317 ὲν
1607 2291 1753 2324 νεύμασιν
1766 2289 1872 2322 ὀφθαλ-

1084 2339 1160 2373 μῶν,
1170 2339 1217 2365 καὶ
1230 2338 1264 2365 τὰ
1280 2338 1343 2374 ἑξῆς
1352 2347 1358 2354 ·
1374 2339 1398 2365 οἱ
1411 2338 1439 2364 δὲ
1454 2337 1526 2372 amt
1551 2336 1612 2367 ναός
1625 2337 1677 2362 εισι
1690 2334 1768 2366 Θεοῦ,
1783 2333 1828 2360 καὶ
1842 2332 1872 2359 τὸ

1088 2383 1196 2420 πνεῦμα
1206 2383 1252 2410 τοῦ
1262 2383 1328 2411 Θεοῦ
1343 2384 1414 2413 οἰκεῖ
1426 2384 1456 2410 ὲν
1470 2383 1575 2414 αὐτοῖς·
1588 2381 1634 2408 καὶ
1646 2380 1700 2407 τῶν
1716 2379 1764 2415 μὲν
1778 2386 1871 2414 περιτ-

1088 2430 1161 2457 τεύει
1174 2430 1222 2457 καὶ
1238 2431 1351 2465 ὑπερχεῖ
1366 2429 1400 2456 τὰ
1415 2430 1515 2464 ταμεία
1528 2427 1744 2463 θησαυριζόντων
1760 2425 1806 2452 ἐπὶ
1823 2424 1871 2459 τῆς

1089 2476 1150 2512 γῆς’
1173 2476 1221 2503 καὶ
1242 2476 1384 2510 λεγόντων,
1398 2473 1517 2502 Καθελῶ
1529 2482 1588 2507 μου
1601 2473 1655 2505 τὰς
1664 2471 1816 2506 ἀποθήκας
1824 2469 1871 2496 καί

1087 2521 1223 2556 μείζονας
1232 2520 1428 2555 οίκοδομήσωη
1442 2519 1496 2546 τῶν
1513 2519 1541 2545 δὲ
1561 2519 1576 2544 ὸ
1599 2517 1734 2554 θησαυρός
1757 2517 1830 2543 ἐστιν
1843 2517 1871 2542 ὲν

1091 2567 1197 2604 οὐρανῷ
1206 2575 1213 2582 ”
1226 2567 1273 2594 καὶ
1286 2566 1339 2593 τῶν
1355 2566 1404 2601 μὲν
1416 2565 1473 2592 ἔστι
1488 2564 1611 2600 πρόᾶατα
1629 2563 1763 2592 πολύτοκα
1775 2561 1862 2598 πληθύ

1090 2622 1180 2646 νοντα,
1194 2613 1241 2640 καὶ
1259 2612 1319 2648 βόες
1340 2613 1445 2647 παχεῖς,
1458 2612 1546 2638 ὁποῖοι
1567 2612 1616 2646 τῆς
1636 2610 1772 2644 Αἰγύπτου
1789 2608 1872 2643 εὐθη-

1090 2660 1148 2691 νίας
1159 2668 1166 2674 ·
1187 2658 1264 2685 καλοὶ
1288 2658 1342 2694 γὰρ
1355 2657 1396 2693 τῷ
1413 2657 1476 2684 εῖδει
1491 2657 1538 2684 καὶ
1559 2656 1681 2687 ἐκλεκτοὶ
1703 2656 1762 2686 ταῖς
1778 2653 1872 2689 σαρξὶν

1090 2703 1160 2741 ἦσαν
1172 2705 1220 2737 οὓς
1232 2702 1301 2731 εῐδεν
1312 2706 1327 2732 ὁ
1339 2703 1447 2739 Φαραὼ·
1463 2703 1510 2730 τοῦ
1524 2703 1552 2731 δὲ
1563 2703 1666 2733 δικαίου
1680 2703 1697 2737 ἡ
1709 2701 1810 2737 ποίμνη
1820 2699 1872 2734 ψυ-

256 2746 307 2782 χὰς
321 2747 475 2782 ἀκεραίους,
490 2752 536 2777 καὶ
549 2751 639 2785 ἀγαθὰ
652 2752 699 2778 καὶ
715 2751 811 2785 λογικὰ
833 2751 956 2786 πρόϐατα
978 2751 1184 2787 ἐμπεριείληφε.

291 2804 314 2819 ’⁵⁸
329 2803 475 2836 llebrmu.
490 2807 532 2835 15.
570 2809 593 2824 ⁸⁸
608 2808 678 2836 Psal.
694 2817 756 2841 xcv,
774 2809 799 2835 l.

855 2809 877 2825 ‘°
895 2808 976 2835 Prov.
994 2815 1053 2841 vm,
1068 2809 1111 2836 l5.

1150 2809 1169 2824 ⁶“
1187 2808 1271 2835 lCor.
1285 2816 1321 2842 tv,
1337 2807 1363 2834 8.
1403 2807 1424 2823 θ’
1444 2807 1549 2838 lsa.u|,
1567 2806 1609 2833 l6.
1647 2805 1669 2820 θ’
1687 2804 1752 2832 Luc.
1766 2811 1814 2837 xu,
1826 2803 1869 2831 i8.

292 2860 347 2895 (19)
362 2860 464 2890 Videsis
477 2863 577 2892 Nicone
592 2864 735 2894 Serrarum
752 2865 870 2901 episcopi
885 2860 1045 2901 prouimium
1063 2874 1077 2893 a
1094 2866 1172 2894 nobis
1187 2865 1287 2894 editum
1301 2865 1334 2894 ad
1347 2869 1470 2893 catenam
1486 2864 1511 2891 in
1528 2862 1656 2891 Psalmos.
