2059 3215
169 197 199 226 5⁸1
729 168 961 224 ΕΟΜΜΙΞΝΤΑΒΙ,

1012 195 1033 224 Ν
1053 196 1223 225 PSALMOS.
1759 196 1794 224 58

201 255 254 282 Του
276 253 407 290 [δικαίου]
424 254 475 290 μὲν
493 254 538 282 διὰ
560 254 591 282 τὸ
616 254 759 289 φοδεϊσθαι
780 254 826 281 τὸν
842 254 954 291 Κύριον,

1043 254 1113 283 Justi
1126 255 1188 288 viri,
1202 258 1346 290 propterea
1361 253 1433 288 quod
1455 253 1598 280 Dotninum
1619 252 1705 284 timet,
1723 251 1792 280 beati

169 301 296 338 μακάριοι
322 303 347 328 οἱ
364 302 430 334 υἱοὶ,
439 300 504 327 ὡσεὶ
519 300 637 335 νεόφυτά
658 302 726 327 εἰσιν
746 300 844 327 ἐλαιῶν
864 300 956 337 κύκλῳ

170 349 220 382 τῆς
235 346 378 382 τραπέζης
392 346 475 373 αὐτοῦ
487 355 494 362 ο
510 346 564 373 τῶν
578 346 606 373 δὲ
625 346 772 382 ἀλλοτρίων
796 347 820 372 οἱ
848 347 900 373 υἱοὶ
919 346 958 378 ὼς

170 391 283 426 νεόφυτα
297 389 428 426 ἱδρυμένα
445 391 474 417 ὲν
484 392 517 426 τῇ
531 391 637 426 νεότητι
654 390 753 417 αὐτῶν.
769 391 895 427 Κάκείνῳ
908 391 957 426 μὲν

169 438 218 464 οὐκ
231 438 284 463 εισι
302 436 469 472 θυγατέρες·
492 436 597 468 τούτοις
613 436 641 463 δέ
665 437 716 463 εισι
732 436 957 471 κεκαλλωπισμέ-

169 489 223 513 ναι,
243 481 515 517 περικεκοσμημέναι
528 481 566 513 ὡς
587 481 713 517 ὁμοίωμα
736 481 818 509 ναοῦ·
840 482 957 517 κάκείνῳ

171 527 219 562 μὲν
234 528 303 554 είσὶν
321 526 375 553 υἱοὶ
388 525 465 558 υἱῶν,
481 525 586 558 τούτοις
599 526 626 553 δὲ
645 526 704 562 οὐχί
716 535 723 541 ι
739 526 779 553 ἔτι
796 526 892 562 ἐκείνῳ
909 526 958 561 μὲν

114 581 118 585 '
168 571 259 598 οὐκέτι
280 572 392 607 ταμεῖον
412 571 472 598 οὐδὲ
491 571 632 606 ἀποθήκη·
647 571 750 598 τούτων
763 571 791 598 δὲ
804 571 838 598 τὰ
859 573 958 607 ταμεῖα

169 617 260 653 πλήρη
276 617 478 652 ἑξερευγόμενα
497 617 530 643 ὲκ
546 617 642 644 τούτου
657 618 698 648 εἰς
711 616 806 644 τοῦτο·
821 618 867 644 καὶ
888 617 958 644 κατὰ

169 664 199 690 τὸ
219 663 383 698 Εὐαγγέλιον
398 663 426 689 δὲ
441 664 497 695 τοῖς
510 662 689 699 τρεφομένοις
705 663 758 690 ὑπὸ
773 662 819 690 τοῦ
833 663 958 699 οὐρανίου

171 710 278 745 Πατρὸς
299 710 433 741 πετεινοῖς
457 708 504 735 τοῦ
521 709 636 744 οὐρανοῦ
659 709 751 735 οὐκέτι
773 710 884 745 ταμεῖον
899 709 960 736 οὐδὲ

169 756 305 792 ἀποθήκη.
328 755 388 782 Υίολ¹
403 756 428 782 οί
445 755 581 791 σίρετικοὶ
607 755 692 789 λόγοι,
716 756 764 782 καὶ
782 755 817 782 τὰ
838 756 959 792 νοήματα

169 802 207 835 ὡς
223 802 350 836 νεόφυτα,
365 801 410 828 διά
425 801 474 837 τὴν
497 801 672 837 καινοτομίαν
683 810 689 816 ·
712 801 861 838 Θυγατέρες
875 803 903 829 αἱ
917 803 961 829 λὲς

171 848 225 880 ξεις
235 856 243 864 ’
257 847 512 883 κεκαλλωπισμέναι
523 847 552 873 δὲ
563 847 606 874 διὰ
617 847 667 884 τὴν
681 848 791 883 φράσιν,
805 849 868 875 ναὸν
883 846 959 876 οὖσαι

169 893 217 920 τοῦ
233 894 318 930 φρονή
322 901 415 929 ματος.

256 940 317 967 οὐκ
331 938 398 966 ἔστι
412 938 592 973 κατάπτωμα
607 939 752 974 φραγμοῦ,
771 948 798 966 κ.
811 948 837 965 τ.
850 939 875 966 λ.

204 986 259 1014 Καὶ
276 986 306 1012 ἐν
329 985 370 1021 τῷ
389 985 447 1012 ’1ὼὸ
469 985 592 1021 εῐρηται·
610 985 662 1012 Διὰ
682 986 711 1012 τί
727 985 845 1018 ἀσεϐεῖς
875 984 959 1017 ζῶσι,

171 1031 394 1059 πεπαλαίωνται
411 1030 444 1057 δὲ
464 1031 513 1057 καὶ
531 1031 567 1057 ἐν
578 1031 716 1064 admitto;
732 1031 779 1058 καὶ
795 1031 829 1058 τὰ
846 1030 958 1066 ἑφεξῆς·

172 1077 241 1113 πλὴν
254 1077 389 1113 ἐπιφέρει·
402 1078 443 1104 οὐ
449 1077 512 1112 μὴν
519 1077 569 1104 καὶ
585 1076 702 1104 ἀσεϐῶν
708 1077 823 1112 λύχνος
837 1077 962 1110 σϐεσθῆ-

171 1131 268 1150 σεται.
284 1122 338 1149 Καὶ
355 1121 587 1158 ὲνέσδομηκοστῷ
601 1121 718 1157 δευτέρῳ
729 1121 829 1157 ψαλμῷ
840 1121 959 1156 λέγεται-

179 1167 327 1201 Ἐζήλωσα
344 1167 394 1194 ἐπι
411 1167 474 1200 τοῖς
490 1168 624 1202 ἀνόμοις,
638 1167 762 1202 εὶρήνην
781 1166 962 1202 ἁμαρτωλῶν

171 1213 296 1249 θεωρῶν,
312 1214 359 1240 καὶ
372 1213 406 1240 τὰ
424 1212 496 1249 ἑξῆς·
515 1209 553 1240 ὧν
568 1212 614 1239 καὶ
628 1212 719 1239 αὐτῶν
732 1212 749 1247 ή
765 1211 842 1243 λύσις
862 1212 962 1246 ἐπάγε-

170 1268 215 1287 ται
227 1261 256 1286 ὲν
267 1259 317 1294 τῷ,
330 1256 393 1291 Πῶς
409 1259 533 1293 ἐγένοντο
549 1259 588 1290 εἰς
602 1258 759 1293 ὲρήμωιτινς
775 1257 890 1290 ἐξάπινα
908 1258 962 1284 ἀπ-

171 1304 270 1331 ώλοντο
283 1303 326 1330 διὰ
334 1304 383 1339 τὴν
391 1302 518 1330 ἀδουλίαν
529 1302 630 1334 αὐτῶν,
641 1302 679 1333 ὡς
692 1300 817 1328 ἐνύπνιον
829 1301 963 1336 ὲξεγειρο-

208 1355 260 1374 νων
263 1366 270 1373 ο

173 1347 270 1384 μένων.
435 1391 581 1418 ΨΑΛΜΟΣ
606 1391 693 1417 PMA'.

190 1445 193 1449 '
206 1438 275 1465 οὗτε
294 1437 328 1464 δι’
344 1437 458 1473 ὀργάνου
476 1435 524 1463 τοῦ
540 1435 709 1471 καλουμένου
728 1435 876 1471 ψαλτηρίου
891 1435 963 1463 λέλε-

173 1492 234 1511 κται
252 1484 286 1510 τά
303 1483 480 1518 προκείμενα,
501 1481 563 1508 οὔτε
584 1482 617 1508 δι’
640 1481 722 1518 ᾠδῆς,
747 1482 807 1508 καθ’
820 1482 913 1518 ἕτερον
934 1481 962 1508 δὲ

172 1530 281 1566 τρόπον,
294 1530 414 1563 Ατνεσις
427 1528 639 1564 ἐπιγέγραπται.

277 1577 347 1604 Καθ’
360 1575 494 1609 ἑκάστην
506 1575 620 1611 ἡμέραν
633 1575 791 1610 εὐλογήσω
808 1583 853 1602 σε.

214 1623 296 1658 Ἀρχὴ
323 1623 389 1659 παρ’
418 1622 554 1657 Ἑϐραίοις
578 1622 626 1649 τοῦ
652 1622 787 1659 παρόντος
814 1622 904 1657 στίχου
931 1621 962 1648 τὸ

174 1668 224 1704 μήθ
236 1668 302 1703 (i0).
314 1668 440 1696 Διδάσκει
453 1667 481 1694 δὲ
489 1669 529 1695 ὅτι
539 1669 671 1704 προσήκει
683 1668 777 1704 ὥσπερ
785 1667 963 1704 ὁφειλήνέκά-

173 1722 240 1750 στης
254 1715 360 1750 ἡμέρας
375 1714 415 1750 τῷ
433 1714 493 1750 Θεῷ
510 1714 556 1741 τὸν
576 1714 660 1751 ὕμνον
677 1714 841 1741 ἀποδιδόναι.
861 1734 868 1741 .
886 1710 965 1750 μηδεέ

174 1761 238 1794 μιᾶς
253 1760 359 1796 ἡμέρας
380 1752 419 1795 τῷ
438 1759 497 1795 Θεῷ
512 1759 596 1795 ὕμνον
618 1760 760 1796 ὀλιγωρεῖν
781 1760 829 1786 καὶ
845 1759 962 1795 ἀπολιμ-

173 1806 303 1832 πάνεσθαι
327 1806 395 1842 (21).
411 1806 520 1842 Διανοίᾳ⁸
543 1806 592 1842 μὲν
613 1803 659 1833 οὖν
674 1806 721 1832 καὶ
743 1805 898 1841 λογισμοῖς,
916 1805 963 1832 καὶ

173 1851 243 1887 αὐτῇ
262 1851 309 1878 τοῦ
324 1852 353 1878 ὲν
367 1852 434 1887 ἡμῖν
449 1851 603 1887 πνεύματος
612 1851 728 1887 δυνάμει
742 1851 824 1878 αὐτὸν
836 1851 882 1878 τδν
897 1851 964 1878 Θεὸν

173 1897 295 1932 ὑψοῦμεν
315 1897 363 1923 καὶ
376 1896 539 1931 εὐλογοῦμεν
548 1905 555 1912 ·
571 1897 673 1932 χείλεσι
688 1897 716 1923 δὲ
729 1897 776 1923 καὶ
791 1896 898 1932 θνητοῖς
915 1896 964 1932 ῥή-

176 1951 244 1978 μασι
258 1942 305 1969 τοῦ
320 1941 387 1969 Θεοῦ
406 1942 436 1968 τὸ
455 1942 539 1977 ὄνομα
560 1941 716 1977 δοξάζομεν·
736 1943 785 1969 Aet
808 1943 848 1974 σὲ,
869 1942 962 1978 φησὶν,

173 1988 268 2024 ὑμνῶν
289 1988 417 2021 διατελῶ,
443 1989 491 2015 καὶ
518 1988 648 2024 οὑδεμὶαν
675 1987 788 2024 ἄμοιρον
816 1988 888 2014 ἐάσω
913 1988 964 2023 τῆς

174 2034 321 2070 ὑμνῳδίας.
335 2034 409 2061 Ἀντὶ
427 2034 455 2061 δὲ
472 2033 529 2066 τοῦ⁷
542 2035 585 2067 εις
601 2034 655 2060 τεν
669 2033 762 2060 ultima
778 2033 830 2061 τοῦ
846 2033 963 2067 αἰῶνος,

173 2080 189 2106 ὸ
201 2080 250 2115 μὲν
271 2079 387 2112 ’Δκύλας
400 2079 503 2113 εἰσέτι,
521 2081 535 2107 ὑ
548 2080 577 2107 δὲ
596 2079 743 2116 Σύμμαχος
757 2079 902 2114 διηνεκῶς
915 2082 965 2116 ἡρ-

176 2125 324 2161 μήνευσαν.
338 2141 374 2147 ——
395 2126 541 2153 ’Δκόλουθα
556 2127 584 2154 δὲ
597 2126 687 2154 πάντα
706 2128 763 2159 τοῖς
781 2126 945 2163 προλαϐοῦσι
955 2134 962 2142 ’

175 2172 259 2199 εἰπὼν
276 2173 333 2208 γὰρ
355 2171 512 2207 εὐλογήσω
537 2173 586 2200 καὶ
609 2173 739 2207 itii-dum,
772 2172 908 2199 δείκνυσιν
926 2172 964 2204 ὼς

174 2218 250 2245 οὐδὲν
261 2218 335 2254 αὑτῷ
353 2218 531 2254 προστίθησιν
543 2219 560 2254 ή
574 2227 614 2246 πα
621 2219 645 2254 ρ’
659 2218 740 2255 ἡμῶν
751 2219 888 2254 εὐφημία’
904 2219 964 2246 ἑαυ-

1008 299 1055 326 iilii
1072 305 1198 334 tanquam
1213 299 1325 326 novella:
1340 299 1407 326 olet:
1423 302 1486 326 sunt
1498 298 1570 325 circa
1585 305 1705 324 mensam
1722 297 1792 330 ejus.

1008 345 1062 373 Sed
1078 345 1229 372 alienorum
1246 354 1260 371 ιι
1276 345 1330 372 Deo
1355 343 1495 371 hominum
1519 343 1577 375 lilii,
1601 343 1715 381 novellae
1733 347 1795 369 sunt

1008 391 1190 425 plantationes
1204 390 1231 417 in
1244 389 1388 424 iuventute
1402 396 1462 416 sua.
1482 389 1514 416 Et
1527 388 1608 423 priori
1626 388 1744 422 quidem,
1762 387 1794 414 il-

1008 435 1051 463 lis:
1068 442 1121 462 non
1137 439 1216 468 sunt;
1234 435 1277 462 his
1289 440 1379 462 autem
1402 435 1493 470 specie
1510 434 1622 469 pulchra
1645 437 1672 460 et
1692 437 1795 460 ornatus

1009 480 1095 508 instar
1113 479 1216 515 templi.
1233 479 1320 507 Priori
1333 483 1397 506 sunt
1422 478 1470 505 lilii
1485 478 1621 510 ﬁliorum;
1640 477 1682 505 his
1694 485 1795 511 nequa-

1008 533 1101 560 quam.
1111 525 1223 560 Insuper
1233 525 1316 560 priori
1333 532 1385 552 non
1401 529 1443 552 est
1457 532 1531 555 arca.
1548 531 1636 559 neque
1650 524 1794 556 horreum;

1009 571 1053 599 his
1067 575 1157 598 autem
1174 571 1359 606 promptuaria
1373 572 1425 598 hac
1442 570 1504 598 illac
1516 570 1687 605 peﬂluentia.
1702 568 1795 603 Atqui,

1009 619 1157 646 secundum
1175 616 1363 652 Evangelium,
1387 617 1449 644 caeli
1475 616 1631 644 volatilibus
1656 624 1670 643 a
1690 615 1796 643 caelesti

1010 664 1092 691 Patre
1109 664 1220 692 nutritis
1247 671 1299 691 non
1324 667 1366 691 est
1391 663 1607 698 promptuarium
1631 669 1718 696 neque
1734 662 1796 688 hor-

1010 717 1085 737 reum
1099 710 1133 738 ⁸⁸.
1147 710 1218 742 Filii,
1234 709 1421 745 intelliguntur
1448 709 1635 736 haereticorum
1647 713 1794 736 sermones,

1009 763 1162 791 eorumque
1179 760 1332 783 commenta
1356 760 1484 789 tanquam
1516 761 1592 781 novae
1617 752 1796 787 plantationes

1009 802 1044 829 ob
1076 801 1114 829 rei
1143 801 1304 829 novitatem.
1332 800 1420 834 Filiae,
1451 800 1638 834 intelliguntur
1666 798 1796 826 vocabula

1010 847 1122 882 pulchra
1138 851 1166 875 et
1177 852 1274 875 ornata
1301 847 1336 874 ad
1361 847 1537 883 loquendum,
1559 850 1586 873 et
1608 844 1689 872 veluti
1713 845 1798 871 [unus

1012 893 1150 928 templum.

1113 937 1195 966 Vsus.
1215 937 1259 965 ιι.
1280 937 1341 964 Non
1354 943 1391 964 est
1406 938 1482 964 ruina
1497 936 1628 969 maceria,
1643 941 1696 963 etc.

1047 984 1075 1011 In
1089 984 1139 1012 Joh
1156 992 1262 1019 quoque
1275 984 1393 1011 dicitur:
1416 983 1470 1011 Cur
1484 983 1556 1017 impii
1569 983 1667 1015 vivunt,
1682 982 1745 1009 etin
1758 981 1800 1009 (£—

1012 1029 1080 1056 tn'tiil
1092 1034 1276 1056 consenescunt
1293 1028 1334 1056 "ll
1351 1035 1379 1056 et
1395 1029 1509 1063 reliqua.
1528 1027 1721 1055 Verumtamen
1735 1028 1799 1054 sub-

1009 1073 1070 1109 ]icit
1083 1083 1090 1101 :
1110 1074 1225 1102 Tametsi
1237 1075 1376 1109 impiorum
1391 1074 1498 1100 lucerna
1515 1073 1696 1107 exstinguetur
1709 1073 1741 1099 “.
1766 1072 1800 1099 Et

1014 1121 1040 1148 in
1057 1121 1258 1156 septuagesimo
1270 1119 1390 1148 secundo
1402 1119 1506 1155 psalmo
1520 1127 1526 1146 :
1546 1117 1635 1146 Zelavi
1655 1126 1733 1153 super
1744 1118 1798 1145 ini-

1012 1175 1088 1202 quos,
1102 1174 1193 1200 pacem
1206 1170 1372 1200 peccatorum
1396 1164 1485 1192 videns
1500 1163 1533 1196 ⁸⁷,
1550 1168 1578 1190 et
1591 1163 1707 1197 reliqua.
1724 1163 1799 1196 Quo-

1013 1220 1073 1239 rum
1090 1211 1189 1239 solutio
1205 1211 1378 1247 subiungitur
1397 1211 1439 1238 his
1457 1209 1569 1238 verbis:
1594 1210 1734 1242 Quomodo
1759 1217 1801 1235 re-

1013 1258 1085 1286 dacti
1100 1262 1165 1286 sunt
1179 1258 1213 1285 ad
1228 1257 1425 1285 solitudinem?
1448 1255 1538 1283 subito
1560 1255 1698 1289 perierunt
1711 1254 1745 1282 ob
1760 1254 1801 1281 in-

1013 1304 1243 1333 considerantium
1280 1311 1369 1332 suam.
1399 1310 1449 1331 ceu
1481 1302 1617 1330 somnium
1647 1300 1802 1336 evigilantis

1013 1356 1105 1378 mente
1123 1350 1224 1378 deﬂuit.

1263 1394 1424 1423 PSALMUS
1443 1393 1557 1422 CXLIV.

1050 1441 1142 1477 Neque
1155 1442 1188 1469 ad
1202 1449 1334 1477 organum
1359 1449 1446 1476 neque
1475 1443 1509 1468 ad
1537 1440 1695 1476 psalterium
1714 1440 1802 1467 dictus

1014 1487 1062 1515 fuit
1078 1487 1121 1514 hic
1139 1487 1272 1522 psalmus,
1285 1494 1372 1521 neque
1391 1486 1490 1514 cantici
1509 1485 1709 1521 autcujuslibet
1722 1484 1801 1513 metri

1013 1540 1111 1560 nomen
1130 1533 1221 1567 habet,
1237 1532 1284 1560 sed
1300 1532 1371 1560 Laus
1388 1532 1554 1560 inscribitur.

1088 1578 1168 1606 Vsus.
1185 1578 1212 1606 2.
1234 1578 1287 1606 Per
1301 1579 1416 1614 singulos
1433 1579 1488 1606 dies
1504 1578 1650 1605 benedicam
1673 1578 1730 1604 tibi.

1053 1623 1160 1651 Initium
1174 1624 1245 1659 apud
1260 1623 1389 1652 Hebrmos
1403 1623 1547 1658 praesentis
1561 1623 1687 1651 versiculi
1702 1626 1744 1650 est
1757 1622 1803 1650 lit-

1014 1676 1071 1698 tera
1103 1671 1171 1698 beth.
1205 1670 1338 1698 Docemur
1367 1676 1479 1704 autem,
1508 1675 1634 1705 oportere
1673 1675 1802 1704 tanquam

1014 1717 1230 1751 uniuscujusque
1247 1716 1300 1743 diei
1316 1716 1448 1749 debitum,
1474 1717 1605 1752 hymnum
1627 1716 1681 1743 Deo
1702 1715 1804 1750 persol-

1013 1770 1088 1795 vere,
1103 1762 1186 1794 nullo,
1204 1762 1324 1797 inquam,
1340 1762 1383 1790 die
1396 1762 1568 1798 hymnodiam
1585 1762 1705 1789 divinam
1719 1760 1804 1796 negli-

1014 1815 1077 1844 gere
1094 1812 1139 1835 aut
1153 1808 1293 1835 omittere.
1309 1808 1341 1835 Et
1353 1813 1444 1835 mente
1466 1808 1587 1844 quidem,
1613 1812 1640 1835 et
1662 1806 1805 1841 cogitatio-

1014 1855 1107 1888 nibus,
1134 1858 1163 1881 et
1187 1854 1244 1889 ipsa
1266 1854 1380 1889 spiritus
1400 1854 1425 1882 vi
1451 1854 1534 1882 Deum
1550 1853 1705 1881 extollimus
1723 1856 1804 1887 atque

1016 1900 1160 1928 laudamus
1174 1909 1180 1927 :
1196 1900 1276 1928 labiis
1290 1908 1356 1927 vero
1375 1905 1403 1927 et
1415 1900 1547 1935 perituris
1569 1899 1661 1926 verbis
1683 1897 1731 1926 Dei
1755 1905 1805 1924 no-

1016 1952 1077 1973 men
1097 1945 1294 1981 gloriilcamus.
1311 1945 1360 1978 Te,
1378 1945 1477 1980 inquit,
1501 1952 1610 1981 semper
1628 1944 1737 1980 hymnis
1759 1952 1805 1972 ce-

1019 1991 1107 2024 lebro,
1123 1991 1279 2026 nullamque
1303 1991 1374 2018 diem
1402 1991 1505 2026 absque
1528 1991 1672 2027 hymnodia
1696 1995 1806 2026 praeter-

1017 2037 1104 2065 mitto.
1120 2035 1179 2065 lam
1198 2044 1246 2072 pro
1262 2037 1364 2070 verbis,
1381 2037 1409 2064 in
1428 2045 1479 2064 saec
1488 2036 1562 2064 ulum
1589 2036 1691 2069 sa'cult,
1708 2036 1804 2072 Aquila

1015 2083 1211 2118 interpretatus
1229 2087 1284 2116 est,
1298 2091 1380 2119 usque
1393 2083 1491 2116 adhuc,
1512 2083 1694 2118 Symmachus
1715 2088 1805 2110 autem

1015 2129 1188 2157 continenter.
1202 2144 1238 2149 -—
1248 2128 1352 2156 Cuncta
1368 2133 1459 2156 autem
1474 2133 1657 2156 consentanea
1674 2133 1739 2156 sunt
1753 2128 1807 2164 pri-

1014 2174 1118 2202 oribus.
1135 2174 1202 2202 Nam
1216 2182 1278 2202 cutn
1307 2175 1417 2208 dixerit,
1435 2174 1552 2202 laudabo
1571 2179 1598 2202 et
1616 2174 1751 2206 exaltabo,
1768 2174 1806 2202 si-

1015 2220 1126 2256 gniticet
1143 2219 1209 2248 nihil
1224 2220 1278 2248 Deo
1291 2220 1353 2248 addi
1373 2228 1388 2248 a
1413 2221 1518 2249 nostris
1538 2221 1672 2248 laudibus.
1696 2219 1807 2248 Nosmet

175 2264 238 2296 τοὺς
253 2264 283 2291 δὲ
305 2264 515 2300 λαμπρύνομεν,
533 2262 608 2291 αἶνον
625 2264 654 2291 δὲ
673 2265 713 2296 είς
727 2264 772 2290 τὸν
791 2262 865 2291 αῐνον
886 2272 961 2299 προσ

1018 2267 1108 2301 potius
1132 2265 1313 2298 illustramus.
1339 2267 1403 2294 dum
1424 2266 1532 2294 laudem
1558 2267 1638 2294 laude
1664 2267 1807 2294 connecti-

176 2308 294 2344 άγοντες.

252 2356 305 2382 Καὶ
321 2355 358 2391 τῇ
371 2356 549 2390 δικαιοσύνη
563 2363 622 2383 σου
637 2355 884 2390 ἀταλλιάσονται.

212 2401 262 2427 Διά
282 2401 382 2429 τούτων
400 2402 523 2430 διδάσκει
543 2402 591 2428 τοῦ
608 2401 676 2428 Θεοῦ
699 2401 748 2433 τὰς
767 2402 878 2437 ἀρετὰς,
903 2401 964 2428 ὅσαι

177 2447 218 2478 εἰς
233 2447 306 2482 ἡμᾶς
322 2447 468 2483 διήκουσιν,
486 2448 533 2483 ἀφ’
550 2444 589 2474 ὧν
609 2448 690 2474 αὑτὸν
711 2448 758 2474 καὶ
777 2447 962 2483 γνωρίζομενο

177 2491 227 2524 τάς
241 2492 296 2528 γὰρ
313 2493 380 2529 ὑπὲρ
390 2495 462 2529 ἡμᾶς
478 2493 652 2530 ἀθεωρήτους
664 2494 730 2529 ἡμῖν
743 2493 826 2525 οὔσας
839 2494 886 2520 καὶ
900 2494 965 2521 ἀκα-

175 2537 339 2574 ταλήπτους,
351 2539 400 2573 οὺχ
412 2536 466 2565 οἶόν
481 2539 512 2566 τέ
528 2540 586 2566 ἐστι
600 2539 684 2574 θνητῇ
700 2539 780 2574 φύσει
795 2539 963 2575 περιλαϐεῖν.

183 2582 239 2609 ’Δεὶ
254 2583 283 2610 δὲ
301 2584 342 2615 εἰς
360 2584 432 2618 ἡμᾶς
453 2584 600 2618 φθάνουσαι
617 2584 664 2611 τοῦ
691 2584 759 2611 Θεοῦ
784 2584 891 2620 ἀρεταὶ,
917 2585 964 2620 ἀφ’

177 2624 215 2656 ὦν
228 2629 310 2656 αὐτὸν
329 2629 510 2665 γινώσκομεν,
527 2631 555 2657 al
570 2630 658 2666 φωναί
675 2631 745 2657 εἰσιν
758 2628 846 2658 αὗται.

1016 2319 1086 2340 mus.

1129 2356 1213 2384 Vsus.
1229 2356 1257 2383 7.
1276 2356 1311 2384 Ει
1326 2358 1433 2392 Justitia
1453 2364 1497 2385 tua
1523 2357 1699 2386 exsultabant.

1053 2402 1101 2430 His
1111 2402 1203 2430 verbis
1216 2403 1337 2430 declarat
1351 2403 1397 2431 Dei
1413 2404 1538 2437 virtutes,
1555 2408 1691 2439 quatenus
1704 2403 1738 2431 ad
1756 2411 1807 2431 nos

1018 2448 1176 2480 deveniunt,
1190 2455 1225 2475 ex
1236 2449 1335 2483 quibus
1352 2450 1477 2477 eumdem
1493 2451 1683 2484 cognoscimus
1697 2459 1705 2483 ;
1722 2450 1804 2477 vim»

1019 2499 1071 2526 tes,
1102 2494 1223 2529 inquam,
1246 2494 1325 2523 nobis
1351 2495 1518 2530 superiores,
1543 2496 1694 2524 invisibiles
1714 2499 1742 2522 ct
1760 2494 1804 2521 in-

1018 2540 1291 2575 eompreheusibiles,
1328 2548 1397 2575 quas
1432 2541 1554 2569 m0rta|is
1587 2547 1681 2569 natura
1715 2545 1804 2567 mente

1018 2585 1162 2621 complecti
1177 2588 1281 2621 nequit.
1315 2587 1444 2616 Altamen
1475 2587 1521 2616 Dei
1546 2588 1662 2615 virtutes
1676 2590 1805 2621 perpetuo

1018 2631 1052 2659 ad
1074 2639 1124 2660 nos
1140 2632 1327 2666 decurrentes,
1348 2641 1383 2661 ex
1399 2635 1501 2670 quibus
1523 2641 1585 2662 eum
1606 2633 1804 2668 cognoscimus,

1018 2677 1058 2704 ha
1074 2677 1185 2705 totidem
1200 2686 1282 2707 voces
1295 2684 1369 2707 sunt.

215 2787 236 2802 “
252 2786 346 2815 Matth.
365 2795 401 2819 vt,
419 2786 464 2814 ‘26.
503 2787 525 2802 "
539 2786 588 2814 Job
601 2795 655 2820 ut,
669 2787 694 2814 7.
711 2771 714 2776 1
733 2788 756 2804 ⁸⁸
769 2788 833 2815 ibid.
852 2787 893 2814 l7.
932 2788 953 2804 ⁶⁷
984 2788 1056 2816 Psal.
1082 2797 1165 2823 usu,
1184 2790 1211 2817 3.

217 2878 272 2910 (20)
289 2878 391 2914 Nempe
404 2874 531 2912 imi-53:.
548 2880 574 2907 in
587 2881 656 2908 omni
666 2882 717 2909 die.

217 2913 270 2949 (at)
285 2913 476 2950 Observemus,
497 2921 563 2944 ιριιε
580 2915 706 2952 Eusebio,
731 2917 884 2953 hymnodiae
896 2917 1060 2962 quotidiana:
1075 2917 1102 2946 in
1118 2917 1238 2946 Ecclesia
1254 2915 1488 2946 consuetudinem.
