2059 3215
258 200 293 228 59
593 194 728 222 EUSEBll
748 190 990 220 C/ESARIENSIS
1008 190 1085 219 OPP.
1107 188 1195 217 PARS
1210 166 1259 216 .lll.
1272 204 1309 210 -——
1326 187 1534 216 EXEGETICA.
1849 188 1884 213 ου

312 257 394 284 Vsus.
409 256 435 284 8.
451 255 595 282 Miserator
609 254 796 316 etImiuricors
812 252 952 285 Dominus.
967 255 996 279 et

594 297 623 316 re
636 296 709 316 mua.

594 296 709 324 rettqua.

293 339 360 366 Cum
377 337 443 365 nihil
458 344 506 364 nos
518 343 651 367 essemus,
665 340 754 369 neque
770 333 858 361 adhuc
869 333 1045 364 exsistentes,

259 385 285 411 io
302 384 390 410 lucem
405 381 530 417 protulit.
549 381 651 408 Deinde
666 387 750 414 prava
769 379 852 407 multa
870 382 994 414 agentes,
1018 382 1046 405 et

259 429 375 464 superbo
387 432 545 462 contemptu
557 427 690 459 viventes,
707 434 760 453 non
773 433 822 460 pro
837 425 941 452 meritis
953 431 1047 459 perse—

258 475 361 510 quitur.
385 474 432 502 sed
451 474 606 505 miseretur,
620 473 722 507 diuque
743 480 793 500 nos
814 476 895 499 vocat
912 471 944 498 ad
959 470 1046 505 poeni-

260 520 382 553 tentiam,
399 519 462 554 quia
477 524 592 546 mortem
607 518 760 553 peccatoris
774 525 826 545 non
843 517 912 549 vult.
927 517 974 544 sed
989 525 1046 544 ma-

258 566 300 600 gis
312 565 371 601 ejus
384 564 584 599 paenitentiam.
611 563 703 598 Neque
721 564 758 591 ita
773 571 837 599 erga
862 571 926 591 suos
941 568 1044 590 tantum

260 619 289 638 se
301 612 379 646 gerit,
394 611 442 638 sed
458 617 523 645 erga
537 617 633 638 omnes
646 609 758 637 omnino
771 618 779 641 ς
793 613 836 636 est
849 608 922 636 enim
940 608 1046 643 cunctis

259 657 400 692 benignus.

276 745 358 773 Vitis.
376 745 402 774 9.
419 745 453 773 Et
470 746 662 805 miseratione;
668 746 727 779 ejus
743 751 821 778 super
843 742 932 770 omnia
948 750 1028 777 opera

586 788 643 805 eius
665 787 717 805 em.

586 787 717 814 ejusdem.

292 825 426 859 Quoniam
450 825 641 853 miserationes
668 824 726 859 ejus
755 823 864 851 cunctis
898 823 1046 859 praevalent

256 871 378 905 ejusdem
392 871 531 906 operibus,
549 875 749 909 consequenter
772 869 874 897 dictqu
898 874 958 896 est:
974 868 1044 896 Con-

1059 251 1081 280 Α
1093 250 1257 284 Οὶκτίρμων
1269 249 1318 276 καὶ
1329 249 1469 283 ἐλεήμων
1477 249 1493 275 ὀ
1504 247 1622 281 Κύριος,
1635 246 1681 273 καὶ
1692 245 1726 272 τά
1740 244 1884 274 ἀκόλουθα.

1131 326 1177 362 Μὴ
1190 326 1244 361 γὰρ
1265 326 1345 357 ὄντας
1358 325 1446 361 ἡμᾶς,
1459 324 1526 361 μηδὲ
1543 319 1711 358 ὑφεστῶτας,
1724 324 1884 359 παρήγαγεν

1095 373 1135 404 είς
1150 371 1224 406 φῶς·
1245 369 1305 399 εἶτα
1319 370 1405 398 πολλά
1421 371 1542 406 δρῶντας
1563 369 1636 396 κακὰ
1652 370 1698 397 καὶ
1714 377 1885 404 καταφρονη-

1094 418 1178 450 τικῶς
1202 418 1313 454 ἔχοντας
1340 418 1439 449 αὐτοὺς
1463 417 1494 443 οὐ
1523 416 1682 452 μετέρχεται
1706 416 1766 441 κατ’
1787 414 1883 447 ἀξίαν·

1095 464 1140 499 ἐμ.
1156 483 1164 491 .
1177 464 1205 490 δὲ
1219 465 1298 495 ἐλεεῖ,
1312 463 1380 490 ἀλλὰ
1395 463 1443 490 καὶ
1462 462 1634 498 μακροθυμεῖ
1647 460 1884 497 προσκαλούμενος

1094 510 1169 544 ἡμᾶς
1183 510 1224 540 είς
1243 508 1397 544 μετάνοιαν,
1415 507 1459 534 διὰ
1475 507 1506 534 τὸ
1526 507 1562 542 μὴ
1584 505 1725 542 βούλεσθαι
1739 505 1785 532 τὸν
1804 505 1885 532 θάνα-

1094 564 1140 582 τον
1163 555 1210 582 τοῦ
1234 553 1408 591 ἀμαρτωλοί
1432 554 1470 586 ὼς
1490 553 1540 589 τὴν
1564 553 1708 589 μετάνοιαν
1733 551 1830 579 αὐτοῦ·
1853 553 1884 578 ού

1097 599 1175 635 μόνον
1193 599 1222 626 δὲ
1244 599 1308 635 περὶ
1331 599 1395 630 τοὺς
1411 598 1528 630 οἰκείους
1549 597 1628 624 τοῦτὸ
1649 598 1740 628 ἐστιν,
1756 596 1824 624 ἀλλά
1838 596 1885 622 καὶ

1096 645 1160 680 περὶ
1185 645 1288 676 πάντας
1316 643 1501 677 ἁπαξαπλῶς,
1532 643 1593 670 ἐπεὶ
1617 642 1664 669 καί
1686 642 1804 678 χρηστός
1826 642 1884 668 ἐστι

1095 691 1152 722 τοῖς
1169 689 1318 726 σύμπασιν.

1095 737 1150 764 Καὶ
1167 737 1195 763 οι
1209 735 1352 771 οἰκτιρμοί
1368 735 1461 763 αὑτοῦ
1473 734 1523 761 ἐπὶ
1537 734 1635 763 πάντα
1649 732 1686 760 τὰ
1698 733 1771 768 ἔργα
1781 732 1884 760 αὑτοῦ.

1137 823 1248 859 Ἐπειδὴ
1267 824 1292 850 oi
1314 823 1452 859 οὶκτιρμοὶ
1475 821 1556 849 αὐτοῦ
1580 821 1626 848 ἐπὶ
1648 820 1736 848 πάντα
1761 819 1795 847 τὰ
1817 819 1886 855 ἔργα

1095 870 1190 899 αὑτοῦ.
1208 870 1365 902 ἀκολούθως
1377 870 1519 897 λέλεκται·
1540 866 1886 903 Έξομολογησάσθωσάν

256 918 385 952 ﬁteantur
401 918 447 944 tibi
463 918 491 944 in
503 917 591 943 omnia
607 924 686 951 opera
706 921 762 942 tua.
791 916 911 942 Debetur
925 915 949 941 ei
968 915 1044 942 insu-

1095 923 1145 942 σοι
1161 915 1261 942 πάντα
1281 916 1317 942 τὰ
1336 915 1408 950 ἔργα
1431 921 1505 941 σου·
1529 913 1736 948 προσοφείλεται
1758 911 1831 946 αὐτῷ
1848 911 1886 942 ὡς

257 971 317 998 per.
330 968 359 990 ut
374 963 439 998 ipsa:
451 971 511 998 qua:
526 962 660 990 inanimes
678 961 870 988 existimantur
900 965 1042 993 creaturae,

256 1017 324 1037 voce
336 1009 530 1044 propemodum
546 1008 644 1035 emissa
661 1007 764 1042 gratias
780 1007 804 1033 ei
825 1012 919 1042 agant,
935 1011 962 1033 et
976 1013 1042 1032 con-

256 1054 387 1082 ﬁteantur
401 1053 519 1081 creatori
545 1060 606 1080 suo.
631 1051 867 1087 Participatenim
882 1050 1043 1085 sapientiam

255 1100 315 1134 ejus
327 1107 496 1135 unaquaeque
506 1099 540 1126 ab
549 1107 582 1127 eo
598 1098 674 1126 varie
685 1101 844 1125 constructa
863 1102 1000 1128 creatura.
1017 1101 1045 1122 et

255 1146 310 1173 vim
327 1145 476 1173 creationis
494 1145 613 1173 mirabili
633 1143 751 1171 artiﬁcio
765 1143 858 1171 sentit.
882 1141 1045 1177 Specialiter

255 1198 320 1219 vero
334 1191 526 1226 praecipueque
540 1189 627 1217 sancti
645 1189 704 1224 ejus
721 1188 851 1223 majorem
877 1187 965 1215 laudis
988 1195 1045 1222 par-

256 1242 311 1264 tem
326 1237 480 1264 relribuunt
493 1245 501 1263 :
518 1243 580 1263 nam
593 1235 626 1263 iis
643 1243 704 1270 quae
715 1235 837 1270 cogitant
856 1239 938 1268 atque
951 1237 1043 1267 agunt,

256 1289 369 1317 regnum
383 1282 441 1316 ejus
455 1282 616 1317 praedicant,
634 1282 661 1308 in
686 1285 858 1308 antecessum
884 1279 911 1307 id
931 1279 1045 1306 manife-

256 1332 373 1360 stantes,
387 1332 416 1354 ut
434 1332 564 1362 tanquam
579 1327 604 1354 ei
623 1327 782 1358 militantes,
798 1326 884 1360 gloria
897 1325 952 1353 sint
969 1325 1044 1359 regni

257 1374 327 1407 ejus.
347 1373 539 1401 Prmdicabunt
564 1373 628 1401 item
652 1372 859 1400 connaturalem
882 1380 966 1408 regno
985 1372 1044 1406 ejus

255 1419 437 1452 dominatum,
451 1424 478 1447 et
491 1419 564 1454 quod
590 1426 760 1454 unaquaeque
774 1423 900 1446 creatura
919 1419 1045 1446 ordinate

255 1465 281 1492 ei
299 1465 403 1493 subest.
421 1465 487 1493 Cum
509 1466 565 1493 sint
590 1465 713 1493 benevoli
740 1465 766 1492 hi
783 1464 828 1499 qui
846 1464 931 1500 gratia
948 1469 992 1491 tua
1010 1464 1044 1492 ad

256 1516 283 1539 te
299 1519 347 1547 per
358 1512 532 1539 sanctitatem
544 1511 670 1539 conversi
686 1515 759 1544 sunt,
777 1511 848 1538 bona
865 1518 914 1538 sua
929 1510 990 1538 sine
1005 1510 1043 1537 in-

255 1557 328 1583 vidia
349 1557 553 1585 communicant
580 1564 629 1592 per
657 1557 845 1592 magisterium
870 1556 934 1584 ﬁliis
956 1555 1044 1583 homi-

1095 961 1143 988 καὶ
1157 960 1227 987 αὐτὰ
1238 961 1272 987 τὰ
1286 960 1453 996 νομιζόμενα
1467 957 1537 985 εἶναι
1550 958 1651 994 ἄψυχα,
1671 957 1762 992 φωνὴν
1773 957 1886 991 ἀφιέντα

1096 1007 1237 1042 μονονουχὶ
1259 1007 1431 1041 εὐχαριστεῖν
1456 1005 1504 1032 καὶ⁷
1525 1003 1743 1040 ἐξομολογεῖσθαι
1763 1003 1802 1039 τῷ
1825 1011 1885 1029 ποι-

1095 1052 1191 1088 ήσαντι
1207 1052 1289 1079 αὐτά.
1301 1051 1420 1087 Μετέχει
1436 1051 1492 1087 γὰρ
1504 1050 1554 1085 τῆς
1567 1050 1650 1077 αὑτοῦ
1666 1050 1760 1084 σοφίας
1774 1050 1886 1076 ἕκαστον

1095 1097 1178 1125 αὑτοῦ
1199 1098 1254 1125 τῶν
1278 1098 1367 1134 ἔργων
1393 1098 1524 1130 ποικίλως
1550 1097 1813 1132 κατεσκευασμένον,
1839 1097 1887 1123 καὶ

1095 1144 1240 1178 πανσόφως
1274 1145 1386 1180 μετέχον
1421 1144 1472 1179 τῆς
1500 1143 1700 1179 δημιουργικῆς
1727 1143 1885 1178 δυνάμεως·

1095 1190 1294 1225 ἀφωρισμένως
1322 1190 1351 1217 δὲ
1373 1190 1420 1217 καὶ
1448 1189 1594 1226 ἐξαιρέτως
1611 1190 1635 1216 οἰ
1658 1190 1727 1216 ὅσιοι
1752 1189 1833 1215 αὐτοῦ
1856 1189 1888 1216 τὸ

1096 1235 1188 1272 μεῖζον
1208 1236 1258 1271 τῆς
1282 1235 1502 1271 ὲξομολογήσεως
1527 1236 1700 1263 ἀποδιδόασι’
1724 1235 1757 1262 δι’
1773 1231 1810 1261 ὧν
1831 1235 1888 1270 γὰρ

1095 1282 1223 1318 φρονοῦσι
1247 1282 1294 1308 καὶ
1312 1282 1471 1318 πράττουσι,
1485 1281 1535 1317 τὴν
1549 1281 1685 1316 βασιλείαν
1705 1281 1788 1308 αὐτοῦ
1812 1281 1887 1317 ὲροῦ-

1095 1338 1148 1361 σιν,
1164 1329 1359 1364 ἐμφανίζοντες
1377 1328 1592 1364 προγευστικῶς,
1609 1327 1647 1360 ὡς
1666 1327 1740 1363 αὺτῷ
1758 1335 1886 1363 στρατευ-

1095 1377 1208 1411 σάμενοι
1223 1374 1302 1407 δόξαν
1317 1373 1387 1402 εἶναι
1403 1375 1453 1410 τῆς
1473 1374 1612 1410 βασιλείας
1627 1373 1709 1401 αὑτοῦ
1719 1382 1726 1389 ·
1740 1374 1886 1410 λαλήσουσι

1094 1423 1123 1450 δὲ
1144 1422 1192 1449 καὶ
1213 1421 1325 1457 συμφυῆ
1344 1421 1503 1448 δυναστείαν
1519 1422 1552 1457 τῇ
1571 1420 1707 1457 βασιλείᾳ,
1731 1421 1769 1453 ὡς
1783 1421 1886 1447 ἕκαστα

1094 1466 1148 1494 τῶν
1160 1466 1316 1501 κτισμάτων
1332 1465 1489 1501 τεταμένως
1507 1465 1582 1501 αὺτῷ
1598 1465 1796 1492 ὑποτέτακται·
1811 1465 1886 1497 ὅντες

1095 1512 1281 1549 φιλάνθρωποι
1295 1512 1319 1538 οί
1334 1511 1385 1547 τῆς
1401 1511 1470 1546 πρὸς
1484 1511 1514 1538 σὲ
1529 1511 1577 1538 καὶ
1593 1510 1668 1546 παρὰ
1682 1510 1728 1538 σοῦ
1749 1511 1886 1545 ὁσιότητος

1096 1557 1333 1594 μεταποιούμενοι,
1354 1556 1479 1592 ἀφθόνως
1497 1553 1535 1584 ὧν
1550 1556 1629 1592 ἔσχον
1643 1556 1754 1591 ἀγαθῶν
1777 1556 1885 1592 μεταδι-

256 1609 333 1632 num.
361 1602 462 1630 Rerum
491 1603 689 1635 tantummodo,
712 1610 772 1637 qua:
795 1602 943 1630 humanam
959 1601 1043 1629 vitam

1094 1605 1171 1632 δόασι
1194 1605 1252 1636 τοῖς
1272 1603 1327 1630 τῶν
1344 1602 1497 1638 ἀνθρώπων
1519 1602 1586 1634 υἱοῖς
1603 1601 1813 1634 διδασκαλικῶς”
1838 1601 1887 1637 μό-

255 1649 402 1680 excedunt,
417 1648 549 1684 magister
569 1653 653 1683 atque
668 1652 827 1676 antecessor
840 1647 967 1675 Christus
983 1651 1044 1679 est;

256 1702 319 1721 cum
336 1693 353 1721 ii
369 1694 417 1729 qui
432 1695 522 1722 adhuc
536 1694 583 1721 lilii
599 1694 739 1722 hominum
753 1698 842 1726 erant,
867 1693 988 1728 magistri
1002 1700 1046 1720 es-

255 1744 315 1767 sent
330 1739 419 1768 eﬂecti
441 1740 474 1768 ab
489 1740 523 1768 iis
542 1748 612 1776 quos
637 1741 696 1776 ipse
721 1739 851 1768 Christus
874 1740 1042 1766 erudiverat.

255 1785 355 1813 Paulus
370 1787 454 1822 igitur
471 1794 523 1814 non
549 1787 582 1814 ab
595 1786 762 1819 hominibus,
781 1790 829 1813 aut
843 1793 892 1819 per
906 1785 1043 1817 homines,

255 1831 303 1858 sed
317 1839 332 1858 a
347 1832 515 1860 revelatione
530 1831 594 1860 Jesu
608 1832 709 1860 Christi
727 1836 840 1867 accepto
854 1831 1041 1866 Evangelia”,

256 1877 338 1912 idque
355 1877 478 1911 edoctus,
506 1878 629 1913 gentium
656 1877 752 1905 doctor
765 1877 793 1904 in
808 1876 861 1904 ﬁde
884 1883 916 1904 ac
930 1876 1045 1904 veritate

255 1924 350 1951 evasit.
367 1923 436 1957 Quin
450 1924 518 1952 adeo
537 1923 669 1954 Servator
690 1923 749 1958 ipsc
772 1922 847 1950 misit
859 1922 994 1957 apostolos
1010 1923 1043 1950 ad

255 1969 392 1998 docendas
417 1975 529 2005 gentes;
556 1977 626 2004 quos
649 1973 730 1996 antea
757 1973 900 1996 monuerat
915 1975 949 1996 ne
961 1975 1042 2003 quem

255 2015 416 2050 magistrum
445 2016 472 2042 in
494 2020 568 2042 terra
586 2014 766 2049 appellarent.
790 2014 855 2048 Quae
875 2022 940 2050 ergo
962 2014 997 2042 ab
1010 2022 1043 2042 eo

255 2061 346 2087 sancti
363 2060 480 2092 discunt,
498 2060 556 2087 haec
571 2059 634 2086 ﬁliis
649 2060 792 2087 hominum
810 2060 963 2100 notiﬁcant.

1094 1659 1147 1677 νων
1161 1649 1216 1686 γὰρ
1231 1649 1286 1676 τῶν
1307 1650 1356 1684 τὴν
1373 1648 1546 1685 ἀνθρωπίνην
1563 1648 1636 1684 ζωὴν
1650 1647 1889 1684 ὑπεραναόεὸηκό-

1093 1705 1147 1724 των
1168 1696 1327 1727 διδάσκαλος
1348 1694 1395 1722 καὶ
1413 1694 1571 1731 καθηγητὴς
1592 1695 1606 1721 ὁ
1628 1694 1756 1731 Χριστὸς,
1775 1694 1830 1721 τῶν
1846 1693 1887 1720 ἔτι

1093 1741 1281 1777 τυγχανόντων
1300 1739 1366 1767 υἱῶν
1385 1739 1541 1776 ἀνθρώπων,
1552 1739 1719 1768 διδασκάλων
1736 1739 1889 1775 γινομένων

1095 1787 1147 1814 ὑπὸ
1160 1787 1216 1814 τῶν
1233 1786 1285 1814 ὑπὸ
1304 1785 1423 1821 Χριστοῦ
1438 1785 1661 1821 πεπαιδευμένων
1672 1794 1678 1801 ·
1700 1785 1806 1817 Παῦλος
1821 1785 1886 1820 γοῦν

1094 1835 1109 1862 ὸ
1125 1833 1163 1870 μὴ
1179 1832 1256 1868 παρὰ
1268 1832 1420 1869 ἀνθρώπων
1429 1831 1502 1867 ,ἥδε
1515 1830 1677 1867 ἀνθρώπων,
1690 1831 1759 1858 ἀλλά
1771 1832 1805 1859 δι’
1819 1833 1888 1860 ἀπο-

1095 1878 1238 1913 καλύψεως
1252 1877 1339 1913 Ἰησοῦ
1350 1876 1468 1913 Χριστοῦ
1481 1876 1647 1913 παραλαϐὼν
1657 1877 1703 1904 καὶ
1712 1877 1847 1913 διδαχθεὶς
1856 1878 1888 1904 τὸ

1096 1923 1272 1958 Εὑαγγέλιον,
1283 1923 1443 1955 διδάσκαλος
1455 1922 1539 1949 ἐθνῶν
1552 1923 1580 1949 ὲν
1591 1922 1682 1949 πίστει
1699 1924 1746 1951 καὶ
1756 1923 1884 1959 ἀληθεία·

1096 1968 1192 2004 ἀμέλει
1206 1967 1272 2003 γοῦν
1293 1968 1340 1996 καί¹
1356 1968 1439 1999 αὐτὸς
1454 1968 1469 1994 ὁ
1482 1968 1577 2004 Σωτὴρ
1590 1968 1727 2004 ἐκπέμπει
1743 1969 1808 2001 τοὺς
1823 1969 1889 1997 ἁπορ

1097 2015 1208 2047 στόλους
1222 2015 1268 2042 ἐπὶ
1281 2014 1320 2050 τῷ
1337 2014 1507 2050 μαθητεῦσαι
1519 2014 1607 2043 πάντα
1621 2014 1657 2043 τὰ
1669 2014 1744 2050 ἔθνη,
1755 2015 1892 2050 πρότερον.

1096 2060 1244 2093 παιδεύσας
1254 2061 1354 2093 αὐτοὺς
1366 2060 1404 2096 μὴ
1416 2060 1508 2087 καλεῖν
1525 2059 1684 2089 διδάσκαλον
1698 2061 1746 2088 ἐπὶ
1758 2061 1808 2097 τῆς
1820 2062 1884 2097 γῆς·

254 2104 274 2132 ἃ
287 2105 376 2132 τοίνυν
387 2106 452 2142 παρ’
464 2106 546 2133 αὐτοῦ
564 2105 743 2141 μανθάνουσιν
764 2107 788 2133 οί
808 2107 886 2140 ὅσιοι,
900 2106 1062 2142 γνωρίζουσι
1071 2107 1128 2139 τοῖς
1145 2107 1199 2134 τῶν
1213 2106 1365 2143 ἀνθρώπων
1378 2107 1456 2139 υἱοῖς.

292 2163 375 2191 Vens.
394 2164 438 2191 H.
458 2163 559 2191 Fidelis
579 2163 710 2192 Dominus
724 2165 752 2192 in
763 2165 928 2193 sermonibus
940 2167 1006 2193 suis.

292 2219 393 2248 Fidelis
415 2220 498 2252 Deus,
517 2229 570 2249 non
594 2222 670 2256 quasi
691 2221 771 2249 ﬁdem
794 2222 972 2257 participans,
994 2221 1041 2248 sed

1196 2164 1306 2196 Πιστὸς
1320 2164 1427 2198 Κύριος
1440 2164 1476 2191 ἐν
1487 2163 1550 2197 τοῖς
1564 2165 1667 2200 λόγοις
1681 2164 1785 2192 αὑτοῦ.

1132 2219 1230 2251 Πιστὸς
1247 2219 1275 2246 δὲ
1292 2220 1306 2246 ὁ
1324 2219 1391 2251 Θεὸς
1412 2219 1463 2254 οὐχ
1481 2219 1518 2251 ὡς
1539 2219 1661 2255 μετέχων
1678 2219 1812 2251 πίστεως,
1829 2218 1890 2245 ἀλλ’

255 2267 319 2301 quia
348 2266 401 2294 ﬁde
428 2266 527 2302 dignus
549 2267 662 2295 dicitur.
688 2268 791 2295 Cuncta
803 2268 876 2295 enim
889 2275 950 2303 qua:
962 2267 1041 2300 dicit,

1094 2265 1131 2296 ὼς
1147 2264 1302 2297 ἀξιόπιστος
1321 2265 1444 2301 εἴρηται·
1459 2265 1549 2292 πάντα
1571 2265 1626 2302 γὰρ
1643 2265 1662 2293 ἃ
1680 2266 1754 2300 λέγει
1770 2266 1885 2300 γίνεται·

255 2316 334 2345 nunt,
347 2311 425 2346 juxta
439 2311 505 2339 illud
522 2321 530 2339 :
552 2311 614 2347 Ipse
628 2313 713 2340 dixit:
729 2312 825 2340 Nonne
838 2313 930 2347 faciet.
944 2318 968 2340 et
989 2321 1042 2340 non

255 2358 372 2385 manebit
391 2357 434 2385 "2
448 2358 559 2393 Insuper
581 2358 667 2386 illud:
689 2359 789 2386 Caium
819 2363 844 2386 et
866 2365 937 2386 terra
953 2363 1042 2386 trans-

255 2404 342 2437 ibunt,
351 2411 482 2430 sermones
496 2409 585 2432 autem
598 2405 646 2431 mei
658 2412 710 2431 non
721 2404 935 2438 prceteribunt".
950 2403 1043 2432 Justus

255 2450 320 2477 item
337 2454 389 2483 est,
410 2455 543 2485 quatenus
559 2450 715 2485 impertitur
736 2450 871 2478 creaturis
893 2450 948 2478 suis
961 2450 1042 2485 justi-

255 2496 342 2524 tiam:
367 2495 448 2523 sicuti
467 2496 551 2524 etiam
575 2501 686 2524 sanctus
703 2496 730 2524 in
748 2496 792 2529 iis,
808 2496 854 2531 qui
869 2496 1043 2524 sanctitatem

254 2542 316 2576 ejus
326 2541 501 2577 participant.
522 2542 642 2576 Denique
663 2542 796 2577 sapientia
818 2542 948 2570 Servatur
959 2546 1002 2570 est
1016 2542 1042 2569 in

255 2596 301 2618 na.
314 2589 359 2622 qui
374 2588 464 2615 instar
475 2587 533 2622 ejus
545 2588 681 2623 sapientes
695 2593 768 2616 sunt.

256 2631 338 2660 Vsus.
356 2633 401 2662 16.
421 2633 462 2661 Tu
472 2634 521 2661 das
533 2641 619 2660 escam
631 2633 740 2660 illarum
755 2638 871 2668 tempore
882 2637 1040 2667 opportuno.

293 2677 339 2704 Ait
350 2679 432 2706 etiam
446 2679 580 2707 Eusebius
593 2679 678 2706 Deum
692 2686 746 2706 non
757 2683 864 2706 tantum
877 2685 939 2706 esse
952 2678 1044 2714 lapso-

258 2728 319 2749 rum
341 2724 476 2752 medicum
497 2730 526 2753 et
549 2725 752 2753 conl'ractorum
771 2729 941 2758 sanatorem,
953 2727 1001 2753 sed
1016 2729 1044 2753 et

1094 2311 1165 2338 κατὰ
1179 2311 1220 2343 τὸ,
1236 2311 1333 2345 Αὐτὸς
1347 2309 1442 2338 εἶπεν
1459 2311 1533 2346 οὐχὶ
1550 2311 1670 2344 ποιήσει
1687 2312 1736 2338 καὶ
1752 2311 1820 2346 οὐχὶ
1836 2312 1887 2346 ἐμ-

1090 2358 1192 2393 μενεῖ;
1202 2357 1278 2393 λέγει
1288 2358 1316 2385 δὲ
1333 2359 1381 2386 καὶ
1397 2359 1438 2386 τό*
1457 2358 1489 2386 '0
1504 2358 1632 2393 οὐρανὸς
1648 2357 1698 2385 καὶ
1714 2358 1733 2392 ἡ
1755 2357 1793 2393 τῆ
1812 2364 1886 2393 παρ-

1095 2404 1263 2437 ελεύσεται,
1288 2405 1316 2432 al
1341 2404 1376 2432 δὲ
1392 2405 1477 2441 λόγιοι
1493 2413 1553 2440 μου
1574 2405 1611 2431 οὐ
1634 2405 1677 2439 μὴ
1701 2404 1883 2439 παρέλθωσι.

1094 2451 1149 2477 Καὶ
1170 2450 1243 2482 ὅσιος
1261 2450 1300 2483 δὲ,
1318 2450 1356 2483 ὡς
1384 2451 1522 2486 ὁσιότητος
1543 2450 1701 2486 μεταδιδοὺς
1720 2452 1777 2481 τοῖς
1794 2449 1887 2486 ἔργοις

1097 2495 1190 2523 αὺτοῦ·
1208 2495 1304 2533 ὥσπερ
1320 2496 1368 2523 καὶ
1385 2497 1462 2531 ἀγιος
1476 2497 1506 2522 ἐν
1516 2497 1572 2528 τοῖς
1589 2495 1733 2531 μετέχουσι
1749 2497 1799 2532 τῆς
1814 2496 1886 2530 ἀγιό-

1095 2549 1177 2576 τητος
1197 2541 1297 2568 αὐτοῦ’
1315 2542 1363 2568 καὶ
1377 2541 1459 2576 σοφία
1471 2540 1546 2567 ἐστὶν
1561 2540 1575 2566 ό
1591 2540 1689 2577 Σωτὴρ
1705 2542 1734 2568 ὲν
1753 2543 1809 2573 τοῖς
1825 2541 1885 2568 κατ’

1097 2587 1177 2614 αὐτὸν
1193 2589 1294 2622 σοφοῖς.

1149 2633 1190 2660 Σὺ
1209 2633 1298 2666 δίδως
1317 2632 1374 2668 τὴν
1390 2632 1507 2668 τροφὴν
1521 2632 1621 2660 αὐτῶν
1634 2633 1669 2660 ἐν
1685 2633 1829 2668 εὐκαιρίᾳ.

1130 2679 1199 2714 Φησὶ
1222 2679 1250 2705 δὲ
1265 2679 1312 2705 καὶ
1330 2680 1344 2706 ό
1357 2678 1485 2710 Εὐσέϐιος
1506 2678 1573 2714 (22),
1588 2678 1626 2710 ὡς
1643 2679 1674 2705 οὺ
1695 2678 1775 2714 μόνον
1793 2678 1885 2714 ἱατρός

1097 2725 1170 2752 ἐστιν
1184 2726 1198 2752 ὁ
1213 2725 1279 2757 Θεὸς
1297 2725 1352 2752 τῶν
1367 2725 1562 2758 πεπτωκότων,
1580 2726 1627 2752 καὶ
1643 2725 1816 2761 θεραπευτής
1830 2723 1885 2751 τὼν

311 2813 334 2829 ⁸·
345 2813 406 2842 Gal.
422 2822 443 2848 ι,
466 2816 492 2843 l.
528 2816 632 2844 "Num.
653 2825 731 2850 xstn,
748 2816 792 2844 l9.
826 2816 849 2832 ⁷⁸
875 2815 941 2845 Luc.
967 2824 1027 2848 ut,
1047 2816 1092 2844 53.

295 2882 353 2917 (2'2)
374 2882 484 2910 Eusebii
504 2892 602 2912 nomen
618 2885 644 2911 in
668 2885 810 2912 codicibus
829 2892 898 2919 quos
916 2884 1042 2912 adhibui-

261 2925 320 2946 mus
339 2922 498 2946 constanter
523 2919 549 2946 in
579 2920 748 2955 marginibus
771 2920 901 2948 scribitur
925 2920 1045 2948 omnium

1097 2891 1158 2918 qua:
1170 2883 1305 2910 edidimus
1315 2882 1542 2917 fragmcnlorum.
1556 2882 1613 2910 Hoc
1642 2876 1733 2909 tamen
1754 2882 1812 2909 loco
1833 2889 1872 2908 an

1100 2924 1160 2948 ctor
1171 2918 1281 2947 Caleno:
1293 2918 1396 2947 codicis
1411 2918 1432 2947 C
1445 2919 1529 2947 etiam
1544 2918 1571 2946 in
1588 2922 1716 2946 contextu
1728 2919 1829 2952 posuit.
