2059 3215
176 193 208 221 6|
739 196 989 228 COMMENTARIA
1008 201 1039 229 IN
1060 202 1227 233 PSALMOS.
1464 210 1469 215 '
1773 211 1806 238 62

179 253 420 300 κατερραγμένων,
534 255 582 282 καὶ
609 256 725 291 τροφεὺς
747 257 803 284 τῶν
821 258 965 286 ἁπάντων·

1019 264 1140 291 omuium
1155 265 1331 294 nutritorem.
1358 266 1541 300 Quamobrem
1554 269 1674 297 omnium
1689 273 1742 297 tam
1759 277 1804 296 ra-

177 299 218 327 διὸ
238 300 285 326 καὶ
299 299 408 326 πάντων
421 299 475 327 τῶν
491 300 606 334 λογικῶν
621 310 651 328 τε
668 303 716 329 καὶ
733 303 839 338 ἀλόγων
854 305 930 337 ζώων
944 307 967 333 οἱ

178 342 313 378 ὀφθαλμοὶ
333 342 390 370 ἄνω
405 344 445 375 εἰς
459 345 541 371 αὑτὸν
555 345 747 380 ἀναϐλέπουσι,
771 349 818 375 καὶ
842 352 968 384 φυσικαῖς

178 397 235 417 τισι
256 389 303 417 καὶ
320 389 458 422 διδακταῖς
474 391 573 426 ὁρμαῖς
598 392 666 428 πρὸς
689 393 771 420 αὑτὸν
790 395 898 423 πάντων
917 397 968 430 ὰφ-

179 436 313 473 ορώντων,
332 436 414 468 αὐτὸς
428 435 473 464 οἷα
495 438 587 475 πατὴρ
604 440 707 474 ἀγαθὸς
731 441 782 473 τὰς
795 442 899 478 τροφὰς
912 444 968 476 τοῖς

179 485 283 519 καιροῖς
296 484 456 520 ἐπιτηδείως
473 481 566 512 ἄλλοτε
580 486 662 518 ἄλλας
677 489 801 524 χορηγεῖ,
815 490 872 521 τοῖς
886 490 968 517 πᾶσιν

177 530 228 566 τὴν
244 531 324 567 χεῖρά
333 540 363 558 τε
382 531 431 566 τὴν
449 531 659 569 δημιουργικὴν,
674 534 797 561 τουτέστι
815 536 865 571 τὴν
889 535 969 562 δύνα-

180 585 236 612 μιν,
254 575 378 609 ὲξαπλῶν
393 576 518 612 ἀφθόνως
533 578 581 605 καὶ
602 579 811 612 ἀνεπικωλύτως
830 582 884 608 πᾶν
899 580 967 614 ζῶον

178 622 332 659 ἐμπίπλησι
346 623 396 659 τῆς
410 623 465 650 τῶν
485 625 531 651 ὑπ’
545 625 628 652 αὑτοῦ
647 625 826 662 δωρουμένων
846 627 967 654 ἀπολαύ-

178 677 256 701 σεως.
277 673 281 678 “

184 715 290 750 Ἐγγὺς
311 715 419 750 Κύριος
435 715 509 777 πᾶῖι
529 716 855 778 ᾘςθέῗικαλουμένοις
874 718 968 746 αὑτὸν

493 759 511 777 ν
571 761 590 778 n
610 761 625 778 ε
637 760 665 778 α.

493 759 511 777 ν
531 759 665 786 “nostri.

212 794 278 823 Εἶτα
294 797 388 833 ἐπειδὴ
401 797 498 831 ὀλίγων
515 798 573 825 ἐστὶ
586 799 617 825 τὸ
632 798 762 826 δύνασθαι
776 800 967 837 ἐπιστημόνως

177 843 258 870 αὐτὸν
285 843 483 876 ἐπικαλεῖσθαι,
510 844 557 872 καὶ
587 840 782 877 καταξιοῧσθαι
810 847 893 874 αὐτοῦ
918 847 967 882 τῆς

177 890 272 925 ἀκοῆς,
295 890 420 925 ἐπιφέρει
443 890 601 925 ἀναγκαίως
622 891 801 919 ὲπαναλαὸὼν
818 892 864 920 τὸν
888 893 967 927 λόγον

1019 310 1159 338 tioualium
1182 320 1264 347 quam
1290 314 1373 341 etiam
1397 314 1596 342 irrationalium
1621 316 1804 344 animantium

1018 356 1089 384 oculi
1102 357 1136 384 ad
1152 365 1214 385 ettm
1238 360 1402 394 suspiciunt,
1427 365 1454 388 et
1479 361 1650 389 naturalibus
1663 361 1806 396 insitisque

1020 403 1138 437 motibus
1159 403 1232 432 illum
1247 410 1383 440 spectant,
1406 407 1469 434 dum
1491 407 1548 442 ipse
1568 411 1598 434 ut
1621 408 1710 435 bonus
1728 412 1806 443 pater

1019 450 1188 484 temporibus
1201 451 1306 479 idoneis
1330 459 1408 481 escas
1430 453 1518 481 modis
1532 453 1616 481 variis
1639 454 1804 489 suppeditat,

1017 495 1178 530 cunctisque
1201 505 1312 525 tuanum
1337 506 1413 526 suam
1432 499 1606 532 creatricem,
1625 499 1652 526 id
1665 504 1708 528 est
1728 507 1804 527 suam

1021 540 1161 575 virtutem,
1187 542 1358 571 abundanter
1369 549 1396 571 et
1407 545 1466 572 sine
1481 544 1535 572 ullo
1548 545 1741 580 impedimento
1753 545 1805 572 im-

1017 587 1152 622 pertiens,
1179 597 1260 617 omne
1290 590 1391 618 animal
1411 590 1504 626 replet
1535 591 1668 619 donorum
1693 599 1803 619 suorum

1018 632 1116 661 fructu.

1024 721 1167 759 VensJS.
1183 722 1269 759 Prope
1287 729 1325 751 est
1346 723 1473 752 Dominus
1489 725 1608 752 omnibus
1623 725 1804 752 invocantibus

1291 768 1349 786 eum
1370 761 1397 786 in
1414 761 1532 786 veritate.

1055 803 1160 832 Deinde
1170 806 1234 840 quia
1252 813 1400 841 paucorum
1419 811 1462 834 est
1483 806 1620 841 sapienter
1642 813 1704 833 eum
1726 806 1805 833 invo-

1018 857 1092 884 care,
1107 855 1190 886 atque
1206 851 1264 885 eius
1276 852 1452 880 exauditione
1468 852 1566 888 dignos
1582 853 1688 885 haberi,
1708 860 1804 880 neces-

1018 898 1090 926 sario
1106 905 1260 926 sermonem
1275 906 1421 926 resumens
1439 898 1494 926 ait:
1512 906 1566 926 non
1585 899 1710 925 omnibus
1729 898 1806 925 invo-

177 935 225 962 καὶ
244 935 327 970 φησὶν
341 935 382 962 ὅτι
409 935 439 962 ού
463 936 531 962 πᾶσι
547 937 604 968 τοῖς
625 936 851 973 ἐπικαλουμένοις
876 937 966 970 αὐτὸν,

1020 944 1146 971 cantibus
1166 951 1239 976 eum,
1268 944 1314 971 sed
1337 944 1372 972 iis
1390 944 1577 972 tantummodo
1595 945 1640 978 qui
1655 951 1716 971 cum
1733 944 1805 970 veri-

177 981 245 1009 ἀλλὰ
260 981 350 1017 μόνοις
363 981 419 1014 τοῖς
439 979 469 1008 ἔν
492 980 606 1017 ἀληθείᾳ
623 981 702 1009 τοῦτο
719 982 885 1018 πράττουσιν
904 984 966 1010 ἐπι-

177 1027 321 1063 τυγχάνειο
346 1027 400 1054 τῶν
425 1027 479 1064 γὰρ
499 1027 537 1064 μὴ
558 1028 688 1056 τοιούτων
715 1029 823 1064 μακρὰν
845 1029 966 1064 ἀφέστη-

178 1082 240 1100 κεψ
258 1071 299 1105 οἷς
318 1073 364 1100 καὶ
383 1073 480 1108 φησίν·
502 1075 538 1102 Al
554 1074 691 1109 ἁμαρτίαι
705 1074 789 1110 ὑμῶν
810 1074 968 1103 διιστῶσιν

177 1119 237 1147 ἀνὰ
247 1119 345 1154 μέσον
357 1118 430 1154 ἐμοῦ
442 1119 491 1147 καὶ
505 1118 603 1155 ὑμῶν·
618 1121 684 1157 περὶ
698 1120 800 1148 τούτων
814 1121 843 1148 δὲ
860 1121 906 1148 καὶ
919 1121 967 1148 ἀλ-

178 1164 260 1201 λαχοῦ
285 1165 426 1193 λέλεκται·
458 1166 536 1193 Διότι
564 1167 592 1193 οἱ
607 1167 813 1201 Μκρύνοντες
840 1166 967 1200 ἑαυτοὺς

176 1211 236 1239 ἀπὸ
261 1212 320 1240 σοῦ
339 1211 531 1239 ἀπολοῦνται.
555 1212 626 1239 nam
648 1212 697 1248 μὲν
718 1210 764 1240 οὖν
789 1213 873 1248 ἐγγὺς
895 1213 967 1240 κατὰ

176 1258 321 1295 πρόνοιαν,
340 1259 410 1286 κατὰ
426 1259 518 1294 σχέσιν
533 1259 562 1285 δὲ
579 1260 635 1291 τοῖς
653 1259 701 1286 σὺν
716 1259 856 1295 ἐπιστήμῃ
869 1259 967 1286 καλοῦ-

178 1313 204 1330 σι
215 1312 222 1318 ·
238 1304 318 1331 τοῦτο
332 1305 386 1340 γὰρ
398 1304 440 1336 τὺ,
454 1304 489 1331 ἐν
509 1304 645 1338 ἀληθείᾳ.
663 1319 698 1325 —-
720 1304 797 1332 Μετὰ
810 1305 860 1341 τὴν
874 1305 967 1341 κοινὴν

176 1350 204 1377 δὲ
223 1350 351 1386 πρόνοιαν
373 1350 512 1386 ἐξαίρετον
538 1349 588 1386 τὴν
602 1350 666 1386 περὶ
679 1350 734 1377 τῶν
751 1349 855 1377 πιστῶν
870 1351 967 1386 ἐπενή-

176 1406 248 1433 νοχε,
266 1398 296 1424 τὺ
312 1397 439 1425 τοιούτων
454 1397 539 1432 ἐγγὺς
561 1395 646 1430 εἶναι,
668 1398 714 1425 καὶ
730 1397 860 1433 μειζόνως
876 1397 966 1425 αὐτῶν

179 1444 360 1479 προνοεῖσθαι.

177 1490 302 1521 Αἰνεσιν
314 1489 426 1524 Κυρίου
447 1489 577 1523 λαλήσει
592 1489 626 1516 τὸ
643 1490 741 1525 στόμα
760 1499 831 1525 μου,
849 1489 899 1516 καὶ
915 1491 965 1517 εὐ-

194 1525 318 1560 λογείτω
337 1525 421 1552 πᾶσα
436 1524 513 1559 σὰρξ
528 1525 562 1552 τὸ
581 1525 676 1560 ὄνομα
693 1526 726 1552 τὸ
743 1524 829 1560 ἅγιον
843 1525 947 1553 αὐτοῦ.

212 1571 287 1603 Τέως
303 1571 351 1606 μὲν
366 1570 449 1597 αἰνῶν
461 1570 492 1597 οὐ
506 1570 634 1605 διαλειψω
648 1570 725 1597 Θεόν.
737 1570 859 1607 Εὕχομαι
872 1570 901 1597 δὲ
920 1570 968 1596 καὶ

1019 994 1075 1018 tate
1094 991 1120 1017 id
1142 995 1238 1026 agunt,
1255 991 1380 1018 occurrit
1396 1000 1404 1019 :
1429 998 1545 1025 namque
1564 991 1598 1017 ab
1614 991 1648 1018 iis
1663 991 1709 1025 qui
1726 989 1805 1018 aliter

1018 1043 1047 1064 se
1067 1036 1178 1069 habent,
1193 1036 1274 1071 longe
1293 1036 1382 1064 abest.
1401 1036 1504 1069 Quibus
1517 1037 1598 1064 etiam
1619 1037 1674 1064 ait:
1690 1035 1805 1063 Peccata

1017 1087 1104 1110 uestra
1117 1090 1158 1109 me
1175 1090 1191 1109 a
1212 1082 1284 1109 vobis
1303 1082 1471 1116 separant".
1490 1082 1528 1110 De
1552 1083 1595 1110 liis
1614 1082 1677 1110 alibi
1696 1089 1805 1117 quoque

1018 1128 1121 1155 dictum
1149 1132 1211 1154 est:
1236 1126 1368 1161 Quoniam
1381 1127 1427 1161 qui
1451 1136 1467 1154 α
1486 1133 1510 1155 te
1535 1136 1563 1155 se
1583 1127 1716 1163 elonganl.
1746 1137 1806 1163 per-

1018 1174 1138 1201 ibunt".
1155 1173 1269 1201 Cunctis
1287 1173 1380 1208 itaque
1398 1173 1570 1208 providentia
1588 1181 1635 1201 sua
1657 1181 1741 1209 prope
1761 1174 1806 1201 ad-

1023 1224 1076 1253 est,
1092 1219 1139 1248 sed
1155 1225 1245 1247 tamen
1260 1220 1332 1254 quod
1344 1219 1375 1247 ad
1396 1219 1521 1247 all'ectum
1537 1220 1646 1252 attinet,
1667 1221 1744 1247 adest
1767 1220 1806 1247 in-

1018 1266 1180 1294 vocantibus
1193 1273 1256 1293 cum
1273 1265 1425 1301 sapientia;
1439 1265 1465 1293 id
1477 1265 1549 1292 enim
1567 1265 1703 1301 signiﬁcat
1717 1266 1746 1292 in
1763 1274 1806 1292 ve-

1018 1312 1110 1339 ritate.
1142 1311 1208 1339 Post
1231 1311 1386 1347 generalem
1417 1311 1626 1347 providentiam,
1658 1311 1805 1346 specialem

1018 1365 1083 1393 erga
1109 1357 1201 1385 ﬁdeles
1224 1357 1326 1390 intulit,
1355 1364 1450 1393 nempe
1474 1357 1546 1393 quod
1562 1357 1606 1385 his
1624 1364 1708 1393 prope
1722 1356 1803 1388 adsit,

1018 1403 1161 1439 magisque
1181 1403 1315 1432 consulat.

1019 1492 1162 1520 Vuas.2l.
1181 1492 1299 1520 Laudem
1322 1491 1429 1520 Domini
1457 1491 1581 1527 loquetur
1606 1499 1635 1518 os
1656 1498 1754 1527 meum.
1780 1495 1804 1518 et

1108 1529 1242 1555 benedice:
1254 1528 1339 1555 omnis
1353 1535 1415 1554 caro
1433 1526 1536 1554 noniini
1550 1531 1640 1553 sancto
1654 1526 1721 1561 ejus.

1055 1573 1166 1601 Interim
1181 1581 1196 1600 a
1215 1572 1262 1600 Dei
1283 1572 1410 1600 laudibus
1430 1579 1483 1599 non
1503 1571 1645 1599 desistam.
1670 1570 1740 1606 Opto
1754 1579 1804 1598 au-

177 1617 272 1644 θᾶττον
289 1617 424 1653 ἀποϐῆναι
436 1617 486 1653 τὴν
502 1616 634 1651 λέγουσαν
655 1617 839 1653 προφητείαν·
861 1616 966 1651 Ἑκχεῶ

1021 1623 1075 1647 tem
1092 1619 1210 1646 celerius
1225 1619 1251 1645 iu
1274 1626 1330 1646 rem
1351 1617 1472 1645 conferri
1490 1617 1661 1652 prophetiam
1683 1625 1743 1652 quae
1765 1618 1804 1644 di-

176 1663 235 1691 ἀπὸ
257 1663 310 1690 τοῦ
332 1663 504 1697 Πνεύμιιτός
522 1671 582 1698 μου
594 1662 643 1690 ἐπὶ
663 1662 767 1691 πᾶσαν
779 1662 893 1698 σάρκα·
909 1662 964 1691 καί·

176 1708 264 1736 Πᾶσα
282 1707 361 1742 πνοιὴ
381 1707 528 1735 alr-30'de
543 1707 597 1735 τὸν
611 1708 736 1742 Κύριον·
753 1708 829 1735 ἔσται
845 1709 873 1736 δὲ
889 1709 967 1736 τοῦτο

177 1754 259 1792 ἡνίκα
278 1753 310 1780 τὸ
329 1754 464 1790 πλήρωμα
480 1753 536 1781 τῶν
554 1753 639 1780 ὲθνῶν
654 1753 777 1791 εἰσέλθῃ,
793 1754 837 1781 ὅτε
852 1755 899 1782 καὶ
913 1756 967 1782 πᾶν
983 1756 986 1761 ’

176 1801 254 1835 γένος
279 1800 430 1836 ἀνθρώπων
460 1800 628 1836 σωθήσεται·
660 1800 747 1836 στόμα
774 1800 803 1830 δὲ
833 1801 906 1836 λέγει
936 1802 967 1828 τὸ

174 1847 282 1882 νοητὸν,
299 1847 362 1882 περὶ
376 1843 406 1872 οὗ
415 1847 461 1882 κα)
478 1847 604 1883 ἀλλαχοῦ·
612 1846 700 1874 Πᾶσα
712 1847 790 1881 σὰρξ
798 1847 968 1882 εὐλογοῦσα

176 1891 211 1919 τὸ
228 1891 322 1926 ὄνομα
335 1892 444 1925 Κυρίου
457 1892 681 1927 ἕσται,δηλονότι
697 1892 741 1924 εις
749 1891 802 1918 τὸν
816 1892 908 1920 αἰῶνα
918 1893 967 1920 καὶ

175 1938 220 1971 εις
235 1936 289 1964 τὸν
298 1936 391 1964 αἰῶνα
404 1937 457 1964 τοῦ
466 1937 583 1971 αἰῶνος,
597 1937 716 1973 ὀψομένη
729 1937 759 1967 τὸ
773 1939 905 1974 σωτήριον
918 1938 965 1966 τοῦ

175 1983 255 2016 Θεοῦ,
269 1984 315 2010 καὶ
328 1983 378 2010 οὐκ
390 1981 456 2010 οὖσα
471 1983 509 2016 ὡς
524 1983 631 2019 χόρτος,

443 2029 590 2060 ΨΔΛΜΟΣ
608 2030 698 2057 PME’.

212 2074 249 2101 Τὸ
263 2074 409 2111 ἀλληλούῖα
431 2072 506 2102 αῐνον
526 2075 631 2111 Κυρίου
652 2076 793 2111 σημαίνει·
812 2075 897 2107 οὓτως
913 2075 967 2112 γὰρ

176 2120 357 2156 ἑρμηνεύεται
374 2121 391 2156 ἡ
405 2120 477 2153 λέξις
487 2129 493 2135 ·
511 2120 585 2147 ἔστιν
600 2118 647 2148 οὖν
663 2121 711 2148 καὶ
727 2121 758 2147 τὸ
775 2120 965 2157 προκείμενον,

176 2164 264 2198 αἶνος·
285 2166 325 2193 διὸ
344 2165 376 2201 δὴ
399 2167 549 2202 ἁρχόμενός
576 2176 658 2203 φησιν
682 2167 696 2193 ό
719 2166 814 2201 λόγος·
832 2166 925 2200 Atrei,
946 2167 966 2200 ἡ

177 2211 262 2247 ψυχή
272 2221 343 2247 μου,
355 2212 410 2239 τὸν
423 2213 543 2248 Κύριον,
552 2213 612 2248 ἦτοι
623 2213 670 2240 τοῦ
682 2213 836 2249 πνεύματος
847 2214 881 2248 τῇ
893 2213 965 2248 ψυχῇ

177 2258 443 2295 παρακελευομένου,
461 2259 478 2295 ἢ
497 2259 583 2295 αὐτῆς
600 2260 699 2295 ἑαυτῇ·
715 2257 765 2286 εἴθ’
788 2258 967 2288 ὑπακούσασα

1022 1666 1076 1694 cit:
1091 1665 1237 1700 Effundam
1262 1665 1294 1692 de
1313 1663 1417 1699 Spiritu
1446 1671 1502 1691 meo
1522 1672 1600 1698 super
1625 1672 1728 1691 onmem
1746 1671 1804 1690 car-

1019 1720 1077 1740 nem
1091 1712 1114 1728 ⁷⁸
1127 1720 1134 1746 ;
1147 1715 1194 1738 et:
1213 1710 1306 1738 Omnis
1328 1710 1437 1745 spiritus
1464 1709 1554 1737 laudet
1580 1709 1729 1737 Dominum.
1749 1709 1805 1737 Hoc

1020 1765 1086 1786 vero
1109 1757 1249 1791 continget
1268 1764 1328 1784 cum
1349 1755 1491 1791 plenitudo
1507 1756 1630 1791 gentium
1657 1755 1804 1787 introierit,

1018 1809 1046 1832 et
1064 1803 1222 1831 universum
1236 1802 1377 1829 hominum
1396 1809 1484 1836 genus
1495 1801 1599 1829 salvum
1618 1801 1675 1828 ﬁet.
1692 1800 1728 1829 Os
1740 1801 1806 1828 dicit

1019 1849 1212 1881 intellectuale,
1227 1853 1256 1876 ut
1266 1848 1342 1882 alibi,
1368 1847 1460 1876 Omnis
1477 1857 1539 1875 caro
1554 1848 1685 1875 benedice!
1705 1847 1805 1874 nomini

1017 1896 1124 1923 Domini
1139 1895 1167 1922 in
1180 1894 1307 1922 siccatum
1323 1898 1349 1921 et
1369 1895 1398 1921 in
1418 1894 1544 1921 secutum
1564 1893 1701 1926 amuli",
1731 1893 1804 1920 saltt-

1019 1947 1076 1970 tare
1090 1941 1137 1969 Dei
1153 1945 1319 1977 spectatura,
1334 1947 1384 1967 nec
1398 1940 1455 1974 jam
1471 1940 1558 1967 instar
1573 1939 1627 1967 feni
1643 1938 1769 1967 decidua.

1270 2028 1431 2058 PSALMUS
1447 2028 1551 2057 CXLV.

1052 2076 1166 2105 Alleluia
1182 2076 1288 2104 laudem
1302 2075 1408 2103 Domini
1431 2073 1577 2110 signiﬁcat.
1601 2072 1647 2100 Sic
1663 2073 1736 2100 enim
1757 2080 1806 2100 ex-

1018 2123 1133 2158 plicatur
1146 2120 1317 2150 vocabulum.
1334 2119 1406 2147 Laus
1415 2119 1560 2153 estitaque
1587 2125 1706 2153 praesens
1733 2118 1806 2153 psal-

1018 2173 1185 2202 muszquare
1195 2170 1223 2193 et
1231 2165 1339 2200 incipit:
1351 2163 1454 2196 Lauda,
1469 2164 1559 2190 anima
1570 2170 1638 2194 mea,
1651 2162 1804 2193 Dominum;

1017 2214 1075 2242 sive
1084 2213 1195 2248 spiritus
1203 2212 1320 2239 animam
1330 2211 1498 2242 adhortetur,
1508 2209 1566 2236 sive
1578 2209 1635 2244 ipsa
1647 2216 1686 2236 se.
1704 2209 1806 2236 Deinde

1017 2259 1146 2288 mandato
1156 2259 1359 2293 obtemperans,
1373 2259 1499 2291 prompte
1521 2255 1665 2297 respondet
1687 2255 1780 2282 dicens
1796 2264 1804 2282 :

175 2304 214 2340 τῷ
235 2305 436 2341 προστάγματι,
463 2304 611 2340 προθύμως
631 2305 808 2341 ἀποκρίνεται
829 2304 962 2339 λέγουσα·

1018 2305 1145 2333 Laudabo
1159 2303 1301 2332 Dominum
1318 2303 1346 2329 in
1359 2302 1412 2329 vita
1434 2309 1502 2333 mea,
1530 2300 1643 2336 psallam
1667 2300 1723 2328 Deo
1748 2308 1806 2328 meo

172 2349 285 2377 Αίνέσω
297 2351 405 2386 Κύριον
419 2351 455 2378 ἐν
464 2344 520 2386 ζωῇ
524 2360 594 2386 μου,
618 2351 703 2382 ψαλῶ
718 2351 759 2385 τῷ
768 2351 830 2385 Θεῷ
840 2360 901 2387 μου
909 2351 960 2384 ἕως

176 2395 309 2431 ὑπάρχω.
320 2398 352 2424 Εἰ
367 2398 396 2424 δὲ
407 2397 541 2430 ἀθάνατός
554 2388 627 2425 ἐστιν
638 2398 655 2434 ἡ
668 2398 755 2433 ψυχὴ,
769 2396 856 2425 ἀεί’τε
869 2398 902 2434 ζῇ
917 2398 965 2425 καὶ

176 2441 294 2477 ὑπάρχει
313 2442 363 2469 καῖ
374 2444 442 2478 μετὰ
460 2444 511 2480 τὴν
529 2443 577 2471 τοῦ
593 2444 718 2480 σώματος
738 2444 897 2479 ἀπαλλαγὴν
920 2444 965 2470 δυ-

175 2487 292 2523 ναμένη,
310 2489 400 2524 φησιν·
415 2490 459 2521 Ὡς
482 2490 537 2526 ἄρα
557 2490 618 2517 οὐδὲ
642 2490 752 2520 πώποτε
765 2490 904 2525 παύσομαι
918 2491 963 2516 αι-

175 2533 259 2561 νοῦσα
281 2534 328 2567 τον
350 2535 459 2570 Κύριον,
481 2536 538 2563 ἀλλ’
562 2537 604 2568 εἰς
629 2536 751 2572 μακροὺς
779 2535 889 2568 αἰῶνας,
916 2536 964 2564 καὶ

177 2580 267 2607 πάντα
279 2579 324 2606 τὸν
338 2581 386 2615 τῆς
397 2580 529 2608 ἀθανάτου
544 2582 618 2618 ζωῆς
631 2591 683 2617 μου
698 2582 766 2617 βίον,
779 2582 856 2609 οὐδὲν
871 2582 964 2619 ἕτερον

176 2626 332 2661 πράττουσα
344 2625 391 2652 τοῦ
409 2626 492 2654 αἰνεῖν
507 2627 553 2654 τὸν
563 2627 669 2663 Κύριον
676 2627 831 2655 διατελέσω.
854 2627 896 2659 Ὧς
910 2627 963 2662 ψυ-

176 2671 227 2706 χῆς
239 2671 267 2698 δὲ
283 2671 431 2703 ἀκουστέον
451 2671 580 2709 λεγούσης
590 2673 631 2706 τὸ,
643 2672 699 2706 ἕως
710 2672 844 2708 ὑπάρχω,
861 2673 910 2709 οὺχ
926 2673 964 2705 ὡς

178 2716 326 2752 μελλούσης
341 2717 400 2752 μετ’
413 2716 485 2744 αὐτὰ
505 2717 542 2753 μὴ
557 2718 701 2753 ὑπάρχειν,
720 2718 776 2744 ἀλλ’
792 2719 832 2749 εἰς
849 2718 963 2753 ἄπειρον

177 2762 222 2789 τὸν
235 2762 285 2798 τῆς
305 2763 450 2798 ὑπάρξεως
466 2763 551 2799 αὐτῆς
562 2764 656 2800 χρόνον
667 2764 723 2800 (95)
742 2764 860 2793 αἰνέσειν
879 2764 965 2798 ἐπαγ-

175 2809 339 2845 γελλομένης
350 2810 395 2837 τὸν
406 2810 519 2845 Κύριον.

213 2869 235 2884 ⁷¹
250 2869 300 2897 lsa.
315 2878 368 2903 th,
380 2870 408 2898 2,
446 2870 469 2886 ⁷⁸
481 2869 553 2898 Psal.
571 2878 655 2904 Lxxu,
676 2871 721 2898 27.
759 2871 783 2887 ⁷⁸
793 2870 861 2899 Joel.
878 2879 909 2903 tt.
927 2871 974 2898 28.

1017 2350 1136 2386 quamdiu
1152 2350 1238 2385 fuero.
1254 2349 1330 2383 Quod
1341 2349 1363 2377 si
1381 2347 1543 2376 immortalis
1557 2352 1598 2376 est
1615 2347 1718 2382 anima,
1731 2355 1805 2375 sem-

1017 2403 1119 2432 perque
1133 2396 1200 2423 vivit
1213 2400 1241 2423 et
1254 2399 1296 2422 est
1308 2394 1389 2422 etiam
1405 2398 1468 2429 post
1481 2394 1631 2422 discessum
1649 2401 1665 2420 a
1679 2400 1804 2428 corpore,

1015 2442 1078 2478 jure
1093 2449 1144 2470 suo
1159 2442 1198 2469 ait
1213 2440 1373 2475 :Nunquam
1384 2440 1507 2467 desinam
1519 2440 1630 2467 laudare
1642 2439 1803 2471 Dominum;

1018 2488 1065 2516 sed
1091 2488 1170 2522 longa
1197 2486 1308 2520 saecla,
1326 2489 1354 2513 et
1376 2490 1461 2513 totum
1483 2484 1645 2513 immortalis
1656 2490 1724 2511 meae
1743 2483 1804 2509 vita:

1017 2541 1134 2570 tempus,
1148 2533 1256 2562 nonnisi
1285 2532 1397 2560 laudans
1424 2532 1568 2560 Dominum
1584 2531 1740 2565 transigam.
1758 2527 1804 2556 Sic

1016 2582 1098 2609 etiam
1108 2581 1252 2608 audiamus
1267 2580 1400 2608 dicentem
1410 2579 1541 2611 animam,
1552 2578 1635 2605 donec
1645 2576 1730 2611 fuero,
1749 2583 1803 2602 non

1017 2628 1088 2664 quod
1101 2633 1195 2662 postea
1212 2635 1264 2654 non
1279 2627 1316 2656 sit
1333 2627 1475 2659 duratura,
1488 2625 1534 2653 sed
1551 2624 1614 2659 quia
1630 2623 1656 2650 in
1668 2621 1804 2649 inﬁnitum

1017 2679 1124 2710 tempus
1150 2674 1241 2702 futura
1265 2675 1301 2702 sit
1324 2673 1500 2702 subsistentia
1516 2671 1584 2705 ejus,
1608 2669 1721 2705 parique
1741 2676 1805 2705 spa-

1018 2721 1055 2749 tio
1070 2720 1214 2749 Dominum
1230 2728 1259 2749 se
1276 2720 1447 2748 laudaturam
1458 2716 1609 2753 promittat.

1013 2871 1037 2886 "
1048 2869 1118 2898 Psal.
1138 2877 1226 2903 cxuv,
1241 2869 1285 2897 2|.

216 2929 454 2966 (23)Perspicuum
468 2929 579 2959 Eusebii
594 2929 626 2959 tle
642 2930 737 2960 animus
748 2930 953 2960 immortalitate
970 2929 1165 2960 testimonium.
