2059 3215
259 185 295 213 63
612 181 746 209 EUSEBII
764 182 999 211 C/ESABIENSIS
1018 183 1094 210 OPP.
1116 182 1205 210 PARS
1225 181 1269 209 111.
1290 195 1326 202 —-
1342 177 1549 207 EXEGETICA.
1853 176 1889 202 64

341 241 422 268 Vens.
442 240 469 267 5.
493 239 582 268 Nolite
597 239 729 273 conﬁdere
748 240 774 266 in
788 240 964 274 principibus.

298 288 353 315 lloc
367 287 456 315 simile
468 286 505 313 illi
523 295 530 313 :
545 285 648 313 Bonum
660 290 696 312 est
719 285 852 319 conﬁdere
866 286 893 312 in
915 285 1025 312 Domino
1037 304 1045 317 ,

259 342 338 370 quam
353 333 482 367 conﬁdere
497 333 524 359 in
542 332 657 359 homine.
681 331 783 358 Bonum
795 336 834 359 est
847 340 950 365 sperare
966 341 982 359 α
995 331 1047 358 Do-

260 379 343 410 mino,
360 387 438 414 quam
457 386 563 409 operare
578 387 593 404 a
608 377 772 411 principibus
786 377 819 404 ".
838 377 865 404 Id
889 381 978 404 autem
994 377 1047 413 syl-

261 426 375 459 logismo
392 425 571 451 demonstrat.
587 423 653 450 Nam
676 423 698 450 si
721 422 782 457 ipsi,
799 423 885 457 inquit
900 442 908 454 ,
933 422 1046 450 salutem

261 471 312 498 sihi
327 478 486 504 comparare
511 469 703 504 nequiverunt,
734 476 857 504 quzenam
887 470 939 496 erit
956 469 1048 497 abhis

262 515 381 542 utilitas?
400 514 491 549 Neque
507 515 578 542 enim
600 514 691 542 valent
704 514 867 549 semet‘psos
887 519 974 541 morte
991 514 1047 541 eri-

262 569 329 596 pere
343 566 403 595 post
417 561 562 587 terminum
580 569 586 587 z
602 567 663 586 nam
680 558 822 586 morientis
834 559 951 586 hominis
967 559 1048 594 spiri-

263 613 306 634 tus
314 614 448 641 egressus,
462 606 525 633 illuc
539 606 617 632 vadet
628 612 680 640 quo
696 604 854 632 abducetur.
868 604 981 639 Reliqua
998 605 1047 632 ho-

264 652 344 679 minis
362 659 425 685 pars
449 651 476 678 in
504 651 641 685 pulverem
668 657 746 676 suum
765 654 926 681 revertetur,
945 655 1049 677 natune

262 688 313 731 legi
333 698 497 731 obsequens,
510 704 591 730 quam
614 695 693 722 initio
704 694 775 722 Deus
787 695 889 722 Adamo
900 696 994 722 statuit
1007 696 1049 722 di-

262 751 327 771 cens
343 753 350 771 :
367 742 458 770 Pulvir
473 751 510 774 es,
537 747 561 768 et
576 742 604 768 in
618 741 749 775 pulverem
765 741 902 767 reverteri:
925 741 959 767 ".
976 741 1049 773 Quo-

262 796 323 815 rum
352 789 497 816 verborum
518 794 616 815 sensus
641 790 703 813 est:
722 784 843 813 Consilia
871 786 973 819 omnia,
989 793 1049 821 qua:

263 835 351 862 adhuc
365 835 416 861 vita
437 835 536 861 comite
550 833 620 868 apud
645 841 674 861 se
704 833 827 868 cogitans
853 837 1047 867 congesserat,

263 881 340 914 quasi
357 880 465 907 futurus
485 885 613 913 aeternus,
628 887 793 907 coacervatis
806 880 833 906 in
853 884 924 906 terra
940 879 1049 906 thesau—

1262 236 1312 270 Μὴ
1326 235 1487 263 πεποιθατε
1501 233 1547 260 ἐπ’
1561 233 1708 267 ὰρχοντας

1134 283 1244 318 Ὅμοιον
1255 281 1304 317 τῷ,
1317 281 1442 316 Ἀγαθὸν
1459 279 1633 306 πεποιθέναι
1654 277 1704 305 ἐπὶ
1717 278 1844 311 Κύριον,
1866 277 1887 311 ἢ

1097 327 1268 355 πεποιθέναι
1278 327 1324 354 ἐπ’
1334 326 1499 361 ἄνθρωπον-
1513 325 1626 359 ἀγαθὸν
1638 322 1768 354 ἐλπίζειν
1774 323 1822 350 ἐπὶ
1831 324 1888 350 Κύ-

1093 382 1171 408 ριον,
1191 374 1210 407 ἢ
1225 373 1359 405 ἐλπίζειν
1374 372 1422 399 ἐπ’
1433 371 1591 406 ἄρχοντας·
1605 369 1685 396 τοῦτο
1701 368 1730 396 δὲ
1741 369 1888 405 ταιρίστησι

1095 419 1141 447 διὰ
1155 418 1345 455 συλλογισμοῦ
1360 419 1385 445 ει
1405 417 1460 454 γὰρ
1474 417 1562 448 αὐτοὶ,
1577 416 1669 451 φησὶν,
1685 416 1791 447 ἑαυτοῖς
1811 423 1888 451 περι-

1099 465 1261 502 ποιήσασθαι
1283 465 1419 501 σωτηρίαν
1432 465 1481 500 οὐχ
1494 461 1546 491 οἷοί
1560 463 1590 490 τὲ
1606 463 1669 496 εισι,
1684 463 1726 495 τίς
1739 462 1771 489 ἂν
1785 462 1889 497 γένοιτο

1097 512 1151 539 ἀπὸ
1164 511 1218 539 τῶν
1230 511 1358 538 τοιούτων
1372 511 1508 545 ὠφέλεια,
1522 510 1583 537 οὐδὲ
1605 509 1660 546 γάρ
1680 509 1808 536 δύνανται
1822 509 1888 535 ἑαυ-

1097 559 1160 590 τοὺς
1181 557 1320 590 ἐξελέσθαι
1341 556 1389 583 τοῦ
1403 556 1525 583 ιθανάτου
1541 555 1610 591 μετά
1622 555 1653 582 τὸ
1671 555 1747 586 τέλος
1760 554 1816 589 (24)
1826 563 1832 569 ·
1859 555 1890 581 τὺ

1100 605 1150 640 μὲν
1156 604 1211 640 γὰρ
1218 603 1266 630 τοῦ
1278 603 1441 639 θνήσκοντος
1449 602 1619 636 ἐξελεύσεται
1634 601 1743 637 πνεῦμα
1751 601 1818 636 (25),
1826 600 1890 627 ἔνθα

1099 651 1133 678 ἂν
1149 651 1245 687 ἀπάγῃ
1255 651 1270 676 ὁ
1283 649 1411 684 ἀπάγων·
1429 649 1444 676 ό
1456 649 1484 675 δὲ
1498 648 1591 680 λοιπὸς
1604 648 1745 684 ἄνθρωπος
1756 647 1890 683 ἀποστρέ-

1098 696 1145 732 ψει
1160 697 1200 728 εἰς
1212 696 1261 731 τὴν
1275 696 1326 731 γῆν
1346 694 1441 727 αὑτοῦ,
1455 695 1537 730 νόμον
1558 694 1665 729 φύσεως
1678 693 1788 729 πληρῶν
1799 693 1828 720 ὃν
1840 694 1890 720 ἐπ-

1099 741 1221 778 έσκηψεν
1230 741 1350 777 ἀρχῆθεν
1359 741 1373 768 ό
1386 740 1452 772 Θεὸς
1461 740 1501 776 τῷ
1517 740 1603 775 Ἀδὰμ
1618 739 1711 766 εἰπών·
1725 739 1771 773 Γῆ
1785 737 1822 772 εἴ,
1842 739 1890 766 καὶ

1099 788 1143 820 είς
1173 786 1232 822 γῆν
1260 787 1438 825 ἀπελεύσει·
1463 782 1495 812 οὗ
1523 785 1682 821 λεγόμενον,
1709 785 1740 812 Οἱ
1767 785 1892 820 λογισμοὶ

1101 833 1201 864 πάντες
1216 831 1262 864 οὒς
1279 832 1321 860 ἔτι
1335 831 1438 868 περιὼν
1458 831 1497 868 τῷ
1510 831 1560 867 βίῳ
1576 832 1714 866 συνήγαγε
1727 832 1790 867 παρ’
1804 830 1892 866 ἑαυτῷ

1099 878 1298 913 διανοούμενος.
1317 878 1364 904 καὶ
1385 876 1480 913 ὥσπερ
1501 885 1543 909 τις
1565 876 1674 908 αἰώνιος
1697 877 1820 910 συνάγων
1845 876 1892 903 καὶ

265 932 323 957 ros,
340 925 471 952 terribilia
491 932 520 952 se
536 925 670 952 facturum
694 925 842 960 spondens,
859 928 887 952 et
900 923 960 951 aliis
977 931 1051 951 com-

1102 924 1274 961 θησαυρίζων
1287 925 1333 951 ἐπὶ
1347 925 1409 960 γῆς,
1428 925 1551 959 ποιήσειν
1570 932 1600 950 τε
1614 923 1648 950 τὰ
1661 923 1735 950 δεινά
1754 922 1891 957 ἐπαγγελ-

263 971 382 1001 tninans,
401 979 452 997 una
470 971 537 998 hora
560 970 692 1005 dissipata
714 970 852 1004 peribunt,
868 974 977 1002 cuncta,
1008 970 1049 996 in-

263 1024 355 1051 quam,
368 1016 479 1044 causilia
495 1017 703 1048 dominantium,
719 1015 764 1050 qui
787 1024 803 1043 a
826 1016 904 1050 plebe
920 1015 1050 1050 suspicie-

262 1063 374 1091 bantur.
397 1063 430 1090 Et
445 1062 555 1097 quidem
584 1062 652 1089 dicit
683 1062 820 1097 principes
843 1061 923 1095 hujus
937 1060 1049 1094 san-ali;

264 1116 382 1142 namque
394 1113 421 1136 et
434 1108 459 1135 hi
478 1108 611 1135 caducum
637 1108 738 1136 habent
758 1106 951 1143 principatum.
976 1105 1051 1134 Unus

263 1152 363 1180 salutis
375 1158 473 1179 auctor
485 1152 616 1180 Servalor
625 1156 677 1183 est,
691 1152 737 1187 qui
750 1152 788 1178 ait
801 1160 808 1178 :
836 1151 919 1179 Nemo
935 1151 1051 1185 amplius

264 1197 382 1225 salvabit
397 1203 495 1231 praeter
505 1205 560 1225 me.
579 1197 607 1224 Si
620 1205 685 1232 ergo
700 1198 733 1225 ab
754 1197 809 1229 illo,
831 1205 884 1224 non
900 1201 990 1223 autem
1010 1196 1049 1223 vi-

264 1243 340 1270 ribus
355 1242 470 1277 propriis
481 1242 630 1275 salvantur,
644 1243 779 1277 quomodo
796 1243 862 1270 alios
879 1243 985 1270 salvere
1001 1250 1049 1277 po-

263 1293 356 1316 terunt
369 1289 381 1316 ἳ

320 1380 400 1408 Vens.
419 1380 445 1408 6.
462 1380 514 1413 Qui
531 1380 645 1407 custodit
664 1380 800 1407 veritatem
816 1382 843 1406 in
858 1381 997 1408 sarculum.

308 1427 410 1462 Nempe
425 1427 559 1454 dictorum
583 1435 705 1459 suorum,
720 1434 779 1461 qua:
795 1427 822 1454 in
841 1427 990 1462 Scripturis
1004 1435 1052 1455 ex-

264 1475 363 1509 posuit,
377 1474 520 1501 veritatem
533 1474 721 1508 comprobans.
734 1473 860 1501 Promisit
870 1475 942 1502 enim
953 1482 983 1502 se
993 1482 1052 1507 eos,

264 1529 326 1548 cum
339 1520 471 1555 judicium
489 1519 545 1553 ﬁet,
560 1519 784 1555 puniturum,qui
800 1520 826 1547 in
841 1525 974 1555 praesente
997 1521 1051 1548 vita

265 1567 358 1602 inique
368 1574 397 1594 se
408 1566 552 1601 gesserint.
564 1565 611 1593 Est
628 1571 655 1592 et
670 1565 722 1592 alia
734 1566 879 1600 promissio
894 1575 901 1593 :
918 1566 995 1593 Beati
1006 1567 1051 1602 qui
1065 1586 1086 1615 ο

264 1614 383 1641 emriunt
394 1617 420 1640 et
432 1613 537 1645 sitiunt,
549 1612 672 1646 quoniam
702 1612 752 1645 ipsi
773 1613 978 1645 raturabuntur,
1007 1621 1052 1640 υοι

265 1664 353 1685 autem
377 1658 497 1685 esuriem
525 1658 559 1684 ".
580 1657 650 1691 Quin
670 1657 738 1684 adeo
761 1657 918 1685 sensibilem
944 1666 1053 1693 quoque

266 1712 356 1732 escam
374 1704 507 1732 famelicis
519 1704 545 1732 in
559 1705 667 1732 deserto
677 1704 801 1732 exhibuit
813 1713 923 1740 manna,
939 1710 966 1732 et
977 1706 1054 1740 quin-

265 1757 319 1785 que
331 1750 468 1777 hominum
477 1750 560 1777 millia
576 1751 718 1783 saturavit,
728 1754 757 1777 et
771 1758 819 1785 per
832 1759 941 1779 corvum
954 1753 1052 1785 Etiam,

264 1800 294 1824 et
321 1803 369 1831 per
399 1796 557 1831 prophetam
576 1796 729 1823 Abacueum
751 1797 900 1825 Danielem.
921 1797 967 1826 Jus
982 1799 1049 1826 dixit

266 1841 429 1868 calumniam
455 1842 541 1876 passis
558 1841 674 1877 Josepho
688 1847 771 1877 atque
793 1842 936 1877 Susannte,
956 1844 993 1871 illi
1019 1843 1053 1871 ab

266 1887 393 1923 Egyptia
410 1887 527 1920 femina,
542 1888 604 1916 huic
616 1896 632 1914 ιι
646 1887 784 1922 judicibus
802 1888 921 1922 lsraelis,
948 1897 1051 1917 necnon

268 1936 362 1963 Davidi
389 1943 404 1962 a
420 1935 511 1963 Saule.
536 1934 617 1964 Plena
638 1934 794 1969 huiusmodi
813 1935 945 1970 exemplis
962 1936 1052 1963 divina

266 1982 402 2009 volumina
416 1986 488 2009 sunt.

267 2026 350 2054 Vens.
375 2027 400 2052 7.
420 2025 547 2053 Dominus
570 2025 647 2066 soluit
668 2026 837 2066 compeditos,
861 2026 990 2054 Dominus
1007 2027 1053 2054 dat

529 2068 604 2087 εοεαε
623 2067 789 2095 εαριοηιισηι.

303 2106 477 2141 Compeditos
489 2106 581 2138 solvit,
597 2107 786 2134 remissionem
809 2112 984 2142 peccatorum
1003 2107 1054 2135 lar-

267 2154 344 2189 giens
358 2154 391 2181 iis
411 2154 457 2189 qui
481 2153 644 2181 delictorum
665 2160 775 2181 suorum
797 2153 900 2181 catenis
915 2154 1053 2182 constrin-

267 2205 378 2236 guntur.
396 2200 507 2228 Videtur
522 2205 610 2228 autem
625 2200 669 2227 his
683 2198 774 2227 verbis
798 2200 969 2227 vocationem
987 2208 1054 2236 gen-

1101 970 1223 1006 λόμενος,
1240 970 1288 997 καὶ
1310 969 1391 997 πάλιν
1405 970 1509 1005 ἑτέροις
1522 968 1651 1002 ἀπειλῶν,
1670 969 1723 996 ὑπὸ
1739 969 1802 1002 μίαν
1817 969 1892 1004 ὥρα]

1102 1015 1308 1051 σσεσθήσονται,
1328 1016 1376 1042 καὶ
1393 1016 1557 1042 ἀπολοῦνται
1573 1016 1672 1047 πάντες
1688 1017 1712 1042 οἱ
1727 1015 1893 1051 διαλογισμοὶ

1101 1061 1202 1094 αὐτῶν,
1214 1061 1314 1097 δηλαδὴ
1326 1061 1381 1088 τῶν
1400 1062 1539 1098 ἀρχόντων
1552 1062 1608 1088 τῶν
1620 1062 1695 1098 παρὰ
1707 1061 1813 1093 πολλοῖς
1830 1060 1893 1088 θαυ-

1103 1107 1276 1143 μαζομένων.
1300 1109 1380 1144 Λέγοι
1402 1109 1424 1136 δ’
1447 1109 1480 1136 ἂν
1503 1110 1551 1137 καὶ
1574 1109 1708 1146 ἄρχοντας
1728 1109 1822 1136 τούτου
1845 1108 1893 1135 τοῦ

1100 1154 1212 1186 αἰῶνος⁸
1230 1155 1410 1192 μεταπτωτὴν
1426 1155 1481 1191 γὰρ
1503 1156 1550 1183 καὶ
1564 1153 1636 1183 οὗτοι
1661 1155 1752 1191 ἔχουσι
1775 1155 1823 1191 τὴν
1842 1156 1894 1191 ἀρ-

1101 1201 1169 1236 χήν·
1191 1202 1205 1227 ὁ
1224 1201 1253 1228 δὲ
1276 1201 1370 1237 Συηὴρ
1388 1201 1467 1237 μόνος
1488 1201 1575 1233 αῐτιος
1595 1201 1741 1238 σωτηρίας,
1763 1202 1776 1227 ὁ
1791 1201 1894 1237 λέγων·

1101 1249 1199 1281 Σώζων
1217 1248 1310 1275 οὐκέτι
1330 1247 1420 1284 πάρεξ
1438 1247 1521 1283 ὲμοῖν
1539 1248 1563 1273 εί
1577 1247 1667 1274 τοίνυν
1688 1247 1717 1280 ἐξ
1740 1246 1831 1273 αὑτοῦ·
1847 1247 1895 1273 καὶ

1101 1295 1151 1321 οὐκ
1163 1294 1267 1322 οἴκοθεν
1286 1294 1427 1327 σώζονται,
1447 1294 1506 1326 πῶς
1521 1293 1630 1329 ἑτέρους
1649 1293 1746 1326 σώζειν
1766 1293 1893 1329 δυνήσον-

1101 1349 1146 1367 ται
1159 1349 1166 1373 ;

1158 1385 1214 1413 Τὸν
1232 1385 1432 1420 φυλάσσοντα
1447 1384 1591 1418 ἀλήθειαν
1607 1385 1650 1418 εἰς
1661 1384 1715 1411 τὸν
1727 1383 1832 1411 αἰῶνα.

1138 1431 1198 1459 Τῶν
1219 1431 1305 1466 λόγων
1331 1431 1424 1464 αὑτοῦ,
1442 1429 1479 1458 ὧν
1494 1432 1523 1459 ὲν
1543 1432 1604 1464 ταῖς
1625 1431 1746 1468 Γραφαῖς
1766 1432 1895 1466 ἐπηγγεί-

1102 1476 1178 1509 λατο,
1209 1476 1390 1513 πιστούμενος
1419 1476 1468 1512 τὴν
1492 1476 1638 1512 ἀλήθειαν·
1664 1476 1818 1512 ἔκδικήσειν
1840 1476 1894 1513 γὰρ

1103 1524 1285 1560 ἐπηγγείλατο
1307 1523 1371 1554 τοὺς
1390 1522 1461 1550 κατὰ
1478 1522 1523 1549 τὸν
1540 1522 1661 1559 παρόντα
1674 1522 1730 1558 βίον
1745 1523 1895 1558 κάδικουμέ-

1104 1579 1175 1602 νους,
1189 1571 1218 1597 ὲν
1231 1569 1321 1606 καιρῷ
1332 1569 1370 1605 τῷ
1382 1569 1432 1605 τῆς
1442 1569 1560 1604 κρίσεως
1571 1577 1577 1583 ·
1592 1569 1639 1595 καὶ
1652 1567 1718 1604 ἄλλη
1733 1567 1894 1601 ἐπαγγελία,

1104 1615 1144 1643 τό·
1155 1615 1298 1649 Μακάριοι
1308 1617 1335 1642 οι
1343 1614 1504 1646 πεινῶντες
1516 1613 1566 1640 καὶ
1578 1612 1735 1648 διψῶντες,
1748 1613 1791 1640 ὅτι
1810 1613 1894 1640 αὐτοὶ

1104 1659 1375 1695 χορτασθήσονται,
1386 1658 1470 1694 ὑμεῖς
1480 1658 1514 1685 δὲ
1528 1657 1694 1685 πεινάσετεθ
1704 1658 1772 1685 ἀλλὰ
1790 1658 1837 1685 καὶ
1853 1659 1896 1685 al-

1105 1705 1211 1741 σθητῶς
1235 1704 1337 1742 τροφήν
1360 1705 1389 1731 ὲν
1414 1705 1511 1741 ἐρήμῳ
1532 1706 1589 1736 τοῖς
1611 1703 1724 1731 πεινῶσι
1748 1704 1778 1730 τὸ
1808 1704 1895 1739 μάννα

1104 1752 1236 1788 παρέσχε,
1255 1752 1303 1779 καὶ
1317 1751 1398 1778 πέντε
1423 1751 1546 1786 χιλιάδας
1566 1750 1700 1787 διέθρεψε,
1716 1750 1763 1777 καὶ
1784 1750 1827 1776 διὰ
1848 1759 1895 1776 κο-

1106 1798 1198 1833 ράκων
1218 1796 1322 1829 Ἠλίαν,
1337 1796 1384 1823 καὶ
1399 1796 1433 1822 δι’
1456 1795 1618 1832 ’Δμὸακοὺμ
1629 1795 1676 1822 τοῦ
1693 1796 1831 1831 προφήτου
1849 1794 1895 1822 τὸν

1104 1842 1219 1879 Δανιήλ·
1237 1842 1348 1878 ἐποίησε
1363 1842 1392 1868 δὲ
1410 1841 1497 1879 κρίμα
1508 1843 1564 1874 τοῖς
1581 1841 1770 1877 ἀδικουμένοις
1794 1841 1894 1877 Ἰωσὴφ

1105 1889 1152 1916 καὶ
1165 1889 1303 1924 Σωσάννῃ,
1319 1888 1357 1924 τῷ
1374 1888 1424 1924 μὲν
1439 1888 1492 1915 ὑπὸ
1505 1888 1555 1923 τῆς
1571 1888 1734 1922 Αἰγυπτίας,
1750 1888 1783 1923 τῇ
1796 1887 1825 1914 δὲ
1842 1887 1895 1913 ὑπὸ

1104 1936 1158 1962 τῶν
1174 1934 1276 1971 κριτῶν
1299 1934 1415 1970 Ἰσραήλ,
1435 1934 1482 1961 καὶ
1498 1933 1537 1969 τῷ
1551 1933 1633 1960 Δαυῖδ
1655 1932 1707 1959 ὑπὸ
1726 1932 1824 1960 Σαούλ,
1841 1933 1896 1959 Καὶ

1105 1981 1196 2016 πλήρη
1206 1980 1261 2006 τῶν
1273 1979 1400 2006 τοιούτων
1415 1979 1450 2006 τὰ
1465 1979 1525 2006 θεῖα
1538 1978 1742 2014 συγγράμματα

1104 2028 1212 2062 Κίφιος
1239 2027 1306 2054 λύει
1335 2025 1573 2088 πεπεδημένους,
1596 2025 1704 2060 Κύριος
1730 2024 1824 2060 σοφοῖ
1849 2034 1897 2053 τυ-

1441 2069 1462 2088 ω
1485 2070 1547 2088 ους.

1440 2069 1547 2095 φνιους.

1140 2107 1348 2143 Πεπεδημένους
1365 2107 1433 2140 λύει,
1451 2107 1548 2142 ἄφεσιν
1573 2106 1716 2143 ἁμαρτιῶν
1731 2107 1817 2139 διδοὺς
1836 2108 1896 2139 ταῖς

1105 2155 1210 2190 σειραῖς
1231 2153 1286 2181 τῶν
1317 2154 1390 2180 ἰδίων
1415 2153 1623 2190 ἁμαρτημάτων
1655 2153 1893 2189 κατεσφιγμένοις.

1106 2201 1197 2228 Ἐοικε
1211 2200 1239 2226 δὲ
1253 2199 1298 2226 διά
1310 2199 1412 2227 τούτων
1420 2199 1587 2226 αἰνίττεσθαι
1596 2200 1646 2235 τὴν
1659 2199 1714 2227 τῶν
1731 2199 1815 2227 ἐθνῶν
1829 2199 1895 2234 χλῆ-

268 2247 335 2274 tium
349 2247 471 2280 innuere,
496 2253 601 2273 necnon
625 2245 731 2273 Domini
759 2245 830 2273 inter
845 2245 970 2273 homines
984 2253 1051 2280 pra:-

1107 2254 1159 2277 σιν,
1174 2245 1222 2272 καὶ
1238 2244 1285 2271 τοῦ
1302 2245 1406 2280 Κυρίου
1422 2244 1472 2280 τὴν
1492 2245 1533 2276 εἰς
1550 2244 1710 2280 ἀνθρώπους
1732 2245 1894 2280 παρουσίαν,

267 2293 394 2326 sentiam,
408 2299 436 2320 et
452 2293 516 2320 hinc
531 2292 630 2319 factam
647 2293 774 2320 omnibus
801 2291 973 2319 medicinam.
987 2291 1051 2320 [hec

267 2337 334 2366 mihi
347 2337 473 2371 cogitatio
493 2337 597 2370 incidit,
611 2337 638 2364 in
653 2337 812 2365 memoriam
828 2338 965 2365 revocanti
976 2337 1054 2365 Isaitn

266 2385 300 2412 de
310 2383 454 2411 Servatore
467 2387 558 2411 nostro
570 2383 785 2418 praedictionem,
808 2391 860 2419 qua
882 2384 967 2411 dicit:
985 2384 1053 2411 Ecce

266 2430 341 2464 posui
361 2435 384 2456 te
398 2433 427 2456 ut
436 2429 472 2456 si:
489 2429 573 2464 [aedur
584 2429 695 2464 generis,
710 2429 797 2456 lumen
806 2431 934 2465 gentium;
946 2435 973 2456 ut
984 2438 1050 2457 ocu-

267 2477 305 2504 los
320 2483 449 2503 amcorum
462 2476 575 2510 aperiat,
589 2481 616 2502 ul
629 2476 738 2503 vinculis
753 2477 868 2503 detento:
881 2477 1004 2510 expedias
1017 2477 1050 2505 ".

267 2523 313 2550 Sic
327 2523 400 2550 enim
417 2526 445 2550 et
467 2522 519 2550 hoc
531 2522 591 2549 loco
616 2522 745 2549 Dominus
767 2523 934 2557 compeditos
958 2523 1050 2550 solvit.

267 2567 334 2595 Tum
365 2573 392 2596 et
421 2567 486 2595 illud
506 2567 605 2594 dicitur
629 2576 636 2594 :
670 2566 798 2594 Dominus
826 2567 874 2594 dat
897 2568 972 2595 caci:
1004 2576 1050 2594 sa-

266 2614 402 2648 pientiam.
418 2613 491 2642 Sane
503 2614 602 2642 mirum
618 2617 671 2646 est,
685 2621 799 2648 corpore
818 2614 907 2646 caecis,
923 2614 982 2649 plus
1002 2613 1054 2641 ali-

268 2660 332 2695 quid
358 2660 543 2696 intelligentiae
567 2661 657 2687 inesse
681 2659 786 2694 solere,
807 2661 871 2695 quia
891 2659 961 2688 Deus
992 2660 1054 2688 illos

302 2746 325 2762 ⁷¹
344 2746 414 2774 Psal.
437 2755 522 2781 cxvii,
539 2749 604 2782 8,9.
642 2747 666 2765 ⁷⁶
679 2747 749 2776 Gen.
775 2755 818 2782 Ill,
836 2746 880 2775 l9.
918 2747 941 2764 ⁷⁷
955 2747 1050 2776 Matth.

1102 2746 1133 2780 ἃς
1153 2746 1220 2776 Luc.
1243 2747 1354 2781 “.21,
1372 2747 1417 2775 9.5.

304 2827 361 2864 (et)
376 2827 412 2855 De
426 2827 584 2864 praescripto
604 2829 667 2857 vitae
693 2829 808 2856 termino
823 2829 921 2864 legesis
938 2830 1044 2864 longam

269 2862 440 2927 ᾖ
453 2863 612 2897 patriarcha:
630 2864 690 2892 CP.‘
701 2862 921 2894 dissertatiohem
939 2873 953 2893 τι
971 2862 1049 2893 nobis

1105 2293 1155 2328 τήν
1178 2300 1208 2318 τε
1230 2291 1263 2318 δι’
1290 2291 1375 2326 αὐτῆς
1404 2290 1491 2318 ἅπασι
1523 2290 1709 2327 γενησομένην
1736 2290 1893 2327 θεραπείει.

1104 2338 1189 2365 Τοῦτο
1209 2337 1238 2364 δὲ
1254 2338 1326 2364 νοεῖν
1344 2346 1388 2372 μοι
1408 2336 1526 2372 ἐπῆλθεν
1540 2337 1581 2368 εἰς
1606 2338 1717 2373 μνήμην
1733 2337 1895 2365 ἀναλαϐόντι

1104 2384 1153 2420 τὴν
1174 2383 1285 2410 Ἡσαΐου
1299 2384 1364 2419 περὶ
1379 2383 1426 2410 τοῦ
1441 2383 1567 2419 Σωτῆρος
1583 2382 1662 2419 ήμῶν
1679 2383 1842 2419 πρόρρησιν,
1859 2383 1895 2410 δι’

1104 2428 1139 2466 ἦς
1152 2439 1234 2466 φησιν
1244 2439 1251 2446 ·
1279 2430 1351 2458 Ἰδοὺ
1368 2430 1485 2459 τέθεικά
1497 2437 1535 2457 σε
1547 2431 1590 2463 εις
1608 2430 1757 2464 διαθήκην
1774 2430 1893 2465 γένους,

1104 2478 1148 2510 εις
1160 2475 1223 2512 φῶς
1238 2476 1343 2509 ἐθνῶν,
1357 2476 1474 2509 ἀνοῖξαι
1486 2477 1660 2512 ὀφθαλμοὺς
1685 2476 1820 2512 τυφλῶν,
1846 2477 1895 2509 ἐξ·

1105 2522 1226 2559 ἀγαγεῖν
1237 2523 1271 2550 ἐκ
1282 2522 1402 2557 δεσμῶν
1417 2523 1606 2558 δεδεμένους.
1620 2523 1698 2551 Οὕτω
1712 2524 1766 2560 γὰρ
1787 2525 1835 2551 καὶ
1850 2524 1894 2551 ὲν-

1105 2567 1192 2606 ταῦθα
1206 2569 1220 2594 ό
1242 2567 1345 2603 Κύριος
1357 2568 1415 2595 λύει
1430 2568 1648 2605 πεπεδημένους·
1673 2570 1778 2605 εἴρηται
1799 2569 1827 2596 δὲ
1848 2569 1894 2596 καὶ

1105 2614 1146 2646 τὺ,
1170 2615 1202 2641 '0
1217 2614 1325 2648 Κύριος
1342 2614 1436 2649 σοφοῖ
1457 2615 1602 2649 τυφλούς·
1617 2615 1757 2651 θαυμάσαι
1772 2615 1794 2642 δ’
1806 2615 1892 2646 ἐστιν,

1106 2660 1179 2691 ὅπως
1193 2659 1239 2686 καὶ
1253 2659 1310 2691 τοῖς
1318 2659 1352 2687 τὰ
1365 2659 1478 2694 σώματα
1491 2668 1529 2696 πη
1533 2661 1589 2695 ροῖς
1613 2661 1705 2687 πλεῖόν
1717 2669 1744 2687 τι
1761 2660 1894 2692 συνέσεως

1455 2748 1478 2764 ⁷⁸
1494 2748 1545 2777 lsa.
1564 2756 1630 2780 xw,
1647 2748 1673 2776 6.

1142 2829 1198 2863 (‘25)
1215 2828 1253 2856 De
1281 2815 1380 2856 anima!
1406 2829 1479 2856 exitu
1496 2829 1592 2864 legitur
1618 2828 1729 2856 homilia
1746 2828 1775 2856 S.
1796 2828 1891 2864 (ιιι-1111

1105 2864 1376 2899 AlexLedilionibns,
1392 2872 1472 2899 quam
1494 2863 1584 2892 tamen
1599 2863 1706 2892 codices
1717 2871 1731 2890 a
1743 2871 1785 2890 me
1797 2863 1893 2890 obser-

1107 2900 1162 2928 vati
1175 2898 1505 2943 Theophiloejus'patruo
1518 2908 1549 2928 ac
1566 2900 1703 2928 decessori
1723 2899 1857 2926 tribuunt.
