2059 3215
275 177 307 204 87

624 175 756 203 EUSEBII
775 175 1008 203 CESARIENSIS
1028 174 1103 202 OPP.
1126 174 1213 201 PARS
1233 173 1278 201 Ill.
1296 189 1331 194 —
1351 174 1558 204 EXEGETICA.

1861 181 1896 205 08

273 235 461 262 demonstrans
474 233 557 261 Deum
570 241 623 261 non
639 236 756 269 partium
784 234 970 262 tantummodo
984 233 1054 260 orbis

1110 232 1159 267 τῆς
1175 231 1289 258 καθόλου
1306 232 1449 267 Προνοίας,
1465 233 1582 266 δεικνὺς,
1590 234 1628 266 ὡς
1642 234 1672 261 οὺ
1689 235 1769 269 μόνον
1785 235 1896 270 κηδεται

273 287 365 307 curam
375 287 477 315 gerere,
488 288 580 307 verum
594 281 677 307 etiam
692 281 872 307 humanorum
884 280 1055 314 dognlatum:

273 331 301 352 et
317 327 387 360 quod
401 326 474 353 solus
489 326 597 353 noverit
618 331 756 353 astrorum
773 333 930 356 numerum,
943 324 1056 360 positio-

274 379 333 403 nes,
348 376 375 399 et
385 379 494 405 causas,
508 372 709 406 magnitudines
718 379 829 407 quoque
849 376 876 398 et
892 371 1035 398 distantias
1048 390 1056 402 ,

274 417 425 445 virtuteset
446 417 603 450 eﬂicaciam,
630 418 777 452 unicuique
805 417 931 445 idoneum
960 424 1057 444 nomen

275 464 425 497 imponens.

349 508 429 536 Vsus.
443 508 468 535 τ.
484 508 622 535 Prwcinito
636 508 750 535 Domino
772 508 799 534 in
812 507 986 542 confessione.

311 553 500 589 Symmachus,
518 553 654 581 Rscensete
675 553 731 582 Deo
748 553 948 588 confessionem,
971 553 1058 580 canit:

276 599 329 627 Deo
338 606 427 627 nostro
441 609 500 627 cum
513 601 581 636 lyra.
600 600 695 635 Aquila
711 609 718 627 :
730 599 867 626 Recensete
876 599 988 626 Domino
998 607 1057 625 cum

273 646 418 680 gratiarum
438 647 550 679 actione,
571 647 656 673 cunila
675 645 729 673 Deo
747 651 839 672 nostro
866 653 926 671 cum
939 644 1055 671 cithara.

273 692 323 725 Qui
351 692 412 719 aliis
439 691 637 719 confessionem
655 695 682 718 et
703 691 835 726 psalmum
851 691 998 725 imperant,
1015 690 1058 717 di-

273 738 344 765 versi
354 738 413 765 sine
427 737 508 764 dnbio
519 741 583 764 sunt
595 737 629 764 ab
641 737 675 764 iis
693 736 790 772 quibus
813 736 971 771 imperatur.
986 735 1057 769 Ergo

273 785 371 811 chorus
385 782 558 818 propheticus
568 787 597 810 et
612 782 775 817 apostolicus
788 781 821 809 ad
833 782 958 809 eumdem
972 780 1056 808 Deum

273 836 329 859 eos.
345 829 389 863 qui
405 828 437 856 de
451 835 565 855 numero
586 836 638 855 ιιοιι
656 831 744 859 erant,
767 831 856 857 vocat.
877 827 1002 853 ethnicos
1019 825 1058 853 ni-

273 874 382 905 mirum.
399 875 492 902 dicens
509 883 515 901 :
534 873 645 901 Psaltite
667 873 720 900 Deo
733 879 834 900 nostro.
849 871 948 900 Jubth
964 878 1055 899 autem

273 920 330 947 haec
343 920 435 950 verba,
453 923 541 947 mente
557 920 667 954 quidem
683 924 710 946 et
725 918 935 953 cogitationibus
959 918 1057 944 animae

272 966 408 996 conﬁteri.
423 965 547 1000 corporis
561 970 650 992 autem
666 965 804 1000 operibus.
819 963 903 991 veluti
924 963 1000 998 pulsa
1016 963 1056 990 ci-

273 1010 363 1043 thara,
389 1011 439 1045 ipsi
465 1010 596 1045 psallere.
611 1010 645 1036 Et
667 1010 774 1044 quidem
790 1016 866 1036 more
883 1017 933 1036 suo
958 1016 1058 1042 corpus

273 1056 391 1090 psalterii
409 1056 574 1090 citharaeque
585 1055 696 1082 nomine
712 1054 854 1082 Psalmista
868 1054 991 1086 denotat,
1007 1061 1056 1081 ceu

273 1101 404 1129 concinne
417 1107 445 1129 et
456 1101 578 1136 sapiente
595 1108 658 1129 cum
673 1101 815 1128 harmonia
829 1105 1012 1134 compactum.
1028 1100 1056 1127 In

272 1147 324 1175 hoc
342 1148 414 1174 enim
430 1155 507 1175 mens
529 1147 637 1174 virtutis
651 1146 779 1181 operibus
798 1155 910 1180 canens,
937 1147 1056 1174 divinam

271 1193 478 1228 spiritalemque
492 1193 548 1221 Deo
567 1193 657 1220 reddit
677 1192 831 1220 melodiam.

362 1334 442 1361 Vsus.
463 1335 490 1362 9.
508 1333 559 1366 Qui
572 1334 617 1360 dat
635 1342 721 1360 escam
737 1333 816 1368 pullis
828 1340 964 1360 corvorum

525 1370 705 1395 invocantibus
725 1377 796 1395 eum.

307 1413 416 1441 Tradita
432 1413 510 1440 nobis
526 1418 567 1440 est
587 1412 699 1448 physica
715 1412 835 1447 quaedam
852 1411 991 1445 doctrina,
1005 1418 1055 1438 ceu

272 1460 293 1488 si
308 1459 371 1494 pulli
394 1467 538 1486 corvorum
555 1465 570 1485 a
597 1459 654 1485 suis
670 1457 839 1493 parentibus.
856 1464 908 1484 non
925 1464 1001 1492 teque
1024 1465 1056 1484 ac

271 1505 341 1532 alius
353 1505 458 1540 generis
477 1504 566 1532 avium
589 1504 664 1538 pulli,
692 1503 810 1531 alantur.
825 1502 929 1530 Revera
945 1503 1055 1530 destitui

271 1552 397 1578 dicuntur
422 1558 437 1578 a
463 1551 631 1586 genitoribus
655 1551 711 1578 suis
740 1557 883 1577 corvorum
905 1549 982 1584 pulli,
1007 1549 1054 1576 sed

272 1601 364 1626 tamen
377 1596 456 1624 aliter
468 1597 502 1622 ali
518 1595 678 1623 mirabiliter
692 1603 706 1621 a
724 1595 769 1622 Dei
782 1594 913 1630 potentia.
938 1593 1006 1621 Nam
1028 1599 1055 1621 et

271 1647 414 1677 antequam
439 1643 540 1678 proprii
570 1647 697 1677 parentes
727 1641 870 1673 accedant,
903 1639 980 1667 hiare
1006 1647 1054 1667 ore

269 1688 408 1722 dicuntur,
435 1696 504 1716 esca:
523 1688 706 1719 necessitate;
730 1691 769 1719 et,
784 1691 814 1713 ut
829 1687 918 1714 solent
942 1686 980 1714 illi
1005 1686 1054 1720 qui

272 1735 356 1762 Deum
386 1735 530 1766 invocant,
548 1734 662 1760 naturali
686 1733 801 1768 quodam
817 1732 946 1760 instinctu
962 1732 1052 1759 cibum

270 1785 362 1816 petere
374 1780 408 1807 ab
422 1787 454 1807 eo
467 1780 511 1814 qui
527 1784 652 1806 naturam
666 1778 786 1806 donavit.
798 1777 885 1812 Atque
901 1778 936 1804 ita
950 1776 1053 1805 deferri

271 1828 304 1853 ad
323 1834 370 1853 eos
386 1833 434 1861 per
449 1833 538 1853 aerem
556 1832 646 1853 escam
660 1825 791 1859 aliquam,
810 1831 876 1851 aura
892 1824 1007 1858 quadam
1026 1825 1052 1851 in

268 1881 299 1901 os
314 1872 442 1901 delatam.

500 1970 662 1999 PSALMUS
676 1969 806 1999 CXLVII.

351 2017 433 2044 Vens.
453 2016 480 2043 8.
493 2017 659 2043 Annuutians
671 2017 775 2043 verbum
790 2023 866 2042 suum
878 2015 972 2043 Iacob.

303 2063 349 2090 Ait
366 2062 508 2090 Eusebius.
528 2064 663 2090 Accurate
680 2061 825 2088 admodum
853 2062 960 2088 videtur
986 2061 1052 2087 mihi

269 2110 321 2138 hoc
336 2109 493 2136 vocabulum
509 2108 610 2142 aliquid
628 2109 738 2140 docere,
769 2115 866 2142 nempe
891 2108 1052 2134 annuntians

268 2163 412 2183 sermonem
431 2163 508 2181 suum
522 2154 634 2181 Jacobo.
650 2153 708 2180 Non
723 2153 796 2180 enim
811 2153 879 2180 dixit
892 2154 996 2180 mittens
1011 2152 1051 2179 vel

1072 903 1093 930 B

1069 1571 1089 1600 C

1107 276 1162 302 τῶν
1181 276 1228 303 τοῦ
1245 277 1348 312 κόσμου
1364 277 1466 313 μερῶν,
1493 278 1560 305 ἀλλὰ
1579 279 1626 305 καὶ
1647 279 1701 305 τῶν
1717 279 1896 315 ἀνθρωπίνων

1107 322 1265 357 δογμάτων·
1285 323 1330 349 καὶ
1349 323 1428 358 μόνος
1440 323 1558 359 ἀριθμὸν
1579 324 1687 361 ἄστρων
1708 323 1772 356 οἶδε,
1788 326 1835 352 καὶ
1851 325 1895 352 θέ-

1108 376 1175 400 σεις,
1198 368 1246 394 καί
1269 368 1319 400 τὰς
1342 369 1442 401 αἰτίας,
1469 370 1569 406 μεγέθη
1592 379 1621 397 τε
1637 371 1684 398 καὶ
1705 372 1896 407 ἀποστήματα.

1107 413 1236 448 δυνάμεις
1251 423 1280 440 τε
1298 414 1345 441 καὶ
1360 415 1512 450 ἐνεργείας,
1524 416 1631 451 ἑκάστῳ
1645 417 1798 453 πρόσφορον
1812 417 1896 453 ὄνομα

1107 459 1223 495 τίθησιν.

1191 505 1350 540 Ἐξάρξατε
1370 505 1410 538 τῷ
1424 507 1521 540 Κυρίῳ
1537 507 1571 533 ἐν
1585 507 1811 543 ἐξομολογησει.

1149 550 1177 577 '0
1193 550 1351 586 Σύμμαχος,
1367 552 1612 585 Καταλέξατελτῷ
1633 554 1731 588 Κυρίῳ
1753 554 1896 589 ἐξομολό-

1107 604 1208 631 γησιν,
1230 596 1427 632 μελῳδήσατε
1453 597 1493 630 τῷ
1524 597 1584 630 Θεῷ
1607 598 1691 634 ἡμῶν
1714 599 1763 626 διὰ
1789 601 1893 634 λύρας.

1115 642 1238 674 Ἀκύλας,
1256 643 1445 675 Καταλέξατε
1467 643 1507 676 τῷ
1529 645 1627 678 Κυρίῳ
1652 645 1687 671 ἐν
1711 646 1894 680 εὐχαριστίᾳ,

1104 687 1300 721 μελῳδήσατε
1313 687 1353 721 τῷ
1368 688 1428 721 Θεῷ
1443 689 1528 723 ἡμῶν
1539 689 1573 716 ἐν
1585 689 1700 723 κιθάρᾳ.
1716 691 1747 716 Oi
1759 691 1896 726 προστάτ-

1107 742 1197 764 τοντες
1213 734 1316 769 ἑτέροις
1333 733 1550 769 ἐξομολογεῖσθαι
1567 736 1613 762 καὶ
1629 735 1749 770 ψάλλειν,
1764 736 1851 772 ἕτεροι
1863 737 1896 764 ἂν

1106 777 1161 806 εἷεν
1181 780 1234 806 τῶν
1257 779 1508 815 προσταττομένων·
1527 780 1606 816 χορὸς
1620 781 1708 807 τοίνυν
1729 782 1896 817 προφητικὺς

1106 826 1150 852 διὰ
1166 825 1276 865 τούτων.
1284 826 1331 853 καὶ
1343 825 1522 857 άποστολικδς
1538 827 1586 852 ἐπὶ
1598 827 1644 854 τὸν
1662 827 1742 854 αὑτὸν
1755 827 1820 854 Θεὸν
1832 828 1896 860 τοὺς

1109 873 1146 908 μὴ
1161 873 1242 905 ὄντας
1253 872 1283 905 ἐξ
1296 872 1385 900 αὐτῶν
1399 872 1583 904 ἀνακαλεῖται,
1602 873 1665 903 τοὺς
1677 873 1731 900 ἀπὸ
1742 873 1797 900 τῶν
1810 874 1895 900 ἐθνῶν

1108 918 1238 954 δηλονότι,
1255 919 1389 953 λέγοντες·
1410 919 1528 947 Ψάλατε
1550 918 1591 952 τῷ
1615 918 1675 951 Θεῷ
1693 918 1786 954 ἡμῶν.
1807 920 1894 955 Προσ-

1107 965 1199 991 τάττει
1219 965 1248 991 δὲ
1273 966 1287 991 ό
1309 965 1387 999 λόγος
1400 965 1504 1000 διανοίᾳ
1521 965 1571 1000 μὲν
1592 966 1639 991 καὶ
1656 964 1795 1000 λογισμοῖς
1807 965 1894 1001 ψυχῆς

1107 1009 1340 1045 ἐξομολογεῖσθαι,
1369 1010 1459 1045 ἔργοις
1483 1010 1511 1037 δὲ
1539 1011 1596 1043 τοῖς
1625 1010 1671 1037 διὰ
1693 1011 1741 1038 τοῦ
1770 1010 1894 1046 σώματος

1107 1053 1201 1090 ὥσπερ
1231 1055 1275 1082 διὰ
1304 1055 1418 1090 κιθάρας
1443 1055 1643 1091 ἐνεργουμένης
1668 1055 1779 1090 ψάλλειν
1808 1056 1892 1091 αὐτῷ·

1108 1100 1229 1135 συνήθως
1242 1101 1272 1127 δὲ
1286 1101 1317 1127 τὸ
1335 1101 1413 1136 σῶμα
1433 1101 1581 1137 ψαλτήριον
1598 1102 1646 1128 καὶ
1660 1102 1775 1138 κιθάραν
1787 1102 1894 1138 ὠνόμα-

1108 1155 1164 1178 σεν,
1180 1147 1229 1174 ἃτε
1242 1147 1386 1183 εὐρύθμως
1402 1149 1450 1174 καὶ
1466 1148 1526 1183 μεθ’
1535 1148 1667 1184 ἁρμονίας
1682 1148 1767 1183 σοφῆς
1786 1149 1895 1183 συγκεί-

1108 1203 1188 1228 μενον
1197 1202 1204 1209 '
1227 1195 1256 1221 ὲν
1278 1194 1364 1229 τούτῳ
1376 1194 1431 1230 γὰρ
1451 1195 1464 1221 ὁ
1477 1195 1539 1226 νοῦς
1553 1195 1768 1231 ἀνακρουόμενος
1780 1195 1824 1222 διὰ
1839 1195 1895 1222 τῶν

1107 1242 1166 1267 κατ’
1183 1240 1285 1275 ἀρετὴν
1307 1240 1433 1276 πράξεων
1454 1239 1618 1277 τὴν“ἔνθεον
1637 1241 1683 1268 καὶ
1706 1242 1895 1278 πνευματικὴν

1108 1286 1242 1321 μελῳδίαν
1258 1287 1415 1322 ἀναπέμπει
1431 1286 1469 1322 τῷ
1481 1286 1541 1322 Θεῷ
1558 1287 1628 1322 (27).

1107 1332 1221 1359 Διδόντι
1239 1332 1418 1368 τροφὴν-,καὶ
1433 1333 1495 1366 τοῖς
1518 1334 1659 1368 νεοσσοῖς
1677 1333 1736 1360 τῶν
1756 1333 1894 1368 κοράκων

1278 1367 1339 1400 τοῖς
1353 1367 1601 1402 ἐπικαλουμένοις
1615 1369 1717 1396 αὐτόν.

1142 1409 1228 1439 Ἦλθε
1245 1412 1273 1439 δέ
1287 1421 1329 1444 τις
1345 1413 1384 1444 εἰς
1396 1413 1470 1448 ἡμᾶς
1495 1413 1607 1447 φυσικὸς
1619 1412 1707 1448 λόγος,
1722 1414 1760 1446 ὡς
1778 1414 1816 1450 μὴ
1831 1422 1894 1450 τρε-

1107 1458 1231 1493 φομένων
1242 1459 1356 1485 νεοττῶν
1364 1459 1417 1485 τῶν
1430 1459 1554 1495 κοράκων
1564 1459 1616 1486 ὑπὸ
1627 1459 1681 1487 τῶν
1691 1460 1892 1495 γεννησάντων,

1106 1504 1206 1539 ὁμοίως
1221 1506 1277 1536 τοῖς
1292 1504 1344 1531 τῶν
1359 1504 1446 1531 ἄλλων
1465 1504 1566 1540 ὀρνέων
1588 1506 1715 1537 νεοττοῖς·
1733 1505 1895 1532 καταλείπε-

1107 1548 1169 1575 σθαι
1185 1548 1234 1584 μὲν
1249 1548 1303 1584 γὰρ
1323 1548 1376 1575 τῶν
1395 1550 1520 1585 κοράκων
1535 1550 1602 1584 φασὶ
1621 1550 1684 1581 τοὺς
1698 1550 1822 1581 νεοττοὺς
1842 1549 1894 1576 ὑπὸ

1107 1594 1161 1620 τῶν
1172 1594 1384 1629 γεγεννηκότων,
1396 1594 1542 1630 τρέφεσθαι
1561 1595 1590 1622 δὲ
1601 1595 1673 1631 ἄλλῳ
1691 1595 1834 1631 παραδόξῳ
1846 1595 1893 1622 τοῦ

1108 1640 1176 1667 Θεοῦ
1199 1641 1329 1677 δυνάμει*
1357 1641 1455 1676 μηκέτι
1486 1642 1540 1678 γὰρ
1571 1642 1661 1674 αὐτοῖς
1689 1641 1894 1678 πλησιαζόντων

1107 1687 1319 1722 γεγεννηκότων,
1344 1687 1488 1722 κεχηνέναι
1509 1687 1539 1714 τὸ
1560 1687 1645 1723 στόμα
1668 1688 1771 1723 τροφῆς
1793 1687 1892 1722 ἐνδείᾳ,

1107 1732 1154 1758 καὶ
1173 1732 1289 1759 ἑοικέναι
1309 1731 1532 1767 ἐπικαλουμένοις
1551 1733 1596 1759 τὸν
1620 1733 1697 1764 Θεὸν,
1722 1735 1822 1769 φυσικῇ
1840 1741 1893 1760 τινι

1107 1778 1231 1814 ἐνεργείᾳ
1248 1778 1297 1812 τὴν
1309 1778 1411 1814 τροφὴν
1425 1777 1566 1810 αἰτοῦντας
1580 1778 1655 1814 παρὰ
1667 1779 1714 1806 τοῦ
1729 1778 1834 1807 τὸεῖναι
1845 1781 1893 1808 αὒ-

1106 1825 1162 1856 τοῖς
1177 1824 1362 1860 δεδωρημένου
1372 1832 1378 1838 ·
1393 1823 1464 1850 οὕτω
1479 1824 1507 1850 δὲ
1523 1824 1653 1860 φέρεσθαι
1673 1825 1766 1857 αὐτοῖς
1782 1834 1841 1853 τινα
1863 1826 1893 1858 ἐξ

1106 1864 1309 1906 ἀέρος’τροφὴν
1326 1868 1397 1896 κατὰ
1415 1869 1462 1896 τοῦ
1487 1871 1620 1906 στόματος
1641 1872 1694 1898 ὑπό
1714 1880 1786 1904 τινος
1805 1872 1892 1908 αὔρας

1108 1926 1136 1942 τυ
1141 1916 1224 1942 ¹ιωθου
1229 1916 1323 1952 μένην,

1378 1973 1523 2000 ΨΑΛΜΟΣ
1539 1973 1628 2001 PMZ‘.

1147 2020 1177 2046 ὀ
1192 2018 1391 2054 ἀπαγγέλλων
1404 2019 1458 2046 τὸν
1475 2019 1567 2054 λόγον
1578 2019 1672 2047 αὐτοῦ
1688 2019 1727 2052 τῷ
1749 2019 1855 2047 Ἰακώϐ.

1139 2066 1207 2100 Φησὶ
1217 2065 1246 2092 δὲ
1261 2065 1308 2092 καὶ
1318 2064 1333 2090 ὁ
1347 2064 1475 2096 Εὑσέδιος
1491 2065 1557 2100 (28).
1568 2066 1673 2101 Σφόδρα
1685 2066 1713 2092 δὲ
1730 2065 1890 2102 ἀπηκριϐω-

1107 2112 1194 2147 μένως
1208 2120 1253 2147 μοι
1267 2111 1340 2138 δοκεῖ
1349 2113 1366 2146 ἡ
1382 2111 1506 2146 παροῦσα
1519 2111 1590 2143 λέξις
1598 2112 1744 2145 διδάσκειν,
1763 2111 1789 2138 '0
1802 2111 1892 2146 ἀπαγ-

1105 2157 1221 2192 γέλλων
1235 2156 1287 2183 τὸν
1298 2157 1391 2190 λόγον
1411 2157 1504 2184 αὐτοῦ
1517 2157 1556 2190 τῷ
1576 2157 1686 2184 Ἰφιώᾶ
1703 2157 1733 2184 οὐ
1746 2158 1800 2193 γάρ
1816 2158 1892 2194 εἴρη-

267 2201 312 2236 qui
324 2202 405 2228 misit.
423 2201 503 2228 Aliud
515 2208 580 2228 vero
595 2205 636 2227 est
648 2200 823 2232 aununtiare,
846 2199 918 2226 aliud
944 2199 1052 2226 mittere

1106 2210 1163 2234 κεν,
1185 2203 1202 2228 ὀ
1226 2201 1434 2233 ἀποστέλλων,
1452 2202 1468 2238 ἣ
1492 2203 1509 2229 ό
1531 2203 1726 2236 ἀποστείλας.
1749 2203 1829 2230 ’Λλλο
1843 2203 1891 2238 δή-

269 2249 309 2276 vel
324 2248 403 2275 mitti.
425 2247 504 2275 Prius
520 2248 594 2275 enim
612 2246 749 2281 portendit
764 2246 836 2280 quod
853 2245 973 2272 futurum
991 2250 1050 2278 est,

1106 2256 1157 2274 που
1169 2247 1243 2274 ἐστὶν
1256 2248 1432 2282 ἀπαγγεῖλαι,
1446 2248 1494 2275 καὶ
1506 2248 1568 2275 ἄλλο
1584 2249 1613 2275 τὸ
1627 2248 1784 2275 ἀποστεῖλαι
1800 2248 1816 2284 ἢ
1828 2249 1893 2275 ἀπο-

267 2298 295 2321 et
310 2293 449 2328 praedicit;
476 2292 590 2320 alterum
606 2299 671 2320 Vero
700 2299 756 2319 rem
774 2296 932 2325 prmsentem
950 2290 1050 2326 signiti-

247 2374 250 2377 '
267 2343 321 2371 cat,
333 2339 359 2366 id
372 2343 424 2372 est,
440 2346 519 2374 quem
538 2339 595 2374 ipse
610 2338 684 2365 misit
695 2338 727 2365 ad
743 2337 956 2372 praedicandum.
971 2337 1008 2363 lta
1024 2340 1053 2363 ut

254 2378 436 2415 rannuntiatio
448 2384 556 2418 quidem
575 2388 603 2411 et
629 2382 767 2418 pratdictio
782 2382 877 2414 futuri,
899 2383 945 2408 uni
959 2381 1051 2409 lsraeli

267 2430 339 2458 facta
365 2429 460 2463 fuerit;
482 2430 575 2457 missio
605 2435 695 2456 autem
726 2437 778 2456 non
796 2429 860 2455 huic
880 2428 937 2459 uni,
956 2435 1050 2454 verum

266 2478 348 2504 etiam
367 2477 472 2503 cunctis
484 2475 544 2502 aliis
555 2475 691 2510 gentibus.
712 2473 768 2501 Sed
786 2473 902 2501 fortasse
913 2473 986 2501 dicet
999 2473 1051 2500 ali-

266 2523 328 2557 quis
341 2531 349 2550 :
367 2522 396 2549 Si
409 2522 515 2549 cateris
531 2521 686 2549 hominibus
700 2521 893 2548 revelationem
905 2528 958 2547 non
975 2520 1049 2554 fecit,

266 2570 401 2604 quomodo
420 2577 467 2597 eos
483 2570 570 2604 punit,
584 2574 680 2602 nempe
696 2568 778 2594 etiam
795 2567 856 2594 illos
871 2567 916 2601 qui
935 2571 998 2593 ante
1012 2566 1051 2593 Ie-

267 2622 327 2649 gem
345 2615 480 2646 vixerunt,
499 2619 525 2642 et
549 2618 605 2640 toto
627 2613 695 2640 orbe
714 2617 875 2647 peccatores
890 2611 987 2638 fuere?
1007 2610 1051 2638 Di-

267 2660 353 2691 cimus
367 2667 432 2695 ergo
447 2660 498 2687 hos
513 2659 622 2694 quidem
634 2658 752 2693 iudicari
768 2665 782 2684 a
800 2657 855 2685 Deo
874 2664 906 2684 ex
916 2657 978 2692 jure
1006 2664 1052 2684 na-

268 2705 360 2738 turali,
374 2705 445 2740 quod
462 2704 540 2732 nobis
567 2704 702 2737 inhaeret;
725 2701 860 2729 lsraelitas
882 2706 971 2728 autem
994 2705 1050 2728 tum

1102 2293 1274 2320 στέλλεσθαι·
1303 2294 1334 2320 τὸ
1356 2294 1404 2329 μὲν
1425 2294 1480 2330 γὰρ
1501 2294 1652 2330 προμηνύει
1677 2294 1708 2321 τὸ
1730 2294 1824 2330 μέλλον
1844 2295 1892 2321 καὶ

1101 2339 1238 2375 προλέγει·
1263 2340 1294 2366 τὸ
1311 2339 1340 2366 δὲ
1360 2340 1510 2375 παρουσίαν
1532 2333 1670 2376 σημαίνει,
1696 2341 1743 2367 καὶ
1758 2340 1805 2366 τὸν
1824 2341 1892 2368 ἀπο-

1102 2385 1235 2412 σταλέντα
1253 2385 1286 2412 δι*
1302 2385 1399 2412 ἑαυτοῦ
1413 2385 1557 2421 κηρύττειν
1567 2395 1573 2401 ·
1590 2386 1659 2413 ὥστε
1679 2386 1728 2421 τὴν
1742 2386 1790 2422 μὲν
1803 2387 1892 2420 ἀπαγ-

1101 2429 1194 2464 γελίαν
1211 2431 1258 2457 καὶ
1270 2430 1319 2466 τὴν
1334 2432 1485 2467 πρόρρησιν
1498 2431 1545 2457 τοῦ
1562 2431 1714 2466 μέλλοντος,
1727 2431 1891 2466 γεγενῆσθαι

1105 2475 1181 2511 παρὰ
1205 2475 1279 2511 μόνῳ
1293 2475 1333 2511 τῷ
1357 2475 1474 2512 Ἰσραὴλ,
1497 2476 1546 2512 τὴν
1562 2476 1589 2502 δὲ
1612 2477 1764 2512 ἀποστολὴν
1787 2477 1836 2504 οὐκ
1857 2477 1891 2504 ἂν

1104 2521 1199 2557 ἐκείνῳ
1217 2521 1300 2558 μόνῳ,
1323 2521 1391 2549 ἀλλὰ
1415 2523 1462 2548 καὶ
1485 2523 1551 2549 πᾶσι
1574 2524 1630 2554 τοῖς
1653 2522 1756 2554 λοιποῖς
1775 2522 1889 2549 ἔθνεσιν.

1109 2563 1178 2594 Ἀλλ’
1195 2565 1260 2596 ῐσως
1272 2564 1344 2591 εἴποι
1360 2574 1401 2597 τις
1413 2565 1456 2592 ἄν·
1470 2566 1524 2592 Καὶ
1539 2565 1576 2601 μὴ
1586 2566 1709 2602 δηλώσας
1722 2568 1778 2599 τοῖς
1788 2567 1892 2600 λοιποῖς

1103 2609 1266 2645 ἀνθρώποις,
1289 2610 1347 2643 πῶς
1363 2611 1460 2643 αὐτοὺς
1479 2611 1597 2644 κολάζει,
1620 2615 1667 2639 καὶ
1687 2614 1750 2646 τοὺς
1769 2613 1822 2648 πρὸ
1843 2614 1890 2640 τοῦ

1103 2656 1187 2692 νόμον
1201 2657 1249 2683 καὶ
1267 2657 1329 2688 τοὺς
1344 2657 1500 2693 ἁπανταχοῦ
1520 2657 1570 2693 τῆς
1591 2659 1753 2694 οἰκουμένης
1766 2659 1891 2696 ἁμαρτά-

1104 2711 1218 2734 νοντας;
1234 2703 1288 2729 Καὶ
1306 2702 1404 2738 φαμέν·
1419 2703 1535 2736 Τούτους
1548 2705 1597 2740 μὲν
1615 2705 1703 2741 κρίνει
1718 2706 1772 2732 ἀπὸ
1783 2706 1830 2733 τοῦ
1844 2715 1891 2741 φυ-

264 2752 326 2787 jure
341 2751 469 2783 naturali,
481 2756 537 2778 tum
546 2753 628 2778 etiam
639 2750 754 2783 scripto,
770 2748 808 2774 ita
823 2752 853 2774 ut
868 2747 956 2782 majus
968 2747 1052 2774 bette-

1106 2747 1183 2775 σικοῦ
1205 2748 1287 2783 νόμου
1305 2749 1353 2776 καὶ
1375 2749 1421 2775 τοῦ
1439 2750 1468 2776 ὲν
1488 2751 1564 2786 ἡμῖν,
1585 2752 1647 2783 τοὺς
1667 2751 1695 2778 δὲ
1721 2751 1891 2788 Ἰσραηλίτας

302 2866 358 2901 ('27)
375 2865 473 2893 Conter
491 2872 583 2892 rursus
599 2864 661 2901 hac,
677 2870 758 2901 super
778 2869 807 2889 re
830 2860 1046 2901 Nicetaeenditum
1067 2868 1082 2889 ι
1097 2863 1173 2890 nobis
1182 2863 1324 2899 prologum
1342 2863 1451 2893 Catenae
1470 2865 1579 2894 Patrum
1593 2866 1620 2895 in
1634 2866 1765 2895 Psalmos.

301 2895 358 2934 {2'5}
371 2901 467 2929 Recole
483 2902 608 2928 adnotata
629 2899 661 2926 ad
681 2895 812 2933 psalmum
830 2903 920 2928 cxctv,
935 2895 978 2923 15.
