2059 3215
169 179 205 208 69
539 190 544 196 ·
737 171 989 203 COMMENTARIA
1010 172 1044 202 IN
1063 171 1235 201 PSALMOS.
1773 163 1807 190 70

170 241 218 268 καὶ⁸
237 240 293 267 ἀπὸ
305 239 401 266 τούτου
419 237 466 265 καὶ
483 237 537 266 ἀπὸ
558 236 606 264 τοῦ
629 235 754 272 γραπτοῦ
777 236 845 271 (29),
857 235 928 262 ὥστε
949 236 966 271 ἡ

1025 235 1122 265 icium.
1140 232 1252 267 majoris
1277 228 1462 258 damnationis
1485 228 1529 256 bis
1544 234 1626 255 causa
1655 226 1712 259 ﬁat,
1739 224 1807 252 obe-

171 286 257 322 πολλὴ
277 285 424 320 εὐεργεσία
445 284 568 316 πλείονος
589 284 681 316 αὐτοῖς
696 283 886 319 κατακρίσεως
903 282 967 309 ὑπόα

1020 281 1151 308 dicntiam
1167 278 1379 316 negligentibus.
1397 276 1501 303 Idcirco
1519 274 1591 302 Deus
1615 272 1687 300 haud
1717 271 1806 298 dixit:

171 318 257 364 θειτις⁷
270 318 377 366 γίνεται
403 331 620 367 ῥεραθυμηκόσι·
640 330 684 357 διὰ
704 318 793 356 τοῦτον
815 329 863 356 καὶ
885 328 967 361 αὐτὸς

1025 327 1076 355 Non
1092 326 1156 354 fecit
1167 325 1241 352 omni
1262 324 1347 360 genti,
1363 323 1410 351 sed
1424 321 1469 350 Sic
1486 329 1537 348 non
1549 319 1610 356 fecit
1619 328 1630 352 ;
1645 318 1671 346 id
1685 321 1738 349 est,
1755 324 1807 344 non

171 378 223 405 οὐκ
242 376 327 409 εἶπεν,
348 378 390 405 ὅτι
405 377 456 404 οὐκ
476 377 588 411 ἐποίησε
605 376 686 403 παντὶ
702 376 785 408 ἔθνει,
801 375 858 403 ἀλλ’
874 376 968 410 οὕτως

1025 374 1125 401 tabulas
1140 372 1226 404 misit,
1240 378 1292 398 non
1309 370 1414 397 litteras
1426 369 1452 396 in
1464 372 1556 396 monte
1568 366 1646 398 Sina,
1659 363 1706 392 sed
1725 370 1808 398 pecu-

172 425 228 450 οὐκ
236 423 372 457 ἐποίησε·
381 422 521 449 τουτέστιν
531 422 562 448 οὐ
576 421 684 454 πλάκας
697 421 830 457 ἐπεμψεν,
839 421 869 448 οὒ
879 421 969 458 γράμ-

174 478 246 504 ματα
280 469 314 496 τὰ
333 469 381 496 ἐπὶ
412 468 460 495 τοῦ
493 468 585 495 Σινέου
609 468 699 504 ὅρους,
726 468 796 495 ἀλλὰ.
829 469 887 500 τοῖς
913 469 978 494 ‘Iou-

172 517 256 549 δαίοις
271 518 304 544 ὲκ
320 517 491 553 περιουσίας.

432 563 581 591 ΨΔΛΜΟΣ
606 564 698 590 PMI-I’.

213 610 258 636 Ἐν
276 609 326 646 μὲν
340 609 379 646 τῷ
394 610 454 646 ρμε¹
474 609 575 645 ψαλμῷ
599 610 649 645 μία
665 609 727 636 καθ’
744 609 843 645 ἑαυτὴν
859 610 875 644 ἡ
893 608 966 644 ψυχὴ

172 657 218 683 τὸν
235 655 338 693 Κύριον
365 657 449 683 αἰνεῖν
467 655 617 688 ἐκελεύετο,
640 655 789 690 φάσκοντος
811 655 859 682 τοῦ
876 654 966 689 λόγου,

173 702 266 734 Λῖνει,
285 702 304 735 ἠ
327 701 413 737 ψυχή
433 711 503 737 μου,
522 701 576 729 τὸν
592 702 711 736 Κύριον.
735 701 778 728 'Ev
794 701 823 727 δὲ
845 700 883 736 τῷ
909 700 968 736 μετ’

174 748 256 775 αὑτὸν
271 747 375 783 πλῆθος
390 748 438 774 ἐπὶ
460 748 505 774 τὸν
522 746 597 775 αἶνον
614 748 705 775 ὲκάλει
721 747 765 775 διὰ
779 747 838 778 τοῦ,
859 746 969 774 Αἰτεῖτε

175 794 293 828 Κύριον,
310 793 355 820 ὅτι
369 793 481 828 ἀγαθὸν
494 794 616 829 ψαλμός
626 803 632 809 ·
651 794 697 820 ἐπὶ
712 794 740 820 δὲ
755 793 802 820 τοῦ
819 793 883 828 ἑξῆς
899 792 967 828 αὑτὴ

1019 419 1127 448 llariter
1141 421 1244 446 tantum
1257 417 1368 445 Iudaeis.

1259 556 1420 586 PSALMUS
1433 554 1572 583 CXLVIII.

1054 607 1082 634 In
1095 607 1200 641 psalmo
1222 605 1330 640 quidem
1346 610 1426 635 chv,
1452 602 1497 629 uni
1522 607 1571 635 per
1586 607 1616 628 se
1637 598 1737 626 animae
1751 597 1808 624 lau-

1019 653 1087 681 dare
1106 652 1249 680 Dominum
1263 650 1457 685 imperabatur.
1475 647 1512 674 lbi
1525 647 1598 674 enirn
1611 643 1810 673 dicitur:Lau-

1020 699 1054 726 da
1067 718 1076 731 ,
1103 699 1192 726 anima
1205 705 1282 729 mea,
1309 695 1450 722 Dominum
1465 693 1499 720 ⁸¹.
1522 692 1550 720 In
1576 691 1699 727 proximo
1720 694 1810 718 autent

1022 745 1167 772 multitudo
1186 743 1352 771 invitabatur
1377 742 1419 769 his
1442 739 1534 767 verbis
1553 748 1560 766 :
1576 738 1696 765 Laudatc
1719 736 1812 765 Domi-

1022 798 1083 817 uum
1095 811 1102 823 ,
1119 790 1244 825 quoniam
1257 789 1325 815 bona
1343 795 1382 814 res
1399 786 1516 821 psalmus
1529 785 1562 812 ⁸³.
1580 784 1700 819 Denique
1716 784 1742 811 in
1758 782 1812 810 alio

180 839 360 875 Ἰερουσαλὴμ
384 838 464 865 τοῦτο
484 839 615 875 πράττειν
641 838 840 874 προσετάττετο
866 839 895 864 ὲν
916 837 966 872 τῷ,

1025 835 1202 870 subsequente
1217 834 1275 867 ipsa
1298 831 1467 860 Hierusalem
1483 831 1536 858 hoc
1550 837 1628 864 agere
1641 829 1788 863 jubebatur
1804 839 1811 856 :

182 886 326 918 Ἐπαίνει,
348 885 555 920 Ἰερουσαλὴμ,
578 885 631 912 τὸν
652 886 772 920 Κύριον.
802 884 969 916 Ἀκολοὺθως

175 929 223 959 οὖν
236 931 350 964 ἐκείνοις
365 932 380 959 ό
394 931 575 968 προκείμενος
590 929 664 964 αἶνος
677 931 806 958 ἐπιτείνει
817 931 847 957 τὸ
864 931 970 967 παράγ-

175 978 275 1013 γελμα,
299 977 368 1014 μετὰ
393 978 443 1013 τὴν
467 978 582 1014 μερικὴν
607 977 807 1014 παρακέλευσιν
833 975 914 1010 αὔξον
939 977 970 1003 τὸ

177 1024 357 1060 πρόσταγμα·
376 1024 483 1059 ἀθρόως
504 1032 534 1050 τε
557 1021 625 1059 ὁμοῦ
646 1024 697 1059 τὴν
720 1023 836 1058 γενητὴν
862 1023 971 1050 ἃπασαν

180 1071 266 1097 κτίσιν
281 1070 330 1106 τήν
346 1078 376 1096 τε
389 1070 531 1106 ὁρωμένην
546 1070 592 1097 καὶ
607 1069 655 1106 τὴν
669 1070 784 1105 ἀόρατον
801 1070 849 1096 ἐπὶ
865 1070 911 1096 τὸν
928 1068 972 1096 αῑο

181 1125 225 1142 νον
240 1115 286 1142 τοῦ
303 1115 371 1142 Θεοῦ
387 1117 529 1152 παρορμᾷ·
546 1116 617 1143 κατὰ
640 1116 688 1152 μὲν
710 1116 759 1152 τὴν
778 1117 866 1152 ἀρχὴν
884 1116 919 1142 τὰ
942 1116 971 1143 έν

180 1163 238 1193 τοῖς
249 1162 371 1198 οὐρανοῖς
388 1162 434 1188 καὶ
448 1162 523 1189 τὰ’ὲν
537 1163 593 1195 τοῖς
605 1162 728 1197 ὑψίστοις
742 1161 970 1198 ἀνακαλούμενος·

181 1205 282 1241 προῖὼν
293 1206 327 1232 δὲ
347 1205 381 1232 τὰ
396 1206 443 1232 ἐπὶ
462 1206 513 1242 τῆς
526 1207 578 1242 γῆς
596 1207 643 1234 καὶ
662 1207 698 1234 τὰ
715 1209 745 1234 ἐν
758 1208 819 1239 ταῖς
832 1207 971 1239 ἀὸύσσοις,

180 1252 229 1287 οὐχ
251 1252 289 1284 ὡς
310 1252 419 1280 πάντων
438 1253 528 1289 ψυχῆς
552 1254 599 1279 καὶ
618 1253 698 1288 λόγου
721 1254 899 1289 μετεχόντων,
913 1253 971 1280 ἀλλ’

180 1299 221 1330 εἰς
241 1297 330 1324 ταῦτα
349 1299 412 1330 τοὺς
433 1298 513 1332 λόγου
529 1299 721 1334 μετειληχότας
739 1299 904 1326 ἀποϐλέπειν
927 1307 973 1326 κε-

181 1342 265 1376 λεύει,
287 1343 334 1370 καὶ
359 1344 408 1379 τὴν
424 1343 530 1376 τούτοις
544 1344 694 1380 γενομένην
715 1344 809 1380 σοφίαν
831 1353 972 1380 καταμαν·

182 1387 323 1421 θάνον-τας,
338 1388 384 1415 τὸν
396 1389 514 1425 Ηοιητὴν
526 1389 667 1424 ἀνυμνεῖν.

416 1433 470 1461 Καὶ
485 1433 580 1461 πᾶσαι
596 1433 736 1462 ἄϐυσσοι.

219 1480 332 1516 Ἕτερος
365 1480 501 1512 ἀϐύσσους
524 1480 572 1516 τὴν
597 1480 651 1507 τῶν
673 1481 856 1516 καταχθονίων
887 1481 973 1517 ἔφησε

1020 881 1125 913 Lauda,
1142 879 1320 911 Hierusalem,
1335 877 1476 905 Dominum
1489 877 1522 903 "’.
1540 876 1728 903 Cousentanea
1744 881 1814 909 prae-

1020 926 1100 954 dictis
1124 932 1244 960 praesens
1259 924 1318 951 laus
1341 922 1452 957 iussum
1467 921 1597 956 ampliat;
1620 925 1648 948 et
1663 920 1812 956 congestim

1019 976 1172 999 creaturaut
1182 971 1268 998 simul
1284 970 1440 997 universam
1458 973 1512 995 tam
1530 967 1664 995 visibilem
1676 974 1757 1002 quam
1771 966 1812 993 in-

1020 1018 1155 1046 visibilem
1169 1017 1202 1044 ad
1218 1016 1264 1044 Dei
1282 1015 1389 1043 laudem
1404 1015 1506 1042 excitat
1522 1024 1528 1042 :
1546 1014 1624 1042 initio
1637 1013 1746 1048 quidem
1761 1019 1814 1039 cce-

1022 1065 1098 1092 lestia
1122 1069 1151 1091 et
1173 1062 1360 1091 excelsissima
1377 1061 1496 1088 invitans
1511 1069 1518 1088 :
1537 1067 1600 1087 mox
1615 1059 1791 1094 progrediens
1804 1077 1812 1089 .

1023 1109 1163 1137 terrestria
1185 1113 1213 1136 et
1236 1115 1296 1142 quas
1314 1107 1340 1133 in
1360 1106 1466 1140 abyssis
1488 1109 1648 1132 versantur:
1666 1111 1719 1132 non
1741 1103 1812 1137 quod

1021 1155 1111 1182 omnia
1126 1154 1216 1180 anima
1231 1157 1259 1180 et
1278 1151 1384 1186 loquela
1401 1151 1512 1186 praedita
1530 1151 1593 1182 sint,
1611 1150 1658 1177 sed
1675 1149 1812 1182 homines,

1021 1200 1069 1235 qui
1085 1199 1189 1234 loquela
1203 1203 1265 1226 sunt
1280 1197 1394 1232 praediti,
1405 1196 1482 1231 jubet
1499 1196 1559 1224 illas
1570 1200 1710 1223 creaturas
1725 1194 1812 1229 respi-

1022 1253 1084 1274 cere
1098 1266 1107 1279 ,
1131 1251 1160 1272 et
1182 1251 1338 1280 expressam
1359 1243 1388 1270 in
1414 1243 1456 1270 his
1472 1242 1518 1270 Dei
1534 1241 1696 1277 sapientiam
1711 1248 1814 1276 cogno-

1023 1296 1141 1325 scentes,
1156 1290 1318 1334 Creatorem‘
1326 1289 1434 1325 hymnis
1447 1289 1598 1317 celebrare.

1220 1425 1302 1453 Vens.
1319 1425 1346 1451 'l.
1366 1423 1399 1450 Et
1416 1431 1505 1451 omnes
1517 1423 1614 1458 abyssi.

1060 1473 1135 1501 Alius
1151 1472 1258 1507 quidam
1276 1472 1389 1506 abyssos
1400 1471 1465 1498 dicit
1478 1477 1539 1497 esse
1550 1469 1756 1497 subterraneam
1773 1475 1816 1495 re-

184 1513 294 1562 11599»;
307 1526 379 1554 κατὰ
393 1527 500 1554 Παῦλον
518 1513 629 1553 είττόντα
640 1535 646 1541 ·
663 1527 708 1563 Μὴ
721 1513 811 1564 είιιτῃς,
827 1529 875 1561 Τίς
887 1513 974 1555 κατα-

1026 1520 1133 1555 gionem
1145 1539 1154 1551 ,
1170 1522 1250 1553 prout
1268 1517 1368 1544 Paulus
1383 1516 1421 1543 ait
1439 1524 1446 1542 :
1464 1515 1503 1543 Ne
1517 1516 1603 1546 dicas,
1621 1514 1686 1546 Qui:
1710 1513 1813 1541 descen-

185 1572 307 1606 ϐήσεται
324 1574 368 1607 εἰς
390 1572 448 1607 τὴν
476 1572 624 1605 ἄϐυσσον,
651 1573 775 1600 τουτέστι
799 1574 916 1607 Χριστὸν
943 1575 976 1601 ὲκ

184 1620 289 1655 νεκρῶν
316 1620 478 1654 ἀναγαγεῖν;
500 1620 547 1646 καὶ
575 1620 604 1646 ἐν
638 1618 717 1651 Ἰὼϐ,
739 1620 790 1646 Ἐν
809 1619 853 1652 δὲ,
882 1620 975 1656 φησὶν,

187 1665 306 1700 ἴχνεσιν
330 1666 468 1693 ἀϐύσσου
487 1665 726 1699 περιεπάτησας;
744 1665 856 1701 Μήποτε
879 1666 907 1693 δὲ
930 1667 977 1694 καὶ

185 1711 264 1738 τοῦτο
277 1711 379 1746 πλῆθος
395 1711 498 1738 ὑδάτων
512 1711 585 1747 δηλοῖ
598 1711 659 1738 καθ’
677 1707 708 1738 οὗ
722 1712 908 1747 περιεπάτησε
921 1713 977 1739 Κύ-

187 1765 261 1793 ριθς;
278 1758 315 1790 ὡς
331 1758 377 1792 ἀφ’
395 1757 492 1794 ἑτέρας
507 1758 594 1794 ἀρχῆς
607 1756 676 1785 εἶναι
692 1757 732 1789 τὸ,
748 1758 932 1793 Ἀνοίγονται
943 1759 977 1786 δέ

185 1811 235 1830 σοι
246 1804 320 1838 φόϐῳ
332 1805 424 1831 πύλαι
440 1803 586 1836 θανάτου;

263 1891 374 1925 ’ᾼσατε
391 1890 429 1923 τῷ
448 1891 544 1925 Κυρίῳ
560 1888 642 1926 ᾆσμα
658 1893 772 1924 καινὸν,
787 1901 813 1919 κ.
832 1902 858 1919 τ.
873 1893 898 1919 λ.

225 1935 279 1963 Τοῦ
297 1936 390 1963 καινοῦ
402 1934 523 1972 ᾄσματος
535 1936 625 1971 (50)...
638 1938 670 1972 τῇ
679 1936 733 1964 τῶν
744 1937 824 1964 ὁσίων
831 1937 979 1974 Ἐκκλησία.

188 1981 320 2018 ᾀδομένου
334 2003 341 2015 ,
365 1982 464 2018 δηλαδὴ
489 1981 538 2017 τῆς
561 1982 607 2008 τοῦ
629 1983 754 2018 Σωτῆρος
778 1983 857 2018 ἡμῶν
873 1985 979 2020 Καινῆς

188 2027 347 2062 Διαοήκης..
364 2026 471 2062 παλαιῷ
487 2027 628 2062 προσέχων
652 2027 760 2063 Ἰσραὴλ
775 2027 814 2063 τῷ
836 2027 881 2054 διὰ
896 2029 979 2055 Μωῦ-

190 2074 258 2105 σέως
268 2082 274 2089 ·
285 2073 315 2100 τὸ
330 2073 421 2099 καινὸν
434 2073 462 2099 δὲ
476 2072 553 2099 τοῦτο
567 2073 765 2109 παράδειγμα..
780 2073 977 2110 εὐφραινέσθω·

189 2118 270 2150 αὐτὸς
292 2115 396 2153 γὰρῆν
420 2118 434 2143 ὁ
453 2117 500 2144 τοῦ
514 2116 582 2144 Θεοῦ
602 2118 688 2152 Λόγος
712 2118 726 2144 ό
747 2118 920 2154 χρηματίσας
941 2117 979 2154 τῷ

189 2165 312 2196 Μωῦσεῖ,
336 2164 384 2191 καὶ
404 2163 450 2190 τὸν
477 2163 583 2199 Ἰσραὴλ
607 2163 749 2198 ἐξαγαγὼν
772 2164 804 2190 ἐκ
827 2164 876 2200 τῆς
896 2164 979 2198 Αίγύ-

1026 1567 1069 1593 det
1094 1567 1121 1592 in
1145 1565 1267 1600 abyssum
1280 1563 1314 1596 ⁸⁸,
1334 1563 1360 1589 id
1380 1567 1422 1589 est
1446 1561 1481 1588 ob
1505 1560 1643 1587 Christum
1668 1568 1682 1586 ιι
1701 1559 1816 1586 mortuis

1027 1611 1230 1640 revocandum?
1247 1611 1279 1637 Et
1294 1609 1363 1643 apud
1378 1607 1474 1636 Jobum
1491 1616 1498 1634 :
1517 1606 1550 1634 In
1563 1606 1704 1641 profundo,
1717 1605 1815 1640 inquit,

1026 1657 1114 1692 abyssi
1124 1655 1266 1683 ambulasti
1281 1654 1327 1680 θον
1341 1653 1410 1680 Num
1425 1652 1495 1679 forte
1509 1653 1591 1678 etiam
1607 1652 1659 1678 hoc
1675 1650 1818 1683 vocabulo,

1027 1702 1103 1737 copia
1120 1708 1252 1736 aquarum
1265 1700 1410 1726 denotatur
1421 1704 1502 1732 supra
1514 1704 1594 1731 quam
1607 1695 1754 1723 ambulavit
1767 1695 1819 1722 Do-

1027 1748 1118 1775 minus
1132 1747 1143 1774 ?
1158 1747 1196 1774 ita
1208 1752 1236 1773 ut
1251 1745 1361 1773 aliunde
1385 1743 1548 1778 repetendus
1562 1743 1598 1770 sit
1610 1749 1706 1770 sensus
1719 1742 1818 1769 verbo-

1028 1801 1088 1821 rum
1105 1801 1112 1819 :
1130 1792 1292 1827 Aperiuntur
1311 1791 1358 1818 tibi
1370 1809 1379 1823 ,
1402 1789 1509 1817 timoris
1525 1795 1606 1815 causa
1618 1807 1627 1821 .
1650 1792 1733 1822 portae
1749 1795 1819 1814 mor-

1027 1841 1060 1868 tis
1068 1840 1089 1856 ⁸⁷
1103 1839 1115 1866 ?

1063 1885 1145 1913 Vsus.
1162 1885 1190 1912 I.
1203 1883 1314 1911 Cantatc
1329 1882 1443 1909 Domino
1455 1881 1586 1908 canticum
1601 1887 1708 1912 novum,
1728 1883 1781 1906 etc.

1064 1931 1139 1959 Novo
1156 1929 1264 1957 cantico
1276 1928 1302 1955 in
1311 1931 1468 1954 sanctorum
1485 1925 1606 1953 Ecclesia
1621 1929 1731 1952 cantato
1742 1931 1819 1951 nem-

1028 1985 1062 2012 pe
1071 1976 1137 2003 Novi
1152 1975 1275 2002 Fcederis
1291 1971 1443 2000 Servatoris
1459 1970 1579 1998 nostri...
1590 1970 1685 2003 veteri,
1701 1977 1761 2004 quae
1772 1970 1821 1996 da-

1029 2028 1055 2050 ta
1072 2022 1123 2050 fuit
1139 2028 1188 2056 per
1208 2020 1328 2055 Moysem
1343 2038 1351 2051 ,
1368 2018 1421 2054 legi
1439 2017 1581 2045 adhaerens
1597 2015 1692 2044 Israel.
1713 2015 1818 2043 Novum

1030 2069 1082 2096 hoc
1097 2066 1269 2102 exemplar...
1286 2064 1414 2093 exsultet.
1431 2063 1519 2098 Ipsum
1534 2063 1607 2090 enim
1622 2067 1682 2090 erat
1699 2061 1746 2090 Dei
1760 2061 1821 2089 Ver-

1029 2115 1105 2147 bum,
1121 2113 1192 2148 quod
1209 2112 1293 2147 Moysi
1310 2110 1421 2138 oracula
1434 2110 1545 2142 edebat,
1559 2113 1587 2136 et
1600 2107 1725 2136 Israelem
1738 2107 1820 2142 [Egy-

1030 2166 1076 2196 pto
1089 2159 1192 2192 eduxit,
1205 2158 1311 2193 sibique
1326 2164 1359 2185 ex
1376 2163 1409 2184 eo
1424 2155 1550 2190 populum
1566 2153 1731 2190 peculiarem
1751 2152 1819 2180 elle-

191 2218 257 2236 πτου
270 2210 338 2246 (51),
353 2210 469 2244 ποιήσας
487 2197 521 2235 τε.
534 2197 615 2235 αυτὸν
639 2197 736 2236 ἑαυτοῦ
756 2209 830 2236 λαόν.
850 2197 912 2241 ΙΪοῖς
929 2197 974 2245 μὲν

1030 2208 1077 2234 cit.
1101 2205 1178 2233 Filiis
1192 2212 1257 2239 ergo
1273 2203 1396 2238 apprime
1417 2202 1509 2229 Sionis
1527 2200 1637 2227 mandat
1659 2198 1776 2233 gaudere
1792 2203 1820 2225 et

190 2253 235 2282 οὖν
249 2255 316 2286 υἱοῖς
333 2253 401 2281 Σιὼν
421 2254 526 2289 χαίρειν
542 2254 589 2280 καὶ
602 2254 732 2290 ἁγαλλιᾷν
751 2254 871 2290 πρώτοις
887 2264 980 2292 παρα-

190 2301 329 2328 κελεύεται
346 2301 393 2327 ἐπὶ
409 2299 447 2335 τῷ
465 2300 571 2343 βασιλεῖ
589 2300 693 2327 αὐτῶν·
712 2301 793 2332 αὐτὸς
809 2301 838 2328 δὲ
860 2299 894 2337 ἦν
912 2302 981 2334 ..τὸς

192 2347 272 2373 πάλιν
285 2347 299 2373 ό
315 2346 362 2374 τοῦ
381 2345 448 2373 Θεοῦ
463 2346 558 2380 Λόγος,
576 2346 660 2372 πάλαι
682 2346 731 2381 μὲν
749 2346 838 2373 αὐτῶν
853 2347 981 2382 βασιλεὺς

192 2391 240 2423 ὢν,
264 2391 374 2428 ’ὕστερον
395 2391 424 2418 δὲ
441 2390 621 2427 παραιτηθεὶς
638 2390 695 2427 [ὑπ’
718 2391 831 2426 αὑῖτῶν·
850 2391 890 2419 διὸ
913 2392 981 2429 πρὸς

192 2437 239 2463 τὸν
264 2438 404 2472 προφήτην
421 2436 549 2472 Σαμουήλ
566 2444 649 2471 φησιν
676 2444 682 2451 ·
697 2437 738 2463 οὐ
761 2436 799 2463 σὲ
818 2437 981 2471 ἐξουθενή-

193 2490 295 2514 κιισιν,
327 2483 395 2509 ἀλλ’
420 2483 493 2517 ἐμὲ..
523 2482 567 2517 μὴ
589 2482 770 2514 βασιλεύειν
794 2483 841 2509 ἐπ’
868 2483 979 2511 αὐτῶν.

193 2529 271 2555 Ἐπεὶ
284 2528 312 2555 δὲ
335 2528 372 2564 μὴ
393 2528 547 2564 ὑπήκουσαν
563 2529 597 2564 τῇ
619 2527 724 2564 κλήσει,
742 2529 855 2561 εἰκότως
868 2529 918 2565 τῆς
932 2529 982 2564 χά-

195 2584 269 2612 ριτος
295 2575 347 2610 τῆς
376 2575 541 2610 εὐφροσύνης
569 2575 684 2606 ἑαυτοὺς
706 2575 867 2611 ἐστέρησαν·
891 2575 927 2602 τά
948 2584 981 2610 γε

195 2621 248 2657 μὴν
265 2621 329 2656 ἔθνη
343 2620 389 2647 τὸν
401 2620 514 2652 ἐκείνοις
534 2620 652 2656 πρώτοις
669 2621 890 2656 κατηγγελμένον
904 2621 982 2656 βασι-

238 2693 260 2708 ¹³
278 2692 350 2720 Psal.
376 2699 456 2722 CXLV.
481 2691 509 2718 2.

559 2691 582 2707 ⁸³
596 2690 670 2719 Psal.
691 2699 781 2726 exui,
807 2694 829 2720 l.

193 2728 215 2744 ⁸⁷
230 2728 294 2755 ibid.
311 2727 355 2755 I7.

405 2727 428 2743 ⁵⁵
441 2727 450 2753 l
461 2727 527 2762 Reg.
542 2733 603 2759 vui,
616 2727 642 2754 7.

232 2796 287 2832 (29)
303 2796 389 2833 Magni
397 2795 482 2833 pretii
493 2800 535 2823 est
548 2795 605 2833 hare
618 2795 731 2833 Eusebii
741 2793 863 2833 doctrina
878 2793 913 2821 ob
927 2793 980 2820 sol—

197 2829 298 2859 vendas
313 2829 359 2859 de'
368 2829 540 2859 ethnicorum
559 2831 644 2858 salute
659 2831 700 2857 vel
716 2829 892 2857 damnatioue
917 2836 980 2864 pro-

199 2867 328 2907 positasa
347 2866 515 2907 philosophis
530 2865 708 2907 ditiicultatett.

235 2901 291 2937 (30)
307 2899 391 2937 Hujus
408 2899 550 2937 l‘t'agmcnti
570 2899 670 2928 lacuna:
685 2901 711 2928 in
727 2899 877 2934 antiquiore
892 2899 982 2927 lacero

883 2693 907 2710 ”
923 2693 997 2721 Psal.
1028 2700 1128 2724 chvu,
1164 2692 1208 2718 I2.

1027 2253 1163 2279 exsultare
1177 2250 1213 2277 ob
1230 2257 1319 2284 regem
1336 2249 1466 2283 ipsorum.
1483 2246 1538 2273 Hoc
1551 2250 1641 2272 autem
1656 2249 1716 2272 erat
1732 2245 1819 2278 ipsum

1029 2298 1075 2325 Dei
1089 2297 1227 2328 Verbum,
1241 2296 1304 2323 olim
1320 2294 1429 2329 quidem
1442 2300 1489 2321 rex
1505 2292 1623 2324 illorum,
1639 2298 1719 2326 quem
1735 2290 1762 2317 hi
1778 2295 1820 2316 ta-

1029 2350 1090 2371 men
1115 2342 1211 2369 dcinde
1237 2344 1430 2368 recusarunt...
1449 2337 1521 2365 unde
1543 2336 1682 2372 prophetae
1701 2333 1819 2362 Samueli

1030 2389 1119 2416 aiebat
1137 2397 1143 2415 :
1161 2387 1223 2415 Non
1239 2393 1264 2414 te
1282 2389 1493 2419 contempserunt
1505 2403 1513 2416 ,
1535 2384 1580 2410 sed
1598 2390 1638 2409 me
1650 2401 1658 2415 ,
1680 2382 1821 2416 quominus

1032 2443 1110 2470 super
1122 2443 1166 2462 eos
1177 2441 1279 2469 regnem
1291 2432 1326 2460 ⁸⁸.
1339 2432 1372 2459 Et
1392 2431 1456 2466 quia
1471 2428 1608 2457 vocationi
1625 2436 1678 2455 non
1694 2427 1820 2455 obedive-

1032 2487 1117 2514 runt,
1140 2481 1238 2508 merito
1254 2479 1391 2514 semetipsi
1411 2477 1496 2513 gratia
1516 2476 1618 2503 laetitias
1642 2475 1819 2502 orbaverunt.

1032 2527 1067 2555 Et
1090 2527 1266 2562 praedicatum
1289 2525 1400 2561 quidem
1431 2522 1554 2558 apprime
1578 2520 1680 2549 ludatis
1706 2525 1797 2553 regem
1811 2537 1819 2548 .

1032 2578 1128 2608 gentes
1141 2580 1202 2601 eum
1217 2575 1398 2607 agnoscentes
1410 2570 1598 2599 admiserunt,
1620 2567 1734 2599 ideoque
1751 2564 1820 2591 lasti—

1032 2620 1079 2653 tia,
1093 2626 1153 2655 qum
1161 2618 1308 2647 secundum
1319 2617 1401 2644 Deum
1410 2620 1462 2648 est,
1475 2619 1502 2642 et
1512 2611 1657 2642 exsultatio
1666 2610 1732 2645 ipsis
1748 2610 1821 2637 acci-

1263 2691 1286 2707 ”
1302 2691 1380 2718 Rom.
1409 2697 1436 2722 x,
1451 2687 1478 2714 7.
1534 2685 1557 2700 "
1571 2684 1622 2711 Job
1643 2690 1759 2716 xxxvul,
1775 2682 1820 2710 l6.

1033 2793 1182 2828 exemplari
1196 2797 1350 2828 supersunt.

1063 2822 1124 2870 '(5t3
1144 2822 1241 2856 Recole
1255 2828 1325 2855 dicta
1338 2836 1353 2854 a
1366 2825 1442 2853 nobis
1457 2825 1483 2852 in
1496 2830 1551 2853 not.
1569 2825 1602 2853 ad
1616 2833 1684 2854 vers.
1702 2826 1735 2852 I0
1747 2822 1821 2860 psal-

1035 2872 1070 2892 m1
1083 2871 1182 2892 CXXXV.
