2059 3215
273 163 307 192 τι
630 163 762 192 rIUSEBll
781 163 1017 192 CAESARIENSIS
1034 163 1110 191 OPP.
1131 163 1220 191 PARS
1238 163 1545 192 lll.—EXEGETICA.
1878 167 1913 194 7?.

275 224 325 252 dit.
340 223 408 251 Hinc
425 227 483 251 toto
495 222 562 251 orbe
577 227 672 258 gentes
695 223 722 250 in
742 223 800 250 suis
822 219 946 251 ecclesiis
960 222 1070 250 laudnnt

1122 223 1169 249 λέα
1191 222 1339 257 ἐπιγνόντα
1352 221 1543 254 κατεδέξαντο-
1556 221 1651 258 διόπερ
1666 222 1682 258 ἡ
1699 222 1770 249 κατὰ
1786 222 1853 249 Θεὸν
1868 224 1913 250 εὑ-

276 276 374 296 nomen
388 268 448 302 eius
463 276 512 296 cen
528 268 630 303 proprii
645 269 727 303 regis,
745 269 791 296 Dei
806 268 911 296 scilicet
928 267 1008 296 Verbi
1020 268 1065 296 Je-

276 322 307 342 su
321 314 422 342 Christi
439 322 535 342 nomen
552 314 632 348 pleno
645 314 730 342 choro
745 322 806 341 cum
829 314 947 349 tripmlio
960 314 1064 350 glorill-

277 364 381 386 cantes.
399 358 452 386 Sed
469 364 495 386 et
509 359 555 393 qui
579 359 709 386 solitntim
724 359 813 395 degit.
830 359 909 387 bonis
928 361 985 387 suis
999 359 1067 387 acti-

278 405 330 432 bus
341 409 367 432 et
381 405 503 440 corporis
527 406 765 433 exercitationibus
782 406 910 441 hymnum
933 406 1067 441 quodam-

279 452 360 478 modo
374 456 401 478 et
428 451 610 478 laudationem
628 451 683 479 Deo
702 451 820 479 coniicit.
844 451 872 479 ltl
899 452 1067 480 credibiliter

277 496 428 531 praedicens
452 497 594 524 Psalmista
616 497 703 532 pergit
721 497 817 531 jubere
841 502 870 524 ut
887 502 1016 534 tympano
1040 502 1068 525 et

278 543 408 578 psalterio
417 543 533 578 psallunt
545 544 570 570 ei
583 543 717 579 :tympaui
728 543 858 571 vocabulo
867 543 997 571 deuotans
1007 551 1069 571 cor-

223 596 225 599 ‘
278 596 346 624 pus,
367 589 497 625 psalterio
512 590 675 624 spiritum...
691 590 880 624 mortiﬁconles
892 590 1009 617 membra
1024 598 1069 616 su-

277 643 325 668 per
355 640 453 662 terram
467 635 500 667 ",
530 641 553 662 et
579 635 644 662 .Iesu
669 635 897 669 mortiﬁcationem
909 637 936 663 in
961 644 1069 670 corpore

278 681 493 714 circumferentes
515 681 549 708 '°.
578 681 628 714 Qui
650 681 788 708 erisnltant
813 681 848 708 ob
874 689 965 717 regem
989 690 1067 710 suum

279 733 331 753 una
347 734 408 754 cum
422 727 612 754 exsultmue...
627 727 671 761 qui
695 727 760 754 fecit
781 734 877 755 eum...
899 733 1027 763 tympano
1041 732 1068 756 et

278 772 409 805 psalterio
423 773 550 807 psallunt.

1120 268 1240 304 φροσύνη
1256 268 1303 295 καὶ
1325 267 1485 302 ἀγαλλίασις
1502 267 1632 303 μετῆλθεν
1644 269 1687 294 ἐπ’
1702 269 1787 296 αὑτά·
1805 269 1866 296 ὅθεν
1879 271 1913 296 τὰ

1121 315 1171 349 μὲν
1185 313 1245 340 καθ’
1259 314 1322 348 ὅλης
1335 313 1385 349 τῆς
1399 313 1564 349 οἰκουμένης
1576 313 1640 350 ἔθνη
1654 315 1714 346 ταῖς
1727 315 1832 342 ἑαυτῶν
1854 315 1914 342 Ἐκ-

1120 358 1246 394 κλησίαις
1276 357 1380 385 αἰνοῦσι
1395 357 1426 384 τὸ
1438 358 1522 393 ὖνομα
1541 358 1625 385 αὑτοῦ
1639 359 1685 385 τοῦ
1704 359 1835 394 βασιλέως
1851 361 1914 387 ἑαυ-

1119 404 1184 438 τῶν,
1202 405 1231 430 ὲν
1244 404 1317 440 χορῷ
1331 403 1379 431 τοῦ
1393 403 1462 431 Θεοῦ
1476 404 1563 439 Λόγου
1578 403 1607 431 τὸ
1623 404 1709 439 ὄνομα
1727 405 1830 442 Ἰησοῦν
1848 406 1913 442 Χρι-

1121 449 1184 477 στὸν
1201 451 1270 485 μετὰ
1285 450 1393 485 χορείας
1405 448 1570 489 δοξάζοντες
1581 449 1649 476 ἀλλὰ
1663 450 1730 477 καὶό
1742 451 1835 483 καθεὶς
1849 452 1912 487 παρ’

1121 498 1211 534 ἑαυτῷ
1231 507 1306 525 ..νων
1320 498 1342 525 δ’
1362 497 1450 534 ἔργων
1467 497 1587 532 ἀγαθῶν,
1605 498 1652 525 καὶ
1667 497 1711 524 διὰ
1727 496 1841 533 τῷν.τοῦ
1862 496 1914 523 σώ-

1123 554 1207 581 ματος
1225 545 1351 581 πράξεων
1369 545 1404 572 τὰ
1419 545 1597 572 συντελοῦντα
1615 545 1655 575 εἰς
1674 543 1758 579 ὕμνον
1777 544 1824 570 καὶ
1845 543 1915 575 δοξο-

1121 590 1216 624 λογίαν
1233 590 1281 616 τοῦ
1293 589 1361 616 Θεοῦ
1381 589 1586 626 διαπράττεται.
1604 590 1725 621 Εἰκότως
1744 588 1825 615 τοῦτο
1847 589 1914 615 αὐτὸ

1122 635 1266 672 προλαϐὼν
1277 636 1291 662 ὁ
1301 635 1380 670 λόγος
1395 636 1559 672 προστάττει
1573 635 1685 670 φάσκων
1695 644 1702 651 ο
1721 635 1764 663 Ἐν
1781 636 1914 670 τυμπάνῳ

1123 682 1169 708 καὶ
1192 681 1334 718 ψαλτηριῳ
1349 681 1512 716 ψαλάτωσαν
1532 681 1607 717 αὑτῷ
1620 690 1626 697 ·
1650 682 1792 717 τύμπανον
1811 681 1860 717 μὲν
1883 681 1914 707 τὸ

1123 729 1203 764 σῶμα
1214 728 1437 764 προσαγορεύων,
1454 728 1603 764 ψαλτήριον
1621 728 1649 755 δὲ
1669 728 1699 755 τὸ
1722 727 1852 763 πνεῦμα..
1867 736 1914 754 νε-

1122 774 1293 809 κρώσιῑντες
1309 775 1345 802 τὰ
1355 774 1434 809 μέλη
1450 775 1487 802 τὰ
1500 775 1549 802 ἐπὶ
1566 774 1623 808 τῆς
1635 774 1702 809 γῆς,
1719 774 1768 801 καὶ
1784 774 1841 809 τὴν
1855 774 1915 810 ,Ἰη-

278 819 337 846 σοῦ
357 819 504 854 νέκρωσιν
528 822 564 848 ἐν
588 821 628 854 τῷ
653 821 766 857 σώματι
793 821 1018 857 περιφέροντες·
1043 823 1068 849 ol
1090 823 1289 858 ἀγαλλιώμενοι
1321 823 1368 850 ἐπὶ
1398 822 1437 858 τῷ
1458 822 1562 858 βασιλεί
1576 822 1665 849 αὐτῶν
1679 822 1738 857 ἅμα
1749 821 1788 857 τῷ
1802 822 1914 857 εὐφραι-

278 866 394 901 νομένῳ.
409 885 416 892 .
440 868 583 903 ποιήσαντι
598 869 690 900 αὐτὸν,
705 869 734 894 ὲν
747 869 882 904 τυμπάνῳ
903 870 950 896 καὶ
965 869 1108 904 ψαλτηρίῳ
1125 869 1282 904 ψάλλουσιν.

529 913 690 941 PSALMUS
706 912 821 941 CXLIX.

388 959 469 987 Vsus.
488 959 515 987 5.
529 959 701 986 Ltztabuntur
714 960 741 985 in
754 959 882 986 cubilibus
897 959 962 986 suis.

315 1005 400 1032 Aliter
415 1013 479 1032 vero
494 1024 502 1036 .
518 1009 632 1032 mortem
649 1009 806 1032 sanctorum
826 1005 958 1032 vocabulo
974 1005 1071 1032 cubili-

280 1051 327 1077 bus
345 1050 444 1078 innuit.
471 1049 665 1077 Dormitionem
685 1051 787 1085 quippe
801 1049 870 1076 solet
883 1058 944 1077 eum
971 1059 1070 1078 vocare

280 1096 439 1131 Scriptura,
467 1096 572 1123 dicente
597 1096 680 1123 Paulo
705 1105 711 1123 ;
739 1095 776 1122 De
801 1095 992 1124 dormientibus
1017 1105 1068 1123 au-

280 1146 331 1169 tem
353 1143 413 1170 nolo
436 1151 480 1170 vos
507 1143 629 1177 ignorare
643 1163 650 1174 ,
676 1142 773 1177 fratres
795 1143 829 1171 ⁹¹,
854 1143 938 1171 Vetus
962 1151 1070 1178 quoque

280 1188 486 1216 'l‘estamentum
508 1189 547 1216 ait
571 1198 578 1216 :
598 1189 727 1217 Dormirit
756 1190 842 1217 Dauid
870 1198 930 1217 cum
950 1191 1069 1224 patribus

279 1236 335 1262 suis
350 1236 384 1262 ".

281 1281 363 1308 Vens.
373 1280 400 1308 6.
416 1280 601 1318 ΕπιιίιαιίοοιειΔ
615 1281 663 1308 Dei
675 1282 701 1308 iu
719 1287 824 1316 gutture
833 1291 937 1315 eorum,
950 1287 974 1309 et
987 1283 1070 1318 gladii

455 1316 581 1349 ancipites
593 1316 621 1343 in
637 1318 758 1344 manibus
772 1318 898 1352 ipsorum.

316 1361 455 1397 lnopinate
478 1361 575 1395 Aquila
603 1367 764 1397 praesentem
790 1363 952 1390 sententiam
985 1370 1070 1398 expo-

281 1406 346 1438 suit,
362 1407 427 1433 dum
440 1405 614 1433 Hebraeorum
629 1406 760 1434 vocabulo
770 1407 966 1438 servit.dicens
981 1417 988 1436 :
1005 1408 1069 1436 Gla-

279 1453 340 1479 dius
364 1453 462 1488 gemini
477 1453 530 1479 aris
542 1453 570 1479 in
591 1460 671 1479 manu
688 1453 815 1485 ipsorum.
834 1452 886 1483 Sed
902 1459 930 1480 et
945 1453 989 1481 his
1005 1461 1071 1481 con-

283 1499 365 1525 traria
388 1502 573 1526 memorantur
591 1497 701 1525 alicubi.
730 1498 793 1525 Filii
808 1500 964 1533 hominum,
981 1500 1070 1527 dentes

281 1552 370 1571 eorum
393 1552 467 1570 arma
483 1548 508 1570 et
530 1545 652 1578 sagimn,
668 1549 691 1571 et
713 1543 805 1579 lingua
830 1545 949 1579 ipsorum
965 1545 1070 1580 gladius

1386 914 1532 942 ΨΑΛΜΟΣ
1553 913 1644 941 ΡΜΘ¹.

1210 960 1454 995 Ἀγαλλιάσονται
1468 960 1518 987 ἐπὶ
1533 960 1592 987 τῶν
1606 959 1713 988 κοιτῶν
1728 959 1835 987 αὐτῶν.

1161 1006 1266 1038 ’Λλλως
1277 1006 1306 1033 δὲ
1318 1007 1363 1033 τὸν
1382 1006 1497 1034 θάνατον
1508 1007 1562 1033 τῶν
1580 1007 1662 1033 ὁσίων
1676 1006 1786 1042 ᾐνίξατο
1798 1006 1843 1033 διὰ
1856 1005 1916 1033 τῶν

1121 1052 1236 1079 κοιτῶν.
1253 1053 1389 1088 Κοίμησιν
1401 1051 1456 1086 γὰρ
1469 1051 1548 1079 εἴωθε
1568 1052 1660 1079 καλεῖν
1680 1052 1762 1079 αὐτὸν
1778 1052 1794 1087 ἠ
1808 1051 1914 1087 Γραφὴ,

1121 1095 1245 1130 λέγοντος
1264 1097 1311 1123 καὶ
1329 1096 1447 1123 Παύλου·
1461 1097 1532 1130 Περὶ
1548 1096 1582 1123 δὲ
1598 1097 1657 1123 τῶν
1671 1097 1859 1131 κοιμωμένων
1878 1097 1916 1124 οὺ

1121 1141 1283 1177 θέλωὺμᾶς
1293 1141 1423 1177 ἀγνοεῖν,
1431 1141 1567 1176 ἀδελφοὺ
1579 1142 1625 1169 καὶ
1637 1143 1653 1177 ἡ
1665 1142 1770 1169 Παλαιὰ
1781 1141 1809 1169 δέ
1821 1149 1914 1178 φησιν’

1128 1188 1287 1222 Ἐκοιμήθη
1305 1188 1396 1215 Δαυῒδ
1411 1188 1487 1222 μετὰ
1501 1187 1562 1214 τῶν
1574 1187 1709 1222 πατέρων
1720 1188 1824 1215 αὐροῦ.

1122 1278 1158 1305 Al
1170 1277 1305 1312 ὺψώσεις
1318 1276 1370 1304 τοῦ
1387 1277 1461 1304 Θεοῦ
1476 1277 1512 1303 ἐν
1525 1275 1650 1312 λάρυγγι
1659 1276 1832 1312 aitEn-Lami
1841 1277 1916 1312 ῥομ-

1211 1312 1295 1347 φαῐαι
1310 1312 1446 1346 ὃίστομοι
1460 1312 1496 1338 ἐν
1510 1311 1575 1344 ταῖς
1588 1313 1695 1347 χερσὶν
1707 1311 1817 1338 αὐτῶν.

1158 1358 1322 1394 Παραδόξως
1342 1358 1371 1385 δὲ
1398 1357 1514 1390 Ἀκύλας
1532 1357 1583 1393 τὴν
1602 1356 1778 1384 ἀποδοθεῖσαν
1797 1356 1916 1384 διάνοιαν

1123 1404 1288 1441 παρέστησε,
1303 1404 1449 1436 δουλεύσας
1463 1405 1495 1439 τῇ
1509 1403 1563 1430 τῶν
1583 1403 1716 1439 Ἐϐραίων
1730 1405 1804 1438 φωνῇ
1818 1403 1913 1429 εἰπών’

1122 1451 1259 1485 Μάχαιρα
1271 1449 1428 1486 στομάτων
1445 1450 1501 1486 (32)
1517 1449 1552 1476 ὲν
1564 1449 1637 1484 χειρὶ
1649 1448 1757 1476 αὐτῶν.
1775 1449 1855 1475 Ἀλλὰ
1868 1448 1916 1476 καὶΙ

1123 1497 1188 1532 περὶ
1211 1495 1265 1523 τῶν
1285 1495 1416 1527 τοιούτοις
1429 1496 1556 1522 ἐναντίων
1574 1495 1632 1528 (55)
1648 1495 1755 1530 εἴρηταί
1769 1503 1830 1521 που’
1853 1495 1914 1521 Υἱοὶ

1122 1541 1295 1576 ἀνθρώπων,
1304 1543 1330 1568 οὶ
1342 1541 1464 1574 ὀδόντες
1486 1541 1585 1569 αὐξῶν
1607 1541 1686 1568 ὅπλα
1700 1541 1749 1568 καὶ
1759 1540 1848 1574 βέλη,
1865 1541 1914 1567 καὶ

281 1596 375 1617 acutus
395 1590 431 1624 ⁸³,
455 1595 485 1617 ut
506 1590 632 1618 occidant
647 1595 781 1624 quotquot
798 1591 865 1626 ipsis
881 1592 982 1626 captivi
1009 1599 1070 1620 suc-

1124 1589 1142 1623 ὴ
1150 1588 1276 1623 γλῶσσα
1283 1589 1321 1615 αὑ
1325 1587 1383 1615 τῶν
1387 1587 1518 1623 μάχαιρα
1527 1586 1619 1620 ὀξεῖα,
1626 1587 1791 1622 φονευόντων
1798 1587 1858 1617 τοὺς
1868 1586 1914 1612 ὑπ’

281 1637 423 1664 cumbunt.
444 1635 556 1670 Proprie
573 1643 637 1663 vero
652 1637 770 1672 gladium
786 1637 886 1672 gemini
904 1638 962 1665 oris
975 1657 982 1670 ,
1000 1639 1069 1666 acti-

282 1683 332 1710 bus
347 1682 469 1710 exerceri
490 1683 569 1709 docet
588 1681 744 1710 Psalmista.
761 1681 945 1716 Dicitautcm,
964 1684 1070 1711 exalta-

281 1729 365 1755 tiones
381 1728 430 1755 Dei
443 1729 469 1755 in
484 1733 589 1763 gutture
599 1736 690 1755 eorum
701 1748 709 1761 ,
722 1729 785 1763 quia
801 1736 868 1757 voce
884 1730 1030 1757 utebantur
1043 1731 1070 1758 in

282 1775 358 1802 vcrbi
376 1774 545 1807 ministerio,
561 1774 633 1809 apud
649 1781 697 1802 eos
711 1775 757 1809 qui
774 1776 869 1803 audire
883 1780 1010 1810 poterant
1027 1781 1070 1803 at-

283 1820 409 1848 tollentes
426 1820 568 1856 hymnum.
585 1820 698 1847 Actibus
717 1826 806 1848 autem
833 1821 886 1848 vim
909 1822 1072 1849 esserebant

281 1866 443 1894 adversariae
457 1866 587 1901 potentize
599 1865 751 1894 victricem.
771 1866 867 1894 Manus
884 1866 990 1894 illorqu
1002 1886 1010 1900 ,
1026 1875 1071 1894 ac-

281 1917 325 1940 tus
337 1913 413 1945 dicit,
436 1913 494 1940 sive
511 1912 549 1940 rei
573 1912 699 1947 gerenda:
711 1919 804 1940 curam
820 1918 990 1946 susceptum.
1007 1913 1072 1940 Erat

280 1963 372 1986 autent
388 1959 447 1986 hac
464 1957 619 1993 evangelica
636 1958 804 1992 pncdicatin,
821 1965 883 1994 qua:
893 1959 998 1994 gladius
1008 1967 1072 1994 quo-

280 2012 334 2038 que
352 2003 519 2034 nominatur.
535 2003 601 2038 quia
618 2004 750 2031 malorum
773 2008 803 2031 et
820 2003 990 2039 impurorum
1015 2005 1071 2039 spi—

282 2050 382 2077 rituum
406 2056 504 2084 greges
528 2049 723 2084 persequitur,
750 2053 778 2076 et
805 2057 951 2084 oppressas
979 2050 1073 2085 inique

281 2101 377 2130 gentes
401 2095 552 2127 ulciscitur.
576 2099 605 2122 et
631 2095 833 2123 idololatricum
861 2095 953 2130 populi
968 2096 1070 2123 cultum

282 2141 416 2169 mnendat.

283 2228 366 2256 Vsus.
379 2229 405 2257 8.
424 2229 465 2255 Ad
481 2228 630 2264 alligandos
643 2237 714 2264 reges
727 2237 817 2256 eorum
828 2230 1007 2265 compedibus,
1016 2237 1070 2261 etc.

318 2275 542 2310 Quandoquidem
556 2276 628 2303 haud
641 2275 721 2303 aliter
734 2276 835 2304 licebat
848 2278 954 2312 eripere
977 2286 1011 2306 ac
1033 2278 1068 2306 li-
1085 2277 1106 2305 Ι)

283 2321 380 2349 berare
403 2329 452 2349 eos
470 2321 517 2356 qui
533 2321 686 2349 daemonum
712 2321 777 2349 olim
798 2325 991 2358 premebantur
1009 2331 1070 2352 ser-

283 2370 359 2402 vitio,
374 2368 428 2397 nisi
441 2368 551 2396 domitis
571 2369 741 2404 alligatisque
757 2369 876 2405 ipsorum
890 2370 1070 2406 principibus,

283 2414 382 2443 merito
398 2415 454 2442 haec
479 2414 568 2450 pergit
582 2414 685 2442 dicere.
707 2413 772 2442 Loci
791 2422 900 2442 sensum
923 2422 1070 2450 cognosces

283 2461 365 2490 etiam
377 2469 393 2488 a
408 2461 562 2488 Servatoris
576 2468 642 2489 voce
657 2461 773 2489 dicentis
792 2470 799 2488 :
820 2461 957 2494 Quomodo
973 2461 1070 2497 aliquis

282 2508 385 2544 ingredi
403 2513 488 2541 potest
510 2508 617 2534 domum
637 2508 715 2542 [ortis
725 2528 733 2540 ,
749 2508 856 2543 ejusque
870 2516 931 2535 vasa
945 2508 1068 2542 diripere,

283 2556 334 2582 nisi
349 2555 422 2590 prius
436 2554 531 2589 fortem
546 2554 705 2589 alligaverit.
721 2560 748 2581 ut
765 2559 821 2580 tum
837 2555 944 2583 demunt
959 2554 1068 2581 domum

319 2643 341 2659 ”
354 2643 443 2671 Colos.
461 2651 501 2676 III,
516 2643 543 2670 5.
581 2643 604 2659 "
629 2642 650 2670 Il
662 2643 725 2671 Cor.
741 2651 777 2676 Iv,
793 2643 836 2670 10.
882 2643 905 2659 "
921 2643 931 2671 l
947 2644 1043 2672 Thess.
1061 2652 1068 2671 I

1122 2645 1159 2672 I2.
1202 2645 1226 2662 "
1248 2645 1281 2673 Ill
1299 2645 1399 2681 “85.”,
1413 2645 1457 2673 10.

319 2699 375 2735 (52)
390 2701 464 2728 Alius
479 2701 564 2729 codex
578 2722 585 2733 .
609 2702 696 2737 στόμα
716 2703 815 2729 αὐτῶν.
835 2718 870 2723 -
889 2702 971 2730 Vides
985 2701 1068 2730 Euse-

285 2734 358 2761 bium
373 2737 467 2773 stricto
481 2744 561 2773 sensu
572 2734 737 2764 intellexisse
750 2738 820 2772 apud
832 2739 954 2772 Aquilam
968 2739 1069 2773 στομά-

285 2777 339 2807 των
363 2776 394 2807 ex
421 2769 552 2807 ﬂebraico
579 2776 674 2803 m’D’EJ
707 2769 902 2806 oris-duplicis.
926 2773 984 2807 (Sic
1001 2769 1069 2804 aio.

287 2803 464 2842 quiaALutiue
479 2813 531 2842 non
545 2807 660 2842 dicimus
675 2808 760 2835 arium
778 2803 820 2835 vel
842 2816 918 2835 orum
930 2803 985 2835 cas.
1005 2803 1068 2842 gen.

287 2838 368 2879 plur.)
387 2840 420 2865 At
436 2840 461 2865 iu
479 2841 632 2879 polygluttis
646 2841 734 2879 Lond.
754 2843 869 2879 acierum
892 2850 972 2870 sensu
987 2838 1071 2879 pieta-

288 2874 401 2907 pborico
413 2894 420 2908 ,
435 2881 516 2909 quem
526 2874 707 2910 'signilicatum
726 2878 788 2906 inde
802 2877 973 2912 desumptum
986 2878 1070 2906 Mont-

1124 1635 1214 1662 αὐτῶν
1226 1635 1375 1671 ἡλωκότας.
1396 1635 1511 1666 Οἰκείως
1525 1634 1553 1661 δὲ
1575 1634 1624 1670 τὴν
1641 1634 1690 1670 μὲν
1708 1634 1845 1670 μάχαιραν
1861 1633 1916 1660 τῶν

1125 1682 1265 1717 στομάτων
1287 1682 1316 1708 ἐν
1330 1682 1390 1713 ταῖς
1411 1680 1543 1714 πράξεσιν
1567 1681 1687 1716 ἐνεργεῖν
1708 1681 1722 1706 ὁ
1743 1680 1821 1714 λόγος
1846 1688 1916 1714 παρ-

1125 1726 1234 1762 έστησε,
1260 1725 1313 1759 τὰς
1328 1726 1356 1752 δὲ
1370 1726 1504 1760 ὐψώσεις
1517 1725 1570 1752 τοῦ
1585 1724 1660 1752 Θεοῦ
1673 1725 1708 1751 ἐν
1731 1723 1771 1757 τῷ
1791 1725 1916 1758 στόματι

1124 1772 1233 1805 αὐτῶν,
1250 1772 1324 1807 φωνῇ
1336 1771 1390 1806 γὰρ
1401 1771 1521 1806 ἐχρῶντο
1537 1771 1583 1798 ἐπὶ
1594 1770 1754 1806 διδασκαλίᾳ
1764 1770 1810 1797 τοῦ
1822 1770 1914 1804 λόγου,

1125 1818 1202 1854 παρὰ
1214 1820 1269 1850 τοῖς
1279 1817 1390 1845 ἀκούειν
1405 1817 1564 1852 δυναμένοις
1578 1817 1741 1852 άνυψοῦντες
1758 1817 1803 1843 τὸν
1813 1816 1896 1852 ὕμνον
1904 1824 1913 1831 ·

1124 1866 1183 1896 ταῖς
1202 1865 1231 1891 δὲ
1255 1864 1386 1900 πράξεσιν
1409 1864 1486 1899 ἰσχὺν
1509 1861 1582 1898 εἶχον
1605 1863 1800 1898 καθαιρετικὴν
1824 1863 1915 1898 πάσης

1125 1910 1316 1946 ἀντικειμένης
1328 1909 1478 1945 δυνάμεως.
1493 1909 1594 1945 Χεῖρας
1607 1909 1657 1945 μὲν
1673 1908 1763 1936 αὐτῶν
1776 1908 1824 1940 τὰς
1843 1909 1915 1944 πρά-

1126 1957 1182 1990 ξεις
1205 1957 1299 1992 φησὶν,
1327 1956 1387 1991 ἦτοι
1410 1956 1443 1991 ἦν
1470 1954 1686 1991 μετεχειρίζοντο
1712 1953 1912 1990 πραγματείαν.

1125 2002 1200 2038 Αὕτη
1211 2002 1239 2029 δὲ
1253 2000 1285 2038 ἦν
1298 2003 1313 2029 ὁ
1323 2001 1500 2036 εὐαγγελικὸς
1514 2000 1601 2035 λόγος,
1612 2000 1642 2032 ὃς
1654 2000 1700 2027 καὶ
1715 1999 1836 2036 ῥομφαία
1848 1999 1913 2026 ὠνο-

1127 2048 1228 2084 μάσθη,
1241 2048 1409 2074 ὲκδιώκουσα
1421 2048 1470 2079 τὰς
1486 2047 1539 2074 τῶν
1551 2038 1676 2083 πονηρῶν
1692 2048 1738 2073 καὶ
1751 2046 1914 2081 ἀκαθάρτων

1126 2096 1289 2131 πνευμάτων
1313 2095 1430 2128 ἀγέλας’
1456 2095 1543 2120 ποιεῖν
1565 2098 1595 2119 τε
1621 2093 1670 2129 τὴν
1693 2092 1831 2128 ἐκδίκησιν
1858 2092 1914 2119 τῶν

1128 2141 1300 2176 ἠδικημένων
1314 2140 1408 2173 ἐθνῶν,
1423 2140 1469 2167 καὶ
1491 2140 1610 2175 ἐλέγχειν
1625 2139 1672 2166 τοῦ
1693 2138 1757 2166 λαοῦ
1773 2139 1822 2174 τὴν
1837 2138 1914 2166 εἰδω-

1125 2185 1204 2212 λολατ
1209 2194 1238 2222 ρε
1241 2186 1293 2212 ίαν.

1128 2232 1182 2260 Τοῦ
1192 2231 1307 2259 δεῖσθαι
1315 2231 1385 2265 τοὺς
1397 2231 1538 2264 ,βασιλεῖς
1549 2230 1686 2258 αῠτῶνὲν
1693 2229 1807 2264 πέδαις,
1816 2239 1843 2257 κ.
1852 2239 1876 2256 τ.
1885 2229 1910 2257 λ.

1163 2277 1273 2313 Ἐπειδὴ
1286 2277 1336 2305 οὐκ
1348 2277 1435 2309 ἄλλως
1453 2276 1486 2314 ἦν
1504 2277 1685 2312 ὑπεξαγαγεῖν
1700 2277 1747 2303 καὶ
1763 2276 1911 2312 ἐλευθερῶ-

1123 2333 1167 2350 σαι
1184 2323 1247 2355 τοὺς
1260 2323 1344 2350 πάλαι
1360 2324 1417 2355 τοῖς
1436 2323 1544 2360 δαίμοσι
1571 2321 1785 2358 δεδου“ωμένους
1805 2322 1822 2358 ἢ
1845 2322 1913 2350 καθ-

1124 2369 1314 2402 υποτάξαντας
1323 2370 1456 2405 πρότερον
1470 2371 1517 2397 καὶ
1525 2370 1731 2405 καταδήσαντας
1739 2370 1803 2401 τοὺς
1811 2368 1910 2404 ἄρχον-

1122 2424 1172 2447 τας
1186 2416 1287 2447 αὐτῶν,
1313 2415 1424 2447 εἰκότως
1445 2415 1615 2443 ὲπιλέλεκται
1637 2415 1735 2442 ταῦτα.
1751 2415 1866 2450 Νοήσεις
1883 2414 1911 2440 δὲ

1122 2462 1169 2489 καὶ
1188 2462 1267 2489 τοῦτο
1284 2462 1339 2488 ἀπὸ
1359 2461 1409 2502 τῆς
1431 2461 1564 2497 σωτηρίου
1579 2461 1681 2497 φωνῆς.
1699 2461 1733 2488 δι’
1746 2458 1780 2497 ἧς
1792 2459 1909 2496 εἴρηται·

1121 2508 1189 2542 Πῶς
1197 2509 1322 2537 δύναταί
1331 2518 1376 2543 τις
1387 2509 1535 2537 εἰσελθεῖν
1545 2510 1588 2542 εις
1598 2509 1757 2543 τὴν-οὶκίαν
1769 2508 1821 2536 τοῦ
1829 2509 1912 2542 ισχυο

1117 2555 1174 2590 pot-1
1184 2556 1234 2582 καὶ
1244 2556 1279 2583 τὰ
1285 2557 1382 2590 σκεύη
1395 2556 1488 2582 αὐτοῦ
1495 2555 1668 2590 διαρπάσαι,
1678 2555 1733 2582 ἐὰν
1739 2554 1782 2590 μή
1794 2553 1912 2589 πρῶτον

1512 2645 1537 2662 ’⁸
1551 2644 1623 2673 Psal.
1640 2653 1682 2672 LVI
1698 2665 1704 2677 ,
1724 2645 1751 2672 5.

1119 2703 1263 2733 fauconius
1288 2705 1315 2732 in
1331 2704 1460 2738 Hexnplis
1478 2704 1602 2738 apposuit
1628 2704 1678 2738 ipsi
1699 2703 1812 2736 Aquilae.
1827 2703 1909 2737 Atqui

1119 2739 1252 2768 Eusebius
1271 2740 1321 2767 nisi
1343 2741 1375 2767 ad
1394 2740 1516 2766 strictum
1537 2739 1660 2767 vocabuli
1684 2739 1824 2772 originalis
1845 2746 1910 2765 sen-

1119 2782 1181 2802 sum
1206 2776 1386 2810 respexisset,
1410 2775 1536 2809 Aquilam
1559 2775 1594 2802 de
1615 2774 1755 2801 idiOtismo
1775 2773 1909 2801 llebraico

1120 2817 1196 2838 reum
1210 2817 1262 2837 non
1279 2810 1388 2844 egisset.

1156 2844 1215 2881 (53)
1228 2845 1271 2873 Al.
1287 2846 1359 2878 cod..
1375 2844 1429 2874 τῶν
1445 2844 1572 2874 τοιούτων
1588 2844 1720 2872 ἐναντίον.
