  <div class='ocr_page' id='page_1' title='image "/cluster/home/n/w/nwhite01/storage/ocr_20150623/24/njp.32101077772513/046.png"; bbox 0 0 2059 3215; ppageno 0'>
   <div class='ocr_carea' id='block_1_1' title="bbox 123 178 1809 219">
    <p class='ocr_par' dir='ltr' id='par_1_1' title="bbox 123 178 1809 219">
     <span class='ocr_line' id='line_1_1' title="bbox 123 178 1809 219; baseline 0.006 -10"><span class='ocrx_word' id='word_1_1' title='bbox 123 178 126 180; x_wconf 55' lang='grc'><em>’</em></span> <span class='ocrx_word' id='word_1_2' title='bbox 171 187 211 214; x_wconf 69' lang='grc' dir='ltr'><strong>’Μ</strong></span> <span class='ocrx_word' id='word_1_3' title='bbox 638 185 892 213; x_wconf 75' lang='lat' dir='ltr'><strong>COMMENTARIA</strong></span> <span class='ocrx_word' id='word_1_4' title='bbox 912 187 945 214; x_wconf 83' lang='lat' dir='ltr'><strong>IN</strong></span> <span class='ocrx_word' id='word_1_5' title='bbox 965 187 1094 217; x_wconf 76' lang='lat' dir='ltr'><strong>ISMAM.</strong></span> <span class='ocrx_word' id='word_1_6' title='bbox 1117 205 1149 210; x_wconf 90' lang='lat'><strong>-—</strong></span> <span class='ocrx_word' id='word_1_7' title='bbox 1170 189 1368 217; x_wconf 68' lang='lat' dir='ltr'><strong>i’lhEFATlO.</strong></span> <span class='ocrx_word' id='word_1_8' title='bbox 1775 193 1809 219; x_wconf 71' lang='lat' dir='ltr'><strong>7x</strong></span> 
     </span>
    </p>
   </div>
   <div class='ocr_carea' id='block_1_2' title="bbox 176 240 962 288">
    <p class='ocr_par' dir='ltr' id='par_1_2' title="bbox 176 246 962 281">
     <span class='ocr_line' id='line_1_2' title="bbox 176 246 962 281; baseline 0.001 -7"><span class='ocrx_word' id='word_1_9' title='bbox 176 248 274 278; x_wconf 74' lang='lat' dir='ltr'><strong>ricam.</strong></span> <span class='ocrx_word' id='word_1_10' title='bbox 289 251 316 274; x_wconf 88' lang='lat' dir='ltr'><strong>et</strong></span> <span class='ocrx_word' id='word_1_11' title='bbox 338 246 455 281; x_wconf 72' lang='lat' dir='ltr'><strong>gladium</strong></span> <span class='ocrx_word' id='word_1_12' title='bbox 476 247 596 281; x_wconf 79' lang='lat' dir='ltr'><strong>spiritus.</strong></span> <span class='ocrx_word' id='word_1_13' title='bbox 627 247 695 274; x_wconf 90' lang='lat' dir='ltr'><strong>Sunt</strong></span> <span class='ocrx_word' id='word_1_14' title='bbox 711 253 802 275; x_wconf 84' lang='lat' dir='ltr'><strong>autem</strong></span> <span class='ocrx_word' id='word_1_15' title='bbox 819 249 962 275; x_wconf 69' lang='lat' dir='ltr'><strong>daemonio-</strong></span> 
     </span>
    </p>
   </div>
   <div class='ocr_carea' id='block_1_3' title="bbox 1015 240 1810 288">
    <p class='ocr_par' dir='ltr' id='par_1_3' title="bbox 1018 240 1810 288">
     <span class='ocr_line' id='line_1_3' title="bbox 1018 240 1810 288; baseline 0.004 -12"><span class='ocrx_word' id='word_1_16' title='bbox 1018 251 1066 285; x_wconf 79' lang='grc' dir='ltr'>τὴν</span> <span class='ocrx_word' id='word_1_17' title='bbox 1095 240 1309 286; x_wconf 70' lang='grc' dir='ltr'>περικέφαλαίαν</span> <span class='ocrx_word' id='word_1_18' title='bbox 1325 251 1374 278; x_wconf 78' lang='grc' dir='ltr'><strong>καὶ</strong></span> <span class='ocrx_word' id='word_1_19' title='bbox 1400 251 1512 286; x_wconf 69' lang='grc' dir='ltr'>θώρακα</span> <span class='ocrx_word' id='word_1_20' title='bbox 1540 253 1586 278; x_wconf 75' lang='grc' dir='ltr'><strong>καὶ</strong></span> <span class='ocrx_word' id='word_1_21' title='bbox 1608 253 1656 287; x_wconf 72' lang='grc' dir='ltr'><strong>τὴν</strong></span> <span class='ocrx_word' id='word_1_22' title='bbox 1674 253 1810 288; x_wconf 67' lang='grc' dir='ltr'><strong>μάχαιραν</strong></span> 
     </span>
    </p>
   </div>
   <div class='ocr_carea' id='block_1_4' title="bbox 176 291 962 327">
    <p class='ocr_par' dir='ltr' id='par_1_4' title="bbox 176 291 962 327">
     <span class='ocr_line' id='line_1_4' title="bbox 176 291 962 327; baseline 0.003 -9"><span class='ocrx_word' id='word_1_23' title='bbox 176 300 235 319; x_wconf 91' lang='lat' dir='ltr'><strong>rum</strong></span> <span class='ocrx_word' id='word_1_24' title='bbox 249 291 356 323; x_wconf 87' lang='lat' dir='ltr'><strong>domus,</strong></span> <span class='ocrx_word' id='word_1_25' title='bbox 373 291 555 327; x_wconf 78' lang='lat' dir='ltr'><strong>maleﬁcorum</strong></span> <span class='ocrx_word' id='word_1_26' title='bbox 570 292 709 319; x_wconf 86' lang='lat' dir='ltr'><strong>hominum</strong></span> <span class='ocrx_word' id='word_1_27' title='bbox 728 293 962 327; x_wconf 75' lang='lat' dir='ltr'><strong>congregationcs,</strong></span> 
     </span>
    </p>
   </div>
   <div class='ocr_carea' id='block_1_5' title="bbox 174 337 965 378">
    <p class='ocr_par' dir='ltr' id='par_1_5' title="bbox 174 337 965 378">
     <span class='ocr_line' id='line_1_5' title="bbox 174 337 965 378; baseline 0.003 -14"><span class='ocrx_word' id='word_1_28' title='bbox 174 345 244 372; x_wconf 81' lang='lat' dir='ltr'><strong>quas</strong></span> <span class='ocrx_word' id='word_1_29' title='bbox 266 337 348 364; x_wconf 82' lang='lat' dir='ltr'><strong>etiam</strong></span> <span class='ocrx_word' id='word_1_30' title='bbox 368 338 487 372; x_wconf 80' lang='lat' dir='ltr'><strong>implere</strong></span> <span class='ocrx_word' id='word_1_31' title='bbox 512 337 616 378; x_wconf 81' lang='lat' dir='ltr'><strong>_vellent</strong></span> <span class='ocrx_word' id='word_1_32' title='bbox 638 339 752 373; x_wconf 77' lang='lat' dir='ltr'><strong>spoliis,</strong></span> <span class='ocrx_word' id='word_1_33' title='bbox 770 339 802 365; x_wconf 86' lang='lat' dir='ltr'><strong>id</strong></span> <span class='ocrx_word' id='word_1_34' title='bbox 822 344 865 366; x_wconf 90' lang='lat' dir='ltr'><strong>est</strong></span> <span class='ocrx_word' id='word_1_35' title='bbox 887 340 965 367; x_wconf 90' lang='lat' dir='ltr'><strong>bouis</strong></span> 
     </span>
    </p>
   </div>
   <div class='ocr_carea' id='block_1_6' title="bbox 175 383 966 419">
    <p class='ocr_par' dir='ltr' id='par_1_6' title="bbox 175 383 966 419">
     <span class='ocr_line' id='line_1_6' title="bbox 175 383 966 419; baseline 0.001 -9"><span class='ocrx_word' id='word_1_36' title='bbox 175 383 327 418; x_wconf 68' lang='lat' dir='ltr'><strong>quaajustis</strong></span> <span class='ocrx_word' id='word_1_37' title='bbox 341 384 471 418; x_wconf 88' lang='lat' dir='ltr'><strong>eripiunt.</strong></span> <span class='ocrx_word' id='word_1_38' title='bbox 491 383 572 418; x_wconf 86' lang='lat' dir='ltr'><strong>Atqui</strong></span> <span class='ocrx_word' id='word_1_39' title='bbox 590 383 727 418; x_wconf 90' lang='lat' dir='ltr'><strong>quomodo</strong></span> <span class='ocrx_word' id='word_1_40' title='bbox 742 384 829 417; x_wconf 86' lang='lat' dir='ltr'><strong>spolia</strong></span> <span class='ocrx_word' id='word_1_41' title='bbox 844 384 966 419; x_wconf 78' lang='lat' dir='ltr'><strong>appellas</strong></span> 
     </span>
    </p>
   </div>
   <div class='ocr_carea' id='block_1_7' title="bbox 172 428 965 464">
    <p class='ocr_par' dir='ltr' id='par_1_7' title="bbox 172 428 965 464">
     <span class='ocr_line' id='line_1_7' title="bbox 172 428 965 464; baseline 0.003 -9"><span class='ocrx_word' id='word_1_42' title='bbox 172 436 218 461; x_wconf 78' lang='lat' dir='ltr'><strong>ea,</strong></span> <span class='ocrx_word' id='word_1_43' title='bbox 234 437 292 462; x_wconf 75' lang='lat' dir='ltr'><strong>qua:</strong></span> <span class='ocrx_word' id='word_1_44' title='bbox 310 429 380 455; x_wconf 88' lang='lat' dir='ltr'><strong>baud</strong></span> <span class='ocrx_word' id='word_1_45' title='bbox 393 428 456 456; x_wconf 85' lang='lat' dir='ltr'><strong>belli</strong></span> <span class='ocrx_word' id='word_1_46' title='bbox 469 428 532 463; x_wconf 88' lang='lat' dir='ltr'><strong>jure</strong></span> <span class='ocrx_word' id='word_1_47' title='bbox 548 429 655 463; x_wconf 78' lang='lat' dir='ltr'><strong>cepisti,</strong></span> <span class='ocrx_word' id='word_1_48' title='bbox 676 429 723 456; x_wconf 81' lang='lat' dir='ltr'><strong>sed</strong></span> <span class='ocrx_word' id='word_1_49' title='bbox 745 429 801 457; x_wconf 83' lang='lat' dir='ltr'><strong>sola</strong></span> <span class='ocrx_word' id='word_1_50' title='bbox 821 429 965 464; x_wconf 83' lang='lat' dir='ltr'><strong>iniquitate</strong></span> 
     </span>
    </p>
   </div>
   <div class='ocr_carea' id='block_1_8' title="bbox 177 473 744 508">
    <p class='ocr_par' dir='ltr' id='par_1_8' title="bbox 177 473 744 508">
     <span class='ocr_line' id='line_1_8' title="bbox 177 473 744 508; baseline -0.004 -7"><span class='ocrx_word' id='word_1_51' title='bbox 177 473 248 501; x_wconf 63' lang='lat' dir='ltr'><strong>male</strong></span> <span class='ocrx_word' id='word_1_52' title='bbox 267 475 313 501; x_wconf 89' lang='lat' dir='ltr'><strong>tibi</strong></span> <span class='ocrx_word' id='word_1_53' title='bbox 330 478 405 508; x_wconf 83' lang='lat' dir='ltr'><strong>parta</strong></span> <span class='ocrx_word' id='word_1_54' title='bbox 421 474 502 501; x_wconf 76' lang='lat' dir='ltr'><strong>sunt?</strong></span> <span class='ocrx_word' id='word_1_55' title='bbox 738 478 744 483; x_wconf 83' lang='grc'><strong>”</strong></span> 
     </span>
    </p>
   </div>
   <div class='ocr_carea' id='block_1_9' title="bbox 211 519 963 558">
    <p class='ocr_par' dir='ltr' id='par_1_9' title="bbox 211 519 963 558">
     <span class='ocr_line' id='line_1_9' title="bbox 211 519 963 558; baseline 0.001 -12"><span class='ocrx_word' id='word_1_56' title='bbox 211 519 238 546; x_wconf 90' lang='lat'><strong>8.</strong></span> <span class='ocrx_word' id='word_1_57' title='bbox 252 519 285 558; x_wconf 72' lang='lat' dir='ltr'><strong>Et</strong></span> <span class='ocrx_word' id='word_1_58' title='bbox 297 525 414 555; x_wconf 79' lang='lat' dir='ltr'><strong>torquem</strong></span> <span class='ocrx_word' id='word_1_59' title='bbox 427 528 536 547; x_wconf 66' lang='lat' dir='ltr'><strong>atuzum</strong></span> <span class='ocrx_word' id='word_1_60' title='bbox 553 521 622 546; x_wconf 75' lang='lat' dir='ltr'><strong>circa</strong></span> <span class='ocrx_word' id='word_1_61' title='bbox 635 520 731 546; x_wconf 83' lang='lat' dir='ltr'><strong>collum</strong></span> <span class='ocrx_word' id='word_1_62' title='bbox 743 524 827 547; x_wconf 82' lang='lat' dir='ltr'><strong>tuum.</strong></span> <span class='ocrx_word' id='word_1_63' title='bbox 843 520 963 547; x_wconf 83' lang='lat' dir='ltr'><strong>Eusebii.</strong></span> 
     </span>
    </p>
   </div>
   <div class='ocr_carea' id='block_1_10' title="bbox 174 564 962 599">
    <p class='ocr_par' dir='ltr' id='par_1_10' title="bbox 174 564 962 599">
     <span class='ocr_line' id='line_1_10' title="bbox 174 564 962 599; baseline 0 -7"><span class='ocrx_word' id='word_1_64' title='bbox 174 564 261 592; x_wconf 84' lang='lat' dir='ltr'><strong>Siculi</strong></span> <span class='ocrx_word' id='word_1_65' title='bbox 280 572 358 599; x_wconf 85' lang='lat' dir='ltr'><strong>caput</strong></span> <span class='ocrx_word' id='word_1_66' title='bbox 372 570 399 592; x_wconf 88' lang='lat' dir='ltr'><strong>et</strong></span> <span class='ocrx_word' id='word_1_67' title='bbox 418 565 516 592; x_wconf 91' lang='lat' dir='ltr'><strong>collum</strong></span> <span class='ocrx_word' id='word_1_68' title='bbox 534 565 661 592; x_wconf 88' lang='lat' dir='ltr'><strong>denotant</strong></span> <span class='ocrx_word' id='word_1_69' title='bbox 675 571 805 598; x_wconf 83' lang='lat' dir='ltr'><strong>tuentem,</strong></span> <span class='ocrx_word' id='word_1_70' title='bbox 826 567 861 592; x_wconf 86' lang='lat' dir='ltr'><strong>ita</strong></span> <span class='ocrx_word' id='word_1_71' title='bbox 879 566 962 592; x_wconf 83' lang='lat' dir='ltr'><strong>etiam</strong></span> 
     </span>
    </p>
   </div>
   <div class='ocr_carea' id='block_1_11' title="bbox 167 611 614 645">
    <p class='ocr_par' dir='ltr' id='par_1_11' title="bbox 167 611 614 645">
     <span class='ocr_line' id='line_1_11' title="bbox 167 611 614 645; baseline 0 -7"><span class='ocrx_word' id='word_1_72' title='bbox 167 611 280 645; x_wconf 79' lang='lat' dir='ltr'><strong>&#39;torquis</strong></span> <span class='ocrx_word' id='word_1_73' title='bbox 298 616 326 638; x_wconf 91' lang='lat' dir='ltr'><strong>et</strong></span> <span class='ocrx_word' id='word_1_74' title='bbox 347 618 445 638; x_wconf 78' lang='lat' dir='ltr'><strong>corona</strong></span> <span class='ocrx_word' id='word_1_75' title='bbox 463 611 614 638; x_wconf 75' lang='lat' dir='ltr'><strong>scientiam.</strong></span> 
     </span>
    </p>
   </div>
   <div class='ocr_carea' id='block_1_12' title="bbox 1015 295 1809 336">
    <p class='ocr_par' dir='ltr' id='par_1_12' title="bbox 1015 295 1809 336">
     <span class='ocr_line' id='line_1_12' title="bbox 1015 295 1809 336; baseline 0.003 -13"><span class='ocrx_word' id='word_1_76' title='bbox 1015 297 1061 323; x_wconf 80' lang='grc' dir='ltr'><strong>τοῦ</strong></span> <span class='ocrx_word' id='word_1_77' title='bbox 1086 297 1253 336; x_wconf 55' lang='lat' dir='ltr'><strong>meditator</strong></span> <span class='ocrx_word' id='word_1_78' title='bbox 1281 295 1349 323; x_wconf 75' lang='grc' dir='ltr'>οἴκοι</span> <span class='ocrx_word' id='word_1_79' title='bbox 1374 297 1401 323; x_wconf 81' lang='grc' dir='ltr'><strong>δὲ</strong></span> <span class='ocrx_word' id='word_1_80' title='bbox 1421 297 1511 323; x_wconf 76' lang='grc' dir='ltr'>αὐτῶν</span> <span class='ocrx_word' id='word_1_81' title='bbox 1530 297 1624 323; x_wconf 74' lang='grc' dir='ltr'>αἰτῶν</span> <span class='ocrx_word' id='word_1_82' title='bbox 1649 298 1809 333; x_wconf 77' lang='grc' dir='ltr'>κακούργων</span> 
     </span>
    </p>
   </div>
   <div class='ocr_carea' id='block_1_13' title="bbox 1016 343 1808 379">
    <p class='ocr_par' dir='ltr' id='par_1_13' title="bbox 1016 343 1808 379">
     <span class='ocr_line' id='line_1_13' title="bbox 1016 343 1808 379; baseline 0.001 -10"><span class='ocrx_word' id='word_1_83' title='bbox 1016 343 1169 379; x_wconf 71' lang='grc' dir='ltr'>ἐκκλησίαι,</span> <span class='ocrx_word' id='word_1_84' title='bbox 1189 343 1220 375; x_wconf 81' lang='grc' dir='ltr'><strong>ἃς</strong></span> <span class='ocrx_word' id='word_1_85' title='bbox 1235 344 1282 379; x_wconf 74' lang='grc' dir='ltr'><strong>καὶ¹</strong></span> <span class='ocrx_word' id='word_1_86' title='bbox 1296 343 1433 378; x_wconf 78' lang='grc' dir='ltr'>ἐμπλῆσαι</span> <span class='ocrx_word' id='word_1_87' title='bbox 1447 343 1593 378; x_wconf 80' lang='grc' dir='ltr'>βούλωνται</span> <span class='ocrx_word' id='word_1_88' title='bbox 1613 343 1728 375; x_wconf 81' lang='grc' dir='ltr'><strong>σκύλων,</strong></span> <span class='ocrx_word' id='word_1_89' title='bbox 1750 345 1808 379; x_wconf 74' lang='grc' dir='ltr'><strong>ἢτοι</strong></span> 
     </span>
    </p>
   </div>
   <div class='ocr_carea' id='block_1_14' title="bbox 1016 387 1809 426">
    <p class='ocr_par' dir='ltr' id='par_1_14' title="bbox 1016 387 1809 426">
     <span class='ocr_line' id='line_1_14' title="bbox 1016 387 1809 426; baseline -0.003 -9"><span class='ocrx_word' id='word_1_90' title='bbox 1016 390 1130 426; x_wconf 81' lang='grc' dir='ltr'>καρπῶν</span> <span class='ocrx_word' id='word_1_91' title='bbox 1152 387 1189 417; x_wconf 81' lang='grc' dir='ltr'><strong>ὧν</strong></span> <span class='ocrx_word' id='word_1_92' title='bbox 1205 391 1236 416; x_wconf 76' lang='grc' dir='ltr'>ὲκ</span> <span class='ocrx_word' id='word_1_93' title='bbox 1251 390 1304 416; x_wconf 83' lang='grc' dir='ltr'><strong>τῶν</strong></span> <span class='ocrx_word' id='word_1_94' title='bbox 1318 390 1430 416; x_wconf 74' lang='grc' dir='ltr'><strong>δικαίων</strong></span> <span class='ocrx_word' id='word_1_95' title='bbox 1444 390 1613 425; x_wconf 78' lang='grc' dir='ltr'><strong>ἁρπάζουσι·</strong></span> <span class='ocrx_word' id='word_1_96' title='bbox 1638 389 1696 421; x_wconf 83' lang='grc' dir='ltr'><strong>πῶς</strong></span> <span class='ocrx_word' id='word_1_97' title='bbox 1719 389 1809 425; x_wconf 44' lang='grc' dir='ltr'>δὲκαὶ</span> 
     </span>
    </p>
   </div>
   <div class='ocr_carea' id='block_1_15' title="bbox 1017 435 1808 471">
    <p class='ocr_par' dir='ltr' id='par_1_15' title="bbox 1017 435 1808 471">
     <span class='ocr_line' id='line_1_15' title="bbox 1017 435 1808 471; baseline 0 -10"><span class='ocrx_word' id='word_1_98' title='bbox 1017 435 1102 462; x_wconf 80' lang='grc' dir='ltr'>σκῦλα</span> <span class='ocrx_word' id='word_1_99' title='bbox 1118 436 1328 470; x_wconf 72' lang='grc' dir='ltr'><strong>προσαγορεύεις</strong></span> <span class='ocrx_word' id='word_1_100' title='bbox 1342 435 1375 461; x_wconf 81' lang='grc' dir='ltr'><strong>τὰ</strong></span> <span class='ocrx_word' id='word_1_101' title='bbox 1389 435 1428 471; x_wconf 85' lang='grc' dir='ltr'>μὴ</span> <span class='ocrx_word' id='word_1_102' title='bbox 1444 435 1562 470; x_wconf 81' lang='grc' dir='ltr'>πολέμου</span> <span class='ocrx_word' id='word_1_103' title='bbox 1576 435 1649 470; x_wconf 85' lang='grc' dir='ltr'><strong>νόμῳ</strong></span> <span class='ocrx_word' id='word_1_104' title='bbox 1661 435 1808 470; x_wconf 79' lang='grc' dir='ltr'><strong>ληφθέντα,</strong></span> 
     </span>
    </p>
   </div>
   <div class='ocr_carea' id='block_1_16' title="bbox 1016 481 1807 517">
    <p class='ocr_par' dir='ltr' id='par_1_16' title="bbox 1016 481 1807 517">
     <span class='ocr_line' id='line_1_16' title="bbox 1016 481 1807 517; baseline -0.004 -8"><span class='ocrx_word' id='word_1_105' title='bbox 1016 482 1072 509; x_wconf 85' lang='grc' dir='ltr'>ἀλλ’</span> <span class='ocrx_word' id='word_1_106' title='bbox 1082 483 1112 509; x_wconf 78' lang='grc' dir='ltr'>ἐκ</span> <span class='ocrx_word' id='word_1_107' title='bbox 1125 482 1230 517; x_wconf 81' lang='grc' dir='ltr'><strong>γυμνῆς</strong></span> <span class='ocrx_word' id='word_1_108' title='bbox 1240 481 1290 516; x_wconf 82' lang='grc' dir='ltr'><strong>τῆς</strong></span> <span class='ocrx_word' id='word_1_109' title='bbox 1305 481 1410 513; x_wconf 79' lang='grc' dir='ltr'>ἀδικίας</span> <span class='ocrx_word' id='word_1_110' title='bbox 1422 481 1515 512; x_wconf 79' lang='grc' dir='ltr'>κακῶς</span> <span class='ocrx_word' id='word_1_111' title='bbox 1533 489 1573 507; x_wconf 79' lang='grc' dir='ltr'><strong>σοι</strong></span> <span class='ocrx_word' id='word_1_112' title='bbox 1591 481 1789 516; x_wconf 76' lang='grc' dir='ltr'><strong>περιγενόμενα</strong></span> <span class='ocrx_word' id='word_1_113' title='bbox 1800 489 1807 510; x_wconf 82' lang='grc'>;</span> 
     </span>
    </p>
   </div>
   <div class='ocr_carea' id='block_1_17' title="bbox 1052 525 1808 564">
    <p class='ocr_par' dir='ltr' id='par_1_17' title="bbox 1052 525 1808 564">
     <span class='ocr_line' id='line_1_17' title="bbox 1052 525 1808 564; baseline -0.005 -8"><span class='ocrx_word' id='word_1_114' title='bbox 1052 533 1086 564; x_wconf 86' lang='grc' dir='ltr'><strong>η’.</strong></span> <span class='ocrx_word' id='word_1_115' title='bbox 1101 528 1158 555; x_wconf 78' lang='grc' dir='ltr'><strong>Καὶ</strong></span> <span class='ocrx_word' id='word_1_116' title='bbox 1173 526 1278 554; x_wconf 75' lang='grc' dir='ltr'><em>κλοιὸν</em></span> <span class='ocrx_word' id='word_1_117' title='bbox 1296 528 1427 561; x_wconf 81' lang='grc' dir='ltr'><strong>χρύσεον</strong></span> <span class='ocrx_word' id='word_1_118' title='bbox 1441 527 1507 560; x_wconf 75' lang='grc' dir='ltr'><strong>περὶ</strong></span> <span class='ocrx_word' id='word_1_119' title='bbox 1527 526 1566 559; x_wconf 86' lang='grc' dir='ltr'><strong>τῷ</strong></span> <span class='ocrx_word' id='word_1_120' title='bbox 1585 526 1736 561; x_wconf 73' lang='grc' dir='ltr'><strong>τραχήλῳ.</strong></span> <span class='ocrx_word' id='word_1_121' title='bbox 1754 525 1808 552; x_wconf 79' lang='grc' dir='ltr'><strong>Εὑ-</strong></span> 
     </span>
    </p>
   </div>
   <div class='ocr_carea' id='block_1_18' title="bbox 1016 571 1809 609">
    <p class='ocr_par' dir='ltr' id='par_1_18' title="bbox 1016 571 1809 609">
     <span class='ocr_line' id='line_1_18' title="bbox 1016 571 1809 609; baseline -0.005 -7"><span class='ocrx_word' id='word_1_122' title='bbox 1016 575 1118 602; x_wconf 75' lang='grc' dir='ltr'><strong>σεϐἰου.</strong></span> <span class='ocrx_word' id='word_1_123' title='bbox 1137 575 1243 609; x_wconf 80' lang='grc' dir='ltr'>’Ὠσπερ</span> <span class='ocrx_word' id='word_1_124' title='bbox 1261 573 1288 599; x_wconf 82' lang='grc' dir='ltr'><strong>δὲ</strong></span> <span class='ocrx_word' id='word_1_125' title='bbox 1301 572 1406 608; x_wconf 82' lang='grc' dir='ltr'>κεφαλὴ</span> <span class='ocrx_word' id='word_1_126' title='bbox 1415 573 1466 599; x_wconf 65' lang='grc' dir='ltr'>’καὶ</span> <span class='ocrx_word' id='word_1_127' title='bbox 1483 572 1617 608; x_wconf 75' lang='grc' dir='ltr'>τράχηλος</span> <span class='ocrx_word' id='word_1_128' title='bbox 1628 572 1672 598; x_wconf 76' lang='grc' dir='ltr'><strong>τὸν</strong></span> <span class='ocrx_word' id='word_1_129' title='bbox 1685 571 1747 598; x_wconf 81' lang='grc' dir='ltr'><strong>νοῦν</strong></span> <span class='ocrx_word' id='word_1_130' title='bbox 1758 572 1809 607; x_wconf 85' lang='grc' dir='ltr'><strong>δη-</strong></span> 
     </span>
    </p>
   </div>
   <div class='ocr_carea' id='block_1_19' title="bbox 1016 617 1754 653">
    <p class='ocr_par' dir='ltr' id='par_1_19' title="bbox 1016 617 1754 653">
     <span class='ocr_line' id='line_1_19' title="bbox 1016 617 1754 653; baseline -0.003 -6"><span class='ocrx_word' id='word_1_131' title='bbox 1016 620 1115 651; x_wconf 74' lang='grc' dir='ltr'>λοῦσιν,</span> <span class='ocrx_word' id='word_1_132' title='bbox 1133 619 1204 647; x_wconf 73' lang='grc' dir='ltr'><strong>οὕτω</strong></span> <span class='ocrx_word' id='word_1_133' title='bbox 1216 620 1261 645; x_wconf 75' lang='grc' dir='ltr'><strong>καὶ</strong></span> <span class='ocrx_word' id='word_1_134' title='bbox 1271 619 1359 649; x_wconf 81' lang='grc' dir='ltr'>κλοιὸς</span> <span class='ocrx_word' id='word_1_135' title='bbox 1374 619 1420 644; x_wconf 77' lang='grc' dir='ltr'>καὶ</span> <span class='ocrx_word' id='word_1_136' title='bbox 1435 618 1565 652; x_wconf 79' lang='grc' dir='ltr'><strong>στέφανος</strong></span> <span class='ocrx_word' id='word_1_137' title='bbox 1580 618 1629 653; x_wconf 87' lang='grc' dir='ltr'><strong>τὴν</strong></span> <span class='ocrx_word' id='word_1_138' title='bbox 1643 617 1754 651; x_wconf 79' lang='grc' dir='ltr'><strong>γνῶσιν.</strong></span> 
     </span>
    </p>
   </div>
   <div class='ocr_carea' id='block_1_20' title="bbox 178 684 1735 704">
    <p class='ocr_par' dir='ltr' id='par_1_20' title="bbox 178 684 1735 704">
     <span class='ocr_line' id='line_1_20' title="bbox 178 684 1735 704; baseline -0.003 -3"><span class='ocrx_word' id='word_1_139' title='bbox 178 684 1735 704; x_wconf 60' lang='lat' dir='ltr'><em>W</em></span> 
     </span>
    </p>
   </div>
   <div class='ocr_carea' id='block_1_21' title="bbox 667 750 1261 874">
    <p class='ocr_par' dir='ltr' id='par_1_21' title="bbox 667 750 1261 874">
     <span class='ocr_line' id='line_1_21' title="bbox 667 750 1261 874; baseline 0 -23"><span class='ocrx_word' id='word_1_140' title='bbox 667 869 674 874; x_wconf 94' lang='lat'><strong>_</strong></span> <span class='ocrx_word' id='word_1_141' title='bbox 714 767 1261 860; x_wconf 79' lang='grc' dir='ltr'><strong>ΕΥΣΕΒΙΟΥ</strong></span> 
     </span>
    </p>
   </div>
   <div class='ocr_carea' id='block_1_22' title="bbox 253 900 1214 985">
    <p class='ocr_par' dir='ltr' id='par_1_22' title="bbox 253 900 1214 973">
     <span class='ocr_line' id='line_1_22' title="bbox 253 900 1214 973; baseline 0.002 -29"><span class='ocrx_word' id='word_1_142' title='bbox 253 963 256 967; x_wconf 22' lang='grc'><em>,</em></span> <span class='ocrx_word' id='word_1_143' title='bbox 320 939 325 944; x_wconf 90' lang='grc'>.</span> <span class='ocrx_word' id='word_1_144' title='bbox 449 900 453 902; x_wconf 91' lang='grc'>·</span> <span class='ocrx_word' id='word_1_145' title='bbox 761 903 876 946; x_wconf 80' lang='grc' dir='ltr'><strong>ΤΟΥ</strong></span> <span class='ocrx_word' id='word_1_146' title='bbox 914 900 1214 973; x_wconf 61' lang='grc' dir='ltr'><strong>ΠΑΜΦΙΑΟΥ</strong></span> 
     </span>
    </p>
   </div>
   <div class='ocr_carea' id='block_1_23' title="bbox 304 996 1668 1079">
    <p class='ocr_par' dir='ltr' id='par_1_23' title="bbox 304 996 1668 1079">
     <span class='ocr_line' id='line_1_23' title="bbox 304 996 1668 1079; baseline -0.002 -13"><span class='ocrx_word' id='word_1_147' title='bbox 304 999 916 1079; x_wconf 86' lang='grc' dir='ltr'><strong>ΥΠΟΜΝΗΜΑΤΑ</strong></span> <span class='ocrx_word' id='word_1_148' title='bbox 952 1002 1082 1064; x_wconf 88' lang='grc' dir='ltr'><strong>ΕΙΣ</strong></span> <span class='ocrx_word' id='word_1_149' title='bbox 1120 1000 1294 1065; x_wconf 86' lang='grc' dir='ltr'><strong>ΤΟΝ</strong></span> <span class='ocrx_word' id='word_1_150' title='bbox 1310 996 1315 1002; x_wconf 75' lang='grc'><strong>’</strong></span> <span class='ocrx_word' id='word_1_151' title='bbox 1334 999 1668 1065; x_wconf 85' lang='grc' dir='ltr'><strong>ΗΣΑΙΑΝ.</strong></span> 
     </span>
    </p>
   </div>
   <div class='ocr_carea' id='block_1_24' title="bbox 467 1166 1436 1315">
    <p class='ocr_par' dir='ltr' id='par_1_24' title="bbox 467 1166 1436 1315">
     <span class='ocr_line' id='line_1_24' title="bbox 467 1166 1436 1315; baseline -0.005 -42"><span class='ocrx_word' id='word_1_152' title='bbox 467 1311 470 1315; x_wconf 17' lang='grc' dir='ltr'>ι</span> <span class='ocrx_word' id='word_1_153' title='bbox 544 1194 925 1315; x_wconf 81' lang='lat' dir='ltr'><strong>EUSEBII</strong></span> <span class='ocrx_word' id='word_1_154' title='bbox 972 1166 1436 1271; x_wconf 87' lang='lat' dir='ltr'><strong>PAMPHILI</strong></span> 
     </span>
    </p>
   </div>
   <div class='ocr_carea' id='block_1_25' title="bbox 467 1338 1495 1397">
    <p class='ocr_par' dir='ltr' id='par_1_25' title="bbox 467 1338 1495 1397">
     <span class='ocr_line' id='line_1_25' title="bbox 467 1338 1495 1397; baseline -0.003 -1"><span class='ocrx_word' id='word_1_155' title='bbox 467 1339 997 1397; x_wconf 81' lang='lat' dir='ltr'><strong>COMMENTARIA</strong></span> <span class='ocrx_word' id='word_1_156' title='bbox 1042 1339 1115 1395; x_wconf 88' lang='lat' dir='ltr'><strong>IN</strong></span> <span class='ocrx_word' id='word_1_157' title='bbox 1157 1338 1495 1395; x_wconf 89' lang='lat' dir='ltr'><strong>HESAIAM.</strong></span> 
     </span>
    </p>
   </div>
   <div class='ocr_carea' id='block_1_26' title="bbox 686 1448 1290 1480">
    <p class='ocr_par' dir='ltr' id='par_1_26' title="bbox 686 1448 1290 1480">
     <span class='ocr_line' id='line_1_26' title="bbox 686 1448 1290 1480; baseline 0.002 -7"><span class='ocrx_word' id='word_1_158' title='bbox 686 1450 877 1480; x_wconf 67' lang='lat' dir='ltr'><strong>&#39;(Moml&#39;wcnx,</strong></span> <span class='ocrx_word' id='word_1_159' title='bbox 892 1448 1005 1475; x_wconf 77' lang='lat' dir='ltr'><strong>Collectio</strong></span> <span class='ocrx_word' id='word_1_160' title='bbox 1017 1455 1076 1474; x_wconf 76' lang='lat' dir='ltr'><strong>nova</strong></span> <span class='ocrx_word' id='word_1_161' title='bbox 1091 1450 1202 1478; x_wconf 70' lang='lat' dir='ltr'><strong>Pali-mn,</strong></span> <span class='ocrx_word' id='word_1_162' title='bbox 1217 1452 1233 1474; x_wconf 85' lang='lat' dir='ltr'><strong>I.</strong></span> <span class='ocrx_word' id='word_1_163' title='bbox 1250 1450 1290 1479; x_wconf 83' lang='lat' dir='ltr'><strong>ll.)</strong></span> 
     </span>
    </p>
   </div>
   <div class='ocr_carea' id='block_1_27' title="bbox 818 1580 1160 1647">
    <p class='ocr_par' dir='ltr' id='par_1_27' title="bbox 818 1580 1160 1647">
     <span class='ocr_line' id='line_1_27' title="bbox 818 1580 1160 1647; baseline 0 -3"><span class='ocrx_word' id='word_1_164' title='bbox 818 1580 1160 1647; x_wconf 65' lang='lat' dir='ltr'><strong>PREFATlO.</strong></span> 
     </span>
    </p>
   </div>
   <div class='ocr_carea' id='block_1_28' title="bbox 209 1695 1805 1732">
    <p class='ocr_par' dir='ltr' id='par_1_28' title="bbox 209 1695 1805 1732">
     <span class='ocr_line' id='line_1_28' title="bbox 209 1695 1805 1732; baseline -0.001 -6"><span class='ocrx_word' id='word_1_165' title='bbox 209 1699 266 1726; x_wconf 73' lang='lat' dir='ltr'><strong>Non</strong></span> <span class='ocrx_word' id='word_1_166' title='bbox 284 1699 310 1726; x_wconf 91' lang='lat' dir='ltr'><strong>in</strong></span> <span class='ocrx_word' id='word_1_167' title='bbox 324 1699 413 1726; x_wconf 86' lang='lat' dir='ltr'><strong>animo</strong></span> <span class='ocrx_word' id='word_1_168' title='bbox 428 1703 498 1730; x_wconf 86' lang='lat' dir='ltr'><strong>erat,</strong></span> <span class='ocrx_word' id='word_1_169' title='bbox 515 1705 575 1724; x_wconf 93' lang='lat' dir='ltr'><strong>cum</strong></span> <span class='ocrx_word' id='word_1_170' title='bbox 597 1699 630 1724; x_wconf 81' lang='lat' dir='ltr'><strong>ab</strong></span> <span class='ocrx_word' id='word_1_171' title='bbox 653 1697 728 1724; x_wconf 83' lang='lat' dir='ltr'><strong>initio</strong></span> <span class='ocrx_word' id='word_1_172' title='bbox 744 1697 814 1724; x_wconf 87' lang='lat' dir='ltr'><strong>bane</strong></span> <span class='ocrx_word' id='word_1_173' title='bbox 832 1697 964 1732; x_wconf 81' lang='grc' dir='ltr'>συλλογὴν</span> <span class='ocrx_word' id='word_1_174' title='bbox 980 1701 1001 1727; x_wconf 78' lang='grc' dir='ltr'>Β</span> <span class='ocrx_word' id='word_1_175' title='bbox 1016 1695 1114 1723; x_wconf 80' lang='lat' dir='ltr'><strong>decimi</strong></span> <span class='ocrx_word' id='word_1_176' title='bbox 1131 1696 1234 1728; x_wconf 69' lang='lat' dir='ltr'><strong>smculi,</strong></span> <span class='ocrx_word' id='word_1_177' title='bbox 1253 1695 1297 1722; x_wconf 80' lang='lat' dir='ltr'><strong>ubi</strong></span> <span class='ocrx_word' id='word_1_178' title='bbox 1314 1695 1625 1730; x_wconf 69' lang='lat' dir='ltr'><strong>Expositiont‘sEusebii</strong></span> <span class='ocrx_word' id='word_1_179' title='bbox 1639 1700 1665 1723; x_wconf 87' lang='lat' dir='ltr'><strong>et</strong></span> <span class='ocrx_word' id='word_1_180' title='bbox 1682 1696 1805 1728; x_wconf 79' lang='lat' dir='ltr'><strong>aliorum.</strong></span> 
     </span>
    </p>
   </div>
   <div class='ocr_carea' id='block_1_29' title="bbox 167 1741 963 1780">
    <p class='ocr_par' dir='ltr' id='par_1_29' title="bbox 167 1741 963 1780">
     <span class='ocr_line' id='line_1_29' title="bbox 167 1741 963 1780; baseline -0.004 -9"><span class='ocrx_word' id='word_1_181' title='bbox 167 1752 283 1780; x_wconf 80' lang='lat' dir='ltr'><strong>operum</strong></span> <span class='ocrx_word' id='word_1_182' title='bbox 309 1744 414 1780; x_wconf 89' lang='lat' dir='ltr'><strong>publico</strong></span> <span class='ocrx_word' id='word_1_183' title='bbox 429 1744 629 1771; x_wconf 86' lang='lat' dir='ltr'><strong>destinabamus</strong></span> <span class='ocrx_word' id='word_1_184' title='bbox 644 1743 714 1775; x_wconf 83' lang='lat' dir='ltr'><strong>usui,</strong></span> <span class='ocrx_word' id='word_1_185' title='bbox 734 1743 839 1770; x_wconf 81' lang='lat' dir='ltr'><strong>Eusebii</strong></span> <span class='ocrx_word' id='word_1_186' title='bbox 863 1743 888 1769; x_wconf 89' lang='lat' dir='ltr'><strong>in</strong></span> <span class='ocrx_word' id='word_1_187' title='bbox 911 1741 963 1769; x_wconf 86' lang='lat' dir='ltr'><strong>lle-</strong></span> 
     </span>
    </p>
   </div>
   <div class='ocr_carea' id='block_1_30' title="bbox 169 1789 964 1825">
    <p class='ocr_par' dir='ltr' id='par_1_30' title="bbox 169 1789 964 1825">
     <span class='ocr_line' id='line_1_30' title="bbox 169 1789 964 1825; baseline -0.004 -8"><span class='ocrx_word' id='word_1_188' title='bbox 169 1791 257 1818; x_wconf 72' lang='lat' dir='ltr'><strong>,saiam</strong></span> <span class='ocrx_word' id='word_1_189' title='bbox 283 1790 321 1825; x_wconf 86' lang='lat' dir='ltr'><strong>(l)</strong></span> <span class='ocrx_word' id='word_1_190' title='bbox 341 1789 550 1817; x_wconf 85' lang='lat' dir='ltr'><strong>Commentariis</strong></span> <span class='ocrx_word' id='word_1_191' title='bbox 574 1796 681 1816; x_wconf 84' lang='lat' dir='ltr'><strong>manum</strong></span> <span class='ocrx_word' id='word_1_192' title='bbox 705 1789 848 1815; x_wconf 81' lang='lat' dir='ltr'><strong>admovere</strong></span> <span class='ocrx_word' id='word_1_193' title='bbox 875 1797 881 1814; x_wconf 95' lang='lat'><strong>:</strong></span> <span class='ocrx_word' id='word_1_194' title='bbox 903 1795 964 1814; x_wconf 88' lang='lat' dir='ltr'><strong>nam</strong></span> 
     </span>
    </p>
   </div>
   <div class='ocr_carea' id='block_1_31' title="bbox 171 1832 964 1862">
    <p class='ocr_par' dir='ltr' id='par_1_31' title="bbox 171 1832 964 1862">
     <span class='ocr_line' id='line_1_31' title="bbox 171 1832 964 1862; baseline -0.005 -1"><span class='ocrx_word' id='word_1_195' title='bbox 171 1843 233 1862; x_wconf 91' lang='lat' dir='ltr'><strong>cum</strong></span> <span class='ocrx_word' id='word_1_196' title='bbox 248 1836 330 1862; x_wconf 79' lang='lat' dir='ltr'><strong>codex</strong></span> <span class='ocrx_word' id='word_1_197' title='bbox 345 1834 374 1861; x_wconf 89' lang='lat' dir='ltr'><strong>S.</strong></span> <span class='ocrx_word' id='word_1_198' title='bbox 389 1834 500 1861; x_wconf 83' lang='lat' dir='ltr'><strong>Taurini</strong></span> <span class='ocrx_word' id='word_1_199' title='bbox 525 1833 697 1860; x_wconf 83' lang='lat' dir='ltr'><strong>Ebroicensis</strong></span> <span class='ocrx_word' id='word_1_200' title='bbox 719 1833 854 1860; x_wconf 82' lang='lat' dir='ltr'><strong>sexdecim</strong></span> <span class='ocrx_word' id='word_1_201' title='bbox 877 1832 964 1858; x_wconf 88' lang='lat' dir='ltr'><strong>solum</strong></span> 
     </span>
    </p>
   </div>
   <div class='ocr_carea' id='block_1_32' title="bbox 168 1878 965 1914">
    <p class='ocr_par' dir='ltr' id='par_1_32' title="bbox 168 1878 965 1914">
     <span class='ocr_line' id='line_1_32' title="bbox 168 1878 965 1914; baseline -0.004 -7"><span class='ocrx_word' id='word_1_202' title='bbox 168 1881 279 1907; x_wconf 67' lang='lat' dir='ltr'><strong>.llcsaia:</strong></span> <span class='ocrx_word' id='word_1_203' title='bbox 303 1881 393 1914; x_wconf 82' lang='lat' dir='ltr'><strong>capita</strong></span> <span class='ocrx_word' id='word_1_204' title='bbox 418 1887 480 1906; x_wconf 93' lang='lat' dir='ltr'><strong>cum</strong></span> <span class='ocrx_word' id='word_1_205' title='bbox 505 1879 708 1906; x_wconf 83' lang='lat' dir='ltr'><strong>commentariis</strong></span> <span class='ocrx_word' id='word_1_206' title='bbox 724 1878 899 1906; x_wconf 80' lang='lat' dir='ltr'><strong>circumferat</strong></span> <span class='ocrx_word' id='word_1_207' title='bbox 916 1882 965 1909; x_wconf 85' lang='lat' dir='ltr'><strong>;ut</strong></span> 
     </span>
    </p>
   </div>
   <div class='ocr_carea' id='block_1_33' title="bbox 173 1924 964 1959">
    <p class='ocr_par' dir='ltr' id='par_1_33' title="bbox 173 1924 964 1959">
     <span class='ocr_line' id='line_1_33' title="bbox 173 1924 964 1959; baseline -0.001 -7"><span class='ocrx_word' id='word_1_208' title='bbox 173 1926 277 1959; x_wconf 86' lang='lat' dir='ltr'><strong>reliqua</strong></span> <span class='ocrx_word' id='word_1_209' title='bbox 291 1925 394 1952; x_wconf 84' lang='lat' dir='ltr'><strong>sarcire</strong></span> <span class='ocrx_word' id='word_1_210' title='bbox 408 1931 548 1958; x_wconf 83' lang='lat' dir='ltr'><strong>possemus</strong></span> <span class='ocrx_word' id='word_1_211' title='bbox 558 1944 566 1954; x_wconf 83' lang='grc'>,</span> <span class='ocrx_word' id='word_1_212' title='bbox 581 1924 842 1958; x_wconf 70' lang='lat' dir='ltr'><strong>diuturnioreopera</strong></span> <span class='ocrx_word' id='word_1_213' title='bbox 856 1929 883 1951; x_wconf 90' lang='lat' dir='ltr'><strong>et</strong></span> <span class='ocrx_word' id='word_1_214' title='bbox 903 1932 964 1958; x_wconf 87' lang='lat' dir='ltr'><strong>per-</strong></span> 
     </span>
    </p>
   </div>
   <div class='ocr_carea' id='block_1_34' title="bbox 172 1967 962 2004">
    <p class='ocr_par' dir='ltr' id='par_1_34' title="bbox 172 1967 962 2004">
     <span class='ocr_line' id='line_1_34' title="bbox 172 1967 962 2004; baseline 0 -8"><span class='ocrx_word' id='word_1_215' title='bbox 172 1970 319 2004; x_wconf 84' lang='lat' dir='ltr'><strong>quisitione</strong></span> <span class='ocrx_word' id='word_1_216' title='bbox 331 1977 398 2004; x_wconf 78' lang='lat' dir='ltr'><strong>opus</strong></span> <span class='ocrx_word' id='word_1_217' title='bbox 411 1969 468 1997; x_wconf 81' lang='lat' dir='ltr'><strong>fore</strong></span> <span class='ocrx_word' id='word_1_218' title='bbox 484 1969 656 2003; x_wconf 88' lang='lat' dir='ltr'><strong>putabamus.</strong></span> <span class='ocrx_word' id='word_1_219' title='bbox 672 1967 772 1995; x_wconf 83' lang='lat' dir='ltr'><strong>Verum</strong></span> <span class='ocrx_word' id='word_1_220' title='bbox 789 1969 833 1996; x_wconf 92' lang='lat' dir='ltr'><strong>ubi</strong></span> <span class='ocrx_word' id='word_1_221' title='bbox 851 1969 883 1996; x_wconf 81' lang='lat' dir='ltr'><strong>ad</strong></span> <span class='ocrx_word' id='word_1_222' title='bbox 896 1977 962 2004; x_wconf 90' lang='lat' dir='ltr'><strong>ope—</strong></span> 
     </span>
    </p>
   </div>
   <div class='ocr_carea' id='block_1_35' title="bbox 170 2011 963 2049">
    <p class='ocr_par' dir='ltr' id='par_1_35' title="bbox 170 2011 963 2049">
     <span class='ocr_line' id='line_1_35' title="bbox 170 2011 963 2049; baseline 0 -7"><span class='ocrx_word' id='word_1_223' title='bbox 170 2016 211 2043; x_wconf 80' lang='lat' dir='ltr'><strong>ris</strong></span> <span class='ocrx_word' id='word_1_224' title='bbox 227 2015 452 2043; x_wconf 82' lang='lat' dir='ltr'><strong>restaurationem</strong></span> <span class='ocrx_word' id='word_1_225' title='bbox 472 2011 588 2049; x_wconf 74' lang='lat' dir='ltr'><strong>arripiant</strong></span> <span class='ocrx_word' id='word_1_226' title='bbox 611 2015 635 2041; x_wconf 92' lang='lat' dir='ltr'><strong>in</strong></span> <span class='ocrx_word' id='word_1_227' title='bbox 654 2015 792 2042; x_wconf 88' lang='lat' dir='ltr'><strong>codicibus</strong></span> <span class='ocrx_word' id='word_1_228' title='bbox 812 2015 902 2049; x_wconf 74' lang='lat' dir='ltr'><strong>Regiis</strong></span> <span class='ocrx_word' id='word_1_229' title='bbox 918 2022 963 2042; x_wconf 87' lang='lat' dir='ltr'><strong>se-</strong></span> 
     </span>
    </p>
   </div>
   <div class='ocr_carea' id='block_1_36' title="bbox 166 2059 964 2096">
    <p class='ocr_par' dir='ltr' id='par_1_36' title="bbox 166 2059 964 2096">
     <span class='ocr_line' id='line_1_36' title="bbox 166 2059 964 2096; baseline -0.001 -8"><span class='ocrx_word' id='word_1_230' title='bbox 166 2063 259 2096; x_wconf 18' lang='lat' dir='ltr'><strong>,gete‘m</strong></span> <span class='ocrx_word' id='word_1_231' title='bbox 284 2060 374 2088; x_wconf 72' lang='lat' dir='ltr'><strong>oll‘erri</strong></span> <span class='ocrx_word' id='word_1_232' title='bbox 406 2061 484 2088; x_wconf 86' lang='lat' dir='ltr'><strong>nobis</strong></span> <span class='ocrx_word' id='word_1_233' title='bbox 509 2059 766 2092; x_wconf 82' lang='lat' dir='ltr'><strong>animadvertimus.</strong></span> <span class='ocrx_word' id='word_1_234' title='bbox 783 2067 830 2094; x_wconf 81' lang='lat' dir='ltr'><strong>spe</strong></span> <span class='ocrx_word' id='word_1_235' title='bbox 847 2068 877 2087; x_wconf 85' lang='lat' dir='ltr'><strong>ac</strong></span> <span class='ocrx_word' id='word_1_236' title='bbox 890 2060 964 2095; x_wconf 91' lang='lat' dir='ltr'><strong>cupi-</strong></span> 
     </span>
    </p>
   </div>
   <div class='ocr_carea' id='block_1_37' title="bbox 173 2103 963 2141">
    <p class='ocr_par' dir='ltr' id='par_1_37' title="bbox 173 2103 963 2141">
     <span class='ocr_line' id='line_1_37' title="bbox 173 2103 963 2141; baseline 0 -8"><span class='ocrx_word' id='word_1_237' title='bbox 173 2103 312 2133; x_wconf 73' lang='lat' dir='ltr'><strong>diu&#39;emoti</strong></span> <span class='ocrx_word' id='word_1_238' title='bbox 327 2107 395 2134; x_wconf 84' lang='lat' dir='ltr'><strong>bene</strong></span> <span class='ocrx_word' id='word_1_239' title='bbox 408 2106 534 2141; x_wconf 66' lang='lat' dir='ltr'><strong>gerenda:</strong></span> <span class='ocrx_word' id='word_1_240' title='bbox 555 2106 604 2137; x_wconf 87' lang='lat' dir='ltr'><strong>rei.</strong></span> <span class='ocrx_word' id='word_1_241' title='bbox 624 2112 675 2132; x_wconf 89' lang='lat' dir='ltr'><strong>nec</strong></span> <span class='ocrx_word' id='word_1_242' title='bbox 692 2105 812 2132; x_wconf 80' lang='lat' dir='ltr'><strong>deterriti</strong></span> <span class='ocrx_word' id='word_1_243' title='bbox 835 2105 963 2133; x_wconf 78' lang='lat' dir='ltr'><strong>horumce</strong></span> 
     </span>
    </p>
   </div>
   <div class='ocr_carea' id='block_1_38' title="bbox 167 2145 963 2186">
    <p class='ocr_par' dir='ltr' id='par_1_38' title="bbox 167 2145 963 2186">
     <span class='ocr_line' id='line_1_38' title="bbox 167 2145 963 2186; baseline -0.004 -7"><span class='ocrx_word' id='word_1_244' title='bbox 167 2150 295 2179; x_wconf 66' lang='lat' dir='ltr'><strong>codicum</strong></span> <span class='ocrx_word' id='word_1_245' title='bbox 311 2151 484 2186; x_wconf 76' lang='lat' dir='ltr'><strong>legendorum</strong></span> <span class='ocrx_word' id='word_1_246' title='bbox 504 2150 674 2182; x_wconf 73' lang='lat' dir='ltr'><strong>difﬁcultate.</strong></span> <span class='ocrx_word' id='word_1_247' title='bbox 689 2145 901 2177; x_wconf 81' lang='lat' dir='ltr'><strong>commentarios</strong></span> <span class='ocrx_word' id='word_1_248' title='bbox 915 2151 963 2177; x_wconf 88' lang='lat' dir='ltr'><strong>de-</strong></span> 
     </span>
    </p>
   </div>
   <div class='ocr_carea' id='block_1_39' title="bbox 170 2190 962 2227">
    <p class='ocr_par' dir='ltr' id='par_1_39' title="bbox 170 2190 962 2227">
     <span class='ocr_line' id='line_1_39' title="bbox 170 2190 962 2227; baseline -0.001 -7"><span class='ocrx_word' id='word_1_249' title='bbox 170 2202 257 2226; x_wconf 90' lang='lat' dir='ltr'><strong>mum,</strong></span> <span class='ocrx_word' id='word_1_250' title='bbox 274 2198 302 2221; x_wconf 83' lang='lat' dir='ltr'><strong>ut</strong></span> <span class='ocrx_word' id='word_1_251' title='bbox 316 2194 430 2221; x_wconf 76' lang='lat' dir='ltr'><strong>fatultas</strong></span> <span class='ocrx_word' id='word_1_252' title='bbox 452 2193 528 2226; x_wconf 79' lang='lat' dir='ltr'><strong>tulit,</strong></span> <span class='ocrx_word' id='word_1_253' title='bbox 552 2194 690 2225; x_wconf 85' lang='lat' dir='ltr'><strong>eruimus,</strong></span> <span class='ocrx_word' id='word_1_254' title='bbox 713 2198 741 2220; x_wconf 84' lang='lat' dir='ltr'><strong>et</strong></span> <span class='ocrx_word' id='word_1_255' title='bbox 758 2193 783 2220; x_wconf 90' lang='lat' dir='ltr'><strong>in</strong></span> <span class='ocrx_word' id='word_1_256' title='bbox 799 2190 962 2227; x_wconf 77' lang='lat' dir='ltr'><strong>postremam</strong></span> 
     </span>
    </p>
   </div>
   <div class='ocr_carea' id='block_1_40' title="bbox 170 2235 961 2274">
    <p class='ocr_par' dir='ltr' id='par_1_40' title="bbox 170 2235 961 2274">
     <span class='ocr_line' id='line_1_40' title="bbox 170 2235 961 2274; baseline -0.001 -9"><span class='ocrx_word' id='word_1_257' title='bbox 170 2239 284 2273; x_wconf 79' lang='lat' dir='ltr'><strong>hujusce</strong></span> <span class='ocrx_word' id='word_1_258' title='bbox 302 2240 366 2266; x_wconf 85' lang='lat' dir='ltr'><strong>lonti</strong></span> <span class='ocrx_word' id='word_1_259' title='bbox 391 2245 508 2274; x_wconf 78' lang='lat' dir='ltr'><strong>partem,</strong></span> <span class='ocrx_word' id='word_1_260' title='bbox 524 2235 596 2273; x_wconf 82' lang='lat' dir='ltr'><strong>quod</strong></span> <span class='ocrx_word' id='word_1_261' title='bbox 623 2239 675 2265; x_wconf 88' lang='lat' dir='ltr'><strong>alio</strong></span> <span class='ocrx_word' id='word_1_262' title='bbox 697 2243 761 2265; x_wconf 83' lang='lat' dir='ltr'><strong>tunc</strong></span> <span class='ocrx_word' id='word_1_263' title='bbox 782 2246 834 2265; x_wconf 91' lang='lat' dir='ltr'><strong>non</strong></span> <span class='ocrx_word' id='word_1_264' title='bbox 850 2238 961 2270; x_wconf 85' lang='lat' dir='ltr'><strong>liceret,</strong></span> 
     </span>
    </p>
   </div>
   <div class='ocr_carea' id='block_1_41' title="bbox 171 2283 960 2319">
    <p class='ocr_par' dir='ltr' id='par_1_41' title="bbox 171 2283 960 2319">
     <span class='ocr_line' id='line_1_41' title="bbox 171 2283 960 2319; baseline -0.003 -7"><span class='ocrx_word' id='word_1_265' title='bbox 171 2285 354 2319; x_wconf 70' lang='lat' dir='ltr'><strong>conjicientlos</strong></span> <span class='ocrx_word' id='word_1_266' title='bbox 369 2285 507 2312; x_wconf 83' lang='lat' dir='ltr'><strong>duximus.</strong></span> <span class='ocrx_word' id='word_1_267' title='bbox 532 2283 631 2311; x_wconf 78' lang='lat' dir='ltr'><strong>Verum</strong></span> <span class='ocrx_word' id='word_1_268' title='bbox 649 2289 704 2310; x_wconf 91' lang='lat' dir='ltr'><strong>tum</strong></span> <span class='ocrx_word' id='word_1_269' title='bbox 730 2284 781 2310; x_wconf 87' lang='lat' dir='ltr'><strong>bac</strong></span> <span class='ocrx_word' id='word_1_270' title='bbox 798 2283 830 2310; x_wconf 88' lang='lat' dir='ltr'><strong>de</strong></span> <span class='ocrx_word' id='word_1_271' title='bbox 849 2291 889 2315; x_wconf 85' lang='lat' dir='ltr'><strong>re,</strong></span> <span class='ocrx_word' id='word_1_272' title='bbox 906 2288 960 2310; x_wconf 91' lang='lat' dir='ltr'><strong>tum</strong></span> 
     </span>
    </p>
   </div>
   <div class='ocr_carea' id='block_1_42' title="bbox 172 2328 961 2366">
    <p class='ocr_par' dir='ltr' id='par_1_42' title="bbox 172 2328 961 2366">
     <span class='ocr_line' id='line_1_42' title="bbox 172 2328 961 2366; baseline -0.004 -8"><span class='ocrx_word' id='word_1_273' title='bbox 172 2330 207 2358; x_wconf 86' lang='lat' dir='ltr'><strong>de</strong></span> <span class='ocrx_word' id='word_1_274' title='bbox 220 2331 414 2358; x_wconf 83' lang='lat' dir='ltr'><strong>commentario</strong></span> <span class='ocrx_word' id='word_1_275' title='bbox 430 2331 500 2365; x_wconf 84' lang='lat' dir='ltr'><strong>ipso,</strong></span> <span class='ocrx_word' id='word_1_276' title='bbox 522 2338 572 2366; x_wconf 91' lang='lat' dir='ltr'><strong>pro</strong></span> <span class='ocrx_word' id='word_1_277' title='bbox 594 2337 668 2357; x_wconf 87' lang='lat' dir='ltr'><strong>more</strong></span> <span class='ocrx_word' id='word_1_278' title='bbox 690 2333 782 2356; x_wconf 86' lang='lat' dir='ltr'><strong>nostro</strong></span> <span class='ocrx_word' id='word_1_279' title='bbox 800 2328 910 2363; x_wconf 59' lang='lat' dir='ltr'><strong>praefari</strong></span> <span class='ocrx_word' id='word_1_280' title='bbox 927 2336 961 2355; x_wconf 89' lang='lat' dir='ltr'><strong>ne</strong></span> 
     </span>
    </p>
   </div>
   <div class='ocr_carea' id='block_1_43' title="bbox 173 2384 627 2418">
    <p class='ocr_par' dir='ltr' id='par_1_43' title="bbox 173 2384 326 2411">
     <span class='ocr_line' id='line_1_43' title="bbox 173 2384 326 2411; baseline 0 -9"><span class='ocrx_word' id='word_1_281' title='bbox 173 2384 326 2411; x_wconf 75' lang='lat' dir='ltr'><strong>gravemttr.</strong></span> 
     </span>
    </p>
   </div>
   <div class='ocr_carea' id='block_1_44' title="bbox 544 2433 595 2467">
    <p class='ocr_par' dir='ltr' id='par_1_44' title="bbox 544 2433 595 2467">
     <span class='ocr_line' id='line_1_44' title="bbox 544 2433 595 2467; baseline 0 -8"><span class='ocrx_word' id='word_1_282' title='bbox 544 2433 595 2467; x_wconf 54' lang='grc' dir='ltr'><strong>ξι.</strong></span> 
     </span>
    </p>
   </div>
   <div class='ocr_carea' id='block_1_45' title="bbox 171 2476 961 2539">
    <p class='ocr_par' dir='ltr' id='par_1_45' title="bbox 171 2476 961 2539">
     <span class='ocr_line' id='line_1_45' title="bbox 171 2476 961 2539; baseline -0.004 -34"><span class='ocrx_word' id='word_1_283' title='bbox 171 2478 213 2505; x_wconf 83' lang='lat' dir='ltr'><strong>De</strong></span> <span class='ocrx_word' id='word_1_284' title='bbox 226 2478 356 2505; x_wconf 75' lang='lat' dir='ltr'><strong>codicibus</strong></span> <span class='ocrx_word' id='word_1_285' title='bbox 375 2479 451 2506; x_wconf 81' lang='lat' dir='ltr'><strong>unde-</strong></span> <span class='ocrx_word' id='word_1_286' title='bbox 462 2479 591 2539; x_wconf 50' lang='lat' dir='ltr'><strong>prqideunt</strong></span> <span class='ocrx_word' id='word_1_287' title='bbox 604 2477 708 2504; x_wconf 76' lang='lat' dir='ltr'><strong>Eusebii</strong></span> <span class='ocrx_word' id='word_1_288' title='bbox 725 2476 919 2504; x_wconf 74' lang='lat' dir='ltr'><strong>Commentario</strong></span> <span class='ocrx_word' id='word_1_289' title='bbox 935 2476 961 2502; x_wconf 83' lang='lat' dir='ltr'><strong>in</strong></span> 
     </span>
     <span class='ocr_line' id='line_1_46' title="bbox 523 2521 632 2539; baseline -0.009 0"><span class='ocrx_word' id='word_1_290' title='bbox 523 2521 632 2539; x_wconf 60' lang='lat' dir='ltr'><strong>enatam.</strong></span> 
     </span>
    </p>
   </div>
   <div class='ocr_carea' id='block_1_46' title="bbox 523 2521 632 2540">
    <p class='ocr_par' dir='ltr' id='par_1_46' title="bbox 523 2521 632 2540">
     <span class='ocr_line' id='line_1_47' title="bbox 523 2521 632 2540; baseline -0.018 0"><span class='ocrx_word' id='word_1_291' title='bbox 523 2521 632 2540; x_wconf 72' lang='lat' dir='ltr'><strong>esatam.</strong></span> 
     </span>
    </p>
   </div>
   <div class='ocr_carea' id='block_1_47' title="bbox 208 2557 960 2596">
    <p class='ocr_par' dir='ltr' id='par_1_47' title="bbox 208 2557 960 2596">
     <span class='ocr_line' id='line_1_48' title="bbox 208 2557 960 2596; baseline -0.004 -10"><span class='ocrx_word' id='word_1_292' title='bbox 208 2557 311 2593; x_wconf 85' lang='lat' dir='ltr'><strong>Utjam</strong></span> <span class='ocrx_word' id='word_1_293' title='bbox 326 2560 414 2596; x_wconf 82' lang='lat' dir='ltr'><strong>dicere</strong></span> <span class='ocrx_word' id='word_1_294' title='bbox 434 2560 639 2594; x_wconf 72' lang='lat' dir='ltr'><strong>occupavimus,</strong></span> <span class='ocrx_word' id='word_1_295' title='bbox 660 2559 744 2585; x_wconf 78' lang='lat' dir='ltr'><strong>codex</strong></span> <span class='ocrx_word' id='word_1_296' title='bbox 767 2557 939 2585; x_wconf 85' lang='lat' dir='ltr'><strong>Ebroicensis</strong></span> <span class='ocrx_word' id='word_1_297' title='bbox 953 2577 960 2588; x_wconf 92' lang='lat'><strong>,</strong></span> 
     </span>
    </p>
   </div>
   <div class='ocr_carea' id='block_1_48' title="bbox 132 2602 961 2639">
    <p class='ocr_par' dir='ltr' id='par_1_48' title="bbox 132 2602 961 2639">
     <span class='ocr_line' id='line_1_49' title="bbox 132 2602 961 2639; baseline -0.004 -8"><span class='ocrx_word' id='word_1_298' title='bbox 132 2632 138 2637; x_wconf 88' lang='lat'><em>_</em></span> <span class='ocrx_word' id='word_1_299' title='bbox 173 2604 236 2631; x_wconf 89' lang='lat' dir='ltr'><strong>olim</strong></span> <span class='ocrx_word' id='word_1_300' title='bbox 256 2604 402 2632; x_wconf 85' lang='lat' dir='ltr'><strong>cardinalis</strong></span> <span class='ocrx_word' id='word_1_301' title='bbox 417 2604 547 2636; x_wconf 83' lang='lat' dir='ltr'><strong>Perronii,</strong></span> <span class='ocrx_word' id='word_1_302' title='bbox 560 2613 640 2639; x_wconf 88' lang='lat' dir='ltr'><strong>quem</strong></span> <span class='ocrx_word' id='word_1_303' title='bbox 662 2604 705 2630; x_wconf 87' lang='lat' dir='ltr'><strong>ille</strong></span> <span class='ocrx_word' id='word_1_304' title='bbox 721 2604 746 2629; x_wconf 91' lang='lat' dir='ltr'><strong>in</strong></span> <span class='ocrx_word' id='word_1_305' title='bbox 763 2602 838 2630; x_wconf 88' lang='lat' dir='ltr'><strong>Italia</strong></span> <span class='ocrx_word' id='word_1_306' title='bbox 857 2610 889 2629; x_wconf 83' lang='lat' dir='ltr'><strong>ex</strong></span> <span class='ocrx_word' id='word_1_307' title='bbox 913 2609 961 2628; x_wconf 88' lang='lat' dir='ltr'><strong>ve-</strong></span> 
     </span>
    </p>
   </div>
   <div class='ocr_carea' id='block_1_49' title="bbox 173 2646 961 2681">
    <p class='ocr_par' dir='ltr' id='par_1_49' title="bbox 173 2646 961 2681">
     <span class='ocr_line' id='line_1_50' title="bbox 173 2646 961 2681; baseline -0.003 -5"><span class='ocrx_word' id='word_1_308' title='bbox 173 2646 253 2678; x_wconf 77' lang='lat' dir='ltr'><strong>tustis</strong></span> <span class='ocrx_word' id='word_1_309' title='bbox 277 2650 416 2677; x_wconf 86' lang='lat' dir='ltr'><strong>codicibus</strong></span> <span class='ocrx_word' id='word_1_310' title='bbox 431 2650 547 2677; x_wconf 84' lang='lat' dir='ltr'><strong>exscribi</strong></span> <span class='ocrx_word' id='word_1_311' title='bbox 574 2650 699 2681; x_wconf 82' lang='lat' dir='ltr'><strong>curavit,</strong></span> <span class='ocrx_word' id='word_1_312' title='bbox 720 2651 791 2675; x_wconf 81' lang='lat' dir='ltr'><strong>inter</strong></span> <span class='ocrx_word' id='word_1_313' title='bbox 814 2649 864 2675; x_wconf 87' lang='lat' dir='ltr'><strong>alia</strong></span> <span class='ocrx_word' id='word_1_314' title='bbox 893 2649 961 2675; x_wconf 88' lang='lat' dir='ltr'><strong>bene</strong></span> 
     </span>
    </p>
   </div>
   <div class='ocr_carea' id='block_1_50' title="bbox 174 2693 962 2725">
    <p class='ocr_par' dir='ltr' id='par_1_50' title="bbox 174 2693 962 2725">
     <span class='ocr_line' id='line_1_51' title="bbox 174 2693 962 2725; baseline -0.001 -5"><span class='ocrx_word' id='word_1_315' title='bbox 174 2695 256 2722; x_wconf 89' lang='lat' dir='ltr'><strong>multa</strong></span> <span class='ocrx_word' id='word_1_316' title='bbox 271 2695 501 2722; x_wconf 87' lang='lat' dir='ltr'><strong>Commentarimn</strong></span> <span class='ocrx_word' id='word_1_317' title='bbox 517 2695 625 2721; x_wconf 82' lang='lat' dir='ltr'><strong>Eusebii</strong></span> <span class='ocrx_word' id='word_1_318' title='bbox 639 2694 665 2721; x_wconf 88' lang='lat' dir='ltr'><strong>in</strong></span> <span class='ocrx_word' id='word_1_319' title='bbox 685 2694 806 2721; x_wconf 84' lang='lat' dir='ltr'><strong>Psalmos</strong></span> <span class='ocrx_word' id='word_1_320' title='bbox 818 2713 824 2725; x_wconf 86' lang='lat'><strong>,</strong></span> <span class='ocrx_word' id='word_1_321' title='bbox 837 2697 864 2720; x_wconf 92' lang='lat' dir='ltr'><strong>et</strong></span> <span class='ocrx_word' id='word_1_322' title='bbox 878 2693 962 2719; x_wconf 89' lang='lat' dir='ltr'><strong>Euse-</strong></span> 
     </span>
    </p>
   </div>
   <div class='ocr_carea' id='block_1_51' title="bbox 173 2739 961 2776">
    <p class='ocr_par' dir='ltr' id='par_1_51' title="bbox 173 2739 961 2776">
     <span class='ocr_line' id='line_1_52' title="bbox 173 2739 961 2776; baseline -0.003 -9"><span class='ocrx_word' id='word_1_323' title='bbox 173 2740 209 2767; x_wconf 88' lang='lat' dir='ltr'><strong>bii</strong></span> <span class='ocrx_word' id='word_1_324' title='bbox 226 2741 344 2776; x_wconf 70' lang='lat' dir='ltr'><strong>ejusdem</strong></span> <span class='ocrx_word' id='word_1_325' title='bbox 360 2740 386 2767; x_wconf 92' lang='lat' dir='ltr'><strong>in</strong></span> <span class='ocrx_word' id='word_1_326' title='bbox 405 2739 530 2767; x_wconf 78' lang='lat' dir='ltr'><strong>Hesaiam</strong></span> <span class='ocrx_word' id='word_1_327' title='bbox 550 2741 683 2768; x_wconf 80' lang='lat' dir='ltr'><strong>sexdecim</strong></span> <span class='ocrx_word' id='word_1_328' title='bbox 701 2740 789 2774; x_wconf 84' lang='lat' dir='ltr'><strong>capita</strong></span> <span class='ocrx_word' id='word_1_329' title='bbox 808 2739 961 2774; x_wconf 87' lang='lat' dir='ltr'><strong>complecti-</strong></span> 
     </span>
    </p>
   </div>
   <div class='ocr_carea' id='block_1_52' title="bbox 174 2784 960 2822">
    <p class='ocr_par' dir='ltr' id='par_1_52' title="bbox 174 2784 960 2822">
     <span class='ocr_line' id='line_1_53' title="bbox 174 2784 960 2822; baseline -0.001 -10"><span class='ocrx_word' id='word_1_330' title='bbox 174 2791 228 2812; x_wconf 92' lang='lat' dir='ltr'><strong>tur.</strong></span> <span class='ocrx_word' id='word_1_331' title='bbox 242 2787 283 2813; x_wconf 80' lang='lat' dir='ltr'><strong>Ad</strong></span> <span class='ocrx_word' id='word_1_332' title='bbox 298 2786 354 2814; x_wconf 60' lang='lat' dir='ltr'><strong>haec</strong></span> <span class='ocrx_word' id='word_1_333' title='bbox 366 2794 430 2814; x_wconf 82' lang='lat' dir='ltr'><strong>vero</strong></span> <span class='ocrx_word' id='word_1_334' title='bbox 445 2793 479 2813; x_wconf 77' lang='lat' dir='ltr'><strong>ex</strong></span> <span class='ocrx_word' id='word_1_335' title='bbox 494 2786 585 2813; x_wconf 84' lang='lat' dir='ltr'><strong>codice</strong></span> <span class='ocrx_word' id='word_1_336' title='bbox 598 2785 682 2822; x_wconf 76' lang='lat' dir='ltr'><strong>Regio</strong></span> <span class='ocrx_word' id='word_1_337' title='bbox 699 2794 773 2813; x_wconf 90' lang='lat' dir='ltr'><strong>num.</strong></span> <span class='ocrx_word' id='word_1_338' title='bbox 797 2784 878 2816; x_wconf 70' lang='grc'><strong>2458,</strong></span> <span class='ocrx_word' id='word_1_339' title='bbox 895 2785 960 2811; x_wconf 85' lang='lat' dir='ltr'><strong>duo-</strong></span> 
     </span>
    </p>
   </div>
   <div class='ocr_carea' id='block_1_53' title="bbox 1018 1742 1807 1778">
    <p class='ocr_par' dir='ltr' id='par_1_53' title="bbox 1018 1742 1807 1778">
     <span class='ocr_line' id='line_1_54' title="bbox 1018 1742 1807 1778; baseline 0.003 -9"><span class='ocrx_word' id='word_1_340' title='bbox 1018 1750 1069 1769; x_wconf 89' lang='lat' dir='ltr'><strong>non</strong></span> <span class='ocrx_word' id='word_1_341' title='bbox 1088 1742 1209 1776; x_wconf 85' lang='lat' dir='ltr'><strong>cxcerpti</strong></span> <span class='ocrx_word' id='word_1_342' title='bbox 1228 1746 1254 1769; x_wconf 91' lang='lat' dir='ltr'><strong>ct</strong></span> <span class='ocrx_word' id='word_1_343' title='bbox 1265 1742 1417 1776; x_wconf 79' lang='lat' dir='ltr'><strong>compendii</strong></span> <span class='ocrx_word' id='word_1_344' title='bbox 1432 1750 1516 1775; x_wconf 91' lang='lat' dir='ltr'><strong>more,</strong></span> <span class='ocrx_word' id='word_1_345' title='bbox 1538 1743 1584 1770; x_wconf 89' lang='lat' dir='ltr'><strong>sed</strong></span> <span class='ocrx_word' id='word_1_346' title='bbox 1606 1742 1672 1774; x_wconf 82' lang='lat' dir='ltr'><strong>fuse,</strong></span> <span class='ocrx_word' id='word_1_347' title='bbox 1689 1749 1767 1778; x_wconf 88' lang='lat' dir='ltr'><strong>prout</strong></span> <span class='ocrx_word' id='word_1_348' title='bbox 1781 1745 1807 1771; x_wconf 86' lang='lat' dir='ltr'><strong>iu</strong></span> 
     </span>
    </p>
   </div>
   <div class='ocr_carea' id='block_1_54' title="bbox 1017 1787 1808 1822">
    <p class='ocr_par' dir='ltr' id='par_1_54' title="bbox 1017 1787 1808 1822">
     <span class='ocr_line' id='line_1_55' title="bbox 1017 1787 1808 1822; baseline 0.004 -8"><span class='ocrx_word' id='word_1_349' title='bbox 1017 1788 1083 1822; x_wconf 80' lang='lat' dir='ltr'><strong>ipsis</strong></span> <span class='ocrx_word' id='word_1_350' title='bbox 1108 1787 1265 1814; x_wconf 80' lang='lat' dir='ltr'><strong>auctoribus</strong></span> <span class='ocrx_word' id='word_1_351' title='bbox 1283 1788 1442 1819; x_wconf 83' lang='lat' dir='ltr'><strong>exstabant,</strong></span> <span class='ocrx_word' id='word_1_352' title='bbox 1463 1793 1646 1821; x_wconf 81' lang='lat' dir='ltr'><strong>assumuntur,</strong></span> <span class='ocrx_word' id='word_1_353' title='bbox 1665 1789 1808 1817; x_wconf 84' lang='lat' dir='ltr'><strong>Commen-</strong></span> 
     </span>
    </p>
   </div>
   <div class='ocr_carea' id='block_1_55' title="bbox 1016 1832 1808 1869">
    <p class='ocr_par' dir='ltr' id='par_1_55' title="bbox 1016 1832 1808 1869">
     <span class='ocr_line' id='line_1_56' title="bbox 1016 1832 1808 1869; baseline 0.006 -11"><span class='ocrx_word' id='word_1_354' title='bbox 1016 1833 1101 1860; x_wconf 83' lang='lat' dir='ltr'><strong>tarios</strong></span> <span class='ocrx_word' id='word_1_355' title='bbox 1117 1840 1130 1869; x_wconf 82' lang='lat' dir='ltr'><strong>a</strong></span> <span class='ocrx_word' id='word_1_356' title='bbox 1149 1832 1278 1860; x_wconf 87' lang='lat' dir='ltr'><strong>vicesimo</strong></span> <span class='ocrx_word' id='word_1_357' title='bbox 1300 1837 1399 1859; x_wconf 87' lang='lat' dir='ltr'><strong>octavo</strong></span> <span class='ocrx_word' id='word_1_358' title='bbox 1414 1834 1501 1867; x_wconf 85' lang='lat' dir='ltr'><strong>capite</strong></span> <span class='ocrx_word' id='word_1_359' title='bbox 1516 1834 1554 1867; x_wconf 68' lang='grc' dir='ltr'><strong>⁴ιιι]</strong></span> <span class='ocrx_word' id='word_1_360' title='bbox 1571 1835 1808 1868; x_wconf 71' lang='lat' dir='ltr'><strong>quadragesimum</strong></span> 
     </span>
    </p>
   </div>
   <div class='ocr_carea' id='block_1_56' title="bbox 1015 1879 1808 1914">
    <p class='ocr_par' dir='ltr' id='par_1_56' title="bbox 1015 1879 1808 1914">
     <span class='ocr_line' id='line_1_57' title="bbox 1015 1879 1808 1914; baseline 0.005 -10"><span class='ocrx_word' id='word_1_361' title='bbox 1015 1879 1132 1913; x_wconf 86' lang='lat' dir='ltr'><strong>primum</strong></span> <span class='ocrx_word' id='word_1_362' title='bbox 1155 1879 1270 1905; x_wconf 85' lang='lat' dir='ltr'><strong>mutuati</strong></span> <span class='ocrx_word' id='word_1_363' title='bbox 1293 1886 1398 1905; x_wconf 88' lang='lat' dir='ltr'><strong>sumus.</strong></span> <span class='ocrx_word' id='word_1_364' title='bbox 1426 1879 1539 1914; x_wconf 74' lang='lat' dir='ltr'><strong>Reliqua</strong></span> <span class='ocrx_word' id='word_1_365' title='bbox 1563 1887 1628 1906; x_wconf 80' lang='lat' dir='ltr'><strong>vero</strong></span> <span class='ocrx_word' id='word_1_366' title='bbox 1649 1887 1681 1906; x_wconf 77' lang='lat' dir='ltr'><strong>ex</strong></span> <span class='ocrx_word' id='word_1_367' title='bbox 1700 1880 1808 1909; x_wconf 81' lang='lat' dir='ltr'><strong>Catenis</strong></span> 
     </span>
    </p>
   </div>
   <div class='ocr_carea' id='block_1_57' title="bbox 1016 1923 1810 1959">
    <p class='ocr_par' dir='ltr' id='par_1_57' title="bbox 1016 1923 1810 1959">
     <span class='ocr_line' id='line_1_58' title="bbox 1016 1923 1810 1959; baseline 0.004 -9"><span class='ocrx_word' id='word_1_368' title='bbox 1016 1924 1107 1959; x_wconf 79' lang='lat' dir='ltr'><strong>Regiis</strong></span> <span class='ocrx_word' id='word_1_369' title='bbox 1124 1923 1481 1958; x_wconf 25' lang='lat' dir='ltr'><strong>manuscriptistsarcimus.</strong></span> <span class='ocrx_word' id='word_1_370' title='bbox 1498 1931 1574 1951; x_wconf 90' lang='lat' dir='ltr'><strong>num.</strong></span> <span class='ocrx_word' id='word_1_371' title='bbox 1600 1924 1679 1958; x_wconf 78' lang='lat' dir='ltr'><strong>l891,</strong></span> <span class='ocrx_word' id='word_1_372' title='bbox 1698 1925 1767 1952; x_wconf 75' lang='grc'>1892</span> <span class='ocrx_word' id='word_1_373' title='bbox 1781 1931 1810 1953; x_wconf 82' lang='lat' dir='ltr'><strong>et</strong></span> 
     </span>
    </p>
   </div>
   <div class='ocr_carea' id='block_1_58' title="bbox 1014 1969 1808 2004">
    <p class='ocr_par' dir='ltr' id='par_1_58' title="bbox 1014 1969 1808 2004">
     <span class='ocr_line' id='line_1_59' title="bbox 1014 1969 1808 2004; baseline 0.004 -8"><span class='ocrx_word' id='word_1_374' title='bbox 1014 1970 1095 2002; x_wconf 64' lang='lat'><strong>2457,</strong></span> <span class='ocrx_word' id='word_1_375' title='bbox 1113 1977 1226 2004; x_wconf 84' lang='lat' dir='ltr'><strong>quarum</strong></span> <span class='ocrx_word' id='word_1_376' title='bbox 1247 1969 1337 2004; x_wconf 87' lang='lat' dir='ltr'><strong>prima</strong></span> <span class='ocrx_word' id='word_1_377' title='bbox 1363 1974 1389 1996; x_wconf 90' lang='lat' dir='ltr'><strong>et</strong></span> <span class='ocrx_word' id='word_1_378' title='bbox 1407 1974 1554 2003; x_wconf 84' lang='lat' dir='ltr'><strong>postrema,</strong></span> <span class='ocrx_word' id='word_1_379' title='bbox 1581 1969 1808 2004; x_wconf 69' lang='lat' dir='ltr'><strong>membranaceae.</strong></span> 
     </span>
    </p>
   </div>
   <div class='ocr_carea' id='block_1_59' title="bbox 1015 2014 1810 2048">
    <p class='ocr_par' dir='ltr' id='par_1_59' title="bbox 1015 2014 1810 2048">
     <span class='ocr_line' id='line_1_60' title="bbox 1015 2014 1810 2048; baseline 0.003 -6"><span class='ocrx_word' id='word_1_380' title='bbox 1015 2015 1112 2042; x_wconf 85' lang='lat' dir='ltr'><strong>decimi</strong></span> <span class='ocrx_word' id='word_1_381' title='bbox 1130 2015 1222 2042; x_wconf 68' lang='lat' dir='ltr'><strong>sazculi</strong></span> <span class='ocrx_word' id='word_1_382' title='bbox 1234 2019 1308 2041; x_wconf 86' lang='lat' dir='ltr'><strong>sunt.</strong></span> <span class='ocrx_word' id='word_1_383' title='bbox 1319 2015 1357 2041; x_wconf 88' lang='lat' dir='ltr'><strong>Ea</strong></span> <span class='ocrx_word' id='word_1_384' title='bbox 1372 2021 1437 2041; x_wconf 66' lang='lat' dir='ltr'><strong>vero</strong></span> <span class='ocrx_word' id='word_1_385' title='bbox 1448 2021 1508 2048; x_wconf 64' lang='lat' dir='ltr'><strong>quae</strong></span> <span class='ocrx_word' id='word_1_386' title='bbox 1520 2014 1589 2041; x_wconf 70' lang='lat'><strong>1892</strong></span> <span class='ocrx_word' id='word_1_387' title='bbox 1605 2016 1810 2048; x_wconf 86' lang='lat' dir='ltr'><strong>notatur,bom-</strong></span> 
     </span>
    </p>
   </div>
   <div class='ocr_carea' id='block_1_60' title="bbox 1015 2060 1809 2096">
    <p class='ocr_par' dir='ltr' id='par_1_60' title="bbox 1015 2060 1809 2096">
     <span class='ocr_line' id='line_1_61' title="bbox 1015 2060 1809 2096; baseline 0.003 -9"><span class='ocrx_word' id='word_1_388' title='bbox 1015 2061 1123 2096; x_wconf 83' lang='lat' dir='ltr'><strong>bycina.</strong></span> <span class='ocrx_word' id='word_1_389' title='bbox 1143 2060 1297 2088; x_wconf 86' lang='lat' dir='ltr'><strong>duodecimi</strong></span> <span class='ocrx_word' id='word_1_390' title='bbox 1313 2060 1422 2093; x_wconf 66' lang='lat' dir='ltr'><strong>saeculi,</strong></span> <span class='ocrx_word' id='word_1_391' title='bbox 1438 2068 1469 2087; x_wconf 89' lang='lat' dir='ltr'><strong>ac</strong></span> <span class='ocrx_word' id='word_1_392' title='bbox 1498 2060 1576 2095; x_wconf 81' lang='lat' dir='ltr'><strong>longe</strong></span> <span class='ocrx_word' id='word_1_393' title='bbox 1605 2061 1724 2089; x_wconf 84' lang='lat' dir='ltr'><strong>melioris</strong></span> <span class='ocrx_word' id='word_1_394' title='bbox 1739 2067 1809 2090; x_wconf 60' lang='lat' dir='ltr'><strong>notaI</strong></span> 
     </span>
    </p>
   </div>
   <div class='ocr_carea' id='block_1_61' title="bbox 1013 2099 1809 2142">
    <p class='ocr_par' dir='ltr' id='par_1_61' title="bbox 1013 2099 1809 2142">
     <span class='ocr_line' id='line_1_62' title="bbox 1013 2099 1809 2142; baseline 0.003 -9"><span class='ocrx_word' id='word_1_395' title='bbox 1013 2111 1041 2133; x_wconf 90' lang='lat' dir='ltr'><strong>et</strong></span> <span class='ocrx_word' id='word_1_396' title='bbox 1056 2099 1119 2133; x_wconf 83' lang='lat' dir='ltr'><strong>lidei</strong></span> <span class='ocrx_word' id='word_1_397' title='bbox 1138 2110 1179 2133; x_wconf 82' lang='lat' dir='ltr'><strong>est</strong></span> <span class='ocrx_word' id='word_1_398' title='bbox 1204 2108 1290 2140; x_wconf 83' lang='lat' dir='ltr'><strong>quam‘</strong></span> <span class='ocrx_word' id='word_1_399' title='bbox 1304 2105 1375 2132; x_wconf 72' lang='lat' dir='ltr'><strong>alim.</strong></span> <span class='ocrx_word' id='word_1_400' title='bbox 1397 2104 1431 2133; x_wconf 89' lang='lat' dir='ltr'><strong>Ut</strong></span> <span class='ocrx_word' id='word_1_401' title='bbox 1449 2110 1537 2132; x_wconf 85' lang='lat' dir='ltr'><strong>autem</strong></span> <span class='ocrx_word' id='word_1_402' title='bbox 1565 2113 1597 2133; x_wconf 85' lang='lat' dir='ltr'><strong>ex</strong></span> <span class='ocrx_word' id='word_1_403' title='bbox 1628 2114 1733 2140; x_wconf 86' lang='lat' dir='ltr'><strong>eorum,</strong></span> <span class='ocrx_word' id='word_1_404' title='bbox 1749 2115 1809 2142; x_wconf 67' lang='lat' dir='ltr'><strong>quae</strong></span> 
     </span>
    </p>
   </div>
   <div class='ocr_carea' id='block_1_62' title="bbox 1014 2151 1809 2186">
    <p class='ocr_par' dir='ltr' id='par_1_62' title="bbox 1014 2151 1809 2186">
     <span class='ocr_line' id='line_1_63' title="bbox 1014 2151 1809 2186; baseline 0.004 -8"><span class='ocrx_word' id='word_1_405' title='bbox 1014 2151 1118 2186; x_wconf 78' lang='lat' dir='ltr'><strong>integra</strong></span> <span class='ocrx_word' id='word_1_406' title='bbox 1133 2155 1290 2186; x_wconf 80' lang='lat' dir='ltr'><strong>supersunt,</strong></span> <span class='ocrx_word' id='word_1_407' title='bbox 1303 2151 1508 2186; x_wconf 78' lang='lat' dir='ltr'><strong>comparatione</strong></span> <span class='ocrx_word' id='word_1_408' title='bbox 1533 2152 1664 2186; x_wconf 85' lang='lat' dir='ltr'><strong>liquidum</strong></span> <span class='ocrx_word' id='word_1_409' title='bbox 1685 2158 1736 2184; x_wconf 79' lang='lat' dir='ltr'><strong>est,</strong></span> <span class='ocrx_word' id='word_1_410' title='bbox 1750 2154 1809 2181; x_wconf 64' lang='lat' dir='ltr'><strong>hac</strong></span> 
     </span>
    </p>
   </div>
   <div class='ocr_carea' id='block_1_63' title="bbox 1013 2196 1808 2232">
    <p class='ocr_par' dir='ltr' id='par_1_63' title="bbox 1013 2196 1808 2232">
     <span class='ocr_line' id='line_1_64' title="bbox 1013 2196 1808 2232; baseline 0.005 -10"><span class='ocrx_word' id='word_1_411' title='bbox 1013 2201 1108 2223; x_wconf 84' lang='lat' dir='ltr'><strong>catena</strong></span> <span class='ocrx_word' id='word_1_412' title='bbox 1121 2196 1264 2223; x_wconf 85' lang='lat' dir='ltr'><strong>admodum</strong></span> <span class='ocrx_word' id='word_1_413' title='bbox 1279 2204 1366 2231; x_wconf 86' lang='lat' dir='ltr'><strong>pauca</strong></span> <span class='ocrx_word' id='word_1_414' title='bbox 1393 2197 1504 2230; x_wconf 72' lang='lat' dir='ltr'><strong>omittit,</strong></span> <span class='ocrx_word' id='word_1_415' title='bbox 1518 2197 1714 2232; x_wconf 80' lang='lat' dir='ltr'><strong>explicationes</strong></span> <span class='ocrx_word' id='word_1_416' title='bbox 1741 2199 1808 2226; x_wconf 84' lang='lat' dir='ltr'><strong>inte-</strong></span> 
     </span>
    </p>
   </div>
   <div class='ocr_carea' id='block_1_64' title="bbox 1013 2239 1804 2275">
    <p class='ocr_par' dir='ltr' id='par_1_64' title="bbox 1013 2239 1804 2275">
     <span class='ocr_line' id='line_1_65' title="bbox 1013 2239 1804 2275; baseline 0.005 -9"><span class='ocrx_word' id='word_1_417' title='bbox 1013 2247 1074 2275; x_wconf 81' lang='lat' dir='ltr'><strong>gras</strong></span> <span class='ocrx_word' id='word_1_418' title='bbox 1089 2239 1357 2275; x_wconf 79' lang='lat' dir='ltr'><strong>atlert,.Eusebiique</strong></span> <span class='ocrx_word' id='word_1_419' title='bbox 1376 2241 1528 2268; x_wconf 84' lang='lat' dir='ltr'><strong>orationem</strong></span> <span class='ocrx_word' id='word_1_420' title='bbox 1540 2261 1548 2274; x_wconf 82' lang='lat'><strong>,</strong></span> <span class='ocrx_word' id='word_1_421' title='bbox 1564 2249 1613 2269; x_wconf 87' lang='lat' dir='ltr'><strong>nec</strong></span> <span class='ocrx_word' id='word_1_422' title='bbox 1629 2242 1736 2269; x_wconf 84' lang='lat' dir='ltr'><strong>brevius</strong></span> <span class='ocrx_word' id='word_1_423' title='bbox 1752 2250 1804 2270; x_wconf 84' lang='lat' dir='ltr'><strong>nec</strong></span> 
     </span>
    </p>
   </div>
   <div class='ocr_carea' id='block_1_65' title="bbox 1013 2280 1802 2321">
    <p class='ocr_par' dir='ltr' id='par_1_65' title="bbox 1013 2280 1802 2321">
     <span class='ocr_line' id='line_1_66' title="bbox 1013 2280 1802 2321; baseline 0.004 -9"><span class='ocrx_word' id='word_1_424' title='bbox 1013 2292 1090 2312; x_wconf 84' lang='lat' dir='ltr'><strong>secus</strong></span> <span class='ocrx_word' id='word_1_425' title='bbox 1103 2286 1241 2319; x_wconf 87' lang='lat' dir='ltr'><strong>exprimit.</strong></span> <span class='ocrx_word' id='word_1_426' title='bbox 1257 2280 1340 2319; x_wconf 84' lang='lat' dir='ltr'><strong>Hujus</strong></span> <span class='ocrx_word' id='word_1_427' title='bbox 1354 2286 1416 2313; x_wconf 91' lang='lat' dir='ltr'><strong>item</strong></span> <span class='ocrx_word' id='word_1_428' title='bbox 1434 2286 1470 2312; x_wconf 87' lang='lat' dir='ltr'><strong>rei</strong></span> <span class='ocrx_word' id='word_1_429' title='bbox 1490 2291 1677 2321; x_wconf 70' lang='lat' dir='ltr'><strong>argumentum</strong></span> <span class='ocrx_word' id='word_1_430' title='bbox 1691 2294 1724 2314; x_wconf 73' lang='lat' dir='ltr'><strong>ex</strong></span> <span class='ocrx_word' id='word_1_431' title='bbox 1740 2287 1802 2315; x_wconf 81' lang='lat' dir='ltr'><strong>Hie—</strong></span> 
     </span>
    </p>
   </div>
   <div class='ocr_carea' id='block_1_66' title="bbox 1014 2330 1802 2364">
    <p class='ocr_par' dir='ltr' id='par_1_66' title="bbox 1014 2330 1802 2364">
     <span class='ocr_line' id='line_1_67' title="bbox 1014 2330 1802 2364; baseline 0.004 -7"><span class='ocrx_word' id='word_1_432' title='bbox 1014 2331 1117 2364; x_wconf 86' lang='lat' dir='ltr'><strong>ronymi</strong></span> <span class='ocrx_word' id='word_1_433' title='bbox 1135 2331 1160 2357; x_wconf 94' lang='lat' dir='ltr'><strong>in</strong></span> <span class='ocrx_word' id='word_1_434' title='bbox 1178 2330 1302 2358; x_wconf 86' lang='lat' dir='ltr'><strong>Hesaiam</strong></span> <span class='ocrx_word' id='word_1_435' title='bbox 1311 2331 1519 2358; x_wconf 81' lang='lat' dir='ltr'><strong>Commentariis</strong></span> <span class='ocrx_word' id='word_1_436' title='bbox 1531 2332 1646 2360; x_wconf 90' lang='lat' dir='ltr'><strong>eruitur.</strong></span> <span class='ocrx_word' id='word_1_437' title='bbox 1665 2332 1730 2359; x_wconf 87' lang='lat' dir='ltr'><strong>Nam</strong></span> <span class='ocrx_word' id='word_1_438' title='bbox 1740 2341 1802 2360; x_wconf 85' lang='lat' dir='ltr'><strong>cum</strong></span> 
     </span>
    </p>
   </div>
   <div class='ocr_carea' id='block_1_67' title="bbox 1016 2376 1806 2414">
    <p class='ocr_par' dir='ltr' id='par_1_67' title="bbox 1016 2376 1806 2414">
     <span class='ocr_line' id='line_1_68' title="bbox 1016 2376 1806 2414; baseline 0.004 -11"><span class='ocrx_word' id='word_1_439' title='bbox 1016 2376 1196 2412; x_wconf 86' lang='lat' dir='ltr'><strong>Hieronymus</strong></span> <span class='ocrx_word' id='word_1_440' title='bbox 1212 2377 1318 2404; x_wconf 81' lang='lat' dir='ltr'><strong>Eusebii</strong></span> <span class='ocrx_word' id='word_1_441' title='bbox 1332 2377 1570 2410; x_wconf 86' lang='lat' dir='ltr'><strong>interpretationes</strong></span> <span class='ocrx_word' id='word_1_442' title='bbox 1581 2386 1633 2405; x_wconf 89' lang='lat' dir='ltr'><strong>non</strong></span> <span class='ocrx_word' id='word_1_443' title='bbox 1651 2378 1806 2414; x_wconf 78' lang='lat' dir='ltr'><strong>infrequen-</strong></span> 
     </span>
    </p>
   </div>
   <div class='ocr_carea' id='block_1_68' title="bbox 1017 2421 1848 2457">
    <p class='ocr_par' dir='ltr' id='par_1_68' title="bbox 1017 2421 1848 2457">
     <span class='ocr_line' id='line_1_69' title="bbox 1017 2421 1848 2457; baseline 0.005 -11"><span class='ocrx_word' id='word_1_444' title='bbox 1017 2425 1057 2447; x_wconf 90' lang='lat' dir='ltr'><strong>ter</strong></span> <span class='ocrx_word' id='word_1_445' title='bbox 1074 2421 1106 2447; x_wconf 88' lang='lat' dir='ltr'><strong>ad</strong></span> <span class='ocrx_word' id='word_1_446' title='bbox 1123 2422 1234 2448; x_wconf 87' lang='lat' dir='ltr'><strong>verbum</strong></span> <span class='ocrx_word' id='word_1_447' title='bbox 1251 2429 1319 2456; x_wconf 90' lang='lat' dir='ltr'><strong>pene</strong></span> <span class='ocrx_word' id='word_1_448' title='bbox 1335 2421 1490 2454; x_wconf 81' lang='lat' dir='ltr'><strong>transferat,</strong></span> <span class='ocrx_word' id='word_1_449' title='bbox 1504 2422 1567 2450; x_wconf 83' lang='lat' dir='ltr'><strong>ltinc</strong></span> <span class='ocrx_word' id='word_1_450' title='bbox 1584 2422 1738 2457; x_wconf 83' lang='lat' dir='ltr'><strong>conjectura</strong></span> <span class='ocrx_word' id='word_1_451' title='bbox 1753 2429 1804 2454; x_wconf 81' lang='lat' dir='ltr'><strong>est.</strong></span> <span class='ocrx_word' id='word_1_452' title='bbox 1842 2426 1848 2457; x_wconf 71' lang='grc' dir='ltr'><em>ἶ</em></span> 
     </span>
    </p>
   </div>
   <div class='ocr_carea' id='block_1_69' title="bbox 1016 2462 1844 2503">
    <p class='ocr_par' dir='ltr' id='par_1_69' title="bbox 1016 2462 1844 2503">
     <span class='ocr_line' id='line_1_70' title="bbox 1016 2462 1844 2503; baseline 0.004 -11"><span class='ocrx_word' id='word_1_453' title='bbox 1016 2466 1109 2500; x_wconf 82' lang='lat' dir='ltr'><strong>plenas</strong></span> <span class='ocrx_word' id='word_1_454' title='bbox 1125 2466 1185 2494; x_wconf 88' lang='lat' dir='ltr'><strong>illas</strong></span> <span class='ocrx_word' id='word_1_455' title='bbox 1201 2467 1372 2503; x_wconf 69' lang='lat' dir='ltr'><strong>integrosque</strong></span> <span class='ocrx_word' id='word_1_456' title='bbox 1385 2467 1410 2494; x_wconf 93' lang='lat' dir='ltr'><strong>in</strong></span> <span class='ocrx_word' id='word_1_457' title='bbox 1424 2467 1526 2495; x_wconf 84' lang='lat' dir='ltr'><strong>Catena</strong></span> <span class='ocrx_word' id='word_1_458' title='bbox 1541 2467 1643 2501; x_wconf 81' lang='lat' dir='ltr'><strong>afferri,</strong></span> <span class='ocrx_word' id='word_1_459' title='bbox 1658 2469 1751 2503; x_wconf 83' lang='lat' dir='ltr'><strong>quales</strong></span> <span class='ocrx_word' id='word_1_460' title='bbox 1765 2469 1806 2495; x_wconf 92' lang='lat' dir='ltr'><strong>ni-</strong></span> <span class='ocrx_word' id='word_1_461' title='bbox 1843 2462 1844 2467; x_wconf 37' lang='grc'><strong>¹</strong></span> 
     </span>
    </p>
   </div>
   <div class='ocr_carea' id='block_1_70' title="bbox 1016 2513 1733 2549">
    <p class='ocr_par' dir='ltr' id='par_1_70' title="bbox 1016 2513 1733 2549">
     <span class='ocr_line' id='line_1_71' title="bbox 1016 2513 1733 2549; baseline 0.003 -11"><span class='ocrx_word' id='word_1_462' title='bbox 1016 2513 1114 2539; x_wconf 91' lang='lat' dir='ltr'><strong>mirum</strong></span> <span class='ocrx_word' id='word_1_463' title='bbox 1128 2513 1309 2549; x_wconf 82' lang='lat' dir='ltr'><strong>Hieronymus</strong></span> <span class='ocrx_word' id='word_1_464' title='bbox 1328 2521 1361 2541; x_wconf 85' lang='lat' dir='ltr'><strong>ex</strong></span> <span class='ocrx_word' id='word_1_465' title='bbox 1377 2513 1589 2542; x_wconf 82' lang='lat' dir='ltr'><strong>Commentariis</strong></span> <span class='ocrx_word' id='word_1_466' title='bbox 1606 2518 1733 2541; x_wconf 72' lang='lat' dir='ltr'><strong>verterat.</strong></span> 
     </span>
    </p>
   </div>
   <div class='ocr_carea' id='block_1_71' title="bbox 1051 2557 1806 2593">
    <p class='ocr_par' dir='ltr' id='par_1_71' title="bbox 1051 2557 1806 2593">
     <span class='ocr_line' id='line_1_72' title="bbox 1051 2557 1806 2593; baseline 0.003 -9"><span class='ocrx_word' id='word_1_467' title='bbox 1051 2557 1160 2585; x_wconf 84' lang='lat' dir='ltr'><strong>Monere</strong></span> <span class='ocrx_word' id='word_1_468' title='bbox 1186 2566 1218 2585; x_wconf 92' lang='lat' dir='ltr'><strong>ne</strong></span> <span class='ocrx_word' id='word_1_469' title='bbox 1238 2559 1327 2593; x_wconf 76' lang='lat' dir='ltr'><strong>pigeat</strong></span> <span class='ocrx_word' id='word_1_470' title='bbox 1355 2559 1477 2586; x_wconf 89' lang='lat' dir='ltr'><strong>codicem</strong></span> <span class='ocrx_word' id='word_1_471' title='bbox 1496 2559 1681 2587; x_wconf 89' lang='lat' dir='ltr'><strong>Colbertinum</strong></span> <span class='ocrx_word' id='word_1_472' title='bbox 1711 2566 1806 2586; x_wconf 82' lang='lat' dir='ltr'><strong>nume-</strong></span> 
     </span>
    </p>
   </div>
   <div class='ocr_carea' id='block_1_72' title="bbox 1016 2603 1805 2636">
    <p class='ocr_par' dir='ltr' id='par_1_72' title="bbox 1016 2603 1805 2636">
     <span class='ocr_line' id='line_1_73' title="bbox 1016 2603 1805 2636; baseline 0.001 -6"><span class='ocrx_word' id='word_1_473' title='bbox 1016 2611 1046 2630; x_wconf 89' lang='lat' dir='ltr'><strong>ro</strong></span> <span class='ocrx_word' id='word_1_474' title='bbox 1059 2603 1139 2636; x_wconf 70' lang='lat'><strong>2596,</strong></span> <span class='ocrx_word' id='word_1_475' title='bbox 1158 2604 1222 2631; x_wconf 91' lang='lat' dir='ltr'><strong>olim</strong></span> <span class='ocrx_word' id='word_1_476' title='bbox 1245 2603 1417 2632; x_wconf 59' lang='lat' dir='ltr'><strong>Bibliotheca:</strong></span> <span class='ocrx_word' id='word_1_477' title='bbox 1438 2605 1566 2634; x_wconf 70' lang='lat' dir='ltr'><strong>Tbuauaa.</strong></span> <span class='ocrx_word' id='word_1_478' title='bbox 1586 2603 1692 2630; x_wconf 85' lang='lat' dir='ltr'><strong>Initium</strong></span> <span class='ocrx_word' id='word_1_479' title='bbox 1721 2604 1805 2631; x_wconf 88' lang='lat' dir='ltr'><strong>Com-</strong></span> 
     </span>
    </p>
   </div>
   <div class='ocr_carea' id='block_1_73' title="bbox 1017 2649 1806 2681">
    <p class='ocr_par' dir='ltr' id='par_1_73' title="bbox 1017 2649 1806 2681">
     <span class='ocr_line' id='line_1_74' title="bbox 1017 2649 1806 2681; baseline 0.004 -7"><span class='ocrx_word' id='word_1_480' title='bbox 1017 2650 1213 2676; x_wconf 83' lang='lat' dir='ltr'><strong>mentariorum</strong></span> <span class='ocrx_word' id='word_1_481' title='bbox 1239 2649 1330 2677; x_wconf 81' lang='lat' dir='ltr'><strong>Basilii</strong></span> <span class='ocrx_word' id='word_1_482' title='bbox 1358 2650 1383 2677; x_wconf 91' lang='lat' dir='ltr'><strong>in</strong></span> <span class='ocrx_word' id='word_1_483' title='bbox 1410 2649 1546 2681; x_wconf 80' lang='lat' dir='ltr'><strong>ﬂesaiam,</strong></span> <span class='ocrx_word' id='word_1_484' title='bbox 1563 2649 1669 2676; x_wconf 87' lang='lat' dir='ltr'><strong>Eusebii</strong></span> <span class='ocrx_word' id='word_1_485' title='bbox 1695 2651 1806 2677; x_wconf 76' lang='lat' dir='ltr'><strong>nomine.</strong></span> 
     </span>
    </p>
   </div>
   <div class='ocr_carea' id='block_1_74' title="bbox 1015 2695 1805 2733">
    <p class='ocr_par' dir='ltr' id='par_1_74' title="bbox 1015 2695 1805 2733">
     <span class='ocr_line' id='line_1_75' title="bbox 1015 2695 1805 2733; baseline 0.003 -12"><span class='ocrx_word' id='word_1_486' title='bbox 1015 2695 1191 2722; x_wconf 79' lang='lat' dir='ltr'><strong>circumferre</strong></span> <span class='ocrx_word' id='word_1_487' title='bbox 1211 2697 1260 2723; x_wconf 85' lang='lat' dir='ltr'><strong>hoc</strong></span> <span class='ocrx_word' id='word_1_488' title='bbox 1278 2697 1374 2729; x_wconf 85' lang='lat' dir='ltr'><strong>modo,</strong></span> <span class='ocrx_word' id='word_1_489' title='bbox 1388 2696 1517 2723; x_wconf 77' lang='grc' dir='ltr'><strong>Εὑσεὸἰου</strong></span> <span class='ocrx_word' id='word_1_490' title='bbox 1534 2696 1580 2722; x_wconf 77' lang='grc' dir='ltr'><strong>τοῦ</strong></span> <span class='ocrx_word' id='word_1_491' title='bbox 1600 2696 1743 2733; x_wconf 75' lang='grc' dir='ltr'>ῌαμφίλου</span> <span class='ocrx_word' id='word_1_492' title='bbox 1759 2699 1805 2733; x_wconf 80' lang='grc' dir='ltr'>ἐρ-</span> 
     </span>
    </p>
   </div>
   <div class='ocr_carea' id='block_1_75' title="bbox 1017 2742 1806 2778">
    <p class='ocr_par' dir='ltr' id='par_1_75' title="bbox 1017 2742 1806 2778">
     <span class='ocr_line' id='line_1_76' title="bbox 1017 2742 1806 2778; baseline 0.006 -12"><span class='ocrx_word' id='word_1_493' title='bbox 1017 2742 1115 2776; x_wconf 77' lang='grc' dir='ltr'><strong>μηνεία</strong></span> <span class='ocrx_word' id='word_1_494' title='bbox 1132 2743 1171 2773; x_wconf 76' lang='grc' dir='ltr'><strong>εἰς</strong></span> <span class='ocrx_word' id='word_1_495' title='bbox 1184 2742 1230 2768; x_wconf 72' lang='grc' dir='ltr'><strong>τὸν</strong></span> <span class='ocrx_word' id='word_1_496' title='bbox 1248 2744 1391 2778; x_wconf 77' lang='grc' dir='ltr'><strong>προφήτην</strong></span> <span class='ocrx_word' id='word_1_497' title='bbox 1411 2742 1525 2768; x_wconf 79' lang='grc' dir='ltr'>Ἡσαΐαν</span> <span class='ocrx_word' id='word_1_498' title='bbox 1535 2742 1614 2776; x_wconf 77' lang='grc' dir='ltr'>λόγος</span> <span class='ocrx_word' id='word_1_499' title='bbox 1625 2742 1660 2769; x_wconf 87' lang='grc' dir='ltr'><strong>α’.</strong></span> <span class='ocrx_word' id='word_1_500' title='bbox 1675 2743 1741 2771; x_wconf 88' lang='lat' dir='ltr'><strong>1nit.</strong></span> <span class='ocrx_word' id='word_1_501' title='bbox 1755 2744 1806 2771; x_wconf 73' lang='grc' dir='ltr'><strong>Εὖ-</strong></span> 
     </span>
    </p>
   </div>
   <div class='ocr_carea' id='block_1_76' title="bbox 1016 2785 1806 2823">
    <p class='ocr_par' dir='ltr' id='par_1_76' title="bbox 1016 2785 1806 2823">
     <span class='ocr_line' id='line_1_77' title="bbox 1016 2785 1806 2823; baseline 0.004 -11"><span class='ocrx_word' id='word_1_502' title='bbox 1016 2785 1095 2817; x_wconf 63' lang='lat'><strong>5120;</strong></span> <span class='ocrx_word' id='word_1_503' title='bbox 1110 2786 1147 2822; x_wconf 85' lang='grc' dir='ltr'><strong>μὴ</strong></span> <span class='ocrx_word' id='word_1_504' title='bbox 1158 2787 1282 2821; x_wconf 79' lang='grc' dir='ltr'><strong>γενέσθαι</strong></span> <span class='ocrx_word' id='word_1_505' title='bbox 1292 2788 1341 2823; x_wconf 81' lang='grc' dir='ltr'><strong>τὴν</strong></span> <span class='ocrx_word' id='word_1_506' title='bbox 1358 2787 1444 2822; x_wconf 71' lang='grc' dir='ltr'>φυγὴν</span> <span class='ocrx_word' id='word_1_507' title='bbox 1456 2786 1541 2814; x_wconf 64' lang='grc' dir='ltr'><strong>ὑμῶν.</strong></span> <span class='ocrx_word' id='word_1_508' title='bbox 1554 2788 1654 2818; x_wconf 83' lang='lat' dir='ltr'><strong>Deinde</strong></span> <span class='ocrx_word' id='word_1_509' title='bbox 1664 2796 1727 2817; x_wconf 88' lang='lat' dir='ltr'><strong>vero</strong></span> <span class='ocrx_word' id='word_1_510' title='bbox 1738 2789 1806 2823; x_wconf 65' lang='lat' dir='ltr'><strong>inter,</strong></span> 
     </span>
    </p>
   </div>
   <div class='ocr_carea' id='block_1_77' title="bbox 212 2838 1807 2880">
    <p class='ocr_par' dir='ltr' id='par_1_77' title="bbox 212 2838 1807 2880">
     <span class='ocr_line' id='line_1_78' title="bbox 212 2838 1807 2880; baseline 0 -10"><span class='ocrx_word' id='word_1_511' title='bbox 212 2838 249 2880; x_wconf 70' lang='grc' dir='ltr'><strong>(ἠ</strong></span> <span class='ocrx_word' id='word_1_512' title='bbox 266 2843 388 2872; x_wconf 66' lang='lat' dir='ltr'><strong>Narniam</strong></span> <span class='ocrx_word' id='word_1_513' title='bbox 409 2853 462 2872; x_wconf 91' lang='lat' dir='ltr'><strong>non</strong></span> <span class='ocrx_word' id='word_1_514' title='bbox 489 2843 588 2871; x_wconf 71' lang='lat' dir='ltr'><strong>Iuniam</strong></span> <span class='ocrx_word' id='word_1_515' title='bbox 609 2845 762 2876; x_wconf 79' lang='lat' dir='ltr'><strong>scribimus,</strong></span> <span class='ocrx_word' id='word_1_516' title='bbox 779 2851 871 2871; x_wconf 87' lang='lat' dir='ltr'><strong>vocem</strong></span> <span class='ocrx_word' id='word_1_517' title='bbox 885 2843 1006 2871; x_wconf 69' lang='lat' dir='ltr'><strong>Grmcam</strong></span> <span class='ocrx_word' id='word_1_518' title='bbox 1043 2845 1154 2876; x_wconf 74' lang='grc' dir='ltr'>Ἡσαΐας</span> <span class='ocrx_word' id='word_1_519' title='bbox 1185 2845 1340 2880; x_wconf 75' lang='lat' dir='ltr'><strong>sequentes,</strong></span> <span class='ocrx_word' id='word_1_520' title='bbox 1375 2846 1425 2873; x_wconf 83' lang='lat' dir='ltr'><strong>etsi</strong></span> <span class='ocrx_word' id='word_1_521' title='bbox 1461 2845 1592 2874; x_wconf 82' lang='lat' dir='ltr'><strong>chraice</strong></span> <span class='ocrx_word' id='word_1_522' title='bbox 1605 2849 1690 2878; x_wconf 62' lang='lat' dir='ltr'><strong>mw!</strong></span> <span class='ocrx_word' id='word_1_523' title='bbox 1703 2843 1807 2873; x_wconf 69' lang='lat' dir='ltr'><strong>Icsaiat&#39;:</strong></span> 
     </span>
    </p>
   </div>
   <div class='ocr_carea' id='block_1_78' title="bbox 175 2879 318 2906">
    <p class='ocr_par' dir='ltr' id='par_1_78' title="bbox 175 2879 318 2906">
     <span class='ocr_line' id='line_1_79' title="bbox 175 2879 318 2906; baseline 0.007 -1"><span class='ocrx_word' id='word_1_524' title='bbox 175 2879 318 2906; x_wconf 74' lang='lat' dir='ltr'><strong>scribatur.</strong></span> 
     </span>
    </p>
   </div>
  </div>
