2059 3215
272 205 313 233 79‘
610 198 744 226 EUSEBII
764 195 1003 238 CESABlENSlS
1022 195 1097 223 OPP.
1119 194 1212 222 PARS
1232 193 1276 220 lll.
1299 209 1331 213 —
1352 191 1560 220 EXEGETICA.
1880 189 1914 218 80

273 271 334 299 quae
363 262 433 297 apud
449 259 579 288 Basiliam
604 265 658 285 una
678 258 749 285 serie
774 257 909 292 leguntur,
929 264 989 283 cum
1019 256 1069 283 hoc
1086 259 1106 286 Α
1123 261 1185 281 ores
1199 253 1331 288 legerem,
1345 252 1417 279 aliud
1433 255 1518 278 ιηυιιο
1539 250 1639 285 reperi,
1654 255 1737 284 quam
1755 249 1846 277 indice
1858 255 1919 283 pro-

273 309 352 337 titulo
369 305 624 340 exstant,drtdeeot;
639 303 782 332 Εὑσεῦίου.
792 303 853 331 luit.
876 303 985 338 Ἐπειδὴ
997 302 1068 329 κατὰ

274 355 388 392 χρόνους
403 353 516 389 γέγονεν
531 353 545 378 ὁ
568 352 722 386 προφήτης.
738 349 804 378 Post
820 350 878 377 lucc
895 349 1069 376 Commenta-

275 401 333 428 rios
349 399 492 427 inchoatur
505 397 547 424 his
564 396 653 423 verbis
673 404 679 422 :
702 395 819 431 Ὀρασις
841 397 876 422 α’.
895 395 1012 429 ὀρασις
1035 393 1068 428 ἢν

273 445 342 473 εἶδεν
360 445 490 476 Ἡσαΐας,
516 448 569 470 etc.
591 441 651 469 luit.
676 442 737 469 Τῶν
759 441 824 477 παρ’
848 441 914 476 ἡμῖν
939 439 1069 474 αἰσθητη-

276 493 340 528 ρίων
356 491 387 518 τὸ
401 490 610 526 ἐναργέστατον.
628 482 722 515 l'trum
738 491 828 514 autent
850 487 906 514 lucc
923 485 1070 512 Commen-

276 539 344 566 taria
363 537 452 564 Basilii
471 536 525 563 sint
544 542 648 567 necne,
667 542 721 561 non
750 533 818 560 satis
843 531 973 559 convenit
999 531 1069 557 inter

275 585 430 618 scriptores.
443 583 478 609 At
492 581 509 608 ii
527 581 608 608 etiam
623 579 668 614 qui
686 579 779 607 Basilii
802 585 863 605 esse
886 581 1067 613 propugnant,

276 629 383 656 initium
406 626 470 654 illud
499 625 668 661 prtclutionis
691 631 766 651 more
785 623 955 658 prmmissutn
969 642 976 652 ,
994 629 1068 648 assu-

276 679 394 703 meutum
419 673 553 708 quoddam
570 678 630 699 esse
655 671 775 697 fatentur
793 668 884 703 :quod
911 675 961 694 nec
977 667 1068 694 Basilii

258 723 264 730 '
274 721 320 752 sil,
330 727 380 747 nec
392 718 595 746 Commentario
608 718 634 744 iu
652 716 776 744 llesaiam
792 714 946 745 conveniat,
958 717 985 747 et
995 712 1068 739 aliud

275 773 386 801 prorsus
398 769 470 800 agat.
488 764 543 798 Ego
556 771 620 791 vero
633 761 749 790 Eusebio
764 760 849 788 multo
860 759 950 786 minus
968 758 1068 785 ascribi

275 819 354 846 posse
367 814 441 846 puto,
450 814 509 836 tum
523 809 557 836 ob
571 808 632 844 styli
644 805 855 842 discrepantiam
866 804 946 840 plane
959 803 1070 838 conspi-

275 864 364 889 cuam,
376 861 431 883 tum
444 855 506 890 quia
520 854 716 888 subsequen‘tes
729 851 934 882 Commentarii,
950 849 996 884 qui
1009 857 1070 883 per-

276 903 339 930 inde
356 889 463 928 Eusebii
477 900 585 928 nomine
598 899 692 926 eodem
709 898 735 924 in
749 897 843 924 codice
856 889 1068 930 subjunguntur,

1122 300 1256 327 mittebat.
1273 298 1433 333 Ubicunque
1450 297 1524 325 enim
1550 303 1612 323 eum
1640 295 1753 324 historia
1774 294 1915 326 defecerit,

1122 344 1220 371 transit
1240 343 1272 370 ad
1288 342 1456 378 allegoriam,
1473 345 1501 368 et.
1517 339 1867 375 ita,separata'consoeiat,
1885 344 1916 366 ut

1122 389 1207 416 mirer
1230 396 1291 415 eum
1315 395 1384 415 nova
1408 387 1543 414 sermonis
1557 386 1660 413 fabrica
1679 386 1705 413 in
1723 394 1805 412 unum
1819 393 1916 420 corpus

1121 434 1236 468 lapidem
1252 433 1409 468 ferrumque
1420 433 1598 467 conjungere.
1617 431 1674 459 lloc
1699 432 1816 458 breviter
1827 432 1918 458 admo-

1121 481 1179 512 nui,
1195 488 1229 522 ne
1243 480 1303 514 quis
1318 474 1367 506 n'os
1390 479 1464 513 pulc't
1485 487 1519 506 ex
1542 477 1613 505 illius
1637 477 1758 505 l'ontibus
1782 482 1918 505 mutuasso

1121 533 1181 559 quae
1194 525 1328 555 dicimus;
1347 531 1408 550 nam
1420 528 1447 550 et
1461 523 1485 549 in
1499 523 1624 557 prmsenti
1642 523 1762 558 capitulo
1777 522 1916 557 adversum

1120 570 1228 598 Iudaeos
1245 574 1272 597 et
1295 568 1509 603 Hierosolymam
1531 568 1597 595 dicit
1619 568 1788 603 prophetiam
1815 567 1917 602 dirigi:

1121 618 1191 652 quod
1208 618 1234 644 in
1262 617 1395 652 principio
1425 615 1484 643 lidei
1508 615 1672 642 Christianae
1688 612 1810 642 adtotas
1826 611 1918 649 gentes

1120 663 1248 697 epistolas
1266 663 1400 695 miserint,
1416 669 1449 689 ne
1461 653 1633 695 susciperent
1644 661 1795 695 passionem
1805 659 1916 692 Christi,

1121 714 1147 736 ct
1167 708 1294 735 miserint
1311 715 1397 741 usque
1421 708 1454 735 ad
1486 707 1654 741 Ethiopiam
1672 711 1698 733 et
1718 705 1916 733 occidentalem

1122 755 1239 790 plagam,
1254 758 1393 787 totumque
1412 753 1507 779 orbem
1533 752 1612 786 hujus
1635 751 1808 785 blasphemia:
1833 751 1918 778 disse-

1122 799 1270 826 minatione
1295 792 1504 832 compleverint.
1524 807 1533 822 ι
1550 797 1635 830 Quam
1663 797 1916 830 interpretationem

1122 844 1154 870 ad
1170 844 1294 871 eumdem
1318 843 1408 871 locum
1436 842 1557 876 pluribus
1580 841 1752 876 prosequitur
1768 841 1916 871 Eusebius,

1123 894 1149 916 ut
1164 889 1261 923 cuique
1280 888 1371 915 videre
1393 887 1480 914 liceat.
1500 886 1575 920 Quod
1591 893 1671 920 porro
1685 886 1723 911 ait
1739 883 1918 920 Hieronymus

275 948 375 976 diversi
396 954 507 982 prorsus
523 954 537 972 a
556 943 767 972 Commentariis
788 941 897 969 Eusebii
921 945 993 968 sunt.
1012 939 1066 967 Cu-
1083 931 1104 959 Β
1119 935 1264 962 Eusebium
1279 934 1358 961 modo
1372 933 1512 960 littcralem
1523 938 1550 959 et
1571 932 1839 965 historicam,‘modo
1852 931 1917 970 alte-

273 992 318 1026 ius
336 998 419 1027 porro
434 991 470 1018 sit
485 994 671 1017 assumeutum
689 986 843 1022 hujuSmodi
859 993 913 1013 non
927 985 993 1012 satis
1005 992 1068 1019 per-

275 1043 407 1072 spectum.
425 1036 560 1063 Caeterum
586 1033 784 1065 duodeuiginti,
803 1031 881 1065 cujus
894 1031 1000 1057 initium
1015 1033 1066 1061 est,

280 1083 389 1118 Ἐπειδὴ
405 1083 476 1109 κατὰ
492 1081 621 1117 χρόνους,
637 1084 666 1106 ιιι
686 1086 767 1114 supra
787 1077 920 1109 diximus,
936 1077 968 1104 ad
987 1076 1069 1104 Com:

274 1129 437 1158 mentarium
455 1127 529 1154 illum
543 1127 588 1162 qui
601 1125 692 1153 Basilii
708 1125 819 1156 nomine
834 1123 988 1162 insignitur,
998 1121 1068 1149 haud

275 1175 356 1204 dubie
379 1174 495 1210 pertinet
516 1182 523 1200 :
546 1160 606 1199 nam
629 1172 656 1199 in
684 1171 777 1198 codice
800 1169 883 1204 Regio
906 1160 1069 1204 bombycino

275 1220 427 1249 duodecimi
454 1218 557 1250 satculi,
575 1219 602 1245 in
627 1217 716 1244 lronte
738 1216 946 1251 Expositionum
969 1214 996 1241 in
1015 1213 1068 1241 lle-

275 1268 360 1294 saiam
377 1266 468 1293 Basilii
484 1264 592 1292 nomine
606 1262 790 1298 praemittitur.
801 1261 866 1295 Qua:
882 1265 970 1287 autem
984 1260 1069 1295 hypo-

276 1313 344 1341 thesi
361 1315 493 1346 praeeunt,
505 1303 594 1337 aliena
607 1313 634 1337 et
650 1307 787 1342 adjectitia
801 1313 862 1334 esse
879 1306 1016 1333 videntur.

640 1353 654 1390 ξ
671 1353 701 1382 u.

279 1402 302 1431 Ι.
323 1401 483 1430 Testimonia
504 1405 617 1427 veterum
635 1400 667 1426 de
692 1398 800 1426 Eusebii
823 1397 1027 1425 Commentariis
1045 1397 1071 1422 in

318 1436 456 1464 Hesaiam.
477 1435 510 1462 Il.
531 1435 569 1461 De
591 1442 683 1469 genere
704 1433 906 1469 interpretandi.
930 1431 973 1458 ΙΙΙ.
994 1431 1071 1469 Nihil

313 1472 386 1498 dubii
416 1471 482 1505 περὶ
501 1467 710 1505 γννησιὸτητρς.
795 1468 853 1500 Quo
880 1472 994 1502 tempore
1014 1467 1070 1493 hu-c

313 1503 517 1533 Commentnrid'
527 1505 637 1532 ediderit
656 1503 795 1530 Eusebius.

308 1553 327 1578 1.
340 1552 492 1578 Testimonia
510 1552 634 1606 veterumH
643 1549 793 1586 de.Eusebii
813 1546 1002 1577 Commentariis
1013 1547 1039 1570 in

579 1595 582 1598 ~
637 1587 737 1605 esatam.

579 1595 582 1598 ~
615 1587 737 1605 uesanam.

313 1626 493 1661 Hieronymus
505 1624 552 1651 lib.
567 1623 604 1650 De
614 1622 786 1656 scriptoribus
799 1619 984 1648 ecclesiasticis
1002 1619 1073 1645 inter

278 1669 331 1697 alia
345 1668 454 1699 Eusebii
465 1667 617 1702 opera,hoe
627 1667 689 1693 item
703 1670 836 1693 recenset.
845 1664 879 1690 Et
893 1665 920 1690 in
935 1663 1071 1695 Ilesaiam,

278 1715 382 1750 inquit,
397 1715 478 1740 libros
500 1714 599 1740 decem.
618 1712 645 1738 ln
673 1712 784 1745 prologo
803 1714 892 1737 autem
913 1710 938 1736 in
958 1709 1071 1744 Exposi-

279 1759 378 1786 tionem
396 1757 509 1790 Hesaite,
521 1757 560 1784 sic
573 1756 653 1783 habet
666 1765 672 1783 ε
685 1755 813 1782 Eusebius
825 1763 927 1790 quoque
941 1753 1073 1788 Pamphili

275 1805 355 1838 juxta
368 1803 518 1830 historicum
529 1801 742 1836 explanationem
760 1800 909 1836 quindecim
928 1799 1009 1826 edidit
1028 1806 1072 1825 uo-

278 1849 391 1877 lumina.
412 1849 446 1876 At
462 1848 659 1883 Hieronymum
685 1847 742 1874 sive
761 1846 846 1874 libros
862 1846 919 1873 sive
938 1845 1072 1872 volumina

278 1898 420 1926 memoret,
436 1893 553 1927 idipsum
567 1892 722 1927 signiﬁcare
739 1892 841 1927 liquet;
859 1899 922 1918 nam
936 1891 962 1918 in
977 1891 1071 1918 eodem

279 1940 392 1974 prologo
411 1939 444 1966 de
462 1938 579 1973 Origene
599 1939 662 1965 talia
681 1939 754 1966 latur
777 1947 784 1965 :
810 1937 939 1972 Origenes
962 1937 1072 1971 triginta

278 1985 423 2017 uolumina,
437 1992 451 2011 e
469 1985 562 2018 quibus
581 1985 720 2018 uicesimus
735 1989 825 2010 sextus
845 1983 910 2010 liber
933 1991 984 2010 non
999 1983 1072 2009 inve-

279 2030 353 2058 nitur
366 2037 375 2061 ;
389 2029 460 2056 unde
477 2029 561 2063 igitur
576 2029 656 2055 modo
679 2028 784 2060 decem,
809 2027 889 2055 modo
903 2027 1070 2062 quindecim,

279 2075 389 2103 Eusebii
410 2075 504 2107 libros,
521 2082 568 2102 seu
586 2073 721 2101 volumina
735 2077 844 2105 exstare
856 2072 923 2099 dicit
937 2072 948 2099 ?
963 2072 992 2098 Id
1007 2079 1073 2098 sane

279 2120 322 2148 vel
342 2120 537 2155 exemplarium
553 2117 695 2151 varietati;
710 2124 802 2152 parem
819 2117 919 2151 quippe
932 2116 959 2143 in
977 2116 1071 2142 Histo-

280 2166 319 2193 ria
332 2165 508 2192 ecclesiastica
525 2164 656 2199 ejusdem,
667 2162 870 2190 distinctionum
887 2162 1071 2189 diversitatem

278 2210 529 2246 deprehendimus;
553 2210 595 2237 vel
617 2208 823 2236 amauuensium
848 2208 914 2235 vitio
938 2208 1068 2235 ascribas.

1119 982 1238 1017 goricam
1252 981 1436 1007 narrationem
1450 978 1604 1011 instituere,
1618 977 1839 1011 omnibuspalam
1854 976 1915 1009 erit,

1119 1028 1140 1054 si
1157 1027 1196 1054 vel
1214 1025 1379 1061 primoribus
1393 1025 1501 1059 quidem
1528 1023 1612 1050 labris
1634 1024 1683 1050 hos
1697 1021 1917 1049 Commentarios

1120 1071 1271 1106 attigerint.
1299 1070 1376 1104 Quod
1401 1074 1492 1095 autem
1519 1068 1587 1095 dicit
1605 1075 1634 1095 s3
1663 1075 1717 1094 non
1747 1074 1780 1094 ex
1797 1065 1917 1093 "Eusebii

1121 1117 1239 1146 fontibus
1257 1117 1391 1148 hausisse,
1408 1115 1440 1142 de
1459 1119 1523 1142 toto
1547 1113 1748 1145 Commentario
1762 1111 1916 1145 'intellijzas.

1120 1164 1173 1191 Tot
1186 1164 1258 1191 enim
1271 1168 1400 1198 tantaque
1417 1162 1516 1190 ibidem
1532 1164 1641 1187 enarrat
1656 1159 1846 1194 Hieronymus,
1858 1165 1918 1193 quia

1121 1209 1252 1237 Eusebius
1273 1216 1307 1236 ne
1322 1215 1400 1236 nosse
1415 1207 1523 1242 quidem
1535 1226 1542 1239 ,
1558 1206 1662 1237 nedum,
1673 1211 1804 1232 enarrare
1820 1203 1917 1238 potuit,

1122 1260 1151 1282 ut
1179 1252 1353 1289 pet-iniquum
1391 1255 1463 1280 esset
1490 1250 1693 1286 Hieronymiaui
1719 1248 1915 1276 Commentarii

1122 1300 1235 1336 gloriam
1253 1300 1279 1326 in
1297 1298 1444 1325 Eusebium
1470 1297 1607 1324 conferre:
1634 1295 1761 1321 Attamen
1781 1291 1826 1321 ille
1849 1294 1931 1321 bene.

1124 1346 1205 1374 multa
1224 1354 1256 1373 ex
1278 1346 1354 1374 hisce
1369 1343 1581 1372 Commentariis
1602 1343 1760 1378 expiscatus
1782 1345 1834 1374 est,
1850 1348 1918 1376 quo«

1123 1401 1182 1420 rum
1198 1393 1336 1420 minimam
1351 1397 1455 1427 partem
1472 1397 1522 1418 nos
1534 1389 1617 1417 variis
1629 1389 1655 1416 in
1671 1381 1741 1415 locis
1752 1384 1918 1418 nola'vimus;

1122 1440 1256 1468 Czeterum
1283 1439 1334 1467 hac
1353 1426 1487 1466 cautione
1514 1437 1577 1472 jure
1609 1435 1693 1462 utitur
1712 1426 1916 1467 Hieronymus:

1123 1486 1185 1520 quia
1204 1493 1266 1512 cum
1286 1491 1416 1512 censores
1441 1483 1517 1510 multi
1539 1482 1629 1509 invido
1644 1481 1722 1508 oculo
1742 1480 1800 1514 ejus
1817 1479 1917 1513 scripta

1125 1532 1272 1558 lustrarent
1283 1551 1291 1562 ,
1305 1529 1458 1565 periculum
1475 1531 1535 1556 erat
1557 1535 1591 1554 ne
1610 1527 1696 1562 ipsum
1710 1526 1792 1561 plagii
1808 1525 1917 1552 nomine

1126 1576 1320 1608 incesserent;
1344 1575 1390 1602 sed
1414 1573 1485 1608 illud
1510 1572 1607 1606 injuria
1625 1572 1726 1599 factum
1751 1574 1918 1598 essetmam

1125 1621 1247 1656 quantuli
1261 1620 1342 1655 pretii
1360 1623 1425 1647 sunt
1444 1626 1477 1646 ea
1497 1625 1556 1652 quae
1578 1624 1612 1644 ex
1637 1617 1753 1644 Eusebio
1777 1615 1917 1648 delibavit,

1124 1666 1146 1693 si
1165 1668 1356 1699 comparentur
1372 1671 1432 1690 cum
1449 1663 1498 1695 iis,
1513 1669 1574 1696 quae
1591 1662 1622 1689 S.
1644 1661 1744 1688 Doctor
1760 1660 1866 1687 erudite
1883 1658 1920 1687 de

1124 1711 1258 1739 chraico
1276 1714 1352 1737 textu
1371 1716 1403 1736 ac
1422 1709 1455 1736 de
1476 1708 1593 1736 lectione
1616 1707 1731 1743 vulgata:
1747 1706 1847 1742 passim
1863 1704 1919 1732 dis-

1124 1757 1218 1784 seruit.
1234 1755 1290 1783 Nec
1310 1756 1359 1783 abs
1381 1763 1410 1782 re
1430 1755 1499 1782 forte
1517 1754 1591 1780 dicas
1617 1752 1761 1780 Eusebium
1778 1756 1806 1779 et
1823 1750 1920 1778 lliero-

1124 1811 1235 1839 nymum
1255 1803 1349 1830 eadem
1364 1802 1422 1838 ipsa
1434 1808 1467 1833 ex
1485 1800 1611 1836 Origenis
1625 1799 1836 1827 Conmentariis
1848 1798 1919 1826 hau-

1125 1849 1201 1876 sisse.

1160 1895 1187 1921 lu
1201 1893 1431 1921 Prmliminaribus
1448 1892 1479 1920 ad
1497 1891 1622 1926 Procopii
1640 1889 1872 1918 Commentarium
1888 1888 1917 1918 in

1125 1940 1250 1968 llcsaiam
1266 1944 1377 1966 curante
1390 1939 1469 1966 Petro
1481 1938 1608 1965 Curterio
1622 1936 1735 1969 editum,
1754 1936 1811 1962 hmo
1823 1936 1918 1969 legun-

1124 1991 1168 2014 tur
1180 1994 1212 2014 ex
1225 1986 1317 2013 codice
1328 1985 1424 2012 Retiati
1434 1983 1562 2016 Marclmli
1578 1993 1584 2009 :
1598 1981 1762 2018 Μετελήφϐη
1775 1982 1790 2007 ὁ
1804 1981 1919 2012 Ἡσαΐας

1123 2030 1177 2056 ἀπὸ
1192 2029 1359 2064 ἀντιγράφου
1377 2027 1423 2054 τοῦ
1447 2027 1519 2054 ἀδϐᾶ
1537 2026 1739 2058 Ἀπολλιναρίου
1759 2025 1807 2052 τοῦ
1829 2033 1918 2064 κοινο-

1124 2061 1288 2112 ϐιάρχοιῃέν
1350 2073 1544 2100 καϐυπόκειται
1565 2073 1696 2100 ταῦ-ει...
1725 2061 1888 2108 Μετελήξίῧη
1903 2070 1918 2096 ὁ

1130 2124 1242 2155 Ἡσαΐας
1262 2124 1294 2149 ἐκ
1318 2122 1371 2149 τῶν
1396 2122 1466 2148 κατὰ
1477 2122 1526 2153 τὰς
1543 2121 1664 2152 ἐκδόσεις
1683 2119 1831 2152 Ἐξαπλῶν,
1853 2118 1919 2144 ἀντ-

1123 2169 1223 2205 εϐλήοη
1244 2168 1272 2195 δὲ
1286 2169 1332 2195 καὶ
1351 2169 1419 2203 πρὸς
1433 2166 1692 2203 ἓτερονἙξαπλοῦν,
1701 2166 1762 2201 ἕχον
1773 2166 1822 2200 τὴν
1830 2172 1919 2199 παρα-

1124 2216 1273 2251 σημείωσιν
1293 2215 1441 2250 ταύτην....
1475 2214 1648 2250 Διώρθωνται
1679 2208 1799 2247 ἀκριϐῶς
1832 2211 1918 2237 πᾶσαι

279 2255 413 2284 Caeterum
427 2255 483 2282 lucc
498 2262 544 2282 seu
568 2254 748 2286 voluminum,
762 2260 808 2281 seu
823 2252 955 2280 librorum
971 2253 1070 2280 distiu—

1123 2262 1151 2287 αἱ
1183 2260 1314 2291 ἐκδόσεις·
1337 2259 1542 2295 ἁντεϐλήοησαν
1571 2258 1625 2293 γὰρ
1651 2258 1718 2292 πρὸς
1749 2254 1919 2292 τετραπλοῦν

280 2302 334 2329 ctio
343 2301 399 2336 jam
418 2302 461 2329 diu
478 2301 567 2336 periit,
584 2301 697 2336 ejusque
710 2308 743 2328 ne
762 2300 903 2335 vestigium
919 2300 1026 2336 quidem
1043 2299 1069 2326 in

260 2377 262 2379 ,
279 2348 421 2377 codicibus
438 2347 579 2382 reperitur.

317 2394 388 2420 ldetn
406 2393 585 2428 llierouymus
600 2393 625 2419 in
649 2392 759 2427 prologo
775 2392 807 2419 ad
823 2392 921 2419 librutn
940 2399 956 2417 v
970 2391 997 2417 in
1017 2390 1068 2417 Ile-

279 2439 366 2467 saiant
378 2439 434 2466 hate
449 2439 548 2466 habet:
568 2448 577 2464 ‹
601 2438 670 2472 Quid
696 2438 777 2474 igitur
791 2437 910 2464 iaciant?
925 2437 1071 2464 subeamne

279 2492 358 2521 opus,
376 2485 402 2512 in
417 2492 471 2520 quo
485 2484 659 2511 eruditissimi
675 2483 726 2510 viri
741 2483 917 2513 sudaverunt,
928 2481 1072 2516 Origenem

279 2530 375 2565 loquor
389 2535 417 2558 et
433 2530 577 2557 Eusebium
595 2529 745 2564 Pamphili.
759 2535 876 2564 quorum
892 2527 962 2554 alter
981 2527 1073 2554 liberis

281 2577 414 2612 allegoria!
434 2575 528 2610 spatiis
542 2579 684 2610 evagatur,
713 2579 743 2603 et
759 2573 945 2608 interpretatis
961 2573 1074 2600 nomini-

280 2622 332 2649 bus
346 2622 524 2656 singulorum,
539 2621 678 2656 ingenium
696 2628 776 2648 suum
793 2620 856 2647 iacit
877 2618 1005 2646 Ecclesia:
1027 2626 1073 2646 sa-

282 2675 421 2697 cramenta
436 2679 442 2696 :
459 2668 528 2696 alter
543 2667 700 2696 historicum
716 2666 911 2701 expositionem
927 2665 1005 2692 titulo
1030 2672 1074 2692 re-

282 2713 458 2746 promittens.
474 2714 609 2741 interdum
634 2711 803 2739 obliviscitur
835 2711 966 2745 propositi
978 2730 987 2743 ,
1004 2715 1030 2737 et
1044 2710 1070 2737 in

282 2754 407 2790 Origenis
423 2757 490 2784 scita
515 2757 639 2785 concedit
658 2757 670 2784 ‘I
690 2766 699 2782 ›
722 2755 779 2783 Sub
797 2755 854 2783 hate
879 2760 969 2783 autem
994 2755 1072 2782 initio

282 2801 380 2836 capitis
392 2801 602 2836 decimi'octavi,
627 2803 662 2830 ita
678 2802 800 2837 loquitur
815 2810 822 2828 :
842 2811 851 2828 ί
866 2801 997 2829 Eusebius
1013 2801 1070 2828 Ca:-

283 2847 413 2875 sariensis
435 2848 590 2875 historicam
612 2849 860 2883 interpretationem
880 2847 957 2875 titulo
980 2854 1072 2881 repro-

284 2893 404 2926 mittens,
420 2893 532 2921 diversis
548 2894 671 2921 sensibus
697 2897 847 2929 eragatur;
865 2892 940 2927 cujus
963 2899 1022 2919 cum
1041 2892 1073 2919 li-

1128 2306 1250 2332 Ἦσαῖαν·
1261 2305 1300 2342 ἔτι
1312 2305 1340 2340 δὲ
1355 2304 1402 2331 καὶ
1414 2305 1482 2340 πρὸς
1490 2303 1646 2337 Ἐξαπλοῦν.
1656 2303 1727 2338 Πρῂς
1740 2301 1856 2332 τούτοις,
1872 2300 1920 2327 καὶ

1123 2350 1177 2377 ἀπὸ
1199 2352 1248 2385 τῆς
1267 2350 1364 2386 ἀρχῆς,
1386 2350 1438 2382 ἕως
1465 2349 1512 2375 τοῦ
1538 2349 1677 2384 ὁράματος
1703 2348 1802 2383 Τύρον,
1826 2346 1919 2381 τὸμων

1123 2395 1294 2430 ἐξηγητικῶν
1320 2396 1360 2426 εἰς
1377 2394 1422 2421 τὸν
1443 2395 1557 2421 Ἡσαΐαν
1576 2394 1739 2429 Ὠριγένους,
1766 2392 1813 2419 καὶ
1840 2392 1920 2427 ἀκρι-

1124 2440 1178 2471 ϐῶς
1208 2441 1405 2476 ἐπιστήσαντες
1430 2441 1463 2476 τῇ
1496 2440 1599 2476 ἐννοίᾳ,
1627 2439 1687 2466 καθ’
1704 2439 1738 2473 ἦν
1766 2437 1920 2473 ἐξηγήσατο

1124 2486 1243 2522 ἑκάστην
1259 2486 1341 2520 λέξιν,
1359 2486 1420 2514 καθ’
1431 2487 1468 2518 ὡς
1483 2483 1539 2512 οἶόν
1559 2494 1588 2512 τε
1608 2483 1652 2521 ἦν,
1667 2485 1713 2511 καὶ
1730 2485 1784 2511 πᾶν
1801 2482 1919 2518 ἀμφίϐο-

1124 2532 1168 2558 λον
1190 2532 1259 2558 κατὰ
1279 2533 1329 2568 τὴν
1346 2532 1451 2559 ἐκείνου
1475 2531 1578 2558 ἔννοιαν
1601 2529 1824 2566 διωρθωσάμεθα.
1846 2527 1920 2563 Πρὸς

1124 2578 1229 2609 τούτοις
1252 2578 1396 2614 συνεκρίθη
1413 2580 1429 2614 ἡ
1453 2578 1507 2605 τῶν
1518 2577 1719 2612 Ἐϐδομήκοθτα
1739 2576 1852 2606 ἔκδυσις,
1871 2573 1919 2600 καὶ

1124 2623 1193 2659 πρὸς
1218 2623 1252 2650 τὰ
1275 2624 1327 2650 ὑπὸ
1347 2623 1477 2650 Εὐσεϐζου
1498 2624 1537 2655 εἰς
1559 2623 1604 2650 τὸν
1625 2623 1738 2649 Ἡσαΐαν
1765 2621 1917 2656 εἰρημένα,
1934 2632 1938 2636 -

1127 2667 1173 2693 καὶ
1186 2667 1215 2693 ἐν
1233 2666 1273 2699 οἷς
1304 2667 1468 2702 διεφώνουν,
1484 2668 1534 2703 τῆς
1557 2666 1713 2703 ἐξηγήσεως
1739 2666 1788 2702 τὴν
1814 2665 1919 2692 ἔννοιαν

1127 2711 1303 2748 ζητήσαντες,
1311 2713 1379 2749 πρῖις
1388 2713 1472 2749 αὐτὴν
1488 2713 1706 2749 ὲδιωρῧὼσαμεν.
1721 2711 1749 2739 Id
1768 2716 1825 2739 est:
1841 2720 1850 2737 ι
1863 2711 1920 2737 Ex-

1126 2758 1243 2793 scriptus
1260 2764 1302 2785 est
1316 2759 1430 2786 llcsaias
1447 2760 1480 2789 ab
1493 2759 1639 2794 exemplari
1660 2758 1766 2787 abbatis
1779 2757 1920 2792 Apollina-

1127 2803 1158 2830 rii
1170 2803 1377 2834 cmttobiarehm,
1392 2803 1417 2830 iu
1429 2811 1482 2837 quo
1493 2804 1549 2831 hmc
1559 2803 1772 2838 suljieiuntur...
1784 2802 1918 2836 Desump»

1127 2855 1187 2883 plus
1219 2853 1261 2875 est
1285 2848 1396 2875 Hessius
1420 2850 1453 2876 ab
1471 2850 1597 2884 llexaplis
1622 2849 1782 2881 editionum,
1804 2838 1920 2876 collatus
1969 2851 1971 2854 '

1126 2896 1214 2918 autem
1226 2897 1272 2919 .cst
1283 2899 1343 2919 cum
1351 2891 1471 2929 ﬂexaplo
1480 2894 1542 2928 alio,
1551 2894 1576 2920 in
1589 2901 1642 2928 quo
1656 2893 1706 2922 ista
1717 2894 1918 2921 adnotantur...
