2059 3215
285 166 319 193 85
621 165 757 193 EUSEB’H
773 165 1012 193 (ΞΑΞΞΑΒΙΕΝΞΙΞ
1031 165 1066 197 Οἱ

1126 165 1214 192 PAHS
1233 165 1276 192 Ill.
1296 179 1331 186 ο-
1351 165 1553 192 EXEGETICA.
1876 167 1906 195 si

281 225 362 252 dubia
377 231 458 258 opera
478 227 614 251 censetur.
632 223 774 252 Hodieruis
790 232 869 259 porro
885 224 1065 259 scripmribus
1080 226 1102 254 Α
1117 224 1215 255 cuum‘,
1237 223 1284 257 qui
1309 223 1372 250 hinc
1389 221 1587 257 quamplurima
1613 223 1780 256 expiscatur,
1796 229 1823 249 et
1843 231 1907 249 non-

281 261 343 305 ha‘
362 269 501 296 dubitandi
521 277 602 297 causa
615 274 667 302 est,
691 270 829 297 silentium
855 278 950 305 nempe
967 270 1064 297 Hiero-

280 314 365 349 nymi,
379 314 425 349 qui
443 321 504 341 cum
520 315 546 341 in
563 315 673 350 prologo
690 322 739 342 suo
754 315 787 341 ad
803 314 910 342 Hesaiae
925 315 1065 342 Commen-

280 360 349 386 taria
373 367 482 392 omnes.
508 365 640 395 quotquot
666 365 744 387 antea
775 361 876 388 llesaia:
892 362 1064 395 .interpretes

278 409 406 439 egerant,
432 410 557 432 accurate
587 411 740 436 recenseat.
769 414 802 433 ne
825 407 877 441 γρὺ
901 406 1009 440 quidem
1033 406 1065 433 de

279 449 369 476 Basilii
397 450 594 477 conmentario
622 450 724 482 habet;
751 451 853 478 (ἐτεινοίε
879 455 968 477 autem
1002 450 1064 479 hinc

279 494 351 522 haud
367 495 448 522 dubie
464 495 581 528 suspicio
606 496 775 526 nascebatur.
790 497 860 531 quod
883 497 968 532 stylus
983 496 1064 524 Com-

279 541 472 568 mentariorum
506 541 642 569 Basiliano
666 543 742 577 longe
770 543 902 569 absimilis
930 543 1061 570 videatur.

279 586 346 613 Rem
368 586 500 614 mittimus
518 588 630 620 nostris,
651 588 697 623 qui
715 588 805 615 Basilii
828 595 940 622 operum
965 587 1063 615 editio-

279 636 339 658 nem
355 638 451 658 novam
468 631 611 659 adornant.

312 676 375 703 Haec
395 680 490 703 catena
512 684 526 703 a
547 676 652 705 Joanne
676 678 826 712 Drungario
846 678 960 715 collecta
987 687 1063 714 repe-

278 722 347 749 ritur
365 721 427 749 item
453 721 478 748 in
499 722 592 750 codice
617 723 702 757 Regio
731 730 806 750 num.
822 723 902 756 l89l,
920 723 1009 751 saeculi
1035 732 1061 758 ιι,

277 767 502 800 membranaceo,
525 772 619 802 estque
641 768 676 795 ibi
693 775 788 803 magna
810 769 851 795 sui
875 773 951 803 parte
970 769 1063 795 mutila

278 813 313 839 ab
330 812 417 839 initio.
431 812 530 840 Catena
548 818 639 840 autem
658 813 712 840 alia
735 814 761 840 in
780 814 864 848 Regio
881 814 975 841 codice
993 813 1062 840 2437

279 859 312 886 ab
333 859 383 886 hac
407 857 486 892 longe
510 858 619 886 diversa
643 862 703 893 est,
722 865 753 885 ac
767 865 898 893 perquam
925 859 1061 885 minimam

1118 277 1256 303 nunquam
1283 268 1390 295 Eusebii
1417 267 1668 302 interpretationes,
1687 272 1717 294 ut
1742 267 1787 294 hic
1806 268 1907 295 haben-

1117 319 1170 346 tur,
1196 311 1272 348 quasi
1302 314 1349 347 abs
1375 321 1403 340 re
1423 313 1505 340 datas
1523 313 1632 348 depellit
1648 317 1675 340 et
1690 313 1825 341 conlutat.
1848 313 1906 341 lino

1117 361 1174 394 ipse
1193 359 1326 387 Eusebius
1347 366 1408 386 sese
1431 359 1518 394 prodit
1546 359 1625 392 hujus
1642 359 1839 386 Commentarii
1857 367 1907 386 au-

1116 410 1234 438 cterem,
1258 413 1318 432 cum
1345 410 1433 433 motas
1460 406 1494 433 ab
1522 405 1645 433 Ethnicis
1672 406 1697 432 in
1723 405 1906 434 Christianum

1115 457 1213 477 nomen
1238 451 1396 478 vexationes
1421 456 1448 484 et
1467 451 1649 483 carniﬁcinas,
1665 452 1784 485 itemque
1807 453 1908 486 princi-

1115 503 1177 530 pum
1200 496 1264 522 olim
1290 497 1438 532 inﬁdelium
1457 497 1490 523 ad
1519 497 1598 524 [idem
1625 497 1850 529 conversionem,
1876 501 1907 524 ut

1114 542 1237 577 oculatus
1264 542 1340 569 testis
1361 546 1493 568 memorat
1507 549 1523 568 τι
1534 543 1581 569 sed
1610 539 1728 569 maxime
1756 543 1800 570 ubi
1818 543 1906 571 Chro-

1115 587 1174 614 nica
1198 588 1233 626 ab
1259 595 1287 615 se
1316 588 1387 614 edita
1416 588 1510 615 laudat
1535 588 1578 616 his
1605 589 1694 616 verbis
1719 589 1752 615 ad
1780 595 1840 624 cap.
1855 596 1906 617 xm

1115 630 1227 664 llesaim,
1245 632 1289 668 Τῷ
1309 634 1337 659 δὲ
1352 626 1482 668 φάσκοντι
1498 635 1580 669 λόγῳν
1604 635 1677 662 Ἰδοὺ
1693 628 1821 670 mnus
1836 634 1908 670 ὑμῖν

1113 677 1184 710 τοὺς
1206 678 1338 712 Μήδους,
1366 682 1499 715 μαρτυρεῖ
1523 681 1539 715 ἡ
1564 680 1613 715 τῆς
1638 681 1756 715 ἱστορίας
1775 680 1905 712 ἔκϐασις·

1113 721 1287 757 ἀνάγραπτος
1303 721 1370 750 οὖσα
1389 726 1462 760 παρὰ
1479 725 1536 756 τοῖς
1564 725 1697 760 Ἑλλήνων
1714 725 1747 751 τὰ
1768 724 1907 757 Χαλδαϊκὰ

1114 765 1160 791 καὶ
1176 766 1210 792 τὰ
1229 767 1396 805 Ἀσσυριακὰ
1412 768 1662 804 συγγραψαμένοις,
1678 771 1734 801 τοῖς
1751 777 1780 795 τε
1796 768 1830 795 τὰ
1851 769 1908 804 Mr,-

1113 809 1174 836 διχὰ
1198 811 1386 847 ἱστορηκόσιν·
1403 810 1439 840 ὧν
1458 814 1505 840 καὶ
1528 815 1608 849 ἡμεῖς
1630 814 1760 846 πλείστας
1780 815 1907 847 ἀνελεξά-

1116 855 1184 889 μεθα
1210 858 1364 892 μαρτυρίας
1386 859 1414 884 ὲν
1432 860 1487 890 τοῖς
1496 859 1650 894 πονηθεῖσιν
1669 860 1734 894 ἡμῖν
1754 860 1907 893 Χρονικοῖς

279 904 400 931 locorum
420 907 525 937 partem
542 902 630 936 all‘erl,
655 902 857 937 innumerisque
883 904 988 932 mendis
1010 904 1062 931 fce-
1079 897 1100 925 Β
1117 901 1337 936 συιηζράμμασι.
1360 901 1388 930 ld
1411 908 1469 936 est,
1491 913 1500 929 ι
1516 904 1583 932 lluic
1603 910 1691 932 autem
1709 905 1781 944 dicto
1807 915 1813 932 :
1837 904 1907 931 Ecce

279 949 372 981 datur,
397 949 447 976 etsi
475 948 634 983 perautiqua
659 957 665 974 :

279 999 331 1022 est.

279 1047 311 1075 ιι.
324 1049 362 1075 De
372 1056 467 1081 genere
484 1050 664 1080 interpretandi
679 1052 705 1074 et
716 1050 748 1074 de
770 1052 881 1074 veterum
903 1051 1066 1081 interpretum

648 1088 701 1105 usu.

688 956 749 975 nam
768 948 864 976 decimi
893 949 955 976 item
976 949 1066 977 saeculi

314 1132 391 1166 Quod
413 1132 447 1159 ad
470 1131 665 1167 interpretandi
691 1131 836 1162 rationem,
861 1139 912 1166 qua
938 1132 1068 1159 Eusebius

279 1178 331 1205 hoc
353 1178 380 1204 in
399 1177 603 1204 Commentario
623 1177 719 1208 utitur,
744 1177 877 1204 adeantur
905 1184 936 1203 ea
962 1185 1022 1211 quae
1040 1178 1066 1204 in

280 1222 509 1249 Prmlimiuaribus
533 1222 567 1249 ad
594 1222 782 1256 Expositiones
819 1222 845 1249 iu
872 1222 993 1250 Psalmos
1016 1223 1067 1250 hac

281 1268 314 1294 de
331 1274 361 1302 re
378 1266 497 1293 diximus
517 1267 556 1301 (ὅ)
575 1276 581 1293 :
600 1267 693 1294 eodem
720 1267 792 1293 enim
819 1267 960 1301 utrobique
980 1267 1065 1302 expli-

280 1311 358 1339 candi
382 1318 481 1345 genere
504 1311 625 1346 procedit
639 1306 652 1338 “;
671 1319 702 1338 ac
728 1312 872 1339 litteralem
892 1313 982 1346 modo,
1005 1321 1066 1341 mox

280 1357 492 1392 mystagogicum
514 1361 541 1384 et
566 1357 740 1392 allegoricum
766 1364 874 1384 sensum
901 1358 1017 1392 exquirit
1041 1363 1067 1386 et

281 1401 370 1430 allen.
387 1394 519 1429 Nimirum
537 1409 569 1429 ea
585 1401 748 1436 explanandi
765 1402 806 1428 via
822 1403 847 1428 in
864 1403 980 1430 Psalmis
997 1408 1024 1431 et
1041 1405 1067 1430 in

280 1447 425 1482 prophetia
444 1447 559 1479 llesaiaa,
575 1447 622 1474 ubi
638 1446 767 1482 frequens
783 1447 882 1475 Christi
898 1453 925 1476 et
941 1449 1068 1476 Ecclesia:

281 1493 393 1525 mentio,
414 1492 562 1526 praesertim
587 1493 702 1519 ineunda
718 1497 779 1520 est:
795 1501 876 1527 quam
899 1494 1066 1529 disciplinam

282 1538 508 1571 evangelistarum
540 1537 778 1572 apostolorumque
809 1539 932 1575 exemplo
959 1533 1068 1567 tenuere

283 1582 334 1611 SS.
354 1582 457 1609 Patres.
485 1581 664 1614 Quamobrem
695 1582 873 1618 Hieronymus
893 1591 944 1611 non
968 1592 1000 1612 eo
1018 1585 1070 1612 Eu-

283 1627 388 1655 sebium
413 1628 527 1661 carpit,
545 1629 615 1662 quod
642 1627 766 1655 llesaiam
792 1629 937 1663 allegorice
956 1629 1069 1658 subinde

282 1681 360 1702 more
378 1673 591 1707 interpretetur;
616 1674 663 1700 sed
690 1673 761 1707 quod
791 1676 985 1708 promissorum
1019 1676 1070 1703 im-

282 1726 397 1752 memor,
411 1719 457 1754 qui
472 1727 501 1746 se
516 1719 660 1746 litteralem
675 1719 888 1754 historicamque
908 1717 1068 1748 sententiam

282 1764 426 1793 allaturum
446 1764 586 1799 professus
605 1769 680 1797 erat,
704 1765 838 1792 interdum
856 1759 888 1792 ad
913 1765 1069 1800 allegoriam

282 1810 407 1837 declinet.
432 1810 499 1837 Nam
527 1810 584 1844 ipse
609 1809 790 1844 Hieronymus
807 1810 832 1837 in
855 1810 993 1845 allegoriis
1017 1811 1070 1838 fre-

282 1862 381 1889 quens,
407 1855 478 1881 hanc
505 1855 586 1882 tradit
608 1853 634 1881 in
660 1861 772 1889 protogo
798 1855 941 1889 regulam:
968 1865 977 1881 ι
994 1855 1070 1884 Unde

282 1904 342 1934 post
370 1899 491 1927 historia:
516 1899 676 1930 veritatem,
703 1891 879 1933 spiritualiter
914 1890 1068 1934 accipienda

283 1946 450 1971 suntomnia
465 1953 471 1971 :
487 1949 514 1971 et
538 1945 578 1972 sic
595 1944 686 1972 Judata
709 1949 736 1971 et
760 1943 922 1977 Jerusalem,
946 1944 1068 1980 Babylon

283 1995 312 2017 ct
330 1989 515 2021 Pbilistbiim’,
539 1988 616 2016 Moab
640 1993 668 2016 et
696 1988 859 2022 Damascus,
883 1986 1016 2024 Egyptus
1043 1995 1070 2017 et

284 2033 423 2064 desertum
449 2040 534 2065 mare,
559 2033 674 2060 ldumma
689 2037 715 2059 et
739 2033 848 2064 Arabia,
870 2041 902 2060 ac
925 2033 1008 2060 Vallis
1031 2035 1070 2061 vi-

285 2078 388 2110 sionis;
411 2083 439 2105 et
465 2078 499 2104 ad
523 2082 674 2104 extremum
697 2077 786 2112 Tyrus
807 2082 835 2104 et
855 2077 924 2105 visio
947 2078 1068 2112 quadru-

285 2124 401 2158 pedum,
418 2123 593 2157 intelligenda
613 2126 689 2154 sunt;
707 2127 735 2150 ut
750 2127 847 2150 cuncta
865 2130 1019 2157 quaeramus
1043 2124 1069 2150 in

284 2176 364 2196 sensu
377 2177 384 2195 :
399 2173 426 2195 et
444 2168 470 2195 in
484 2169 611 2196 omnibus
624 2168 679 2199 his,
693 2168 770 2202 quasi
787 2168 892 2202 sapiens
906 2169 1070 2197 architectus

285 2213 385 2240 Paulus
411 2213 547 2248 apostolus
561 2211 647 2248 jaciat
673 2213 876 2239 fundamentum
890 2232 897 2245 ,
920 2213 1068 2247 quod‘non

284 2263 325 2285 est
343 2258 413 2285 aliud
429 2263 527 2293 praeter
540 2258 630 2286 Jesum
645 2258 792 2286 Christum.
808 2267 818 2283 ι

322 2303 502 2338 Hexaplorum
531 2311 562 2330 ac
589 2308 709 2330 veterum
734 2303 911 2337 interpretum
937 2303 1069 2330 lectiones

285 2349 387 2382 passim
416 2348 494 2376 affert
517 2349 666 2380 Eusebius,
693 2353 720 2375 et
742 2349 849 2382 quidem
870 2349 967 2376 multas
992 2349 1069 2383 queis

286 2394 468 2429 Hieronymus
493 2402 558 2421 usus
587 2402 639 2420 non
665 2398 723 2433 est.‘
741 2394 832 2421 Sicubi
859 2401 923 2420 vero
946 2395 1068 2420 eiundenl

286 2443 402 2475 uterque
425 2439 567 2467 lectiOnem
598 2440 739 2472 exscribit,
755 2440 885 2468 Eusebius
909 2440 1069 2474 prolixiores

285 2485 420 2512 exhibet:
444 2493 505 2511 nam
534 2485 714 2522 Hieronymus
744 2493 796 2512 una
828 2485 948 2513 alterave
978 2484 1070 2512 vocula

286 2535 440 2563 contentus,
458 2531 599 2559 lectionem
618 2532 683 2559 item
705 2530 866 2559 Hebraicam
880 2530 986 2564 adjicit,
1000 2530 1070 2564 quod

287 2583 315 2602 ra
321 2576 376 2603 rius
395 2582 507 2611 praestat
523 2577 663 2606 Eusebius.

484 2629 525 2654 ιιι.
538 2629 605 2654 Nihil
615 2629 680 2654 dubii
692 2625 732 2660 πιρὶ
742 2630 869 2660 mnam.
900 2630 906 2635 ”

323 2669 378 2698 Res
398 2678 431 2698 ex
449 2679 478 2698 se
492 2672 566 2699 clara
585 2676 612 2698 et
628 2676 719 2705 aperta
737 2676 788 2702 est,
808 2671 900 2704 hosce,
915 2678 983 2706 quos
999 2671 1070 2698 nunc

286 2716 400 2748 edimus.
416 2725 560 2751 germanos
572 2722 598 2744 et
613 2724 693 2744 veros
705 2724 765 2744 esse
778 2716 887 2744 Eusebii
904 2717 930 2744 in
946 2717 1070 2745 Hesaiam

288 2762 514 2790 Commentarios.
540 2763 567 2790 ld
595 2762 751 2797 Hieronymi
774 2763 938 2791 .tcstimonio
965 2763 1071 2797 conspi—

323 2843 361 2879 (3)
377 2842 442 2869 Vide
457 2846 557 2869 tomum
573 2843 750 2877 superiorem.
786 2838 789 2841 ’

1120 948 1250 974 suscitabo
1277 950 1350 975 vobis
1382 949 1490 982 Medos,
1530 950 1586 984 ipse
1621 951 1742 978 historia)
1778 956 1906 984 eventus,

1122 986 1353 1022 testimonium‘et
1384 996 1462 1023 [idem
1488 996 1561 1023 addit
1585 1004 1593 1023 :
1613 1004 1671 1031 qua
1696 996 1808 1023 historia
1835 997 1908 1032 apud

1120 1039 1241 1072 Graecos,
1257 1040 1302 1079 qui
1321 1040 1484 1072 Chaldaica,
1500 1041 1642 1075 Assyriaca
1664 1046 1691 1069 et
1717 1041 1818 1069 Medica
1837 1042 1907 1070 scri-

1121 1089 1241 1118 pserunt,
1259 1086 1394 1118 reperitur
1410 1095 1416 1112 ε
1430 1093 1547 1121 quorum
1572 1094 1621 1121 pos
1647 1081 1808 1123 testimonia
1821 1086 1906 1114 multa

1120 1129 1276 1164 collegimus
1290 1131 1314 1157 in
1331 1131 1465 1158 Clirouicir
1481 1132 1592 1159 nostris.
1612 1141 1626 1157 ι
1778 1157 1787 1163 _
1880 1139 1885 1143 '

1121 1181 1160 1206 ιν.
1177 1183 1230 1212 Quo
1250 1185 1361 1214 tempore
1383 1183 1436 1208 haec
1446 1184 1625 1210 Commentaria
1647 1183 1769 1208 Eusebius
1790 1183 1905 1208 ediderit.

1157 1223 1218 1251 ihec
1238 1231 1318 1258 porro
1346 1232 1397 1251 una
1425 1225 1451 1251 in
1482 1225 1523 1254 his
1543 1225 1753 1252 Commentariis
1779 1225 1908 1259 temporis

1122 1273 1185 1295 nota
1201 1274 1351 1303 comparet.
1369 1271 1430 1297 Post
1445 1270 1517 1297 edita
1536 1274 1632 1305 nempe
1649 1270 1790 1302 Chronica,
1809 1270 1835 1296 id
1852 1262 1907 1308 es},

1121 1319 1181 1348 post
1204 1322 1303 1341 annum
1326 1314 1389 1346 5'24,
1403 1315 1589 1349 Expositiones
1611 1317 1637 1341 in
1656 1314 1780 1342 Hesaiam
1807 1314 1908 1346 edidit,

1120 1367 1173 1393 quo
1204 1365 1293 1386 autem
1329 1367 1417 1390 anno.
1444 1367 1482 1387 (ne
1513 1350 1667 1395 conjectare
1705 1360 1812 1394 quidem
1841 1366 1906 1394 pos-

1122 1412 1226 1432 sumus.
1443 1398 1446 1400 ’

1479 1441 1494 1476 5
1514 1441 1568 1467 ιιι..

1122 1495 1140 1522 1.
1161 1496 1290 1532 Eusebius
1307 1505 1383 1530 parce
1399 1502 1424 1524 et
1440 1497 1524 1532 sobrie
1543 1497 1575 1532 de
1598 1497 1668 1524 Filio
1683 1497 1730 1524 Dei
1746 1497 1859 1532 loquitur
1881 1497 1908 1532 ira

1156 1530 1196 1556 his
1225 1531 1435 1558 Commentariis.
1472 1531 1504 1558 ll.
1541 1531 1638 1558 Contra
1667 1533 1756 1558 alueos
1777 1530 1803 1559 et
1827 1530 1904 1565 gent:

1158 1565 1267 1592 Niliacos
1284 1567 1412 1601 interdum
1427 1567 1489 1601 agit.
1503 1565 1546 1593 Ill.
1559 1566 1696 1601 Apostalos
1713 1566 1908 1599 quatuordecim

1162 1605 1298 1642 timuerat:
1313 1600 1358 1627 IV.
1381 1600 1532 1642 Singularis
1548 1601 1578 1627 de
1596 1601 1907 1642 irrartgrilius‘narralio.

1160 1632 1190 1660 V.
1207 1634 1360 1669 Princirum
1385 1632 1549 1662 ra'culurium
1571 1643 1632 1669 erga
1653 1632 1797 1662 Ecclesium
1815 1635 1907 1668 pietas.

1124 1689 1142 1713 l.
1154 1689 1277 1714 Eusebius
1296 1696 1369 1720 parce
1382 1689 1545 1745 eg‘sjobrieedle
1562 1689 1628 1744 ligio
1639 1689 1686 1714 Dei
1709 1689 1818 1720 loquitur
1831 1690 1856 1713 in
1871 1689 1915 1713 his

1437 1727 1500 1744 0mm
1547 1728 1559 1744 a
1608 1738 1613 1743 .

1437 1727 1613 1744 0mmentarus.

1108 1767 1111 1770 ‘
1156 1759 1206 1791 Qui
1235 1760 1260 1787 in
1287 1760 1494 1796 Commentariis
1521 1761 1546 1787 in
1575 1759 1697 1787 Psalmos
1733 1766 1851 1787 errorem
1874 1759 1910 1785 de

1124 1804 1191 1831 Filio
1210 1804 1255 1831 Del
1276 1812 1354 1831 suum
1384 1806 1483 1839 passim
1512 1805 1677 1839 insperserat
1700 1804 1840 1837 Eusebius,
1864 1804 1907 1830 hic

1123 1856 1205 1885 parce
1227 1857 1254 1878 et
1275 1851 1365 1878 sobrie
1386 1859 1417 1878 ea
1444 1852 1477 1878 de
1503 1858 1532 1878 re
1545 1855 1576 1878 ut
1601 1850 1746 1885 plurimum
1768 1850 1907 1884 loquitur:

1125 1896 1299 1929 quamobrem
1321 1889 1500 1932 Hieronymus
1515 1896 1559 1930 qui
1575 1895 1743 1922 Psalmorum
1759 1893 1909 1932 Espositio-

1125 1948 1186 1967 nem
1201 1941 1334 1968 Arianicis
1350 1934 1489 1968 erroribus
1504 1934 1641 1975 aspersam
1661 1947 1721 1967 esse
1739 1939 1909 1971 testiﬁcatur.

1125 1979 1360 2025 nilrilnl'mjusmodi
1379 1988 1505 2014 observat
1518 1988 1544 2014 in
1564 1986 1906 2026 hoc'commentarioaSed

1124 2032 1185 2065 quia
1201 2025 1316 2059 arduum
1336 2033 1378 2060 est
1397 2033 1442 2060 diu
1460 2033 1628 2068 multumque
1643 2025 1771 2067 scribere.
1793 2033 1858 2066 quin
1875 2039 1908 2059 ex

1125 2082 1213 2104 mente
1237 2078 1376 2112 scriptoris
1398 2078 1499 2115 aliquid
1526 2078 1566 2105 vel
1592 2079 1776 2114 imprudenter
1799 2077 1906 2107 cllluat.

1125 2131 1176 2150 non
1201 2124 1315 2150 obscure
1336 2125 1499 2157 sententiam
1517 2131 1593 2150 suam
1613 2125 1703 2158 prodit
1720 2123 1851 2151 Eusebius
1873 2124 1906 2150 ad

1124 2176 1184 2202 cap.
1199 2176 1277 2200 xu",
1292 2169 1336 2196 ubi
1355 2168 1381 2195 in
1397 2169 1454 2196 haec
1470 2168 1551 2197 verba
1569 2178 1576 2195 :
1595 2168 1666 2203 Ἐγὼ
1680 2170 1694 2195 ὀ
1710 2163 1786 2201 Θεδξ,
1803 2170 1849 2196 καὶ
1858 2170 1908 2196 οὐκ

1124 2214 1181 2242 ἔστι
1196 2215 1283 2250 παρὲξ
1298 2215 1364 2250 ἐμοῦ
1388 2215 1492 2248 σώζων,
1506 2216 1531 2243 id
1549 2221 1590 2243 est
1603 2225 1609 2244 :
1628 2225 1637 2241 ι
1653 2215 1707 2249 Ego
1719 2215 1799 2247 Deus,
1814 2220 1841 2242 et
1856 2223 1906 2242 non

1123 2266 1269 2295 estprmter
1282 2269 1323 2288 me
1335 2262 1382 2296 qui
1396 2262 1499 2288 salvum
1509 2261 1599 2294 faciat,
1608 2271 1617 2287 ι
1627 2262 1804 2288 sicillehabet
1816 2270 1823 2287 :
1835 2262 1907 2292 una;

1122 2306 1175 2340 γὰρ
1195 2306 1278 2341 φΰσης
1289 2303 1393 2342 ἀρχῆς,
1410 2306 1457 2342 μία
1473 2307 1514 2342 εῐη
1531 2307 1592 2342 ἃνή
1611 2303 1749 2343 θεότης,
1765 2315 1908 2341 συμπαρα-

1121 2351 1287 2385 λαμϐάνεται
1309 2352 1358 2390 καὶ.
1379 2352 1395 2386 ή
1412 2351 1457 2377 τοῦ
1482 2351 1651 2386 Μονογενοῦς
1665 2352 1747 2378 αὑτοῦ
1774 2351 1906 2385 θεολογία.

1123 2396 1179 2423 Hoc
1204 2401 1244 2423 est
1262 2406 1269 2424 :
1290 2406 1299 2421 ι
1315 2396 1380 2423 Nam
1397 2404 1457 2424 cum
1476 2405 1558 2425 unum
1584 2403 1619 2425 Sll
1648 2397 1831 2432 principium,
1856 2404 1907 2423 una

1123 2443 1203 2470 luerit
1225 2448 1252 2469 et
1268 2443 1366 2474 deitas',
1389 2449 1509 2476 quacum
1523 2444 1670 2470 assumitur
1696 2443 1830 2478 Unigeniti
1847 2442 1906 2476 ejus

1123 2488 1302 2523 theologiam
1330 2487 1375 2514 ubi
1402 2496 1455 2515 non
1481 2489 1542 2516 ideo
1565 2488 1626 2516 Filii
1653 2488 1816 2523 theologiam
1838 2495 1906 2515 .cum

1123 2538 1233 2567 paterna
1251 2534 1351 2561 deitate
1374 2535 1475 2561 assumi
1491 2534 1560 2566 vult,
1577 2535 1647 2568 quod
1673 2535 1758 2562 deitas
1779 2533 1838 2561 Filii
1855 2542 1906 2561 una

1123 2580 1272 2614 eademque
1288 2580 1324 2607 sit
1338 2584 1420 2613 atque
1436 2584 1569 2614 paterna:
1586 2588 1646 2607 nam
1662 2587 1722 2607 eam
1741 2580 1907 2607 ille'senteno

1123 2626 1186 2652 tiam
1202 2630 1232 2652 ut
1257 2625 1437 2652 Sabellianam
1459 2626 1574 2660 respuit;
1593 2627 1641 2653 sed
1664 2626 1734 2660 quod
1758 2626 1793 2654 ob
1810 2625 1907 2653 simili-

1124 2670 1243 2697 tudinem
1269 2671 1421 2705 quamdam,
1446 2671 1479 2698 ab
1495 2668 1564 2698 orlu'
1583 2671 1652 2699 Deus
1677 2663 1828 2706 appellatus
1854 2672 1908 2703 sit,

1123 2713 1255 2753 siquidem
1270 2717 1391 2751 principii
1405 2720 1432 2743 et
1446 2717 1555 2746 deitatis
1570 2719 1700 2745 unitatem
1717 2718 1743 2744 in
1758 2710 1815 2745 solo
1826 2717 1907 2745 Patre

1124 2753 1281 2806 servariait
1296 2762 1349 2795 hic,
1364 2767 1391 2790 et
1407 2763 1695 2799 passimxapcrtiusque
1719 2764 1746 2791 in
1763 2764 1824 2792 aliis
1841 2771 1908 2800 ope«
