2059 3215
170 146 206 174 85

629 144 885 187 COMMENTARIA
906 144 940 172 IN
959 144 1088 172 lSAlAM.
1109 159 1142 164 —
1161 142 1359 172 ΡΒᾹΞῈᾹΤΙΟ.

1773 147 1808 172 δῦ

173 202 266 233 ribus,
303 204 333 226 ut
365 198 596 227 commenstt'atur
628 208 654 227 ιιι
686 201 914 235 pracliminaribus
939 201 972 228 ad
988 203 1196 233 Aacceuenles,
1216 203 1388 233 usurparent.
1404 198 1504 225 Locum
1531 198 1630 227 afferre
1653 208 1687 228 ne
1708 201 1808 236 pigeat.

171 246 405 274 Commentarium
422 246 448 272 in
466 244 599 278 Psalmos,
617 245 662 273 ubi
678 246 786 274 videsis.

239 300 270 324 11.
281 298 370 324 Contra
383 298 473 327 atheos,
482 300 507 322 et
518 298 689 329 genethliacos
700 299 824 323 interdum
835 301 894 331 agit.

155 343 158 353 ‘
208 341 277 374 Quia
312 340 421 368 Eusebii
450 348 523 373 arvo,
548 341 619 367 athei
648 340 742 372 multi,
769 345 797 368 et
825 342 963 376 religionis

172 386 274 414 nullius
299 386 424 413 homines
461 390 560 418 erant,
585 386 631 420 qui
660 386 716 415 fato
745 395 840 414 omnes
872 396 962 415 rerum

171 437 285 459 eventus
303 432 489 464 ascriberent;
506 431 626 465 ejusdem
650 431 743 458 farinae
766 432 890 459 homines
906 440 964 467 pas-

171 478 222 504 sim
240 477 388 504 insectatur
402 477 535 504 Eusebius
553 477 608 509 hic,
625 482 653 504 ut
671 477 696 504 in
711 477 923 506 Commentariis
936 479 961 505 in

171 521 311 550 Psalmos:
324 522 370 549 ubi
385 526 439 549 tum
454 522 569 555 ratione,
579 527 633 549 tum
648 523 780 557 exemplis
792 524 961 559 comprobat,

170 567 291 594 numinis
312 567 483 601 providentia
504 567 631 596 mundum
650 567 846 595 administrari.
869 577 878 593 ι
894 567 961 596 Nam

170 619 232 638 cum
251 612 386 645 sapientes
404 611 483 646 hujus
507 611 607 644 saeculi,
623 621 632 638 ι
650 612 690 639 sic
714 611 759 639 ille
774 612 808 639 ad
832 620 892 648 cap.
909 620 961 646 χι,

173 667 182 682 ι
197 657 288 684 omnia
312 661 460 691 spontaneo
486 657 593 684 cuidam
612 664 702 684 rerum
726 658 828 690 motui,
851 665 883 685 ac
908 658 962 685 for.

171 703 240 730 tuito
263 700 380 730 naturali
409 703 483 730 casui
508 707 536 730 ct
559 702 614 730 fato
630 704 785 736 ascribant;
807 705 961 733 necessario

169 756 290 783 praesens
314 755 415 781 sermo,
443 748 544 775 nullam
567 756 658 776 rerum
686 749 800 777 fortuito
825 758 889 778 casu
912 759 961 778 ex-

169 792 277 825 sistere,
292 792 340 822 sed
357 792 447 820 omnia
467 800 528 820 cum
554 800 680 829 mensura
702 798 729 821 et
747 802 861 821 nurnero
877 803 891 822 a
910 795 962 822 Do-

169 839 255 872 mino,
276 839 322 874 qui
340 838 409 866 Deus
429 839 603 873 praedicatur,
626 839 775 867 constiltrta
800 840 894 874 fuisse,
912 841 959 869 de-

169 884 289 912 clarat.)
315 883 377 911 Pari
403 884 482 923 modo
510 884 647 912 invehitur
671 885 697 911 in
720 892 767 912 eos
788 886 850 924 qui,
875 887 961 914 motui

170 935 306 957 astrorum
338 929 429 957 omnia
466 930 653 962 ascribentes,
678 931 799 965 genesim
830 931 962 967 cujusqrre

169 975 367 1010 explorabant:
383 976 428 1011 qui
447 976 604 1010 frequentes
631 976 676 1003 illa
693 980 852 1010 tempestate
868 982 959 1004 erant.

171 1020 298 1056 Legimus
321 1029 386 1049 sane
405 1022 548 1049 Eusebium
568 1022 748 1055 Ernesenum,
770 1024 842 1057 quod
864 1024 962 1050 ἀποτε-

170 1066 340 1102 λεσματικὴν
376 1072 533 1100 exerceret,
562 1075 576 1094 a
605 1067 684 1102 plebe
718 1067 826 1102 pulsum
863 1069 961 1097 throno

170 1111 255 1140 fuisSe

194 1164 200 1169 '
235 1156 276 1182 IlI.
292 1158 429 1189 rApostolos
440 1161 627 1190 Quatuordecim
640 1164 753 1186 numerat
766 1161 894 1186 Eusebius.
948 1191 951 1194 λ

205 1199 349 1234 Apostolos
370 1197 576 1235 quatuord'eeim
603 1208 728 1230 recenset
751 1203 896 1235 Eusebius,
919 1203 961 1230 ni—

169 1246 268 1273 mirum
293 1247 435 1274 duodecim
456 1247 517 1276 illos
533 1249 674 1283 pristinos,
691 1249 802 1276 Matthia
820 1250 846 1276 in
870 1245 959 1276 locum

167 1291 243 1320 Iudae
276 1292 424 1327 proditoris
449 1294 640 1322 duodecimum
674 1294 764 1322 locum
795 1299 958 1329 occupante,

170 1336 280 1364 Paulum
295 1343 321 1365 et
335 1337 466 1366 Jacobum
483 1338 594 1367 fratrem
612 1340 735 1373 Domini;
751 1348 812 1367 nam
829 1340 958 1368 Iacobum

168 1382 242 1409 illum
259 1383 370 1411 fratrem
387 1384 504 1417 Domini,
519 1385 599 1411 alium
617 1393 631 1412 a
645 1384 746 1413 Jacobo
761 1386 862 1421 Alphmi
879 1391 957 1421 putat

169 1436 239 1456 esse.
266 1429 333 1456 Tres
363 1430 454 1464 itaque
478 1429 640 1466 bywvopou'c
670 1431 807 1466 apostolos
834 1438 958 1461 numerat

170 1474 312 1508 Eusebius,
333 1475 461 1503 Jacobum
488 1476 601 1503 fratrem
624 1476 747 1509 Joannis,
766 1477 896 1506 Jacobum
911 1480 959 1507 Al-

168 1520 256 1554 ph_a:i,
273 1525 301 1548 et
326 1518 457 1549 Jacobum
482 1522 593 1549 fratrem
614 1522 739 1556 Domini,
762 1531 841 1559 quem
864 1525 902 1553 ait
924 1526 957 1553 ab

168 1565 227 1599 ipso
237 1565 343 1593 Christo
352 1567 506 1601 episcopum
516 1566 770 1602 Jerosolymitanum
782 1571 958 1598 constitutum

168 1610 260 1638 fuisse.
286 1611 363 1639 Hunc
378 1620 459 1647 porro
479 1613 566 1640 locum
585 1613 768 1650 Hieronymus
788 1623 821 1643 ex
840 1616 959 1646 Eusebio

168 1658 201 1684 ad
220 1658 329 1686 verbum
353 1667 433 1694 perte,
458 1656 489 1687 ut
505 1661 605 1694 passim
629 1661 715 1693 solet,
740 1662 894 1693 transtulit,
913 1663 957 1697 qui

169 1707 257 1730 tamen
274 1711 333 1731 eam
357 1705 442 1740 ipsam
464 1706 619 1740 opinionem
635 1707 661 1733 in
682 1707 753 1734 libro
773 1706 872 1735 Contra
894 1707 958 1736 Hel-

166 1749 266 1776 vidium
288 1755 444 1785 oppugnat,
470 1752 590 1787 duosque
605 1757 727 1780 -tantum
751 1752 868 1781 Jacobos
898 1761 959 1782 esse

167 1794 298 1822 defendit.
311 1795 403 1823 Trium
423 1805 504 1832 porro
525 1797 688 1826 Jacoborum
702 1800 857 1834 opinionem
873 1800 959 1828 Ense:

167 1841 230 1868 bius
251 1849 285 1867 ex
306 1841 425 1876 Origene
442 1847 582 1870 mutuatus
597 1844 725 1872 videtur:
742 1853 803 1872 nam
830 1845 853 1873 is
877 1853 957 1880 quem

167 1886 219 1914 sibi
236 1886 351 1913 alterum
374 1887 434 1921 ejus
450 1888 590 1922 ,op'mionis
610 1894 751 1916 auctorem
767 1891 879 1918 ascribit
905 1892 958 1919 Eu-

166 1932 270 1965 sebius,
291 1932 338 1959 lib.
353 1940 371 1959 ll
392 1932 465 1959 Hist.
478 1934 554 1967 eccl.,
571 1942 631 1969 cap.
646 1935 672 1968 l,
691 1935 818 1971 Clemens
834 1937 958 1965 videlicet
975 1969 980 1970 γ

167 1978 377 2010 Alexandrinus,
393 1978 503 2006 Eusebii
523 1980 668 2007 sententiae
681 1980 852 2013 adversatur,
867 1982 913 2009 δύο
928 1983 956 2009 δὲ

166 2022 445 2057 γεγόνασι-Ἰάκωὸοι,
461 2024 501 2051 sic
525 2023 665 2057 illm-erro
686 2024 805 2056 δίκαιος·
822 2026 914 2062 ἕτερος
930 2028 958 2054 δὲ

166 2069 180 2095 ὁ
195 2069 397 2104 καρατομηθείς
417 2078 424 2096 :
439 2078 455 2095 ,ι
472 2063 530 2097 Duo
544 2073 639 2097 autem
663 2069 755 2099 Jacobi
777 2070 869 2104 fuere;
890 2072 958 2099 alius

165 2112 263 2147 justus,
277 2121 288 2140 ι
312 2114 369 2142 sive
383 2114 488 2148 Minor;
515 2124 524 2140 ι
541 2115 610 2143 alius
628 2115 674 2150 qui
700 2116 790 2150 capite
817 2121 957 2144 truncatus

167 2162 219 2190 est,
231 2168 242 2184 ι
257 2165 304 2185 seu
323 2158 419 2194 Major.
433 2153 488 2187 Nec
506 2159 611 2187 felicius
624 2161 718 2187 eodem
737 2160 816 2193 libro,
836 2169 896 2196 cap.
908 2162 955 2194 25,

1015 246 1054 272 Αι1
1069 245 1141 272 illum
1158 246 1260 273 llesaite
1273 252 1379 272 versum
1392 251 1452 278 cap.
1465 251 1527 271 XLIV
1540 254 1545 271 :
1559 242 1653 277 Οὗτος
1664 245 1740 280 ἐρεῖ·
1753 246 1809 274 Τοῦ

1015 291 1090 319 Θεοῦ
1106 293 1180 326 εἰμι,
1199 292 1247 318 καὶ
1269 289 1358 323 οὗτος
1379 289 1527 323 βοήσεται
1553 290 1602 317 ἐπὶ
1625 290 1665 323 τῷ
1688 291 1808 326 ὀνόματι

1021 337 1137 368 Ἰακὼϐ,
1161 337 1209 364 καὶ
1233 336 1333 370 ἕτερος
1357 335 1514 370 ὲπιτράψει
1542 335 1579 369 τῇ
1605 335 1679 370 χειρὶ
1703 336 1806 364 αὐτοῦ·

1017 383 1072 410 Τοῦ
1089 382 1163 409 Θεοῦ
1178 384 1246 417 ειμι,
1264 382 1313 409 καὶ
1328 381 1377 408 ἐπὶ
1394 381 1434 414 τῷ
1449 382 1572 416 ὀνόματι
1589 382 1712 417 Ἰσραὴλ
1731 382 1808 416 ,Βοή-

1014 436 1114 455 σεταιι
1133 428 1159 455 id
1183 432 1225 455 est
1247 437 1252 454 :
1271 437 1279 453 ι
1295 427 1344 453 llic
1366 427 1437 454 dicet
1453 437 1459 454 ι
1482 428 1528 454 Dei
1547 435 1622 460 smn,
1636 433 1665 455 et
1688 428 1733 455 hic
1753 428 1808 456 cla-

1015 474 1098 501 rnabit
1123 474 1147 501 in
1173 474 1282 501 nomine
1304 473 1402 505 Jacob;
1428 478 1456 500 et
1480 474 1549 501 alius
1571 474 1708 501 describet
1725 482 1807 502 manu

1014 526 1061 546 sua
1076 527 1082 544 :
1097 518 1141 545 Dei
1163 526 1234 551 sum,
1251 523 1278 545 et
1303 518 1329 544 in
1348 518 1458 544 nomine
1474 518 1558 545 Israel
1579 518 1723 552 clamabit;
1741 529 1749 546 ι
1768 520 1808 548 sic

1014 564 1095 591 habet
1113 564 1157 591 ille
1178 573 1184 591 :
1208 563 1352 598 Θαυμάσαι.
1368 563 1397 589 δὲ
1423 563 1498 595 ἐστι,
1523 564 1570 590 καὶ
1597 565 1807 600 καταπλαγῆναι

1013 609 1119 645 ἀληθῶς
1145 609 1195 644 τὴν
1220 608 1274 635 τῶν
1301 609 1477 644 προφητικῶν
1508 609 1594 643 λόγων
1621 610 1745 645 δύναμιν,
1769 610 1808 642 ὡς

1014 657 1103 687 αὐτοῖς
1120 655 1211 691 ἔργοις
1233 655 1267 681 τὰ
1292 655 1498 690 ἀποτελέσματα
1524 655 1742 691 παρειλήφαμεν.
1762 657 1807 683 Ἐν

1013 702 1078 736 γοῦν
1096 703 1150 733 τοῖς
1173 701 1233 727 καθ’
1257 702 1330 736 ἡμᾶς
1357 701 1457 732 αὐτοὺς
1474 701 1641 736 ’γενομένοις
1664 702 1806 737 διωγμοῖς,

1014 748 1127 779 πολλοὺς
1143 747 1197 775 τῶν
1218 747 1373 781 ἀλλοφύλων
1397 747 1680 783 ἐθνῶν-ἐθεασάμεθα,
1701 755 1806 783 προαρ-

1014 793 1148 826 πάζοντας
1170 794 1276 825 ἑαυτοῖς
1292 793 1340 825 τὰς
1360 793 1413 820 τῶν
1438 794 1523 828 ἁγίων
1542 794 1646 829 ἀνδρῶν
1669 802 1806 829 «paci-qvo-

1015 840 1089 874 ρίας’
1112 837 1149 866 ὧν
1170 841 1183 866 ὁ
1207 840 1255 874 μὲν
1274 839 1368 866 ἑαυτὸν
1388 838 1484 865 Ἰακὼῦ
1509 839 1617 871 ἐκάλει,
1645 840 1692 866 καὶ
1714 839 1806 874 ἕτερος

1019 884 1136 921 Ἰσραὴλ,
1166 885 1245 916 ἄλλος
1261 885 1290 911 δὲ
1318 884 1462 920 Ἰερεμίαν,
1490 885 1536 912 καὶ
1559 885 1671 910 Ἡσαΐαν
1693 884 1805 919 ἕτερος,

1013 931 1059 957 καὶ
1087 931 1184 966 Δανιὴλ
1206 931 1286 958 πάλιν
1309 931 1397 963 ἄλλος.
1422 931 1540 957 Τοιαῦτα
1563 930 1628 965 γοῦν
1654 929 1804 965 ἐπιγραφό-

1014 984 1088 1010 μενοι
1124 977 1243 1011 ὀνύματα
1273 976 1319 1002 ἐπὶ
1345 975 1375 1002 τὸ
1410 975 1558 1011 μαρτύριον
1586 975 1633 1002 τοῦ
1661 975 1729 1001 Θεοῦ
1757 976 1806 1002 σὺν

1013 1021 1102 1057 πολλῴ
1117 1022 1212 1057 θάρσει
1227 1022 1273 1048 καὶ
1291 1022 1431 1057 παρῤησίᾳ
1449 1021 1590 1057 παρῄεσαν
1600 1030 1606 1036 ·
1625 1021 1643 1048 ἃ.
1656 1021 1688 1056 δὴ
1705 1021 1806 1056 σημαί-

1011 1074 1093 1094 νουσα
1115 1067 1130 1102 ή
1149 1066 1301 1102 προφητεία
1323 1067 1422 1101 φησιν·
1442 1064 1536 1099 Οὗτος
1558 1066 1626 1099 ἐρεῖ·
1652 1066 1707 1093 Τοῦ
1731 1066 1806 1093 Θεοῦ

1011 1113 1079 1146 εἰμι,
1092 1121 1118 1139 κ.
1133 1121 1157 1138 τ.
1171 1111 1196 1138 λ.
1210 1112 1266 1139 Hoc
1277 1116 1337 1139 est:
1355 1121 1363 1137 ι
1376 1111 1556 1147 Μίνω-ἱξιιιειηε
1571 1112 1644 1139 subit
1657 1111 1806 1146 prophetiae

1011 1159 1065 1185 vim
1084 1164 1109 1185 et
1124 1158 1283 1190 efﬁcaciam,
1299 1163 1326 1185 et
1343 1166 1424 1192 quam
1444 1164 1508 1185 vere
1521 1158 1559 1185 rei
1576 1162 1704 1187 eventum
1716 1157 1805 1184 oculis

1011 1203 1224 1238 perceperirnus.
1249 1202 1316 1229 Nam
1332 1202 1357 1228 in
1376 1201 1611 1237 persecutionibus
1625 1205 1718 1234 nostro
1736 1206 1804 1228 tem-

1012 1256 1077 1283 pore
1091 1248 1247 1280 concitatis,
1260 1247 1359 1274 multos
1381 1254 1413 1274 ex
1432 1240 1594 1281 alienigenis
1616 1246 1741 1280 gentibus
1765 1246 1806 1272 vi-

1011 1294 1111 1326 dimus,
1136 1294 1181 1328 qui
1210 1299 1367 1322 sanctorum
1397 1293 1519 1320 virorum
1547 1293 1658 1319 nomina
1688 1299 1805 1325 usurpa-

1010 1339 1090 1372 bant;
1109 1339 1178 1367 alius
1194 1340 1294 1374 quippe
1309 1346 1369 1366 sese
1391 1338 1523 1366 Jacobum
1546 1337 1714 1372 appellabat;
1735 1339 1805 1366 alius

1010 1386 1150 1419 lsraelem,
1167 1386 1237 1413 alius
1260 1385 1424 1420 Jeremiam;
1449 1385 1492 1412 hic
1511 1384 1650 1416 llesaiatn,
1675 1384 1728 1411 iste
1747 1383 1803 1411 Da-

1011 1431 1121 1459 nielent.
1149 1431 1255 1459 Etenim
1282 1432 1323 1458 his
1351 1431 1402 1458 sibi
1430 1430 1556 1465 ascriptis
1584 1429 1749 1462 nominibus,
1766 1429 1802 1456 ad

1012 1477 1170 1512 martyrium
1204 1484 1252 1512 pro
1279 1477 1333 1504 Deo
1362 1475 1533 1503 subeundum
1565 1482 1626 1502 cum
1654 1474 1752 1501 ﬁducia
1776 1479 1805 1502 et

1012 1523 1164 1551 constantia
1181 1523 1357 1550 accedebant.
1371 1521 1435 1554 Quae
1454 1521 1593 1556 prophetia
1607 1520 1721 1554 indicat,
1737 1520 1801 1547 drtm

1012 1569 1050 1597 ait
1075 1579 1080 1596 :
1106 1569 1156 1595 Hic
1171 1569 1237 1595 dicet
1254 1576 1262 1594 :
1278 1568 1325 1595 Dei
1342 1575 1415 1600 sum,
1433 1572 1483 1594 etc.
1510 1577 1520 1593 ι

1065 1615 1094 1640 ν.
1110 1613 1252 1645 Principum
1263 1614 1416 1638 saecularium
1429 1619 1488 1644 erga
1502 1612 1638 1637 Ecclesiam
1655 1613 1743 1643 pietas.

1046 1655 1077 1683 ln
1105 1656 1177 1683 hunc
1204 1663 1311 1683 versum
1341 1662 1401 1690 cap.
1428 1661 1491 1682 χιιι
1510 1664 1516 1682 ;
1533 1664 1542 1680 ι
1561 1655 1594 1681 Et.
1619 1659 1700 1682 erunt
1725 1661 1803 1689 reges

1010 1702 1116 1729 nutritii
1135 1701 1187 1734 tui,
1205 1706 1232 1729 et
1257 1701 1357 1736 reginae
1376 1701 1498 1728 nutrices
1522 1705 1593 1733 tuae,
1607 1709 1616 1726 I
1640 1700 1698 1727 hac
1719 1700 1803 1727 habet

1010 1747 1144 1776 Eusebius
1163 1752 1313 1775 memoratu
1342 1747 1422 1781 plane
1447 1746 1549 1781 digna:
1571 1755 1580 1772 ι
1595 1746 1672 1779 Quod
1695 1746 1728 1774 ad
1753 1747 1800 1774 lit-

1012 1798 1097 1821 teram
1116 1793 1256 1829 impletum
1283 1793 1349 1828 ipsis
1368 1792 1456 1829 oculis
1469 1793 1618 1826 cernimus,
1637 1793 1699 1820 dum
1720 1792 1739 1820 ii
1755 1792 1802 1826 qui

1009 1846 1166 1874 supremum
1194 1839 1339 1874 imperium
1358 1838 1494 1872 obtinent,
1518 1838 1686 1871 Ecclesiam,
1711 1839 1801 1865 nutri-

1010 1885 1108 1912 tiorurn
1126 1885 1354 1920 instar,.gestant
1368 1888 1396 1911 et
1415 1884 1529 1912 fovent:
1548 1892 1581 1911 ac
1606 1884 1707 1918 regina:
1731 1891 1800 1918 gen-

1010 1929 1086 1961 tium,
1103 1929 1128 1956 id
1147 1932 1198 1961 est,
1219 1928 1387 1962 singularum
1411 1928 1530 1962 gentium
1554 1932 1580 1956 et
1597 1928 1800 1962 provinciarum

1009 1977 1197 2011 magistratus,
1220 1982 1338 2009 superno
1358 1975 1414 2009 regi
1441 1975 1646 2008 ministrantes,
1670 1979 1800 2011 tanquam

1009 2021 1140 2052 nutrices,
1169 2019 1334 2055 pauperibus
1364 2019 1493 2047 Ecclesia:
1521 2020 1698 2056 imperatorio
1731 2025 1800 2049 nutu

1008 2073 1141 2094 annonam
1166 2065 1361 2100 suppeditant:
1378 2073 1463 2100 quare
1484 2066 1604 2093 nutrices
1621 2066 1680 2101 ejus
1700 2073 1802 2094 vocan-

1009 2115 1068 2144 tur;
1083 2111 1140 2138 sive
1153 2111 1300 2138 secundum
1311 2109 1515 2147 Symmachum,
1527 2120 1536 2136 ‹
1550 2110 1592 2138 Iac
1605 2111 1775 2146 praebentes;
1787 2121 1799 2139 ι

1008 2157 1047 2184 sic
1069 2157 1140 2184 enim
1157 2156 1240 2184 habet
1267 2165 1274 2183 :
1298 2156 1331 2182 Et
1353 2156 1449 2191 reginae
1469 2165 1560 2183 eorum
1577 2157 1618 2184 lac
1636 2153 1799 2187 lambebant.

168 2202 347 2239 Hegesippum
360 2208 389 2230 ut
403 2203 453 2231 sibi
470 2204 662 2239 astipulantem
675 2204 763 2233 aﬂ‘ert.
780 2204 825 2232 Ille
840 2214 957 2241 namque
974 2207 995 2234 l)
1010 2203 1077 2236 Qtlis
1091 2207 1180 2230 amem
1207 2206 1370 2230 memoratos
1393 2202 1534 2236 Pm‘reClOS
1559 2211 1674 2232 cernens
1703 2205 1730 2232 in
1754 2212 1802 2233 eo-

165 2246 296 2276 Jacohum
319 2249 427 2284 quidem
451 2256 512 2277 cum
535 2250 665 2285 apostolis
683 2250 833 2279 Ecclesiam
849 2251 958 2280 Jeroso-

168 2295 323 2330 lymitanam
341 2296 444 2324 rexisse
467 2296 522 2328 ait,
544 2304 595 2325 nec
613 2298 673 2325 ideo
698 2302 786 2325 tamen
811 2299 898 2333 ipsum
923 2307 956 2327 ex

169 2341 204 2367 12
221 2342 402 2375 apostolorum
425 2350 539 2370 numero
561 2350 614 2370 non
638 2343 733 2377 fuisse,
754 2344 798 2372 vel
825 2345 956 2378 declarat,

168 2385 210 2412 vel
228 2386 323 2414 innuit.
339 2386 415 2420 Quod
436 2395 500 2416 vero
517 2389 543 2416 in
558 2386 775 2418 Commentariis
792 2390 819 2417 in
833 2390 957 2419 Psalrnos

139 2454 142 2458 .
168 2430 208 2457 ait
232 2430 373 2464 Eusebius,
388 2433 460 2460 haud
477 2433 587 2462 diﬂicile
605 2442 665 2462 esse
687 2434 820 2474 cujusque
846 2441 956 2470 aposto-

168 2474 257 2502 lorum
282 2475 379 2502 tribum
405 2478 560 2512 assignare,
582 2479 626 2506 hic
650 2479 814 2511 confirmare
839 2480 955 2514 videtur,

169 2520 233 2547 dum
254 2520 293 2547 ait
318 2520 414 2548 Judam
446 2523 597 2557 apostolum
623 2524 791 2558 proditorem
821 2532 854 2552 ex
885 2526 957 2553 tribu

168 2565 298 2599 Ephraim
314 2565 410 2593 fuisse.

240 2623 280 2647 IV.
296 2623 434 2653 Singularis
446 2623 543 2650 Eusebii
554 2626 585 2659 de
598 2627 745 2657 martyribus
756 2629 872 2653 narratio.

205 2664 350 2698 Singulare
375 2671 488 2698 prorsus
509 2672 550 2693 est
571 2667 642 2701 quod
662 2668 744 2696 habet
768 2669 902 2699 Eusebius
924 2670 957 2697 de

169 2710 202 2737 iis
226 2711 288 2745 qui,
310 2718 344 2738 ex
360 2710 508 2744 gentilibus
523 2713 555 2740 ad
574 2713 651 2741 fidem
677 2715 817 2747 conversi,
834 2716 866 2742 ad
883 2723 956 2742 mar-

169 2756 267 2791 tyrium
291 2756 474 2789 accedebant;
499 2759 570 2791 quod
585 2761 698 2794 scilicet,
716 2761 834 2796 propriis
860 2761 957 2796 positis

170 2800 333 2834 nominibus,
347 2802 499 2837 priscorum
517 2805 734 2838 patriarcharum
757 2811 785 2833 et
807 2807 955 2841 propheta-

170 2852 229 2873 rum
249 2848 392 2879 vocabula,
416 2849 448 2876 ad
472 2856 567 2877 necent
585 2857 633 2878 oro
655 2851 764 2880 Christo
790 2852 956 2881 subeundam

1009 2248 1090 2275 clesia
1109 2248 1155 2275 Dei
1171 2255 1258 2282 genua
1280 2246 1400 2279 ﬂectere,
1415 2255 1448 2275 ac
1465 2248 1493 2274 in
1508 2248 1628 2276 frontem
1644 2249 1721 2277 humi
1740 2258 1800 2286 pro-

1009 2292 1153 2325 cumbere,
1176 2299 1228 2319 non
1260 2292 1377 2319 fateatur
1403 2292 1473 2321 hanc
1500 2295 1669 2328 prophetiam
1698 2295 1733 2323 ad
1754 2296 1798 2324 lit-

1010 2342 1093 2364 teram
1117 2338 1279 2372 completam
1306 2347 1384 2372 esse,
1409 2348 1461 2375 qua
1485 2340 1586 2368 diserte
1610 2341 1666 2369 ait:
1681 2351 1692 2368 ι
1711 2341 1800 2378 Super

1009 2384 1105 2411 faciem
1118 2388 1196 2411 terra:
1209 2385 1361 2412 adorabunt
1373 2390 1410 2418 te,
1424 2391 1451 2413 et
1470 2387 1606 2421 pulverem
1633 2387 1799 2422 pedumtuo-

1013 2438 1073 2457 rurn
1087 2430 1216 2465 lingent.»
1235 2430 1283 2459 Ubi
1297 2431 1372 2459 vides
1387 2432 1451 2459 item
1467 2440 1572 2461 morem
1588 2433 1798 2468 genuﬂectendi,

1009 2483 1041 2504 ac
1055 2476 1082 2502 in
1100 2481 1200 2503 terram
1219 2478 1425 2511 procumbendi,
1444 2478 1488 2506 hic
1504 2485 1533 2506 ut
1549 2480 1575 2507 in
1590 2479 1798 2508 Commentariis

1009 2520 1035 2548 in
1059 2520 1182 2548 Psalrnos
1198 2521 1351 2556 praedicari.

1365 2567 1378 2602 θ
1400 2567 1444 2595 ιιι.

1008 2611 1029 2638 l.
1048 2611 1201 2647 Detuemus
1225 2611 1390 2638 Judmorum.
1408 2612 1439 2639 ll.
1459 2612 1496 2638 De
1513 2612 1672 2647 patriarcjris
1687 2617 1711 2638 et
1734 2621 1799 2647 αρυ-

1043 2646 1118 2672 alolis
1144 2647 1214 2680 apud
1235 2646 1354 2673 Iudicas.
1386 2647 1429 2673 lll.
1454 2647 1582 2673 Eusebius
1610 2645 1722 2674 Hebrwo
1748 2645 1799 2675 iia-

1043 2686 1113 2750 ῖιονε
1133 2686 1171 2707 εει
1188 2689 1261 2708 usus.
1278 2681 1321 2708 ιν.
1336 2682 1388 2710 Ait.
1400 2686 1496 2708 terram
1513 2689 1564 2707 non
1587 2689 1642 2708 esse
1669 2683 1799 2718 rpltwrica

1056 2723 1139 2742 arma.

1224 2761 1243 2786 l.
1261 2761 1414 2787 Deutoroses
1429 2761 1579 2787 Judseorum.

1044 2803 1152 2832 Iudaeos
1171 2811 1329 2840 plerumque
1347 2804 1504 2838 insectatur,
1519 2806 1576 2840 qui,
1590 2807 1703 2835 dimisso
1721 2807 1797 2835 Seri-

1009 2855 1151 2886 pturarum
1170 2859 1234 2879 vero
1261 2850 1378 2884 tramite,
1398 2859 1407 2877 ι
1423 2850 1558 2881 fabulosas
1585 2853 1741 2883 dcuteroses
1763 2855 1796 2882 ad
