2059 3215
295 154 330 180 81
638 153 772 183 EUSEBII
791 153 1031 184 CESARIENSIS
1050 154 1126 182 OPP.
1149 154 1238 183 PARS
1256 154 1301 182 ΙΙΙ.
1322 171 1357 176 -
1375 155 1581 186 EXEGETICA.
1889 162 1924 190 88

295 212 420 240 lectionis
435 212 645 247 explicationem
662 213 833 240 adhiberent.
849 213 980 240 Doctores
995 219 1084 239 atuem
1099 215 1122 244 Α
1137 211 1242 259 videtur
1259 213 1424 259 Epiphanius
1440 214 1506 242 harr.
1521 223 1619 248 xxxm,
1635 224 1710 244 num.
1724 219 1758 245 ιε
1775 220 1861 252 οὗτος
1869 220 1923 259 γὰρ

294 250 425 291 ipsorum',
438 258 483 293 qui
505 258 656 285 doctrinam
683 258 916 293 cauponsbantur,
936 265 951 286 c
968 266 996 286 re
1018 266 1083 286 cau-

293 310 376 336 pones
390 302 455 330 dicti
472 307 555 330 sunt:
573 303 618 337 qui
635 303 726 330 vinum
744 311 812 337 aqua
835 304 997 334 miscebant,
1018 304 1081 331 dum

291 355 418 375 sermone
441 348 468 375 in
487 356 584 383 aquam
610 348 739 381 resoluto,
760 355 862 376 meram
883 353 910 376 et
926 349 1080 376 restrictum

290 394 445 421 divinarum
472 393 675 428 Scripturarum
707 400 846 426 mentem,
872 401 921 429 per
940 401 1080 422 commen-

292 437 364 465 titi'as
393 446 458 467 suas
492 440 651 468 deutcmses
683 439 827 467 imdarcnt.
845 448 854 465 ι
884 439 967 466 Erant
998 447 1080 473 porro

289 485 462 517 deuteroses,
488 485 545 512 sive
569 485 695 512 secundae
723 486 900 519 traditiones,
930 485 1079 520 Epiphanio

290 533 358 556 teste
373 530 440 557 har.
455 537 552 561 xxxnt,
570 537 596 556 η.
610 530 637 562 9,
652 529 835 564 quadruplicis
847 531 968 564 generis;
984 531 1078 565 prima:

290 573 390 606 Hoysis
408 574 518 601 nomine
536 574 818 607 circumferebantur;
839 575 966 602 secunda:
991 575 1077 602 Rabbi

289 615 408 648 ames;
424 616 509 642 tertiae
523 616 618 649 Μαίη,
651 616 709 643 sive
726 616 818 649 Judm;
837 621 940 651 quar'aa
959 617 1077 644 ﬁliorum

285 661 449 689 Assamomei
472 666 561 689 erant.
577 661 748 690 Traditiones
768 661 828 689 illas
846 662 952 690 Hebraei
978 667 1077 691 vocant

283 710 378 740 tum,
395 707 495 740 Mima,
509 708 582 742 quod
608 707 678 735 idem
698 713 777 735 sonat
793 713 875 743 atque
890 709 1005 736 secunda
1024 714 1077 736 tra-

283 753 416 791 άὶιὶοδΛη
432 761 514 789 porro
528 754 580 782 illa:
594 754 628 781 ab
644 754 765 789 antiquis
783 755 899 782 laudata:
917 755 1075 784 traditiones

284 799 384 831 eaedem
413 804 495 833 atque
522 800 660 828 hodierna:
687 801 758 834 sint,
787 802 939 829 edissercre
961 809 1015 830 non
1031 807 1074 830 est

284 844 400 872 instituti
422 846 518 873 nostri.

376 900 407 926 ll.
419 901 456 926 De
471 903 616 933 patriarcbis
628 906 655 927 et
668 904 785 934 apostolis
797 905 861 935 apud
872 905 978 930 Iudaeos.

316 942 392 975 Quod
417 944 451 970 ad
477 944 648 979 patriarchas
668 944 842 977 Judmorum,
867 954 928 981 qua;
953 946 1071 982 dignitas

281 988 390 1015 nonnisi
412 993 472 1023 post
491 990 566 1017 urbis
585 990 721 1017 excidium
738 995 866 1026 usurpata
889 996 1010 1026 putatur,
1026 999 1071 1019 eo-

279 1041 339 1062 rum
365 1037 532 1064 mentionem
559 1037 625 1065 facit
652 1038 785 1066 Eusebius
808 1039 840 1065 ad
860 1043 941 1073 caput
965 1039 1070 1066 liesaia:

277 1085 318 1110 nt,
333 1087 358 1107 v.
372 1081 398 1111 4.
417 1082 459 1109 his
481 1076 589 1110 verbis:
604 1083 652 1114 Τις
672 1081 719 1110 οὖν
733 1084 804 1120 ὁρῶν
824 1085 888 1116 τοὺς
910 1085 985 1121 παρὰ
1004 1086 1070 1112 Ἰου-

276 1124 361 1156 δαίοις
381 1126 599 1163 ὀνομαζομένους
619 1130 806 1165 πατριάρχας,
825 1130 984 1163 νεανίσκους
1003 1131 1069 1167 ἀλη-

275 1169 339 1202 θῶς,
354 1171 385 1197 οὐ
399 1172 448 1206 τὴν
464 1173 518 1200 τῶν
536 1174 671 1208 σωμάτων
684 1175 804 1210 ἠλικίαν.
823 1176 891 1203 ἀλλὰ
907 1177 957 1208 τὰς
979 1177 1068 1213 ψυχὰς

275 1215 390 1248 ἀτελεῖς,
409 1218 456 1243 καὶ
470 1218 572 1253 ἐνδεεῖς.
587 1220 710 1253 φρενῶν;
727 1220 791 1252 τούς
810 1229 839 1247 τε
854 1221 964 1252 λοιποὺς
977 1222 1067 1248 αὐτῶν

275 1260 461 1293 διδασκάλους,
480 1263 530 1289 οὐκ
546 1263 579 1290 ἂν
594 1264 665 1291 εἴποι
683 1266 837 1301 ὲμπαὶκτας
853 1266 936 1300 εἶναι,
959 1268 1006 1294 καὶ
1020 1267 1067 1300 οὓς

274 1304 290 1337 ἡ
306 1305 460 1340 προφητεία
472 1306 584 1342 ὲδήλου;
602 1308 628 1335 ld
643 1313 684 1336 est
700 1319 706 1336 :
724 1319 733 1335 ι
747 1310 814 1342 Quis
834 1317 899 1346 ergo
912 1312 1066 1346 conspectis

274 1349 347 1381 illis.
373 1350 418 1385 qui
443 1353 513 1386 apud
535 1353 642 1382 Judzeos
669 1355 831 1390 patriarchas
854 1360 1072 1390 vocsntur,_eos'

274 1402 327 1422 non
342 1403 473 1430 corporea
494 1402 610 1432 statura,
624 1400 672 1427 sed
689 1401 772 1428 animi
794 1401 1013 1437 imperfectione,
1032 1412 1065 1433 ac

273 1441 372 1468 mentis
397 1442 563 1478 indigentia,
587 1452 650 1472 vere
674 1438 772 1481 pueros
795 1454 848 1475 non
875 1454 971 1482 vocet;
996 1450 1062 1478 reli—

272 1494 394 1520 quosque
407 1494 500 1515 eorum
515 1490 651 1524 doctores,
676 1499 729 1519 non
747 1493 822 1520 dicat
837 1501 897 1522 esse
912 1495 1061 1529 derisores,

271 1530 364 1564 quales
379 1533 520 1567 prophetia
541 1534 658 1563 indicat?
671 1546 681 1563 ι
699 1537 784 1564 Erant
798 1546 880 1573 porro
899 1541 1063 1575 patriarchae

271 1576 409 1612 principes
421 1578 542 1607 Iudaica:
555 1582 653 1615 gentis,
671 1586 738 1611 teste
751 1583 902 1619 Epiphanio
914 1587 980 1615 haer.
995 1596 1060 1621 xxx,

271 1631 346 1650 num.
359 1624 387 1656 4,
402 1629 427 1651 et
445 1625 546 1653 Codice
568 1627 757 1657 Theodosiano
773 1630 791 1657 l.
807 1638 864 1664 xvr,
883 1633 924 1660 tit.
939 1633 966 1661 8.
984 1633 1062 1663 Hunc

270 1675 335 1696 vero
362 1670 472 1698 Eusebii
499 1671 588 1699 locum
612 1673 652 1701 sic
676 1676 804 1710 exprimit
827 1676 1010 1713 Hieronymus
1034 1680 1060 1707 in

270 1715 394 1742 eumdem
420 1717 583 1745 versiculum
603 1728 610 1746 :
628 1728 637 1744 ι
653 1719 863 1750 Consideremus
889 1725 1061 1758 patriarchas

269 1760 436 1795 Judaeorum,
450 1768 477 1791 et
490 1759 614 1799 juvenes.
633 1767 691 1794 sive
706 1769 1060 1808 pueros,,eﬂ‘eminatos'que

268 1814 300 1833 ac
315 1807 420 1836 deliciis
438 1809 588 1844 affluentes.
603 1817 631 1840 ct
652 1813 789 1848 impletam
813 1817 983 1852 prophetiam
999 1807 1060 1847 esse

267 1859 429 1887 cernemus;
447 1865 456 1882 ι
477 1856 504 1883 id
529 1865 562 1884 ex
580 1858 709 1891 Eusebio,
736 1865 765 1887 ut
790 1866 824 1889 et.
841 1862 970 1898 pleraque
993 1865 1058 1899 alia,

268 1903 418 1927 mutuatus.
433 1901 472 1928 De
487 1903 618 1937 apostolis
633 1903 696 1931 item
714 1904 869 1934 Judmornm
890 1909 972 1936 verba
993 1910 1059 1938 facit

265 1941 398 1971 Eusebius
417 1947 450 1972 ad
471 1952 650 1982 caput.xvtn,
665 1950 732 1984 v.1,
752 1951 791 1977 '0-
803 1952 1004 1981 ἀποστέλλων
1023 1955 1059 1982 ὲν

265 1987 407 2023 θαλάσσῃ
425 1990 536 2025 ὅμηρα·
555 1994 582 2020 id
598 2000 641 2021 cst
657 2005 663 2023 :
682 2005 690 2021 ι
706 1997 755 2029 Qui
772 1998 855 2025 mittit
870 1998 905 2025 'in
919 2006 994 2027 mare
1008 1996 1058 2028 ob;

265 2033 358 2060 sides:
374 2042 384 2058 ι
409 2035 453 2061 ubi
479 2036 659 2072 Symmachus
682 2040 775 2072 vertit,
798 2041 972 2070 ἀποστέλλων
990 2044 1057 2071 ἀπο-

264 2077 373 2109 στόλους
385 2079 414 2106 ὲν
424 2079 557 2117 θαλάσσῃ·
571 2091 581 2108 ι
593 2083 644 2116 Qui
659 2085 741 2111 mittit
753 2086 890 2120 apostolos
900 2087 926 2114 in
941 2096 1031 2122 mare;
1045 2098 1054 2115 ι

263 2122 321 2162 luce
334 2124 406 2155 enim
420 2125 512 2158 adjicit
527 2136 536 2154 :
546 2127 581 2153 Οἵ
599 2137 629 2154 τε
643 2129 786 2157 ἀπόστολοι
801 2131 901 2164 αὐτῶν,
914 2132 1057 2166 ἐπιστολὰς
1073 2153 1075 2155 ι

264 2167 384 2203 βιῦλίνας
400 2171 585 2208 κομιζόμενοι,
601 2174 729 2211 ὑπεράνω
746 2184 776 2202 τε
793 2176 848 2204 τῶν
865 2177 968 2205 ὑδάτων
991 2187 1055 2205 ναυ-

261 2212 426 2249 τιλλόμενοι,
447 2216 495 2243 καὶ
527 2217 576 2253 τὴν
603 2219 740 2247 θάλασσαν
763 2221 942 2256 ἐμπλέοντες,
965 2224 1053 2251 ἀπαν-

261 2259 344 2294 ταχοῦ
367 2261 419 2296 γῆς
443 2262 590 2298 διέτρεχον,
613 2265 659 2291 τὸν
682 2266 746 2301 περὶ
761 2266 808 2292 τοῦ
829 2267 955 2303 Σωτῆρος
974 2269 1053 2304 ἡμῶν

261 2304 478 2340 ἱνδιαὸάλλοντες
501 2309 589 2344 λόγον.
611 2312 788 2345 Ἀποστόλους
800 2314 828 2340 δὲ
843 2315 926 2341 εἰσέτι
943 2316 991 2342 καὶ
1004 2317 1052 2344 νῦν

260 2349 320 2382 ἔθος
340 2352 415 2379 ἐστὶν
440 2354 578 2387 Ἰουδαίοις
601 2357 744 2392 ὀνομάζειν
776 2359 839 2390 τοὺς
857 2359 892 2386 τὰ
918 2360 1051 2394 ἐγκύκλια

258 2397 411 2443 γράμματα
435 2401 511 2437 παρὰ
536 2402 590 2429 τῶν
611 2403 751 2439 ἀρχόντων
779 2405 868 2433 αὐτῶν
892 2407 1050 2443 ἐπικομιζο-

264 2441 369 2488 μένους.
392 2443 449 2473 Hoc
473 2452 516 2474 est
543 2456 550 2475 :
577 2448 777 2484 «Apo'stolique
788 2458 896 2486 eorum,
921 2441 1050 2488 epistolas

260 2486 376 2517 hiblinas
393 2490 561 2526 deierantes,
581 2501 614 2521 ac
629 2502 709 2529 supra
724 2496 835 2524 dorsum
858 2486 1000 2532 aquarum,
1021 2504 1050 2528 et

258 2534 286 2560 in
304 2536 372 2563 mari
385 2537 557 2572 navigantes,
582 2539 682 2574 ubique
700 2545 832 2570 terrarum
849 2543 1048 2580 discurrebant,

256 2586 409 2609 sermonem
435 2583 471 2611 de
499 2582 646 2613 Servatore
679 2591 774 2614 nostro
799 2589 944 2617 calumniis
971 2590 1047 2618 velli-

255 2624 357 2654 cantes.
371 2627 512 2663 Apostolos
525 2637 591 2658 vero
605 2631 687 2660 etiam
703 2640 773 2661 nunc
791 2634 874 2662 ἰυάωί
891 2642 1048 2670 nuncupare

256 2671 345 2698 solent
362 2680 419 2706 eos,
444 2675 490 2709 qui
519 2676 668 2705 circulares
692 2679 845 2714 principum
867 2688 976 2708 suorum
1002 2681 1065 2709 Iit-.

256 2720 329 2742 teras
345 2717 556 2755 circumquaque
570 2719 722 2750 deferunt.»
736 2724 798 2752 llzec
815 2734 895 2760 porro
910 2732 1044 2761 postrema

253 2761 348 2793 verba,
363 2762 529 2798 ἀποστόλους
550 2767 578 2794 δὲ
601 2769 684 2795 εἰσέτι
707 2770 754 2796 καὶ
776 2770 833 2804 νῦν,
844 2776 913 2805 etc.,
929 2774 1044 2808 ascripta

255 2805 339 2834 babes
350 2809 419 2841 apud
431 2809 636 2846 (Ecttmenium,
647 2814 682 2840 ad
696 2814 842 2848 Epistolam
854 2818 888 2844 ad
900 2805 1042 2846 Romanos.

253 2850 292 2878 De
317 2853 446 2888 apostolis
471 2855 624 2886 Juds'orum
661 2859 769 2894 paulum
802 2862 906 2891 diversa
935 2864 1043 2893 tradere

1133 257 1146 282 ὁ
1168 256 1297 292 Ἰώσηπος
1322 258 1374 283 τῶν
1401 259 1467 293 παρ’
1481 259 1574 290 αὐτοῖς
1598 258 1790 295 ἀξιωματικῶν
1817 256 1924 299 ἀνδρῶν

1132 302 1287 337 ἐναρίθμιος
1311 300 1353 338 ἦν.
1370 303 1429 329 Εἰσὶ
1452 303 1479 330 δὲ
1497 301 1568 331 οὗτοι
1590 305 1658 340 μετὰ
1680 306 1733 332 τὸν·
1749 308 1923 348 πατριάρχῃν

1132 347 1273 374 ἀπόστολοι
1305 347 1481 383 καλούμενοι·
1507 350 1718 387 προσεδρεύουσι
1743 351 1772 379 δὲ
1799 347 1921 389 nam

1131 393 1258 429 τριάρχῃ,
1275 393 1322 419 καὶ
1339 394 1386 420 σὺν
1407 394 1481 429 αὐτῷ
1503 395 1642 428 πολλάκις,
1659 397 1705 423 καὶ
1727 398 1756 424 ὲν
1775 399 1852 426 νυκτὶ
1871 398 1920 427 καὶ

1130 439 1158 465 ἐν
1179 440 1278 475 ἡμέρᾳ,
1304 440 1421 474 συνεχῶς
1445 440 1584 475 διάγουσι,
1608 441 1652 469 διὰ
1670 442 1701 469 τὸ
1723 444 1918 479 συμϐουλεύειν

1129 486 1176 511 καὶ
1201 485 1346 520 ἀναφέρειν
1378 485 1451 521 αὐτῷ
1475 485 1509 512 τὰ
1532 486 1602 513 κατὰ
1625 487 1670 514 τὸν
1697 488 1789 524 νόμον.
1808 488 1836 516 id
1859 494 1916 518 est:

1132 540 1141 556 ι
1158 531 1262 567 Etenim
1288 531 1331 558 hic
1361 532 1417 565 ipse
1442 531 1575 566 Josephus
1599 533 1670 560 inter
1690 534 1821 568 dignitate
1849 543 1917 570 pra-

1128 580 1231 603 stantes
1255 576 1328 602 viros
1362 584 1443 611 penes
1471 576 1575 605 ludmos
1604 579 1825 606 numerabatur:
1849 587 1918 614 quos

1127 627 1188 657 post
1208 622 1389 656 patriarcham
1411 623 1546 657 apostolos
1565 624 1715 651 nominant.
1736 625 1864 654 Assident
1887 627 1916 655 hi

1127 665 1299 699 patriarchae,
1314 670 1341 692 et
1366 672 1427 692 cum
1451 673 1484 693 eo
1509 666 1607 701 smpius
1630 668 1676 695 diu
1696 672 1831 705 noctuque
1853 678 1916 698 ver-

1126 714 1220 737 santur
1233 719 1240 737 :
1255 711 1326 745 quod
1350 711 1436 738 eidem
1455 719 1469 738 a
1487 712 1609 740 consiliis
1626 713 1694 746 sint,
1715 718 1743 741 et
1765 714 1800 742 de
1821 715 1854 742 iis
1871 723 1917 744 re-

1125 755 1230 787 ferant,
1254 763 1313 790 qua:
1338 756 1370 783 ad
1390 756 1473 792 legem
1502 757 1639 792 pertinere
1658 758 1814 787 videntur.»
1838 759 1912 794 Quos

1125 802 1206 837 igitur
1230 803 1263 829 ad
1290 802 1396 830 litteras
1418 803 1489 831 ultro
1513 804 1639 839 citroque
1664 805 1788 833 ferendas
1812 806 1917 834 consti-

1125 852 1196 874 tutos
1213 849 1251 874 ait
1275 847 1424 880 Eusebius,
1449 849 1558 876 eosdem
1582 854 1688 883 contra,
1715 855 1794 878 noctu
1814 851 1913 886 diuque

1086 889 1110 918 B
1126 898 1215 920 astare
1240 894 1412 928 patriarchas,
1437 894 1542 929 ipsique
1562 902 1576 921 a
1597 895 1719 923 consiliis
1735 904 1796 925 esse
1821 902 1914 925 narrat

1122 939 1300 974 Epiphanius.
1329 939 1427 967 Verum
1455 940 1563 968 Eusebii
1588 942 1732 976 explicatio
1759 950 1820 970 cum
1847 952 1914 972 voce

1123 983 1286 1016 ἀπόστολος,
1309 984 1335 1011 id
1363 989 1404 1012 est
1428 986 1534 1019 minus,
1560 988 1646 1022 magis
1671 989 1808 1016 consentit
1831 998 1838 1016 :
1865 991 1910 1017 cui

1120 1029 1219 1056 accinit
1229 1029 1319 1057 Codex
1332 1030 1535 1059 Theodosianus
1544 1032 1581 1059 De
1597 1031 1711 1065 Judwix,
1730 1033 1777 1063 lib.
1791 1042 1847 1068 xlv,
1864 1035 1910 1070 qui

1120 1074 1159 1101 sic
1176 1075 1257 1102 habet
1271 1084 1277 1102 :
1299 1085 1308 1101 ι
1324 1075 1541 1110 Superstitionis,
1559 1077 1661 1111 inquit,
1676 1077 1790 1112 indignae
1806 1084 1864 1112 est,
1882 1085 1912 1108 ut

1119 1119 1334 1155 archisynagogi.
1350 1121 1406 1148 sive
1429 1122 1578 1156 presbyteri
1603 1121 1766 1156 Judzeornm,
1779 1124 1820 1151 vel
1842 1132 1911 1159 quos

1119 1163 1170 1199 ipsi
1195 1165 1332 1200 apostolos
1359 1171 1471 1199 vocant,
1493 1168 1538 1202 qui
1567 1168 1599 1195 ad
1624 1169 1784 1203 exigendum
1811 1176 1907 1203 surum

1118 1213 1198 1243 atque
1221 1214 1372 1244 argentum,
1386 1218 1401 1237 a
1421 1211 1574 1245 patriarcha
1598 1217 1672 1240 certo
1695 1217 1816 1249 tempore
1838 1214 1906 1242 diri-

1117 1259 1224 1289 guntur,
1246 1263 1260 1282 a
1280 1256 1393 1292 singulis
1410 1262 1532 1285 exactam
1555 1266 1688 1286 summam
1710 1265 1794 1295 atque
1813 1267 1906 1289 susce-

1117 1304 1200 1334 ptam.
1225 1301 1256 1328 ad
1275 1302 1398 1330 eumdem
1415 1307 1564 1338 reportent.
1582 1313 1593 1330 ι
1616 1303 1669 1332 Sed
1685 1305 1801 1334 fortasse
1818 1307 1911 1335 conci-

1116 1344 1212 1372 lientur
1235 1347 1385 1381 Opiniones.
1407 1348 1430 1376 si
1451 1349 1582 1381 dicamus,
1603 1350 1740 1384 apostolos
1754 1349 1908 1380 Iudaeorum

1116 1393 1259 1424 atrumque
1274 1392 1434 1426 praestitisse
1448 1401 1560 1428 munus;
1580 1398 1609 1421 ut
1625 1395 1729 1423 scilicet
1743 1397 1906 1431 patriarchae

1114 1435 1275 1470 assiderent,
1290 1444 1322 1465 ac
1336 1438 1395 1473 ejus
1412 1438 1489 1473 iussa
1505 1444 1532 1467 et
1547 1439 1677 1475 epistolas
1691 1441 1764 1469 ultro
1781 1442 1906 1478 citroque

1116 1479 1264 1508 deferrent.

1242 1555 1285 1581 ili.
1299 1556 1423 1582 Eusebius
1434 1557 1540 1583 Hebraeo
1551 1559 1651 1585 doctore
1663 1563 1701 1586 est
1712 1567 1779 1586 usus.

1148 1629 1188 1657 Ad
1203 1635 1284 1665 caput
1299 1638 1364 1659 vero
1378 1639 1394 1657 v
1409 1632 1448 1659 ait
1462 1631 1641 1668 Judaeos,vqui
1657 1634 1691 1662 ab
1711 1635 1854 1663 atheorum
1875 1641 1905 1664 et

1113 1674 1315 1703 idololatrarum
1329 1676 1468 1704 consortio
1479 1677 1590 1706 mini-ne
1605 1679 1798 1712 abhorrebant,
1815 1680 1903 1708 solum

1112 1719 1329 1748 Christianorum
1346 1722 1553 1750 contubernium
1569 1725 1712 1758 aversari,
1733 1725 1837 1760 piaeque
1860 1733 1905 1753 re-

1111 1764 1222 1801 ligionis
1245 1766 1363 1794 cultores
1382 1768 1483 1802 ubique
1499 1767 1599 1803 pellere
1613 1773 1641 1797 et
1665 1777 1774 1798 vexare.
1794 1770 1850 1798 Nec
1863 1776 1904 1798 ta-

1111 1811 1297 1839 meninsitum
1312 1811 1376 1840 illud
1389 1811 1545 1841 Judaeorum
1561 1814 1661 1841 animis
1675 1814 1702 1841 in
1716 1815 1901 1843 Christianum

1110 1863 1208 1884 nomen
1233 1857 1323 1884 odium
1353 1857 1498 1896 Eusebium
1525 1860 1676 1893 deterruit,
1702 1861 1846 1896 quominus
1871 1862 1900 1889 in

1109 1901 1318 1930 Commentariis
1341 1903 1398 1931 suis
1414 1903 1529 1933 Hebraeo
1550 1907 1661 1934 doctore
1677 1907 1713 1934 sit
1728 1914 1803 1939 usus,
1817 1915 1832 1934 a
1847 1914 1901 1941 qtto

1109 1955 1162 1974 non
1183 1948 1266 1976 semel
1281 1956 1311 1976 se
1334 1949 1573 1985 interpretationes
1595 1948 1712 1979 mutuari
1730 1959 1794 1979 suas
1813 1952 1899 1987 proﬁ-

1109 1995 1189 2019 tetur.
1203 1992 1248 2025 Et,
1262 1995 1334 2027 quod
1349 1994 1478 2023 observes
1492 1996 1584 2029 velim,
1599 1997 1753 2032 ubicunque
1768 1997 1900 2039 Eusebius

1107 2043 1138 2064 se
1160 2037 1192 2064 ab
1207 2037 1320 2067 Hebraeo
1335 2039 1457 2072 doctore,
1472 2040 1515 2067 vel
1537 2041 1571 2068 ab
1589 2041 1709 2070 Hebraeis
1725 2037 1826 2079 aliquid
1841 2043 1899 2070 edi-

1108 2082 1207 2110 dicisse
1221 2083 1275 2116 ait,
1300 2083 1399 2112 ibidem
1419 2084 1598 2122 Hieronymus
1613 2095 1643 2115 se
1664 2088 1780 2123 idipsum
1795 2089 1830 2117 ab
1845 2087 1899 2116 Hc-

1109 2127 1187 2156 braeo
1202 2129 1314 2156 doctore
1327 2130 1464 2165 accepisse
1480 2131 1649 2160 testiﬁcatur.

1156 2183 1200 2209 Ν.
1213 2183 1339 2210 Eusebius
1351 2186 1387 2210 ait
1396 2187 1487 2211 terram
1500 2193 1549 2212 non
1563 2183 1619 2212 esse
1627 2188 1746 2220 spherica
1758 2189 1841 2215 forma.

1143 2225 1276 2254 Eusebius
1287 2227 1448 2262 plerumque
1464 2228 1491 2255 in
1506 2229 1718 2258 Commentariis
1734 2231 1760 2258 in
1774 2231 1896 2259 Psalmos

1106 2271 1170 2299 dicit
1182 2272 1312 2300 mundum
1326 2273 1458 2308 sphaarica
1474 2273 1559 2302 forma
1570 2281 1645 2307 esse;
1663 2276 1709 2302 sed
1724 2277 1812 2303 addita
1828 2284 1895 2304 cau-

1107 2317 1189 2351 tione,
1213 2324 1272 2346 eam
1297 2325 1359 2347 esse
1384 2320 1562 2354 quorumdam
1587 2321 1740 2356 opinionem
1763 2323 1818 2356 ait,
1843 2331 1893 2352 nec

1105 2364 1222 2393 obscure
1241 2365 1395 2392 subindicat
1410 2373 1441 2393 se
1459 2366 1523 2394 item
1540 2367 1634 2395 cadent
1654 2369 1788 2396 sententia
1805 2377 1867 2397 esse
1882 2379 1891 2397 :

1103 2416 1154 2436 nec
1169 2414 1259 2437 tamen
1276 2409 1302 2436 id
1317 2415 1411 2445 aperte
1435 2412 1556 2446 profiteri
1572 2413 1667 2446 audet,
1687 2414 1750 2447 quia
1768 2414 1892 2442 fortassis

1103 2455 1182 2490 longe
1197 2455 1270 2483 aliud
1290 2456 1463 2484 aestimabant
1481 2457 1554 2485 illius
1576 2458 1666 2486 saeculi
1682 2459 1839 2487 Christiani.
1855 2460 1902 2487 Atr

1103 2500 1146 2528 hic
1178 2505 1290 2528 coactus
1324 2502 1472 2529 secundum
1501 2503 1637 2537 vulgarem
1674 2503 1890 2532 Christianorum

1101 2550 1220 2574 mentem
1246 2547 1322 2574 illum
1349 2546 1455 2575 Hesaiie
1482 2548 1569 2575 locum
1592 2556 1653 2583 cap.
1676 2557 1710 2576 xi.
1732 2550 1889 2584 explanare,

1105 2601 1114 2617 ι
1130 2591 1180 2624 Qui
1196 2592 1293 2620 statuit
1306 2592 1405 2621 ctelutn
1427 2593 1504 2627 quasi
1523 2593 1665 2627 fornicem,
1681 2600 1708 2622 et
1722 2595 1844 2622 extendit
1860 2600 1890 2623 ιιι

1101 2637 1303 2665 tabernaculum
1325 2638 1359 2665 ad
1375 2638 1565 2672 habitandum,
1579 2648 1589 2665 ι
1614 2640 1646 2666 ad
1663 2640 1766 2668 Cosmae
1780 2641 1887 2676 opinio-

1100 2690 1161 2710 nem
1178 2690 1291 2723 prorsus
1304 2684 1409 2711 accedit
1422 2692 1430 2712 :
1446 2693 1455 2710 ι
1471 2684 1581 2717 Deinde.
1593 2687 1689 2721 inquit,
1706 2695 1857 2715 sermonem
1871 2696 1887 2716 e

1101 2732 1171 2755 terra
1184 2728 1304 2764 erigens,
1320 2729 1461 2757 universos
1475 2731 1585 2764 excitat,
1605 2735 1634 2758 ut
1647 2733 1784 2760 caelestem
1801 2733 1886 2761 forni-

1098 2780 1168 2806 cem,
1180 2778 1208 2801 et
1223 2774 1442 2809 hemisphaerium
1455 2775 1518 2804 illud
1528 2784 1609 2812 supra
1624 2782 1722 2804 terram
1735 2778 1844 2812 elatum,
1857 2783 1885 2806 et

1098 2826 1212 2846 camera)
1231 2819 1317 2846 instar
1329 2821 1455 2849 omnibus
1476 2823 1629 2856 imminens,
1648 2823 1834 2857 admirentur;
1851 2831 1883 2852 ac

1097 2863 1215 2900 cogitent
1229 2870 1329 2900 quanta
1343 2866 1377 2894 sit
1388 2866 1475 2896 virtus
1489 2867 1559 2904 ejus,
1573 2868 1619 2904 qui
1631 2869 1728 2898 malum
1744 2870 1879 2903 condidit;
