2059 3215
288 137 319 164 91
628 135 764 163 EUSEBll
784 135 1026 177 (ῘΛΞβΑιὶῑΕΝΒΙΒ
1044 135 1084 163 ΟΡ

1141 137 1230 164 PARS
1250 136 1292 163 ΙΙΙ.
1314 151 1349 164 —.-
1367 135 1576 165 EXEGETICA.
1891 138 1928 164 92

288 194 442 229 iniquitate,
456 193 552 220 semini
573 193 656 226 malo,
673 194 735 220 ﬁliis
754 194 866 228 iniquis.
893 194 1080 227 Dercliquistis

1136 194 1245 229 σπέρμα
1256 194 1385 229 πονηρὸν,
1395 193 1448 219 υἱοὶ
1461 193 1566 228 ἄνομοι.
1586 192 1796 226 Ἑγκατελίπετε
1809 192 1857 219 σὺν
1870 193 1928 219 Κύ-

288 232 447 271 υοιιιιιιιιιιι,¹
461 244 487 265 et
507 239 635 266 irritastis
659 243 784 266 sanctum
810 239 892 266 Israel
908 249 914 266 :
931 240 1078 266 abalienati

288 290 350 311 sunt
382 290 570 312 retrorsum.)
604 283 667 311 Ideo
696 292 763 318 ergo,
788 284 944 311 Judzeorum
971 289 1078 319 gentem

289 331 412 365 coarguit
440 331 623 364 miseramque
651 331 781 365 prtedicat
808 331 928 365 Spiritus
956 337 1079 363 sanctus,

288 377 350 410 quia
369 376 488 402 omnium
504 376 582 410 plane
599 376 728 409 gentium‘
744 376 863 403 deterior
889 381 941 408 est,
966 381 994 403 et
1017 377 1080 411 quia

290 421 326 447 illi
344 428 432 454 neque
445 428 478 447 ex
491 421 645 454 adoptione,
669 428 757 455 neque
773 429 806 448 ex
827 422 931 449 honore
949 421 1081 449 divinitus

290 467 342 493 sibi
367 467 476 499 collato,
504 467 616 492 exaltati
641 466 782 499 videlicet,
809 475 841 494 ac
864 468 1081 502 prwcellentibus

291 513 450 540 muneribus
467 512 500 539 ab
514 520 547 539 eo
561 513 665 545 donati,
682 514 820 547 quidpiam
843 514 968 541 utilitatis
988 522 1080 548 perce-

291 563 388 591 perunt
404 567 410 584 :
427 559 480 585 imo
501 566 564 585 vero
579 566 612 586 ne
626 567 659 585 ex
676 559 762 593 plagis
787 560 894 594 quidem
913 565 939 587 et
962 562 1081 596 castiga-

292 603 421 635 tionibus,
448 604 525 637 queis
547 612 561 630 a
585 604 639 631 Deo
659 604 817 639 frequenter
844 606 869 632 vi
892 606 995 633 amoris
1022 613 1084 640 per-

296 653 382 680 moto,
401 649 550 682 impietatis
565 657 620 676 suae
647 658 728 677 causa
747 650 837 678 allecti
862 656 935 685 sunt,
962 652 1084 686 resipue-

293 698 355 720 runt
370 702 378 721 :
395 702 468 726 nam,
491 703 500 719 ι
514 703 593 727 quem
609 695 698 730 diligit
716 696 855 728 Dominus,
882 697 1010 732 castigat,
1034 697 1083 724 ﬂa-

299 738 381 773 gellat
395 743 484 766 autem
501 747 607 766 omnem
625 740 719 772 ﬁliuni,
736 748 815 775 quem
830 742 927 776 accipit
939 743 972 769 ν.
987 751 997 767 i
1019 742 1084 775 Quis

293 789 382 810 autem
402 784 446 811 ille
463 784 524 817 fuit,
547 793 625 817 quem
642 785 844 820 dereliquerunt
856 806 864 818 ,
881 787 934 814 Illai
948 787 1084 821 Christus,

293 836 373 862 quem
396 829 458 862 quia
482 829 659 856 irritaverunt
684 835 710 857 et
731 830 948 866 dereliquerunt,
969 840 999 860 ea
1025 841 1085 868 qua:

293 875 496 908 subsequuntur
511 877 631 910 perpessi
648 877 730 903 sunt?

330 920 410 946 Vens.
430 921 457 951 5,
474 921 500 948 6.
524 929 533 946 ι
549 920 618 953 Quid
636 921 725 948 adhuc
739 923 933 956 pereutiamini
949 923 1080 956 adjicien-

294 971 334 994 tes
351 965 544 1000 iniquitatem?
559 974 641 993 omne
664 972 746 1000 caput
770 968 796 994 in
821 967 923 1001 labore,
951 973 978 996 et
1003 977 1085 997 omne

292 1020 340 1040 cor
360 1012 386 1038 in
413 1012 543 1042 tristitia;
564 1020 577 1038 a
599 1011 712 1045 pedibus
729 1020 815 1047 usque
826 1014 859 1040 ad
876 1019 957 1049 caput
973 1023 1028 1042 non
1042 1020 1085 1042 est

292 1057 320 1084 in
336 1063 368 1083 eo
383 1057 498 1083 sanitas.
525 1056 638 1089 Vulnus,
665 1057 746 1090 livor,
772 1058 851 1093 plaga
880 1065 998 1087 tumens.
1027 1060 1083 1087 Non

292 1103 356 1130 licet
368 1102 500 1136 malagma
519 1097 660 1137 imponere
671 1123 679 1136 ,
697 1111 783 1138 neque
796 1105 898 1137 oleum,
915 1113 1003 1140 neque
1017 1106 1084 1141 liga-

291 1154 392 1175 menta.
406 1157 418 1172 ›
438 1149 489 1180 Qui
507 1148 563 1181 fieri
582 1153 698 1182 poterat,
716 1153 745 1175 ut
760 1149 833 1176 aliud
851 1151 884 1177 ad
900 1151 1046 1178 sanitatem
1058 1157 1085 1180 et

293 1193 408 1220 salutem
430 1193 628 1220 restituendam
643 1193 821 1227 pbarmacum
839 1197 1010 1229 reperirent,
1037 1198 1084 1231 qui

294 1237 437 1264 Dominum
469 1239 637 1272 abnegarant
658 1246 664 1263 :
687 1246 767 1272 quem
796 1247 849 1267 non
875 1247 1009 1269 noverunt
1034 1243 1084 1270 nec

295 1283 488 1322 intellexerunt
511 1284 655 1311 advenisse
677 1284 729 1311 sibi
758 1286 910 1313 animarum
936 1288 1083 1321 medicum,

295 1330 340 1364 qui
358 1330 431 1357 solus
457 1338 566 1357 omnem
591 1332 715 1358 morbum
738 1335 765 1359 et
797 1339 906 1361 omnem
931 1334 1083 1362 animarum

295 1374 481 1401 inﬁrmitatem
495 1383 593 1402 curare
608 1376 731 1410 poterat?

333 1418 460 1458 Vens.
485 1419 510 1445 8.
543 1428 552 1444 ‹
573 1419 656 1458 Terra
687 1424 775 1447 vestra
807 1421 932 1455 deserta,
957 1422 1084 1452 civitates

295 1468 392 1491 vestra:
415 1455 553 1491 succensae
575 1455 655 1500 igni:
675 1466 815 1500 regionem
845 1472 965 1495 vestram
990 1476 1082 1496 coram

298 1508 376 1535 vobis
391 1509 471 1535 alieni
497 1509 651 1543 devorant:
673 1516 700 1538 et
722 1511 844 1539 desolata
869 1518 921 1545 est,
948 1521 1044 1541 eversa
1069 1522 1083 1541 a

296 1554 401 1589 populis
417 1554 524 1587 alienis,
537 1557 608 1583 sicut
621 1550 825 1584 tabernaculum
835 1557 861 1584 in
873 1559 964 1592 vinea,
978 1564 1004 1587 et
1015 1560 1086 1588 sicut

297 1600 432 1635 tugurium
447 1602 474 1628 in
498 1603 699 1635 cucumerario,
717 1597 799 1630 ‘sicut
822 1604 920 1632 civitas
937 1605 1060 1634 obsessa.
1074 1617 1083 1633 ι

295 1645 336 1672 Ad
347 1647 497 1674 custodiam
513 1647 648 1674 fructuum
668 1649 694 1675 in
710 1649 797 1677 vineis
813 1651 983 1678 nascentium
1000 1652 1088 1686 tignu-

298 1695 341 1723 tur
361 1693 489 1720 tentoria.
519 1693 586 1720 Cum
613 1701 677 1728 ergo
704 1695 785 1722 vinea
810 1697 927 1731 propriis
952 1696 1087 1727 fructibus

296 1737 381 1770 probe
409 1737 541 1765 instructa
571 1744 631 1772 est,
655 1740 729 1767 omni
753 1748 818 1768 cura
852 1746 879 1769 et
903 1734 1088 1771 sollicitudine

300 1781 448 1808 tentorium
466 1787 605 1815 servatur,
625 1784 661 1811 ita
674 1790 703 1811 ut
716 1790 809 1812 custos
823 1787 967 1821 diligenter
984 1787 1089 1822 prospi-

295 1823 360 1856 ciat,
377 1831 420 1855 ne,
435 1824 481 1858 qui
496 1826 522 1852 in
540 1827 582 1853 via
596 1832 771 1861 prteteraunt,
791 1830 895 1858 fructus
919 1830 978 1865 ejus
993 1832 1088 1858 decer-

297 1874 371 1901 pant.
392 1869 460 1896 Cum
486 1877 575 1898 autem
599 1873 678 1900 vinea
707 1873 877 1902 infructuosa
904 1881 956 1909 est,
984 1877 1049 1904 illud
1071 1885 1086 1904 a

295 1914 419 1947 custode,
433 1920 461 1942 ut
475 1922 689 1945 consentaneum
705 1924 756 1953 est,
777 1921 931 1956 negligitur.
944 1922 1085 1955 Quamob-

297 1965 353 1984 rem
371 1958 550 1987 lsracliticum
567 1963 693 1996 populum
710 1965 870 1992 derelictum
896 1966 937 1993 'iri
965 1967 1089 1995 intermi-

298 2009 389 2036 natur,
430 2009 525 2039 utpote
554 2007 601 2041 qui
631 2013 844 2037 consentaneum
879 2012 997 2040 fructum
1032 2021 1086 2041 non

297 2049 415 2076 emittat.
430 2050 592 2079 Timendum
610 2054 702 2088 itaque
718 2055 797 2085 nobis
814 2061 865 2088 est,
879 2064 912 2083 nc
927 2057 1087 2086 infructuosi

297 2093 392 2127 simus,
411 2100 486 2123 utne
496 2105 528 2123 ex
541 2097 581 2124 ira
596 2098 644 2125 Dei
659 2099 828 2128 deseramur.
847 2101 966 2136 Spiritus
976 2108 1088 2131 sanctus

298 2141 400 2174 estqui
425 2149 477 2169 uos
493 2144 622 2171 custodit.
655 2144 721 2172 Cum
751 2145 833 2180 igitur
862 2147 952 2176 anima
978 2149 1086 2177 fructus

1134 248 1199 273 ριον,
1212 240 1258 265 καὶ
1267 238 1460 274 παρωργισατε
1474 238 1518 264 τὸν
1528 239 1603 271 ἅγιον
1619 237 1667 264 τοῦ
1679 237 1796 273 Ἰσραήλ»
1806 237 1926 273 ἀπηλλο-

1132 284 1286 320 τριώθησαν
1301 286 1341 316 είς
1352 284 1385 311 τὰ
1396 284 1492 311 ὀπίσω,
1508 293 1516 309 ι
1534 284 1582 310 Διὰ
1593 283 1680 309 ταῦτα
1697 283 1761 317 γοῦν
1778 283 1928 318 ἁπελέγχει

1132 331 1162 356 to
1185 330 1318 357 Ἰουδαίων
1345 329 1430 361 ἔθνος,
1449 330 1496 356 καὶ
1509 328 1646 361 ταλανίζει
1662 329 1759 360 αὐτοὺς
1768 329 1798 354 τὸ
1815 328 1927 363 Πνεῦμα

1132 377 1162 402 τὸ
1176 377 1268 410 ἆγιον,
1294 376 1332 407 ὡς
1354 376 1463 402 πάντων
1479 375 1533 402 τῶν
1548 374 1632 401 ὲθνῶν
1646 374 1763 410 χείρους,
1778 374 1824 401 καὶ
1838 374 1877 405 ὡς
1896 374 1927 400 τὸ

1135 423 1216 458 μηδὲν
1235 422 1436 458 ὠφεληθέντας,
1456 423 1523 457 μήτε
1540 423 1571 447 ὲκ
1585 422 1633 456 τῆς
1651 421 1795 452 υἱοθεσίας,
1809 421 1877 456 μήτε
1897 420 1927 452 ἐξ

1132 467 1165 504 ἧς
1181 468 1257 503 παρά
1268 467 1337 498 Θεοῦ
1350 468 1432 502 τιμῆς
1445 466 1599 502 ἠξιώθησαν
1609 475 1615 481 ·
1629 466 1781 500 ὑψωθέντες
1791 466 1838 492 καὶ
1853 465 1927 492 πλεί-

1134 522 1204 540 στων
1227 514 1296 539 ὅσων
1314 513 1460 547 ὲξαιρέτων
1476 510 1643 547 παρὰλαὺτοῦ
1657 510 1851 546 τετυχηκότες’
1868 509 1926 536 ἀλλ’

1133 559 1193 585 οὐδὲ
1206 559 1234 591 ἐξ
1246 555 1283 584 ὦν
1296 558 1425 589 πολλάκις
1439 557 1597 592 ἐπλήγησαν
1613 556 1806 592 δι’ὐπερὸολὴν
1817 556 1927 591 ἀγάπης

1133 604 1201 631 Θεοῦ
1215 605 1380 640 τυπτόμενοι
1396 604 1442 630 καὶ
1477 602 1662 637 κολαζόμενοι,
1676 602 1730 628 τῶν
1745 601 1927 637 ἀσεϐημάτων

1134 650 1224 677 αὐτῶν
1243 651 1335 676 ἕνεκεν
1348 659 1354 665 ·
1375 659 1384 676 ι
1409 651 1457 676 Ὃν
1481 649 1534 685 γὰρ
1556 649 1651 684 ἀγαπᾷ
1674 648 1774 682 Κύριος
1791 646 1925 678 παιδεύει,

1137 697 1263 731 μαστιγοί
1275 695 1303 721 δὲ
1320 695 1408 722 πάντα
1417 695 1483 726 υἱὸν,
1493 694 1522 721 ὃν
1532 693 1721 733 παραδέχεται.
1730 702 1739 718 ι
1747 692 1795 723 Τίς
1811 692 1838 718 δὲ
1849 690 1883 727 ἧν
1897 691 1927 718 ὅν

1135 740 1323 775 ἐγκατέλιπον,
1336 740 1509 775 ἢόΧριστόςθ
1519 739 1548 766 ὃν
1559 739 1604 766 διὰ
1617 739 1647 765 τὸ
1661 738 1867 774 παρωργικέναι
1880 738 1927 764 καὶ

1136 786 1404 821 ὲγκαταλελοιπέναι,
1428 785 1462 812 τὰ
1473 785 1536 820 έξῆς
1552 785 1732 819 ἐπιλεγόμενα
1745 783 1926 815 πεπόνθασιν;

1175 927 1183 943 ι
1205 917 1237 944 Τί
1262 917 1301 944 ἔτι
1327 917 1449 952 πληγῆτε
1477 916 1668 952 προστιθέντες
1693 915 1824 950 ἀνομίαν;
1852 915 1927 940 πᾶσα

1137 963 1240 998 κεφαλὴ
1254 963 1293 994 εἰς
1313 963 1404 994 πόνον,
1417 962 1464 988 καὶ
1486 963 1560 989 πᾶσα
1584 961 1683 996 καρδία
1698 961 1738 992 εἰς
1752 960 1840 993 λύπην
1851 968 1857 974 ·
1874 959 1929 986 ἀπὸ
1963 960 1968 966 ⁵

1136 1009 1226 1035 ποδῶν
1249 1008 1300 1039 ἕως
1322 1007 1442 1042 κεφαλὴν
1465 1007 1515 1033 οὐκ
1532 1007 1604 1033 ἐστιν
1624 1007 1652 1032 έν
1674 1005 1748 1046 αὐτῷ
1772 1005 1926 1040 ὁλοκληρία.

1136 1054 1263 1090 Τραῦμα,
1283 1054 1400 1089 μώλωψ,
1428 1053 1519 1088 πληγὴ
1545 1053 1759 1087 φλεγμαίνουσα.
1787 1052 1844 1078 Οὐκ
1869 1051 1928 1077 ἐστι

1138 1098 1270 1134 μάλαγμα
1282 1097 1425 1130 ἐπιθεῖναι,
1439 1097 1501 1124 οὕτε
1514 1097 1613 1128 ἔλαιον,
1631 1096 1692 1123 οὔτε
1706 1096 1900 1132 καταδέσμούς.
1915 1105 1926 1122 a

1136 1145 1198 1176 Πῶς
1217 1145 1245 1171 δὲ
1265 1145 1311 1170 καὶ
1331 1142 1385 1170 οἷόν
1411 1142 1439 1170 τε
1467 1141 1500 1179 ἦν
1521 1143 1614 1178 ἕτερον
1639 1142 1737 1174 αὐτοὺς
1768 1143 1862 1176 ὑγείας
1882 1143 1929 1169 καὶ

1137 1190 1274 1225 σωτηρίας
1296 1189 1437 1224 ποιητικὸν
1453 1188 1581 1224 εὑρέσθαι
1600 1188 1749 1223 ,φάρμακον
1770 1187 1929 1223 ἀρνησαμέ-

1136 1244 1197 1267 νους
1219 1235 1264 1261 τὸν
1286 1234 1402 1270 Κύριον·
1430 1234 1497 1269 μηδὲ
1519 1233 1710 1268 ἐπεγνωκότας
1738 1233 1830 1266 αὑτὸν,
1861 1232 1929 1268 μηδὲ

1137 1283 1275 1314 συνιέντας
1291 1282 1495 1318 ἐπιδημήσαντα
1503 1282 1593 1312 αὐτοῖς
1604 1281 1650 1307 τὸν
1663 1281 1715 1307 τῶν
1722 1280 1816 1315 ψυχῶν
1825 1279 1928 1315 ἰατρὸν,

1135 1329 1182 1355 τὸν
1198 1329 1277 1365 μόνον
1294 1329 1384 1355 πᾶσαν
1399 1328 1475 1354 νόσον
1492 1327 1538 1353 καὶ
1561 1327 1651 1353 πᾶσαν
1676 1325 1810 1361 μαλακίαν
1831 1323 1927 1359 ψυχῶν

1135 1374 1204 1410 ὁμοῦ
1217 1375 1265 1402 καὶ
1275 1374 1408 1409 σωμάτων
1425 1372 1551 1409 ἰάσασθαι
1565 1371 1713 1406 δυνάμενον
1724 1391 1731 1403 ,

1173 1429 1182 1446 ‹
1205 1421 1238 1446 Ἦ
1252 1421 1288 1455 γῆ
1305 1419 1381 1454 ὑμῶν
1400 1418 1514 1454 ἔρημος,
1532 1418 1561 1444 αι
1583 1418 1674 1457 πόλεις
1695 1416 1773 1452 ὑμῶν
1795 1416 1931 1451 πυρίκαυ-

1137 1475 1193 1493 στοι
1207 1466 1258 1500 τὴν
1278 1464 1369 1500 χώραν
1384 1464 1460 1500 ὑμῶν
1479 1463 1594 1490 ἐνώπιον
1610 1462 1686 1498 ὑμῶν
1713 1462 1849 1498 ἀλλότριοι
1864 1471 1930 1489 κατ-

1136 1513 1271 1540 εσθίουσιν
1287 1512 1389 1546 αὑτήν
1411 1511 1458 1537 καὶ
1477 1509 1618 1548 ἡρέμωται
1635 1509 1863 1548 κατεστραμμένη
1878 1508 1931 1535 ὑπὸ

1137 1559 1209 1585 λαῶν
1235 1558 1392 1593 ἀλλοτρίων,
1421 1557 1459 1588 ὼς
1485 1555 1572 1590 σκηνὴ
1596 1557 1624 1581 ὲν
1652 1554 1803 1590 ἀμπελῶνι,
1829 1555 1876 1581 καὶ
1893 1555 1930 1586 ὠς

1138 1604 1359 1640 ὀπωροφυλάκιον
1384 1605 1413 1631 ὲν
1430 1603 1597 1639 σικυηλάτῳ,
1614 1604 1652 1635 ὡς
1679 1603 1757 1635 πόλις
1772 1603 1933 1638 πολιορκου-

1140 1651 1206 1685 μένη
1214 1649 1261 1684 (ιι).
1270 1659 1278 1674 ι
1290 1650 1337 1681 Εἰς
1346 1648 1466 1685 φρουρὰν
1472 1648 1525 1675 τῶν
1536 1650 1564 1675 ὲν
1572 1650 1631 1679 ταῖς
1639 1648 1771 1683 ἀμπέλοις
1783 1646 1897 1682 καρπῶν
1903 1648 1931 1673 αἱ

1140 1696 1237 1730 σκηναὶ
1254 1696 1415 1730 πήγνυνται.
1432 1695 1516 1722 Ὂταν
1528 1695 1577 1730 μὲν
1593 1692 1638 1720 οὖν
1650 1693 1748 1729 εὐθηνῇ
1758 1695 1812 1725 τοῖς
1822 1693 1933 1724 οἰκείοις

1140 1743 1257 1777 καρποῖς
1273 1743 1289 1776 ή
1302 1741 1438 1776 ἄμπελος,
1459 1740 1665 1775 σπουδάζεταιὴ
1680 1739 1766 1775 σκηνὴ
1782 1739 1829 1766 καὶ
1842 1739 1933 1773 πάσης

1139 1787 1260 1820 ἀξιοῦται
1288 1787 1464 1822 ἐπιμελείας·
1487 1786 1558 1813 ὥστε
1580 1786 1626 1812 ἀπ’
1650 1786 1735 1820 αὐτῆς
1755 1784 1932 1811 κατοπτεύειν

1139 1834 1184 1860 τὸν
1198 1833 1316 1868 φύλακα,
1333 1833 1438 1867 μήποτε
1453 1832 1590 1868 τρυγῶσιν
1601 1831 1686 1866 αὐτὴν
1702 1831 1727 1856 oi
1738 1829 1930 1865 παραπορευό-

1144 1887 1218 1914 μενοι
1242 1878 1291 1913 τὴν
1317 1878 1386 1905 ὁδόν.
1412 1878 1494 1904 Ὅταν
1521 1877 1550 1903 δὲ
1576 1876 1700 1912 ἄκαρπος
1723 1873 1760 1912 ᾗ,
1790 1875 1932 1910 ἀμελεῖται

1140 1924 1297 1957 ἀναγκαίως
1317 1916 1509 1958 τῆςλάμπέλου
1530 1921 1564 1947 τὰ
1586 1921 1768 1956 φυλακτήρια.
1789 1919 1838 1946 Διὰ
1854 1919 1932 1946 τοῦτο
1979 1956 1982 1958 η

1139 1968 1186 1994 τοῦ
1209 1967 1406 2003 Ἰσραηλιτικοῦ
1421 1966 1485 1994 λαοῦ
1500 1967 1550 2001 τὴν
1563 1966 1755 2001 ὲγκατάλειψιν
1764 1965 1880 1998 ἀπειλεῖ,
1895 1966 1933 1997 ὠς

1142 2015 1179 2050 μὴ
1193 2013 1430 2050 καρποφοροῦντπ
1442 2013 1478 2040 τὰ
1497 2013 1686 2040 ἐπιϐάλλοντα.
1704 2010 1870 2054 Φοϐηθῶμεν
1886 2010 1933 2038 οὖν

1140 2058 1209 2086 εἶναι
1233 2060 1362 2095 ἄκαρποι,
1389 2059 1426 2094 μὴ
1440 2058 1700 2094 ὲγκαταλειφθῶμεν
1714 2058 1766 2084 om
1777 2058 1826 2092 τῆς
1847 2057 1932 2093 ὀργῆς

1139 2104 1186 2131 τοῦ
1201 2104 1278 2131 Θεοῦ.
1296 2105 1332 2131 Τὸ
1357 2104 1492 2139 φυλάσσον
1515 2105 1600 2139 ἡμᾶς,
1616 2105 1647 2130 τὸ
1670 2104 1783 2139 Πνεῦμα
1797 2103 1835 2130 ’τὸ
1855 2104 1932 2138 ἃγιόν

1140 2149 1223 2176 ἐστιν.
1244 2150 1328 2176 Ὅταν
1351 2150 1400 2184 μὲν
1421 2147 1466 2176 οὖν
1489 2151 1650 2185 καρποφορῇ
1675 2150 1692 2185 ἡ
1714 2149 1787 2184 ψυχὴ
1800 2149 1862 2181 ἄξια
1878 2149 1932 2175 τῶν

297 2189 462 2212 aeternorum
478 2188 668 2221 penuariorutn
688 2189 784 2223 dignos
806 2191 920 2225 profert,
946 2197 1003 2220 tum
1017 2195 1084 2228 'per-

1140 2195 1258 2221 αἰωνίων
1281 2195 1440 2230 ἀποθηκῶν,
1465 2196 1619 2231 παραμένει
1642 2196 1690 2223 καὶ
1712 2195 1859 2229 φυλάσσει,
1886 2196 1932 2224 καὶ

299 2235 391 2257 manet
405 2231 450 2258 ille
471 2237 574 2265 custos,
595 2238 622 2261 et
637 2233 782 2269 singularis
793 2236 843 2263 feri
862 2237 975 2265 insidias
992 2240 1086 2274 procul

299 2276 402 2310 abigit;
419 2284 482 2304 cum
497 2282 588 2305 autem
606 2279 769 2308 uvam'fellis
782 2286 810 2308 et
822 2282 932 2311 botrum
950 2286 1085 2312 amaritu-

298 2319 370 2347 dinis
385 2321 502 2356 profert,
530 2323 728 2352 infructuosam
755 2327 874 2354 animam
896 2328 942 2356 ille
963 2329 1084 2358 deserit:

298 2369 325 2394 et
337 2369 400 2392 tunc
412 2367 438 2393 in
450 2369 573 2402 quemvis
589 2370 698 2398 brutum
712 2372 872 2406 cogitatum,
884 2379 911 2401 et
923 2374 949 2401 in
962 2377 1086 2409 quamvis

299 2410 514 2440 irrationabilem
538 2416 787 2450 concupiscentiam
812 2419 912 2446 decidit
942 2420 999 2448 illa.
1028 2420 1085 2448 Ple-

298 2462 413 2490 rumque
438 2465 519 2491 porro
536 2459 677 2494 Scriptura
696 2455 834 2490 lsraelem'
848 2465 956 2492 vineam
986 2465 1088 2500 tropice

299 2507 451 2536 nuncupat;
472 2506 541 2541 ut',t
555 2504 667 2533 Vineam
683 2514 715 2534 ex
738 2507 857 2543 Egypto
879 2510 1059 2544 transtulisti;
1076 2521 1085 2537 ι

299 2550 335 2580 et,
369 2557 377 2573 ι
392 2547 476 2576 Vinea
493 2549 564 2577 facta
581 2556 623 2578 est
639 2552 738 2580 dilecto
754 2553 808 2586 ¹”;ι
833 2559 871 2587 et,
901 2564 910 2580 ι
924 2555 980 2590 Ego
997 2561 1087 2584 autem

299 2592 417 2626 plantavi
435 2600 460 2622 te
480 2596 586 2623 vineam
610 2597 789 2632 fructuosam,
813 2604 898 2627 totam
923 2608 1014 2628 veram
1038 2602 1059 2630 ³.
1076 2611 1085 2628 ι

1139 2240 1279 2276 πόρῤωθεν
1299 2240 1426 2276 ἀπείργει
1442 2241 1491 2272 τὰς
1510 2241 1558 2267 τοῦ
1581 2241 1672 2276 μονιοῦ
1688 2241 1735 2267 τοῦ
1758 2241 1856 2277 ἀγρίου
1872 2242 1932 2268 ὲπι-

1139 2285 1251 2317 ϐουλάς·
1271 2286 1334 2311 ὅταν
1352 2286 1380 2311 δὲ
1395 2285 1531 2321 σταφυλὴν
1551 2285 1632 2321 χολῆς
1648 2287 1758 2321 γεωργῇ
1772 2286 1819 2312 καὶ
1835 2285 1933 2321 βότρυν

1139 2331 1251 2366 πικρίας
1267 2331 1381 2367 ἐκφέρῃ,
1394 2331 1685 2367 ὲγκαταλιμπάνειτὴν
1697 2326 1821 2367 ἄκαρπον
1831 2332 1930 2366 ψυχήν·

1140 2376 1187 2402 καὶ
1200 2376 1259 2402 τότε
1275 2377 1327 2402 ὑπὸ
1343 2377 1444 2408 παντὸς
1460 2377 1591 2411 λογισμοῦ
1607 2370 1756 2412 Θηριώδους
1773 2377 1821 2403 καὶ
1843 2377 1932 2412 πάσης

1138 2422 1235 2456 ἀλόγου
1251 2423 1401 2458 ἐπιθυμίας
1414 2426 1620 2451 καταπεσεῐται.
1638 2423 1776 2458 Πολλαχοῦ
1793 2423 1821 2449 δὲ
1835 2431 1915 2458 τροπι
1925 2438 1932 2443 -

1138 2468 1193 2500 κῶς
1201 2468 1349 2503 ἀμπελῶνα
1358 2468 1402 2495 τὸν
1419 2469 1527 2504 Ἰσραὴλ
1537 2470 1551 2495 ό
1567 2468 1645 2501 λόγος
1657 2467 1856 2503 προσαγορεύει
1865 2476 1871 2482 ·
1895 2467 1932 2498 ὼς

1111 2530 1114 2532 -
1137 2513 1177 2545 τὸ,
1191 2522 1199 2538 ε
1217 2514 1356 2548 ’Ἄμπελον
1371 2514 1400 2546 ἐξ
1418 2513 1557 2547 Αἰγύπτου
1575 2515 1706 2548 μετῆρας·
1719 2523 1728 2539 ι
1738 2513 1794 2544 καὶ,
1805 2523 1814 2539 ι
1831 2513 1933 2547 Ἀμπε-

1138 2556 1190 2583 λὼν
1207 2557 1322 2593 ἐγενήθη
1332 2557 1371 2592 τῷ
1384 2557 1562 2592 ἠγαπημένῳ
1571 2566 1579 2583 ι
1588 2558 1646 2591 καὶ,
1659 2567 1667 2584 ι
1680 2558 1750 2592 Ἐγὼ
1759 2558 1787 2584 δὲ
1796 2557 1932 2592 ἐφύτευσὰ

1141 2612 1170 2630 σε
1182 2604 1304 2638 ἄμπελον
1331 2603 1516 2638 καρποφόρον,
1543 2604 1634 2631 πᾶσαν
1646 2603 1786 2639 ἀληθινήν.
1803 2613 1812 2629 ι
1829 2603 1861 2629 Et
1873 2603 1901 2629 δὲ
1917 2603 1931 2628 ὁ

338 2652 359 2666 ι·
374 2651 454 2679 Prov.
470 2661 511 2686 ιιι,
523 2655 565 2682 l2.
605 2656 615 2671 ³
626 2655 696 2682 Psal.
713 2662 806 2688 Lxxtx,
822 2657 848 2685 9.
876 2654 976 2690 5sta.
991 2669 1018 2694 v,
1036 2661 1061 2688 Ι.
1073 2661 1083 2677 ³
1097 2660 1151 2690 Jer.
1169 2669 1198 2694 II,
1213 2662 1259 2691 2L

336 2699 374 2732 (4)
391 2698 437 2738 llis
449 2701 546 2739 similia
563 2702 643 2739 habet
658 2702 877 2739 Hieronymusin
897 2706 968 2732 hunc
985 2707 1085 2739 locum,

301 2737 383 2774 atque
400 2735 436 2760 ita
451 2735 570 2770 loquitur
583 2746 590 2764 :
608 2747 618 2762 ι
633 2738 661 2764 In
678 2735 866 2767 cucumerario
881 2748 1000 2774 quoque,
1014 2735 1085 2774 quod

302 2766 376 2809 LXX-
396 2766 531 2802 pomorum
561 2773 707 2809 custodiam
730 2778 839 2809 vocant,
873 2766 1000 2809 parvdlzey
1019 2766 1086 2803 ῑιὶιῐιῐ

303 2803 401 2844 casulte
421 2809 535 2844 propter
551 2807 676 2844 ardorem
697 2807 762 2844 solis
787 2815 817 2844 ac
831 2803 928 2844 fradios
951 2810 1084 2837 declinau-

295 2838 352 2865 dos
363 2848 368 2866 :
380 2843 406 2866 et
421 2838 483 2867 inde
496 2840 536 2868 vel
553 2841 731 2876 homines,vel
743 2843 880 2877 bestiolas;
890 2852 948 2879 qua
962 2845 1083 2874 insidiari

1143 2706 1230 2742 solent
1253 2705 1323 2742 natis
1336 2704 1602 2742 frugilms,7abigunt-.
1629 2707 1697 2734 Cum
1725 2712 1814 2734 autem
1830 2707 1928 2742 ablata

1140 2740 1564 2775 fuerintistiusmodigeuimiua,
1585 2747 1724 2769 remanent
1745 2740 1849 2769 arentia
1875 2743 1930 2768 fru-

1140 2777 1222 2803 ticum
1249 2775 1426 2811 umbracula,
1455 2776 1608 2811 casulteque
1632 2777 1774 2804 recedente
1799 2777 1929 2804 custode:

1139 2811 1200 2844 quia
1215 2817 1267 2846 non
1283 2809 1364 2836 habet
1379 2810 1448 2846 ultra
1463 2812 1534 2846 quod
1550 2809 1651 2841 servet.
1669 2821 1678 2837 ι
1692 2817 1719 2839 et
1734 2812 1851 2846 extera“,
1869 2817 1930 2846 qua

1139 2846 1201 2874 item
1222 2845 1264 2872 ille
1284 2844 1436 2881 transtulit,
1448 2844 1689 2884 sedauvomtxdig.
