2059 3215
148 184 183 213 93
651 180 902 209 COMMENTARIA
923 181 956 208 IN
976 181 1102 209 lSAlAM.
1124 197 1156 202 -—
1176 181 1252 208 CAP.
1273 182 1292 208 l.
1741 182 1776 210 95

155 241 264 276 Ἰσραὴλ
274 240 413 274 ἁμπελὼν,
433 240 517 275 σκηνὴ
531 241 578 275 τῆς
590 240 710 275 ἀμπέλου
724 240 824 275 ταύτης
841 241 854 266 ὁ
867 237 939 272 οἶκος

1001 239 1068 272 ὶυοι]
1080 239 1102 267 si
1119 239 1198 266 lsracl
1210 240 1286 266 vinea
1305 238 1396 271 fuerit,
1413 239 1616 266 tabernaculum
1637 247 1702 267 sane
1717 241 1776 275 ejus

149 287 221 320 τάχα
241 287 255 312 ὁ
269 286 316 312 τοῦ
337 286 401 312 ναοῦ
415 294 422 300 ·
439 286 571 320 σκήνωμα
586 285 640 320 γὰρ
659 285 737 320 δόξης
755 285 874 319 ἐλέγετο,
884 286 940 316 καὶ,

154 340 160 353 ι
179 332 323 366 σκήνωμα,
345 328 375 358 οὗ
396 331 602 366 κατεσκήνωσεν
620 331 648 356 ἐν
659 330 822 365 ἀνθρώποις.
845 340 854 355 ι
870 331 943 362 Ἕως

152 375 203 402 ’.ἓν
221 374 267 402 οὖν
289 377 332 402 ὅτε
356 376 442 402 ἐποίει
461 376 565 411 καρπὸν
582 375 674 407 πολὺν,
695 376 742 402 καὶ
760 376 776 411 ὴ
800 376 887 411 σκηνὴ
901 376 944 402 διὰ

152 425 202 455 την
222 420 275 446 τῶν
298 420 412 455 καρπῶν
434 420 556 455 φυλακὴν
580 420 766 455 συνειστήκει·
791 420 852 445 ἐπεὶ
878 419 906 446 δὲ
930 421 944 446 ό

153 467 290 500 φυτεύσας
299 466 384 502 αὐτὴν
398 466 488 501 ἔμεινε
499 465 545 492 τοῦ
559 466 670 500 ποιῆσαι
679 465 825 500 σταφυλὴν,
833 465 943 500 ἐποίησε

153 512 182 538 δὲ
198 512 329 543 ἀκάνθας,
338 509 379 542 αἷς
391 511 434 537 τὸν
444 510 543 545 Κύριον
555 510 755 544 ἐστεφάνωσαν,
768 510 942 545 καὶέστρὰφη

153 558 230 585 πᾶσα
244 558 284 588 εἰς
300 558 411 592 πικρίαν
422 565 428 571 ·
448 557 560 592 ἐποίησε
575 556 629 591 γὰρ
650 556 785 591 σταφυλὴν
801 556 882 591 χολῆς
898 557 945 582 καὶ

155 603 252 638 βότρυν
275 602 403 637 πικρίας’
420 602 460 628 διὸ
479 602 524 628 καὶ
549 603 588 633 είς
610 601 640 628 τὸ
662 602 760 637 βρῶμα
782 601 884 628 ἔδωκαν
907 601 945 636 τῷ

154 649 251 683 Κυρίῳ
274 648 355 683 χολήν
366 656 372 662 ·
394 648 438 674 διὰ
453 647 531 673 τοῦτο
555 647 752 682 ἐγκατελείφθη
764 649 780 680 ἡ
797 648 882 682 σκηνὴ
899 647 944 673 τοῦ

153 693 325 727 ἀμπελῶνος.
341 703 350 717 ι
372 692 436 718 Ἰδοὺ
454 692 518 727 γὰρ.
534 692 629 727 φησιν,
646 693 756 726 ἀφίεται
771 693 834 727 ὑμῖν
847 693 860 718 ὁ
873 691 945 724 οἶκος

155 737 233 772 ὑμῶν
258 737 374 772 ἔρημος·
398 747 407 762 ι
431 738 492 763 τότε
516 737 661 773 ἐπληρώθη
688 739 704 773 ἡ
730 737 828 772 ἀπειλὴ
854 737 943 772 αὕτη·

157 792 166 807 ε
184 780 397 816 Ἐγκατελὲίφθη
417 782 472 818 γὰρ
492 783 529 814 ὡς
545 784 631 818 σκηνὴ
649 783 678 809 ἐν
699 783 851 818 ἀμπελῶνι.
871 793 880 807 ι
902 783 946 816 Ἐξ

155 828 262 854 ἐκείνου
278 828 370 854 λοιπὸν
387 829 434 854 καὶ
453 830 512 859 ταῖς
529 828 654 862 νεφέλαις
676 829 827 854 ἐνετείλατο
843 828 889 854 τοῦ
909 828 945 863 μὴ

156 873 251 908 βρέξαι
266 874 312 900 ἐπὶ
331 874 376 900 τὸν
393 873 552 908 ἀμπελῶνα.
569 873 618 899 Διὰ
638 874 716 900 τοῦτο
731 874 822 900 οὐκέτι
838 874 946 909 προφῆ-

994 287 1090 313 domus
1109 285 1197 319 templi
1212 286 1263 313 erit
1278 294 1284 312 :
1297 293 1358 312 nam
1375 284 1581 312 tabernaculum
1598 285 1694 320 gloria:
1709 286 1776 313 dici-

995 336 1047 364 tur,
1071 335 1109 363 et,
1137 331 1382 362 «tabernaculum,
1408 330 1451 357 ubi
1475 330 1606 358 habitavit
1634 330 1660 357 in
1689 330 1776 358 homi-

994 377 1072 404 nibus
1090 376 1111 403 ⁸.
1127 386 1136 403 t
1168 377 1259 404 Donec
1275 377 1367 411 itaque
1390 377 1503 404 multum
1521 376 1637 403 fructum
1653 376 1777 410 protulit,

995 419 1200 448 tabernaculum
1227 421 1260 447 ad
1288 421 1424 448 fructuum
1451 421 1601 448 custodiam
1630 421 1776 448 substitit:

995 467 1058 500 quia
1079 474 1143 494 vero
1161 467 1206 502 qui
1228 467 1359 502 plantavit
1380 475 1457 500 eam,
1482 468 1647 502 exspectavit
1661 473 1689 494 ut
1705 468 1778 494 face-

995 516 1033 538 ret
1059 519 1152 544 uvam,
1178 512 1244 539 fecit
1265 517 1353 539 autem
1380 513 1482 548 spinas,
1505 508 1611 546 quibus
1637 512 1776 539 Dominum

994 563 1170 590 coronarunt,
1202 562 1256 585 tota
1274 565 1406 585 conversa
1427 563 1469 585 est
1494 559 1520 585 in
1549 558 1777 585 amaritudinem:

996 602 1060 629 fecit
1082 603 1153 630 enim
1180 611 1258 630 uvam
1284 602 1354 630 fellis
1378 609 1405 630 et
1434 603 1538 629 botrunt
1566 603 1777 630 amaritudinis:

996 647 1108 681 ideoque
1124 648 1150 674 in
1168 652 1260 682 potum
1284 647 1396 674 Domino
1422 647 1455 674 fel
1479 648 1633 681 dederunt;
1655 655 1686 676 ua
1714 655 1779 675 sane

995 693 1028 721 de
1042 700 1124 720 causa
1138 693 1343 720 tabernaculum
1360 693 1445 720 vinea:
1465 693 1621 720 derelictum
1636 699 1675 721 cst
1693 703 1701 721 ς
1717 702 1777 721 nam

998 745 1105 769 «ecce,
1138 738 1246 772 inquit,
1277 737 1447 772 relinquetur
1474 738 1549 765 vobis
1574 739 1669 766 domus
1691 745 1778 766 vestra

996 782 1103 810 deserta
1133 783 1152 808 '.
1166 792 1175 808 I
1199 782 1274 809 Tunc
1294 790 1358 809 vere
1376 782 1484 817 impleta
1506 788 1548 810 est
1569 783 1612 810 illa
1632 784 1780 811 commina-

998 827 1046 857 tio.
1075 827 1174 854 etcnim
1195 835 1203 851 ι
1219 827 1350 854 derelicta
1374 831 1416 854 est.
1433 827 1503 854 sicut
1529 828 1732 855 tabernaculum
1752 830 1778 856 in

996 875 1096 900 vinea:
1115 884 1124 899 ι
1139 874 1238 901 exinde
1263 881 1328 900 vero
1351 873 1467 901 nubibus
1491 874 1628 902 mandavit
1652 883 1686 902 ne
1707 876 1781 909 plue-

155 927 201 945 ται
215 919 278 954 παρ’
292 919 393 950 αὐτοῖς,
411 918 502 944 οὐκέτι
519 919 631 954 οὐρανία
648 919 743 954 χάρις·
760 919 827 946 ἀλλὰ
837 919 947 952 γέγονεν

1001 924 1059 946 rent
1085 926 1167 954 super
1192 919 1308 946 vineam.
1336 919 1441 946 Idcirco
1470 926 1523 946 non
1550 920 1620 946 ultra
1643 921 1780 955 propheta:

156 966 196 996 εἰς
210 965 307 1000 χέρσον
322 964 368 990 καὶ
379 964 523 998 καταπάτη
528 973 575 998 μα,
590 964 617 990 οἵ
628 973 658 990 τε
684 965 806 999 φραγμοὶ
819 964 866 990 τοῦ
881 963 944 990 ναοῦ

158 1010 262 1036 ἐκείνου
287 1009 495 1046 καθῃρέθησαν,
520 1011 534 1036 ὁ
552 1009 759 1044 ὑπερασπισμὺς
785 1009 838 1034 τῶν
863 1009 946 1042 ἁγίων

158 1055 308 1089 δυνάμεων,
331 1055 383 1091 κᾷν
407 1063 432 1081 τι
452 1055 620 1090 ἐργάσωνται
643 1054 713 1080 κατὰ
729 1054 775 1080 τὸν
791 1055 882 1089 νόμον,
907 1054 946 1084 εἰς

159 1101 297 1127 ἀπώλειάν
316 1102 382 1127 ἐστι.
403 1110 411 1126 t
429 1101 482 1127 Καὶ
502 1101 538 1132 ὡς
554 1100 787 1135 ὀπωροφυλὰκιον,
808 1099 900 1134 φησὶν,
919 1099 946 1124 ἐν

160 1144 325 1179 σικυηλάτῳ.
349 1154 357 1169 ι
375 1144 504 1180 Σημαίνει
522 1145 611 1170 τοίνυν
629 1144 672 1170 διὰ
689 1144 784 1170 τούτου
805 1144 853 1178 τὴν
881 1151 948 1169 παν-

162 1189 226 1224 τελῆ
239 1189 326 1216 αὐτῶν
340 1189 492 1224 ἀκαρπίαν·
508 1189 559 1220 ἕως
577 1190 625 1224 μὲν
640 1188 694 1224 γὰρ
711 1188 825 1223 καρπῶν
838 1187 947 1219 ἀγαθῶν

160 1235 348 1271 πεπλήρωται,
375 1236 421 1262 τὸν
436 1235 606 1271 φρουροῦντα
630 1235 676 1261 καὶ
700 1234 870 1269 φυλάσσοντα
886 1233 947 1260 ἐκέ-

159 1289 257 1318 κᾳξκτζ
263 1281 403 1316 Quicqth
413 1281 577 1316 πηξάμενος,
587 1280 688 1307 ἀνωθεν
697 1281 742 1314 ἀφ’
750 1279 852 1314 ὑᾴηλοῦ
860 1279 948 1314 ἀφορᾷ

161 1328 207 1354 καὶ
224 1328 396 1362 περισκοπεῖ,
414 1327 460 1353 καὶ
482 1326 608 1360 φυλάττει
621 1326 666 1352 τὸν
685 1325 843 1360 ἀμπελῶνα.
856 1325 918 1351 Είδ“
934 1327 948 1352 ό

160 1373 254 1399 τούτου
271 1372 377 1408 καρπὸς
390 1371 538 1407 ἀφαιρεθῇ,
554 1371 706 1406 τηνικαῦτα
718 1372 731 1397 ὁ
746 1370 843 1404 φύλαξ,
857 1370 895 1401 ὡς
911 1371 948 1406 μὴ

162 1419 202 1450 εις
219 1418 332 1453 μάταιον
348 1417 455 1452 κάμνῃ,
480 1416 528 1452 τὴν
547 1417 648 1452 σκηνὴν
671 1416 773 1451 ἔρημον
793 1416 947 1449 ἀπολιπὼν,

159 1465 298 1500 ἀναχωρεῖ
311 1464 359 1499 τῆς
370 1463 501 1498 φυλακῆς.

209 1597 289 1628 ‘Kal.
312 1597 336 1623 εἰ
363 1597 400 1632 μὴ
425 1595 526 1632 Κύριος
554 1594 667 1622 Σαὸαὼθ
693 1595 870 1629 ἐγκατέλιπεν
884 1595 950 1630 ἡμῖν

164 1641 286 1678 σπέρμα,
300 1643 337 1673 ὡς
351 1642 454 1677 Σόδομα
469 1641 502 1667 ἂν
515 1641 695 1676 ἐγενήθημεν,
709 1640 756 1667 καὶ
771 1640 808 1672 ὡς
825 1641 950 1676 Γόμορρα

164 1689 198 1715 ἂν
210 1687 402 1723 ὡμοιώθημεν.
422 1687 566 1713 Ἀκούσατε
582 1687 661 1720 λόγον
683 1686 786 1722 Κυρίου
797 1706 804 1718 ,
823 1686 952 1721 ἄρχοντες

164 1735 303 1770 Σοδόμων
328 1736 474 1769 προσέχετε
490 1734 570 1768 νόμον
591 1732 669 1766 Θεοῦ,
687 1731 749 1763 λαὸς
766 1732 916 1766 Γομόρρας,
940 1740 949 1756 ι

171 1780 333 1816 Ἐπειδήπερ
345 1780 392 1806 ἐπὶ
403 1781 435 1815 τῇ
455 1779 509 1805 τῶν
526 1779 650 1814 πατέρων
674 1779 759 1813 ἀρετῇ
786 1777 952 1812 σεμνυνόμε-

164 1834 220 1856 νοι,
243 1825 312 1860 μέγα
335 1824 474 1859 ἐφρόνουν,
490 1824 527 1855 ὡς
539 1823 585 1850 τοῦ
607 1823 732 1858 Ἀϐραὰμ
752 1822 828 1853 ὄντες
841 1821 953 1857 σπέρμα

165 1870 214 1897 καὶ
234 1869 281 1896 τοῦ
305 1869 412 1904 Ἰσραὴλ
428 1869 570 1902 ἀπόγονοι·
595 1869 706 1900 εἰκότως
728 1868 758 1893 τὸ
781 1867 953 1903 μεγάλαυχον

166 1915 257 1942 αὐτῶν
270 1916 284 1942 ό
299 1915 377 1948 λόγος
392 1915 524 1947 ταπεινοῖ,
538 1914 584 1940 καὶ
597 1913 626 1939 τὸ
641 1914 752 1948 μάταιον
767 1913 850 1948 οἴημα
861 1913 954 1940 καθαι-

167 1963 210 1997 ρεῖ
221 1970 228 1977 ·
244 1961 307 1991 τοὺς
323 1960 372 1995 μὲν
389 1959 522 1994 ἄρχοντας
539 1958 584 1985 τοῦ
599 1959 740 1993 διαόοήτου
762 1959 882 1993 Ἰσραὴλ,
905 1959 953 1984 Σοα

165 2007 255 2041 δόμων
266 2006 397 2041 ἄρχοντας
407 2004 558 2039 ὀνομᾲζων,
571 2003 651 2030 αὑτὸν
663 2003 691 2029 δὲ
700 2003 744 2029 τὸν
753 2003 955 2038 χρηματίζοντα

167 2050 231 2077 λαὸν
246 2050 292 2076 τοῦ
306 2049 386 2082 Θεοῦ,
401 2049 465 2075 λαὸν
481 2048 622 2085 Ιξομόρρας
636 2048 790 2079 ἀποκαλῶν,
803 2048 838 2078 ὡς
849 2048 892 2073 διὰ
902 2048 955 2073 τῶν

169 2096 234 2122 ἴσων
252 2095 477 2130 ἐπιτηδευμάτων
497 2095 553 2125 τοῖς
574 2094 658 2120 πάλαι
678 2093 845 2128 ἀσεϐήσασιν
859 2093 956 2128 ὁμοιω-

168 2139 262 2166 θέντα·
284 2139 407 2174 Σοδόμων
431 2138 543 2173 ἄρχουσι
568 2138 614 2164 καὶ
636 2138 777 2173 Γόμὸρρας
795 2137 851 2172 λαῴ
867 2146 956 2172 παρα-

168 2185 259 2211 ϐάλλει
269 2185 378 2216 αὐτοὺς,
389 2183 433 2211 διὰ
443 2183 491 2218 τὴν
501 2183 650 2218 μέλλουσαν
660 2184 751 2214 αὐτοῖς
763 2182 955 2209 ἐπελεύσεσθαι

169 2231 360 2266 καταστροφήν
370 2239 377 2245 ·
396 2230 433 2262 ὡς
449 2231 505 2261 τοῖς
515 2230 549 2256 τὰ
560 2230 664 2265 Σόδομα
676 2230 723 2256 καὶ
737 2229 863 2264 Γόμορρα
880 2229 956 2263 οίκή-
973 2247 994 2273 D

171 2285 248 2302 σασιν
276 2276 387 2311 ἀνδράσι
402 2276 511 2302 πάντων
528 2275 678 2310 ἀνθρώπων
695 2274 885 2305 ἁσεὸεστάτοις
909 2282 956 2308 γε-

170 2321 262 2348 νέσθαι
276 2330 327 2356 μνη
332 2329 427 2355 μονευο
431 2321 531 2355 μένοις.

209 2376 217 2391 ε
234 2367 266 2392 Τί
284 2375 327 2401 μοι
345 2366 445 2401 πλῆθος
455 2366 508 2392 τῶν
520 2365 619 2392 θυσιῶν
641 2365 728 2400 ὑμῶν,
745 2364 818 2398 λέγει
832 2363 954 2398 Κύριοςς

173 2410 283 2446 Πλήρης
312 2412 369 2446 είμὶ
401 2411 632 2446 ὁλοκαυτωμάτων
661 2411 745 2445 κριῶν
762 2419 768 2425 ·
798 2411 845 2436 καὶ
874 2409 956 2444 στέαρ

121 2470 128 2474 -
171 2455 273 2491 ἀρνῶν,
290 2457 336 2482 καὶ
357 2455 424 2492 αἷμα
447 2457 554 2492 ταύρων
577 2456 624 2482 καὶ
644 2456 753 2490 τράγων
767 2456 798 2482 οὐ
817 2455 956 2490 βούλομαι,

171 2501 226 2527 οὐδ’
243 2501 274 2527 ἂν
302 2501 415 2536 ἔρχησθε
442 2502 555 2537 ὀφθῆναί
578 2510 633 2536 μοι.
663 2501 711 2532 Τίς
731 2501 784 2536 γὰρ
813 2500 958 2535 ἐξεζήτησε

171 2546 257 2573 ταῦτα
271 2546 362 2572 ἐκτῶν
375 2547 470 2582 χειρῶν
479 2547 570 2582 ὑμῶν;
588 2557 596 2572 ι
612 2547 685 2582 Πρὸς
699 2544 745 2572 οὖν
756 2546 818 2577 τοὺς
831 2545 866 2572 τὰ
875 2545 959 2571 δεινό-

171 2601 241 2619 τατα
257 2591 327 2618 κατὰ
345 2591 390 2617 τοῦ
412 2592 510 2627 Κυρίου
526 2593 724 2628 τολμήσαντας,
746 2590 850 2621 θυσίαις
867 2590 897 2617 δὲ
914 2591 960 2616 καὶ

173 2636 310 2668 σπονδαῖς,
322 2636 369 2662 καὶ
380 2636 439 2666 ταῖς
453 2636 544 2667 ἀλλαις
557 2636 627 2662 κατὰ
635 2636 680 2662 τὸν
694 2636 775 2670 νόμον
790 2636 959 2670 σωματικαῖς

172 2681 311 2715 λατρείαις
337 2679 494 2706 ἱλάσκεσθαι
512 2680 555 2706 τὸν
575 2680 640 2706 Θεὸν
661 2679 830 2715 νομίζοντας,
847 2681 861 2706 ό
881 2679 958 2713 λόγος

172 2726 344 2752 ἀποτείνεται
372 2725 496 2759 φάσκων,
517 2735 526 2751 t
550 2727 583 2752 Τί
611 2736 656 2762 μοι
669 2726 770 2761 πλῆθος
789 2726 840 2752 τῶν
859 2725 958 2752 θυσιῶν

173 2771 262 2805 ὑμῶν,
276 2771 347 2804 λέγει
360 2771 478 2805 Κύριος
496 2780 504 2796 ν
523 2773 569 2798 καὶ
582 2773 615 2798 τὰ
628 2773 700 2806 ἑξῆς.

210 2871 219 2886 ⁸
236 2870 305 2898 Ρδιιι.
319 2879 421 2903 nun,
437 2871 482 2899 60.
521 2871 531 2887 '
554 2870 648 2899 Matth.
663 2879 740 2904 uin,
757 2872 805 2899 58.

997 971 1079 999 penes
1093 963 1151 991 illos
1163 968 1235 995 sunt,
1252 971 1304 990 non
1325 964 1447 991 celestis
1463 965 1567 999 gratia;
1581 966 1628 992 sed
1649 973 1780 993 conversa

995 1013 1038 1035 est
1054 1009 1081 1034 in
1104 1009 1206 1034 aridam
1222 1013 1249 1035 ct.
1270 1009 1296 1034 in
1314 1009 1549 1036 conculcationem
1561 1029 1569 1041 ,
1590 1017 1667 1044 scpes
1690 1011 1780 1044 templi

997 1053 1068 1080 illius
1083 1053 1229 1079 destruetur
1244 1057 1318 1085 sunt,
1342 1059 1450 1080 necnon
1474 1057 1629 1080 sanctarum
1650 1055 1782 1082 virtutum

997 1098 1230 1134 propugnaculum
1253 1108 1260 1125 :
1280 1106 1313 1125 ac
1339 1099 1446 1125 etiamsi
1469 1099 1606 1134 quidpiam
1635 1101 1781 1127 secundum

998 1144 1084 1178 legem
1102 1148 1194 1178 agant,
1207 1144 1233 1171 id
1251 1143 1303 1170 illis
1317 1143 1343 1170 in
1358 1144 1505 1178 perniciem
1529 1145 1621 1171 vertit.
1639 1153 1648 1171 ε
1663 1145 1696 1172 Ει
1713 1145 1783 1172 sicut

999 1189 1147 1223 tugurium,
1159 1189 1209 1222 ait,
1228 1189 1255 1215 in
1269 1189 1470 1215 cucumerario.
1485 1198 1494 1214 ι
1519 1188 1564 1216 His
1589 1190 1680 1224 itaque
1696 1191 1782 1225 signi—

998 1234 1062 1261 ﬁcat
1079 1234 1264 1262 omnimodam
1279 1234 1350 1267 apud
1370 1233 1430 1260 illos
1447 1233 1587 1261 fructuum
1600 1236 1783 1265 vacuitatem:

999 1280 1084 1306 donec
1099 1279 1170 1306 enim
1195 1279 1276 1306 bonis
1301 1278 1433 1306 fructibus
1446 1275 1620 1313 implebatur,
1643 1281 1783 1307 custodem

1000 1325 1032 1351 ad
1047 1323 1201 1358 prmsidium
1214 1322 1354 1351 obtinebat
1369 1330 1443 1356 enm,
1464 1324 1510 1358 qui
1532 1328 1637 1352 structo
1663 1326 1785 1352 taberna-

999 1369 1074 1402 culo,
1091 1377 1106 1396 e
1120 1368 1229 1396 sublimi
1248 1369 1373 1396 observat
1387 1372 1416 1396 et
1438 1369 1549 1404 respicit
1565 1369 1682 1397 vineam.
1709 1369 1785 1403 Quod

999 1415 1021 1442 si
1035 1414 1139 1441 fructus
1155 1413 1217 1448 ejus
1233 1413 1382 1446 auferatur,
1400 1418 1463 1441 tunc
1478 1418 1580 1446 custos,
1594 1422 1627 1441 ne
1641 1415 1667 1441 in
1685 1421 1785 1442 vanum

1000 1459 1114 1491 laboret,
1131 1459 1336 1486 tabernaculum
1353 1459 1494 1488 desertum
1509 1458 1675 1495 relinquens,
1694 1461 1787 1488 absce-

1000 1506 1040 1533 dit
1054 1513 1069 1532 a
1082 1505 1215 1533 custodia.

963 1579 985 1608 θ
1039 1590 1120 1618 Vatis.
1141 1590 1168 1624 9,
1192 1591 1235 1618 l0.
1267 1600 1276 1616 ι
1293 1591 1327 1618 Ει
1347 1591 1399 1619 nisi
1421 1591 1550 1619 Dominus
1575 1591 1696 1618 Sabaoth
1724 1591 1787 1618 reli-

1002 1636 1105 1672 quisset
1125 1635 1203 1663 nobis
1226 1643 1318 1663 semen
1331 1656 1343 1668 ,ι
1357 1637 1435 1671 quasi
1456 1635 1573 1663 Sodoma
1591 1636 1746 1668 fuissemus,
1759 1642 1787 1664 et

1002 1682 1161 1710 Gomorrhaz
1175 1681 1278 1709 similes
1289 1688 1420 1709 essemus.
1435 1681 1534 1708 Audite
1547 1681 1656 1707 verbum
1667 1681 1786 1714 Domini,

1003 1728 1138 1763 principes
1151 1726 1345 1761 Sodomorum,
1363 1726 1493 1753 attendite
1511 1725 1562 1759 legi
1586 1726 1643 1756 Dci.
1667 1726 1782 1760 populus

1003 1772 1169 1801 Gomorrhaz.
1185 1780 1194 1796 ›
1225 1771 1292 1804 Quia
1310 1771 1343 1798 de
1367 1774 1474 1805 patrum
1501 1771 1601 1804 virtute
1628 1770 1787 1805 gloriantes.

1006 1824 1134 1852 magnum
1158 1816 1310 1851 sapicbant,
1334 1819 1427 1850 utpote
1443 1815 1488 1850 qui
1508 1815 1623 1842 Abrahae
1647 1822 1738 1842 semen
1760 1819 1788 1842 et

1005 1863 1114 1890 lsraelis
1136 1866 1250 1896 nepotes
1273 1865 1366 1888 essent
1381 1881 1388 1894 ,
1407 1861 1513 1888 illorum
1532 1860 1712 1894 arrogantiam
1727 1860 1789 1894 jure

1006 1907 1142 1942 deprimit,
1170 1914 1322 1940 vanamque
1344 1913 1439 1943 eorum
1467 1905 1621 1938 opinionem
1646 1905 1679 1931 de
1701 1905 1789 1931 medio

1007 1953 1086 1985 tollit,
1103 1953 1166 1979 dum
1180 1951 1302 1986 praeclari
1317 1951 1392 1978 illius
1408 1950 1516 1977 lsraelis
1539 1950 1681 1984 principes,
1705 1949 1790 1977 Sodo-

1006 2004 1111 2024 morum
1132 1998 1270 2030 principes
1285 1999 1434 2028 nuncupat,
1455 1999 1481 2021 et
1497 1994 1624 2028 populum
1639 1993 1711 2020 illum
1731 1993 1790 2028 Dei,

1006 2042 1134 2078 populum
1159 2040 1317 2068 Gomorrha:
1347 2043 1445 2072 vocat;
1473 2043 1566 2073 utpote
1593 2039 1637 2073 qui
1658 2039 1699 2065 ob-
1716 2039 1790 2073 paria

1007 2087 1097 2115 studia
1114 2086 1167 2113 illis
1183 2085 1246 2113 olitn
1262 2085 1352 2119 impiis
1375 2085 1471 2111 similis
1487 2084 1606 2111 evaserit
1623 2093 1629 2111 :
1648 2085 1706 2111 sive
1731 2084 1792 2111 illos

1006 2132 1180 2167 principibus
1205 2131 1385 2158 Sodomorum
1410 2135 1436 2156 et
1456 2129 1616 2156 Gomorrba:
1640 2135 1791 2164 comparat,

1007 2179 1040 2206 ob
1054 2183 1195 2205 venturum
1212 2175 1264 2202 illis
1280 2174 1434 2207 excidium;
1458 2179 1489 2201 ut
1505 2174 1602 2201 accidit
1619 2175 1724 2208 populis
1739 2173 1791 2200 So-

1009 2224 1088 2250 doma
1112 2226 1139 2249 et
1168 2221 1350 2248 Gomorrham
1372 2219 1574 2250 incolentibus,
1596 2219 1643 2254 qui
1668 2219 1790 2246 omnium

1010 2271 1149 2298 hominum
1165 2268 1317 2303 impiissimi
1331 2267 1396 2294 olim
1411 2266 1495 2293 fuisse
1516 2270 1713 2293 memorantur.

1048 2361 1118 2388 Vsus
1139 2360 1190 2392 ll,
1211 2359 1255 2386 12.
1278 2368 1287 2384 ι
1303 2358 1370 2390 Quid
1395 2357 1460 2384 mihi
1480 2356 1622 2383 multitudo
1641 2356 1792 2384 sacritlcio-

1010 2415 1068 2435 rum
1083 2410 1244 2438 vestrorum.
1268 2405 1333 2432 dicit
1349 2403 1500 2431 Dominus?
1524 2403 1624 2431 Plenus
1643 2410 1701 2430 sum
1720 2402 1796 2430 holo-

1009 2453 1110 2480 caus1is
1121 2452 1236 2478 arietum
1251 2460 1256 2476 :
1272 2455 1299 2478 et
1316 2452 1421 2486 adipem
1435 2457 1576 2485 agnorum,
1590 2454 1617 2477 et
1633 2449 1789 2483 sanguinem

1011 2503 1149 2526 taurorum
1172 2503 1199 2524 et
1215 2498 1357 2525 hircorum
1373 2496 1445 2529 nolo,
1465 2503 1517 2523 nec
1546 2495 1659 2522 veniatis
1680 2495 1706 2520 in
1728 2500 1794 2519 cou-

1010 2550 1132 2578 spectnm
1159 2551 1258 2570 meum.
1276 2543 1342 2575 Quis
1359 2543 1430 2570 enim
1450 2542 1591 2576 requisivit
1615 2540 1671 2566 hmo
1693 2539 1724 2564 de
1740 2545 1796 2564 ma-

1015 2589 1095 2615 nibus
1119 2588 1238 2614 vestris?
1260 2598 1268 2612 ι
1284 2587 1437 2621 Eosilaque
1464 2593 1555 2613 sermo
1587 2582 1716 2616 respicit,
1750 2581 1794 2615 qui

1013 2633 1113 2660 atrocia
1136 2637 1230 2660 contra
1247 2632 1389 2659 Dominum
1402 2630 1511 2666 aggredi
1538 2628 1608 2659 ausi,
1632 2626 1796 2658 sacriﬁciis,

1011 2678 1188 2705 libaminibus
1224 2677 1339 2712 aliisque
1366 2676 1514 2704 secundum
1547 2673 1631 2707 legem
1660 2672 1797 2706 corporeis

1012 2723 1171 2750 ministeriis
1188 2722 1272 2749 Deum
1285 2731 1314 2749 se
1330 2722 1439 2757 placare
1455 2725 1533 2754 posse
1547 2723 1642 2753 putant
1659 2725 1665 2744 :
1680 2718 1795 2752 aitque;

1014 2777 1023 2793 ι
1036 2768 1106 2801 Quid
1140 2768 1204 2795 mihi
1233 2767 1377 2795 multitudo
1402 2764 1599 2792 sacriﬁciorum
1616 2768 1797 2794 .vestrorum.

1012 2813 1076 2840 dicit
1093 2813 1239 2840 Dominus?
1254 2822 1264 2838 ι
1282 2817 1308 2840 ct
1321 2816 1429 2847 cetera.
