2059 3215
300 158 336 188 95
644 154 779 184 EUSEBll
797 153 1034 183 CESARIENSIS
1051 152 1127 183 OPP.
1149 153 1239 182 PARS
1256 153 1302 182 Ill.
1327 169 1350 174 —
1375 152 1581 182 EXEGETICA.
1901 158 1936 186 96

339 218 420 246 Vsus.
445 218 536 245 l5-l5.
558 226 568 244 ι
582 216 698 245 Calcare
722 216 822 244 atrium
842 222 930 243 meum
949 223 1004 243 non
1024 214 1082 249 adji

1182 224 1192 241 ι
1210 215 1311 242 Πατιίν
1337 215 1381 250 τὴν
1406 215 1492 251 αὐλήν
1517 224 1569 250 μου
1588 215 1619 241 οὐ
1642 215 1838 251 προσθήσεσθε.
1872 217 1936 244 Ἐὰν

300 263 392 291 elatis.
412 261 440 289 Si
460 261 575 289 tuleritis
592 261 721 295 similam,
734 268 835 288 vanum
850 261 1012 296 thymiama,
1027 261 1092 288 abo-

301 309 417 336 minatio
428 308 560 336 mlhiest.
583 307 748 335 Neomenias
766 311 884 339 vestras,
909 311 937 334 et
960 306 1092 340 Sabbata,

300 359 330 382 et
344 354 414 381 diem
433 356 559 389 magnam
578 361 632 381 non
646 353 705 381 fero
723 351 881 388 :jejunium
906 357 934 380 et
958 352 1091 380 cessatio-

300 407 363 427 nem
380 404 407 427 et
423 400 582 427 ueomeuias
598 403 706 427 vestras
723 404 751 426 et
777 399 964 427 solemnitates
985 404 1092 426 vestras

299 446 358 473 odit
377 447 468 472 anima
487 453 556 472 mea.
576 445 654 472 Facti
674 445 743 472 estis
768 445 835 472 mihi
860 446 886 472 in
912 445 1091 472 satietatem:

301 499 354 519 non
371 492 440 518 ultra
461 492 582 519 tolerabo
595 496 708 526 peccata
723 496 826 519 vestra.
843 491 876 518 Et
888 499 950 519 cum
960 491 1092 518 extende-

300 538 362 565 ritis
377 545 472 564 manus
493 542 598 564 vestras
619 538 652 564 ad
674 544 729 571 me,
751 542 872 565 avertam
903 538 996 565 oculos
1017 544 1091 565 meos

299 590 314 609 a
329 583 407 610 vobis
425 592 432 609 :
447 588 474 609 et
491 582 512 609 si
526 582 772 617 tnultiplicaveritis
786 583 1024 617 supplicationem,
1037 590 1088 609 nou

298 629 443 656 exaudiam
461 633 522 656 v’os:
537 636 599 656 nam
612 636 708 656 manus
718 634 815 656 vestrae
827 629 958 664 sanguine
975 629 1088 664 plenzea

298 674 352 702 Sed
364 675 427 709 quia
443 683 495 701 non
512 680 699 710 cognoverunt
715 675 872 707 Dominum,
897 681 924 703 ct
946 676 1009 710 quia
1038 683 1090 703 non

298 720 493 747 intellexerunt
526 728 599 753 eum,
626 721 689 755 quia
719 721 924 755 dereliquerunt
953 728 1034 753 eum,
1065 726 1091 748 ct

299 765 478 793 irritaveruut
500 771 624 793 sanctum
650 766 732 793 lsraet
748 776 755 794 :
773 771 801 793 et
830 767 862 793 ad
891 767 948 794 haec
981 767 1089 799 omnia,

299 811 363 845 quia
383 819 479 838 manus
491 818 587 838 eorum
607 812 737 846 sanguine
751 812 837 846 plena:
855 812 976 845 fuerunt,
989 813 1023 839 ob
1039 820 1091 839 ca!-

298 856 358 883 dem
375 856 488 889 Christi,
501 864 581 891 quam
595 861 653 891 post
670 861 816 884 sexcentos
833 857 1009 891 interemptos
1027 864 1090 892 pro-

297 901 405 935 phetas,
418 906 620 936 perpetrarent,
639 906 666 928 et
683 903 816 936 sanguine
839 902 933 937 repleti
949 908 1028 935 sunt;
1047 903 1089 930 his

295 947 421 975 omnibus
439 948 594 978 recensitis,
614 955 719 975 necnon
739 948 806 982 legis
823 948 977 981 solutione,
995 949 1087 983 templi

295 992 415 1024 excidio,
432 1000 464 1019 ac
483 993 647 1019 omnimodis
673 992 830 1026 suppliciis;
857 994 978 1027 peccati,
1012 994 1088 1028 cujus

294 1045 376 1064 causa
393 1039 451 1065 haec
466 1038 588 1072 perpessi
605 1041 679 1069 sunt,
695 1037 814 1071 speciem
827 1037 924 1064 edocet
939 1047 945 1064 :
962 1038 1088 1072 ipsosque

294 1086 418 1114 accusat,
433 1090 486 1109 non
502 1082 536 1109 de
555 1082 691 1109 idolorum
708 1082 793 1113 cultu.
813 1089 867 1109 non
889 1083 922 1109 de
941 1082 1086 1116 adulterio,

294 1133 344 1153 nec
363 1126 397 1153 de
409 1127 542 1160 avaritia;
560 1127 607 1154 sed
626 1127 660 1154 de
673 1128 758 1154 caede.
774 1126 842 1154 Nam
859 1120 933 1154 6mm
950 1128 1087 1162 impietate

292 1177 320 1199 et
335 1172 480 1207 iniquitate
505 1173 626 1200 deterior
648 1177 692 1200 est
712 1180 806 1200 eorum
825 1178 921 1201 contra
942 1173 1086 1201 Dominum

293 1218 424 1251 insania;
442 1219 499 1245 haec
520 1218 620 1255 quippe
644 1225 695 1244 vox
719 1218 827 1245 illorttm
852 1224 894 1246 est
911 1228 917 1245 :
946 1228 955 1244 ι
969 1218 1086 1254 Sanguis

293 1261 353 1295 ejus
369 1269 452 1296 super
468 1270 517 1290 nos
535 1267 562 1289 et
577 1269 659 1297 super
676 1262 746 1290 ﬁlios
762 1267 871 1290 nostros
883 1264 904 1290 ⁸.
920 1272 929 1288 ι
952 1263 1000 1290 llic
1021 1271 1085 1291 san-

293 1307 353 1342 guis
366 1307 427 1334 illos
442 1308 566 1342 pristinis
591 1308 760 1343 optimisqtte
786 1309 1009 1342 possessionibus
1027 1310 1084 1343 pri-

294 1354 366 1380 vavit
382 1363 388 1381 :
404 1355 448 1382 hic
462 1355 575 1390 sanguis
587 1354 647 1382 illos
660 1361 708 1390 per
725 1357 811 1382 totum
827 1354 922 1382 orbem
938 1354 1084 1390 inquilinos

292 1398 394 1426 effecit.

330 1444 411 1473 Vens.
435 1447 478 1479 l6,
492 1445 534 1474 l7.
557 1456 565 1472 ι
579 1445 735 1479 Lavamini,
753 1447 846 1474 mundi
865 1451 962 1481 estote,
977 1446 1084 1474 auferte

291 1491 410 1518 malitias
432 1491 467 1519 de
487 1492 631 1520 animabus
655 1493 754 1520 vestris
777 1493 812 1519 ab
842 1492 929 1520 oculis
954 1493 1079 1520 vestris:

1146 261 1247 297 φέρητε
1263 261 1418 297 σεμίδαλιν,
1442 262 1555 297 μάταιον
1572 261 1707 297 θυμίαμα,
1727 262 1865 298 βδέλυγμά
1891 262 1935 298 μοί

1143 308 1212 334 ἐστι.
1234 308 1290 339 Τὰς
1313 307 1461 343 νουμηνίας
1482 307 1577 343 ὑμῶν,
1606 308 1653 335 καὶ
1671 308 1705 334 τὰ
1727 308 1864 340 Σάϐϐατα,
1888 309 1934 335 xui.
1948 332 1957 335 -

1143 354 1252 390 ἡμέραν
1268 353 1389 389 μεγάλην
1403 354 1453 380 οὐκ
1470 354 1612 389 ἀνέχομαι,
1629 354 1755 389 νηστείαν
1772 355 1819 381 καὶ
1836 355 1934 390 ἀργίαν

1142 399 1191 426 καὶ
1205 399 1255 431 τὰς
1269 399 1418 435 νουμηνίας
1432 399 1509 435 ὑμῶν
1527 400 1574 427 καὶ
1587 399 1638 431 τὰς
1654 400 1750 435 ἑορτὰς
1767 399 1845 435 ὑμῶν
1862 401 1933 435 μισεῖ

1141 439 1249 481 ἡψυχὴ
1272 453 1334 480 μου.
1352 445 1516 480 Ἐγενήθητέ
1534 454 1579 480 μοι
1593 446 1633 476 εἰς
1649 445 1809 482 πλησμονήν
1820 454 1826 461 ·
1842 447 1932 473 οὐκέτι

1143 492 1235 527 ἀνήσω
1264 492 1309 523 τὰς
1326 491 1462 527 ἁμαρτίας
1479 491 1565 526 ὑμῶν.
1593 492 1678 518 Ὅταν
1703 492 1751 523 τὰς
1776 493 1872 527 χεῖρας
1886 493 1933 518 ὲκ-

1141 538 1246 572 τείνητε
1264 538 1327 573 πρὸς
1344 538 1387 573 μὲ,
1402 538 1566 573 ἀποστρέψω
1579 539 1640 569 τοὺς
1654 538 1808 573 ὀφθαλμούς
1821 547 1871 574 μου
1885 539 1932 573 ἀφ’

1143 583 1219 617 ὑμῶν
1229 591 1235 597 ’
1254 583 1301 608 καὶ
1314 582 1361 608 ἐὰν
1376 582 1530 617 πληθύνητε
1541 582 1588 618 τὴν
1599 582 1700 617 δέησιν,
1715 583 1765 608 οὐκ
1776 582 1932 609 εἰσακούσο-

1145 637 1192 663 μαι
1207 629 1283 662 ὑμῶν
1295 636 1301 644 ·
1320 629 1347 654 αἱ
1363 628 1416 664 γὰρ
1434 630 1525 662 χεῖρες
1546 627 1622 662 ὑμῶν
1640 629 1755 663 αἵματος
1773 629 1896 664 πλήρεις.
1919 638 1929 655 ι

1148 673 1264 700 Ἀλλ“ὅτι
1275 673 1311 709 μὴ
1325 673 1446 707 ἔγνωσαν
1456 674 1501 700 τὸν
1518 673 1629 709 Κύριον,
1643 673 1690 700 καὶ
1701 674 1741 700 ὅτι
1758 675 1794 710 μὴ
1812 674 1934 710 συνῆκαν

1142 720 1237 751 αὑτὸν,
1262 721 1302 746 ὅτι
1321 720 1500 754 ἐγκατέλιπον
1525 720 1616 751 αὐτὸν,
1635 721 1682 747 καὶ
1708 720 1871 756 παρώξυναν
1885 721 1931 748 τὸν

1142 766 1218 800 ἂγιον
1237 766 1283 792 τοῦ
1307 766 1430 802 Ἰσραὴλ,
1451 767 1499 793 καὶ
1520 767 1588 801 πρὸς
1606 767 1691 793 ἅπασι
1709 767 1824 800 τούτοις,
1847 768 1887 795 ὅτι
1902 768 1931 795 αἱ

1142 813 1232 847 χεῖρες
1257 812 1347 838 αὐτῶν
1373 812 1517 846 γεγόνασιν
1543 813 1659 847 αἵματος
1678 813 1791 848 πλήρεις
1811 813 1856 840 διὰ
1880 813 1931 849 τῆς

1142 858 1212 884 κατὰ
1228 858 1275 884 τοῦ
1290 859 1409 893 Χριστοῦ
1425 859 1591 894 μιαιφονίας,
1609 859 1642 894 ἣν
1655 859 1723 894 μετὰ
1742 860 1841 895 μυρίας
1857 868 1930 894 προ-

1143 903 1321 938 φητοκτονίας
1335 903 1507 938 εἰργάσαντο,
1520 904 1567 930 καὶ
1579 904 1723 938 γεγόνασιν
1735 905 1852 939 αἵματος
1862 905 1930 940 πλήο

1142 957 1208 983 ρεις,
1221 948 1308 974 πάντα
1324 948 1389 982 γοῦν
1403 949 1555 981 διεξελθὼν,
1567 949 1614 975 καὶ
1628 949 1677 985 τὴν
1690 949 1737 976 τοῦ
1750 950 1831 985 νόμου
1842 950 1928 984 λύσιν,

1140 994 1187 1020 καὶ
1202 993 1250 1019 τοῦ
1268 993 1332 1020 ναοῦ
1345 994 1393 1029 τὴν
1407 995 1565 1026 κατάλυσιν,
1583 995 1629 1021 καὶ
1646 995 1694 1027 τὰς
1706 996 1877 1028 παντοδαπὰς
1887 1004 1929 1023 τι⁵

1141 1040 1256 1075 μωρίας,
1282 1040 1312 1066 τὸ
1337 1039 1406 1072 εἶδος
1421 1041 1470 1076 τῆς
1492 1041 1631 1077 ἁμαρτίας
1653 1041 1783 1075 ἐδίδαξεν,
1807 1038 1837 1068 οὗ
1849 1042 1928 1078 χάριν

1139 1085 1290 1112 πεπόνθασι
1302 1094 1308 1100 ·
1330 1087 1376 1112 καὶ
1396 1088 1544 1122 κατηγορεῖ
1563 1086 1663 1118 αὐτῶν,
1682 1087 1732 1113 οὐκ
1749 1086 1867 1114 είδιὶιλων
1885 1088 1929 1114 θε-

1140 1130 1267 1165 ραπείαν,
1281 1131 1341 1157 οὐδὲ
1354 1132 1477 1166 μοιχείαν
1493 1133 1539 1158 καὶ
1555 1132 1722 1166 πλεονεξίαν,
1738 1132 1806 1160 ἀλλὰ
1821 1142 1929 1168 μιαιφο-

1138 1177 1206 1203 νίαν.
1223 1177 1318 1212 Πάσης
1335 1178 1389 1213 γὰρ
1409 1178 1568 1210 δυσσεῦείας
1590 1179 1636 1205 καὶ
1652 1179 1834 1214 παρανομίας,
1850 1179 1929 1214 χαλε-

1138 1223 1249 1258 πωτέρα
1263 1224 1279 1258 ἡ
1292 1224 1362 1250 κατὰ
1379 1223 1426 1250 τοῦ
1441 1224 1546 1259 Κυρίου
1563 1224 1644 1259 μανία
1657 1233 1664 1240 ·
1680 1224 1771 1251 αὐτῶν
1787 1224 1842 1260 γάρ
1855 1224 1929 1252 ἐστιν

1137 1269 1154 1304 ἡ
1166 1269 1251 1304 φωνὴ,
1272 1279 1281 1294 ‹
1305 1269 1341 1295 Τὸ
1353 1266 1421 1304 αἷμα
1437 1268 1519 1296 αὐτοῦ
1528 1270 1571 1304 ἐφ’
1583 1270 1658 1305 ἡμᾶς
1671 1269 1719 1296 καὶ
1738 1269 1784 1295 ἐπὶ
1798 1269 1832 1296 τὰ
1846 1269 1929 1296 τέκνα.

1136 1314 1225 1348 ἡμῶν.
1250 1324 1258 1339 ι
1273 1314 1357 1340 Τοῦτο
1372 1315 1402 1340 τὸ
1415 1311 1493 1349 αἷμα,
1507 1315 1557 1350 τῆς
1570 1314 1686 1346 παλαιᾶς
1703 1314 1801 1346 αὐτοὺς
1817 1314 1929 1350 ἐστέρη-

1138 1368 1183 1386 σεν
1198 1359 1345 1395 εὐκληρίας
1356 1369 1362 1375 ι
1379 1360 1459 1387 τοῦτο
1474 1360 1504 1386 τὸ
1524 1357 1594 1396 αἷμα
1609 1360 1751 1396 μετοίκους
1773 1359 1823 1394 τῆς
1839 1359 1928 1386 οἰκου-

1137 1406 1221 1441 μένης
1234 1406 1368 1441 ἀπέφηνε.

1173 1462 1182 1477 ‹
1200 1451 1340 1478 Λούσασοε
1351 1473 1357 1485 ,
1375 1452 1490 1487 καθαροὶ
1510 1451 1633 1486 γένεσθε,
1647 1451 1761 1487 ἀφέλετε
1777 1452 1828 1484 τὰς
1843 1459 1928 1488 πονη-

1137 1500 1198 1534 ρίας
1215 1499 1268 1525 ἀπὸ
1289 1499 1343 1525 τῶν
1359 1499 1453 1534 ψυχῶν
1470 1499 1546 1534 ὑμῶν
1564 1500 1696 1526 ἀπέναντι
1710 1501 1764 1527 τῶν
1780 1499 1928 1535 ὀφθαλμῶν

291 1537 424 1570 quiescite
450 1545 464 1564 a
485 1537 597 1565 malitiis
615 1539 715 1565 vestris
728 1558 736 1571 ,
755 1539 850 1566 discite
865 1538 933 1566 bene
948 1539 1050 1567 facere.
1070 1548 1079 1565 ›

1136 1544 1223 1580 ὑμῶν·
1242 1544 1383 1571 παύσασθε
1408 1545 1462 1571 ἀπὺ
1484 1545 1537 1571 τῶν
1563 1546 1699 1581 πονηριῶν
1724 1546 1811 1582 ὑμῶν,
1826 1546 1926 1581 μάθετε

291 1583 443 1610 Admodum
472 1588 673 1618 consequenter
698 1590 843 1620 postquam
864 1585 952 1620 prima
977 1586 1083 1614 dixerat

290 1627 372 1660 Deus,
388 1628 432 1655 his
456 1628 520 1655 item
540 1634 704 1657 memoratos
728 1631 909 1658 Sodomorum
932 1631 1081 1666 principes,

287 1679 322 1699 ac
338 1673 464 1707 populum
478 1673 637 1701 Gomorrhze
650 1674 676 1701 in
693 1682 768 1710 spem
786 1676 884 1703 bonam
904 1676 1036 1704 transfert
1054 1680 1082 1704 et

288 1722 403 1751 evocat;
429 1719 452 1745 si
477 1719 609 1747 malitiam
626 1720 805 1756 deponentes,
832 1725 859 1749 et
888 1729 903 1749 a
929 1722 1081 1750 voluntario

289 1763 336 1791 Illo
353 1766 503 1792 secundum
518 1773 679 1802 corpoream
698 1767 783 1802 legem
798 1767 874 1795 cultu
890 1769 1079 1802 abscedentes,

289 1809 363 1836 Novo
377 1809 564 1845 Testamento,
574 1820 706 1848 novzeque
718 1813 770 1848 legi
785 1819 813 1841 et
827 1814 910 1841 verbo
922 1815 1079 1849 obsequen-

289 1860 329 1883 tcs
343 1855 454 1884 fuerint.
473 1857 655 1891 Quamobrem
673 1865 816 1894 postquam
835 1868 865 1887 ea
889 1868 948 1895 qum
970 1860 1080 1889 Veteris

286 1899 453 1928 Testamenti
467 1907 557 1935 erant,
571 1904 687 1938 carptim
703 1905 809 1940 tetigit,
827 1905 893 1932 Novi
911 1905 1078 1933 Testamenti

287 1948 418 1981 mysteria
436 1948 550 1976 inducit.
579 1950 643 1983 Quae
658 1950 715 1984 ipse
738 1950 765 1976 in
782 1950 937 1985 Evangeliis
955 1952 1077 1984 tradidit,

286 1989 389 2033 dicens,
407 1999 416 2015 ε
432 1990 487 2018 Nisi
514 1992 576 2026 quis
604 1998 715 2020 renatus
731 1993 813 2020 fuerit
826 2002 859 2021 ex
880 2003 951 2030 aqua
965 2001 992 2022 et
1016 1996 1079 2030 Spi-

287 2035 350 2067 ritu,
370 2043 421 2062 nou
438 2037 550 2063 intrabit
571 2037 597 2063 in
615 2045 729 2072 regnum
746 2038 875 2065 cmlorttm
889 2041 910 2065 ".
926 2050 988 2066 ι-ι
1000 2040 1077 2074 Quaa-

286 2080 338 2107 rite
350 2081 495 2115 judicium,
513 2082 628 2110 liberate
644 2084 951 2123 oppressumnjudicate
963 2086 1075 2120 pupillo,

284 2126 421 2154 defendite
432 2128 551 2155 viduam.
566 2138 575 2154 ι
597 2128 624 2156 ld
641 2134 683 2156 est
695 2137 709 2156 a
730 2130 834 2157 malitia
847 2131 981 2164 translati,
1005 2132 1074 2159 uein

284 2178 319 2199 eo
331 2172 485 2206 steterilis;
502 2173 549 2200 sed
565 2174 648 2200 vitam
672 2175 773 2202 virtute
787 2179 912 2203 ornatam
930 2176 1073 2211 suscipite.

320 2300 402 2330 Vens.
421 2302 464 2330 l8.
489 2312 498 2329 ι
514 2303 546 2330 Et
567 2304 666 2338 venite,
685 2309 712 2332 et
729 2306 999 2340 disceptemus,'dicit
1020 2309 1074 2336 Do-

284 2347 374 2375 minus
392 2358 398 2375 :
415 2354 442 2375 et
469 2350 492 2377 si
519 2350 621 2378 fuerint
648 2358 759 2385 peccata
774 2357 865 2380 vestra
889 2358 919 2380 ut
942 2362 1074 2389 purpura,

282 2394 464 2427 quasinivem
485 2395 635 2429 dealbabo;
655 2401 683 2424 et
699 2398 720 2425 si
738 2397 839 2425 fuerint
864 2403 894 2425 ut
919 2401 1071 2432 coccinum,

281 2439 359 2474 quasi
377 2439 466 2467 lanam
484 2441 626 2469 dealbabo.
645 2451 654 2468 ›
672 2442 774 2471 Deinde
789 2445 866 2480 quasi
891 2445 917 2471 in
942 2444 1070 2472 tribunali

280 2492 330 2519 ego
353 2490 380 2513 et
397 2494 445 2514 vos
465 2486 647 2521 disceplemus
666 2498 673 2516 :
689 2497 739 2525 ego
768 2491 877 2525 quidem
905 2498 1071 2518 enumerans

281 2535 381 2563 quanta
397 2532 447 2558 sim
462 2539 476 2558 a
487 2532 563 2559 vobis
579 2540 735 2568 perpessus,
749 2540 777 2562 et
795 2539 897 2570 quanta
915 2536 993 2563 vobis
1009 2544 1070 2563 mu-

281 2583 345 2602 nera
361 2577 524 2605 contulerim
540 2587 547 2605 :
561 2586 592 2606 ac
609 2581 747 2614 quomodo
762 2586 823 2616 post
846 2586 919 2608 tanta
936 2581 1068 2615 facinora,

281 2622 401 2649 omnium
419 2623 554 2651 malorum
576 2630 731 2653 vestrorum
747 2626 863 2660 oblitus,
880 2632 988 2655 vestras
1001 2635 1069 2662 pra:-

282 2667 355 2694 dicto
367 2671 499 2703 sanguine
512 2677 664 2705 purpureas
681 2671 787 2699 animas
800 2673 1018 2706 emundaverim,
1036 2681 1068 2701 ae

280 2720 328 2746 pcr
359 2713 498 2742 lavacrum
530 2716 747 2751 regenerationis
773 2717 835 2745 nive
868 2718 1069 2754 splendidiores

307 2783 317 2799 ‘
331 2783 518 2820 Matthgxm,
528 2786 574 2814 '25.
613 2787 624 2803 '
639 2786 720 2815 Joan.
735 2794 777 2821 ttl,
793 2787 820 2816 5.

314 2843 352 2878 (5)
386 2843 453 2872 Haec
464 2844 527 2873 item
544 2845 672 2881 exprimit
687 2845 867 2882 Hieronymus
879 2847 913 2877 ad
928 2847 1000 2876 hunc
1013 2846 1064 2877 loc.

1136 1588 1218 1616 καλὸν
1236 1591 1332 1616 ποιεῖν.
1354 1599 1363 1615 ι
1380 1589 1486 1625 Σφόδρα
1507 1590 1571 1624 γοῦν
1593 1590 1748 1622 ἀκολούθως
1770 1590 1804 1617 τὰ
1829 1590 1927 1625 πρῶτα

1136 1636 1255 1672 εἰρηκὼς
1267 1637 1281 1663 6
1294 1636 1370 1668 Θεὸς,
1389 1636 1428 1663 ἔτι
1442 1637 1488 1664 καὶ
1499 1638 1585 1664 ταῦτα
1597 1637 1664 1673 πρὸς
1678 1638 1741 1669 τοὺς
1757 1637 1927 1672 δηλωθέντας

1135 1682 1268 1718 ἄρχοντας
1283 1682 1417 1717 Σοδόμων,
1430 1682 1477 1709 καὶ
1494 1682 1538 1709 τὸν
1555 1682 1618 1709 λαὺν
1635 1682 1776 1718 Γομόρρας
1790 1682 1925 1718 διεξέρχε-

1134 1736 1179 1754 ται
1194 1727 1244 1763 (5),
1269 1728 1315 1754 ἐπὶ
1333 1727 1438 1762 ἀγαθὰς
1452 1727 1562 1759 ἐλπίδας
1584 1728 1681 1759 αὐτοὺς
1694 1727 1924 1763 προκαλούμενος,

1134 1773 1158 1798 εί
1176 1772 1355 1807 μεταθέμενοι
1379 1772 1428 1807 τῆς
1452 1772 1551 1804 κακίας
1566 1773 1612 1799 καὶ
1630 1773 1678 1807 τῆς
1700 1772 1925 1808 ὲθελοθρησκείας

1134 1816 1183 1851 τῆς
1211 1816 1281 1842 κατὰ
1307 1816 1352 1842 τὸν
1383 1816 1538 1852 σωματικὸν
1567 1816 1648 1851 νόμον
1675 1817 1923 1853 ἀναχωρήσαντες,

1135 1861 1250 1897 ὑπήκοοι
1264 1861 1385 1895 γένοιντο
1400 1862 1450 1896 τῆς
1464 1862 1569 1896 Καινῆς
1588 1861 1727 1897 Διαθήκης
1740 1863 1786 1888 καὶ
1800 1861 1847 1889 τοῦ
1862 1871 1923 1889 και-

1133 1907 1177 1933 νοῦ
1194 1907 1276 1942 νόμου
1295 1908 1341 1933 καὶ
1357 1907 1446 1941 λόγου.
1463 1907 1507 1933 Διὸ
1524 1907 1591 1942 μετὰ
1602 1907 1650 1942 τὴν
1663 1907 1815 1943 παρόρασιν
1829 1907 1884 1934 τῶν
1895 1909 1923 1935 ἐν

1132 1954 1165 1988 τῇ
1178 1952 1283 1987 Παλαιᾷ
1295 1952 1427 1987 Διαθήκῃ,
1441 1952 1475 1978 τὰ
1489 1952 1538 1986 τῆς
1552 1953 1656 1987 Καινῆς
1671 1952 1809 1989 Διαθήκης
1819 1953 1923 1988 εἰσάγει

1134 1997 1284 2032 μυστήρια.
1298 1998 1331 2023 Ἀ
1344 1996 1376 2031 δὴ
1393 1997 1440 2022 καὶ
1452 1997 1479 2022 ὲν
1494 1998 1550 2028 τοῖς
1561 1997 1738 2031 Εὑαγγελίοις
1753 1998 1834 2029 αὐτὸς
1853 2006 1924 2034 παρ-

1132 2041 1218 2067 εδίδου
1235 2041 1335 2074 λέγων·
1358 2050 1367 2066 ι
1394 2040 1456 2066 Ἐὰν
1473 2041 1508 2075 μή
1537 2049 1579 2072 τις
1596 2041 1763 2077 ἁναγεννηθῇ
1778 2042 1807 2075 ἐξ
1823 2042 1920 2074 ὓδατος

1131 2086 1178 2112 καὶ
1190 2086 1354 2120 πνεύματος,
1372 2085 1402 2111 οὺ
1420 2086 1456 2119 μὴ
1474 2085 1583 2122 είσέλθῃ
1597 2087 1637 2117 εἰς
1650 2087 1699 2122 τὴν
1716 2087 1854 2122 βασιλείαν
1868 2087 1922 2114 τῶν

1129 2132 1278 2168 οὐρανῶν.»
1288 2148 1322 2152 -
1337 2142 1346 2158 ι
1367 2132 1552 2168 Ἐκζητήσατε
1566 2134 1668 2169 κρίσιν,
1683 2134 1801 2170 ῥύσασθε
1813 2135 1922 2162 ἀδικού-

1132 2187 1221 2213 μενον,
1247 2179 1359 2214 κρίνατε
1388 2179 1517 2214 ὀρφανῷ,
1542 2180 1588 2206 καὶ
1616 2180 1778 2207 δικαιώσατε
1804 2182 1889 2217 χήρᾳ.
1908 2190 1918 2207 ι

1090 2231 1116 2261 D
1132 2223 1233 2257 Ἤγουν
1249 2223 1448 2257 μεταόαλὸντες
1469 2225 1518 2259 τῆς
1535 2225 1644 2257 κακίας,
1663 2225 1700 2260 μὴ
1717 2226 1798 2262 μέχρι
1824 2226 1920 2252 τούτου

1130 2268 1219 2303 στῆτε,
1236 2268 1281 2294 τὸν
1291 2269 1319 2294 δὲ
1330 2270 1389 2295 κατ’
1402 2269 1503 2304 ἀρετὴν
1516 2270 1665 2296 ἀναλάϐετε
1681 2271 1747 2305 βίον.

1165 2323 1174 2339 ι
1193 2315 1247 2340 Καὶ
1265 2314 1351 2347 δεῦτε,
1370 2316 1416 2341 καὶ
1432 2315 1620 2351 διαλεχθῶμεν
1642 2317 1692 2351 (ϐ),
1708 2317 1783 2351 λέγει
1803 2318 1916 2354 Κύριος·

1126 2359 1174 2385 καὶ
1194 2359 1241 2386 ἐὰν
1263 2356 1329 2385 ὦσιν
1344 2361 1371 2386 αἱ
1399 2361 1532 2395 ἁμαρτίαι
1552 2361 1629 2396 ὑμῶν
1654 2361 1691 2392 ὡς
1707 2363 1856 2396 φοινικοῦν,
1879 2362 1918 2394 ὡς

1126 2405 1202 2440 χιόνα
1227 2405 1365 2432 λευκανῶ-
1382 2405 1429 2432 ἐὰν
1443 2406 1471 2432 δὲ
1488 2403 1554 2432 ὦσιν
1571 2406 1608 2438 ὡς
1622 2406 1758 2439 κόκκινον,
1779 2407 1817 2440 ὠς
1845 2407 1917 2443 ἔριον

1126 2450 1258 2478 λευκανῶ.
1280 2461 1288 2476 ν
1304 2449 1360 2477 Εἶθ’
1377 2451 1414 2482 ὡς
1429 2452 1457 2477 ὲν
1474 2452 1846 2489 δικαστηρίῳδιελεγχοῶμεν
1861 2453 1917 2488 ἐγὼ

1125 2505 1153 2522 τε
1167 2498 1212 2523 καὶ
1229 2497 1323 2532 ὑμεῖς·
1342 2496 1397 2530 ἐγὼ
1411 2496 1459 2532 μὲν
1473 2497 1523 2523 ὅσα
1536 2498 1659 2524 πέπονθα
1670 2499 1810 2534 ὑφ’ὑμῶν,
1825 2499 1876 2526 ὅσα
1887 2508 1916 2526 τε

1126 2540 1198 2574 ὑμᾶς
1213 2540 1306 2575 ἔτυχον
1323 2540 1508 2575 εὐεργετήσας
1528 2542 1794 2578 καταριθμούμενος,
1816 2544 1864 2570 καὶ
1879 2544 1918 2575 ὡς

1125 2586 1195 2621 μετὰ
1209 2586 1327 2613 τοσαῦτα
1343 2586 1569 2622 πλημμελήματα
1586 2588 1696 2615 πάντων
1713 2589 1805 2616 κακῶν
1824 2589 1916 2626 ἀμνή-

1125 2639 1215 2657 στειαν
1233 2630 1403 2665 ποιούμενος,
1419 2632 1631 2669 πεφοινιγμένας
1639 2633 1715 2669 ὑμῶν
1726 2634 1774 2666 τὰς
1783 2633 1872 2669 ψυχὰς
1883 2635 1916 2662 ἐκ

1122 2673 1168 2699 τοῦ
1189 2673 1383 2708 προλεχθέντος
1410 2675 1526 2709 αἵματος
1550 2677 1691 2713 ἐκάθηρα,
1719 2678 1915 2715 λαμπροτέρας

1122 2719 1210 2754 χιόνος
1228 2719 1313 2752 αὐτὰς
1326 2720 1370 2748 διὰ
1384 2722 1434 2758 τῆς
1445 2723 1492 2750 τοῦ
1509 2723 1622 2760 λουτροῦ
1639 2725 1851 2760 παλιγγενεσίας
1865 2734 1915 2753 κα-

1157 2844 1196 2882 (6)
1215 2845 1280 2884 Reg.
1295 2846 1415 2877 secunda
1432 2855 1524 2885 manu,
1542 2847 1752 2885 διελεγχθῶμιν.
