2059 3215
126 157 162 186 91

623 156 873 185 COMMENTARIA
892 157 928 185 ΙΝ
948 157 1067 186 ISAIAM
1097 173 1133 178 -—
1150 158 1227 187 CAP.
1247 157 1269 184 Ι.

1729 162 1763 189 98

123 214 284 252 canitur
303 215 384 251 ὑμεῖς
397 215 426 243 δὲ
441 215 468 242 εί
487 224 529 248 τις
547 215 612 252 ὑμῖν
635 217 703 253 πρὸς
722 217 770 254 τὴν
788 217 913 253 τοσαύτηε

975 217 1036 245 illas
1060 217 1266 248 constituerim,
1293 221 1343 243 vos
1370 220 1471 250 autem,
1498 216 1521 244 si
1547 217 1639 253 aliqua
1665 224 1764 259 contra

124 261 208 297 χάριν
219 261 328 287 ἕνεσται
341 261 430 295 λόγος,
449 262 489 293 είς
503 261 620 297 φανερὸν
635 261 730 289 τοῦτον
747 262 839 297 ἄγετε.

166 316 175 332 ι
193 307 249 333 Καὶ
264 306 312 333 ἐὰν
325 306 421 342 θέλητε
437 307 484 334 καὶ
501 307 681 343 εἰσακούσητέ
698 316 759 343 μου⁷
774 308 810 335 τὰ
829 309 920 343 ἀγαθὰ

122 352 175 389 τῆς
193 352 246 387 γῆς
261 352 381 386 φάγεςθε
393 360 400 368 ⁸
419 352 467 380 ὲὰν
479 353 516 389 μὴ
527 353 632 388 θέλητε,
657 354 725 389 μηδὲ
738 354 919 390 είσακούσητέ

125 407 188 434 μου,
208 399 332 434 μάχαιρα
347 398 420 434 ὑμᾶς
431 399 589 426 κατέδεται·
606 399 636 426 τὸ
651 399 705 434 γὰρ
718 401 804 436 στόμα
816 402 919 437 Κυρίου

123 444 241 480 ὲλάλησε
268 443 365 471 ταῦτα.
393 453 403 470 ι
436 443 570 471 Ἐνταῦθα
595 445 623 471 δὲ
644 445 658 471 ό
682 445 761 480 λόγος
783 445 821 477 ὡς
849 446 918 481 πρὸς

132 489 276 522 Ἰουδαίους
287 489 487 525 διαλεγόμενος,
503 487 548 516 οἷα
563 490 678 525 νηπίους
694 491 793 523 αὐτοὺς
812 491 855 518 διὰ
870 492 920 527 τῆς

127 534 289 570 σωματικῆς
304 535 469 569 ἐπαγγελίας
478 535 617 562 πείθεσθαι
624 537 681 567 τοῖς
689 536 843 572 εἰρημένοις
854 545 920 572 προ-

123 579 236 614 τρέπει·
254 574 323 615 πρδς
345 580 374 606 δὲ
397 579 443 606 τὸν
458 580 545 616 ἀληθῆ
569 581 659 615 λόγον,
683 582 735 616 γῆς
757 582 806 617 τῆς
827 581 916 617 ψυχῆς

121 625 271 660 νοουμένης
295 625 366 652 κατὰ
389 626 440 661 τὴν
463 626 597 661 σωτήριον
623 626 799 662 παραϐολήν·
828 627 845 662 ἢ
871 627 918 652 τὸν

121 670 285 705 ἐπουράνιον
299 670 407 704 λέγεται
418 671 620 706 παραδέχεσθαι
639 671 750 706 σπόρον,
770 671 915 698 ἀκόλουθόν

122 717 197 743 ἐστιν
212 715 302 750 ἀγαθὰ
312 715 401 751 ψυχῆς
414 717 482 743 νοεῖν
493 715 609 751 ἦτοιτὰς
624 718 684 742 κατ’
696 717 797 752 ἀρετὴν
814 725 915 752 προκο-
924 729 930 734 -

121 761 177 792 πάς
195 762 242 788 καὶ
258 760 423 793 τελειώσεις,
440 761 512 796 ἢητὰ
529 761 724 796 ἐπηγγελμένα
742 762 813 797 αὐτῇ
831 762 860 788 ἓν
880 763 914 797 τῇ

119 805 177 833 τῶν
200 806 324 842 οὐρανῶν
344 806 478 842 βασιλείᾳ.
498 807 581 833 Ὅθεν
596 807 664 843 πρὸς
689 808 739 842 μὲν
759 807 808 842 τὴν
825 806 914 840 λέξιν,

119 852 218 879 αὐτίκα
235 853 291 884 τοῖς
305 852 393 886 λόγοις
406 853 584 888 ἐπηκολούθει
599 854 615 888 ἡ
632 852 676 879 διὰ
690 853 744 879 τῶν
759 853 847 889 ἔργων
867 853 913 879 ἕκ-

972 269 1074 293 tantam
1098 264 1213 301 gratiam
1232 264 1310 291 adest
1326 263 1408 296 ratio,
1423 270 1482 291 eam
1502 264 1607 299 publice
1631 267 1759 300 proferte.

1007 311 1089 339 Vens.
1103 310 1147 343 19,
1161 309 1208 337 20.
1231 319 1240 335 ι
1264 309 1297 337 Ει
1311 310 1333 337 si
1344 305 1491 338 volueritis
1504 315 1532 338 et
1548 311 1688 339 audieritis
1702 320 1756 344 me,

970 356 1039 383 bona
1071 360 1151 382 terrae
1175 354 1342 387 comedetis;
1369 355 1440 390 quod
1472 355 1496 382 si
1521 355 1682 389 nolueritis,
1710 365 1762 385 nec

970 400 1111 427 audieritis
1136 407 1203 432 me,
1238 399 1344 434 gladius
1370 407 1417 428 vos
1447 400 1587 427 devorabit
1608 411 1614 428 :
1643 409 1703 428 nam
1729 409 1761 430 os

970 446 1075 473 Domini
1093 445 1150 473 haec
1174 445 1294 474 locutum
1321 450 1374 473 est.
1390 455 1399 472 ι
1416 445 1465 474 Hic
1479 447 1557 481 quasi
1572 446 1679 475 Iudaeos
1695 449 1761 476 allo-

969 498 1067 527 quens,
1095 492 1168 526 ipsos
1190 499 1241 518 ceu
1267 491 1386 519 infantes
1400 499 1450 526 per
1466 498 1625 526 corpoream
1643 493 1760 527 promis-

969 538 1074 564 sionem
1095 537 1230 568 hortatur,
1245 541 1273 563 ut
1289 536 1371 563 dictis
1386 537 1597 570 obtemperent;
1617 543 1645 564 at
1659 545 1758 565 secun-

968 583 1031 610 dum
1049 589 1141 609 veram
1160 581 1328 616 intelligendi
1352 582 1495 612 rationem,
1521 590 1582 608 cum
1608 587 1678 609 terra
1708 584 1762 617 pro‘

968 627 1056 654 anima
1074 627 1222 662 reputantis
1242 626 1289 658 sit,
1304 626 1454 653 secundum
1469 627 1621 654 Salvatoris
1638 628 1758 661 parabo-

967 671 1021 698 lam
1038 678 1045 700 :
1063 679 1124 706 quae
1139 676 1211 698 terra
1226 671 1338 698 caeleste
1361 678 1451 698 semen
1476 672 1615 706 suscipere
1641 672 1756 705 dicitur;

967 717 1030 744 hinc
1045 716 1221 751 consequitur
1233 715 1330 742 animae
1349 716 1418 743 bona
1436 717 1481 744 hic
1496 724 1557 744 esse
1573 717 1757 752 intelligenda,

965 759 1071 786 Scilicet
1085 759 1235 794 profectutn
1252 764 1280 787 et
1297 759 1491 794 perfectionem
1508 761 1654 788 secundum
1673 762 1759 788 virtu-

966 809 1019 832 tem
1034 811 1190 839 acceptam,
1217 805 1260 832 vel
1287 805 1358 832 bona
1384 805 1435 839 ipsi
1461 806 1488 832 in
1515 813 1599 841 regno
1622 807 1757 835 ccelorum

964 851 1110 885 promissa.
1133 851 1306 886 Quapropter
1326 851 1477 878 secundum
1502 850 1622 878 litteram
1637 852 1758 886 quidem,

119 898 199 929 ϐασις
209 907 216 913 ·
230 899 404 934 παραχρῆμα
420 899 474 934 γὰρ
490 900 537 926 καὶ
548 900 598 925 οὐκ
613 901 653 931 εις
668 899 777 935 μακρὰν
790 900 814 925 οἱ
830 899 910 926 ἀπει-

963 897 1046 924 verba
1067 904 1158 924 rerum
1182 901 1295 924 eventus
1324 904 1386 924 mox
1411 902 1575 924 COIISCCllluS
1605 902 1665 930 est;
1692 906 1756 924 nam

119 943 260 979 ϐήσαντες,
273 946 307 980 τῇ
323 944 378 971 τῶν
397 945 534 980 πολεμίων
556 945 679 981 μαχαίρᾳ
700 945 890 981 παρεδόθησαν
902 953 909 960 ·

119 981 405 1022 ὲπελθόντωνάὺτοῖς
427 991 571 1025 Ῥωμαίων
584 1011 592 1023 ,
620 992 667 1018 καὶ
695 992 814 1027 πολέμου
837 992 912 1028 νόμῳ

119 1035 225 1067 πάντας
240 1036 466 1071 χειρωσαμένων·
485 1038 509 1063 εἰ
526 1037 555 1064 δὲ
575 1037 622 1064 καὶ
638 1036 777 1072 διαϐολική
794 1037 836 1068 τίς
853 1038 912 1063 ἐστι

120 1081 253 1116 μάχαιρα,
269 1081 411 1118 καὶταύτῃ
422 1081 524 1109 ἔκδοτοι
537 1082 676 1117 γεγόνασι,
692 1081 735 1109 διὰ
752 1082 782 1108 τὸ
795 1081 906 1116 ἀπειθῆ-

119 1133 165 1153 σαι
180 1128 212 1162 τῇ
230 1126 280 1162 κλή
287 1135 326 1153 πει
338 1127 387 1162 τῆς
398 1127 445 1154 τοῦ
457 1127 524 1154 Θεοῦ
540 1128 662 1164 χάριτος.

153 1214 237 1245 «Πῶς
253 1213 363 1248 ἐγένετο
384 1214 470 1250 πόρνη
494 1215 572 1247 πόλις
595 1215 678 1251 πιστὴ
699 1215 778 1247 Σιὼν,
805 1216 913 1252 πλήρης

115 1259 249 1295 κρίσεως;
268 1259 297 1286 ὲν
316 1256 504 1297 ᾖδικαιοσύνη
523 1260 658 1296 ἐκοιμήθη
675 1261 704 1286 ὲν
728 1261 807 1296 αὐτῇ,
827 1261 873 1287 νῦν
885 1261 913 1288 δὲ

114 1305 254 1340 φονευταί.
268 1314 330 1331 ι-ι
346 1305 412 1332 Τίνα
425 1305 478 1332 τῶν
495 1305 643 1341 προφητῶν
655 1306 703 1332 οὐκ
712 1306 876 1333 ἀπέκτειναν
889 1307 912 1332 oi

114 1350 233 1386 πατέρες
243 1351 320 1386 ὑμῶν
330 1350 377 1377 καὶ
388 1351 482 1386 ὑμεῖς;
495 1360 504 1377 ι
516 1351 644 1378 Διδάσκει
652 1351 741 1378 τοίνυν
753 1351 767 1377 ὁ
775 1351 853 1386 λόγος
861 1351 912 1387 (7),

113 1396 153 1429 ὡς
182 1396 267 1423 πάλαι
284 1395 333 1432 μὲν
350 1396 400 1431 τὴν
416 1396 493 1423 πόλιν
518 1396 629 1432 ῷκησαν
653 1396 748 1432 ἄνδρες
757 1397 857 1429 πιστοὶ,
879 1396 913 1423 δι’

113 1437 153 1468 ὧν
169 1441 252 1476 πιστὴ
269 1441 346 1473 πόλις
357 1441 557 1477 ἐχρημάτιζεν·
574 1441 669 1477 ὥσπερ
686 1441 719 1468 ἂν
736 1441 764 1469 εἴ
773 1450 814 1473 τις
830 1443 912 1473 εἴποι,

113 1485 221 1512 πιστῶν
238 1485 315 1516 πόλις
326 1493 332 1501 ’
356 1485 424 1512 ἀλλὰ
441 1485 488 1512 καὶ
507 1485 615 1521 πλήρης
628 1486 745 1521 κρίσεως
761 1483 795 1521 ἦν
811 1486 858 1513 καὶ
874 1486 913 1512 δι-

112 1531 272 1567 καιοσύνης,
290 1531 328 1564 ὡς
348 1531 381 1558 ἂν
400 1532 537 1569 ὲναρέτων
557 1531 652 1567 ψυχῶν
670 1532 826 1568 οἱκητήριόν
847 1541 912 1559 ποτε

109 1577 259 1614 γενομένη’
272 1578 313 1604 διὸ
322 1579 501 1614 κεκοιμᾶσθαι
513 1578 541 1605 ὲν
554 1579 622 1614 αὐτῇ
636 1577 818 1614 δικαιοσύνην,
830 1587 910 1605 τουτ-

109 1624 196 1656 έστιν,
220 1624 360 1659 ἐνοικῆσαι
385 1625 432 1651 καὶ
459 1624 667 1651 ἀναπεπαῦσθαι
687 1623 805 1660 εἴρηται.
823 1625 911 1651 Πάλαι

109 1670 169 1704 γὰρ
180 1670 287 1706 πλήρης
303 1669 404 1697 τούτων
417 1670 548 1705 ἐτύγχανε
559 1679 566 1686 ’
588 1670 658 1706 τάχα
682 1679 733 1696 που
755 1670 827 1697 κατὰ
848 1671 912 1702 τοὺς

107 1715 227 1750 χρόνους
247 1715 338 1748 Δαυῒδ,
353 1716 382 1748 ὃς
399 1716 507 1752 πρῶτος
530 1716 596 1742 ὲλὼν
613 1716 662 1752 τὴν
678 1716 756 1743 πόλιν
772 1718 804 1743 ἑκ
821 1717 912 1752 χειρὸς

108 1760 281 1796 ἀλλοφύλων,
297 1762 345 1797 τὴν
360 1762 474 1788 κιϐωτὸν
489 1762 535 1788 τοῦ
563 1762 630 1788 Θεοῦ
644 1763 690 1789 καὶ
701 1762 751 1798 τὴν
766 1762 868 1798 σκηνὴν
881 1763 911 1790 ὲν

107 1807 182 1842 αὐτῇ
200 1807 397 1842 κατεστήσατο,
412 1807 493 1838 αὐτός
519 1816 548 1834 τε
563 1807 647 1843 αὐτὴν
660 1807 752 1843 ᾤκησε
777 1807 910 1843 βασίλειον

107 1852 260 1886 ἀποδείξας
275 1852 384 1885 ἑαυτοῦ,
396 1853 433 1884 ὡς
445 1853 612 1888 χρηματίσαι
626 1853 702 1880 πόλιν
717 1854 806 1881 Δανῖδ.

150 1952 161 1969 ί
174 1942 213 1968 Τδ
224 1941 355 1977 ἀργύριον
369 1941 446 1976 ὑμῶν
465 1941 608 1976 ἀδόκιμον
629 1941 654 1967 οἱ
674 1941 792 1976 κάπηλοι
810 1950 857 1968 σου
870 1941 910 1977 μί-

110 1996 210 2023 σγουσι
226 1987 273 2014 τὸν
288 1984 360 2014 οἶνον
372 1986 457 2014 ὕδατι.
469 1996 478 2012 ι
495 1985 550 2013 Ἦν
562 1987 617 2021 γὰρ
632 1987 662 2012 τὺ
677 1986 808 2023 ἀργύριον
820 1987 909 2013 αὐτῶν

109 2035 253 2069 ἀδόκιμον,
274 2033 367 2068 ἐπειδὴ
388 2033 458 2069 μετὰ
473 2031 711 2067 τὸτὲκπορνεῦσαι,
736 2032 783 2058 καὶ
814 2040 909 2067 φονευ-

109 2080 161 2112 τᾶς
171 2078 309 2114 γενέσθαι,
332 2077 543 2114 προσεποιοῦντο
558 2076 714 2108 θεοσεϐείας
729 2076 806 2111 λόγον
818 2078 908 2111 ἀπαγ-

109 2125 218 2160 γέλλειν
234 2125 281 2151 καὶ
296 2124 345 2155 τὰς
360 2123 434 2155 θείας
449 2122 561 2159 Γραφὰς
575 2123 764 2159 διερμηνεύειν
779 2123 827 2150 καὶ
845 2123 907 2149 δευ-

110 2171 244 2207 τερὼσεις
262 2169 381 2206 μυθικὰς
394 2169 529 2196 ποιεῖσθαι
543 2168 597 2195 τῶν
607 2168 839 2204 ἀναγνωσμάτων.
854 2169 908 2195 Καὶ

111 2217 191 2244 αὐτοὶ
205 2216 233 2242 δὲ
247 2217 272 2242 οἱ
281 2215 441 2242 διδάσκαλοι
455 2214 544 2241 αὐτῶν
556 2213 758 2249 καπηλεύοντες
771 2214 820 2249 τὴν
837 2213 906 2240 διδα-
925 2233 946 2260 D

112 2262 238 2294 σκαλίαν,
254 2261 370 2297 κάπηλοι
388 2261 535 2297 προσφυῶς
550 2260 747 2296 ὠνομάσθησαν
766 2260 909 2295 μιγνύντες

110 2309 157 2335 τὸν
173 2306 244 2334 οἶνον
263 2308 347 2339 ὕδατι,
374 2307 445 2343 λόγῳ
468 2307 640 2342 ὲξυδαροῦντι
661 2307 706 2333 τὸν
725 2306 843 2342 ἄκρατον
861 2306 908 2333 καὶ

110 2354 306 2381 ὲπιατυπτικδν
318 2354 372 2380 τῶν
391 2352 576 2380 θεοπνεύστων
593 2352 710 2388 Γραφῶν
725 2352 786 2379 νοῦν
799 2352 842 2379 διὰ
858 2355 907 2388 τῆς

112 2399 235 2437 μυοικῆς
245 2399 333 2428 αὐτῶν
349 2401 395 2427 καὶ
411 2399 548 2437 ληρώδους
558 2398 755 2433 δευτερώσεως.

151 2501 161 2518 ι
172 2492 204 2519 Oi
231 2491 356 2527 ἄρχοντές
373 2500 417 2518 σου
432 2490 583 2522 ἀπειθοῦσι,
605 2489 728 2517 κοινωνοὶ
746 2488 878 2515 κλεπτῶν.
893 2497 902 2513 ι

114 2538 193 2564 Οὕτω
212 2537 373 2571 καλούμενοι
397 2537 448 2563 ὑπὸ
467 2536 513 2564 τοῦ
531 2537 660 2571 Σωτῆρος
683 2535 732 2570 οὐχ
745 2535 883 2569 ὑπήκουον
898 2541 904 2548 ·

115 2582 208 2614 ἁπλῶς
222 2582 250 2609 δὲ
265 2583 361 2614 εἰπεῖν,
371 2582 429 2617 Θεῷ
444 2582 610 2614 ἀπειθοῦσιν,
624 2581 793 2612 ἐκκλίνοντες
804 2580 850 2611 ἀπ’
862 2579 910 2605 αὺ-

111 2629 161 2656 ⁴τοῦ
177 2628 224 2655 καὶ
247 2629 301 2659 τοῖς
316 2627 535 2662 διατεταγμένοις
551 2628 597 2655 ὑπ’
614 2627 698 2654 αὐτοῦ
715 2626 753 2662 μὴ
774 2625 909 2662 ἐμμένον-

113 2681 170 2707 τες,
194 2683 203 2698 ι
218 2673 380 2707 ἀγαπῶντες
396 2672 479 2708 δῶρα,
498 2673 640 2705 διώκοντες
660 2672 843 2707 ἀνταπόδομα,
865 2672 911 2707 ὀρ-

115 2719 210 2752 φανοῖς
224 2718 255 2744 οὺ
270 2719 418 2754 κρίνοντες,
433 2718 480 2744 καὶ
505 2718 594 2754 κρίσιν
608 2717 700 2754 χηρῶν
715 2717 746 2743 οὐ
762 2717 911 2752 προσέχον-

150 2774 161 2789 ⁸
181 2775 200 2801 Α
222 2777 231 2800 t
258 2781 306 2806 vn,
324 2775 370 2802 52.

962 942 1117 974 confestim,
1144 950 1194 970 nec
1215 943 1300 970 multo
1321 949 1382 977 post
1397 943 1489 977 elapso
1507 948 1638 978 tempore,
1662 943 1757 972 immo-

963 987 1046 1023 rigeri
1059 987 1096 1014 illi
1112 988 1205 1022 gladio
1220 988 1393 1015 inimicorum
1407 989 1499 1015 traditi
1512 994 1585 1022 sunt,
1599 990 1757 1024 irrumpen-

965 1033 1036 1060 tibus
1053 1033 1187 1060 Romanis
1202 1041 1235 1060 ac
1254 1033 1318 1060 belli
1330 1033 1388 1067 lege
1400 1034 1506 1061 cunctis
1527 1034 1552 1061 in
1569 1035 1757 1069 captivitatem

962 1078 1093 1112 redactis;
1108 1079 1180 1113 quod
1206 1078 1228 1105 si
1257 1078 1410 1106 diabolicus
1436 1079 1545 1113 gladius
1574 1079 1669 1111 fuerit,
1693 1080 1756 1107 huic

963 1132 1072 1159 quoque
1093 1124 1175 1152 dediti
1195 1129 1271 1158 sunt,
1294 1125 1366 1160 quod
1390 1125 1499 1152 vocanti
1520 1125 1614 1160 gratia:
1633 1125 1681 1152 Dei
1701 1132 1756 1153 non

963 1169 1194 1204 obtemperarent.

1001 1215 1082 1243 Vens.
1102 1216 1149 1243 2|.
1172 1225 1182 1242 ‹
1206 1217 1346 1250 Quomodo
1363 1218 1434 1246 facta
1455 1222 1496 1246 est
1511 1218 1642 1246 meretrix
1655 1218 1758 1246 civitas

965 1261 1053 1289 ﬁdelis
1068 1261 1145 1294 Sion,
1160 1261 1239 1297 plena
1251 1262 1366 1297 judiciil
1381 1263 1408 1290 itt
1424 1270 1477 1298 qua
1488 1263 1596 1297 justitia
1615 1264 1756 1296 dormivit,

964 1314 1037 1334 nunc
1056 1311 1147 1334 autem
1164 1307 1318 1335 homicidae.
1339 1317 1348 1334 ι
1370 1323 1406 1328 -
1425 1316 1435 1333 ι
1458 1308 1542 1342 Quem
1559 1308 1755 1343 prophetarum

964 1358 1019 1378 non
1038 1350 1235 1378 interfecerunt
1255 1356 1345 1387 patres
1373 1352 1455 1380 vestri
1480 1357 1508 1379 et
1522 1360 1569 1380 vos
1583 1353 1616 1379 '?
1640 1362 1650 1378 ι
1672 1353 1755 1381 Docet

965 1396 1048 1432 igitur
1058 1396 1123 1424 olim
1140 1397 1249 1431 quidem
1273 1397 1413 1425 civitatem
1439 1397 1586 1425 lncoluisse
1611 1398 1703 1426 ﬁdeles
1716 1399 1755 1426 vi-

965 1449 1021 1475 ros,
1037 1449 1153 1477 quorum
1174 1449 1256 1470 causa
1271 1442 1369 1470 civitas
1395 1443 1482 1470 ﬁdelis
1504 1443 1667 1476 vouabatur;
1688 1451 1720 1470 ac
1732 1444 1754 1471 si

965 1487 1028 1522 quis
1042 1487 1155 1520 diceret,
1170 1487 1268 1515 civitas
1290 1487 1430 1521 ﬁdelium;
1449 1488 1504 1515 imo
1522 1487 1605 1515 etiam
1619 1487 1698 1523 plena
1711 1488 1757 1523 ju-

966 1532 1030 1560 dicii
1046 1537 1106 1561 erat
1117 1538 1143 1561 ct
1164 1533 1293 1568 iustitiae,
1312 1538 1405 1568 utpote
1427 1540 1486 1568 qua:
1511 1534 1660 1569 probarunt
1688 1533 1755 1561 olim

965 1577 1118 1605 animarum
1133 1578 1302 1606 domicilium
1326 1579 1408 1606 fuerit
1425 1588 1433 1606 :
1459 1586 1544 1614 quare
1555 1570 1660 1613 justitia
1681 1579 1708 1606 in
1722 1587 1754 1606 ea

963 1623 1141 1656 dormivisse,
1156 1624 1182 1651 id
1199 1629 1251 1657 est,
1269 1625 1438 1653 inhabitasse
1450 1629 1478 1652 et
1488 1624 1624 1659 quievisse
1643 1624 1754 1652 dicitur.

963 1669 1034 1705 Olim
1054 1670 1155 1705 quippe
1172 1671 1272 1699 talibus
1299 1671 1378 1706 plena
1404 1671 1469 1699 viris
1493 1676 1569 1704 erat;
1591 1676 1620 1698 ut
1639 1670 1756 1698 fortasse

964 1714 1090 1750 tempore’
1116 1715 1236 1749 Davidis,
1265 1717 1310 1752 qui
1338 1717 1444 1751 primus
1470 1717 1565 1744 urbem
1591 1716 1692 1750 eripuit
1719 1723 1754 1743 ex

963 1761 1090 1788 manibus
1130 1760 1347 1796 allopbylorum,
1373 1769 1466 1789 arcam
1497 1752 1544 1789 Dei
1569 1766 1597 1789 et
1628 1760 1757 1788 taberna-

963 1804 1054 1832 culum
1076 1805 1112 1833 ibi
1136 1806 1250 1846 .posuit,
1280 1806 1308 1833 in
1335 1813 1421 1842 caque
1447 1806 1504 1842 ipse
1532 1806 1673 1838 habitavit,
1708 1812 1754 1832 rc-

961 1851 1090 1886 giamque
1109 1851 1253 1879 constituit
1267 1872 1275 1883 ,
1296 1851 1332 1878 ita
1351 1856 1380 1879 ut
1404 1851 1500 1879 civitas
1526 1851 1611 1878 David
1631 1851 1755 1886 appella—

963 1901 1047 1924 retur.

995 1942 1079 1970 Vens.
1097 1943 1143 1970 22.
1161 1952 1170 1969 ‹
1190 1943 1339 1977 Argentum
1365 1947 1484 1969 vestrum
1511 1949 1564 1970 non
1583 1942 1725 1977 probatum
1743 1951 1752 1970 :

961 1995 1098 2023 caupones
1117 1989 1156 2015 tui
1177 1989 1270 2014 vinum
1297 1995 1368 2022 aqua
1388 1987 1515 2015 miscent.
1537 1997 1546 2014 ι
1570 1987 1690 2022 Eratque
1706 1995 1751 2014 ar-

961 2037 1071 2066 gentum
1082 2040 1176 2060 corum
1194 2039 1247 2059 non
1260 2033 1416 2067 probatum,
1434 2033 1496 2067 quia
1509 2037 1651 2067 postquam
1664 2032 1752 2059 forni-

960 2078 1027 2105 carii
1041 2083 1069 2106 et
1080 2078 1223 2106 homicidae
1234 2072 1297 2106 sunt
1308 2077 1408 2111 cﬁecli,
1421 2086 1450 2105 se
1460 2086 1530 2105 rem:
1542 2078 1678 2113 religionis
1692 2086 1752 2106 ver-

961 2124 1023 2151 bum
1036 2125 1198 2152 annuntiarc
1215 2129 1243 2152 et
1264 2125 1370 2152 divinas
1396 2125 1552 2160 Seripluras
1578 2125 1751 2159 interpretari

960 2169 1140 2203 simulabant,
1157 2170 1221 2197 dum
1239 2170 1373 2198 fabulosas
1396 2170 1555 2198 deuteroses
1572 2171 1605 2197 ad
1626 2170 1751 2198 lectionis
1771 2180 1774 2182 ·

961 2217 1170 2251 explicationem
1185 2216 1354 2244 adhiberent.
1381 2217 1509 2244 Doctores
1529 2223 1594 2244 vero
1617 2216 1750 2250 ipsorum,

963 2263 1008 2298 qui
1025 2263 1175 2290 doctrinam
1195 2263 1433 2296 cattponabautur,
1461 2269 1476 2288 e
1489 2269 1518 2288 re
1533 2269 1672 2296 caupones
1685 2262 1751 2289 dicti

962 2313 1035 2341 sunt,
1054 2308 1098 2342 qui
1113 2308 1203 2334 viuum
1221 2314 1291 2341 aqua
1316 2307 1475 2339 miscebant,
1497 2307 1560 2333 dum
1584 2314 1708 2334 sermone
1724 2307 1752 2333 in

961 2361 1057 2388 aquam
1086 2353 1221 2385 resoluto,
1237 2360 1340 2380 meram
1365 2357 1392 2380 et
1419 2353 1572 2380 testi-ictam
1597 2352 1749 2380 divinarum

961 2398 1163 2433 Srriplurartlm
1183 2403 1297 2425 mentem
1321 2406 1369 2433 per
1388 2398 1589 2426 commentitias
1605 2406 1668 2426 suas
1683 2398 1749 2426 deu-

962 2448 1065 2469 teroses
1078 2442 1225 2469 fmdarent.

1000 2487 1080 2514 Vsus.
1095 2487 1142 2514 25.
1163 2496 1172 2513 ι
1190 2487 1330 2522 Principes
1342 2487 1379 2514 ttti
1394 2495 1446 2514 non
1464 2487 1666 2523 obtemperant,
1681 2485 1741 2514 soci

961 2532 1061 2560 furum.
1076 2541 1087 2559 ι
1107 2533 1154 2560 Sic
1178 2533 1267 2560 vocati
1285 2540 1299 2559 a
1325 2531 1474 2559 Servatore
1499 2540 1551 2559 nou
1576 2532 1746 2564 obtempera—

959 2577 1087 2605 bantzin
1106 2586 1222 2610 sutnma,
1251 2578 1305 2605 Deo
1331 2582 1494 2613 repugnant,
1521 2576 1690 2604 declinantes
1715 2574 1750 2600 ab

959 2630 1002 2656 eo,
1018 2628 1046 2652 et
1059 2623 1086 2651 in
1101 2624 1245 2660 praeceptis
1259 2624 1318 2658 ejus
1332 2631 1384 2651 non
1402 2627 1555 2654 manentes,
1574 2630 1584 2646 ι
1603 2619 1745 2662 diligentes

962 2677 1085 2701 munera,
1105 2669 1310 2697 retributionem
1335 2671 1539 2703 persequentes,
1565 2664 1668 2700 pupillo
1695 2672 1749 2692 ιιοί

958 2714 1123 2749 judicantcs,
1140 2718 1167 2741 ct
1187 2721 1298 2741 causam
1324 2713 1408 2739 viduae
1435 2717 1486 2737 non
1515 2710 1714 2738 attendentes:
1738 2719 1747 2734 ι

151 2820 275 2862 (7l_|l:cc
296 2820 431 2848 nonnullis
454 2821 566 2862 adiectis
591 2808 736 2862 manifeste
758 2818 899 2848 transtulit
930 2817 1122 2854 Hieronymus,
1140 2817 1185 2853 qui
1211 2817 1247 2844 ait
1267 2826 1273 2843 :
1290 2815 1344 2843 Nec
1365 2814 1466 2850 ambigo
1487 2815 1569 2862 [uiue
1586 2815 1611 2843 in
1632 2824 1662 2842 ca
1683 2824 1746 2844 sca-

117 2861 170 2883 ειυς
187 2856 264 2889 viras,
278 2861 304 2884 et
322 2862 433 2889 cetera,
448 2862 508 2890 quae
526 2854 563 2882 ibi
577 2855 687 2883 videsis.
