  <div class='ocr_page' id='page_1' title='image "/cluster/home/n/w/nwhite01/storage/ocr_20150623/24/njp.32101077772513/057.png"; bbox 0 0 2059 3215; ppageno 0'>
   <div class='ocr_carea' id='block_1_1' title="bbox 292 129 1572 164">
    <p class='ocr_par' dir='ltr' id='par_1_1' title="bbox 292 129 1572 164">
     <span class='ocr_line' id='line_1_1' title="bbox 292 129 1572 164; baseline -0.004 0"><span class='ocrx_word' id='word_1_1' title='bbox 292 135 329 164; x_wconf 76' lang='grc'>99</span> <span class='ocrx_word' id='word_1_2' title='bbox 632 132 764 161; x_wconf 84' lang='lat' dir='ltr'><strong>EUSEBII</strong></span> <span class='ocrx_word' id='word_1_3' title='bbox 784 131 1027 160; x_wconf 62' lang='lat' dir='ltr'><strong>CIESARIENSIS</strong></span> <span class='ocrx_word' id='word_1_4' title='bbox 1047 131 1122 159; x_wconf 80' lang='lat' dir='ltr'><strong>OPP.</strong></span> <span class='ocrx_word' id='word_1_5' title='bbox 1145 129 1233 158; x_wconf 81' lang='lat' dir='ltr'><strong>PARS</strong></span> <span class='ocrx_word' id='word_1_6' title='bbox 1253 130 1297 158; x_wconf 86' lang='grc'><strong>111.</strong></span> <span class='ocrx_word' id='word_1_7' title='bbox 1325 130 1572 160; x_wconf 69' lang='grc' dir='ltr'><strong>-ΕΧΕΟΕΤΙΕᾹ,</strong></span> 
     </span>
    </p>
   </div>
   <div class='ocr_carea' id='block_1_2' title="bbox 1878 136 1928 163">
    <p class='ocr_par' dir='ltr' id='par_1_2' title="bbox 1878 136 1928 163">
     <span class='ocr_line' id='line_1_2' title="bbox 1878 136 1928 163; baseline 0 0"><span class='ocrx_word' id='word_1_8' title='bbox 1878 136 1928 163; x_wconf 83' lang='grc'><strong>100</strong></span> 
     </span>
    </p>
   </div>
   <div class='ocr_carea' id='block_1_3' title="bbox 292 183 1086 228">
    <p class='ocr_par' dir='ltr' id='par_1_3' title="bbox 292 186 1080 225">
     <span class='ocr_line' id='line_1_3' title="bbox 292 186 1080 225; baseline -0.006 -7"><span class='ocrx_word' id='word_1_9' title='bbox 292 197 354 219; x_wconf 91' lang='lat' dir='ltr'><strong>cum</strong></span> <span class='ocrx_word' id='word_1_10' title='bbox 364 189 500 225; x_wconf 80' lang='lat' dir='ltr'><strong>proditore</strong></span> <span class='ocrx_word' id='word_1_11' title='bbox 510 188 578 216; x_wconf 81' lang='lat' dir='ltr'><strong>Juda</strong></span> <span class='ocrx_word' id='word_1_12' title='bbox 587 188 693 215; x_wconf 74' lang='lat' dir='ltr'><strong>iurante</strong></span> <span class='ocrx_word' id='word_1_13' title='bbox 702 191 905 220; x_wconf 86' lang='lat' dir='ltr'><strong>concurrentes,</strong></span> <span class='ocrx_word' id='word_1_14' title='bbox 915 186 985 221; x_wconf 84' lang='lat' dir='ltr'><strong>juris</strong></span> <span class='ocrx_word' id='word_1_15' title='bbox 996 186 1080 221; x_wconf 65' lang='lat' dir='ltr'><strong>requi-</strong></span> 
     </span>
    </p>
   </div>
   <div class='ocr_carea' id='block_1_4' title="bbox 1138 183 1935 228">
    <p class='ocr_par' dir='ltr' id='par_1_4' title="bbox 1138 183 1935 228">
     <span class='ocr_line' id='line_1_4' title="bbox 1138 183 1935 228; baseline 0.01 -17"><span class='ocrx_word' id='word_1_16' title='bbox 1138 194 1187 218; x_wconf 73' lang='grc' dir='ltr'>τες.</span> <span class='ocrx_word' id='word_1_17' title='bbox 1200 195 1209 212; x_wconf 73' lang='grc' dir='ltr'><strong>ι</strong></span> <span class='ocrx_word' id='word_1_18' title='bbox 1227 186 1274 221; x_wconf 73' lang='grc' dir='ltr'><strong>Τῷ</strong></span> <span class='ocrx_word' id='word_1_19' title='bbox 1285 183 1330 213; x_wconf 73' lang='grc' dir='ltr'><strong>οὖν</strong></span> <span class='ocrx_word' id='word_1_20' title='bbox 1346 185 1463 222; x_wconf 85' lang='grc' dir='ltr'>προδότῃ</span> <span class='ocrx_word' id='word_1_21' title='bbox 1470 187 1555 223; x_wconf 73' lang='grc' dir='ltr'>Ἰούδᾳ</span> <span class='ocrx_word' id='word_1_22' title='bbox 1569 188 1709 215; x_wconf 81' lang='grc' dir='ltr'><strong>κλέπτοντι</strong></span> <span class='ocrx_word' id='word_1_23' title='bbox 1720 190 1866 227; x_wconf 78' lang='grc' dir='ltr'>συνιόντες,</span> <span class='ocrx_word' id='word_1_24' title='bbox 1879 193 1935 228; x_wconf 48' lang='grc' dir='ltr'>τὴν*</span> 
     </span>
    </p>
   </div>
   <div class='ocr_carea' id='block_1_5' title="bbox 294 234 703 263">
    <p class='ocr_par' dir='ltr' id='par_1_5' title="bbox 294 234 703 263">
     <span class='ocr_line' id='line_1_5' title="bbox 294 234 703 263; baseline -0.007 0"><span class='ocrx_word' id='word_1_25' title='bbox 294 234 377 263; x_wconf 72' lang='lat' dir='ltr'><strong>tatem</strong></span> <span class='ocrx_word' id='word_1_26' title='bbox 393 235 472 261; x_wconf 81' lang='lat' dir='ltr'><strong>donis</strong></span> <span class='ocrx_word' id='word_1_27' title='bbox 493 234 703 261; x_wconf 82' lang='lat' dir='ltr'><strong>venumdabant.</strong></span> 
     </span>
    </p>
   </div>
   <div class='ocr_carea' id='block_1_6' title="bbox 331 279 1125 315">
    <p class='ocr_par' dir='ltr' id='par_1_6' title="bbox 331 279 1125 315">
     <span class='ocr_line' id='line_1_6' title="bbox 331 279 1125 315; baseline -0.005 -7"><span class='ocrx_word' id='word_1_28' title='bbox 331 281 411 309; x_wconf 72' lang='lat' dir='ltr'><strong>Vsus.</strong></span> <span class='ocrx_word' id='word_1_29' title='bbox 427 281 543 308; x_wconf 69' lang='grc' dir='ltr'>εει-εδ.</span> <span class='ocrx_word' id='word_1_30' title='bbox 571 290 581 307; x_wconf 88' lang='grc'><em>‹</em></span> <span class='ocrx_word' id='word_1_31' title='bbox 600 281 743 315; x_wconf 71' lang='lat' dir='ltr'><strong>Propterea</strong></span> <span class='ocrx_word' id='word_1_32' title='bbox 778 280 835 307; x_wconf 76' lang='lat' dir='ltr'><strong>lucc</strong></span> <span class='ocrx_word' id='word_1_33' title='bbox 862 280 928 307; x_wconf 88' lang='lat' dir='ltr'><strong>dicit</strong></span> <span class='ocrx_word' id='word_1_34' title='bbox 955 279 1082 306; x_wconf 85' lang='lat' dir='ltr'><strong>Dominus</strong></span> <span class='ocrx_word' id='word_1_35' title='bbox 1120 305 1125 309; x_wconf 91' lang='lat'><em>_</em></span> 
     </span>
    </p>
   </div>
   <div class='ocr_carea' id='block_1_7' title="bbox 295 325 1081 360">
    <p class='ocr_par' dir='ltr' id='par_1_7' title="bbox 295 325 1081 360">
     <span class='ocr_line' id='line_1_7' title="bbox 295 325 1081 360; baseline -0.004 -6"><span class='ocrx_word' id='word_1_36' title='bbox 295 327 426 354; x_wconf 86' lang='lat' dir='ltr'><strong>Dominus</strong></span> <span class='ocrx_word' id='word_1_37' title='bbox 441 326 560 353; x_wconf 85' lang='lat' dir='ltr'><strong>Sabaoth</strong></span> <span class='ocrx_word' id='word_1_38' title='bbox 578 336 583 352; x_wconf 91' lang='lat'><strong>:</strong></span> <span class='ocrx_word' id='word_1_39' title='bbox 599 326 643 353; x_wconf 70' lang='lat' dir='ltr'><strong>Va:</strong></span> <span class='ocrx_word' id='word_1_40' title='bbox 659 326 813 360; x_wconf 87' lang='lat' dir='ltr'><strong>potentibus</strong></span> <span class='ocrx_word' id='word_1_41' title='bbox 825 325 907 352; x_wconf 82' lang='lat' dir='ltr'><strong>Israel</strong></span> <span class='ocrx_word' id='word_1_42' title='bbox 924 335 930 352; x_wconf 90' lang='lat'>:</span> <span class='ocrx_word' id='word_1_43' title='bbox 950 333 1004 351; x_wconf 89' lang='lat' dir='ltr'><strong>non</strong></span> <span class='ocrx_word' id='word_1_44' title='bbox 1021 332 1081 351; x_wconf 85' lang='lat' dir='ltr'><strong>ces—</strong></span> 
     </span>
    </p>
   </div>
   <div class='ocr_carea' id='block_1_8' title="bbox 296 370 1081 404">
    <p class='ocr_par' dir='ltr' id='par_1_8' title="bbox 296 370 1081 404">
     <span class='ocr_line' id='line_1_8' title="bbox 296 370 1081 404; baseline -0.005 -5"><span class='ocrx_word' id='word_1_45' title='bbox 296 373 369 399; x_wconf 81' lang='lat' dir='ltr'><strong>sabit</strong></span> <span class='ocrx_word' id='word_1_46' title='bbox 390 372 460 398; x_wconf 78' lang='lat' dir='ltr'><strong>enirn</strong></span> <span class='ocrx_word' id='word_1_47' title='bbox 477 371 552 398; x_wconf 78' lang='lat' dir='ltr'><strong>furor</strong></span> <span class='ocrx_word' id='word_1_48' title='bbox 570 379 643 397; x_wconf 81' lang='lat' dir='ltr'><strong>meus</strong></span> <span class='ocrx_word' id='word_1_49' title='bbox 670 371 695 397; x_wconf 94' lang='lat' dir='ltr'><strong>in</strong></span> <span class='ocrx_word' id='word_1_50' title='bbox 712 371 889 402; x_wconf 80' lang='lat' dir='ltr'><strong>adversariis,</strong></span> <span class='ocrx_word' id='word_1_51' title='bbox 910 375 937 397; x_wconf 87' lang='lat' dir='ltr'><strong>et</strong></span> <span class='ocrx_word' id='word_1_52' title='bbox 951 370 1081 404; x_wconf 81' lang='lat' dir='ltr'><strong>judicium</strong></span> 
     </span>
    </p>
   </div>
   <div class='ocr_carea' id='block_1_9' title="bbox 297 415 1083 443">
    <p class='ocr_par' dir='ltr' id='par_1_9' title="bbox 297 415 1083 443">
     <span class='ocr_line' id='line_1_9' title="bbox 297 415 1083 443; baseline -0.005 0"><span class='ocrx_word' id='word_1_53' title='bbox 297 417 330 443; x_wconf 87' lang='lat' dir='ltr'><strong>de</strong></span> <span class='ocrx_word' id='word_1_54' title='bbox 344 417 465 443; x_wconf 74' lang='lat' dir='ltr'><strong>hostibus</strong></span> <span class='ocrx_word' id='word_1_55' title='bbox 489 417 554 443; x_wconf 85' lang='lat' dir='ltr'><strong>meis</strong></span> <span class='ocrx_word' id='word_1_56' title='bbox 569 416 675 442; x_wconf 79' lang='lat' dir='ltr'><strong>faciam.</strong></span> <span class='ocrx_word' id='word_1_57' title='bbox 696 416 728 441; x_wconf 84' lang='lat' dir='ltr'><strong>Et</strong></span> <span class='ocrx_word' id='word_1_58' title='bbox 743 415 856 441; x_wconf 75' lang='lat' dir='ltr'><strong>inferant</strong></span> <span class='ocrx_word' id='word_1_59' title='bbox 873 422 980 441; x_wconf 79' lang='lat' dir='ltr'><strong>manum</strong></span> <span class='ocrx_word' id='word_1_60' title='bbox 997 421 1083 440; x_wconf 90' lang='lat' dir='ltr'><strong>meam</strong></span> 
     </span>
    </p>
   </div>
   <div class='ocr_carea' id='block_1_10' title="bbox 297 460 1083 494">
    <p class='ocr_par' dir='ltr' id='par_1_10' title="bbox 297 460 1083 494">
     <span class='ocr_line' id='line_1_10' title="bbox 297 460 1083 494; baseline -0.004 -6"><span class='ocrx_word' id='word_1_61' title='bbox 297 467 390 488; x_wconf 90' lang='lat' dir='ltr'><strong>contra</strong></span> <span class='ocrx_word' id='word_1_62' title='bbox 412 467 446 494; x_wconf 88' lang='lat' dir='ltr'><strong>te,</strong></span> <span class='ocrx_word' id='word_1_63' title='bbox 470 466 496 487; x_wconf 89' lang='lat' dir='ltr'><strong>et</strong></span> <span class='ocrx_word' id='word_1_64' title='bbox 513 461 683 487; x_wconf 82' lang='lat' dir='ltr'><strong>inllammabu</strong></span> <span class='ocrx_word' id='word_1_65' title='bbox 707 466 731 487; x_wconf 90' lang='lat' dir='ltr'><strong>te</strong></span> <span class='ocrx_word' id='word_1_66' title='bbox 757 461 789 486; x_wconf 89' lang='lat' dir='ltr'><strong>ad</strong></span> <span class='ocrx_word' id='word_1_67' title='bbox 819 468 915 494; x_wconf 90' lang='lat' dir='ltr'><strong>purum</strong></span> <span class='ocrx_word' id='word_1_68' title='bbox 932 468 940 486; x_wconf 89' lang='lat'><strong>:</strong></span> <span class='ocrx_word' id='word_1_69' title='bbox 957 460 1083 486; x_wconf 90' lang='lat' dir='ltr'><strong>immori-</strong></span> 
     </span>
    </p>
   </div>
   <div class='ocr_carea' id='block_1_11' title="bbox 297 504 1084 541">
    <p class='ocr_par' dir='ltr' id='par_1_11' title="bbox 297 504 1084 541">
     <span class='ocr_line' id='line_1_11' title="bbox 297 504 1084 541; baseline -0.001 -9"><span class='ocrx_word' id='word_1_70' title='bbox 297 515 377 541; x_wconf 74' lang='lat' dir='ltr'><strong>geros</strong></span> <span class='ocrx_word' id='word_1_71' title='bbox 401 511 489 532; x_wconf 84' lang='lat' dir='ltr'><strong>autem</strong></span> <span class='ocrx_word' id='word_1_72' title='bbox 512 506 624 539; x_wconf 79' lang='lat' dir='ltr'><strong>perdam</strong></span> <span class='ocrx_word' id='word_1_73' title='bbox 651 511 677 532; x_wconf 88' lang='lat' dir='ltr'><strong>et</strong></span> <span class='ocrx_word' id='word_1_74' title='bbox 706 505 878 532; x_wconf 78' lang='lat' dir='ltr'><strong>consiliarios</strong></span> <span class='ocrx_word' id='word_1_75' title='bbox 905 509 965 531; x_wconf 89' lang='lat' dir='ltr'><strong>tuos</strong></span> <span class='ocrx_word' id='word_1_76' title='bbox 988 504 1084 531; x_wconf 82' lang='lat' dir='ltr'><strong>sicula</strong></span> 
     </span>
    </p>
   </div>
   <div class='ocr_carea' id='block_1_12' title="bbox 297 550 1084 587">
    <p class='ocr_par' dir='ltr' id='par_1_12' title="bbox 297 550 1084 587">
     <span class='ocr_line' id='line_1_12' title="bbox 297 550 1084 587; baseline -0.004 -8"><span class='ocrx_word' id='word_1_77' title='bbox 297 553 439 587; x_wconf 88' lang='lat' dir='ltr'><strong>principio.</strong></span> <span class='ocrx_word' id='word_1_78' title='bbox 473 561 481 577; x_wconf 71' lang='grc' dir='ltr'><strong>ι</strong></span> <span class='ocrx_word' id='word_1_79' title='bbox 502 550 681 578; x_wconf 80' lang='lat' dir='ltr'><strong>lnllammabo</strong></span> <span class='ocrx_word' id='word_1_80' title='bbox 708 556 734 577; x_wconf 90' lang='lat' dir='ltr'><strong>te</strong></span> <span class='ocrx_word' id='word_1_81' title='bbox 761 551 845 585; x_wconf 80' lang='lat' dir='ltr'><strong>igitur</strong></span> <span class='ocrx_word' id='word_1_82' title='bbox 867 551 898 577; x_wconf 93' lang='lat' dir='ltr'><strong>ad</strong></span> <span class='ocrx_word' id='word_1_83' title='bbox 923 553 1031 584; x_wconf 86' lang='lat' dir='ltr'><strong>purum,</strong></span> <span class='ocrx_word' id='word_1_84' title='bbox 1059 550 1084 576; x_wconf 88' lang='lat' dir='ltr'><strong>id</strong></span> 
     </span>
    </p>
   </div>
   <div class='ocr_carea' id='block_1_13' title="bbox 296 595 1084 630">
    <p class='ocr_par' dir='ltr' id='par_1_13' title="bbox 296 595 1084 630">
     <span class='ocr_line' id='line_1_13' title="bbox 296 595 1084 630; baseline -0.004 -6"><span class='ocrx_word' id='word_1_85' title='bbox 296 602 348 628; x_wconf 88' lang='lat' dir='ltr'><strong>est,</strong></span> <span class='ocrx_word' id='word_1_86' title='bbox 374 597 406 623; x_wconf 87' lang='lat' dir='ltr'><strong>ad</strong></span> <span class='ocrx_word' id='word_1_87' title='bbox 429 597 599 630; x_wconf 79' lang='lat' dir='ltr'><strong>purgandum</strong></span> <span class='ocrx_word' id='word_1_88' title='bbox 620 600 647 622; x_wconf 91' lang='lat' dir='ltr'><strong>et</strong></span> <span class='ocrx_word' id='word_1_89' title='bbox 671 596 879 622; x_wconf 81' lang='lat' dir='ltr'><strong>discernendum</strong></span> <span class='ocrx_word' id='word_1_90' title='bbox 902 595 1040 629; x_wconf 87' lang='lat' dir='ltr'><strong>improbos</strong></span> <span class='ocrx_word' id='word_1_91' title='bbox 1051 595 1084 621; x_wconf 91' lang='lat' dir='ltr'><strong>ab</strong></span> 
     </span>
    </p>
   </div>
   <div class='ocr_carea' id='block_1_14' title="bbox 295 640 1082 676">
    <p class='ocr_par' dir='ltr' id='par_1_14' title="bbox 295 640 1082 676">
     <span class='ocr_line' id='line_1_14' title="bbox 295 640 1082 676; baseline -0.004 -7"><span class='ocrx_word' id='word_1_92' title='bbox 295 642 416 670; x_wconf 84' lang='lat' dir='ltr'><strong>urbanis.</strong></span> <span class='ocrx_word' id='word_1_93' title='bbox 443 641 534 674; x_wconf 87' lang='lat' dir='ltr'><strong>Quare</strong></span> <span class='ocrx_word' id='word_1_94' title='bbox 564 642 713 668; x_wconf 81' lang='lat' dir='ltr'><strong>secundum</strong></span> <span class='ocrx_word' id='word_1_95' title='bbox 741 641 936 676; x_wconf 79' lang='lat' dir='ltr'><strong>Synnnachum</strong></span> <span class='ocrx_word' id='word_1_96' title='bbox 965 640 1082 667; x_wconf 89' lang='lat' dir='ltr'><strong>dicitur:</strong></span> 
     </span>
    </p>
   </div>
   <div class='ocr_carea' id='block_1_15' title="bbox 298 686 1084 720">
    <p class='ocr_par' dir='ltr' id='par_1_15' title="bbox 298 686 1084 720">
     <span class='ocr_line' id='line_1_15' title="bbox 298 686 1084 720; baseline -0.004 -6"><span class='ocrx_word' id='word_1_97' title='bbox 298 696 309 714; x_wconf 73' lang='grc' dir='ltr'><strong>ι</strong></span> <span class='ocrx_word' id='word_1_98' title='bbox 327 688 360 714; x_wconf 85' lang='grc' dir='ltr'>Ει</span> <span class='ocrx_word' id='word_1_99' title='bbox 376 686 550 713; x_wconf 83' lang='lat' dir='ltr'><strong>inﬂammabo</strong></span> <span class='ocrx_word' id='word_1_100' title='bbox 565 687 598 713; x_wconf 90' lang='lat' dir='ltr'><strong>ad</strong></span> <span class='ocrx_word' id='word_1_101' title='bbox 613 694 708 720; x_wconf 92' lang='lat' dir='ltr'><strong>purum</strong></span> <span class='ocrx_word' id='word_1_102' title='bbox 723 687 838 712; x_wconf 89' lang='lat' dir='ltr'><strong>scoriam</strong></span> <span class='ocrx_word' id='word_1_103' title='bbox 853 690 940 718; x_wconf 89' lang='lat' dir='ltr'><strong>luam;</strong></span> <span class='ocrx_word' id='word_1_104' title='bbox 961 694 969 710; x_wconf 70' lang='grc' dir='ltr'><strong>ι</strong></span> <span class='ocrx_word' id='word_1_105' title='bbox 988 692 1084 712; x_wconf 90' lang='lat' dir='ltr'><strong>secun-</strong></span> 
     </span>
    </p>
   </div>
   <div class='ocr_carea' id='block_1_16' title="bbox 296 731 1084 768">
    <p class='ocr_par' dir='ltr' id='par_1_16' title="bbox 296 731 1084 768">
     <span class='ocr_line' id='line_1_16' title="bbox 296 731 1084 768; baseline -0.005 -7"><span class='ocrx_word' id='word_1_106' title='bbox 296 734 358 761; x_wconf 90' lang='lat' dir='ltr'><strong>dum</strong></span> <span class='ocrx_word' id='word_1_107' title='bbox 385 733 510 768; x_wconf 82' lang='lat' dir='ltr'><strong>Aquilam</strong></span> <span class='ocrx_word' id='word_1_108' title='bbox 538 741 620 759; x_wconf 78' lang='lat' dir='ltr'><strong>vero:</strong></span> <span class='ocrx_word' id='word_1_109' title='bbox 645 741 654 757; x_wconf 86' lang='grc'><strong><em>‹</em></strong></span> <span class='ocrx_word' id='word_1_110' title='bbox 680 732 712 758; x_wconf 82' lang='grc' dir='ltr'>Ει</span> <span class='ocrx_word' id='word_1_111' title='bbox 732 731 903 758; x_wconf 83' lang='lat' dir='ltr'><strong>inﬂammabo</strong></span> <span class='ocrx_word' id='word_1_112' title='bbox 928 731 959 758; x_wconf 88' lang='lat' dir='ltr'><strong>ad</strong></span> <span class='ocrx_word' id='word_1_113' title='bbox 990 739 1084 765; x_wconf 93' lang='lat' dir='ltr'><strong>purum</strong></span> 
     </span>
    </p>
   </div>
   <div class='ocr_carea' id='block_1_17' title="bbox 299 777 1085 811">
    <p class='ocr_par' dir='ltr' id='par_1_17' title="bbox 299 777 1085 811">
     <span class='ocr_line' id='line_1_17' title="bbox 299 777 1085 811; baseline -0.004 -5"><span class='ocrx_word' id='word_1_114' title='bbox 299 780 409 806; x_wconf 88' lang='lat' dir='ltr'><strong>acinum</strong></span> <span class='ocrx_word' id='word_1_115' title='bbox 434 784 520 805; x_wconf 90' lang='lat' dir='ltr'><strong>tuum.</strong></span> <span class='ocrx_word' id='word_1_116' title='bbox 540 787 549 803; x_wconf 80' lang='grc' dir='ltr'><strong><em>ι</em></strong></span> <span class='ocrx_word' id='word_1_117' title='bbox 576 777 806 810; x_wconf 84' lang='lat' dir='ltr'><strong>Quemadmodum</strong></span> <span class='ocrx_word' id='word_1_118' title='bbox 832 777 903 803; x_wconf 91' lang='lat' dir='ltr'><strong>enim</strong></span> <span class='ocrx_word' id='word_1_119' title='bbox 927 777 972 811; x_wconf 90' lang='lat' dir='ltr'><strong>qui</strong></span> <span class='ocrx_word' id='word_1_120' title='bbox 1000 784 1035 803; x_wconf 62' lang='grc' dir='ltr'><strong>σεε</strong></span> <span class='ocrx_word' id='word_1_121' title='bbox 1059 781 1085 803; x_wconf 93' lang='lat' dir='ltr'><strong>et</strong></span> 
     </span>
    </p>
   </div>
   <div class='ocr_carea' id='block_1_18' title="bbox 299 822 1084 858">
    <p class='ocr_par' dir='ltr' id='par_1_18' title="bbox 299 822 1084 858">
     <span class='ocr_line' id='line_1_18' title="bbox 299 822 1084 858; baseline -0.004 -7"><span class='ocrx_word' id='word_1_122' title='bbox 299 825 404 851; x_wconf 80' lang='lat' dir='ltr'><strong>ferrum</strong></span> <span class='ocrx_word' id='word_1_123' title='bbox 418 824 479 858; x_wconf 78' lang='lat' dir='ltr'><strong>igne</strong></span> <span class='ocrx_word' id='word_1_124' title='bbox 495 827 621 858; x_wconf 80' lang='lat' dir='ltr'><strong>purgant,</strong></span> <span class='ocrx_word' id='word_1_125' title='bbox 638 823 753 849; x_wconf 86' lang='lat' dir='ltr'><strong>scoriam</strong></span> <span class='ocrx_word' id='word_1_126' title='bbox 768 822 914 856; x_wconf 86' lang='lat' dir='ltr'><strong>abjicinnt,</strong></span> <span class='ocrx_word' id='word_1_127' title='bbox 929 827 958 848; x_wconf 88' lang='lat' dir='ltr'><strong>et</strong></span> <span class='ocrx_word' id='word_1_128' title='bbox 974 822 1018 856; x_wconf 89' lang='lat' dir='ltr'><strong>qui</strong></span> <span class='ocrx_word' id='word_1_129' title='bbox 1036 824 1084 848; x_wconf 87' lang='lat' dir='ltr'><strong>bo—</strong></span> 
     </span>
    </p>
   </div>
   <div class='ocr_carea' id='block_1_19' title="bbox 1134 230 1742 268">
    <p class='ocr_par' dir='ltr' id='par_1_19' title="bbox 1134 230 1742 268">
     <span class='ocr_line' id='line_1_19' title="bbox 1134 230 1742 268; baseline 0.007 -12"><span class='ocrx_word' id='word_1_130' title='bbox 1134 230 1267 266; x_wconf 86' lang='grc' dir='ltr'>ὸρθότητα</span> <span class='ocrx_word' id='word_1_131' title='bbox 1280 231 1326 257; x_wconf 80' lang='grc' dir='ltr'><strong>τοῦ</strong></span> <span class='ocrx_word' id='word_1_132' title='bbox 1339 231 1443 257; x_wconf 80' lang='grc' dir='ltr'><strong>δικαίου</strong></span> <span class='ocrx_word' id='word_1_133' title='bbox 1456 231 1552 267; x_wconf 80' lang='grc' dir='ltr'><strong>δώροις</strong></span> <span class='ocrx_word' id='word_1_134' title='bbox 1563 233 1742 268; x_wconf 79' lang='grc' dir='ltr'>ἐπίπρασκον.</span> 
     </span>
    </p>
   </div>
   <div class='ocr_carea' id='block_1_20' title="bbox 1173 276 1928 315">
    <p class='ocr_par' dir='ltr' id='par_1_20' title="bbox 1173 276 1928 315">
     <span class='ocr_line' id='line_1_20' title="bbox 1173 276 1928 315; baseline 0.009 -14"><span class='ocrx_word' id='word_1_135' title='bbox 1173 286 1181 301; x_wconf 81' lang='grc' dir='ltr'>ι</span> <span class='ocrx_word' id='word_1_136' title='bbox 1197 277 1246 302; x_wconf 82' lang='grc' dir='ltr'><strong>Διὰ</strong></span> <span class='ocrx_word' id='word_1_137' title='bbox 1257 276 1335 302; x_wconf 76' lang='grc' dir='ltr'>τοῦτο</span> <span class='ocrx_word' id='word_1_138' title='bbox 1351 277 1411 303; x_wconf 79' lang='grc' dir='ltr'>τάδε</span> <span class='ocrx_word' id='word_1_139' title='bbox 1424 277 1497 311; x_wconf 78' lang='grc' dir='ltr'>λέγει</span> <span class='ocrx_word' id='word_1_140' title='bbox 1509 278 1611 313; x_wconf 82' lang='grc' dir='ltr'>Κύριος</span> <span class='ocrx_word' id='word_1_141' title='bbox 1628 280 1641 304; x_wconf 82' lang='grc' dir='ltr'>ὁ</span> <span class='ocrx_word' id='word_1_142' title='bbox 1654 280 1791 315; x_wconf 75' lang='grc' dir='ltr'><strong>Δεσπότης</strong></span> <span class='ocrx_word' id='word_1_143' title='bbox 1802 280 1928 315; x_wconf 69' lang='grc' dir='ltr'>Σαϐαὼθ,</span> 
     </span>
    </p>
   </div>
   <div class='ocr_carea' id='block_1_21' title="bbox 1136 322 1929 361">
    <p class='ocr_par' dir='ltr' id='par_1_21' title="bbox 1136 322 1929 361">
     <span class='ocr_line' id='line_1_21' title="bbox 1136 322 1929 361; baseline 0.008 -14"><span class='ocrx_word' id='word_1_144' title='bbox 1136 322 1202 347; x_wconf 67' lang='grc' dir='ltr'><strong>Οὐαὶ</strong></span> <span class='ocrx_word' id='word_1_145' title='bbox 1219 323 1243 347; x_wconf 80' lang='grc' dir='ltr'><strong>οἱ</strong></span> <span class='ocrx_word' id='word_1_146' title='bbox 1266 323 1400 356; x_wconf 73' lang='grc' dir='ltr'><strong>ἰσχύοντες</strong></span> <span class='ocrx_word' id='word_1_147' title='bbox 1425 323 1545 358; x_wconf 70' lang='grc' dir='ltr'>Ἰσραήλ·</span> <span class='ocrx_word' id='word_1_148' title='bbox 1569 324 1599 349; x_wconf 76' lang='grc' dir='ltr'><strong>οὐ</strong></span> <span class='ocrx_word' id='word_1_149' title='bbox 1623 324 1754 351; x_wconf 78' lang='grc' dir='ltr'>παύσεται</span> <span class='ocrx_word' id='word_1_150' title='bbox 1771 326 1826 361; x_wconf 79' lang='grc' dir='ltr'>γάρ</span> <span class='ocrx_word' id='word_1_151' title='bbox 1850 328 1929 361; x_wconf 81' lang='grc' dir='ltr'>μουό</span> 
     </span>
    </p>
   </div>
   <div class='ocr_carea' id='block_1_22' title="bbox 1136 363 1928 408">
    <p class='ocr_par' dir='ltr' id='par_1_22' title="bbox 1136 368 1928 408">
     <span class='ocr_line' id='line_1_22' title="bbox 1136 368 1928 408; baseline 0.008 -15"><span class='ocrx_word' id='word_1_152' title='bbox 1136 368 1219 403; x_wconf 85' lang='grc' dir='ltr'>Θυμὺς</span> <span class='ocrx_word' id='word_1_153' title='bbox 1234 370 1261 394; x_wconf 81' lang='grc' dir='ltr'>ἐν</span> <span class='ocrx_word' id='word_1_154' title='bbox 1275 370 1330 399; x_wconf 81' lang='grc' dir='ltr'>τοῖς</span> <span class='ocrx_word' id='word_1_155' title='bbox 1344 369 1524 401; x_wconf 77' lang='grc' dir='ltr'><strong>ὑπεναντίοις,</strong></span> <span class='ocrx_word' id='word_1_156' title='bbox 1543 371 1589 396; x_wconf 74' lang='grc' dir='ltr'>καὶ</span> <span class='ocrx_word' id='word_1_157' title='bbox 1606 371 1695 406; x_wconf 82' lang='grc' dir='ltr'><strong>κρίσιν</strong></span> <span class='ocrx_word' id='word_1_158' title='bbox 1708 372 1740 397; x_wconf 83' lang='grc' dir='ltr'>ὲκ</span> <span class='ocrx_word' id='word_1_159' title='bbox 1754 371 1808 398; x_wconf 79' lang='grc' dir='ltr'>τῶν</span> <span class='ocrx_word' id='word_1_160' title='bbox 1824 372 1928 408; x_wconf 83' lang='grc' dir='ltr'>ὲχθρῶν</span> 
     </span>
    </p>
   </div>
   <div class='ocr_carea' id='block_1_23' title="bbox 1138 415 1929 452">
    <p class='ocr_par' dir='ltr' id='par_1_23' title="bbox 1138 415 1929 452">
     <span class='ocr_line' id='line_1_23' title="bbox 1138 415 1929 452; baseline 0.009 -13"><span class='ocrx_word' id='word_1_161' title='bbox 1138 422 1187 448; x_wconf 84' lang='grc' dir='ltr'><strong>μου</strong></span> <span class='ocrx_word' id='word_1_162' title='bbox 1208 416 1326 449; x_wconf 78' lang='grc' dir='ltr'>ποιήσω·</span> <span class='ocrx_word' id='word_1_163' title='bbox 1347 415 1393 440; x_wconf 75' lang='grc' dir='ltr'>καὶ</span> <span class='ocrx_word' id='word_1_164' title='bbox 1409 415 1502 448; x_wconf 76' lang='grc' dir='ltr'>ἐπάξω</span> <span class='ocrx_word' id='word_1_165' title='bbox 1520 416 1569 451; x_wconf 76' lang='grc' dir='ltr'><strong>τὴν</strong></span> <span class='ocrx_word' id='word_1_166' title='bbox 1590 417 1669 452; x_wconf 84' lang='grc' dir='ltr'>χεῖρά</span> <span class='ocrx_word' id='word_1_167' title='bbox 1693 426 1742 452; x_wconf 90' lang='grc' dir='ltr'><strong>μου</strong></span> <span class='ocrx_word' id='word_1_168' title='bbox 1761 418 1807 444; x_wconf 73' lang='grc' dir='ltr'><strong>ἐπὶ</strong></span> <span class='ocrx_word' id='word_1_169' title='bbox 1824 419 1867 451; x_wconf 82' lang='grc' dir='ltr'><strong>σὲ,</strong></span> <span class='ocrx_word' id='word_1_170' title='bbox 1882 420 1929 446; x_wconf 75' lang='grc' dir='ltr'>καὶ</span> 
     </span>
    </p>
   </div>
   <div class='ocr_carea' id='block_1_24' title="bbox 1136 457 1930 495">
    <p class='ocr_par' dir='ltr' id='par_1_24' title="bbox 1136 457 1930 495">
     <span class='ocr_line' id='line_1_24' title="bbox 1136 457 1930 495; baseline 0.011 -12"><span class='ocrx_word' id='word_1_171' title='bbox 1136 457 1254 492; x_wconf 80' lang='grc' dir='ltr'>πυρώσω</span> <span class='ocrx_word' id='word_1_172' title='bbox 1281 467 1308 484; x_wconf 83' lang='grc' dir='ltr'><strong>σε</strong></span> <span class='ocrx_word' id='word_1_173' title='bbox 1327 460 1366 490; x_wconf 81' lang='grc' dir='ltr'><strong>είς</strong></span> <span class='ocrx_word' id='word_1_174' title='bbox 1381 459 1510 495; x_wconf 75' lang='grc' dir='ltr'>καθαρὸν,</span> <span class='ocrx_word' id='word_1_175' title='bbox 1527 461 1589 492; x_wconf 70' lang='grc' dir='ltr'>τοὺς</span> <span class='ocrx_word' id='word_1_176' title='bbox 1614 461 1642 487; x_wconf 79' lang='grc' dir='ltr'><strong>δὲ</strong></span> <span class='ocrx_word' id='word_1_177' title='bbox 1668 462 1848 495; x_wconf 74' lang='grc' dir='ltr'><strong>ἀπειθοῦντας</strong></span> <span class='ocrx_word' id='word_1_178' title='bbox 1876 465 1930 492; x_wconf 75' lang='grc' dir='ltr'><strong>ἁπ-</strong></span> 
     </span>
    </p>
   </div>
   <div class='ocr_carea' id='block_1_25' title="bbox 1135 505 1927 544">
    <p class='ocr_par' dir='ltr' id='par_1_25' title="bbox 1135 505 1927 544">
     <span class='ocr_line' id='line_1_25' title="bbox 1135 505 1927 544; baseline 0.016 -15"><span class='ocrx_word' id='word_1_179' title='bbox 1135 505 1230 536; x_wconf 81' lang='grc' dir='ltr'>ολέσω,</span> <span class='ocrx_word' id='word_1_180' title='bbox 1245 506 1290 530; x_wconf 74' lang='grc' dir='ltr'>καὶ</span> <span class='ocrx_word' id='word_1_181' title='bbox 1308 505 1370 535; x_wconf 80' lang='grc' dir='ltr'>τοὺς</span> <span class='ocrx_word' id='word_1_182' title='bbox 1394 505 1559 540; x_wconf 68' lang='grc' dir='ltr'>συμϐούλους</span> <span class='ocrx_word' id='word_1_183' title='bbox 1583 515 1627 533; x_wconf 77' lang='grc' dir='ltr'>σου</span> <span class='ocrx_word' id='word_1_184' title='bbox 1643 507 1680 539; x_wconf 85' lang='grc' dir='ltr'><strong>ώς</strong></span> <span class='ocrx_word' id='word_1_185' title='bbox 1704 508 1733 534; x_wconf 87' lang='grc' dir='ltr'>τὸ</span> <span class='ocrx_word' id='word_1_186' title='bbox 1749 508 1794 534; x_wconf 81' lang='grc' dir='ltr'><strong>ἀπ’</strong></span> <span class='ocrx_word' id='word_1_187' title='bbox 1807 509 1904 544; x_wconf 68' lang='grc' dir='ltr'><strong>ἀρχῆς.</strong></span> <span class='ocrx_word' id='word_1_188' title='bbox 1916 517 1927 536; x_wconf 79' lang='grc'><em>³</em></span> 
     </span>
    </p>
   </div>
   <div class='ocr_carea' id='block_1_26' title="bbox 1136 547 1930 588">
    <p class='ocr_par' dir='ltr' id='par_1_26' title="bbox 1136 547 1930 588">
     <span class='ocr_line' id='line_1_26' title="bbox 1136 547 1930 588; baseline 0.01 -15"><span class='ocrx_word' id='word_1_189' title='bbox 1136 548 1259 583; x_wconf 79' lang='grc' dir='ltr'>Πυρώσω</span> <span class='ocrx_word' id='word_1_190' title='bbox 1279 557 1307 574; x_wconf 84' lang='grc' dir='ltr'>σε</span> <span class='ocrx_word' id='word_1_191' title='bbox 1318 547 1362 574; x_wconf 71' lang='grc' dir='ltr'>οὖν</span> <span class='ocrx_word' id='word_1_192' title='bbox 1380 550 1419 580; x_wconf 83' lang='grc' dir='ltr'><strong>εἰς</strong></span> <span class='ocrx_word' id='word_1_193' title='bbox 1430 550 1557 584; x_wconf 77' lang='grc' dir='ltr'>καθαρὸν,</span> <span class='ocrx_word' id='word_1_194' title='bbox 1572 551 1718 583; x_wconf 77' lang='grc' dir='ltr'><strong>τουτέστιν,</strong></span> <span class='ocrx_word' id='word_1_195' title='bbox 1733 553 1778 579; x_wconf 73' lang='grc' dir='ltr'><strong>ἐπὶ</strong></span> <span class='ocrx_word' id='word_1_196' title='bbox 1792 553 1830 588; x_wconf 86' lang='grc' dir='ltr'>τῷ</span> <span class='ocrx_word' id='word_1_197' title='bbox 1846 553 1930 581; x_wconf 73' lang='grc' dir='ltr'>καθᾶ-</span> 
     </span>
    </p>
   </div>
   <div class='ocr_carea' id='block_1_27' title="bbox 1138 593 1928 629">
    <p class='ocr_par' dir='ltr' id='par_1_27' title="bbox 1138 593 1928 629">
     <span class='ocr_line' id='line_1_27' title="bbox 1138 593 1928 629; baseline 0.01 -11"><span class='ocrx_word' id='word_1_198' title='bbox 1138 602 1180 628; x_wconf 74' lang='grc' dir='ltr'><strong>ραι</strong></span> <span class='ocrx_word' id='word_1_199' title='bbox 1199 594 1245 619; x_wconf 75' lang='grc' dir='ltr'>καὶ</span> <span class='ocrx_word' id='word_1_200' title='bbox 1259 593 1394 628; x_wconf 76' lang='grc' dir='ltr'>διακρῖναι</span> <span class='ocrx_word' id='word_1_201' title='bbox 1426 595 1488 625; x_wconf 68' lang='grc' dir='ltr'>τοὺς</span> <span class='ocrx_word' id='word_1_202' title='bbox 1508 595 1624 629; x_wconf 63' lang='grc' dir='ltr'>φαύλους</span> <span class='ocrx_word' id='word_1_203' title='bbox 1656 597 1708 623; x_wconf 76' lang='grc' dir='ltr'><strong>ἀπὸ</strong></span> <span class='ocrx_word' id='word_1_204' title='bbox 1724 597 1778 623; x_wconf 85' lang='grc' dir='ltr'>τῶν</span> <span class='ocrx_word' id='word_1_205' title='bbox 1797 599 1928 626; x_wconf 79' lang='grc' dir='ltr'><strong>ἀστείων.</strong></span> 
     </span>
    </p>
   </div>
   <div class='ocr_carea' id='block_1_28' title="bbox 1137 638 1929 678">
    <p class='ocr_par' dir='ltr' id='par_1_28' title="bbox 1137 638 1929 678">
     <span class='ocr_line' id='line_1_28' title="bbox 1137 638 1929 678; baseline 0.01 -15"><span class='ocrx_word' id='word_1_206' title='bbox 1137 638 1183 664; x_wconf 67' lang='grc' dir='ltr'><strong>Διὸ</strong></span> <span class='ocrx_word' id='word_1_207' title='bbox 1202 639 1272 665; x_wconf 76' lang='grc' dir='ltr'>κατὰ</span> <span class='ocrx_word' id='word_1_208' title='bbox 1289 639 1334 665; x_wconf 72' lang='grc' dir='ltr'>τον</span> <span class='ocrx_word' id='word_1_209' title='bbox 1352 639 1499 674; x_wconf 70' lang='grc' dir='ltr'>Σύμμαχον</span> <span class='ocrx_word' id='word_1_210' title='bbox 1521 641 1639 675; x_wconf 65' lang='grc' dir='ltr'>εἴρηταιν</span> <span class='ocrx_word' id='word_1_211' title='bbox 1660 652 1667 666; x_wconf 79' lang='grc' dir='ltr'>ι</span> <span class='ocrx_word' id='word_1_212' title='bbox 1682 643 1734 668; x_wconf 74' lang='grc' dir='ltr'><strong>Καὶ</strong></span> <span class='ocrx_word' id='word_1_213' title='bbox 1750 643 1867 678; x_wconf 84' lang='grc' dir='ltr'>πυρώσω</span> <span class='ocrx_word' id='word_1_214' title='bbox 1889 645 1929 677; x_wconf 73' lang='grc' dir='ltr'>εἰς</span> 
     </span>
    </p>
   </div>
   <div class='ocr_carea' id='block_1_29' title="bbox 1137 684 1928 722">
    <p class='ocr_par' dir='ltr' id='par_1_29' title="bbox 1137 684 1928 722">
     <span class='ocr_line' id='line_1_29' title="bbox 1137 684 1928 722; baseline 0.011 -13"><span class='ocrx_word' id='word_1_215' title='bbox 1137 684 1255 719; x_wconf 70' lang='grc' dir='ltr'>καθαρὸν</span> <span class='ocrx_word' id='word_1_216' title='bbox 1268 685 1316 720; x_wconf 82' lang='grc' dir='ltr'>τὴν</span> <span class='ocrx_word' id='word_1_217' title='bbox 1333 686 1451 720; x_wconf 87' lang='grc' dir='ltr'>σκωρίαν</span> <span class='ocrx_word' id='word_1_218' title='bbox 1465 695 1510 712; x_wconf 87' lang='grc' dir='ltr'><strong>σου</strong></span> <span class='ocrx_word' id='word_1_219' title='bbox 1520 695 1526 700; x_wconf 79' lang='grc'><strong>”</strong></span> <span class='ocrx_word' id='word_1_220' title='bbox 1540 696 1549 712; x_wconf 82' lang='grc'><strong><em>›</em></strong></span> <span class='ocrx_word' id='word_1_221' title='bbox 1570 688 1639 714; x_wconf 77' lang='grc' dir='ltr'>κατὰ</span> <span class='ocrx_word' id='word_1_222' title='bbox 1651 688 1679 714; x_wconf 81' lang='grc' dir='ltr'><strong>δὲ</strong></span> <span class='ocrx_word' id='word_1_223' title='bbox 1694 689 1731 722; x_wconf 85' lang='grc'><strong>(8)</strong></span> <span class='ocrx_word' id='word_1_224' title='bbox 1745 689 1789 716; x_wconf 84' lang='grc' dir='ltr'><strong>τὸν</strong></span> <span class='ocrx_word' id='word_1_225' title='bbox 1804 690 1928 717; x_wconf 61' lang='grc' dir='ltr'>Ἀκύλαν</span> 
     </span>
    </p>
   </div>
   <div class='ocr_carea' id='block_1_30' title="bbox 1140 729 1929 767">
    <p class='ocr_par' dir='ltr' id='par_1_30' title="bbox 1140 729 1929 767">
     <span class='ocr_line' id='line_1_30' title="bbox 1140 729 1929 767; baseline 0.009 -13"><span class='ocrx_word' id='word_1_226' title='bbox 1140 737 1148 753; x_wconf 79' lang='grc' dir='ltr'><strong>ι</strong></span> <span class='ocrx_word' id='word_1_227' title='bbox 1164 729 1219 755; x_wconf 73' lang='grc' dir='ltr'><strong>Καὶ</strong></span> <span class='ocrx_word' id='word_1_228' title='bbox 1232 729 1349 764; x_wconf 83' lang='grc' dir='ltr'>πυρώσω</span> <span class='ocrx_word' id='word_1_229' title='bbox 1365 730 1403 760; x_wconf 82' lang='grc' dir='ltr'><strong>εἰς</strong></span> <span class='ocrx_word' id='word_1_230' title='bbox 1420 730 1537 766; x_wconf 74' lang='grc' dir='ltr'>καθαρὸν</span> <span class='ocrx_word' id='word_1_231' title='bbox 1548 731 1578 756; x_wconf 73' lang='grc' dir='ltr'>τὸ</span> <span class='ocrx_word' id='word_1_232' title='bbox 1590 732 1756 767; x_wconf 79' lang='grc' dir='ltr'>γιγαρτῶδές</span> <span class='ocrx_word' id='word_1_233' title='bbox 1766 742 1822 760; x_wconf 89' lang='grc' dir='ltr'>σου.</span> <span class='ocrx_word' id='word_1_234' title='bbox 1840 744 1849 760; x_wconf 81' lang='grc'><strong>›</strong></span> <span class='ocrx_word' id='word_1_235' title='bbox 1867 735 1929 761; x_wconf 82' lang='grc' dir='ltr'><strong>Ὥσ-</strong></span> 
     </span>
    </p>
   </div>
   <div class='ocr_carea' id='block_1_31' title="bbox 1137 774 1929 814">
    <p class='ocr_par' dir='ltr' id='par_1_31' title="bbox 1137 774 1929 814">
     <span class='ocr_line' id='line_1_31' title="bbox 1137 774 1929 814; baseline 0.01 -16"><span class='ocrx_word' id='word_1_236' title='bbox 1137 782 1189 809; x_wconf 84' lang='grc' dir='ltr'>περ</span> <span class='ocrx_word' id='word_1_237' title='bbox 1203 774 1256 809; x_wconf 78' lang='grc' dir='ltr'>γὰρ</span> <span class='ocrx_word' id='word_1_238' title='bbox 1271 775 1295 799; x_wconf 83' lang='grc' dir='ltr'><strong>οἱ</strong></span> <span class='ocrx_word' id='word_1_239' title='bbox 1312 774 1487 810; x_wconf 72' lang='grc' dir='ltr'><strong>καθαίροντες</strong></span> <span class='ocrx_word' id='word_1_240' title='bbox 1505 775 1548 802; x_wconf 77' lang='grc' dir='ltr'><strong>διὰ</strong></span> <span class='ocrx_word' id='word_1_241' title='bbox 1566 777 1611 802; x_wconf 75' lang='grc' dir='ltr'><strong>τοῦ</strong></span> <span class='ocrx_word' id='word_1_242' title='bbox 1631 778 1716 813; x_wconf 78' lang='grc' dir='ltr'>πυρὸς</span> <span class='ocrx_word' id='word_1_243' title='bbox 1738 778 1838 812; x_wconf 80' lang='grc' dir='ltr'>χαλκὸν</span> <span class='ocrx_word' id='word_1_244' title='bbox 1854 779 1871 814; x_wconf 81' lang='grc' dir='ltr'><strong>ἢ</strong></span> <span class='ocrx_word' id='word_1_245' title='bbox 1889 780 1929 806; x_wconf 77' lang='grc' dir='ltr'><strong>σί-</strong></span> 
     </span>
    </p>
   </div>
   <div class='ocr_carea' id='block_1_32' title="bbox 1137 819 1930 860">
    <p class='ocr_par' dir='ltr' id='par_1_32' title="bbox 1137 819 1930 860">
     <span class='ocr_line' id='line_1_32' title="bbox 1137 819 1930 860; baseline 0.01 -16"><span class='ocrx_word' id='word_1_246' title='bbox 1137 819 1229 854; x_wconf 82' lang='grc' dir='ltr'>δηρον,</span> <span class='ocrx_word' id='word_1_247' title='bbox 1245 820 1293 854; x_wconf 76' lang='grc' dir='ltr'>τὴν</span> <span class='ocrx_word' id='word_1_248' title='bbox 1307 820 1427 854; x_wconf 78' lang='grc' dir='ltr'>σκωρίαν</span> <span class='ocrx_word' id='word_1_249' title='bbox 1442 820 1636 854; x_wconf 79' lang='grc' dir='ltr'>ἀποϐάλλουσι,</span> <span class='ocrx_word' id='word_1_250' title='bbox 1660 823 1706 849; x_wconf 76' lang='grc' dir='ltr'>καὶ</span> <span class='ocrx_word' id='word_1_251' title='bbox 1723 824 1746 849; x_wconf 74' lang='grc' dir='ltr'>οἱ</span> <span class='ocrx_word' id='word_1_252' title='bbox 1760 825 1822 855; x_wconf 80' lang='grc' dir='ltr'>τοὺς</span> <span class='ocrx_word' id='word_1_253' title='bbox 1834 824 1930 860; x_wconf 85' lang='grc' dir='ltr'>βότρυς</span> 
     </span>
    </p>
   </div>
   <div class='ocr_carea' id='block_1_33' title="bbox 297 861 1086 904">
    <p class='ocr_par' dir='ltr' id='par_1_33' title="bbox 297 868 1083 900">
     <span class='ocr_line' id='line_1_33' title="bbox 297 868 1083 900; baseline -0.004 -4"><span class='ocrx_word' id='word_1_254' title='bbox 297 874 356 896; x_wconf 91' lang='lat' dir='ltr'><strong>trus</strong></span> <span class='ocrx_word' id='word_1_255' title='bbox 379 870 465 896; x_wconf 71' lang='lat' dir='ltr'><strong>vinea:</strong></span> <span class='ocrx_word' id='word_1_256' title='bbox 491 869 517 895; x_wconf 94' lang='lat' dir='ltr'><strong>in</strong></span> <span class='ocrx_word' id='word_1_257' title='bbox 546 868 727 895; x_wconf 85' lang='lat' dir='ltr'><strong>torcularibus</strong></span> <span class='ocrx_word' id='word_1_258' title='bbox 755 871 892 900; x_wconf 84' lang='lat' dir='ltr'><strong>premunt,</strong></span> <span class='ocrx_word' id='word_1_259' title='bbox 922 868 1028 894; x_wconf 85' lang='lat' dir='ltr'><strong>acinum</strong></span> <span class='ocrx_word' id='word_1_260' title='bbox 1056 872 1083 894; x_wconf 92' lang='lat' dir='ltr'><strong>et</strong></span> 
     </span>
    </p>
   </div>
   <div class='ocr_carea' id='block_1_34' title="bbox 1138 861 1928 904">
    <p class='ocr_par' dir='ltr' id='par_1_34' title="bbox 1138 865 1928 904">
     <span class='ocr_line' id='line_1_34' title="bbox 1138 865 1928 904; baseline 0.009 -15"><span class='ocrx_word' id='word_1_261' title='bbox 1138 866 1187 899; x_wconf 74' lang='grc' dir='ltr'>τῆς</span> <span class='ocrx_word' id='word_1_262' title='bbox 1203 865 1324 900; x_wconf 75' lang='grc' dir='ltr'>ἀμπέλου</span> <span class='ocrx_word' id='word_1_263' title='bbox 1339 866 1366 891; x_wconf 79' lang='grc' dir='ltr'><strong>ὲν</strong></span> <span class='ocrx_word' id='word_1_264' title='bbox 1377 867 1436 896; x_wconf 83' lang='grc' dir='ltr'>ταῖς</span> <span class='ocrx_word' id='word_1_265' title='bbox 1453 865 1542 900; x_wconf 80' lang='grc' dir='ltr'>ληνοῖς</span> <span class='ocrx_word' id='word_1_266' title='bbox 1554 867 1701 899; x_wconf 77' lang='grc' dir='ltr'><strong>πιέζοντες,</strong></span> <span class='ocrx_word' id='word_1_267' title='bbox 1712 868 1741 894; x_wconf 81' lang='grc' dir='ltr'>τὸ</span> <span class='ocrx_word' id='word_1_268' title='bbox 1753 869 1928 904; x_wconf 82' lang='grc' dir='ltr'>γιγαρτῶδεςι</span> 
     </span>
    </p>
   </div>
   <div class='ocr_carea' id='block_1_35' title="bbox 297 912 1084 949">
    <p class='ocr_par' dir='ltr' id='par_1_35' title="bbox 297 912 1084 949">
     <span class='ocr_line' id='line_1_35' title="bbox 297 912 1084 949; baseline -0.005 -7"><span class='ocrx_word' id='word_1_269' title='bbox 297 914 432 949; x_wconf 81' lang='lat' dir='ltr'><strong>superﬂua</strong></span> <span class='ocrx_word' id='word_1_270' title='bbox 442 914 606 940; x_wconf 80' lang='lat' dir='ltr'><strong>calcatarum</strong></span> <span class='ocrx_word' id='word_1_271' title='bbox 622 920 735 939; x_wconf 87' lang='lat' dir='ltr'><strong>uvarum</strong></span> <span class='ocrx_word' id='word_1_272' title='bbox 749 912 904 946; x_wconf 79' lang='lat' dir='ltr'><strong>expellunt;</strong></span> <span class='ocrx_word' id='word_1_273' title='bbox 921 914 1027 944; x_wconf 87' lang='lat' dir='ltr'><strong>eodem,</strong></span> <span class='ocrx_word' id='word_1_274' title='bbox 1045 913 1084 938; x_wconf 92' lang='lat' dir='ltr'><strong>in-</strong></span> 
     </span>
    </p>
   </div>
   <div class='ocr_carea' id='block_1_36' title="bbox 298 957 1083 995">
    <p class='ocr_par' dir='ltr' id='par_1_36' title="bbox 298 957 1083 995">
     <span class='ocr_line' id='line_1_36' title="bbox 298 957 1083 995; baseline -0.003 -9"><span class='ocrx_word' id='word_1_275' title='bbox 298 960 367 995; x_wconf 85' lang='lat' dir='ltr'><strong>quit,</strong></span> <span class='ocrx_word' id='word_1_276' title='bbox 383 959 461 986; x_wconf 82' lang='lat' dir='ltr'><strong>modo</strong></span> <span class='ocrx_word' id='word_1_277' title='bbox 479 965 506 985; x_wconf 89' lang='lat' dir='ltr'><strong>et</strong></span> <span class='ocrx_word' id='word_1_278' title='bbox 522 967 570 993; x_wconf 77' lang='lat' dir='ltr'><strong>ego</strong></span> <span class='ocrx_word' id='word_1_279' title='bbox 587 958 763 985; x_wconf 85' lang='lat' dir='ltr'><strong>inllammabo</strong></span> <span class='ocrx_word' id='word_1_280' title='bbox 789 957 820 984; x_wconf 88' lang='lat' dir='ltr'><strong>ad</strong></span> <span class='ocrx_word' id='word_1_281' title='bbox 846 965 942 991; x_wconf 91' lang='lat' dir='ltr'><strong>purum</strong></span> <span class='ocrx_word' id='word_1_282' title='bbox 974 958 1083 984; x_wconf 84' lang='lat' dir='ltr'><strong>acinum</strong></span> 
     </span>
    </p>
   </div>
   <div class='ocr_carea' id='block_1_37' title="bbox 299 1010 385 1031">
    <p class='ocr_par' dir='ltr' id='par_1_37' title="bbox 299 1010 385 1031">
     <span class='ocr_line' id='line_1_37' title="bbox 299 1010 385 1031; baseline -0.012 0"><span class='ocrx_word' id='word_1_283' title='bbox 299 1010 385 1031; x_wconf 78' lang='grc'><strong>11111111.</strong></span> 
     </span>
    </p>
   </div>
   <div class='ocr_carea' id='block_1_38' title="bbox 334 1049 1085 1084">
    <p class='ocr_par' dir='ltr' id='par_1_38' title="bbox 334 1049 1085 1084">
     <span class='ocr_line' id='line_1_38' title="bbox 334 1049 1085 1084; baseline -0.001 -7"><span class='ocrx_word' id='word_1_284' title='bbox 334 1049 416 1077; x_wconf 72' lang='lat' dir='ltr'><strong>Vsus.</strong></span> <span class='ocrx_word' id='word_1_285' title='bbox 428 1051 473 1078; x_wconf 74' lang='lat'><strong>‘27.</strong></span> <span class='ocrx_word' id='word_1_286' title='bbox 491 1059 498 1075; x_wconf 85' lang='grc' dir='ltr'><strong>ι</strong></span> <span class='ocrx_word' id='word_1_287' title='bbox 517 1050 549 1077; x_wconf 83' lang='lat' dir='ltr'><strong>Et</strong></span> <span class='ocrx_word' id='word_1_288' title='bbox 561 1055 620 1084; x_wconf 89' lang='lat' dir='ltr'><strong>post</strong></span> <span class='ocrx_word' id='word_1_289' title='bbox 631 1050 687 1076; x_wconf 65' lang='lat' dir='ltr'><strong>haec</strong></span> <span class='ocrx_word' id='word_1_290' title='bbox 701 1049 840 1077; x_wconf 79' lang='lat' dir='ltr'><strong>vocaberis</strong></span> <span class='ocrx_word' id='word_1_291' title='bbox 852 1050 948 1077; x_wconf 84' lang='lat' dir='ltr'><strong>civitas</strong></span> <span class='ocrx_word' id='word_1_292' title='bbox 959 1050 1085 1084; x_wconf 63' lang='lat' dir='ltr'><strong>justitiaz,</strong></span> 
     </span>
    </p>
   </div>
   <div class='ocr_carea' id='block_1_39' title="bbox 302 1094 1085 1129">
    <p class='ocr_par' dir='ltr' id='par_1_39' title="bbox 302 1094 1085 1129">
     <span class='ocr_line' id='line_1_39' title="bbox 302 1094 1085 1129; baseline 0 -7"><span class='ocrx_word' id='word_1_293' title='bbox 302 1095 461 1129; x_wconf 83' lang='lat' dir='ltr'><strong>metropolis</strong></span> <span class='ocrx_word' id='word_1_294' title='bbox 481 1094 570 1121; x_wconf 79' lang='lat' dir='ltr'><strong>Iidelis</strong></span> <span class='ocrx_word' id='word_1_295' title='bbox 585 1095 650 1121; x_wconf 88' lang='lat' dir='ltr'><strong>Sion</strong></span> <span class='ocrx_word' id='word_1_296' title='bbox 669 1104 675 1121; x_wconf 90' lang='lat'><strong>:</strong></span> <span class='ocrx_word' id='word_1_297' title='bbox 693 1102 754 1121; x_wconf 86' lang='lat' dir='ltr'><strong>nam</strong></span> <span class='ocrx_word' id='word_1_298' title='bbox 775 1102 836 1121; x_wconf 92' lang='lat' dir='ltr'><strong>cum</strong></span> <span class='ocrx_word' id='word_1_299' title='bbox 851 1095 952 1129; x_wconf 84' lang='lat' dir='ltr'><strong>judicio</strong></span> <span class='ocrx_word' id='word_1_300' title='bbox 969 1096 1085 1122; x_wconf 81' lang='lat' dir='ltr'><strong>salvabi-</strong></span> 
     </span>
    </p>
   </div>
   <div class='ocr_carea' id='block_1_40' title="bbox 299 1141 1086 1176">
    <p class='ocr_par' dir='ltr' id='par_1_40' title="bbox 299 1141 1086 1176">
     <span class='ocr_line' id='line_1_40' title="bbox 299 1141 1086 1176; baseline 0 -8"><span class='ocrx_word' id='word_1_301' title='bbox 299 1146 342 1168; x_wconf 91' lang='lat' dir='ltr'><strong>tur</strong></span> <span class='ocrx_word' id='word_1_302' title='bbox 359 1141 503 1175; x_wconf 83' lang='lat' dir='ltr'><strong>captivitas</strong></span> <span class='ocrx_word' id='word_1_303' title='bbox 518 1141 587 1174; x_wconf 86' lang='lat' dir='ltr'><strong>ejus.</strong></span> <span class='ocrx_word' id='word_1_304' title='bbox 605 1150 614 1165; x_wconf 78' lang='grc' dir='ltr'><strong>ι</strong></span> <span class='ocrx_word' id='word_1_305' title='bbox 638 1141 815 1167; x_wconf 84' lang='lat' dir='ltr'><strong>Communem</strong></span> <span class='ocrx_word' id='word_1_306' title='bbox 838 1141 978 1168; x_wconf 87' lang='lat' dir='ltr'><strong>civitatem</strong></span> <span class='ocrx_word' id='word_1_307' title='bbox 995 1146 1086 1176; x_wconf 90' lang='lat' dir='ltr'><strong>postea</strong></span> 
     </span>
    </p>
   </div>
   <div class='ocr_carea' id='block_1_41' title="bbox 297 1186 1086 1220">
    <p class='ocr_par' dir='ltr' id='par_1_41' title="bbox 297 1186 1086 1220">
     <span class='ocr_line' id='line_1_41' title="bbox 297 1186 1086 1220; baseline -0.003 -6"><span class='ocrx_word' id='word_1_308' title='bbox 297 1187 512 1214; x_wconf 85' lang='lat' dir='ltr'><strong>constituendam</strong></span> <span class='ocrx_word' id='word_1_309' title='bbox 530 1186 685 1219; x_wconf 83' lang='lat' dir='ltr'><strong>alloquitur,</strong></span> <span class='ocrx_word' id='word_1_310' title='bbox 708 1194 791 1220; x_wconf 84' lang='lat' dir='ltr'><strong>quam</strong></span> <span class='ocrx_word' id='word_1_311' title='bbox 812 1186 925 1219; x_wconf 75' lang='lat' dir='ltr'><strong>justitiae</strong></span> <span class='ocrx_word' id='word_1_312' title='bbox 948 1187 1086 1213; x_wconf 86' lang='lat' dir='ltr'><strong>civitatem</strong></span> 
     </span>
    </p>
   </div>
   <div class='ocr_carea' id='block_1_42' title="bbox 298 1231 1087 1266">
    <p class='ocr_par' dir='ltr' id='par_1_42' title="bbox 298 1231 1087 1266">
     <span class='ocr_line' id='line_1_42' title="bbox 298 1231 1087 1266; baseline -0.003 -7"><span class='ocrx_word' id='word_1_313' title='bbox 298 1238 387 1264; x_wconf 87' lang='lat' dir='ltr'><strong>vocat,</strong></span> <span class='ocrx_word' id='word_1_314' title='bbox 406 1236 433 1259; x_wconf 89' lang='lat' dir='ltr'><strong>et</strong></span> <span class='ocrx_word' id='word_1_315' title='bbox 448 1232 619 1265; x_wconf 88' lang='lat' dir='ltr'><strong>metropolim</strong></span> <span class='ocrx_word' id='word_1_316' title='bbox 642 1231 748 1257; x_wconf 82' lang='lat' dir='ltr'><strong>ﬁdelem</strong></span> <span class='ocrx_word' id='word_1_317' title='bbox 775 1231 852 1263; x_wconf 87' lang='lat' dir='ltr'><strong>Sion,</strong></span> <span class='ocrx_word' id='word_1_318' title='bbox 875 1233 924 1265; x_wconf 66' lang='lat' dir='ltr'><strong>pia:</strong></span> <span class='ocrx_word' id='word_1_319' title='bbox 950 1232 1087 1266; x_wconf 80' lang='lat' dir='ltr'><strong>religienis</strong></span> 
     </span>
    </p>
   </div>
   <div class='ocr_carea' id='block_1_43' title="bbox 298 1277 1088 1305">
    <p class='ocr_par' dir='ltr' id='par_1_43' title="bbox 298 1277 1088 1305">
     <span class='ocr_line' id='line_1_43' title="bbox 298 1277 1088 1305; baseline -0.003 0"><span class='ocrx_word' id='word_1_320' title='bbox 298 1277 451 1305; x_wconf 80' lang='lat' dir='ltr'><strong>institutum</strong></span> <span class='ocrx_word' id='word_1_321' title='bbox 472 1281 499 1304; x_wconf 88' lang='lat' dir='ltr'><strong>et</strong></span> <span class='ocrx_word' id='word_1_322' title='bbox 510 1282 610 1304; x_wconf 69' lang='lat' dir='ltr'><strong>coetum</strong></span> <span class='ocrx_word' id='word_1_323' title='bbox 634 1277 684 1303; x_wconf 91' lang='lat' dir='ltr'><strong>hoc</strong></span> <span class='ocrx_word' id='word_1_324' title='bbox 710 1277 821 1303; x_wconf 84' lang='lat' dir='ltr'><strong>nomine</strong></span> <span class='ocrx_word' id='word_1_325' title='bbox 846 1285 992 1304; x_wconf 84' lang='lat' dir='ltr'><strong>exornans.</strong></span> <span class='ocrx_word' id='word_1_326' title='bbox 1016 1278 1088 1304; x_wconf 87' lang='lat' dir='ltr'><strong>Sane</strong></span> 
     </span>
    </p>
   </div>
   <div class='ocr_carea' id='block_1_44' title="bbox 298 1321 1089 1356">
    <p class='ocr_par' dir='ltr' id='par_1_44' title="bbox 298 1321 1089 1356">
     <span class='ocr_line' id='line_1_44' title="bbox 298 1321 1089 1356; baseline 0 -7"><span class='ocrx_word' id='word_1_327' title='bbox 298 1329 365 1350; x_wconf 87' lang='lat' dir='ltr'><strong>vero</strong></span> <span class='ocrx_word' id='word_1_328' title='bbox 381 1322 426 1349; x_wconf 89' lang='lat' dir='ltr'><strong>ille</strong></span> <span class='ocrx_word' id='word_1_329' title='bbox 441 1323 505 1349; x_wconf 93' lang='lat' dir='ltr'><strong>olim</strong></span> <span class='ocrx_word' id='word_1_330' title='bbox 518 1322 589 1356; x_wconf 86' lang='lat' dir='ltr'><strong>apud</strong></span> <span class='ocrx_word' id='word_1_331' title='bbox 602 1321 711 1348; x_wconf 78' lang='lat' dir='ltr'><strong>Judaeos</strong></span> <span class='ocrx_word' id='word_1_332' title='bbox 727 1322 836 1355; x_wconf 79' lang='lat' dir='ltr'><strong>sapiens</strong></span> <span class='ocrx_word' id='word_1_333' title='bbox 849 1322 1002 1355; x_wconf 82' lang='lat' dir='ltr'><strong>exciderat;</strong></span> <span class='ocrx_word' id='word_1_334' title='bbox 1018 1331 1089 1350; x_wconf 88' lang='lat' dir='ltr'><strong>nunc</strong></span> 
     </span>
    </p>
   </div>
   <div class='ocr_carea' id='block_1_45' title="bbox 299 1367 1087 1403">
    <p class='ocr_par' dir='ltr' id='par_1_45' title="bbox 299 1367 1087 1403">
     <span class='ocr_line' id='line_1_45' title="bbox 299 1367 1087 1403; baseline 0 -9"><span class='ocrx_word' id='word_1_335' title='bbox 299 1373 389 1395; x_wconf 87' lang='lat' dir='ltr'><strong>autem</strong></span> <span class='ocrx_word' id='word_1_336' title='bbox 404 1368 430 1395; x_wconf 94' lang='lat' dir='ltr'><strong>in</strong></span> <span class='ocrx_word' id='word_1_337' title='bbox 441 1368 568 1395; x_wconf 85' lang='lat' dir='ltr'><strong>universa</strong></span> <span class='ocrx_word' id='word_1_338' title='bbox 582 1371 653 1394; x_wconf 88' lang='lat' dir='ltr'><strong>terra</strong></span> <span class='ocrx_word' id='word_1_339' title='bbox 671 1375 718 1402; x_wconf 82' lang='lat' dir='ltr'><strong>per</strong></span> <span class='ocrx_word' id='word_1_340' title='bbox 731 1367 830 1394; x_wconf 81' lang='lat' dir='ltr'><strong>Christi</strong></span> <span class='ocrx_word' id='word_1_341' title='bbox 846 1368 991 1395; x_wconf 83' lang='lat' dir='ltr'><strong>Ecclesiam</strong></span> <span class='ocrx_word' id='word_1_342' title='bbox 1009 1368 1087 1403; x_wconf 80' lang='lat' dir='ltr'><strong>erigi-</strong></span> 
     </span>
    </p>
   </div>
   <div class='ocr_carea' id='block_1_46' title="bbox 299 1413 1089 1448">
    <p class='ocr_par' dir='ltr' id='par_1_46' title="bbox 299 1413 1089 1448">
     <span class='ocr_line' id='line_1_46' title="bbox 299 1413 1089 1448; baseline 0 -7"><span class='ocrx_word' id='word_1_343' title='bbox 299 1419 352 1446; x_wconf 85' lang='lat' dir='ltr'><strong>tur,</strong></span> <span class='ocrx_word' id='word_1_344' title='bbox 369 1414 494 1441; x_wconf 82' lang='lat' dir='ltr'><strong>fundatus</strong></span> <span class='ocrx_word' id='word_1_345' title='bbox 510 1421 590 1448; x_wconf 86' lang='lat' dir='ltr'><strong>supra</strong></span> <span class='ocrx_word' id='word_1_346' title='bbox 615 1419 729 1447; x_wconf 80' lang='lat' dir='ltr'><strong>petram.</strong></span> <span class='ocrx_word' id='word_1_347' title='bbox 750 1413 781 1439; x_wconf 91' lang='lat' dir='ltr'><strong>Hi</strong></span> <span class='ocrx_word' id='word_1_348' title='bbox 803 1421 867 1441; x_wconf 86' lang='lat' dir='ltr'><strong>vero</strong></span> <span class='ocrx_word' id='word_1_349' title='bbox 888 1419 950 1441; x_wconf 83' lang='lat' dir='ltr'><strong>sunt</strong></span> <span class='ocrx_word' id='word_1_350' title='bbox 972 1415 1089 1448; x_wconf 67' lang='lat' dir='ltr'><strong>pulchra:</strong></span> 
     </span>
    </p>
   </div>
   <div class='ocr_carea' id='block_1_47' title="bbox 297 1458 1088 1493">
    <p class='ocr_par' dir='ltr' id='par_1_47' title="bbox 297 1458 1088 1493">
     <span class='ocr_line' id='line_1_47' title="bbox 297 1458 1088 1493; baseline -0.004 -7"><span class='ocrx_word' id='word_1_351' title='bbox 297 1460 418 1488; x_wconf 74' lang='lat' dir='ltr'><strong>civitatis</strong></span> <span class='ocrx_word' id='word_1_352' title='bbox 442 1459 580 1493; x_wconf 52' lang='lat' dir='ltr'><strong>praesules,</strong></span> <span class='ocrx_word' id='word_1_353' title='bbox 603 1458 710 1493; x_wconf 88' lang='lat' dir='ltr'><strong>judices</strong></span> <span class='ocrx_word' id='word_1_354' title='bbox 733 1462 760 1483; x_wconf 92' lang='lat' dir='ltr'><strong>et</strong></span> <span class='ocrx_word' id='word_1_355' title='bbox 782 1458 940 1489; x_wconf 83' lang='lat' dir='ltr'><strong>consiliarii,</strong></span> <span class='ocrx_word' id='word_1_356' title='bbox 965 1458 1009 1492; x_wconf 90' lang='lat' dir='ltr'><strong>qui</strong></span> <span class='ocrx_word' id='word_1_357' title='bbox 1034 1458 1088 1484; x_wconf 87' lang='lat' dir='ltr'><strong>iul-</strong></span> 
     </span>
    </p>
   </div>
   <div class='ocr_carea' id='block_1_48' title="bbox 300 1503 1086 1538">
    <p class='ocr_par' dir='ltr' id='par_1_48' title="bbox 300 1503 1086 1538">
     <span class='ocr_line' id='line_1_48' title="bbox 300 1503 1086 1538; baseline -0.004 -6"><span class='ocrx_word' id='word_1_358' title='bbox 300 1506 368 1532; x_wconf 88' lang='lat' dir='ltr'><strong>tium</strong></span> <span class='ocrx_word' id='word_1_359' title='bbox 389 1505 424 1532; x_wconf 91' lang='lat' dir='ltr'><strong>ab</strong></span> <span class='ocrx_word' id='word_1_360' title='bbox 450 1503 579 1538; x_wconf 85' lang='lat' dir='ltr'><strong>apostolis</strong></span> <span class='ocrx_word' id='word_1_361' title='bbox 603 1508 631 1530; x_wconf 89' lang='lat' dir='ltr'><strong>et</strong></span> <span class='ocrx_word' id='word_1_362' title='bbox 657 1503 796 1538; x_wconf 80' lang='lat' dir='ltr'><strong>discipulis</strong></span> <span class='ocrx_word' id='word_1_363' title='bbox 823 1503 975 1531; x_wconf 84' lang='lat' dir='ltr'><strong>Salvatoris</strong></span> <span class='ocrx_word' id='word_1_364' title='bbox 1003 1504 1086 1530; x_wconf 89' lang='lat' dir='ltr'><strong>nostri</strong></span> 
     </span>
    </p>
   </div>
   <div class='ocr_carea' id='block_1_49' title="bbox 301 1550 1087 1584">
    <p class='ocr_par' dir='ltr' id='par_1_49' title="bbox 301 1550 1087 1584">
     <span class='ocr_line' id='line_1_49' title="bbox 301 1550 1087 1584; baseline -0.001 -8"><span class='ocrx_word' id='word_1_365' title='bbox 301 1554 482 1584; x_wconf 87' lang='lat' dir='ltr'><strong>acceperunt:</strong></span> <span class='ocrx_word' id='word_1_366' title='bbox 501 1556 533 1575; x_wconf 78' lang='lat' dir='ltr'><strong>ex</strong></span> <span class='ocrx_word' id='word_1_367' title='bbox 554 1556 647 1576; x_wconf 88' lang='lat' dir='ltr'><strong>eorum</strong></span> <span class='ocrx_word' id='word_1_368' title='bbox 665 1555 728 1575; x_wconf 85' lang='lat' dir='ltr'><strong>vero</strong></span> <span class='ocrx_word' id='word_1_369' title='bbox 745 1550 918 1576; x_wconf 86' lang='lat' dir='ltr'><strong>successione</strong></span> <span class='ocrx_word' id='word_1_370' title='bbox 927 1550 1087 1582; x_wconf 88' lang='lat' dir='ltr'><strong>etianmum,</strong></span> 
     </span>
    </p>
   </div>
   <div class='ocr_carea' id='block_1_50' title="bbox 300 1595 1087 1630">
    <p class='ocr_par' dir='ltr' id='par_1_50' title="bbox 300 1595 1087 1630">
     <span class='ocr_line' id='line_1_50' title="bbox 300 1595 1087 1630; baseline 0.003 -10"><span class='ocrx_word' id='word_1_371' title='bbox 300 1596 418 1629; x_wconf 85' lang='lat' dir='ltr'><strong>quasiex</strong></span> <span class='ocrx_word' id='word_1_372' title='bbox 431 1595 502 1622; x_wconf 89' lang='lat' dir='ltr'><strong>bono</strong></span> <span class='ocrx_word' id='word_1_373' title='bbox 510 1595 613 1622; x_wconf 80' lang='lat' dir='ltr'><strong>semine</strong></span> <span class='ocrx_word' id='word_1_374' title='bbox 627 1595 678 1622; x_wconf 90' lang='lat' dir='ltr'><strong>orti</strong></span> <span class='ocrx_word' id='word_1_375' title='bbox 693 1595 877 1630; x_wconf 77' lang='lat' dir='ltr'><strong>resplendent,</strong></span> <span class='ocrx_word' id='word_1_376' title='bbox 896 1596 942 1623; x_wconf 88' lang='lat' dir='ltr'><strong>Dei</strong></span> <span class='ocrx_word' id='word_1_377' title='bbox 960 1596 1087 1622; x_wconf 76' lang='lat' dir='ltr'><strong>Ecclesia:</strong></span> 
     </span>
    </p>
   </div>
   <div class='ocr_carea' id='block_1_51' title="bbox 301 1640 1088 1675">
    <p class='ocr_par' dir='ltr' id='par_1_51' title="bbox 301 1640 1088 1675">
     <span class='ocr_line' id='line_1_51' title="bbox 301 1640 1088 1675; baseline 0.003 -10"><span class='ocrx_word' id='word_1_378' title='bbox 301 1640 428 1673; x_wconf 67' lang='lat' dir='ltr'><strong>prtesides</strong></span> <span class='ocrx_word' id='word_1_379' title='bbox 445 1640 597 1666; x_wconf 88' lang='lat' dir='ltr'><strong>constituti.</strong></span> <span class='ocrx_word' id='word_1_380' title='bbox 617 1640 724 1667; x_wconf 82' lang='lat' dir='ltr'><strong>Etenim</strong></span> <span class='ocrx_word' id='word_1_381' title='bbox 748 1641 793 1675; x_wconf 93' lang='lat' dir='ltr'><strong>qui</strong></span> <span class='ocrx_word' id='word_1_382' title='bbox 811 1641 882 1675; x_wconf 85' lang='lat' dir='ltr'><strong>apud</strong></span> <span class='ocrx_word' id='word_1_383' title='bbox 900 1641 982 1667; x_wconf 91' lang='lat' dir='ltr'><strong>Deum</strong></span> <span class='ocrx_word' id='word_1_384' title='bbox 1001 1641 1088 1668; x_wconf 84' lang='lat' dir='ltr'><strong>salute</strong></span> 
     </span>
    </p>
   </div>
   <div class='ocr_carea' id='block_1_52' title="bbox 301 1684 1087 1720">
    <p class='ocr_par' dir='ltr' id='par_1_52' title="bbox 301 1684 1087 1720">
     <span class='ocr_line' id='line_1_52' title="bbox 301 1684 1087 1720; baseline 0.004 -10"><span class='ocrx_word' id='word_1_385' title='bbox 301 1685 372 1719; x_wconf 81' lang='lat' dir='ltr'><strong>digni</strong></span> <span class='ocrx_word' id='word_1_386' title='bbox 388 1684 497 1718; x_wconf 84' lang='lat' dir='ltr'><strong>judicali</strong></span> <span class='ocrx_word' id='word_1_387' title='bbox 512 1685 622 1717; x_wconf 79' lang='lat' dir='ltr'><strong>fuerint,</strong></span> <span class='ocrx_word' id='word_1_388' title='bbox 641 1685 670 1718; x_wconf 90' lang='lat' dir='ltr'><strong>ii,</strong></span> <span class='ocrx_word' id='word_1_389' title='bbox 688 1686 788 1720; x_wconf 87' lang='lat' dir='ltr'><strong>inquit,</strong></span> <span class='ocrx_word' id='word_1_390' title='bbox 807 1686 858 1712; x_wconf 83' lang='lat' dir='ltr'><strong>soli</strong></span> <span class='ocrx_word' id='word_1_391' title='bbox 879 1686 1013 1720; x_wconf 86' lang='lat' dir='ltr'><strong>promissa</strong></span> <span class='ocrx_word' id='word_1_392' title='bbox 1025 1694 1087 1713; x_wconf 89' lang='lat' dir='ltr'><strong>con—</strong></span> 
     </span>
    </p>
   </div>
   <div class='ocr_carea' id='block_1_53' title="bbox 301 1731 1087 1766">
    <p class='ocr_par' dir='ltr' id='par_1_53' title="bbox 301 1731 1087 1766">
     <span class='ocr_line' id='line_1_53' title="bbox 301 1731 1087 1766; baseline 0.003 -10"><span class='ocrx_word' id='word_1_393' title='bbox 301 1736 469 1764; x_wconf 85' lang='lat' dir='ltr'><strong>sequentur:</strong></span> <span class='ocrx_word' id='word_1_394' title='bbox 488 1731 551 1757; x_wconf 93' lang='lat' dir='ltr'><strong>dum</strong></span> <span class='ocrx_word' id='word_1_395' title='bbox 571 1731 655 1758; x_wconf 64' lang='lat' dir='ltr'><strong>Judaei</strong></span> <span class='ocrx_word' id='word_1_396' title='bbox 671 1731 772 1758; x_wconf 81' lang='lat' dir='ltr'><strong>frustra</strong></span> <span class='ocrx_word' id='word_1_397' title='bbox 795 1732 981 1766; x_wconf 78' lang='lat' dir='ltr'><strong>imaginantur</strong></span> <span class='ocrx_word' id='word_1_398' title='bbox 1005 1733 1087 1758; x_wconf 81' lang='lat' dir='ltr'><strong>totius</strong></span> 
     </span>
    </p>
   </div>
   <div class='ocr_carea' id='block_1_54' title="bbox 301 1776 1086 1810">
    <p class='ocr_par' dir='ltr' id='par_1_54' title="bbox 301 1776 1086 1810">
     <span class='ocr_line' id='line_1_54' title="bbox 301 1776 1086 1810; baseline 0.001 -9"><span class='ocrx_word' id='word_1_399' title='bbox 301 1777 389 1810; x_wconf 77' lang='lat' dir='ltr'><strong>gentis</strong></span> <span class='ocrx_word' id='word_1_400' title='bbox 404 1783 460 1803; x_wconf 66' lang='lat' dir='ltr'><strong>sua:</strong></span> <span class='ocrx_word' id='word_1_401' title='bbox 471 1776 681 1803; x_wconf 87' lang='lat' dir='ltr'><strong>conversionem</strong></span> <span class='ocrx_word' id='word_1_402' title='bbox 698 1776 765 1803; x_wconf 80' lang='lat' dir='ltr'><strong>fore.</strong></span> <span class='ocrx_word' id='word_1_403' title='bbox 780 1776 980 1803; x_wconf 85' lang='lat' dir='ltr'><strong>Liberationem</strong></span> <span class='ocrx_word' id='word_1_404' title='bbox 999 1782 1086 1802; x_wconf 85' lang='lat' dir='ltr'><strong>autem</strong></span> 
     </span>
    </p>
   </div>
   <div class='ocr_carea' id='block_1_55' title="bbox 301 1820 1086 1855">
    <p class='ocr_par' dir='ltr' id='par_1_55' title="bbox 301 1820 1086 1855">
     <span class='ocr_line' id='line_1_55' title="bbox 301 1820 1086 1855; baseline 0.001 -9"><span class='ocrx_word' id='word_1_405' title='bbox 301 1828 315 1846; x_wconf 86' lang='lat' dir='ltr'><strong>a</strong></span> <span class='ocrx_word' id='word_1_406' title='bbox 336 1820 492 1854; x_wconf 80' lang='lat' dir='ltr'><strong>captivitate</strong></span> <span class='ocrx_word' id='word_1_407' title='bbox 519 1821 720 1855; x_wconf 69' lang='lat' dir='ltr'><strong>intelligendum</strong></span> <span class='ocrx_word' id='word_1_408' title='bbox 748 1826 786 1848; x_wconf 77' lang='lat' dir='ltr'><strong>cst</strong></span> <span class='ocrx_word' id='word_1_409' title='bbox 821 1829 878 1848; x_wconf 80' lang='lat' dir='ltr'><strong>esse</strong></span> <span class='ocrx_word' id='word_1_410' title='bbox 912 1822 1086 1848; x_wconf 80' lang='lat' dir='ltr'><strong>mutationem</strong></span> 
     </span>
    </p>
   </div>
   <div class='ocr_carea' id='block_1_56' title="bbox 301 1867 1085 1902">
    <p class='ocr_par' dir='ltr' id='par_1_56' title="bbox 301 1867 1085 1902">
     <span class='ocr_line' id='line_1_56' title="bbox 301 1867 1085 1902; baseline 0.003 -10"><span class='ocrx_word' id='word_1_411' title='bbox 301 1867 452 1892; x_wconf 79' lang='lat' dir='ltr'><strong>animarum</strong></span> <span class='ocrx_word' id='word_1_412' title='bbox 480 1867 514 1893; x_wconf 80' lang='lat' dir='ltr'><strong>ab</strong></span> <span class='ocrx_word' id='word_1_413' title='bbox 535 1874 626 1894; x_wconf 83' lang='lat' dir='ltr'><strong>errore</strong></span> <span class='ocrx_word' id='word_1_414' title='bbox 656 1867 687 1894; x_wconf 80' lang='lat' dir='ltr'><strong>ad</strong></span> <span class='ocrx_word' id='word_1_415' title='bbox 705 1874 796 1893; x_wconf 75' lang='lat' dir='ltr'><strong>veram</strong></span> <span class='ocrx_word' id='word_1_416' title='bbox 818 1867 865 1894; x_wconf 89' lang='lat' dir='ltr'><strong>Dei</strong></span> <span class='ocrx_word' id='word_1_417' title='bbox 880 1868 1060 1902; x_wconf 80' lang='lat' dir='ltr'><strong>cognitionem</strong></span> <span class='ocrx_word' id='word_1_418' title='bbox 1080 1877 1085 1894; x_wconf 86' lang='lat'>:</span> 
     </span>
    </p>
   </div>
   <div class='ocr_carea' id='block_1_57' title="bbox 301 1912 1087 1947">
    <p class='ocr_par' dir='ltr' id='par_1_57' title="bbox 301 1912 1087 1947">
     <span class='ocr_line' id='line_1_57' title="bbox 301 1912 1087 1947; baseline 0.004 -11"><span class='ocrx_word' id='word_1_419' title='bbox 301 1920 382 1945; x_wconf 87' lang='lat' dir='ltr'><strong>quam</strong></span> <span class='ocrx_word' id='word_1_420' title='bbox 409 1912 533 1939; x_wconf 73' lang='lat' dir='ltr'><strong>Salvator</strong></span> <span class='ocrx_word' id='word_1_421' title='bbox 558 1913 719 1945; x_wconf 82' lang='lat' dir='ltr'><strong>declaravit,</strong></span> <span class='ocrx_word' id='word_1_422' title='bbox 737 1920 808 1944; x_wconf 90' lang='lat' dir='ltr'><strong>cum,</strong></span> <span class='ocrx_word' id='word_1_423' title='bbox 832 1918 943 1946; x_wconf 85' lang='lat' dir='ltr'><strong>accepto</strong></span> <span class='ocrx_word' id='word_1_424' title='bbox 962 1913 988 1939; x_wconf 92' lang='lat' dir='ltr'><strong>in</strong></span> <span class='ocrx_word' id='word_1_425' title='bbox 1008 1920 1087 1947; x_wconf 77' lang='lat' dir='ltr'><strong>syna-</strong></span> 
     </span>
    </p>
   </div>
   <div class='ocr_carea' id='block_1_58' title="bbox 301 1956 1086 1992">
    <p class='ocr_par' dir='ltr' id='par_1_58' title="bbox 301 1956 1086 1992">
     <span class='ocr_line' id='line_1_58' title="bbox 301 1956 1086 1992; baseline 0.003 -11"><span class='ocrx_word' id='word_1_426' title='bbox 301 1964 367 1990; x_wconf 74' lang='lat' dir='ltr'><strong>goga</strong></span> <span class='ocrx_word' id='word_1_427' title='bbox 392 1956 495 1983; x_wconf 74' lang='lat' dir='ltr'><strong>llesaia:</strong></span> <span class='ocrx_word' id='word_1_428' title='bbox 517 1957 596 1989; x_wconf 89' lang='lat' dir='ltr'><strong>libro,</strong></span> <span class='ocrx_word' id='word_1_429' title='bbox 624 1957 747 1991; x_wconf 88' lang='lat' dir='ltr'><strong>lectaque</strong></span> <span class='ocrx_word' id='word_1_430' title='bbox 771 1957 893 1984; x_wconf 85' lang='lat' dir='ltr'><strong>clausula</strong></span> <span class='ocrx_word' id='word_1_431' title='bbox 914 1965 948 1984; x_wconf 77' lang='lat' dir='ltr'><strong>ex</strong></span> <span class='ocrx_word' id='word_1_432' title='bbox 973 1965 1086 1992; x_wconf 82' lang='lat' dir='ltr'><strong>persona</strong></span> 
     </span>
    </p>
   </div>
   <div class='ocr_carea' id='block_1_59' title="bbox 301 2003 1087 2040">
    <p class='ocr_par' dir='ltr' id='par_1_59' title="bbox 301 2003 1087 2040">
     <span class='ocr_line' id='line_1_59' title="bbox 301 2003 1087 2040; baseline 0.001 -9"><span class='ocrx_word' id='word_1_433' title='bbox 301 2005 359 2039; x_wconf 86' lang='lat' dir='ltr'><strong>ejus</strong></span> <span class='ocrx_word' id='word_1_434' title='bbox 377 2005 433 2031; x_wconf 81' lang='lat' dir='ltr'><strong>haec</strong></span> <span class='ocrx_word' id='word_1_435' title='bbox 447 2003 606 2034; x_wconf 74' lang='lat' dir='ltr'><strong>dicente’-;t</strong></span> <span class='ocrx_word' id='word_1_436' title='bbox 632 2005 750 2039; x_wconf 86' lang='lat' dir='ltr'><strong>Spiritus</strong></span> <span class='ocrx_word' id='word_1_437' title='bbox 766 2005 872 2032; x_wconf 83' lang='lat' dir='ltr'><strong>Domini</strong></span> <span class='ocrx_word' id='word_1_438' title='bbox 887 2014 970 2040; x_wconf 81' lang='lat' dir='ltr'><strong>super</strong></span> <span class='ocrx_word' id='word_1_439' title='bbox 986 2014 1038 2037; x_wconf 84' lang='lat' dir='ltr'><strong>me.</strong></span> <span class='ocrx_word' id='word_1_440' title='bbox 1056 2014 1087 2033; x_wconf 91' lang='lat' dir='ltr'><strong>eo</strong></span> 
     </span>
    </p>
   </div>
   <div class='ocr_carea' id='block_1_60' title="bbox 302 2049 1088 2084">
    <p class='ocr_par' dir='ltr' id='par_1_60' title="bbox 302 2049 1088 2084">
     <span class='ocr_line' id='line_1_60' title="bbox 302 2049 1088 2084; baseline 0.004 -10"><span class='ocrx_word' id='word_1_441' title='bbox 302 2049 373 2083; x_wconf 87' lang='lat' dir='ltr'><strong>quod</strong></span> <span class='ocrx_word' id='word_1_442' title='bbox 400 2049 507 2075; x_wconf 82' lang='lat' dir='ltr'><strong>unxerit</strong></span> <span class='ocrx_word' id='word_1_443' title='bbox 535 2056 594 2082; x_wconf 89' lang='lat' dir='ltr'><strong>me,</strong></span> <span class='ocrx_word' id='word_1_444' title='bbox 615 2049 804 2084; x_wconf 76' lang='lat' dir='ltr'><strong>evangelizare</strong></span> <span class='ocrx_word' id='word_1_445' title='bbox 830 2051 991 2083; x_wconf 87' lang='lat' dir='ltr'><strong>pauperibus</strong></span> <span class='ocrx_word' id='word_1_446' title='bbox 1015 2051 1088 2078; x_wconf 78' lang='lat' dir='ltr'><strong>misit</strong></span> 
     </span>
    </p>
   </div>
   <div class='ocr_carea' id='block_1_61' title="bbox 304 2093 1088 2127">
    <p class='ocr_par' dir='ltr' id='par_1_61' title="bbox 304 2093 1088 2127">
     <span class='ocr_line' id='line_1_61' title="bbox 304 2093 1088 2127; baseline 0.004 -9"><span class='ocrx_word' id='word_1_447' title='bbox 304 2100 356 2125; x_wconf 72' lang='lat' dir='ltr'><strong>me,</strong></span> <span class='ocrx_word' id='word_1_448' title='bbox 374 2103 382 2117; x_wconf 79' lang='grc'><strong>›</strong></span> <span class='ocrx_word' id='word_1_449' title='bbox 402 2098 460 2120; x_wconf 89' lang='lat' dir='ltr'><strong>etc.</strong></span> <span class='ocrx_word' id='word_1_450' title='bbox 478 2113 485 2125; x_wconf 98' lang='lat'><strong>,</strong></span> <span class='ocrx_word' id='word_1_451' title='bbox 507 2093 636 2127; x_wconf 86' lang='lat' dir='ltr'><strong>rcplicato</strong></span> <span class='ocrx_word' id='word_1_452' title='bbox 659 2094 730 2120; x_wconf 89' lang='lat' dir='ltr'><strong>libro</strong></span> <span class='ocrx_word' id='word_1_453' title='bbox 758 2094 849 2120; x_wconf 82' lang='lat' dir='ltr'><strong>intulit</strong></span> <span class='ocrx_word' id='word_1_454' title='bbox 866 2102 873 2121; x_wconf 85' lang='lat'><strong>:</strong></span> <span class='ocrx_word' id='word_1_455' title='bbox 888 2103 898 2119; x_wconf 77' lang='grc' dir='ltr'><strong>ι</strong></span> <span class='ocrx_word' id='word_1_456' title='bbox 920 2094 1004 2121; x_wconf 85' lang='lat' dir='ltr'><strong>Hodie</strong></span> <span class='ocrx_word' id='word_1_457' title='bbox 1032 2096 1088 2121; x_wconf 71' lang='lat' dir='ltr'><strong>hare</strong></span> 
     </span>
    </p>
   </div>
   <div class='ocr_carea' id='block_1_62' title="bbox 304 2137 1087 2172">
    <p class='ocr_par' dir='ltr' id='par_1_62' title="bbox 304 2137 1087 2172">
     <span class='ocr_line' id='line_1_62' title="bbox 304 2137 1087 2172; baseline 0.005 -9"><span class='ocrx_word' id='word_1_458' title='bbox 304 2137 443 2171; x_wconf 74' lang='lat' dir='ltr'><strong>Scriptura</strong></span> <span class='ocrx_word' id='word_1_459' title='bbox 461 2138 569 2172; x_wconf 87' lang='lat' dir='ltr'><strong>impleta</strong></span> <span class='ocrx_word' id='word_1_460' title='bbox 593 2143 634 2166; x_wconf 83' lang='lat' dir='ltr'><strong>est</strong></span> <span class='ocrx_word' id='word_1_461' title='bbox 661 2139 687 2165; x_wconf 94' lang='lat' dir='ltr'><strong>in</strong></span> <span class='ocrx_word' id='word_1_462' title='bbox 710 2139 821 2165; x_wconf 85' lang='lat' dir='ltr'><strong>auribus</strong></span> <span class='ocrx_word' id='word_1_463' title='bbox 838 2140 944 2172; x_wconf 80' lang='lat' dir='ltr'><strong>vestris,</strong></span> <span class='ocrx_word' id='word_1_464' title='bbox 962 2149 971 2165; x_wconf 75' lang='grc' dir='ltr'><strong>ι</strong></span> <span class='ocrx_word' id='word_1_465' title='bbox 989 2140 1087 2167; x_wconf 85' lang='lat' dir='ltr'><strong>docens</strong></span> 
     </span>
    </p>
   </div>
   <div class='ocr_carea' id='block_1_63' title="bbox 303 2184 995 2217">
    <p class='ocr_par' dir='ltr' id='par_1_63' title="bbox 303 2184 995 2217">
     <span class='ocr_line' id='line_1_63' title="bbox 303 2184 995 2217; baseline 0.004 -8"><span class='ocrx_word' id='word_1_466' title='bbox 303 2190 332 2209; x_wconf 83' lang='lat' dir='ltr'><strong>se</strong></span> <span class='ocrx_word' id='word_1_467' title='bbox 345 2184 543 2217; x_wconf 83' lang='lat' dir='ltr'><strong>redemptorem</strong></span> <span class='ocrx_word' id='word_1_468' title='bbox 563 2184 740 2210; x_wconf 85' lang='lat' dir='ltr'><strong>humanarum</strong></span> <span class='ocrx_word' id='word_1_469' title='bbox 761 2185 912 2211; x_wconf 86' lang='lat' dir='ltr'><strong>animarum</strong></span> <span class='ocrx_word' id='word_1_470' title='bbox 926 2192 995 2212; x_wconf 82' lang='lat' dir='ltr'><strong>esse.</strong></span> 
     </span>
    </p>
   </div>
   <div class='ocr_carea' id='block_1_64' title="bbox 340 2314 1087 2351">
    <p class='ocr_par' dir='ltr' id='par_1_64' title="bbox 340 2314 1087 2351">
     <span class='ocr_line' id='line_1_64' title="bbox 340 2314 1087 2351; baseline 0.005 -10"><span class='ocrx_word' id='word_1_471' title='bbox 340 2314 420 2341; x_wconf 71' lang='lat' dir='ltr'><strong>Vens.</strong></span> <span class='ocrx_word' id='word_1_472' title='bbox 438 2314 482 2340; x_wconf 78' lang='grc'><strong>28.</strong></span> <span class='ocrx_word' id='word_1_473' title='bbox 503 2324 511 2339; x_wconf 78' lang='grc' dir='ltr'><strong>ι</strong></span> <span class='ocrx_word' id='word_1_474' title='bbox 530 2315 563 2341; x_wconf 86' lang='grc' dir='ltr'><strong>Ει</strong></span> <span class='ocrx_word' id='word_1_475' title='bbox 577 2320 754 2342; x_wconf 88' lang='lat' dir='ltr'><strong>conterentur</strong></span> <span class='ocrx_word' id='word_1_476' title='bbox 772 2317 873 2351; x_wconf 90' lang='lat' dir='ltr'><strong>iniqui,</strong></span> <span class='ocrx_word' id='word_1_477' title='bbox 890 2322 916 2343; x_wconf 90' lang='lat' dir='ltr'><strong>et</strong></span> <span class='ocrx_word' id='word_1_478' title='bbox 931 2324 1087 2350; x_wconf 80' lang='lat' dir='ltr'><strong>peccatores</strong></span> 
     </span>
    </p>
   </div>
   <div class='ocr_carea' id='block_1_65' title="bbox 302 2359 1083 2395">
    <p class='ocr_par' dir='ltr' id='par_1_65' title="bbox 302 2359 1083 2395">
     <span class='ocr_line' id='line_1_65' title="bbox 302 2359 1083 2395; baseline 0.006 -10"><span class='ocrx_word' id='word_1_479' title='bbox 302 2359 393 2393; x_wconf 87' lang='lat' dir='ltr'><strong>simul,</strong></span> <span class='ocrx_word' id='word_1_480' title='bbox 405 2364 429 2387; x_wconf 82' lang='lat' dir='ltr'><strong>et</strong></span> <span class='ocrx_word' id='word_1_481' title='bbox 442 2361 487 2394; x_wconf 91' lang='lat' dir='ltr'><strong>qui</strong></span> <span class='ocrx_word' id='word_1_482' title='bbox 504 2361 706 2395; x_wconf 85' lang='lat' dir='ltr'><strong>dcreliqnerunl</strong></span> <span class='ocrx_word' id='word_1_483' title='bbox 722 2362 861 2389; x_wconf 87' lang='lat' dir='ltr'><strong>Domimnn</strong></span> <span class='ocrx_word' id='word_1_484' title='bbox 874 2364 1060 2390; x_wconf 75' lang='lat' dir='ltr'><strong>conticientur.</strong></span> <span class='ocrx_word' id='word_1_485' title='bbox 1075 2375 1083 2389; x_wconf 76' lang='grc' dir='ltr'><strong>ι</strong></span> 
     </span>
    </p>
   </div>
   <div class='ocr_carea' id='block_1_66' title="bbox 304 2405 1084 2442">
    <p class='ocr_par' dir='ltr' id='par_1_66' title="bbox 304 2405 1084 2442">
     <span class='ocr_line' id='line_1_66' title="bbox 304 2405 1084 2442; baseline 0.006 -11"><span class='ocrx_word' id='word_1_486' title='bbox 304 2405 356 2431; x_wconf 83' lang='lat' dir='ltr'><strong>Sed</strong></span> <span class='ocrx_word' id='word_1_487' title='bbox 375 2406 406 2432; x_wconf 86' lang='lat' dir='ltr'><strong>de</strong></span> <span class='ocrx_word' id='word_1_488' title='bbox 425 2405 512 2433; x_wconf 81' lang='lat' dir='ltr'><strong>medio</strong></span> <span class='ocrx_word' id='word_1_489' title='bbox 528 2406 660 2433; x_wconf 86' lang='lat' dir='ltr'><strong>tollendos</strong></span> <span class='ocrx_word' id='word_1_490' title='bbox 675 2415 734 2435; x_wconf 76' lang='lat' dir='ltr'><strong>esse</strong></span> <span class='ocrx_word' id='word_1_491' title='bbox 751 2409 789 2434; x_wconf 89' lang='lat' dir='ltr'><strong>ait</strong></span> <span class='ocrx_word' id='word_1_492' title='bbox 805 2409 930 2442; x_wconf 61' lang='lat' dir='ltr'><strong>nequitia:</strong></span> <span class='ocrx_word' id='word_1_493' title='bbox 949 2410 1084 2436; x_wconf 79' lang='lat' dir='ltr'><strong>doctores.</strong></span> 
     </span>
    </p>
   </div>
   <div class='ocr_carea' id='block_1_67' title="bbox 303 2451 1088 2487">
    <p class='ocr_par' dir='ltr' id='par_1_67' title="bbox 303 2451 1088 2487">
     <span class='ocr_line' id='line_1_67' title="bbox 303 2451 1088 2487; baseline 0.005 -11"><span class='ocrx_word' id='word_1_494' title='bbox 303 2451 416 2483; x_wconf 85' lang='lat' dir='ltr'><strong>Quinam</strong></span> <span class='ocrx_word' id='word_1_495' title='bbox 434 2458 498 2478; x_wconf 84' lang='lat' dir='ltr'><strong>vero</strong></span> <span class='ocrx_word' id='word_1_496' title='bbox 513 2452 529 2478; x_wconf 92' lang='lat' dir='ltr'><strong>ii</strong></span> <span class='ocrx_word' id='word_1_497' title='bbox 546 2458 647 2484; x_wconf 86' lang='lat' dir='ltr'><strong>essent,</strong></span> <span class='ocrx_word' id='word_1_498' title='bbox 664 2453 688 2479; x_wconf 95' lang='lat' dir='ltr'><strong>in</strong></span> <span class='ocrx_word' id='word_1_499' title='bbox 706 2453 919 2487; x_wconf 82' lang='lat' dir='ltr'><strong>praecedentibus</strong></span> <span class='ocrx_word' id='word_1_500' title='bbox 934 2454 1088 2480; x_wconf 76' lang='lat' dir='ltr'><strong>declaratur</strong></span> 
     </span>
    </p>
   </div>
   <div class='ocr_carea' id='block_1_68' title="bbox 304 2488 1086 2533">
    <p class='ocr_par' dir='ltr' id='par_1_68' title="bbox 304 2488 1086 2533">
     <span class='ocr_line' id='line_1_68' title="bbox 304 2488 1086 2533; baseline 0.004 -11"><span class='ocrx_word' id='word_1_501' title='bbox 304 2497 345 2523; x_wconf 86' lang='lat' dir='ltr'><strong>his</strong></span> <span class='ocrx_word' id='word_1_502' title='bbox 361 2488 468 2523; x_wconf 78' lang='lat' dir='ltr'><strong>verbis:</strong></span> <span class='ocrx_word' id='word_1_503' title='bbox 489 2505 498 2522; x_wconf 77' lang='grc' dir='ltr'><strong>ι</strong></span> <span class='ocrx_word' id='word_1_504' title='bbox 513 2497 558 2523; x_wconf 72' lang='lat' dir='ltr'><strong>Vm</strong></span> <span class='ocrx_word' id='word_1_505' title='bbox 568 2498 639 2531; x_wconf 79' lang='lat' dir='ltr'><strong>genti</strong></span> <span class='ocrx_word' id='word_1_506' title='bbox 657 2498 801 2532; x_wconf 73' lang='lat' dir='ltr'><strong>pcccatrici</strong></span> <span class='ocrx_word' id='word_1_507' title='bbox 831 2499 928 2533; x_wconf 83' lang='lat' dir='ltr'><strong>nopulo</strong></span> <span class='ocrx_word' id='word_1_508' title='bbox 944 2499 1021 2533; x_wconf 85' lang='lat' dir='ltr'><strong>pleno</strong></span> <span class='ocrx_word' id='word_1_509' title='bbox 1036 2500 1086 2525; x_wconf 77' lang='lat' dir='ltr'><strong>ini—</strong></span> 
     </span>
    </p>
   </div>
   <div class='ocr_carea' id='block_1_69' title="bbox 303 2543 452 2575">
    <p class='ocr_par' dir='ltr' id='par_1_69' title="bbox 303 2543 452 2575">
     <span class='ocr_line' id='line_1_69' title="bbox 303 2543 452 2575; baseline 0.02 -9"><span class='ocrx_word' id='word_1_510' title='bbox 303 2543 423 2575; x_wconf 72' lang='lat' dir='ltr'><strong>quLtatis.</strong></span> <span class='ocrx_word' id='word_1_511' title='bbox 443 2552 452 2568; x_wconf 73' lang='grc' dir='ltr'><strong><em>ι</em></strong></span> 
     </span>
    </p>
   </div>
   <div class='ocr_carea' id='block_1_70' title="bbox 341 2587 1085 2624">
    <p class='ocr_par' dir='ltr' id='par_1_70' title="bbox 341 2587 1085 2624">
     <span class='ocr_line' id='line_1_70' title="bbox 341 2587 1085 2624; baseline 0.004 -11"><span class='ocrx_word' id='word_1_512' title='bbox 341 2587 477 2615; x_wconf 64' lang='lat' dir='ltr'><strong>\‘Ens.‘29.</strong></span> <span class='ocrx_word' id='word_1_513' title='bbox 501 2597 510 2613; x_wconf 70' lang='grc' dir='ltr'><strong>ι</strong></span> <span class='ocrx_word' id='word_1_514' title='bbox 532 2588 599 2620; x_wconf 82' lang='lat' dir='ltr'><strong>Quia</strong></span> <span class='ocrx_word' id='word_1_515' title='bbox 626 2590 826 2617; x_wconf 78' lang='lat' dir='ltr'><strong>confundentur</strong></span> <span class='ocrx_word' id='word_1_516' title='bbox 841 2598 921 2624; x_wconf 80' lang='lat' dir='ltr'><strong>super</strong></span> <span class='ocrx_word' id='word_1_517' title='bbox 941 2590 1009 2616; x_wconf 78' lang='lat' dir='ltr'><strong>idola</strong></span> <span class='ocrx_word' id='word_1_518' title='bbox 1026 2598 1085 2622; x_wconf 81' lang='lat' dir='ltr'><strong>sua,</strong></span> 
     </span>
    </p>
   </div>
   <div class='ocr_carea' id='block_1_71' title="bbox 304 2633 1085 2669">
    <p class='ocr_par' dir='ltr' id='par_1_71' title="bbox 304 2633 1085 2669">
     <span class='ocr_line' id='line_1_71' title="bbox 304 2633 1085 2669; baseline 0.005 -12"><span class='ocrx_word' id='word_1_519' title='bbox 304 2639 363 2664; x_wconf 76' lang='lat' dir='ltr'><strong>qua:</strong></span> <span class='ocrx_word' id='word_1_520' title='bbox 387 2633 436 2667; x_wconf 84' lang='lat' dir='ltr'><strong>ipsi</strong></span> <span class='ocrx_word' id='word_1_521' title='bbox 465 2634 601 2666; x_wconf 86' lang='lat' dir='ltr'><strong>volebant,</strong></span> <span class='ocrx_word' id='word_1_522' title='bbox 622 2639 649 2662; x_wconf 88' lang='lat' dir='ltr'><strong>et</strong></span> <span class='ocrx_word' id='word_1_523' title='bbox 666 2635 867 2662; x_wconf 78' lang='lat' dir='ltr'><strong>confundentur</strong></span> <span class='ocrx_word' id='word_1_524' title='bbox 890 2643 971 2669; x_wconf 83' lang='lat' dir='ltr'><strong>super</strong></span> <span class='ocrx_word' id='word_1_525' title='bbox 993 2636 1085 2663; x_wconf 89' lang='lat' dir='ltr'><strong>hortos</strong></span> 
     </span>
    </p>
   </div>
   <div class='ocr_carea' id='block_1_72' title="bbox 304 2681 1085 2715">
    <p class='ocr_par' dir='ltr' id='par_1_72' title="bbox 304 2681 1085 2715">
     <span class='ocr_line' id='line_1_72' title="bbox 304 2681 1085 2715; baseline 0.008 -12"><span class='ocrx_word' id='word_1_526' title='bbox 304 2685 378 2709; x_wconf 86' lang='lat' dir='ltr'><strong>suos,</strong></span> <span class='ocrx_word' id='word_1_527' title='bbox 395 2686 463 2712; x_wconf 90' lang='lat' dir='ltr'><strong>quos</strong></span> <span class='ocrx_word' id='word_1_528' title='bbox 479 2681 702 2714; x_wconf 83' lang='lat' dir='ltr'><strong>concupiverunt.</strong></span> <span class='ocrx_word' id='word_1_529' title='bbox 717 2691 725 2706; x_wconf 67' lang='grc' dir='ltr'><strong>ι</strong></span> <span class='ocrx_word' id='word_1_530' title='bbox 742 2681 874 2708; x_wconf 66' lang='lat' dir='ltr'><strong>Caeterum</strong></span> <span class='ocrx_word' id='word_1_531' title='bbox 891 2681 1000 2715; x_wconf 77' lang='lat' dir='ltr'><strong>pudoris</strong></span> <span class='ocrx_word' id='word_1_532' title='bbox 1025 2689 1085 2708; x_wconf 80' lang='lat' dir='ltr'><strong>sen-</strong></span> 
     </span>
    </p>
   </div>
   <div class='ocr_carea' id='block_1_73' title="bbox 339 2725 609 2765">
    <p class='ocr_par' dir='ltr' id='par_1_73' title="bbox 339 2725 609 2765">
     <span class='ocr_line' id='line_1_73' title="bbox 339 2725 609 2765; baseline 0.015 -15"><span class='ocrx_word' id='word_1_533' title='bbox 339 2726 348 2739; x_wconf 81' lang='lat'>&#39;</span> <span class='ocrx_word' id='word_1_534' title='bbox 367 2725 433 2765; x_wconf 81' lang='lat' dir='ltr'><strong>Luc,</strong></span> <span class='ocrx_word' id='word_1_535' title='bbox 452 2734 484 2759; x_wconf 80' lang='lat' dir='ltr'><strong>tvl</strong></span> <span class='ocrx_word' id='word_1_536' title='bbox 505 2730 550 2760; x_wconf 78' lang='lat'><strong>18,</strong></span> <span class='ocrx_word' id='word_1_537' title='bbox 564 2727 609 2754; x_wconf 78' lang='grc'><strong>21.</strong></span> 
     </span>
    </p>
   </div>
   <div class='ocr_carea' id='block_1_74' title="bbox 1140 910 1930 950">
    <p class='ocr_par' dir='ltr' id='par_1_74' title="bbox 1140 910 1930 950">
     <span class='ocr_line' id='line_1_74' title="bbox 1140 910 1930 950; baseline 0.008 -15"><span class='ocrx_word' id='word_1_538' title='bbox 1140 911 1186 936; x_wconf 70' lang='grc' dir='ltr'><strong>καὶ</strong></span> <span class='ocrx_word' id='word_1_539' title='bbox 1203 910 1235 936; x_wconf 78' lang='grc' dir='ltr'><strong>τὰ</strong></span> <span class='ocrx_word' id='word_1_540' title='bbox 1251 910 1368 945; x_wconf 73' lang='grc' dir='ltr'>περισσὰ</span> <span class='ocrx_word' id='word_1_541' title='bbox 1394 911 1448 936; x_wconf 85' lang='grc' dir='ltr'>τῶν</span> <span class='ocrx_word' id='word_1_542' title='bbox 1459 912 1665 946; x_wconf 80' lang='grc' dir='ltr'>ὲκπατηθέντων</span> <span class='ocrx_word' id='word_1_543' title='bbox 1684 913 1803 948; x_wconf 78' lang='grc' dir='ltr'>βοτρύων</span> <span class='ocrx_word' id='word_1_544' title='bbox 1818 913 1930 950; x_wconf 73' lang='grc' dir='ltr'>ἀπορρΓ</span> 
     </span>
    </p>
   </div>
   <div class='ocr_carea' id='block_1_75' title="bbox 1137 956 1930 993">
    <p class='ocr_par' dir='ltr' id='par_1_75' title="bbox 1137 956 1930 993">
     <span class='ocr_line' id='line_1_75' title="bbox 1137 956 1930 993; baseline 0.006 -12"><span class='ocrx_word' id='word_1_545' title='bbox 1137 964 1244 987; x_wconf 82' lang='grc' dir='ltr'>πτουσι,</span> <span class='ocrx_word' id='word_1_546' title='bbox 1260 956 1305 981; x_wconf 70' lang='grc' dir='ltr'><strong>τὸν</strong></span> <span class='ocrx_word' id='word_1_547' title='bbox 1337 956 1416 981; x_wconf 69' lang='grc' dir='ltr'>αὐτὸν</span> <span class='ocrx_word' id='word_1_548' title='bbox 1433 957 1531 991; x_wconf 82' lang='grc' dir='ltr'>τρόπον</span> <span class='ocrx_word' id='word_1_549' title='bbox 1547 957 1633 991; x_wconf 84' lang='grc' dir='ltr'>κάγὼ,</span> <span class='ocrx_word' id='word_1_550' title='bbox 1654 958 1730 993; x_wconf 64' lang='grc' dir='ltr'>φησι,</span> <span class='ocrx_word' id='word_1_551' title='bbox 1753 958 1872 993; x_wconf 81' lang='grc' dir='ltr'><strong>πυρώσω</strong></span> <span class='ocrx_word' id='word_1_552' title='bbox 1892 960 1930 991; x_wconf 80' lang='grc' dir='ltr'><strong>εις</strong></span> 
     </span>
    </p>
   </div>
   <div class='ocr_carea' id='block_1_76' title="bbox 1135 996 1807 1036">
    <p class='ocr_par' dir='ltr' id='par_1_76' title="bbox 1135 996 1807 1036">
     <span class='ocr_line' id='line_1_76' title="bbox 1135 996 1807 1036; baseline 0.004 -10"><span class='ocrx_word' id='word_1_553' title='bbox 1135 1001 1255 1036; x_wconf 73' lang='grc' dir='ltr'>καθαρὸν</span> <span class='ocrx_word' id='word_1_554' title='bbox 1271 1001 1301 1027; x_wconf 81' lang='grc' dir='ltr'>τὸ</span> <span class='ocrx_word' id='word_1_555' title='bbox 1317 1001 1484 1035; x_wconf 76' lang='grc' dir='ltr'>γιγαρτῶδές</span> <span class='ocrx_word' id='word_1_556' title='bbox 1500 1010 1556 1029; x_wconf 85' lang='grc' dir='ltr'>σου,</span> <span class='ocrx_word' id='word_1_557' title='bbox 1804 996 1807 997; x_wconf 19' lang='grc' dir='ltr'><em>ν</em></span> 
     </span>
    </p>
   </div>
   <div class='ocr_carea' id='block_1_77' title="bbox 1175 1046 1932 1084">
    <p class='ocr_par' dir='ltr' id='par_1_77' title="bbox 1175 1046 1932 1084">
     <span class='ocr_line' id='line_1_77' title="bbox 1175 1046 1932 1084; baseline 0.005 -13"><span class='ocrx_word' id='word_1_558' title='bbox 1175 1055 1183 1070; x_wconf 74' lang='grc' dir='ltr'><strong>ι</strong></span> <span class='ocrx_word' id='word_1_559' title='bbox 1196 1046 1250 1072; x_wconf 75' lang='grc' dir='ltr'><strong>Καὶ</strong></span> <span class='ocrx_word' id='word_1_560' title='bbox 1269 1046 1337 1080; x_wconf 74' lang='grc' dir='ltr'>μετὰ</span> <span class='ocrx_word' id='word_1_561' title='bbox 1352 1046 1438 1072; x_wconf 71' lang='grc' dir='ltr'>ταῦτα</span> <span class='ocrx_word' id='word_1_562' title='bbox 1452 1046 1576 1083; x_wconf 75' lang='grc' dir='ltr'><strong>κληθήσῃ</strong></span> <span class='ocrx_word' id='word_1_563' title='bbox 1593 1047 1668 1079; x_wconf 83' lang='grc' dir='ltr'>πόλις</span> <span class='ocrx_word' id='word_1_564' title='bbox 1680 1047 1862 1084; x_wconf 83' lang='grc' dir='ltr'>δικαιοσύνης,</span> <span class='ocrx_word' id='word_1_565' title='bbox 1882 1048 1932 1084; x_wconf 85' lang='grc' dir='ltr'>μη-</span> 
     </span>
    </p>
   </div>
   <div class='ocr_carea' id='block_1_78' title="bbox 1136 1091 1932 1130">
    <p class='ocr_par' dir='ltr' id='par_1_78' title="bbox 1136 1091 1932 1130">
     <span class='ocr_line' id='line_1_78' title="bbox 1136 1091 1932 1130; baseline 0.006 -14"><span class='ocrx_word' id='word_1_566' title='bbox 1136 1092 1260 1126; x_wconf 85' lang='grc' dir='ltr'>τρόπολις</span> <span class='ocrx_word' id='word_1_567' title='bbox 1279 1092 1360 1127; x_wconf 83' lang='grc' dir='ltr'>πιστὴ</span> <span class='ocrx_word' id='word_1_568' title='bbox 1376 1091 1457 1118; x_wconf 88' lang='grc' dir='ltr'>Σιών·</span> <span class='ocrx_word' id='word_1_569' title='bbox 1482 1093 1550 1127; x_wconf 74' lang='grc' dir='ltr'>μετὰ</span> <span class='ocrx_word' id='word_1_570' title='bbox 1566 1093 1619 1128; x_wconf 81' lang='grc' dir='ltr'><strong>γὰρ</strong></span> <span class='ocrx_word' id='word_1_571' title='bbox 1636 1094 1768 1129; x_wconf 85' lang='grc' dir='ltr'>κρίματος</span> <span class='ocrx_word' id='word_1_572' title='bbox 1783 1093 1932 1130; x_wconf 82' lang='grc' dir='ltr'>σωθήσεται</span> 
     </span>
    </p>
   </div>
   <div class='ocr_carea' id='block_1_79' title="bbox 1138 1137 1932 1176">
    <p class='ocr_par' dir='ltr' id='par_1_79' title="bbox 1138 1137 1932 1176">
     <span class='ocr_line' id='line_1_79' title="bbox 1138 1137 1932 1176; baseline 0.005 -14"><span class='ocrx_word' id='word_1_573' title='bbox 1138 1139 1153 1171; x_wconf 83' lang='grc' dir='ltr'><strong>ἠ</strong></span> <span class='ocrx_word' id='word_1_574' title='bbox 1170 1137 1341 1171; x_wconf 83' lang='grc' dir='ltr'>αἰχμαλωσία</span> <span class='ocrx_word' id='word_1_575' title='bbox 1359 1137 1453 1171; x_wconf 74' lang='grc' dir='ltr'>αὐτῆς.</span> <span class='ocrx_word' id='word_1_576' title='bbox 1467 1146 1475 1162; x_wconf 83' lang='grc'><em>›</em></span> <span class='ocrx_word' id='word_1_577' title='bbox 1491 1138 1529 1172; x_wconf 86' lang='grc' dir='ltr'><strong>Τῇ</strong></span> <span class='ocrx_word' id='word_1_578' title='bbox 1552 1139 1621 1172; x_wconf 79' lang='grc' dir='ltr'>μετὰ</span> <span class='ocrx_word' id='word_1_579' title='bbox 1638 1138 1724 1165; x_wconf 79' lang='grc' dir='ltr'>ταῦτα</span> <span class='ocrx_word' id='word_1_580' title='bbox 1745 1139 1932 1176; x_wconf 84' lang='grc' dir='ltr'>συστησομένῃ</span> 
     </span>
    </p>
   </div>
   <div class='ocr_carea' id='block_1_80' title="bbox 1138 1182 1931 1219">
    <p class='ocr_par' dir='ltr' id='par_1_80' title="bbox 1138 1182 1931 1219">
     <span class='ocr_line' id='line_1_80' title="bbox 1138 1182 1931 1219; baseline 0.003 -11"><span class='ocrx_word' id='word_1_581' title='bbox 1138 1185 1212 1218; x_wconf 83' lang='grc' dir='ltr'>κοινῇ</span> <span class='ocrx_word' id='word_1_582' title='bbox 1231 1183 1317 1215; x_wconf 79' lang='grc' dir='ltr'>πόλει,</span> <span class='ocrx_word' id='word_1_583' title='bbox 1333 1182 1437 1217; x_wconf 75' lang='grc' dir='ltr'>ἥντινα</span> <span class='ocrx_word' id='word_1_584' title='bbox 1453 1183 1500 1209; x_wconf 75' lang='grc' dir='ltr'><strong>καὶ</strong></span> <span class='ocrx_word' id='word_1_585' title='bbox 1517 1183 1594 1209; x_wconf 84' lang='grc' dir='ltr'>πόλιν</span> <span class='ocrx_word' id='word_1_586' title='bbox 1607 1183 1778 1218; x_wconf 67' lang='grc' dir='ltr'><strong>δικαιοσύνης</strong></span> <span class='ocrx_word' id='word_1_587' title='bbox 1795 1184 1931 1219; x_wconf 77' lang='grc' dir='ltr'>ὀνομάζει,</span> 
     </span>
    </p>
   </div>
   <div class='ocr_carea' id='block_1_81' title="bbox 1139 1229 1934 1266">
    <p class='ocr_par' dir='ltr' id='par_1_81' title="bbox 1139 1229 1934 1266">
     <span class='ocr_line' id='line_1_81' title="bbox 1139 1229 1934 1266; baseline 0.003 -12"><span class='ocrx_word' id='word_1_588' title='bbox 1139 1229 1184 1255; x_wconf 70' lang='grc' dir='ltr'>καὶ</span> <span class='ocrx_word' id='word_1_589' title='bbox 1200 1229 1362 1263; x_wconf 73' lang='grc' dir='ltr'>μητρόπολιν</span> <span class='ocrx_word' id='word_1_590' title='bbox 1381 1229 1478 1263; x_wconf 80' lang='grc' dir='ltr'>πιστὴν</span> <span class='ocrx_word' id='word_1_591' title='bbox 1494 1229 1574 1260; x_wconf 81' lang='grc' dir='ltr'>Σιὼν,</span> <span class='ocrx_word' id='word_1_592' title='bbox 1592 1229 1663 1256; x_wconf 71' lang='grc' dir='ltr'>οὕτω</span> <span class='ocrx_word' id='word_1_593' title='bbox 1677 1229 1832 1266; x_wconf 80' lang='grc' dir='ltr'>προσειπὼν</span> <span class='ocrx_word' id='word_1_594' title='bbox 1846 1230 1877 1256; x_wconf 77' lang='grc' dir='ltr'>τὸ</span> <span class='ocrx_word' id='word_1_595' title='bbox 1888 1231 1934 1256; x_wconf 83' lang='grc' dir='ltr'>σύ-</span> 
     </span>
    </p>
   </div>
   <div class='ocr_carea' id='block_1_82' title="bbox 1140 1274 1933 1310">
    <p class='ocr_par' dir='ltr' id='par_1_82' title="bbox 1140 1274 1933 1310">
     <span class='ocr_line' id='line_1_82' title="bbox 1140 1274 1933 1310; baseline 0.003 -11"><span class='ocrx_word' id='word_1_596' title='bbox 1140 1283 1229 1308; x_wconf 82' lang='grc' dir='ltr'>στημα.</span> <span class='ocrx_word' id='word_1_597' title='bbox 1250 1274 1296 1299; x_wconf 71' lang='grc' dir='ltr'>τοῦ</span> <span class='ocrx_word' id='word_1_598' title='bbox 1319 1274 1458 1308; x_wconf 62' lang='grc' dir='ltr'>θεοφιλοῦς</span> <span class='ocrx_word' id='word_1_599' title='bbox 1488 1275 1694 1309; x_wconf 81' lang='grc' dir='ltr'>πολιτεύματος.</span> <span class='ocrx_word' id='word_1_600' title='bbox 1719 1275 1747 1300; x_wconf 88' lang='grc' dir='ltr'><strong>Ὀ</strong></span> <span class='ocrx_word' id='word_1_601' title='bbox 1776 1274 1859 1301; x_wconf 76' lang='grc' dir='ltr'>πάλαι</span> <span class='ocrx_word' id='word_1_602' title='bbox 1884 1275 1933 1310; x_wconf 84' lang='grc' dir='ltr'>μὲν</span> 
     </span>
    </p>
   </div>
   <div class='ocr_carea' id='block_1_83' title="bbox 1141 1320 1933 1354">
    <p class='ocr_par' dir='ltr' id='par_1_83' title="bbox 1141 1320 1933 1354">
     <span class='ocr_line' id='line_1_83' title="bbox 1141 1320 1933 1354; baseline 0.004 -10"><span class='ocrx_word' id='word_1_603' title='bbox 1141 1320 1247 1350; x_wconf 75' lang='grc' dir='ltr'>συνετὸς</span> <span class='ocrx_word' id='word_1_604' title='bbox 1271 1320 1345 1354; x_wconf 75' lang='grc' dir='ltr'>παρὰ</span> <span class='ocrx_word' id='word_1_605' title='bbox 1368 1320 1504 1351; x_wconf 76' lang='grc' dir='ltr'>Ἰουδαίοις</span> <span class='ocrx_word' id='word_1_606' title='bbox 1542 1320 1739 1347; x_wconf 80' lang='grc' dir='ltr'>διεπεπτώκει’</span> <span class='ocrx_word' id='word_1_607' title='bbox 1763 1320 1809 1347; x_wconf 79' lang='grc' dir='ltr'><strong>νῦν</strong></span> <span class='ocrx_word' id='word_1_608' title='bbox 1827 1321 1855 1347; x_wconf 81' lang='grc' dir='ltr'><strong>δὲ</strong></span> <span class='ocrx_word' id='word_1_609' title='bbox 1873 1321 1933 1347; x_wconf 73' lang='grc' dir='ltr'>καθ’</span> 
     </span>
    </p>
   </div>
   <div class='ocr_carea' id='block_1_84' title="bbox 1139 1364 1933 1401">
    <p class='ocr_par' dir='ltr' id='par_1_84' title="bbox 1139 1364 1933 1401">
     <span class='ocr_line' id='line_1_84' title="bbox 1139 1364 1933 1401; baseline 0.003 -11"><span class='ocrx_word' id='word_1_610' title='bbox 1139 1366 1201 1399; x_wconf 75' lang='grc' dir='ltr'>ὅλης</span> <span class='ocrx_word' id='word_1_611' title='bbox 1213 1365 1261 1399; x_wconf 76' lang='grc' dir='ltr'>τῆς</span> <span class='ocrx_word' id='word_1_612' title='bbox 1277 1365 1439 1399; x_wconf 70' lang='grc' dir='ltr'>οἰκουμένης</span> <span class='ocrx_word' id='word_1_613' title='bbox 1451 1364 1494 1391; x_wconf 74' lang='grc' dir='ltr'><strong>διὰ</strong></span> <span class='ocrx_word' id='word_1_614' title='bbox 1508 1366 1557 1400; x_wconf 79' lang='grc' dir='ltr'>τῆς</span> <span class='ocrx_word' id='word_1_615' title='bbox 1569 1366 1614 1392; x_wconf 74' lang='grc' dir='ltr'>τοῦ</span> <span class='ocrx_word' id='word_1_616' title='bbox 1631 1366 1748 1400; x_wconf 72' lang='grc' dir='ltr'>Χριστοῦ</span> <span class='ocrx_word' id='word_1_617' title='bbox 1770 1366 1933 1401; x_wconf 79' lang='grc' dir='ltr'>Ἐκκλησίας</span> 
     </span>
    </p>
   </div>
   <div class='ocr_carea' id='block_1_85' title="bbox 1140 1410 1934 1447">
    <p class='ocr_par' dir='ltr' id='par_1_85' title="bbox 1140 1410 1934 1447">
     <span class='ocr_line' id='line_1_85' title="bbox 1140 1410 1934 1447; baseline 0.001 -10"><span class='ocrx_word' id='word_1_618' title='bbox 1140 1412 1286 1446; x_wconf 73' lang='grc' dir='ltr'>ἐγήγερται</span> <span class='ocrx_word' id='word_1_619' title='bbox 1304 1410 1533 1445; x_wconf 80' lang='grc' dir='ltr'>τεθεμελιωμένος</span> <span class='ocrx_word' id='word_1_620' title='bbox 1547 1411 1593 1436; x_wconf 75' lang='grc' dir='ltr'><strong>ἐπὶ</strong></span> <span class='ocrx_word' id='word_1_621' title='bbox 1610 1411 1658 1447; x_wconf 86' lang='grc' dir='ltr'>τὴν</span> <span class='ocrx_word' id='word_1_622' title='bbox 1676 1411 1789 1446; x_wconf 83' lang='grc' dir='ltr'>πέτραν.</span> <span class='ocrx_word' id='word_1_623' title='bbox 1806 1411 1888 1437; x_wconf 76' lang='grc' dir='ltr'><strong>Αὐτοὶ</strong></span> <span class='ocrx_word' id='word_1_624' title='bbox 1905 1411 1934 1438; x_wconf 77' lang='grc' dir='ltr'><strong>δὲ</strong></span> 
     </span>
    </p>
   </div>
   <div class='ocr_carea' id='block_1_86' title="bbox 1140 1457 1934 1493">
    <p class='ocr_par' dir='ltr' id='par_1_86' title="bbox 1140 1457 1934 1493">
     <span class='ocr_line' id='line_1_86' title="bbox 1140 1457 1934 1493; baseline -0.001 -9"><span class='ocrx_word' id='word_1_625' title='bbox 1140 1459 1188 1493; x_wconf 71' lang='grc' dir='ltr'>τῆς</span> <span class='ocrx_word' id='word_1_626' title='bbox 1201 1457 1285 1491; x_wconf 75' lang='grc' dir='ltr'>καλῆς</span> <span class='ocrx_word' id='word_1_627' title='bbox 1296 1457 1399 1488; x_wconf 72' lang='grc' dir='ltr'>πόλεως</span> <span class='ocrx_word' id='word_1_628' title='bbox 1411 1457 1434 1483; x_wconf 68' lang='grc' dir='ltr'>οἱ</span> <span class='ocrx_word' id='word_1_629' title='bbox 1447 1457 1627 1492; x_wconf 81' lang='grc' dir='ltr'>προεστῶτες,</span> <span class='ocrx_word' id='word_1_630' title='bbox 1641 1458 1742 1493; x_wconf 77' lang='grc' dir='ltr'>κριταὶ,</span> <span class='ocrx_word' id='word_1_631' title='bbox 1754 1458 1801 1483; x_wconf 76' lang='grc' dir='ltr'>καὶ</span> <span class='ocrx_word' id='word_1_632' title='bbox 1815 1457 1934 1493; x_wconf 77' lang='grc' dir='ltr'>σύμϐου-</span> 
     </span>
    </p>
   </div>
   <div class='ocr_carea' id='block_1_87' title="bbox 1140 1497 1932 1538">
    <p class='ocr_par' dir='ltr' id='par_1_87' title="bbox 1140 1497 1932 1538">
     <span class='ocr_line' id='line_1_87' title="bbox 1140 1497 1932 1538; baseline 0 -9"><span class='ocrx_word' id='word_1_633' title='bbox 1140 1504 1191 1535; x_wconf 86' lang='grc' dir='ltr'>λοι,</span> <span class='ocrx_word' id='word_1_634' title='bbox 1209 1504 1232 1529; x_wconf 86' lang='grc' dir='ltr'>οἳ</span> <span class='ocrx_word' id='word_1_635' title='bbox 1249 1503 1335 1538; x_wconf 80' lang='grc' dir='ltr'>ἀρχὴν</span> <span class='ocrx_word' id='word_1_636' title='bbox 1360 1502 1409 1537; x_wconf 76' lang='grc' dir='ltr'>μὲν</span> <span class='ocrx_word' id='word_1_637' title='bbox 1427 1502 1480 1528; x_wconf 72' lang='grc' dir='ltr'><strong>ἀπὸ</strong></span> <span class='ocrx_word' id='word_1_638' title='bbox 1494 1503 1547 1528; x_wconf 85' lang='grc' dir='ltr'>τῶν</span> <span class='ocrx_word' id='word_1_639' title='bbox 1565 1497 1720 1529; x_wconf 74' lang='grc' dir='ltr'>ἀποστόλων</span> <span class='ocrx_word' id='word_1_640' title='bbox 1739 1503 1786 1529; x_wconf 72' lang='grc' dir='ltr'><strong>καὶ</strong></span> <span class='ocrx_word' id='word_1_641' title='bbox 1802 1502 1932 1537; x_wconf 80' lang='grc' dir='ltr'><strong>μαθητῶν</strong></span> 
     </span>
    </p>
   </div>
   <div class='ocr_carea' id='block_1_88' title="bbox 1140 1548 1935 1585">
    <p class='ocr_par' dir='ltr' id='par_1_88' title="bbox 1140 1548 1935 1585">
     <span class='ocr_line' id='line_1_88' title="bbox 1140 1548 1935 1585; baseline 0 -9"><span class='ocrx_word' id='word_1_642' title='bbox 1140 1550 1186 1576; x_wconf 73' lang='grc' dir='ltr'>τοῦ</span> <span class='ocrx_word' id='word_1_643' title='bbox 1200 1550 1324 1584; x_wconf 77' lang='grc' dir='ltr'>Σωτῆρος</span> <span class='ocrx_word' id='word_1_644' title='bbox 1338 1549 1416 1584; x_wconf 81' lang='grc' dir='ltr'><strong>ἡμῶν</strong></span> <span class='ocrx_word' id='word_1_645' title='bbox 1430 1549 1569 1584; x_wconf 69' lang='grc' dir='ltr'>εἰλήφασιν</span> <span class='ocrx_word' id='word_1_646' title='bbox 1581 1559 1586 1564; x_wconf 93' lang='grc'><strong>·</strong></span> <span class='ocrx_word' id='word_1_647' title='bbox 1603 1551 1634 1576; x_wconf 79' lang='grc' dir='ltr'>ὲκ</span> <span class='ocrx_word' id='word_1_648' title='bbox 1646 1550 1674 1576; x_wconf 77' lang='grc' dir='ltr'><strong>δὲ</strong></span> <span class='ocrx_word' id='word_1_649' title='bbox 1691 1550 1740 1585; x_wconf 81' lang='grc' dir='ltr'>τῆς</span> <span class='ocrx_word' id='word_1_650' title='bbox 1752 1550 1862 1576; x_wconf 71' lang='grc' dir='ltr'>ἐκείνων</span> <span class='ocrx_word' id='word_1_651' title='bbox 1877 1548 1935 1576; x_wconf 81' lang='grc' dir='ltr'>δια-</span> 
     </span>
    </p>
   </div>
   <div class='ocr_carea' id='block_1_89' title="bbox 1140 1594 1935 1630">
    <p class='ocr_par' dir='ltr' id='par_1_89' title="bbox 1140 1594 1935 1630">
     <span class='ocr_line' id='line_1_89' title="bbox 1140 1594 1935 1630; baseline 0.004 -10"><span class='ocrx_word' id='word_1_652' title='bbox 1140 1595 1220 1629; x_wconf 79' lang='grc' dir='ltr'>δοχῆς</span> <span class='ocrx_word' id='word_1_653' title='bbox 1245 1595 1327 1620; x_wconf 79' lang='grc' dir='ltr'>εἰσέτι</span> <span class='ocrx_word' id='word_1_654' title='bbox 1345 1595 1391 1620; x_wconf 73' lang='grc' dir='ltr'>καὶ</span> <span class='ocrx_word' id='word_1_655' title='bbox 1408 1594 1464 1626; x_wconf 81' lang='grc' dir='ltr'>νῦν,</span> <span class='ocrx_word' id='word_1_656' title='bbox 1480 1594 1573 1630; x_wconf 82' lang='grc' dir='ltr'>ὥσπερ</span> <span class='ocrx_word' id='word_1_657' title='bbox 1599 1596 1630 1621; x_wconf 85' lang='grc' dir='ltr'>ὲκ</span> <span class='ocrx_word' id='word_1_658' title='bbox 1657 1596 1814 1630; x_wconf 78' lang='grc' dir='ltr'>σπέρματος</span> <span class='ocrx_word' id='word_1_659' title='bbox 1830 1595 1935 1630; x_wconf 81' lang='grc' dir='ltr'><strong>ἀγαθοῦ</strong></span> 
     </span>
    </p>
   </div>
   <div class='ocr_carea' id='block_1_90' title="bbox 1141 1639 1936 1676">
    <p class='ocr_par' dir='ltr' id='par_1_90' title="bbox 1141 1639 1936 1676">
     <span class='ocr_line' id='line_1_90' title="bbox 1141 1639 1936 1676; baseline 0.003 -10"><span class='ocrx_word' id='word_1_660' title='bbox 1141 1639 1238 1673; x_wconf 75' lang='grc' dir='ltr'>φύντες</span> <span class='ocrx_word' id='word_1_661' title='bbox 1252 1639 1461 1674; x_wconf 74' lang='grc' dir='ltr'>διαλάμπουσιν,</span> <span class='ocrx_word' id='word_1_662' title='bbox 1474 1640 1599 1676; x_wconf 81' lang='grc' dir='ltr'>πρόεδροι</span> <span class='ocrx_word' id='word_1_663' title='bbox 1614 1641 1662 1675; x_wconf 79' lang='grc' dir='ltr'>τῆς</span> <span class='ocrx_word' id='word_1_664' title='bbox 1677 1640 1724 1666; x_wconf 86' lang='grc' dir='ltr'>τοῦ</span> <span class='ocrx_word' id='word_1_665' title='bbox 1741 1641 1807 1667; x_wconf 80' lang='grc' dir='ltr'>Θεοῦ</span> <span class='ocrx_word' id='word_1_666' title='bbox 1822 1641 1936 1676; x_wconf 82' lang='grc' dir='ltr'>Ἐκκλη-</span> 
     </span>
    </p>
   </div>
   <div class='ocr_carea' id='block_1_91' title="bbox 1142 1686 1936 1722">
    <p class='ocr_par' dir='ltr' id='par_1_91' title="bbox 1142 1686 1936 1722">
     <span class='ocr_line' id='line_1_91' title="bbox 1142 1686 1936 1722; baseline 0.001 -10"><span class='ocrx_word' id='word_1_667' title='bbox 1142 1686 1202 1717; x_wconf 84' lang='grc' dir='ltr'>σίας</span> <span class='ocrx_word' id='word_1_668' title='bbox 1219 1686 1398 1717; x_wconf 72' lang='grc' dir='ltr'>καθεστῶτες.</span> <span class='ocrx_word' id='word_1_669' title='bbox 1424 1687 1455 1712; x_wconf 86' lang='grc' dir='ltr'><strong>Οἱ</strong></span> <span class='ocrx_word' id='word_1_670' title='bbox 1469 1686 1523 1721; x_wconf 79' lang='grc' dir='ltr'>γὰρ</span> <span class='ocrx_word' id='word_1_671' title='bbox 1541 1687 1679 1722; x_wconf 73' lang='grc' dir='ltr'>σωτηρίας</span> <span class='ocrx_word' id='word_1_672' title='bbox 1693 1686 1763 1718; x_wconf 82' lang='grc' dir='ltr'>ἄξιοι</span> <span class='ocrx_word' id='word_1_673' title='bbox 1787 1686 1862 1721; x_wconf 84' lang='grc' dir='ltr'>παρὰ</span> <span class='ocrx_word' id='word_1_674' title='bbox 1877 1686 1936 1721; x_wconf 84' lang='grc' dir='ltr'><strong>Θεῷ</strong></span> 
     </span>
    </p>
   </div>
   <div class='ocr_carea' id='block_1_92' title="bbox 1141 1731 1936 1767">
    <p class='ocr_par' dir='ltr' id='par_1_92' title="bbox 1141 1731 1936 1767">
     <span class='ocr_line' id='line_1_92' title="bbox 1141 1731 1936 1767; baseline 0 -10"><span class='ocrx_word' id='word_1_675' title='bbox 1141 1731 1288 1766; x_wconf 72' lang='grc' dir='ltr'><strong>κριθέντες,</strong></span> <span class='ocrx_word' id='word_1_676' title='bbox 1298 1732 1372 1766; x_wconf 84' lang='grc' dir='ltr'>μόνοι</span> <span class='ocrx_word' id='word_1_677' title='bbox 1382 1731 1531 1763; x_wconf 83' lang='grc' dir='ltr'>τεύξονται,</span> <span class='ocrx_word' id='word_1_678' title='bbox 1543 1733 1619 1767; x_wconf 66' lang='grc' dir='ltr'>φησι,</span> <span class='ocrx_word' id='word_1_679' title='bbox 1630 1734 1679 1767; x_wconf 84' lang='grc' dir='ltr'>τῆς</span> <span class='ocrx_word' id='word_1_680' title='bbox 1694 1732 1871 1766; x_wconf 73' lang='grc' dir='ltr'>ἐπαγγελίας,</span> <span class='ocrx_word' id='word_1_681' title='bbox 1881 1732 1936 1758; x_wconf 83' lang='grc' dir='ltr'>τῶν</span> 
     </span>
    </p>
   </div>
   <div class='ocr_carea' id='block_1_93' title="bbox 1147 1776 1935 1813">
    <p class='ocr_par' dir='ltr' id='par_1_93' title="bbox 1147 1776 1935 1813">
     <span class='ocr_line' id='line_1_93' title="bbox 1147 1776 1935 1813; baseline 0.003 -11"><span class='ocrx_word' id='word_1_682' title='bbox 1147 1776 1278 1802; x_wconf 80' lang='grc' dir='ltr'>Ἰουδαίων</span> <span class='ocrx_word' id='word_1_683' title='bbox 1301 1777 1388 1811; x_wconf 79' lang='grc' dir='ltr'>μάτην</span> <span class='ocrx_word' id='word_1_684' title='bbox 1410 1777 1618 1812; x_wconf 70' lang='grc' dir='ltr'>φανταζομένων</span> <span class='ocrx_word' id='word_1_685' title='bbox 1636 1778 1801 1813; x_wconf 78' lang='grc' dir='ltr'>ἐπιστροφὴν</span> <span class='ocrx_word' id='word_1_686' title='bbox 1827 1777 1935 1804; x_wconf 74' lang='grc' dir='ltr'>ἔσεσθαι</span> 
     </span>
    </p>
   </div>
   <div class='ocr_carea' id='block_1_94' title="bbox 1140 1821 1936 1859">
    <p class='ocr_par' dir='ltr' id='par_1_94' title="bbox 1140 1821 1936 1859">
     <span class='ocr_line' id='line_1_94' title="bbox 1140 1821 1936 1859; baseline 0.005 -13"><span class='ocrx_word' id='word_1_687' title='bbox 1140 1821 1185 1847; x_wconf 71' lang='grc' dir='ltr'>τοῦ</span> <span class='ocrx_word' id='word_1_688' title='bbox 1200 1822 1298 1852; x_wconf 62' lang='grc' dir='ltr'>πτντὸς</span> <span class='ocrx_word' id='word_1_689' title='bbox 1310 1822 1400 1848; x_wconf 75' lang='grc' dir='ltr'>αὐτῶν</span> <span class='ocrx_word' id='word_1_690' title='bbox 1412 1822 1514 1854; x_wconf 71' lang='grc' dir='ltr'>ἔθνους.</span> <span class='ocrx_word' id='word_1_691' title='bbox 1529 1823 1724 1858; x_wconf 81' lang='grc' dir='ltr'>Αίχμαλωσίας</span> <span class='ocrx_word' id='word_1_692' title='bbox 1737 1823 1764 1850; x_wconf 84' lang='grc' dir='ltr'><strong>δὲ</strong></span> <span class='ocrx_word' id='word_1_693' title='bbox 1779 1823 1936 1859; x_wconf 79' lang='grc' dir='ltr'>ἐλευθερίαν</span> 
     </span>
    </p>
   </div>
   <div class='ocr_carea' id='block_1_95' title="bbox 1141 1866 1935 1904">
    <p class='ocr_par' dir='ltr' id='par_1_95' title="bbox 1141 1866 1935 1904">
     <span class='ocr_line' id='line_1_95' title="bbox 1141 1866 1935 1904; baseline 0.005 -12"><span class='ocrx_word' id='word_1_694' title='bbox 1141 1866 1192 1901; x_wconf 79' lang='grc' dir='ltr'>χρὴ</span> <span class='ocrx_word' id='word_1_695' title='bbox 1205 1868 1284 1897; x_wconf 83' lang='grc' dir='ltr'>νοεῖν,</span> <span class='ocrx_word' id='word_1_696' title='bbox 1303 1868 1351 1902; x_wconf 85' lang='grc' dir='ltr'>τὴν</span> <span class='ocrx_word' id='word_1_697' title='bbox 1368 1868 1421 1894; x_wconf 81' lang='grc' dir='ltr'>ἀπὸ</span> <span class='ocrx_word' id='word_1_698' title='bbox 1435 1868 1484 1902; x_wconf 79' lang='grc' dir='ltr'>τῆς</span> <span class='ocrx_word' id='word_1_699' title='bbox 1504 1869 1607 1903; x_wconf 78' lang='grc' dir='ltr'>πλάνης</span> <span class='ocrx_word' id='word_1_700' title='bbox 1635 1870 1682 1895; x_wconf 74' lang='grc' dir='ltr'>ἐπὶ</span> <span class='ocrx_word' id='word_1_701' title='bbox 1706 1869 1754 1904; x_wconf 81' lang='grc' dir='ltr'>τὴν</span> <span class='ocrx_word' id='word_1_702' title='bbox 1782 1869 1870 1904; x_wconf 83' lang='grc' dir='ltr'>ἀληθῆ</span> <span class='ocrx_word' id='word_1_703' title='bbox 1888 1869 1935 1896; x_wconf 72' lang='grc' dir='ltr'><strong>τοῦ</strong></span> 
     </span>
    </p>
   </div>
   <div class='ocr_carea' id='block_1_96' title="bbox 1140 1912 1935 1952">
    <p class='ocr_par' dir='ltr' id='par_1_96' title="bbox 1140 1912 1935 1952">
     <span class='ocr_line' id='line_1_96' title="bbox 1140 1912 1935 1952; baseline 0.008 -15"><span class='ocrx_word' id='word_1_704' title='bbox 1140 1912 1206 1937; x_wconf 78' lang='grc' dir='ltr'><strong>Θεοῦ</strong></span> <span class='ocrx_word' id='word_1_705' title='bbox 1223 1913 1322 1946; x_wconf 80' lang='grc' dir='ltr'>γνῶσιν</span> <span class='ocrx_word' id='word_1_706' title='bbox 1341 1914 1491 1948; x_wconf 72' lang='grc' dir='ltr'>μεταϐολὴν</span> <span class='ocrx_word' id='word_1_707' title='bbox 1505 1915 1558 1940; x_wconf 86' lang='grc' dir='ltr'>τῶν</span> <span class='ocrx_word' id='word_1_708' title='bbox 1571 1916 1663 1950; x_wconf 76' lang='grc' dir='ltr'>ψυχῶν</span> <span class='ocrx_word' id='word_1_709' title='bbox 1677 1925 1682 1931; x_wconf 92' lang='grc'>·</span> <span class='ocrx_word' id='word_1_710' title='bbox 1701 1916 1734 1951; x_wconf 75' lang='grc' dir='ltr'><strong>ἣν</strong></span> <span class='ocrx_word' id='word_1_711' title='bbox 1748 1916 1794 1942; x_wconf 74' lang='grc' dir='ltr'>καὶ</span> <span class='ocrx_word' id='word_1_712' title='bbox 1808 1917 1822 1942; x_wconf 85' lang='grc' dir='ltr'><strong>ό</strong></span> <span class='ocrx_word' id='word_1_713' title='bbox 1840 1916 1935 1952; x_wconf 73' lang='grc' dir='ltr'>Σωτὴρ</span> 
     </span>
    </p>
   </div>
   <div class='ocr_carea' id='block_1_97' title="bbox 1141 1957 1933 1997">
    <p class='ocr_par' dir='ltr' id='par_1_97' title="bbox 1141 1957 1933 1997">
     <span class='ocr_line' id='line_1_97' title="bbox 1141 1957 1933 1997; baseline 0.006 -16"><span class='ocrx_word' id='word_1_714' title='bbox 1141 1957 1269 1992; x_wconf 82' lang='grc' dir='ltr'>παρίστη,</span> <span class='ocrx_word' id='word_1_715' title='bbox 1285 1958 1402 1992; x_wconf 73' lang='grc' dir='ltr'>ὁπηνίκα</span> <span class='ocrx_word' id='word_1_716' title='bbox 1424 1961 1452 1985; x_wconf 78' lang='grc' dir='ltr'><strong>ὲν</strong></span> <span class='ocrx_word' id='word_1_717' title='bbox 1467 1961 1498 1994; x_wconf 81' lang='grc' dir='ltr'><strong>τῇ</strong></span> <span class='ocrx_word' id='word_1_718' title='bbox 1512 1963 1655 1996; x_wconf 73' lang='grc' dir='ltr'>συναγωγῇ</span> <span class='ocrx_word' id='word_1_719' title='bbox 1673 1961 1762 1988; x_wconf 75' lang='grc' dir='ltr'>λαϐὼν</span> <span class='ocrx_word' id='word_1_720' title='bbox 1775 1963 1824 1997; x_wconf 83' lang='grc' dir='ltr'><strong>τὴν</strong></span> <span class='ocrx_word' id='word_1_721' title='bbox 1844 1961 1933 1996; x_wconf 76' lang='grc' dir='ltr'>βίϐλον</span> 
     </span>
    </p>
   </div>
   <div class='ocr_carea' id='block_1_98' title="bbox 1139 2001 1934 2043">
    <p class='ocr_par' dir='ltr' id='par_1_98' title="bbox 1139 2001 1934 2043">
     <span class='ocr_line' id='line_1_98' title="bbox 1139 2001 1934 2043; baseline 0.009 -16"><span class='ocrx_word' id='word_1_722' title='bbox 1139 2001 1185 2027; x_wconf 79' lang='grc' dir='ltr'>τοῦ</span> <span class='ocrx_word' id='word_1_723' title='bbox 1206 2003 1326 2034; x_wconf 80' lang='grc' dir='ltr'><strong>Ἡσαΐου,</strong></span> <span class='ocrx_word' id='word_1_724' title='bbox 1341 2005 1390 2039; x_wconf 83' lang='grc' dir='ltr'>τήν</span> <span class='ocrx_word' id='word_1_725' title='bbox 1402 2013 1430 2030; x_wconf 86' lang='grc' dir='ltr'>τε</span> <span class='ocrx_word' id='word_1_726' title='bbox 1443 2006 1594 2041; x_wconf 85' lang='grc' dir='ltr'>περικοπὴν</span> <span class='ocrx_word' id='word_1_727' title='bbox 1606 2007 1737 2041; x_wconf 76' lang='grc' dir='ltr'>ἀναγνοὺς</span> <span class='ocrx_word' id='word_1_728' title='bbox 1748 2007 1796 2043; x_wconf 86' lang='grc' dir='ltr'><strong>τὴν</strong></span> <span class='ocrx_word' id='word_1_729' title='bbox 1809 2008 1841 2033; x_wconf 79' lang='grc' dir='ltr'>ὲκ</span> <span class='ocrx_word' id='word_1_730' title='bbox 1853 2015 1934 2042; x_wconf 85' lang='grc' dir='ltr'>προσ-</span> 
     </span>
    </p>
   </div>
   <div class='ocr_carea' id='block_1_99' title="bbox 1140 2047 1935 2088">
    <p class='ocr_par' dir='ltr' id='par_1_99' title="bbox 1140 2047 1935 2088">
     <span class='ocr_line' id='line_1_99' title="bbox 1140 2047 1935 2088; baseline 0.008 -14"><span class='ocrx_word' id='word_1_731' title='bbox 1140 2047 1213 2074; x_wconf 87' lang='grc' dir='ltr'>ώπου</span> <span class='ocrx_word' id='word_1_732' title='bbox 1235 2049 1316 2075; x_wconf 79' lang='grc' dir='ltr'>αὑτοῦ</span> <span class='ocrx_word' id='word_1_733' title='bbox 1335 2051 1459 2084; x_wconf 78' lang='grc' dir='ltr'>φήσασαν</span> <span class='ocrx_word' id='word_1_734' title='bbox 1470 2059 1476 2065; x_wconf 79' lang='lat'>&#39;</span> <span class='ocrx_word' id='word_1_735' title='bbox 1501 2061 1509 2076; x_wconf 81' lang='grc' dir='ltr'>ι</span> <span class='ocrx_word' id='word_1_736' title='bbox 1524 2052 1634 2087; x_wconf 79' lang='grc' dir='ltr'>Πνεῦμα</span> <span class='ocrx_word' id='word_1_737' title='bbox 1651 2055 1753 2088; x_wconf 87' lang='grc' dir='ltr'>Κυρίου</span> <span class='ocrx_word' id='word_1_738' title='bbox 1772 2054 1815 2079; x_wconf 76' lang='grc' dir='ltr'><strong>ἐπ’</strong></span> <span class='ocrx_word' id='word_1_739' title='bbox 1828 2053 1888 2088; x_wconf 79' lang='grc' dir='ltr'>ἐμὲ,</span> <span class='ocrx_word' id='word_1_740' title='bbox 1904 2049 1935 2079; x_wconf 76' lang='grc' dir='ltr'><strong>οὗ</strong></span> 
     </span>
    </p>
   </div>
   <div class='ocr_carea' id='block_1_100' title="bbox 1140 2094 1935 2133">
    <p class='ocr_par' dir='ltr' id='par_1_100' title="bbox 1140 2094 1935 2133">
     <span class='ocr_line' id='line_1_100' title="bbox 1140 2094 1935 2133; baseline 0.008 -14"><span class='ocrx_word' id='word_1_741' title='bbox 1140 2094 1241 2120; x_wconf 80' lang='grc' dir='ltr'>εἵνεκεν</span> <span class='ocrx_word' id='word_1_742' title='bbox 1254 2094 1345 2130; x_wconf 75' lang='grc' dir='ltr'>ἔχρισέ</span> <span class='ocrx_word' id='word_1_743' title='bbox 1358 2104 1401 2130; x_wconf 83' lang='grc' dir='ltr'>με,</span> <span class='ocrx_word' id='word_1_744' title='bbox 1415 2097 1640 2130; x_wconf 76' lang='grc' dir='ltr'>εὐαγγελίσασθαι</span> <span class='ocrx_word' id='word_1_745' title='bbox 1655 2100 1772 2133; x_wconf 80' lang='grc' dir='ltr'>πτωχοῖς</span> <span class='ocrx_word' id='word_1_746' title='bbox 1782 2098 1935 2125; x_wconf 68' lang='grc' dir='ltr'>ἀπέσταλκε</span> 
     </span>
    </p>
   </div>
   <div class='ocr_carea' id='block_1_101' title="bbox 1141 2140 1934 2179">
    <p class='ocr_par' dir='ltr' id='par_1_101' title="bbox 1141 2140 1934 2179">
     <span class='ocr_line' id='line_1_101' title="bbox 1141 2140 1934 2179; baseline 0.008 -14"><span class='ocrx_word' id='word_1_747' title='bbox 1141 2148 1174 2174; x_wconf 88' lang='grc' dir='ltr'><strong>με</strong></span> <span class='ocrx_word' id='word_1_748' title='bbox 1186 2148 1192 2154; x_wconf 81' lang='grc'><strong>’</strong></span> <span class='ocrx_word' id='word_1_749' title='bbox 1211 2140 1326 2175; x_wconf 80' lang='grc' dir='ltr'>κηρύξαι</span> <span class='ocrx_word' id='word_1_750' title='bbox 1342 2141 1526 2176; x_wconf 85' lang='grc' dir='ltr'>αἰχμαλώτοις</span> <span class='ocrx_word' id='word_1_751' title='bbox 1545 2143 1659 2177; x_wconf 64' lang='grc' dir='ltr'>ἄφεσιν·</span> <span class='ocrx_word' id='word_1_752' title='bbox 1675 2153 1684 2169; x_wconf 79' lang='grc' dir='ltr'><strong>ι</strong></span> <span class='ocrx_word' id='word_1_753' title='bbox 1705 2145 1750 2171; x_wconf 78' lang='grc' dir='ltr'>καὶ</span> <span class='ocrx_word' id='word_1_754' title='bbox 1766 2144 1869 2177; x_wconf 77' lang='grc' dir='ltr'>πτύξας</span> <span class='ocrx_word' id='word_1_755' title='bbox 1885 2145 1934 2179; x_wconf 70' lang='grc' dir='ltr'>τὴν</span> 
     </span>
    </p>
   </div>
   <div class='ocr_carea' id='block_1_102' title="bbox 1104 2185 1934 2228">
    <p class='ocr_par' dir='ltr' id='par_1_102' title="bbox 1104 2185 1934 2228">
     <span class='ocr_line' id='line_1_102' title="bbox 1104 2185 1934 2228; baseline 0.007 -17"><span class='ocrx_word' id='word_1_756' title='bbox 1104 2202 1125 2228; x_wconf 72' lang='lat' dir='ltr'>D</span> <span class='ocrx_word' id='word_1_757' title='bbox 1141 2186 1240 2220; x_wconf 76' lang='grc' dir='ltr'>βίϐλον,</span> <span class='ocrx_word' id='word_1_758' title='bbox 1259 2185 1336 2213; x_wconf 81' lang='grc' dir='ltr'>εἷπε·</span> <span class='ocrx_word' id='word_1_759' title='bbox 1356 2197 1366 2213; x_wconf 72' lang='grc' dir='ltr'><strong>ι</strong></span> <span class='ocrx_word' id='word_1_760' title='bbox 1378 2190 1501 2224; x_wconf 84' lang='grc' dir='ltr'>Σήμερον</span> <span class='ocrx_word' id='word_1_761' title='bbox 1522 2191 1538 2224; x_wconf 81' lang='grc' dir='ltr'><strong>η</strong></span> <span class='ocrx_word' id='word_1_762' title='bbox 1556 2191 1651 2225; x_wconf 60' lang='grc' dir='ltr'>Γραιρὴ</span> <span class='ocrx_word' id='word_1_763' title='bbox 1673 2191 1741 2226; x_wconf 74' lang='grc' dir='ltr'>αὕτη</span> <span class='ocrx_word' id='word_1_764' title='bbox 1757 2191 1934 2226; x_wconf 81' lang='grc' dir='ltr'>πεπλήρωται</span> 
     </span>
    </p>
   </div>
   <div class='ocr_carea' id='block_1_103' title="bbox 1140 2231 1933 2271">
    <p class='ocr_par' dir='ltr' id='par_1_103' title="bbox 1140 2231 1933 2271">
     <span class='ocr_line' id='line_1_103' title="bbox 1140 2231 1933 2271; baseline 0.008 -15"><span class='ocrx_word' id='word_1_765' title='bbox 1140 2232 1168 2256; x_wconf 84' lang='grc' dir='ltr'>ἐν</span> <span class='ocrx_word' id='word_1_766' title='bbox 1178 2233 1233 2262; x_wconf 86' lang='grc' dir='ltr'>τοῖς</span> <span class='ocrx_word' id='word_1_767' title='bbox 1248 2231 1312 2258; x_wconf 81' lang='grc' dir='ltr'><strong>ώσίν</strong></span> <span class='ocrx_word' id='word_1_768' title='bbox 1327 2233 1403 2268; x_wconf 81' lang='grc' dir='ltr'>ὑμῶν</span> <span class='ocrx_word' id='word_1_769' title='bbox 1414 2242 1420 2247; x_wconf 92' lang='grc'><strong>·</strong></span> <span class='ocrx_word' id='word_1_770' title='bbox 1437 2244 1444 2259; x_wconf 75' lang='grc' dir='ltr'><strong>ι</strong></span> <span class='ocrx_word' id='word_1_771' title='bbox 1460 2234 1592 2261; x_wconf 77' lang='grc' dir='ltr'><strong>διδάσκων</strong></span> <span class='ocrx_word' id='word_1_772' title='bbox 1607 2235 1648 2271; x_wconf 81' lang='grc' dir='ltr'>δὴ,</span> <span class='ocrx_word' id='word_1_773' title='bbox 1662 2236 1699 2267; x_wconf 81' lang='grc' dir='ltr'>ὡς</span> <span class='ocrx_word' id='word_1_774' title='bbox 1715 2236 1793 2267; x_wconf 72' lang='grc' dir='ltr'>αὐτὸς</span> <span class='ocrx_word' id='word_1_775' title='bbox 1807 2237 1848 2271; x_wconf 82' lang='grc' dir='ltr'>εἴη</span> <span class='ocrx_word' id='word_1_776' title='bbox 1862 2237 1877 2262; x_wconf 81' lang='grc' dir='ltr'><strong>ὁ</strong></span> <span class='ocrx_word' id='word_1_777' title='bbox 1888 2236 1933 2263; x_wconf 87' lang='grc' dir='ltr'>λυ-</span> 
     </span>
    </p>
   </div>
   <div class='ocr_carea' id='block_1_104' title="bbox 1138 2278 1619 2315">
    <p class='ocr_par' dir='ltr' id='par_1_104' title="bbox 1138 2278 1619 2315">
     <span class='ocr_line' id='line_1_104' title="bbox 1138 2278 1619 2315; baseline 0.008 -12"><span class='ocrx_word' id='word_1_778' title='bbox 1138 2278 1242 2312; x_wconf 76' lang='grc' dir='ltr'>τρωτὴς</span> <span class='ocrx_word' id='word_1_779' title='bbox 1258 2279 1309 2304; x_wconf 82' lang='grc' dir='ltr'>τῶν</span> <span class='ocrx_word' id='word_1_780' title='bbox 1326 2279 1503 2314; x_wconf 75' lang='grc' dir='ltr'>ἀνθρωπίνων</span> <span class='ocrx_word' id='word_1_781' title='bbox 1515 2281 1619 2315; x_wconf 70' lang='grc' dir='ltr'>ψυχῶν.</span> 
     </span>
    </p>
   </div>
   <div class='ocr_carea' id='block_1_105' title="bbox 1174 2324 1931 2362">
    <p class='ocr_par' dir='ltr' id='par_1_105' title="bbox 1174 2324 1931 2362">
     <span class='ocr_line' id='line_1_105' title="bbox 1174 2324 1931 2362; baseline 0.008 -14"><span class='ocrx_word' id='word_1_782' title='bbox 1174 2333 1182 2347; x_wconf 78' lang='grc' dir='ltr'>ι</span> <span class='ocrx_word' id='word_1_783' title='bbox 1198 2324 1251 2350; x_wconf 73' lang='grc' dir='ltr'><strong>Καὶ</strong></span> <span class='ocrx_word' id='word_1_784' title='bbox 1270 2326 1491 2361; x_wconf 76' lang='grc' dir='ltr'>συντριϐήσονται</span> <span class='ocrx_word' id='word_1_785' title='bbox 1508 2328 1531 2353; x_wconf 88' lang='grc' dir='ltr'>οἱ</span> <span class='ocrx_word' id='word_1_786' title='bbox 1548 2327 1652 2361; x_wconf 76' lang='grc' dir='ltr'>ἄνομοι,</span> <span class='ocrx_word' id='word_1_787' title='bbox 1669 2336 1715 2353; x_wconf 69' lang='grc' dir='ltr'>και</span> <span class='ocrx_word' id='word_1_788' title='bbox 1730 2328 1753 2353; x_wconf 89' lang='grc' dir='ltr'><strong>οί</strong></span> <span class='ocrx_word' id='word_1_789' title='bbox 1770 2327 1931 2362; x_wconf 70' lang='grc' dir='ltr'>ἁμαρτωλοὶ</span> 
     </span>
    </p>
   </div>
   <div class='ocr_carea' id='block_1_106' title="bbox 1137 2370 1933 2409">
    <p class='ocr_par' dir='ltr' id='par_1_106' title="bbox 1137 2370 1933 2409">
     <span class='ocr_line' id='line_1_106' title="bbox 1137 2370 1933 2409; baseline 0.004 -14"><span class='ocrx_word' id='word_1_790' title='bbox 1137 2370 1202 2405; x_wconf 76' lang='grc' dir='ltr'>ἃμα,</span> <span class='ocrx_word' id='word_1_791' title='bbox 1222 2371 1268 2396; x_wconf 64' lang='grc' dir='ltr'>καὶ</span> <span class='ocrx_word' id='word_1_792' title='bbox 1285 2372 1307 2396; x_wconf 85' lang='grc' dir='ltr'>οἱ</span> <span class='ocrx_word' id='word_1_793' title='bbox 1323 2372 1549 2405; x_wconf 77' lang='grc' dir='ltr'>ἐγκαταλιπόντες</span> <span class='ocrx_word' id='word_1_794' title='bbox 1570 2373 1616 2398; x_wconf 71' lang='grc' dir='ltr'>τὸν</span> <span class='ocrx_word' id='word_1_795' title='bbox 1631 2373 1732 2409; x_wconf 82' lang='grc' dir='ltr'>Κύριον</span> <span class='ocrx_word' id='word_1_796' title='bbox 1757 2372 1933 2407; x_wconf 73' lang='grc' dir='ltr'>συντελεσθῆ-</span> 
     </span>
    </p>
   </div>
   <div class='ocr_carea' id='block_1_107' title="bbox 1140 2416 1933 2452">
    <p class='ocr_par' dir='ltr' id='par_1_107' title="bbox 1140 2416 1933 2452">
     <span class='ocr_line' id='line_1_107' title="bbox 1140 2416 1933 2452; baseline 0.004 -12"><span class='ocrx_word' id='word_1_797' title='bbox 1140 2423 1240 2443; x_wconf 86' lang='grc' dir='ltr'>σονται.</span> <span class='ocrx_word' id='word_1_798' title='bbox 1259 2425 1267 2440; x_wconf 76' lang='grc' dir='ltr'><strong>ι</strong></span> <span class='ocrx_word' id='word_1_799' title='bbox 1293 2416 1361 2441; x_wconf 80' lang='grc' dir='ltr'>Ἀλλ’</span> <span class='ocrx_word' id='word_1_800' title='bbox 1378 2417 1499 2443; x_wconf 73' lang='grc' dir='ltr'>ἐκποδὼν</span> <span class='ocrx_word' id='word_1_801' title='bbox 1524 2417 1645 2450; x_wconf 78' lang='grc' dir='ltr'>γίνεσθαι</span> <span class='ocrx_word' id='word_1_802' title='bbox 1659 2417 1722 2448; x_wconf 76' lang='grc' dir='ltr'>τοὺς</span> <span class='ocrx_word' id='word_1_803' title='bbox 1736 2417 1786 2452; x_wconf 81' lang='grc' dir='ltr'>τῆς</span> <span class='ocrx_word' id='word_1_804' title='bbox 1801 2417 1933 2452; x_wconf 84' lang='grc' dir='ltr'>πονηρίας</span> 
     </span>
    </p>
   </div>
   <div class='ocr_carea' id='block_1_108' title="bbox 1138 2460 1933 2497">
    <p class='ocr_par' dir='ltr' id='par_1_108' title="bbox 1138 2460 1933 2497">
     <span class='ocr_line' id='line_1_108' title="bbox 1138 2460 1933 2497; baseline 0.003 -11"><span class='ocrx_word' id='word_1_805' title='bbox 1138 2460 1324 2493; x_wconf 75' lang='grc' dir='ltr'>διδασκάλους.</span> <span class='ocrx_word' id='word_1_806' title='bbox 1341 2462 1417 2493; x_wconf 85' lang='grc' dir='ltr'>Τίνες</span> <span class='ocrx_word' id='word_1_807' title='bbox 1444 2463 1472 2489; x_wconf 85' lang='grc' dir='ltr'><strong>δὲ</strong></span> <span class='ocrx_word' id='word_1_808' title='bbox 1489 2461 1559 2497; x_wconf 83' lang='grc' dir='ltr'>ἦσαν</span> <span class='ocrx_word' id='word_1_809' title='bbox 1581 2460 1661 2493; x_wconf 65' lang='grc' dir='ltr'>οὗτοι,</span> <span class='ocrx_word' id='word_1_810' title='bbox 1687 2462 1806 2494; x_wconf 81' lang='grc' dir='ltr'><strong>ἐδίδαξεν</strong></span> <span class='ocrx_word' id='word_1_811' title='bbox 1826 2462 1840 2488; x_wconf 84' lang='grc' dir='ltr'><strong><em>ὸ</em></strong></span> <span class='ocrx_word' id='word_1_812' title='bbox 1856 2461 1933 2496; x_wconf 88' lang='grc' dir='ltr'>λόγος</span> 
     </span>
    </p>
   </div>
   <div class='ocr_carea' id='block_1_109' title="bbox 1138 2506 1930 2542">
    <p class='ocr_par' dir='ltr' id='par_1_109' title="bbox 1138 2506 1930 2542">
     <span class='ocr_line' id='line_1_109' title="bbox 1138 2506 1930 2542; baseline 0.004 -11"><span class='ocrx_word' id='word_1_813' title='bbox 1138 2506 1181 2532; x_wconf 75' lang='grc' dir='ltr'><strong>διὰ</strong></span> <span class='ocrx_word' id='word_1_814' title='bbox 1195 2506 1249 2532; x_wconf 82' lang='grc' dir='ltr'>τῶν</span> <span class='ocrx_word' id='word_1_815' title='bbox 1265 2507 1428 2541; x_wconf 79' lang='grc' dir='ltr'>ἔμπροσθεν,</span> <span class='ocrx_word' id='word_1_816' title='bbox 1446 2507 1529 2533; x_wconf 78' lang='grc' dir='ltr'>εἰπών</span> <span class='ocrx_word' id='word_1_817' title='bbox 1539 2516 1545 2522; x_wconf 79' lang='grc'><em>”</em></span> <span class='ocrx_word' id='word_1_818' title='bbox 1567 2517 1574 2533; x_wconf 80' lang='grc' dir='ltr'><strong>ι</strong></span> <span class='ocrx_word' id='word_1_819' title='bbox 1587 2508 1654 2534; x_wconf 72' lang='grc' dir='ltr'><strong>Οὐαὶ</strong></span> <span class='ocrx_word' id='word_1_820' title='bbox 1670 2508 1744 2539; x_wconf 74' lang='grc' dir='ltr'>ἔθνος</span> <span class='ocrx_word' id='word_1_821' title='bbox 1754 2507 1930 2542; x_wconf 80' lang='grc' dir='ltr'>ἁμαρτωλόν·</span> 
     </span>
    </p>
   </div>
   <div class='ocr_carea' id='block_1_110' title="bbox 1139 2544 1482 2587">
    <p class='ocr_par' dir='ltr' id='par_1_110' title="bbox 1139 2544 1482 2587">
     <span class='ocr_line' id='line_1_110' title="bbox 1139 2544 1482 2587; baseline 0.003 -12"><span class='ocrx_word' id='word_1_822' title='bbox 1139 2550 1200 2582; x_wconf 78' lang='grc' dir='ltr'>λαὸς</span> <span class='ocrx_word' id='word_1_823' title='bbox 1216 2544 1322 2587; x_wconf 71' lang='grc' dir='ltr'>πλῆρης</span> <span class='ocrx_word' id='word_1_824' title='bbox 1336 2551 1459 2586; x_wconf 79' lang='grc' dir='ltr'>ἀνομίας.</span> <span class='ocrx_word' id='word_1_825' title='bbox 1474 2561 1482 2576; x_wconf 79' lang='grc' dir='ltr'><strong>ι</strong></span> 
     </span>
    </p>
   </div>
   <div class='ocr_carea' id='block_1_111' title="bbox 1177 2597 1932 2632">
    <p class='ocr_par' dir='ltr' id='par_1_111' title="bbox 1177 2597 1932 2632">
     <span class='ocr_line' id='line_1_111' title="bbox 1177 2597 1932 2632; baseline 0.001 -10"><span class='ocrx_word' id='word_1_826' title='bbox 1177 2607 1185 2622; x_wconf 75' lang='grc' dir='ltr'><strong>ε</strong></span> <span class='ocrx_word' id='word_1_827' title='bbox 1199 2598 1270 2624; x_wconf 83' lang='grc' dir='ltr'>Διότι</span> <span class='ocrx_word' id='word_1_828' title='bbox 1285 2598 1559 2632; x_wconf 84' lang='grc' dir='ltr'>καταισχυνθήσονται</span> <span class='ocrx_word' id='word_1_829' title='bbox 1577 2598 1622 2624; x_wconf 70' lang='grc' dir='ltr'><strong>ἐπὶ</strong></span> <span class='ocrx_word' id='word_1_830' title='bbox 1635 2600 1690 2629; x_wconf 80' lang='grc' dir='ltr'>τοῖς</span> <span class='ocrx_word' id='word_1_831' title='bbox 1703 2597 1822 2629; x_wconf 78' lang='grc' dir='ltr'>εἰδώλοις</span> <span class='ocrx_word' id='word_1_832' title='bbox 1830 2597 1932 2628; x_wconf 81' lang='grc' dir='ltr'>αὐτῶν,</span> 
     </span>
    </p>
   </div>
   <div class='ocr_carea' id='block_1_112' title="bbox 1139 2643 1933 2679">
    <p class='ocr_par' dir='ltr' id='par_1_112' title="bbox 1139 2643 1933 2679">
     <span class='ocr_line' id='line_1_112' title="bbox 1139 2643 1933 2679; baseline 0 -11"><span class='ocrx_word' id='word_1_833' title='bbox 1139 2643 1156 2669; x_wconf 81' lang='grc' dir='ltr'>ἃ</span> <span class='ocrx_word' id='word_1_834' title='bbox 1175 2643 1250 2669; x_wconf 67' lang='grc' dir='ltr'>αὐτοὶ</span> <span class='ocrx_word' id='word_1_835' title='bbox 1266 2643 1421 2678; x_wconf 74' lang='grc' dir='ltr'>ἠϐούλοντο,</span> <span class='ocrx_word' id='word_1_836' title='bbox 1451 2643 1498 2669; x_wconf 66' lang='grc' dir='ltr'><strong>καὶ</strong></span> <span class='ocrx_word' id='word_1_837' title='bbox 1522 2643 1781 2679; x_wconf 77' lang='grc' dir='ltr'>ἐπαισχυνθησονται</span> <span class='ocrx_word' id='word_1_838' title='bbox 1807 2643 1854 2669; x_wconf 69' lang='lat' dir='ltr'><strong>tm</strong></span> <span class='ocrx_word' id='word_1_839' title='bbox 1878 2643 1933 2674; x_wconf 83' lang='grc' dir='ltr'>τοῖς</span> 
     </span>
    </p>
   </div>
   <div class='ocr_carea' id='block_1_113' title="bbox 1141 2687 1933 2724">
    <p class='ocr_par' dir='ltr' id='par_1_113' title="bbox 1141 2687 1933 2724">
     <span class='ocr_line' id='line_1_113' title="bbox 1141 2687 1933 2724; baseline 0 -11"><span class='ocrx_word' id='word_1_840' title='bbox 1141 2688 1237 2721; x_wconf 81' lang='grc' dir='ltr'>κήποις</span> <span class='ocrx_word' id='word_1_841' title='bbox 1264 2688 1363 2720; x_wconf 72' lang='grc' dir='ltr'>αὐτῶν,</span> <span class='ocrx_word' id='word_1_842' title='bbox 1380 2688 1397 2714; x_wconf 82' lang='grc' dir='ltr'>ἂ</span> <span class='ocrx_word' id='word_1_843' title='bbox 1411 2687 1598 2723; x_wconf 74' lang='grc' dir='ltr'>ἐπεθύμησαν.</span> <span class='ocrx_word' id='word_1_844' title='bbox 1614 2699 1622 2713; x_wconf 75' lang='grc' dir='ltr'><strong>ι</strong></span> <span class='ocrx_word' id='word_1_845' title='bbox 1651 2689 1722 2724; x_wconf 80' lang='grc' dir='ltr'>Πλὴν</span> <span class='ocrx_word' id='word_1_846' title='bbox 1741 2689 1787 2714; x_wconf 68' lang='grc' dir='ltr'><strong>ἐπὶ</strong></span> <span class='ocrx_word' id='word_1_847' title='bbox 1811 2689 1867 2719; x_wconf 85' lang='grc' dir='ltr'>τοῖς</span> <span class='ocrx_word' id='word_1_848' title='bbox 1891 2687 1933 2714; x_wconf 85' lang='grc' dir='ltr'><strong>αἱ-</strong></span> 
     </span>
    </p>
   </div>
   <div class='ocr_carea' id='block_1_114' title="bbox 339 2781 1924 2828">
    <p class='ocr_par' dir='ltr' id='par_1_114' title="bbox 339 2781 1924 2828">
     <span class='ocr_line' id='line_1_114' title="bbox 339 2781 1924 2828; baseline 0.007 -19"><span class='ocrx_word' id='word_1_849' title='bbox 339 2782 468 2828; x_wconf 33' lang='lat' dir='ltr'><strong>ssimilem</strong></span> <span class='ocrx_word' id='word_1_850' title='bbox 494 2781 702 2818; x_wconf 77' lang='lat' dir='ltr'><strong>interpretatio,</strong></span> <span class='ocrx_word' id='word_1_851' title='bbox 735 2789 804 2812; x_wconf 81' lang='lat' dir='ltr'><strong>teste</strong></span> <span class='ocrx_word' id='word_1_852' title='bbox 841 2784 1025 2821; x_wconf 82' lang='lat' dir='ltr'><strong>Hieronymo,</strong></span> <span class='ocrx_word' id='word_1_853' title='bbox 1050 2792 1090 2815; x_wconf 82' lang='lat' dir='ltr'><strong>est</strong></span> <span class='ocrx_word' id='word_1_854' title='bbox 1122 2788 1314 2823; x_wconf 77' lang='lat' dir='ltr'><strong>Theodotionis</strong></span> <span class='ocrx_word' id='word_1_855' title='bbox 1338 2799 1346 2824; x_wconf 91' lang='lat'><strong>;</strong></span> <span class='ocrx_word' id='word_1_856' title='bbox 1373 2797 1457 2824; x_wconf 83' lang='lat' dir='ltr'><strong>quare</strong></span> <span class='ocrx_word' id='word_1_857' title='bbox 1481 2791 1598 2827; x_wconf 79' lang='lat' dir='ltr'><strong>_’_Aquilze</strong></span> <span class='ocrx_word' id='word_1_858' title='bbox 1637 2799 1735 2820; x_wconf 83' lang='lat' dir='ltr'><strong>nomen</strong></span> <span class='ocrx_word' id='word_1_859' title='bbox 1777 2792 1924 2828; x_wconf 79' lang='lat' dir='ltr'><strong>irrepsisse</strong></span> 
     </span>
    </p>
   </div>
   <div class='ocr_carea' id='block_1_115' title="bbox 303 2819 419 2846">
    <p class='ocr_par' dir='ltr' id='par_1_115' title="bbox 303 2819 419 2846">
     <span class='ocr_line' id='line_1_115' title="bbox 303 2819 419 2846; baseline -0.026 0"><span class='ocrx_word' id='word_1_860' title='bbox 303 2819 419 2846; x_wconf 77' lang='lat' dir='ltr'><strong>videtur.</strong></span> 
     </span>
    </p>
   </div>
  </div>
