2059 3215
139 191 188 217 l0!

634 185 884 215 COMMENTARIA
905 185 939 212 IN
959 185 1084 212 ISAIAM.
1104 199 1134 205 —
1156 183 1232 210 CAP.
1252 183 1283 211 11.

1727 185 1777 211 102

139 250 233 285 σχροῖς
250 248 366 282 αἰσχύνη
381 247 412 273 ἐκ
431 246 634 282 συναισθήσεως
653 247 744 277 αὐτοῖς
759 244 936 280 ἐγγενομένη,

992 251 1048 275 sus,
1066 250 1144 277 quem
1162 243 1195 270 de
1207 242 1286 270 t'cedis
1301 241 1358 268 suis
1372 241 1455 275 gestis
1468 242 1622 277 percepturi
1640 248 1711 276 sunt,
1725 243 1776 271 im-

137 295 189 331 τῆς
212 294 393 329 ἀναισχύντου
409 294 455 320 καὶ
471 292 595 324 ἀναιδοῦς
622 292 809 327 προαιρέσεως
825 291 937 327 μεταϐο-

138 341 190 378 λὴν
204 342 295 372 αὐτοῖς
310 339 423 375 ἔμελλεν
435 340 605 375 ἐμποιήσειν.

179 397 188 413 ι
197 387 322 413 Ἔσονται
333 387 386 421 γὰρ
395 385 433 417 ὡς
445 384 600 420 τερέϐινθος
611 384 814 419 ἀποϐεϐληκυῖα
830 384 864 411 τὰ
877 383 938 419 φύλ-

139 434 185 466 λα,
205 433 252 460 καὶ
269 433 306 464 ὼς
322 431 485 467 παράδεισος
509 430 580 466 ὕδωρ
598 430 634 465 μὴ
663 430 747 464 ἔχων
761 440 769 455 ι
802 431 825 456 οί
854 430 937 456 πάλαι

141 479 218 511 ὄντες
233 477 361 513 ἁμπελὼν
380 476 484 512 Κυρίου
505 475 628 508 Σαϐαὼθ,
653 476 699 502 καὶ
716 475 792 501 ἐλαία
819 474 936 506 εὗσκιος.

141 526 174 552 El
191 525 256 559 γοῦν
266 533 308 555 τις
324 523 452 549 θεάσαιτο
464 522 513 554 τὰς
525 522 589 557 παρ’
602 521 694 553 αὐτοῖς
704 521 758 547 τῶν
773 521 853 548 θείων
868 522 937 557 Γρα-

142 571 200 606 φῶν
217 570 392 604 ἐπαγγελίας,
416 568 536 604 νομικῶν
554 576 583 594 τε
601 568 646 594 καὶ
663 567 840 602 προφητικῶν
865 568 936 603 Γρα-

143 617 202 652 φῶν
219 616 396 650 ἀναγνώσεις,
412 615 510 650 βίῦλων
527 622 556 640 τε
579 605 722 649 ἱστορικῶν
739 614 785 639 καὶ
801 613 937 649 στιχηρῶν

142 663 231 697 λόγον,
248 661 386 698 ὑμνῳδίαις
401 670 430 687 τε
443 661 570 696 τρόπους,
588 660 634 686 καὶ
651 660 825 695 ψαλμῳδίας·
844 660 937 694 ὄψεται

142 708 308 743 παράδεισον
321 706 438 742 ἀληθῶς,
464 706 510 732 καὶ
526 705 646 740 λειμῶνα
661 705 795 732 παντοίων
816 704 935 739 ἀγαθῶν.

141 753 172 779 El
187 750 215 779 δὲ
233 753 358 787 ζητήσειε
383 752 448 786 παρ’
464 751 553 782 αὐτοῖς
568 750 613 777 τὸν
634 750 753 785 ἔμψυχον
768 750 815 776 καὶ
827 750 937 785 γόνιμον

141 800 189 826 καὶ
204 798 292 830 ζῶντα
308 797 405 831 λόγον,
419 794 450 822 οὗ
464 797 477 823 ὁ
492 796 575 822 πίνων
590 796 680 832 πηγὴν
695 794 749 828 ἕξει
763 795 857 826 ὓδατος
870 795 937 827 ζῶν-

140 852 185 876 τος
199 844 346 878 ἁλλομένου
363 844 403 874 είς
417 841 489 878 ζωὴν
502 841 610 868 αἰώνιον
622 851 627 856 ·
642 841 691 868 οὐκ
706 841 738 868 ἂν
749 841 834 876 εὕροι.

177 984 188 1001 1
203 975 259 1002 Καὶ
273 974 349 1001 ἔσται
366 975 382 1009 ἡ
402 974 581 1010 ίσχὺςξαὺτῶν
597 974 634 1005 ὡς
651 974 762 1009 καλάμη
774 974 934 1006 στυππείου,

140 1021 190 1047 καὶ
213 1022 242 1047 αἱ
262 1020 388 1056 ἐργασίαι
406 1020 495 1047 αὐτῶν
508 1020 546 1051 ὡς
561 1020 658 1047 σπινίνῖ
665 1028 709 1055 ρες
721 1028 728 1034 ·
741 1019 788 1046 καὶ
801 1027 936 1045 κατακαυ-

141 1066 272 1102 θήσονται
283 1067 308 1092 οἱ
324 1067 428 1101 ἄνομοι,
445 1066 491 1092 καὶ
505 1067 529 1092 οἱ
541 1066 700 1101 ἁμαρτωλοὶ
725 1066 801 1100 ἅμα·
824 1066 871 1092 καὶ
888 1066 937 1092 οὐκ

143 1109 221 1136 ἔσται
235 1110 249 1135 ὁ
263 1109 374 1135 σὸἐσων.
388 1119 396 1135 ι
415 1109 451 1134 Οὐ
467 1108 551 1140 σίτου,
564 1109 624 1135 οὐδέ
640 1117 710 1139 τινος
724 1109 822 1143 ἑτέρου.
835 1108 889 1135 τῶν
904 1109 936 1134 ὰ-

142 1155 281 1190 ναγκαίων
294 1155 414 1190 καλάμη,
428 1154 472 1181 διὰ
489 1154 517 1180 τὸ
526 1154 682 1190 ἀφῃρῆσθαι
694 1154 740 1180 ἀπ’
757 1153 846 1180 αὐτῶν
862 1153 936 1188 ἰσχύ-

141 1209 206 1227 οντα
221 1201 267 1227 καὶ
286 1200 439 1235 ἰσχύουσαν,
469 1199 515 1226 καὶ
539 1200 615 1234 ἰσχὺν
629 1200 723 1234 ἄρτου,
751 1199 797 1224 καὶ
813 1198 848 1224 τὰ
862 1198 935 1232 ἑξῆς.

141 1246 187 1273 Διο
199 1245 260 1271 οὐδὲ
285 1245 412 1271 δύνανται
434 1244 523 1278 λέγειν
544 1246 601 1275 τοῖς
623 1244 740 1279 Χριστοῦ
764 1244 898 1279 μαθηταῖς
911 1244 938 1270 ὸ-

143 1291 227 1326 μοίως
239 1299 246 1305 ·
272 1302 281 1315 ι
293 1290 387 1318 Πάντα
405 1290 533 1325 ίσχύομεν
546 1291 574 1316 έν
598 1289 636 1324 τῷ
652 1289 845 1324 ἐνδυναμοῦντι
865 1289 938 1323 ἡμᾶς

141 1337 215 1372 Θεῷ·
229 1347 238 1363 I
255 1338 318 1373 atat,
333 1346 341 1362 I
352 1337 399 1368 Τίς
423 1337 496 1372 ἡμᾶς
507 1337 618 1372 χωρίσει
638 1336 691 1362 ἀπὸ
704 1336 753 1372 τῆς
768 1336 878 1371 ἀγάπης
890 1335 937 1362 τοῦ

141 1383 279 1420 Χριστοῦς
296 1382 414 1418 θλίψιςῆ
433 1383 614 1419 στενοχωρία;
631 1393 638 1407 ι
657 1383 703 1408 καὶ
717 1382 751 1409 τὰ
768 1381 842 1417 ἑξῆς.
861 1382 939 1408 Dii-.0)

142 1429 170 1456 δὲ
181 1430 291 1464 γέγονεν
307 1429 395 1456 αὐτῶν
420 1429 437 1464 ή
454 1430 529 1464 ίσχὺς
546 1429 583 1460 ὡς
596 1428 705 1463 καλάμη
725 1429 886 1461 στυππείου,
902 1429 939 1460 ὡς

145 1477 183 1513 μὴ
210 1477 289 1512 μόνον
305 1476 436 1503 ἀπολέσαι
452 1476 501 1511 τὴν
527 1475 695 1510 ἐλευθερίαν,
719 1471 778 1510 ἐνῇ
807 1475 939 1510 πρότερον

143 1523 262 1558 ἐκόμων,
287 1522 434 1557 αὐτονομίᾳ
456 1521 503 1548 καὶ
532 1521 654 1556 βασιλείᾳ
679 1521 767 1555 οἰκείᾳ
792 1519 938 1555 χρώμενοι,

144 1569 213 1596 ἀλλὰ
226 1568 274 1595 καὶ
291 1569 346 1599 τοῖς
358 1567 470 1602 τυχοῦσι
492 1565 634 1602 Ῥωμαίων
650 1564 830 1600 στρατιώταις
842 1565 940 1599 ἁνδρά-
955 1579 975 1607 C

144 1614 330 1642 oracula-Juv.
348 1614 403 1640 Καὶ
416 1613 505 1639 αὐτῶν
518 1612 572 1646 γὰρ
586 1612 612 1637 αἱ
626 1611 751 1645 ἐργασίαι
766 1611 831 1646 πυρῖ
845 1611 939 1641 αἴτιαι,

144 1660 192 1687 ἅτε
212 1660 242 1686 οὐ
259 1659 429 1695 χρυσονοὺόὲ
447 1658 566 1693 ἄργυρον
583 1656 643 1683 οὐδὲ
659 1656 749 1687 λίθους
767 1656 883 1691 τιμίους,
898 1655 942 1687 ξύ-

144 1705 188 1732 λον
210 1705 237 1732 δέ
254 1705 333 1740 μόνον
355 1705 401 1731 καὶ
419 1703 544 1738 καλάμην
561 1702 784 1738 οἰκοδομούντων.
812 1702 894 1736 Ὀρᾷς
915 1701 942 1726 ὅ-

145 1760 204 1782 πως
226 1751 397 1786 πυρπόλησιν
422 1749 469 1776 καὶ
495 1748 658 1784 ἐμπρησμὸν
683 1747 790 1774 ἀπειλεῖ
817 1747 906 1778 αὐτοῖς
929 1747 942 1772 ὁ

144 1796 223 1830 λόγος
237 1804 243 1810 ·
272 1796 318 1822 καὶ
337 1796 416 1822 τοῦτο
431 1794 506 1826 τέλος
535 1794 584 1829 τῆς
610 1793 750 1828 παρούσης
776 1792 836 1818 κατ’
853 1791 942 1818 αὐτῶν

145 1842 330 1878 προφητείας⁴
344 1841 358 1867 ὃ
376 1841 408 1876 δὴ
425 1841 471 1867 καὶ
484 1839 654 1875 παραχρῆμα
668 1839 736 1874 πρὸς
751 1838 822 1870 λέξιν
840 1837 941 1871 ἀπέϐη,

145 1887 196 1914 καὶ
213 1887 263 1912 οὐκ
283 1887 322 1917 εἱς
342 1885 451 1921 μακρὰν
467 1884 537 1920 μετὰ
551 1883 599 1919 τὴν
614 1883 684 1910 κατὰ
707 1883 753 1909 τοῦ
771 1882 897 1917 Σωτῆρος
911 1882 942 1916 ή-

148 1932 208 1968 μῶν
223 1931 324 1967 τόλμαν
336 1929 556 1966 πυρποληθείσης
570 1929 661 1959 αὐτοῖς
677 1928 726 1961 τῆς
739 1928 940 1963 μητροπόλεως,

146 1978 202 2005 τῶν
219 1986 249 2004 τε
273 1978 302 2003 ἐν
321 1977 388 2011 αὐτῇ
412 1975 518 2002 ἀσεϐῶν
539 1975 571 2001 ἐκ
586 1973 638 2000 τῶν
655 1973 760 2000 οἰκείων
786 1973 941 2008 σπινθήρων

147 2024 178 2050 τὸ
193 2020 324 2050 ἄσϐεστον
339 2022 393 2058 πῦρ
417 2022 448 2048 τὸ
464 2021 581 2051 αἰώνιον,
602 2020 649 2046 καὶ
663 2019 711 2053 τὴν
725 2020 757 2045 ἐκ
776 2018 843 2045 Θεοῦ
860 2018 942 2053 ὀργὴν

147 2071 178 2099 ὲν
188 2071 204 2105 ἡ
210 2069 280 2105 μέρᾳ
290 2069 374 2103 ὀργῆς
390 2068 481 2099 αὐτοῖς
491 2066 726 2102 ταμιευσαμένων.

421 2111 619 2138 ΚΕΦΛΛΛΙΟΝ
638 2110 675 2138 B’.

187 2171 196 2185 ι
208 2160 235 2186 '0
249 2159 328 2194 λόγος
341 2159 355 2184 ὁ
371 2158 514 2192 γενόμενος
533 2157 606 2192 παρὰ
624 2155 726 2191 Κυρίου
742 2155 810 2191 πρὸς
829 2155 942 2181 Ἡσαΐαν

148 2206 207 2233 υἱὸν
221 2205 310 2241 Ἀμὼς
322 2205 386 2240 περὶ
402 2204 449 2238 τῆς
465 2202 593 2232 Ἰουδαίας
604 2202 650 2228 καὶ
668 2201 731 2236 περὶ
748 2200 941 2236 Ἰερουσαλήμ·

989 289 1098 323 pudenti
1107 294 1134 316 et
1144 288 1328 316 inverecundo
1339 289 1434 315 eorum
1447 287 1587 322 proposito
1600 293 1776 316 mutattonem

989 333 1093 361 atieret.

1024 379 1104 406 Vens.
1120 379 1164 407 '50.
1183 388 1192 404 ι
1206 379 1290 406 Ει-υιιι
1304 379 1374 406 enim
1393 379 1462 406 sicut
1479 379 1647 406 terebinthus
1660 378 1778 406 delinen-

989 425 1060 452 tibus
1090 424 1170 458 foliis,
1200 428 1227 451 et
1259 425 1328 452 sicut
1349 425 1491 459 paradisus
1513 425 1571 452 sine
1587 432 1657 459 aqua
1675 434 1681 451 :
1702 435 1711 450 ι
1732 426 1777 459 qui

988 470 1053 497 olim
1067 475 1143 498 erant
1159 471 1237 497 vinea
1251 470 1357 497 Domini
1372 470 1502 501 Sabaoth,
1515 474 1542 497 et
1556 470 1626 497 oliva
1639 471 1776 498 umbrosa.

990 515 1018 542 Si
1037 516 1098 550 quis
1114 516 1186 543 enim
1205 516 1355 550 respexerit
1366 516 1398 542 ad
1414 516 1547 550 promissa
1561 524 1621 550 quae
1641 516 1666 542 in
1681 516 1779 544 divinis

989 560 1138 596 Scripturis
1151 569 1233 595 penes
1247 561 1465 592 illoshabentur.
1482 563 1515 588 ad
1537 561 1660 596 legalium
1676 566 1777 596 ctpro-

987 606 1158 640 pheticarutn
1184 605 1392 642 Scripturar'um
1417 606 1566 638 lectiones,
1590 606 1621 633 atl
1647 607 1777 634 librorum

989 657 1044 678 tam
1070 652 1272 683 historicorum,
1293 658 1373 685 quam
1397 652 1570 679 metrieorum
1597 656 1771 684 concentum,

988 696 1082 724 modos
1094 700 1121 722 et
1133 696 1311 730 psalmodias,
1326 696 1349 723 is
1363 704 1426 723 vere
1441 697 1607 730 paradisum,
1624 702 1650 724 et
1664 703 1772 731 pratum

988 741 1066 768 bonis
1080 741 1206 768 omnibus
1228 741 1360 775 repletum
1379 742 1477 768 videat.
1495 742 1570 775 Quod
1587 742 1610 771 si
1625 743 1686 776 quis
1701 743 1772 776 apud

988 785 1047 811 illos
1057 785 1218 816 animatum,
1232 785 1320 824 fertile
1336 793 1368 812 ac
1383 786 1479 812 vivens
1494 786 1611 813 Verbum
1628 787 1776 820 qntrsierit,

987 839 1019 858 ex
1048 838 1102 866 quo
1130 831 1254 865 quisquis
1280 832 1402 864 biberit,
1433 831 1544 858 habebit
1572 831 1674 859 fontem
1701 839 1778 866 aqua

989 877 1071 909 vivae,
1088 876 1212 904 salientis
1239 877 1265 903 in
1290 877 1373 904 vitam
1394 882 1541 910 azternam;
1560 877 1717 912 neutiquam
1734 877 1777 904 in-

953 914 975 941 Β
990 922 1091 949 veniat.

1022 967 1106 995 Vens.
1118 968 1164 996 3|.
1180 977 1190 994 ι
1207 968 1240 995 Ει
1258 967 1310 995 erit
1332 967 1462 995 fortitudo
1475 968 1583 995 illorum
1603 971 1633 994 ut
1657 967 1778 994 calamus

987 1018 1092 1048 stuppa:
1107 1020 1134 1041 et
1147 1021 1215 1048 opus
1228 1021 1322 1040 eorum
1338 1018 1365 1040 ut
1381 1013 1524 1040 scintillae:
1538 1017 1566 1040 et
1582 1013 1778 1039 comburentur

988 1059 1074 1092 iniqui
1097 1063 1125 1086 et
1147 1064 1304 1093 peccatores
1323 1059 1413 1090 simul,
1435 1062 1461 1085 et
1476 1066 1530 1085 non
1546 1058 1598 1085 erit
1607 1058 1652 1092 qui
1673 1058 1778 1085 exstin-

987 1108 1061 1139 guat.
1083 1103 1164 1131 INon
1187 1103 1332 1136 frumenti,
1353 1107 1400 1130 aut
1424 1103 1537 1132 alterius
1562 1103 1712 1136 cujuspiam
1730 1110 1777 1129 ne-

989 1150 1118 1177 cessaria:
1144 1149 1195 1181 rei,
1224 1148 1367 1180 calamus,
1387 1147 1451 1181 quia
1479 1147 1586 1175 ablatus
1610 1152 1652 1174 est
1671 1148 1704 1174 ab
1724 1147 1778 1174 illis

989 1194 1118 1222 robustus
1130 1200 1157 1221 et
1178 1194 1301 1224 robusta,
1323 1193 1405 1220 robur
1432 1193 1519 1227 panis,
1535 1197 1586 1219 etc.
1608 1192 1670 1219 Ideo
1689 1193 1779 1219 dicere

988 1240 1250 1275 nequeuntperinde
1267 1244 1349 1273 atque
1364 1238 1465 1265 Christi
1487 1237 1614 1272 discipuli
1629 1248 1634 1265 :
1652 1247 1660 1263 ι
1681 1237 1778 1265 Omnia

988 1293 1132 1321 possumus
1158 1285 1184 1312 in
1203 1291 1245 1316 eo,
1272 1284 1318 1318 qui
1343 1290 1392 1310 nos
1411 1283 1545 1310 confortat
1572 1283 1626 1309 Deo
1644 1282 1685 1314 ¹⁰;
1705 1291 1714 1307 ι
1729 1286 1777 1308 ct:

992 1341 1001 1357 σ
1018 1332 1084 1365 Quis
1101 1338 1150 1358 nos
1167 1329 1304 1365 separabit
1315 1337 1329 1356 ιι
1348 1329 1481 1356 charitate
1492 1328 1617 1356 Christi?
1631 1328 1779 1360 tribulatio,

990 1385 1023 1404 an
1042 1375 1165 1412 angustia
1190 1374 1238 1400 “ff
1260 1385 1270 1400 ι
1294 1378 1322 1401 et
1346 1377 1454 1400 caetera.
1480 1373 1516 1400 Ita
1544 1379 1625 1407 porro
1651 1371 1781 1399 fortitudo

990 1430 1083 1451 eorum
1102 1426 1132 1448 ut
1152 1420 1274 1448 calamus
1286 1424 1389 1453 stuppae
1409 1419 1478 1446 facta
1499 1423 1560 1450 est;
1587 1422 1614 1444 ut
1630 1425 1682 1444 non
1698 1419 1777 1444 modo

991 1468 1159 1499 libertatem,
1173 1473 1225 1500 qua
1250 1465 1326 1499 prius
1338 1464 1517 1499 propriojure
1530 1471 1562 1492 ac
1577 1470 1662 1497 regno
1674 1468 1782 1490 utentes

990 1513 1131 1544 ﬂorebant,
1146 1511 1304 1538 amitterent
1315 1530 1322 1542 ,
1339 1511 1386 1536 sed
1401 1510 1482 1536 etiam
1497 1509 1637 1544 quibusvis
1651 1508 1782 1535 Romanis

992 1557 1123 1586 militibus
1136 1556 1283 1584 servirent.
1296 1555 1395 1581 Eorum
1407 1554 1507 1588 quippe
1517 1561 1599 1588 opera
1613 1553 1683 1588 ignis
1697 1552 1779 1579 causa

995 1601 1128 1630 fuerunt:
1150 1600 1249 1635 quippe
1269 1599 1314 1633 qui
1335 1606 1387 1625 non
1409 1606 1523 1631 aurum,
1548 1605 1600 1625 non
1628 1602 1780 1631 argentum.

994 1655 1046 1675 non
1066 1647 1171 1681 lapides
1188 1645 1335 1680 pretiosos,
1350 1644 1398 1671 sed
1420 1643 1522 1679 lignum
1545 1637 1647 1670 tantum
1661 1647 1687 1669 et
1708 1642 1781 1670 cala—

995 1702 1067 1721 mum
1092 1692 1270 1720 aa'diticarent.
1292 1691 1384 1719 Viden‘
1398 1689 1534 1725 quomodo
1554 1689 1677 1725 ﬂammas
1695 1686 1721 1715 et
1739 1689 1782 1715 in-

994 1739 1118 1766 cendium
1139 1737 1321 1764 comminetur
1333 1735 1419 1770 ipsis?
1432 1734 1463 1761 Et
1477 1735 1521 1761 hic
1533 1734 1593 1761 linis
1608 1737 1649 1761 est
1668 1740 1783 1768 praesen-

995 1784 1028 1811 tis
1049 1783 1147 1810 contra"
1166 1782 1227 1809 illos
1255 1781 1416 1816 prophetiae,
1440 1778 1517 1813 cujus
1541 1783 1653 1806 eventus
1678 1777 1782 1810 statim,

994 1838 1082 1866 neque
1101 1830 1139 1857 ita
1155 1828 1240 1856 multo
1254 1832 1315 1863 post
1337 1831 1524 1862 perpetratum
1547 1829 1641 1852 contra
1659 1824 1784 1852 Salvato-

993 1884 1051 1904 rem
1075 1880 1200 1904 nostrum
1228 1873 1343 1905 facinus.
1371 1873 1405 1899 ad
1430 1872 1548 1898 litteram
1572 1871 1695 1904 cuntigit,
1720 1877 1781 1896 cum

994 1930 1088 1950 eorum
1105 1921 1262 1955 metropolis
1275 1920 1400 1947 incendio
1416 1919 1513 1946 tradita
1529 1922 1579 1949 est,
1600 1921 1627 1944 et
1647 1917 1720 1951 impii
1732 1917 1783 1944 ho-

995 1968 1082 1994 mines
1100 1967 1127 1993 in
1142 1973 1172 1993 ea
1196 1968 1400 1992 commorantes
1423 1970 1456 1990 ex
1480 1961 1603 1989 scintillis
1624 1961 1679 1988 suis
1693 1962 1781 1995 ignem

995 2013 1243 2053 inexstinguibilem
1259 2019 1290 2038 ac
1309 2015 1439 2038 a‘ternum
1452 2029 1460 2040 ,
1481 2009 1603 2043 iramque
1623 2007 1669 2035 Dei
1692 2008 1718 2035 in
1738 2007 1789 2040 die,

996 2061 1042 2088 ine
1058 2060 1109 2087 sibi
1126 2057 1346 2086 recondiderunt.

1302 2100 1416 2128 CAPUT
1439 2100 1471 2127 11.

1032 2151 1113 2178 Vsus.
1131 2149 1189 2176 1-4.
1211 2157 1220 2173 ‹
1244 2144 1360 2173 Verbum
1376 2145 1447 2179 quod
1461 2145 1562 2171 factum
1579 2147 1619 2170 est
1635 2150 1649 2170 ιι
1669 2141 1784 2169 Domino

996 2197 1028 2223 ad
1044 2196 1167 2223 llesaiam
1180 2194 1264 2221 [ilium
1275 2193 1357 2219 Amos
1367 2191 1437 2218 circa
1451 2190 1570 2217 Iudaeam
1579 2193 1606 2216 et
1615 2179 1782 2226 Jerusalem:

148 2253 190 2280 ὅτι
206 2235 281 2278 ἔσται
337 2235 397 2282 ταῖς
415 2235 543 2284 ἐσχάταις
563 2247 680 2282 ἡμέραις
698 2235 816 2281 ἐμφανὲς
835 2245 864 2271 τὸ
880 2245 941 2280 ὅρος

997 2243 1059 2276 quia
1088 2241 1141 2268 erit
1169 2240 1195 2267 in
1225 2237 1383 2266 novissimis
1395 2236 1491 2264 diebus
1517 2235 1679 2268 conspicuus
1706 2240 1784 2260 m0ns

147 2299 197 2326 τοῦ
211 2297 323 2334 Κυρίου,
341 2296 388 2322 καὶ
403 2297 417 2321 ὁ
442 2293 515 2325 οἶκος
537 2293 583 2331 τοῦ
597 2292 663 2318 Θεοῦ
679 2292 720 2318 ἐπ’
739 2292 830 2326 ἄκρων
844 2291 897 2316 τῶν
914 2291 942 2316 ὀ-

153 2345 232 2379 ρέων,
249 2343 295 2369 καὶ
316 2341 489 2376 ὑψωθήσεται
504 2339 629 2374 ὑπεράνω
648 2337 701 2363 τῶν
721 2336 832 2371 βουνῶν,
849 2336 894 2362 καὶ
911 2336 942 2370 ἥ-

151 2391 244 2424 ξουσιν
256 2389 297 2414 ἐπ’
311 2388 375 2414 αὐτὸ
390 2387 476 2413 πάντα
489 2385 522 2412 τὰ
533 2384 596 2419 ἓθνη
622 2383 675 2409 Καὶ
690 2382 865 2417 πορεύσονται
880 2381 941 2415 ἔθνη

153 2433 250 2466 πολλὰ,
265 2432 311 2458 καὶ
330 2432 435 2467 ἐροῦσι-
457 2430 548 2460 Δεῦτε,
567 2429 613 2456 καὶ
626 2427 770 2462 ἀναῆῶμεν
781 2428 820 2457 εἰς
833 2427 862 2452 τὸ
879 2427 939 2461 ὅρος

154 2479 270 2515 Κυρίου,
281 2478 326 2504 καὶ
339 2478 376 2508 εἰς
390 2477 434 2502 τὸν
448 2474 520 2502 οἷκον
533 2474 579 2502 τοῦ
590 2473 656 2500 Θεοῦ
672 2471 768 2499 Ἰακώϐ
778 2480 783 2485 ·
802 2472 849 2498 καὶ
860 2472 942 2504 ἀναγ-

154 2526 229 2560 γελεῖ
245 2525 311 2559 ἡμῖν
326 2522 373 2557 τὴν
389 2522 446 2548 ὁδὸν
461 2521 554 2553 αὑτοῦ,
577 2521 624 2547 καὶ
641 2517 829 2553 πορευσόμεθα
850 2518 878 2544 ἐν
896 2518 943 2543 αὑ-

155 2573 199 2608 τῇ.
216 2572 262 2598 Ἐκ
277 2569 331 2605 γὰρ
346 2568 414 2594 Σιὼν
436 2567 603 2600 ἐξελεύσεται
621 2566 711 2600 νόμος,
730 2565 775 2591 καὶ
794 2565 872 2598 λόγος
886 2565 944 2590 Κυ-

158 2618 216 2653 ρίου
237 2616 266 2649 ἐξ
289 2613 473 2650 Ἰερουσαλήμ.
499 2613 551 2639 Καὶ
573 2613 660 2647 κρινεῖ
677 2610 728 2637 ἀνὰ
747 2611 827 2646 μέσον
853 2609 905 2635 τῶν
921 2611 948 2635 ε-

157 2660 238 2694 θνῶν,
253 2660 300 2687 καὶ
310 2657 444 2692 ἐξελέγξει
457 2657 518 2683 λαὸν
533 2657 614 2683 πολὺν
631 2656 720 2686 αὑτός.
734 2665 742 2680 ι
759 2655 843 2685 am;
859 2654 887 2682 δὲ
902 2654 948 2679 καὶ

156 2705 289 2742 διέκρινεν
300 2705 352 2733 ἀνὰ
368 2704 449 2740 μέσον
460 2703 514 2729 τῶν
534 2702 626 2733 ἐθνῶν,
642 2701 775 2736 ἀφορίσας
787 2699 876 2734 ἑαυτῴ
887 2699 948 2729 τους

159 2751 262 2785 ἀξίους,
279 2751 325 2778 καὶ
350 2748 529 2783 ἐκλεξάμενος
550 2747 611 2778 τοὺς
627 2746 741 2781 κλητοὺς
765 2744 818 2770 ἀπὸ
832 2744 885 2770 τῶν
912 2743 949 2778 μὴ

159 2798 295 2824 τοιούτων.
318 2791 409 2826 Οὕτως
420 2792 466 2821 οὖν
483 2792 535 2819 ἀνὰ
552 2793 629 2827 μέσον
645 2791 698 2817 τῶν
713 2790 797 2817 ὲθνῶν
811 2789 950 2827 διακρίνας

161 2842 175 2868 ὁ
189 2840 363 2875 εέαγγελικδς
388 2839 479 2873 νόμος,
495 2837 557 2863 λαὸν
575 2836 656 2862 πολὺν
675 2835 798 2870 ἤλεγξεν,
814 2826 949 2870 ἦτοι-τοῦς

200 2897 346 2925 “Philum.
365 2904 399 2928 Iv,
423 2895 465 2923 l5.
506 2895 524 2909 “
540 2893 618 2921 Rom.
640 2901 697 2926 Vlll,
716 2893 760 2920 55.

998 2287 1104 2315 Domini
1130 2291 1157 2313 et
1181 2285 1277 2312 domus
1298 2283 1344 2310 Dei
1366 2290 1449 2316 supra
1472 2281 1600 2308 verticem
1627 2279 1782 2306 montium:

996 2340 1023 2361 et
1058 2332 1211 2360 elcvabitur
1239 2337 1319 2363 super
1346 2328 1452 2356 colles:
1479 2332 1506 2354 et
1531 2326 1639 2354 venient
1664 2325 1695 2351 ad
1722 2332 1785 2351 eum

997 2386 1091 2406 omnes
1119 2381 1224 2412 gentes.
1251 2374 1284 2402 Et
1302 2374 1378 2401 ibunt
1405 2373 1494 2408 populi
1525 2371 1600 2398 multi
1617 2374 1644 2397 et
1669 2370 1782 2397 dicent:

999 2414 1108 2456 Venite,
1139 2422 1318 2450 ascendamus
1345 2419 1379 2446 ad
1406 2424 1525 2446 montem
1553 2416 1666 2443 ‘Dnmini
1695 2420 1722 2441 et
1751 2414 1783 2440 ad

997 2472 1106 2498 domum
1122 2468 1166 2496 Dei
1182 2467 1284 2494 Jacob:
1301 2469 1328 2492 et
1342 2463 1514 2491 annuntiabit
1524 2463 1600 2490 nobis
1611 2462 1683 2488 viam
1697 2466 1782 2489 suam,

998 2522 1025 2543 ct
1046 2503 1203 2542 inccdcmus
1222 2512 1249 2539 in
1271 2519 1314 2539 ca.
1340 2511 1407 2537 Nam
1433 2517 1464 2536 ex
1485 2509 1550 2537 Sion
1572 2508 1655 2535 exiluit
1678 2506 1731 2535 lex,
1758 2509 1785 2530 et

1000 2562 1110 2587 vcrlutm
1137 2559 1241 2586 Domini
1261 2552 1298 2585 ex.
1317 2556 1478 2583 Jerusalem.
1505 2555 1537 2581 Et
1561 2550 1692 2588 iudicabit
1716 2549 1784 2575 inter

998 2614 1102 2643 gentes,
1130 2611 1158 2632 et
1182 2610 1278 2639 arguet
1302 2602 1430 2638 populum
1459 2600 1570 2628 multum
1601 2597 1668 2631 ipse.
1689 2605 1698 2620 ι
1726 2595 1784 2629 lpsu

999 2641 1088 2679 autem
1098 2650 1233 2685 judicavit
1243 2650 1314 2685 inter
1328 2652 1434 2682 gentes,
1451 2652 1497 2672 eos
1510 2644 1554 2677 qui
1575 2649 1604 2668 se
1618 2641 1691 2674 digiti
1706 2644 1785 2666 erant

998 2698 1049 2725 sibi
1070 2703 1228 2732 segregans,
1243 2698 1408 2727 vocatosque
1424 2699 1438 2717 a
1455 2697 1507 2716 non
1529 2687 1631 2714 vocatis
1656 2686 1783 2720 seligens.

999 2742 1046 2769 Sic
1061 2731 1209 2776 itaquerlex
1231 2737 1398 2770 evangelica,
1421 2735 1447 2761 in
1470 2733 1559 2760 medio
1579 2731 1700 2767 gentium
1716 2731 1785 2763 dith.-

1000 2788 1106 2820 dicans.
1126 2787 1241 2814 multum
1259 2783 1384 2820 populum
1400 2779 1537 2814 coarguit;
1563 2779 1618 2805 sive
1633 2778 1676 2810 iis,
1692 2777 1736 2811 qui
1758 2776 1784 2802 in

1000 2842 1030 2861 se
1040 2833 1213 2860 crediderunt
1227 2831 1259 2858 de
1273 2828 1388 2864 pristino
1399 2832 1494 2854 errore
1507 2833 1555 2852 suo
1566 2824 1716 2856 convictts;
1727 2822 1784 2850 sive
