2059 3215
270 165 321 194 103

633 163 769 193 EUSEBII
788 162 1029 193 CaESARlENSlS
1048 164 1124 194 OPP.
1140 165 1231 194 PARS
1250 166 1292 194 Ill.
1313 179 1349 187 ——
1369 166 1575 195 EXEGETICA.

1864 172 1919 199 HM

270 223 315 255 iis,
331 221 376 257 qui
395 229 448 249 non
464 221 651 254 credioerunt,
670 225 700 249 ut
718 225 814 256 suapte
827 221 908 257 culpa
924 222 1060 256 pereunti-

1117 224 1156 255 εἰς
1168 223 1252 250 αὑτὸν
1269 223 1485 255 πεπιστευκότας
1509 223 1664 257 ἀπελέγξας
1689 224 1739 260 τήν
1765 225 1794 251 ἐν
1822 226 1916 258 αὐτοῖς

271 268 332 300 bus,
348 267 509 296 confutatis.

307 376 319 395 ι
340 367 372 394 Et
389 367 564 403 confringant
580 366 686 401 gladios
709 373 775 395 suos
792 366 819 394 in
841 371 945 399 aratra.
961 371 988 395 et
1003 367 1063 395 lan-

270 422 334 442 ceas
355 421 418 442 suos
445 414 471 441 in
498 413 600 441 falces:
619 418 647 441 et
672 421 726 441 non
753 413 853 441 levabit
877 421 944 449 gens
967 418 1061 442 contra

269 465 379 496 gentem
406 461 537 495 gladium,
562 465 590 488 et
617 467 671 487 non
696 460 901 488 exercebuntur
926 461 999 488 ultra
1028 462 1062 489 ad

270 508 404 542 prmlinm.
423 517 432 534 ι
459 507 516 534 Non
545 507 615 534 ultra
636 506 762 535 bellicam
782 512 869 534 artem
883 508 1018 541 ediscunt,
1034 508 1061 535 in

270 561 323 588 qua
335 561 364 580 se
376 553 449 588 prius
467 560 482 579 a
496 560 589 586 puero,
611 554 690 586 quasi
715 553 881 585 necessaria,
907 561 956 588 per
981 561 1062 589 agros

269 603 298 626 et
312 599 391 626 urbes
407 599 580 631 exercebant,
601 598 754 626 vicinorum
773 600 894 626 hostium
915 599 1062 628 formidine

269 644 407 672 commoti.
427 644 483 671 lino
495 644 577 671 etiam
591 644 636 678 qui
650 645 796 672 Dominum
826 649 950 672 nostrum
966 644 1061 673 Iesum

268 691 406 718 Christum
448 695 655 725 susceperunt,
687 690 761 717 omni
796 691 938 726 praaliandi
971 691 1062 718 studio

268 735 395 769 exempti,
414 735 439 762 in
457 742 521 768 pace
533 735 640 762 domum
658 740 817 769 versantur;
836 736 872 762 ita
887 741 915 763 ut
927 743 981 763 non
993 736 1063 764 ulte-

269 781 325 808 rius
359 781 393 808 ab
426 781 590 808 adversariis
627 781 809 818 potestatibus
843 786 1061 817 oppugnentur,

268 834 356 860 neque
384 826 553 854 daemonibus
590 826 616 853 in
647 834 677 854 se
709 826 774 854 olim
808 827 953 861 imperium
988 827 1062 854 obti-

268 871 395 899 nentibus
428 871 528 899 subditi
554 871 618 899 sint.
643 871 747 905 Quibus
775 871 908 899 Servator
930 871 988 907 ipse
1012 879 1060 907 pa-

268 925 326 944 cctll
351 924 501 951 procurans
525 924 603 944 suam
622 917 660 944 ait
675 927 681 944 :
708 915 721 942 ἐ
740 916 838 945 Pacem
855 924 944 945 meam
961 917 997 945 do
1014 925 1061 945 νο-
1077 905 1098 933 Β

268 964 310 992 bis
325 963 357 991 “.
382 973 391 989 ι

304 1009 384 1036 Vens.
402 1009 429 1036 5.
451 1018 460 1035 ε
481 1009 515 1036 Et
538 1016 622 1042 nunc,
642 1009 740 1037 domus
761 1009 856 1041 Jacob,
875 1009 978 1042 venite,
1002 1015 1058 1036 am-

266 1055 390 1083 bulemus
408 1054 435 1081 in
459 1054 563 1082 lumine
585 1054 729 1095 Domini.)
745 1054 954 1090 Consequentcr
969 1056 1061 1090 itaque

265 1101 409 1136 propheta,
420 1105 564 1135 postquam
576 1101 697 1134 gentium
711 1101 892 1132 vocationem,
906 1105 935 1128 et
947 1099 1060 1128 effusam

265 1147 293 1174 in
314 1154 409 1174 omnes
435 1146 559 1173 homines
587 1153 682 1180 pacem
711 1146 866 1179 recensuit,
893 1153 972 1173 suum
996 1152 1060 1178 erga

259 1193 417 1220 familiares
441 1199 506 1219 suos
531 1191 659 1218 affectum
687 1196 889 1218 commonstrat
904 1199 911 1217 :
926 1190 1055 1226 populum

224 1235 228 1238 ’
266 1246 345 1266 suum
362 1236 623 1270 commonefaciens,
641 1240 672 1263 ut
699 1235 801 1263 Christi
826 1236 944 1270 gratiam
969 1235 1060 1262 omni-

266 1285 316 1311 bus
330 1283 455 1317 gentibus
477 1282 570 1309 datam
592 1286 619 1309 et
644 1281 734 1308 lumen
758 1281 945 1316 evangelicum
971 1281 1061 1309 susci-

266 1329 348 1364 piat:
371 1336 507 1364 seseque,
536 1328 570 1355 ad
598 1328 791 1355 concitandum
820 1327 1061 1363 instigandumquo

267 1374 418 1409 populum,
450 1374 546 1402 iisdem
579 1373 751 1405 adnumerat,
779 1377 931 1407 auctorque
959 1378 1002 1400 est
1031 1378 1061 1401 ut

266 1421 353 1448 lucem
372 1420 478 1448 Domini
509 1420 617 1447 adeant.
636 1419 736 1447 Lucem
757 1427 839 1454 porro
851 1419 958 1447 Domini
982 1425 1061 1447 vocat

266 1467 352 1502 legem
380 1465 446 1494 Novi
474 1466 641 1493 Testamenti
668 1473 700 1494 ex
727 1465 793 1493 Sion
823 1465 1017 1500 prodeuntem,
1031 1471 1059 1494 et

265 1513 387 1540 salutare
397 1511 641 1547 evangelicumquc
655 1511 781 1539 verbum.

301 1556 384 1585 Vens.
398 1557 426 1585 6.
442 1566 452 1583 ‹
472 1557 580 1584 Dimisit
591 1555 664 1584 enim
685 1555 814 1591 populum
835 1563 913 1584 suum
925 1574 933 1588 ,
948 1556 1057 1584 domum
1072 1574 1093 1603 ϐ

266 1603 349 1630 Israel
374 1610 382 1630 :
408 1603 472 1638 quia
500 1602 605 1637 repleta
634 1606 677 1629 est
707 1607 737 1629 ut
768 1609 783 1630 a
814 1602 950 1637 principio
984 1606 1056 1630 terra

264 1657 359 1688 eorum
390 1649 527 1677 vaticiniis
546 1669 554 1682 ,
586 1654 617 1677 ut
649 1655 722 1678 terra
753 1646 969 1684 alienigenarum
994 1657 1002 1678 :
1031 1653 1059 1676 et

265 1695 343 1722 multi
380 1696 427 1725 filii
454 1696 614 1731 alienigenae
634 1695 698 1723 facti
724 1700 788 1723 sunt
810 1695 861 1723 eis.
881 1704 891 1721 ι
914 1691 962 1723 llic
981 1695 1058 1730 quasi

265 1741 321 1768 Deo
344 1740 530 1769 defensionem
570 1748 697 1775 parans,
737 1748 850 1768 causam
889 1740 969 1778 affert
1010 1749 1059 1768 cur

265 1794 312 1814 eos
329 1787 462 1814 dimiserit
480 1786 522 1814 his
546 1786 638 1814 verbis
654 1796 661 1814 :
677 1796 687 1812 ί
703 1786 773 1820 Quia
799 1786 902 1821 repleta
928 1790 980 1818 est.
1000 1792 1029 1813 ut
1043 1794 1057 1813 a

264 1832 408 1867 principio,
434 1835 507 1859 terra
536 1839 631 1859 eorum
655 1832 805 1864 vaticiniis.
834 1841 843 1857 ι
872 1836 900 1860 et
923 1837 1025 1860 caetera
1050 1840 1057 1859 :

265 1879 363 1913 quibus
385 1877 507 1906 declarat
529 1877 618 1913 ipsum
641 1885 695 1905 non
723 1877 784 1905 sine
807 1885 892 1905 causa
916 1885 964 1906 eos
980 1879 1059 1906 dimi-

264 1926 344 1953 sisse.

299 1971 382 1998 Vens.
401 1969 488 1998 7-9.4
510 1968 622 2004 Repleta
643 1973 686 1997 est
709 1969 782 1996 enim
805 1974 879 1997 terra
900 1977 994 2003 eorum
1017 1977 1059 1997 ar-

265 2022 346 2051 genio
363 2020 390 2043 et
407 2023 491 2048 auro,
516 2019 544 2041 et
565 2022 618 2042 non
641 2019 700 2042 erat
718 2021 848 2042 numerus
865 2015 1059 2045 thesaurorum

266 2063 391 2090 illorum:
411 2065 438 2088 et
454 2061 556 2095 repleta
573 2065 616 2088 est
630 2064 701 2087 terra
719 2061 811 2094 equis,
831 2064 858 2087 et
874 2061 1059 2088 innumerabi-

266 2108 304 2135 les
319 2114 416 2134 currus
433 2105 493 2140 eius
507 2115 514 2133 :
531 2110 558 2133 et
576 2106 678 2141 repleta
694 2110 737 2133 est
753 2110 827 2138 terra
846 2106 1060 2133 abominationi-

265 2154 316 2181 hus
327 2160 439 2188 operum
452 2160 580 2180 manuum
593 2159 687 2181 eorum
697 2174 704 2185 ,
718 2157 746 2179 et
757 2152 941 2180 adoraverunt
951 2159 982 2179 ea
997 2160 1057 2188 qua:

266 2199 390 2227 fecerunt
412 2199 488 2235 digiti
504 2206 616 2226 eorum:
637 2203 666 2226 et
684 2198 838 2228 incurvavit
861 2205 892 2225 se
915 2198 1012 2230 homo,
1030 2204 1058 2226 et

1116 269 1251 305 προτέραν
1267 269 1383 304 πλάνην,
1405 269 1421 304 ἢ
1447 269 1511 301 τοὺς
1528 270 1565 305 μὴ
1581 270 1621 301 εἰς
1636 270 1717 297 αὑτὸν
1731 273 1916 299 πεπιστευκό-

1114 324 1165 347 τας
1183 315 1295 350 ἐλέγξας
1309 315 1384 350 παρὰ
1406 315 1456 350 τὴν
1483 315 1571 343 αὐτῶν
1590 317 1680 344 αἰτίαν
1696 317 1912 353 ἀπολλυμένους.

1154 375 1163 391 ι
1174 366 1229 392 Καὶ
1246 365 1410 399 συγκόψουσι
1422 363 1471 396 τὰς
1487 365 1625 400 μαχαίρας
1642 363 1732 391 αὐτῶν
1745 364 1785 395 εἰς
1797 363 1911 400 ἄροτρα,

1115 412 1162 439 καὶ
1177 412 1226 443 τὰς
1243 411 1354 443 ζιϐὐνας
1373 410 1518 441 dirimet;
1530 410 1651 445 δρέπανα
1662 418 1668 424 ·
1687 410 1734 436 καὶ
1752 410 1781 436 οὗ
1799 410 1836 446 μή
1859 411 1911 446 ἄρῃ

1115 457 1191 488 ἔθνος
1205 456 1248 483 ἐπ’
1259 456 1335 488 ἔθνος
1351 455 1499 490 μάχαιραν,
1513 455 1560 481 καὶ
1572 455 1602 481 οὺ
1622 454 1658 490 μὴ
1675 454 1797 489 μάθωσιν
1809 454 1848 481 ἑτι
1865 464 1912 482 πο-

1115 503 1219 538 λεμεῖν,
1234 512 1242 527 ›
1262 501 1361 528 Οὐκέτι
1378 501 1433 537 γὰρ
1449 500 1619 527 διδάσκονται
1634 500 1668 526 τὰ
1683 500 1828 535 πολεμικὰ,
1843 501 1861 527 ἃ.
1879 500 1912 536 δὴ

1115 549 1246 587 πρότερον
1257 548 1294 580 ὡς
1307 548 1443 582 ἀναγκαῖα
1454 549 1486 574 ὲκ
1498 547 1599 574 παίδων
1613 546 1673 573 κατ’
1688 547 1789 582 ὰγροῦς
1802 547 1849 572 καὶ
1862 555 1913 572 κα-

1114 595 1150 622 τὰ
1176 595 1267 626 πόλεις
1288 594 1421 629 ἠσκοῦντο
1434 594 1478 621 διὰ
1495 594 1539 620 τὸν
1563 593 1619 620 ἀπὸ
1644 593 1698 619 τῶν
1715 592 1911 628 πλησιοχώρων

1116 641 1252 676 πολεμίων
1272 641 1354 676 φόὸον
1367 649 1373 655 ·
1392 639 1460 667 ἀλλὰ
1479 640 1524 666 καὶ
1537 639 1562 666 οἱ
1573 638 1784 674 καταδεξάμενον.
1795 639 1839 665 τὸν
1852 639 1911 664 Κύ-

1115 696 1172 723 ριον
1195 687 1272 722 ἡμῶν
1293 685 1394 722 Ἰησοῦν
1409 686 1536 722 Χριστὸν,
1556 685 1646 720 πάσης
1672 684 1823 720 πολεμικῆς
1840 693 1910 720 προ-

1114 733 1245 767 αιρέσεως
1263 732 1475 766 ἀπαλλαγέντες,
1493 733 1521 759 ὲν
1536 732 1633 769 εἰρήνῃ
1645 731 1737 757 λοιπὸν
1751 731 1890 764 διάγουσιν
1901 739 1907 744 ·

1114 779 1152 810 ὼς
1171 778 1270 815 μηκέτι
1289 779 1341 805 ὑπὸ
1359 778 1411 805 τῶν
1423 770 1617 813 ἀντικειμένων
1630 778 1770 812 δυνάμεων
1784 769 1911 811 πολεμεῖ-

1115 823 1187 856 σθαι,
1208 823 1274 859 μηδὲ
1290 824 1461 859 ὑποχειρίους
1476 822 1545 850 εἶναι
1562 823 1616 850 τῶν
1631 823 1714 850 πάλαι
1735 822 1909 857 κρατούντων

1114 872 1203 898 αὐτῶν
1227 871 1372 906 δαιμόνων.
1388 868 1435 902 υἷς
1450 871 1497 897 καὶ
1513 872 1527 897 ὁ
1541 871 1637 906 Σωτήρ
1648 870 1728 901 αὐτὸς
1744 871 1793 906 τὴν
1810 870 1909 896 ἑαυτοῦ

1112 917 1250 953 προξενῶν
1267 917 1377 953 εἰρήνην
1395 916 1462 952 φησί
1473 925 1479 930 ·
1505 926 1513 941 ι
1527 916 1645 952 Εἰρήνην
1658 916 1707 951 τὴν
1724 916 1792 951 ἐμὴν
1812 916 1908 951 δίδωμι

1112 964 1186 999 ὑμῖν.

1150 1019 1159 1035 ε
1175 1009 1230 1036 Καὶ
1244 1009 1302 1040 νῦν,
1317 1008 1331 1035 ὁ
1346 1006 1419 1040 οἶκος
1433 1008 1479 1035 τοῦ
1500 1008 1608 1040 Ἰακὼϐ,
1628 1008 1716 1039 δεῦτε,
1732 1008 1909 1044 πορευθῶμεν

1111 1056 1140 1082 ὲν
1154 1055 1193 1090 τῷ
1204 1056 1274 1089 φωτὶ
1287 1055 1400 1090 Κυρίου.
1414 1064 1423 1080 ι
1447 1054 1612 1086 Ἀκολούθως
1627 1054 1715 1081 τοίνυν
1728 1055 1741 1080 ό
1754 1055 1907 1090 προφήτης,

1111 1101 1255 1134 διεξελθὼν
1274 1101 1329 1128 τῶν
1349 1091 1433 1127 ἐθνῶν
1455 1101 1505 1136 τὴν
1525 1100 1631 1135 κλῆσιν,
1650 1100 1697 1127 καὶ
1714 1101 1763 1136 τὴν
1781 1100 1908 1135 χυθεῖσαν

1112 1148 1152 1178 εἰς
1168 1147 1271 1178 πάντας
1282 1145 1443 1183 ἀνθρώπους
1459 1147 1581 1182 εἰρήνην,
1598 1146 1647 1182 τὴν
1661 1147 1700 1178 εἰς
1711 1147 1773 1178 τοὺς
1792 1147 1909 1179 οἰκείους

1111 1191 1277 1218 ἐνδείκνυται
1288 1191 1488 1226 φιλοστοργίαν,
1504 1191 1671 1226 παρακαλῶν
1685 1191 1730 1218 τὸν
1739 1191 1802 1218 λαὸν
1813 1192 1906 1225 αὐτοῦ,

1112 1236 1292 1268 ὑποδέξασθαι
1304 1236 1352 1272 τὴν
1365 1237 1431 1263 πᾶσι
1444 1238 1501 1268 τοῖς
1510 1236 1775 1272 ἕθνεσιδωρηθεῖσαν
1785 1237 1831 1263 τοῦ
1844 1237 1908 1272 Χρι-

1112 1281 1176 1308 στοῦ
1188 1282 1279 1316 χάριν,
1296 1282 1342 1307 καὶ
1358 1282 1388 1308 τὸ
1407 1281 1465 1316 φῶς
1481 1281 1512 1308 τὸ
1532 1282 1719 1316 εὐαγγελικόν.
1735 1282 1906 1316 Συγκαταλέ-

1111 1337 1154 1362 γει
1167 1328 1195 1355 δὲ
1211 1329 1326 1359 ἐκείνοις
1340 1329 1387 1355 καὶ
1400 1328 1507 1361 ἑαυτὸν,
1522 1329 1561 1360 εἰς
1575 1328 1731 1365 προτροπὴν
1747 1329 1794 1356 καὶ
1805 1324 1908 1366 παρόρ-

1113 1382 1196 1410 μησιν
1205 1373 1252 1401 τοῦ
1272 1374 1349 1406 λαοῦ,
1364 1373 1566 1410 παραινετικῶς
1580 1374 1745 1409 παρακαλῶν
1760 1374 1806 1401 τοῦ
1819 1375 1908 1409 φωτὸς

1111 1421 1214 1456 Κυρίου
1231 1420 1446 1456 μεταλαγχάνειν
1456 1429 1462 1436 ’
1476 1421 1534 1456 φῶς
1549 1421 1650 1457 Κυρίου
1666 1420 1807 1457 ὀνομάζων
1818 1421 1865 1447 τὸν
1875 1422 1907 1447 ἐκ

1111 1465 1180 1493 Σιὼν
1194 1466 1359 1502 προελθόντα
1369 1467 1451 1502 νόμον
1464 1467 1514 1502 τῆς
1523 1467 1626 1503 Καινῆς
1639 1467 1786 1503 Διαθήκης,
1799 1468 1846 1494 καὶ
1861 1466 1906 1498 τὸν

1111 1513 1245 1548 σωτήριον
1261 1513 1310 1540 καὶ
1324 1513 1502 1547 εὐαγγελικὺν
1515 1513 1605 1548 λόγον.

1149 1568 1159 1584 ε
1171 1559 1269 1594 Ἀνῆκε
1282 1559 1335 1595 γὰρ
1347 1559 1392 1586 τὸν
1403 1559 1465 1586 λαὸν
1477 1560 1569 1592 αὑτοῦ,
1584 1559 1629 1587 τὸν
1639 1557 1714 1586 οἷκον
1734 1559 1852 1596 Ἰσραήλ,
1864 1560 1906 1586 ὅτι

1110 1603 1231 1640 ἐπλήσθη
1249 1604 1286 1636 ὡς
1298 1605 1327 1631 τὸ
1341 1605 1388 1631 ἀπ’
1399 1605 1510 1641 ἀρχῆςή
1523 1606 1598 1642 χώρα
1606 1606 1695 1633 αὐτῶν
1709 1605 1905 1642 κληδονισμῶν,

1109 1651 1146 1683 ὡς
1162 1652 1178 1686 ὴ
1194 1650 1248 1677 τῶν
1267 1650 1434 1685 ἀλλοφύλων,
1453 1652 1501 1678 καὶ
1519 1652 1602 1679 τέκνα
1620 1652 1704 1678 πολλὰ
1726 1652 1862 1687 ἀλλόφυλα
1879 1653 1908 1679 ὲ-

1109 1695 1209 1732 γενήθη
1224 1696 1325 1728 αὐτοῖς.
1341 1706 1349 1722 ι
1367 1696 1416 1723 Διὰ
1431 1697 1457 1723 τί
1470 1697 1498 1723 δὲ
1513 1697 1594 1724 αὐτὸν
1605 1698 1715 1732 ἀνῆκεν,
1732 1697 1828 1733 ὥσπερ
1838 1698 1906 1724 ἀπο-

1109 1741 1272 1777 λογούμενος
1290 1742 1360 1781 ὑπερ
1373 1742 1421 1769 τοῦ
1446 1742 1525 1775 Θεοῦ,
1542 1743 1592 1775 τὰς
1607 1743 1696 1775 αἰτίας
1716 1737 1827 1778 τίθησιν¹
1841 1744 1906 1778 ἑξῆς

1109 1788 1258 1824 ὲπιφέρωνο
1278 1789 1355 1815 «Ὅτι
1366 1789 1519 1825 ἐνεπλήσθη
1535 1791 1552 1825 ἡ
1568 1790 1644 1825 χώρα
1657 1789 1747 1816 αὐτῶν
1763 1789 1801 1821 ὡς
1813 1790 1844 1816 τὸ
1857 1789 1905 1816 ἀπ’

1110 1833 1197 1870 ἀρχῆς
1212 1834 1410 1870 κλῃδονισμῶν,
1423 1846 1431 1861 ι
1461 1836 1508 1861 καὶ
1521 1836 1555 1862 τὰ
1568 1835 1630 1871 ἑξῆς
1643 1844 1649 1850 ·
1675 1836 1707 1862 δι’
1720 1832 1756 1862 ὧν
1771 1835 1906 1871 παρίστη-

1111 1887 1163 1912 σιν,
1175 1880 1215 1906 ὅτι
1228 1880 1265 1915 μὴ
1281 1880 1386 1914 ἀλόγως
1401 1881 1498 1912 αὐτοὺς
1510 1882 1621 1917 ἀνῆκεν.
1818 1882 1820 1884 ’

1148 1978 1157 1993 ι
1185 1969 1352 2006 Ἐνεπλήσθη
1378 1969 1433 2005 γὰρ
1451 1971 1467 2005 ἡ
1489 1970 1566 2005 χώρα
1587 1971 1678 1997 αὐτῶν
1704 1971 1837 2007 ἀργυρίου
1857 1972 1906 1999 καὶ

1110 2015 1232 2050 χρυσίου,
1250 2015 1297 2042 καὶ
1313 2016 1363 2042 οὐκ
1377 2013 1410 2051 ἦν
1429 2016 1546 2052 ἀριθμὸς
1562 2016 1616 2043 τῶν
1635 2017 1779 2053 θησαυρῶν
1796 2018 1902 2045 αὐτῶν·

1110 2061 1157 2087 καὶ
1173 2061 1324 2096 ἐνεπλήσθη
1343 2062 1359 2096 ή
1374 2062 1410 2096 γῆ
1426 2062 1527 2094 ἵππων,
1542 2064 1650 2090 καὶούκ
1667 2061 1701 2098 ἦν
1718 2064 1833 2099 ἀριθμός
1850 2065 1904 2090 τῶν

1111 2107 1241 2142 ἁρμάτων
1260 2107 1366 2134 αὐτῶν·
1385 2108 1432 2134 καὶ
1449 2108 1601 2145 ἐνεπλήσθη
1618 2111 1634 2146 ἡ
1652 2110 1689 2145 γῆ
1711 2110 1904 2145 βδελυγμᾴτων

1109 2151 1163 2177 τῶν
1192 2151 1279 2187 ἔργων
1301 2152 1355 2178 τῶν
1375 2153 1473 2188 χειρῶν
1498 2154 1604 2187 αὐτῶν⁷
1631 2156 1677 2181 καὶ
1695 2156 1904 2191 προσεκύνησαν

1109 2194 1151 2228 οἷς
1166 2197 1297 2233 ἐποίησαν
1313 2199 1337 2224 οἱ
1352 2198 1479 2225 δάκτυλοι
1498 2200 1604 2227 αὐτῶν·
1620 2201 1667 2227 καὶ
1683 2200 1782 2231 ἔκυψεν
1797 2201 1903 2237 ἄνθρω-

266 2245 427 2273 humiliatus
449 2249 492 2274 est
522 2245 572 2272 vir.
596 2254 605 2271 ι
635 2245 754 2278 Eorum,
781 2251 978 2279 quarumnam,
1006 2244 1056 2272 nisi

1111 2251 1171 2274 πος,
1192 2243 1240 2269 καὶ
1256 2243 1424 2279 ἐταπεινώθη
1450 2245 1529 2280 ἀνήρ.
1558 2255 1567 2271 ι
1587 2246 1672 2272 Τίνων
1690 2247 1789 2278 αὐτῶν,
1806 2247 1822 2281 ἢ
1849 2247 1904 2273 τῶν

265 2292 481 2327 alienigenarum
493 2291 675 2318 habitatorum
688 2291 734 2326 qui
752 2292 936 2318 adoraverunt
949 2298 981 2318 ea
997 2299 1058 2326 qua:

265 2337 391 2365 fecerunt
403 2337 479 2371 digiti
495 2337 607 2364 eorum?
629 2336 691 2364 Haec
702 2344 785 2371 porro
799 2337 890 2365 omnia
908 2342 1005 2373 gentes
1020 2338 1058 2365 si-

265 2383 397 2419 gnificant
416 2376 594 2419 alienigenas,
612 2391 673 2418 quin
697 2383 724 2411 in
745 2381 899 2411 Jerusalem
921 2388 949 2411 et
962 2384 992 2411 in
1008 2383 1056 2411 Ju-

267 2430 323 2456 daca
337 2429 500 2457 habitatum
516 2433 606 2456 erant.
630 2429 696 2462 Quae
716 2434 777 2464 post
799 2428 950 2457 Salvatoris
970 2429 1055 2457 nostri

266 2476 424 2507 adventum,
436 2479 463 2502 et
476 2479 536 2509 post
547 2474 677 2502 emissam
688 2473 774 2501 lucem
786 2474 983 2509 evangelicum,
995 2481 1056 2509 quae

268 2519 431 2548 illuminavit
450 2514 553 2547 omnes
584 2523 702 2554 gentes,
728 2519 861 2553 completa
886 2524 969 2547 sunt:
991 2520 1055 2554 quia

267 2566 429 2600 prophetam
455 2572 510 2592 non
530 2565 685 2597 audierunt,
711 2572 742 2592 se
769 2565 806 2592 ita
833 2565 1053 2600 compellantem,

268 2620 279 2636 ι
301 2611 405 2646 Venite,
423 2611 596 2640 ambulemus
613 2611 641 2640 in
657 2611 762 2640 lumine
781 2611 900 2639 Domini.
921 2621 931 2638 ι

302 2702 384 2731 Vitas.
402 2702 494 2730 i042.
511 2712 522 2730 ι
538 2703 572 2731 Ει
586 2711 638 2731 non
652 2703 787 2731 dimittam
803 2710 871 2731 eos:
887 2707 915 2731 et
936 2702 1056 2739 ingredi-

265 2749 332 2776 mini
350 2749 376 2776 in
404 2754 507 2784 petras,
530 2754 557 2777 et
577 2749 777 2778 abscondimini
794 2750 821 2776 in
848 2755 920 2777 terra
944 2756 960 2776 a
986 2748 1057 2776 facie

267 2794 375 2822 timoris
390 2794 495 2823 Bomlni
511 2799 539 2823 et
560 2803 575 2823 a
593 2795 679 2836 gloria
696 2794 869 2833 fortitudinis
884 2793 944 2836 eius
961 2803 968 2822 :
994 2801 1056 2822 cum

303 2867 325 2883 "
336 2865 413 2896 Joan.
427 2875 484 2900 xrv,
497 2867 542 2894 27.

1111 2288 1266 2324 ἀλλοφύλων
1283 2290 1432 2326 οἰκητόρων
1448 2291 1472 2317 οἳ
1485 2292 1537 2319 ,καὶ
1556 2292 1762 2328 προσεκύνησαν
1775 2290 1815 2324 οἷς
1830 2292 1904 2319 εποί-

1110 2342 1180 2369 ησαν
1197 2336 1220 2360 οἱ
1238 2334 1365 2361 δάκτυλοι
1391 2336 1496 2368 αὺτῶν;
1521 2336 1615 2362 Ταῦτα
1635 2337 1723 2363 πάντα
1746 2336 1904 2372 σημαντικὰ

1110 2380 1238 2415 τυγχάνει
1260 2380 1415 2415 ἀλλοφύλων
1435 2381 1529 2410 ὲθνῶνζ
1546 2382 1697 2418 μελλόντων
1716 2384 1799 2409 οίκεῐν
1817 2383 1903 2418 αὐτήν

1111 2433 1140 2451 τε
1157 2425 1205 2461 τὴν
1224 2426 1403 2462 Ἰερουσαλὴμ
1425 2427 1472 2453 καὶ
1486 2427 1535 2462 τὴν
1557 2427 1686 2455 Ἰουδαίαν
1702 2427 1803 2464 χώραν.
1825 2429 1857 2454 Ἀ
1870 2428 1902 2464 δὴ

1111 2471 1262 2507 ἐπληροῦτο
1284 2472 1355 2508 μετὰ
1371 2472 1421 2508 τὴν
1438 2472 1484 2500 τοῦ
1501 2473 1627 2509 Σωτῆρος
1642 2474 1720 2510 ἡμῶν
1741 2474 1906 2510 παρουσίαν,’

1111 2517 1158 2543 καὶ
1176 2517 1245 2552 μετὰ
1261 2517 1307 2544 τὸν
1327 2517 1406 2552 λόγον
1421 2519 1467 2545 τὸν
1490 2516 1645 2553 φωτίσαντα
1663 2519 1751 2546 πάντα
1767 2520 1802 2546 τὰ
1818 2519 1882 2555 ἔθνη
1894 2529 1900 2535 ·

1110 2564 1203 2600 ἐπειδὴ
1224 2564 1261 2600 μὴ
1284 2565 1443 2600 ὑπήκουσαν
1458 2566 1505 2592 τοῦ
1531 2566 1696 2602 κεκληκότος
1717 2567 1815 2597 αὐτοὺς
1833 2574 1902 2600 προ-

1110 2610 1210 2645 φήτουο
1228 2619 1237 2636 ι
1259 2610 1342 2637 Δεῦτε
1365 2611 1412 2637 καὶ
1436 2611 1614 2647 πορευθῶμεν
1636 2613 1664 2639 ὲν
1689 2611 1729 2647 τῷ
1750 2612 1820 2647 φωτὶ
1845 2613 1902 2638 Κυ-

1112 2656 1181 2691 ρίου.
1199 2665 1209 2682 ι
1894 2687 1898 2690 ,

1151 2711 1160 2727 ε
1179 2702 1233 2729 Καὶ
1249 2702 1280 2729 οὐ
1297 2703 1335 2739 μή
1354 2703 1446 2738 ἀνήσω
1468 2703 1583 2736 αὐτοὺς,
1599 2705 1646 2732 καὶ
1662 2704 1848 2731 συπισὲλθετε
1862 2705 1902 2736 εἰς

1110 2746 1160 2779 τὰς
1177 2747 1290 2783 πέτρας,
1306 2749 1354 2775 καὶ
1370 2747 1524 2784 κρύπτεσθε
1539 2751 1579 2782 εἰς
1594 2751 1644 2785 τὴν
1658 2750 1709 2785 γῆν
1723 2751 1777 2779 ἀπὸ
1792 2749 1902 2785 προσώ-

1112 2801 1163 2820 που
1179 2793 1226 2821 τοῦ
1239 2794 1321 2829 φύσου
1336 2795 1452 2830 Κυρίου,
1467 2796 1513 2823 καὶ
1527 2796 1580 2823 ἀπὸ
1593 2797 1642 2832 τῆς
1655 2796 1735 2833 δόξης
1749 2797 1798 2834 τῆς
1811 2795 1902 2833 ἰσχύος
