2059 3215
145 179 198 206 105

633 172 882 202 ΟΟΜΜΕΝΤΔΒΙᾹ
904 172 937 199 ΙΝ
957 171 1087 199 ISAIAM.
1107 187 1140 192 —
1158 171 1237 200 CAP.
1259 171 1289 198 Ii.

1731 173 1784 200 1th

144 224 241 257 αὐτοῦ,
256 225 321 251 ὅταν
334 224 436 258 ἀναστῇ
449 222 565 258 θραῦσαι
582 222 632 257 τὴν
653 223 715 258 γῆν.
735 222 766 248 Ol
782 221 836 256 γὰρ
847 220 944 255 ὀφθαλ-

1004 221 1150 248 turrcxerit
1167 221 1200 247 ad
1214 220 1407 247 conterendam
1423 224 1536 248 terram.
1553 219 1619 247 Nam
1637 221 1707 248 oculi
1730 221 1783 248 Do-

145 269 193 305 μοὶ
209 268 311 305 Κυρίου
325 268 432 303 ὑψηλοὶ,
447 269 462 293 ὁ
474 266 502 293 δὲ
519 267 661 302 ἄνθρωπος
675 266 812 297 ταπεινός.
830 266 883 292 Καὶ
895 274 943 292 τα·

145 314 346 350 πεινωθήσεται
363 313 393 339 τὸ
409 312 475 347 ὕψος
491 312 545 339 τῶν
559 311 722 348 ἀνθρώπων,
735 312 781 338 καὶ
799 311 942 347 semotas:-

144 370 190 388 ται
210 360 312 396 Κύριος
335 359 415 394 μόνος
438 359 466 384 ὲν
481 359 515 394 τῇ
537 358 629 394 ἡμέρᾳ
644 359 751 393 ἐκείνῃ·
778 357 868 394 ἡμέρα
888 357 943 392 γὰρ

146 408 249 443 Κυρίου
264 406 379 434 Σαὸαὼθ
394 405 439 432 ἐπὶ
455 405 542 432 πάντα
554 405 684 440 ὑϐριστὴν
696 404 743 431 καὶ
756 404 941 440 ὑπερήξανον,

147 454 196 480 καὶ
212 453 258 479 ἐπὶ
276 453 364 479 πάντα
381 451 481 486 ὑψηλὸν
506 451 553 477 καὶ
571 451 723 486 μετέωρον,
742 451 790 476 καὶ
809 459 943 476 ταπεινω-

146 501 290 536 θήσονται·
313 510 322 525 υ
340 499 409 534 ὅπερ
425 498 544 534 ἠγοῦμαι
560 498 622 534 περὶ
638 498 687 533 τῆς
703 497 808 533 ἡμέρας
821 497 870 533 τῆς
885 497 944 533 κρί-

148 553 218 577 σεως
233 544 376 579 λέγεσθαι·
393 543 434 570 διὸ
449 544 478 570 οὺ
497 543 560 578 περὶ
577 543 665 579 μόνων
685 542 817 569 Ἰουδαίων
831 543 845 569 ὁ
865 542 944 576 λόγος

146 591 182 618 τὰ
197 590 319 628 παρόντα
334 589 467 622 Θεσπίζει,
483 589 634 621 καθολικῶς
648 589 676 615 δὲ
691 589 755 624 περὶ
769 588 882 619 πάντων,
890 588 944 614 τῶν

147 637 258 663 τοιῶνδε
276 636 438 672 ἀνθρώπων.
457 636 652 671 Προαναφωνεῖ
670 635 760 662 τοίνυν
784 634 944 670 καθαίρεσιν

148 683 260 710 ἔσεσθαι
275 683 324 718 τῆς
342 684 372 709 ὲν
394 681 549 717 ἀνθρώποις
565 681 785 717 εἰδωλολατρεὶας
795 690 801 696 ·
822 682 901 716 μόνον
917 681 944 708 δὲ

148 729 227 765 παρὰ
247 731 303 761 τοῖς
327 729 409 755 πᾶσιν
431 727 585 764 ἀνθρώποις
608 727 739 763 ὑιζιοῦσθαι
763 727 810 754 τὸν
832 727 944 762 Κύριον,

150 775 252 807 παντὸς
272 774 420 810 ὑψώματος
443 773 624 810 ἐπαιρομένου
644 773 714 799 κατὰ
742 773 791 808 τῆς
819 773 946 807 γνώσεως

147 822 198 849 τοῦ
214 822 282 849 Θεοῦ
291 842 299 854 ,
313 821 538 856 ταπεινουμένου.

189 879 200 896 t
217 869 273 896 Καὶ
288 869 334 895 ἐπὶ
349 869 440 895 πᾶσαν
455 866 549 902 κέδρον
566 866 612 893 τοῦ
632 866 748 893 Λιϐάνου
761 866 814 892 τῶν
835 865 944 900 ὑῂλῶν

150 915 200 942 καὶ
217 914 376 950 μετεώρων,
394 914 441 940 καὶ
459 912 505 939 ἐπὶ
521 913 575 939 πᾶν
590 911 697 947 δένδρον
715 911 827 946 βαλάνου
842 911 942 942 Βασὰν,

151 962 199 988 καὶ
224 961 271 988 ἐπὶ
292 961 345 988 πᾶν
368 959 467 994 ὑψηλὸν
489 958 563 994 ὅρος,
589 959 636 985 καὶ
663 957 710 984 ἐπὶ
735 957 823 984 πάντα
851 956 943 992 βουνδν

154 1007 265 1043 misy,
280 1007 326 1034 καὶ
345 1006 392 1033 ἐπὶ
411 1005 499 1032 πάντα
516 1004 621 1040 πύργον
637 1003 747 1039 ὑψηλὸν,
763 1003 810 1029 καὶ¹
828 1002 874 1028 ἐπὶ
891 1003 946 1028 πᾶν

155 1056 243 1089 τεῖχος
269 1053 380 1088 ὑψηλὸν,
403 1052 450 1079 καὶ
475 1052 521 1078 ἐπὶ
538 1052 592 1078 πᾶν
618 1050 710 1077 πλοῖον
732 1049 880 1083 Θαλάσσης,
899 1048 946 1075 καὶ

158 1100 204 1126 ἐπὶ
220 1100 310 1126 πᾶσαν
329 1098 392 1124 θέαν
411 1097 509 1124 πλοίων
525 1097 640 1128 κάλλους
651 1105 657 1111 ·
675 1095 722 1122 καὶ
743 1094 946 1129 ταπεινωθήσε-

158 1155 203 1172 ται
220 1146 273 1177 πᾶς
288 1145 437 1180 ἄνθρωπος,
461 1145 508 1171 καὶ
528 1145 652 1170 πεσεῖται
675 1143 753 1178 ὖερις
771 1142 825 1168 τῶν
842 1140 947 1176 ἀνθρώ-

159 1200 226 1217 πων.
250 1200 259 1216 ι
284 1189 420 1216 Ἐπιϐαλῶ
434 1190 476 1216 ἐπ’
493 1189 592 1221 αὐτοὺς
609 1188 639 1214 τὸ
655 1187 760 1214 δίκτυόν
780 1195 843 1221 μου,
859 1185 949 1217 καθὼς

156 1237 189 1262 τὰ
203 1235 315 1262 πετεινὰ
328 1235 374 1262 τοῦ
388 1233 504 1270 ούρανοῦ
519 1233 628 1266 κατάξω
645 1233 752 1264 αὐτούς.
767 1231 844 1267 Τάχα
858 1231 887 1258 δὲ
903 1231 950 1257 καὶ

156 1282 226 1309 κατὰ
245 1281 294 1317 τὴν
318 1281 548 1317 προσδοκωμένην
571 1280 618 1306 τοῦ
643 1279 746 1315 Κυρίου
771 1278 878 1314 ἡμέραν
900 1277 950 1312 τῆς

156 1326 283 1362 κρίσεως,
295 1326 344 1361 τὴν
356 1325 412 1351 τῶν
425 1325 554 1351 τοιούτων
567 1325 677 1351 πάντων
689 1324 828 1351 ἀπώλειαν
841 1323 950 1350 ἔσεσθαι

157 1370 324 1407 προφητεύει
334 1379 342 1385 -
355 1366 407 1396 ὦδὲ
422 1378 479 1400 πως
501 1369 673 1404 αἰνιξάμενος
688 1368 951 1403 ὲτιικεκαλυμμένως

155 1418 219 1450 τοὺς
229 1416 397 1452 κρατοῦντας
407 1416 454 1443 τοῦ
465 1415 563 1447 αἰῶνος
571 1414 676 1447 τούτου,
683 1415 732 1441 καὶ
745 1415 779 1441 τὰ
790 1414 855 1449 ὕψη,
865 1413 953 1440 καὶτὰ

156 1462 310 1498 ἀξιώματα,
317 1462 366 1495 τάς
374 1462 496 1499 τεὰρχας
505 1461 607 1493 καὶτὰς
616 1460 749 1493 ἐξουσίας,
757 1460 802 1487 καὶ
811 1460 873 1491 τοὺς
879 1461 907 1486 ὲν
915 1459 954 1494 τῷ

156 1509 209 1545 βίῳ
221 1508 447 1545 κοσμοκράτορας
459 1508 522 1540 τοὺς
536 1507 582 1534 τδν
597 1506 663 1533 Θεὸν
679 1506 717 1542 μὴ
729 1506 929 1541 ὲπεγνωκότας.

198 1564 207 1580 t
239 1555 293 1581 Καὶ
317 1554 490 1589 ὑψωθήσεται
516 1552 618 1588 Κύριος
644 1552 724 1588 μόνος
748 1552 777 1578 ὲν
801 1553 834 1587 τῇ
862 1551 954 1587 ἡμέρᾳ.

154 1601 262 1637 ἐκείνῃ,
286 1601 332 1628 καὶ
353 1600 387 1627 τὰ
404 1600 582 1635 χειροποίητα
609 1599 698 1625 πάντα
719 1597 951 1634 κατακρύψουσιν,

155 1647 364 1681 εἰσενέγκαντες
380 1648 420 1675 εἰς
444 1645 477 1672 τὰ
502 1645 620 1680 σπήλαια
643 1644 690 1671 καὶ
707 1645 746 1675 είς
767 1643 816 1675 τὰς
835 1643 953 1678 σχισμὰς

156 1695 214 1721 τῶν
226 1693 344 1729 πετρῶν,
353 1693 400 1719 καὶ
410 1693 450 1724 εἰς
464 1692 513 1724 τὰς
521 1691 646 1728 τρώγλας
656 1691 705 1725 τῆς
718 1690 780 1726 γῆς,
797 1689 852 1716 ἀτιὺ
867 1697 953 1726 προσ-

155 1740 236 1767 ώπου
257 1739 304 1766 τοῦ
343 1739 426 1774 φόϐου
445 1739 559 1773 Κυρίου,
576 1738 623 1765 καὶ
647 1737 702 1763 ἀπὸ
723 1736 772 1772 τῆς
796 1736 876 1771 δόξης
904 1735 954 1770 τῆς

158 1787 254 1822 ἰσχύος
270 1785 364 1817 αὐτοῦ,
382 1786 446 1812 ὅταν
459 1785 562 1820 ἀναστῇ
575 1782 691 1818 θραῦσαι
703 1782 753 1817 τὴν
767 1782 827 1816 γῆν.
845 1791 854 1806 ι
875 1780 955 1807 Ἀλλὰ

157 1835 210 1861 καὶ
228 1835 253 1860 οἱ
272 1833 389 1864 ἀσεϐεῖς.
409 1832 459 1867 τῆς
474 1831 522 1858 τοῦ
538 1831 641 1867 Κυρίου
663 1829 813 1864 ἐπιστάσης
833 1827 952 1863 ἡμέρας,

159 1880 212 1911 τὰς
226 1878 305 1911 δόξας
317 1878 416 1910 αὐτῶν,
430 1878 463 1909 ἃς
478 1876 548 1913 εἶχον
562 1877 694 1912 πρότερον
711 1876 739 1902 ὲν
752 1876 785 1910 τῇ
800 1873 873 1910 ψυχῇ
891 1882 923 1900 πε
928 1873 955 1908 ρὶ

158 1928 214 1962 τῆς
239 1925 369 1952 πολυθέου
392 1924 506 1960 πλάνης,
526 1921 748 1958 κατακρύψουσιν
763 1922 791 1946 ὲν
807 1922 868 1952 ταῖς
883 1920 956 1955 διερ-

159 1973 298 2008 ρωγυίαις
311 1971 400 1999 αὐτῶν
415 1970 554 2001 διανοίαις,
571 1968 716 1995 ἐκϐαλοῦσε
737 1975 766 1993 τε
781 1967 828 1993 καὶ
839 1966 955 2002 ἁπορῤί-

157 2021 245 2055 ψουσι
263 2017 310 2045 τοῦ
335 2017 441 2044 ἑαυτῶν
457 2016 589 2052 λογισμοῦ
614 2015 703 2042 πᾶσαν
724 2014 771 2049 τὴν
788 2013 873 2048 ψευδῆ
893 2013 957 2048 περὶ

158 2065 218 2092 τῶν
233 2064 349 2091 εἰδώλων
370 2063 512 2099 ὑπόληψιν.

201 2120 212 2136 α
230 2110 270 2145 Τῇ
284 2110 338 2144 γὰρ
351 2108 443 2144 ἡμέρα
457 2108 550 2144 ἐκείνῃ
570 2107 679 2134 ἐκϐαλεῖ
692 2106 835 2141 ἄνθρωπος
852 2105 887 2132 τὰ
901 2104 957 2140 βδε-

160 2157 290 2191 λύγματα
307 2155 390 2182 αὑτοῦ
408 2154 442 2182 τὰ
455 2155 564 2190 ἀργυρᾶ
583 2154 630 2180 καὶ
645 2153 679 2180 τὰ
701 2154 799 2189 χρυσᾶ,
814 2152 831 2179 ἃ
846 2152 956 2187 ἐποίησε

162 2203 328 2237 προσκυνεῖν
354 2200 410 2232 τοῖς
438 2200 560 2235 ματαίοις
582 2200 628 2227 καὶ
652 2199 713 2230 ταῖς
738 2197 889 2233 νυκτερίσι,
909 2197 956 2223 τοῦ

966 1574 988 1603 C

995 267 1063 294 mini
1081 267 1222 300 sublimes,
1240 267 1320 294 homo
1334 271 1424 294 autem
1440 267 1562 295 humilis.
1577 267 1611 294 Et
1627 269 1783 296 humiliabi-

995 317 1040 340 tur
1058 313 1174 340 altitudo
1190 312 1342 345 hominum,
1361 317 1389 340 et
1403 313 1572 340 exaltabitur
1592 313 1722 341 Dominus
1740 323 1783 340 sn-

995 359 1036 386 lus
1055 359 1082 386 in
1102 358 1146 386 die
1163 358 1225 386 illa:
1248 359 1306 386 dies
1330 359 1402 387 enim
1430 359 1537 386 Domini
1555 359 1677 387 Sabaoth
1702 367 1784 394 super

993 413 1102 433 omnem
1117 404 1345 433 contumeliosum
1363 409 1391 432 et
1405 405 1562 440 superbum,
1584 411 1611 432 et
1630 413 1711 440 super
1726 414 1785 432 om-

996 460 1057 479 nem
1080 451 1218 479 excelsnm
1238 455 1266 478 et
1285 450 1448 483 sublimem,
1475 455 1500 478 et
1523 451 1750 479 humiliabuntur.
1773 461 1781 476 ι

995 497 1060 532 Qua:
1073 502 1139 533 puto
1154 497 1187 524 de
1200 497 1244 524 die
1257 497 1353 532 judicii
1366 497 1472 531 prolata
1489 497 1583 526 fuisse.
1600 498 1784 532 Quamobrem

996 552 1049 572 non
1071 545 1105 572 de
1128 543 1230 571 Iudaeis
1249 547 1352 570 tantum
1370 544 1427 572 haec
1456 544 1632 575 vaticinatur,
1656 545 1702 570 scd
1722 544 1786 571 nni-

995 591 1096 618 versim
1113 591 1146 618 de
1158 591 1287 619 omnibus
1302 590 1455 624 huiusmodi
1474 590 1639 618 hominibus.
1657 590 1787 617 Pracnun-

998 637 1046 663 tiat
1074 632 1166 671 itaque
1191 637 1366 663 evertendam
1385 643 1446 664 esse
1465 637 1535 671 apud
1552 637 1677 664 homines
1700 636 1786 663 idolo-

998 682 1115 714 latriam,
1134 682 1277 717 solttmque
1295 682 1320 709 in
1340 683 1494 709 hominibus
1509 682 1683 709 exaltandum
1700 681 1787 708 Domi-

998 735 1061 754 nutn
1076 735 1147 759 esse,
1172 728 1299 762 depressa
1311 729 1384 754 tttnni
1409 732 1506 754 contra
1534 728 1580 755 Dei
1606 729 1787 763 cognitionem

997 774 1156 809 insurgente
1173 774 1344 802 celsitudine.

1036 866 1118 894 Vsus.
1134 867 1230 894 13-17.
1251 876 1261 892 ε
1276 867 1309 894 Ει
1320 875 1400 902 super
1409 875 1504 895 onmes
1518 870 1614 894 cedros
1628 867 1725 895 Libani
1743 876 1790 894 ex-

1000 914 1089 942 celsas
1106 918 1134 941 et
1150 913 1291 946 sublimes,
1308 919 1336 941 et
1359 921 1441 948 super
1457 921 1566 941 omnem
1585 921 1716 948 quercum
1738 913 1790 940 Ba-

999 967 1061 991 Sﬂn,
1081 964 1108 987 et
1123 967 1207 994 sttper
1221 967 1329 986 omnem
1349 965 1470 987 utentem
1491 959 1641 994 excelsum,
1660 965 1687 987 et
1709 968 1790 995 super

999 1014 1110 1034 omnem
1130 1006 1228 1033 collem
1242 1006 1392 1039 excelsum,
1411 1011 1438 1034 et
1455 1014 1538 1041 super
1560 1014 1670 1034 omnem
1693 1007 1790 1033 turrim

1000 1051 1155 1085 sublimem,
1168 1056 1197 1079 et
1221 1059 1304 1087 super
1323 1059 1436 1079 omnem
1458 1060 1564 1079 murum
1589 1053 1746 1084 excelsum.
1763 1059 1791 1079 et

1000 1105 1081 1132 super
1105 1106 1213 1125 onmem
1242 1105 1338 1125 navem
1368 1099 1473 1131 maris,
1511 1103 1539 1125 et
1569 1106 1653 1134 super
1682 1107 1790 1125 onmem

1001 1149 1140 1178 aspectum
1161 1144 1368 1179 pulchritudinis
1392 1145 1500 1171 navium
1521 1151 1530 1171 :
1553 1149 1582 1171 et
1605 1145 1792 1171 humiliahitur

1001 1190 1091 1216 omnis
1108 1190 1200 1221 homo,
1220 1195 1248 1216 et
1266 1190 1346 1216 cadet
1362 1189 1477 1216 altitudo
1492 1189 1622 1216 virorum.
1641 1198 1650 1215 ι
1670 1189 1792 1224 lnjiciam

1002 1235 1029 1263 in
1049 1243 1097 1263 eos
1119 1240 1176 1263 rete
1191 1243 1293 1267 meum,
1316 1236 1443 1270 ipsosque
1467 1235 1555 1262 instar
1573 1234 1712 1262 volucrum
1730 1235 1793 1261 mali

1002 1282 1155 1309 detraham.
1172 1281 1300 1308 Fortasse
1315 1290 1381 1309 vero
1396 1282 1517 1309 omnium
1532 1282 1681 1317 perniciem
1698 1282 1725 1309 in
1747 1280 1792 1308 illa

1003 1333 1159 1363 exspectata
1192 1328 1299 1356 Domini
1324 1329 1368 1355 die
1400 1328 1458 1356 fore
1487 1329 1667 1361 vaticinatur,
1696 1329 1794 1364 hisque

1002 1374 1120 1402 obscure
1138 1374 1296 1402 subindicat
1317 1376 1454 1409 principes
1477 1375 1558 1410 hujus
1581 1375 1693 1408 saeculi.
1713 1374 1795 1402 celsi-

1005 1419 1123 1451 tudines,
1139 1419 1296 1453 dignitates,
1314 1420 1484 1455 principatus
1509 1424 1537 1447 et
1561 1425 1723 1456 potestates,
1741 1420 1795 1447 hu—

1001 1465 1100 1501 jusque
1121 1466 1213 1493 tnundi
1232 1472 1372 1498 rectores.
1397 1467 1442 1501 qui
1461 1466 1545 1494 Deum
1569 1475 1622 1494 non
1648 1471 1794 1495 noverunt.

1043 1558 1124 1586 Vsus.
1144 1558 1243 1591 18,19.
1262 1568 1271 1584 ε
1290 1558 1324 1586 Ει
1340 1558 1505 1586 exaltabitur
1521 1558 1653 1586 Dominus
1669 1558 1744 1586 solus
1768 1557 1795 1586 in

1005 1604 1050 1631 die
1067 1605 1122 1637 illa,
1144 1609 1171 1632 et
1185 1605 1275 1632 omnia
1291 1605 1446 1631 manufaeta
1469 1604 1653 1635 abscondent,
1677 1604 1795 1632 infcren~

1006 1655 1047 1678 les
1069 1650 1096 1678 in
1117 1651 1262 1686 speluncas
1287 1655 1315 1678 et
1336 1650 1362 1677 in
1383 1650 1520 1678 scissuras
1544 1656 1700 1685 petrarum,
1718 1655 1746 1678 et
1768 1651 1796 1677 in

1004 1697 1139 1724 foramina
1162 1702 1253 1729 terrae,
1271 1705 1285 1724 a
1308 1697 1376 1725 facie
1398 1698 1503 1725 timoris
1520 1698 1643 1730 Domini,
1662 1703 1689 1724 et
1710 1705 1724 1724 a
1741 1697 1798 1732 glo-

1005 1743 1045 1770 ria
1063 1743 1174 1771 virtutis
1190 1743 1271 1778 ejus:
1290 1752 1352 1771 cum
1370 1744 1524 1772 surrexerit
1542 1744 1575 1771 ad
1593 1744 1796 1778 percutiendum

1007 1792 1118 1815 terram.
1140 1797 1149 1814 ι
1176 1788 1246 1822 Quin
1269 1790 1350 1816 etiam
1378 1789 1470 1824 impii,
1495 1789 1657 1816 adveniente
1690 1789 1798 1816 Domini

1007 1835 1061 1867 die,
1079 1836 1221 1871 opiniones
1238 1844 1314 1868 suas.
1329 1844 1399 1871 quas
1415 1836 1486 1864 circa
1507 1836 1669 1872 pluralitatis
1685 1837 1798 1863 deorum

1006 1890 1129 1910 errorem
1149 1888 1240 1910 mente
1254 1882 1329 1917 prius
1350 1883 1499 1914 tenebant,
1522 1882 1549 1909 iu
1574 1881 1696 1908 discissis
1711 1886 1738 1908 et
1758 1881 1799 1908 di-

1008 1929 1096 1964 ruptis
1119 1929 1258 1956 mentibus
1280 1929 1336 1955 suis
1362 1927 1557 1960 occultabunt,
1584 1933 1666 1961 atque
1689 1935 1797 1953 omnem

1008 1975 1164 2002 mendacem
1182 1974 1216 2002 de
1238 1973 1318 2002 idolis
1333 1973 1487 2009 opinionem
1510 1973 1692 2000 eliminnbmit
1709 1979 1735 2000 ct
1751 1973 1798 1999 ab-

1004 2021 1105 2055 jicient
1123 2028 1156 2048 ex
1173 2020 1340 2055 cogitatione
1354 2028 1414 2047 sua.

1037 2107 1119 2135 Vsus.
1131 2107 1229 2134 20-22.
1242 2117 1250 2134 ι
1264 2107 1331 2134 Nam
1347 2108 1373 2135 in
1383 2107 1426 2136 die
1439 2107 1484 2135 illa
1497 2107 1588 2142 ejiciet
1602 2107 1683 2134 homo
1697 2107 1801 2134 abomi—

1010 2155 1134 2182 nationes
1160 2162 1223 2182 suas
1248 2159 1392 2190 argenteas
1412 2159 1439 2181 et
1459 2162 1567 2186 aureas,
1581 2161 1649 2189 quas
1676 2153 1750 2184 fecit,
1771 2158 1802 2179 ut

1009 2201 1139 2228 adoraret
1154 2209 1223 2228 vana
1239 2206 1267 2228 et
1288 2201 1511 2236 vespertiliones,
1529 2205 1558 2228 ut
1583 2199 1750 2236 ingrediatur
1774 2201 1800 2226 in

161 2247 297 2274 εἰσελθεῖν
313 2248 354 2278 εἰς
373 2246 423 2278 τὰς
441 2245 566 2282 τρώγλας
583 2245 631 2280 τῆς
658 2245 771 2280 στερεᾶς
789 2243 892 2279 πέτρας
910 2243 951 2269 καπ

1012 2247 1143 2274 foramina
1165 2248 1239 2275 durae
1258 2252 1343 2279 petra:
1358 2251 1386 2274 et
1403 2247 1538 2274 scissuras
1555 2251 1707 2282 petrarum,
1724 2254 1737 2272 a
1760 2245 1800 2272 fa-

163 2294 216 2325 τὰς
231 2293 349 2328 σχισμὰς
367 2292 422 2319 τῶν
438 2291 545 2328 πετρῶν
563 2291 618 2318 ἀπὸ
635 2290 782 2327 προσώπου
803 2289 850 2316 τοῦ
876 2288 958 2323 φόϐου

165 2339 271 2372 Κυρίου
291 2339 336 2365 καὶ
351 2338 404 2364 ἀπὸ
428 2338 478 2373 τῆς
497 2336 577 2372 δόξης
599 2336 648 2372 τῆς
669 2336 759 2371 ἰσχύος
782 2335 876 2366 αὐτοῦ,
897 2335 959 2361 ὅταν

165 2387 273 2420 ἀναστῇ
299 2385 413 2421 θραῦσαι
439 2385 489 2420 τὴν
511 2385 573 2420 γῆν.
598 2394 605 2409 ι
633 2383 885 2419 Είόωλολατρούσης
910 2383 960 2416 τῆς

173 2433 363 2468 Ἰερουσαλὴμ,
388 2432 486 2467 μᾶλλον
508 2431 537 2457 δὲ
561 2431 669 2464 ἁπάσης
690 2429 891 2465 πεπυρωμένης
911 2427 960 2462 τῆς

177 2479 316 2510 Ἰουδαίας,
331 2480 468 2514 ωτεχείτο
486 2478 586 2513 τρόπον
599 2476 659 2502 τινὰ
672 2475 721 2510 τῆς
738 2475 868 2506 Ἰουδαίας
878 2476 893 2501 ὁ
908 2474 961 2500 Βα-

167 2525 311 2553 ϐυλωνίων
331 2524 445 2559 πόλεμος
455 2533 461 2539 ι
477 2524 513 2556 οἳ,
530 2524 620 2550 πᾶσαν
641 2520 879 2558 καταδτμῦσαντες,
895 2520 962 2546 ἁπε-

168 2573 283 2601 κτόνασι
308 2571 356 2606 μὲν
378 2571 439 2601 τοὺς
459 2569 710 2605 κατειλημμένους·
737 2567 836 2602 γύναια
862 2567 890 2592 δὲ
915 2566 963 2592 καὶ

170 2619 268 2650 παῖδας
292 2615 465 2650 ἀπεκόμισαν
484 2616 522 2647 εἱς
544 2615 594 2651 τὴν
611 2613 716 2641 ἑαυτῶν
737 2613 798 2648 γῆν.
820 2611 893 2646 Πλὴν
913 2611 963 2646 τῆς

169 2664 267 2699 ἐφόδου
279 2661 544 2699 προαπηγγελμένης
557 2661 605 2688 καὶ
620 2659 770 2695 μελλούσης
787 2657 907 2690 ἔσεσθαι,
924 2665 964 2684 το-

171 2711 268 2738 σοῦτον
283 2712 338 2742 τοῖς
354 2707 491 2738 Ἰουδαίοις
507 2706 601 2740 γέγονε
616 2706 708 2741 δεῖμα,
725 2705 773 2732 καὶ
788 2703 908 2738 ἀγωνίας
924 2703 965 2733 εἰς

171 2757 253 2784 τοῦτο
270 2755 461 2785 πεπτώκασιν,
480 2753 517 2784 ὼς
543 2753 570 2778 ὲν
592 2752 735 2788 σπηλαίοις
758 2751 806 2778 xui.
827 2751 888 2781 ταῖς
911 2749 965 2776 τῶν

159 2798 245 2838 *ὀρῶν
266 2803 387 2838 ῥωγμαῖς
405 2798 656 2834 κατακρύπτεσθαι,
671 2798 716 2825 καὶ
734 2797 834 2827 τόπους
848 2795 965 2827 ἀϐάτους

175 2849 406 2886 καταλαμϐάνειν,
418 2847 527 2882 ἁπάσης
538 2846 627 2872 αὐτῶν
638 2845 784 2880 ἁτονούσης
795 2843 884 2879 χειρὸς
897 2842 965 2877 πρὸς

176 2896 225 2931 τὴν
242 2894 295 2920 τῶν
315 2893 446 2919 ἐπιόντων
463 2890 631 2917 ἀντίστασιν.

296 2940 430 2970 l’trnot.
450 2937 508 2967 (Ξκ-
527 2936 641 2967 XXIV.

1011 2294 1052 2321 cie
1077 2293 1183 2321 timoris
1206 2293 1312 2320 Domini
1340 2298 1368 2320 et
1391 2301 1405 2320 α
1430 2293 1515 2328 gloria
1540 2293 1708 2320 fortitudinis
1731 2292 1800 2327 ejus.

1011 2349 1072 2367 eum
1089 2340 1240 2367 surrexerit
1257 2340 1290 2366 ad
1305 2341 1500 2367 conterendam
1515 2343 1631 2366 terram.
1650 2349 1659 2365 I
1677 2339 1743 2366 Dum
1757 2337 1803 2366 ,Ιο-

1012 2386 1131 2413 rusalem
1148 2386 1218 2412 idola
1234 2385 1353 2416 coleret.
1370 2384 1424 2412 imo
1441 2385 1532 2419 potius
1551 2392 1613 2411 cum
1636 2389 1691 2412 tota
1708 2383 1800 2411 Iudaea

1014 2435 1219 2466 incenderetur,
1240 2433 1266 2459 in
1280 2432 1372 2459 Iudaea
1393 2432 1520 2460 dilfusum
1542 2431 1744 2466 quodammodo
1760 2435 1803 2456 est

1013 2480 1223 2515 Babyloniorum
1240 2479 1338 2505 bellmn
1353 2488 1359 2505 :
1376 2478 1434 2512 qui,
1449 2478 1493 2504 illa
1508 2478 1616 2512 penitus
1631 2481 1746 2507 vastata,
1761 2482 1804 2502 ca-

1014 2532 1075 2562 ptos
1095 2527 1167 2554 viros
1189 2526 1404 2557 interfecerunt;
1427 2524 1555 2551 mulieres
1572 2531 1636 2549 vero
1655 2528 1682 2549 et
1705 2529 1804 2556 pueros

1015 2574 1041 2600 in
1057 2578 1158 2600 terram
1176 2580 1252 2599 suam
1278 2571 1485 2598 transtulerunt.
1506 2569 1641 2597 Cmterum
1661 2574 1721 2593 cutn
1741 2566 1805 2594 talis

1015 2619 1132 2654 irruptio
1156 2617 1338 2653 praenuntiata
1360 2616 1456 2644 fuisset
1473 2621 1500 2643 et
1519 2615 1608 2641 futura
1624 2616 1706 2642 esset.
1729 2616 1805 2638 tanto

1014 2663 1098 2691 Judazi
1115 2669 1190 2692 metu
1208 2662 1347 2698 perterriti
1367 2666 1440 2692 sunt.
1456 2666 1484 2688 et
1505 2661 1532 2687 in
1549 2663 1639 2685 tantas
1667 2658 1806 2692 angustius

1017 2710 1132 2742 redacti.
1159 2715 1186 2736 ut
1208 2709 1234 2736 in
1255 2707 1391 2744 speluncis
1419 2711 1447 2733 et
1475 2706 1501 2732 in
1523 2703 1654 2730 montium
1676 2703 1805 2730 scissuris

1016 2764 1077 2784 sese
1094 2755 1275 2788 occultarent,
1296 2760 1323 2782 et
1339 2752 1410 2780 invia
1429 2752 1486 2778 loca
1506 2754 1644 2784 peterent,
1668 2757 1730 2777 eum
1749 2756 1806 2776 ma-

1018 2810 1069 2830 nus
1093 2810 1187 2830 eorum
1210 2801 1242 2829 ad
1267 2800 1454 2828 obsistendum
1477 2797 1668 2826 invadentibus
1693 2803 1806 2831 prorsus

1017 2847 1120 2876 debiles
1131 2854 1208 2874 essen
1213 2851 1232 2873 t.
1752 2867 1766 2884 χ

1636 2925 1657 2955 Is
