2059 3215
292 166 342 192 {S7

597 233 711 261 CAPUT
729 233 772 260 ll].

328 280 410 309 Vsus.
434 278 493 306 1-2.
512 288 520 305 ι
539 277 608 305 Ecce
631 277 761 305 Dominus
788 277 908 304 Sabaoth
937 270 1050 303 anferet'
1064 282 1078 302 a

291 326 382 353 .ludzea
397 330 424 352 et
442 333 456 353 a
474 324 638 356 Jerusalem,
661 324 802 350 robustum
817 327 844 350 et
865 323 1020 354 robustatn,
1039 329 1080 348 ro-

291 373 343 399 bur
358 372 435 407 panis
448 375 476 398 et
493 370 578 398 robur
601 377 688 405 aqua,
711 369 848 405 gigantem
874 373 901 396 et
924 368 1020 395 fortem
1040 367 1080 395 vi-

291 425 365 448 rum,
400 416 558 443 bellatorem
593 420 620 442 et
644 413 775 448 judicent,
802 418 830 441 ct
852 414 1031 448 prophetam,
1052 418 1080 441 et

291 462 419 494 ariolum,
439 466 465 488 et
481 469 585 489 senem.
603 470 611 487 ι
631 459 659 488 ld
676 468 757 495 porro
773 460 911 495 continget
936 458 1003 492 illis,
1024 467 1078 486 non

290 507 325 534 ob
341 507 533 538 idololatriam,
547 513 597 534 nec
611 506 646 533 ob
663 505 716 533 alia
735 506 859 541 quaedam
876 505 1014 537 facinora;
1033 505 1079 532 sed

291 553 425 580 obsolqu
447 553 589 580 consilium
606 560 670 580 vere
690 553 814 588 impium,
834 552 968 580 nefarium
982 557 1011 579 et
1032 551 1080 579 im-

291 599 406 634 probum
434 604 530 627 contra
562 599 708 627 Dominum
743 599 851 626 initum.
886 599 1080 627 Animadverte

291 645 373 679 igitur
396 652 450 679 quo
471 649 551 679 pacto
577 649 639 678 post
667 644 727 671 illas
751 652 846 672 omnes
866 645 997 673 adversus
1019 643 1080 672 illos

289 691 438 718 iutentatas
459 691 558 722 minas,
575 690 617 717 bis
639 691 729 717 verbis
743 689 842 718 inferat
858 699 865 717 :

323 745 334 763 ι
346 737 488 764 Peccatum
503 741 592 764 autem
608 744 713 767 eorum.
731 737 807 771 quasi
825 737 1015 770 Sodomorum,
1027 745 1078 764 an-

287 784 513 812 nnntiaveruntet
520 784 736 814 declaraveram.
744 785 893 812 Vaaanimaa
900 792 1006 819 eorum,
1014 785 1079 821 quia

287 831 406 858 inierunt
423 830 566 858 c0nsilinm
584 830 682 857 malmn
693 835 786 858 contra
805 831 919 866 seipsos,
936 831 1077 859 dicentes:

286 876 433 910 Alligemus
460 876 574 911 justum,
596 877 658 911 quia
684 876 801 905 dillicilis
821 877 900 925 nobis
914 882 966 905 est.
987 887 996 903 ι
1014 876 1077 905 Haec
1091 897 1114 925 Β

286 922 385 957 quippe
395 929 476 949 causa
486 922 619 949 minarum
631 923 751 949 omnittm
764 927 831 949 erat.
842 922 910 950 Hinc
921 930 1003 958 porro
1015 923 1075 950 sine

287 968 472 1006 controversia
498 968 606 1003 probari
633 968 739 995 aestimo
759 968 816 996 haec
840 973 903 1003 post
926 968 1075 996 Salvatoris

285 1016 431 1042 adventurm
450 1015 530 1042 ﬁnem
552 1015 700 1050 accepisse.
718 1014 869 1043 Confertim
891 1023 956 1050 ergo
977 1020 1006 1042 et
1020 1023 1075 1042 una

285 1061 434 1089 secundum
458 1062 646 1096 prophetiam,
668 1061 758 1088 omnia
784 1061 819 1088 ab
843 1060 993 1088 Jerusalem
1010 1066 1038 1088 et
1059 1068 1074 1087 a

283 1106 374 1135 .ludaaa
392 1104 552 1135 deiecerunt
571 1111 599 1135 et
621 1108 710 1134 abluta
737 1113 816 1140 sunt,
836 1115 889 1134 non
910 1107 977 1140 alio,
994 1115 1074 1142 quam

283 1158 451 1181 structarum
467 1159 562 1181 contra
579 1153 751 1180 Salvatorem
773 1158 897 1180 nostrum
915 1153 1074 1180 insidiarum

284 1206 417 1234 tempore.
439 1201 476 1226 Ac
495 1200 584 1234 primo
599 1199 680 1225 ablati
712 1203 777 1226 sunt
804 1199 931 1226 robustus
946 1204 974 1226 et
992 1199 1075 1226 robu-

283 1249 337 1277 sta,
356 1245 425 1276 sive,
443 1246 591 1271 secundum
619 1244 755 1278 Aquilam,
781 1253 790 1269 I
816 1243 931 1271 fulcrum
948 1248 975 1271 et
997 1244 1075 1272 fulci-

283 1294 422 1320 mentum,
444 1300 452 1315 I
471 1290 523 1322 vel,
536 1291 681 1317 secundum
698 1290 903 1325 Symmachum,
916 1299 926 1315 ι
943 1295 1075 1317 sustenta-

283 1335 373 1364 culum
382 1342 407 1364 et
419 1337 588 1364 sustentatio.
597 1346 606 1362 ι
617 1335 694 1369 Quod
707 1336 839 1372 intelligas
850 1336 998 1364 secundum
1013 1345 1075 1372 apo-

281 1384 407 1412 stolicum
426 1391 590 1414 sermonem,
604 1384 649 1418 qui
666 1383 790 1410 homines
803 1388 895 1410 sancta
918 1383 972 1410 vita
995 1390 1074 1410 exor-

282 1433 374 1461 natos,
383 1428 524 1455 columnas
537 1432 564 1454 et
579 1428 779 1454 ﬁrmamentum
791 1426 907 1453 vocavit.
918 1425 951 1452 Et
963 1425 1072 1460 quidem

283 1475 365 1500 etiam
383 1474 453 1508 apud
467 1474 589 1508 priscum
607 1472 823 1507 illum'populum
853 1472 963 1507 quidam
982 1477 1072 1504 erant,

281 1518 327 1551 qui
347 1525 394 1551 pro
410 1517 492 1543 totius
505 1518 592 1551 gentis
604 1516 789 1544 susuautuculo
812 1517 908 1544 haberi
925 1521 1069 1552 poterant:

630 162 764 191 EUSEBII
783 160 1021 189 CESAR'IE‘NSIS
1040 160 1114 188 ΟΡΡ.
1137 160 1226 189 PARS
1247 161 1289 189 ΙΙΙ.
1311 177 1345 182 —
1364 161 1570 188 EXEGETICA.

1877 160 1928 187 £08

1407 230 1604 256 ΚΕΨΑΛΔΙΟΝ
1624 229 1659 255 Γ.

1170 286 1178 302 ι
1201 277 1265 303 Ἰδοὺ
1282 276 1314 312 δὴ
1328 277 1342 303 ὁ
1360 276 1494 311 δεσπότης
1509 275 1611 311 Κύριος
1630 274 1745 303 Σαϐαὼθ
1765 275 1861 310 ἀφελεῖ
1873 275 1927 302 ἀπὸ

1131 321 1182 355 τῆς
1210 321 1339 352 Ἰουδαίας
1367 321 1414 348 καὶ
1436 321 1490 348 ἀπὸ
1518 317 1707 357 Ἰερουσαλὴμ,
1729 320 1857 356 ἰσχύοντα
1878 322 1926 348 καὶ

1134 367 1276 402 ἰσχύουσαν
1289 387 1296 399 ,
1316 368 1392 402 ἰσχὺν
1407 367 1490 402 ἄρτου
1509 367 1556 393 καὶ
1580 367 1657 403 ἰσχὺν
1672 366 1787 401 ὕδατος,
1809 367 1925 402 γίγαντα

1132 413 1179 440 καὶ
1193 413 1318 449 ἰσχύοντα
1329 413 1481 449 ἄνθρωπον,
1494 413 1659 449 πολεμιστὴν
1669 413 1716 440 καὶ
1724 413 1865 448 δικαστὴν,
1879 414 1925 440 καὶ

1133 461 1287 495 προφήτην,
1300 461 1346 486 καὶ
1358 460 1519 496 στοχαστὴν,
1537 461 1584 487 καὶ
1601 459 1797 496 πρεσϐύτερον.
1818 469 1828 486 ι
1839 459 1925 487 Τοῦτο

1131 506 1159 532 δὲ
1176 506 1343 542 συμϐήσεται
1355 506 1456 538 αὐτοῖς,
1468 505 1529 532 οὗτε
1540 506 1572 532 δι’
1586 506 1815 541 εἰδωλολατρείαν,
1824 498 1924 533 οὕτεδιῖ

1131 552 1228 588 ἑτέρας
1249 551 1362 587 πράξεις
1383 552 1472 584 τινάς·
1497 552 1541 579 διὰ
1564 552 1648 588 μόνην
1669 552 1698 579 δὲ
1719 552 1818 588 βουλὴν
1844 553 1924 580 ἄθεον

1131 596 1249 633 ἀληθῶς,
1267 597 1314 624 καὶ⁸
1334 597 1431 632 ἀσεϐῆ,
1450 597 1497 624 καί¹
1516 597 1647 633 πονηρὰν,
1661 597 1710 633 τὴν
1723 597 1792 624 κατὰ
1809 597 1855 624 τοῦ
1872 599 1926 625 Κυ-

1133 644 1200 678 ρίου.
1221 643 1276 670 Θέα
1295 643 1360 679 γοῦν
1380 644 1454 677 ὅπως
1473 645 1542 680 μετὰ
1566 645 1656 676 πάσας
1675 644 1724 676 τὰς
1750 646 1812 671 κατ’
1834 644 1925 672 αὐτῶν

1131 689 1245 722 ἀπειλὰς
1260 691 1358 725 ἐπάγει
1371 691 1458 725 λέγων
1467 699 1475 706 ·

1168 745 1177 761 ι
1195 736 1250 772 Τὴν
1261 735 1291 763 δὲ
1305 737 1441 772 ἁμαρτίαν
1455 736 1545 763 αὐτῶν
1560 737 1597 769 ὡς
1612 737 1736 772 Σοδόμων
1752 737 1924 774 ἀπήγγειλαν

1130 782 1177 808 καὶ
1200 781 1371 816 ἐνεφάνισαν.
1397 781 1465 809 Οὐαὶ
1483 782 1515 818 τῇ
1539 782 1610 818 ψυχῇ
1635 783 1735 815 αὐτῶν,
1765 783 1805 809 ὅτι
1830 783 1924 818 βεϐού-

1130 828 1236 856 λευνται
1259 829 1357 865 βουλὴν
1383 830 1503 865 πονηρὰν
1521 830 1582 857 καθ’
1605 831 1710 857 ἑαυτῶν
1734 831 1868 864 εἰπόντες,
1882 832 1923 859 ὅτι

1130 875 1261 910 Δήσωμεν
1275 874 1322 902 τὸν
1335 875 1450 907 δίκαιον,
1464 876 1504 902 ὅτι
1513 875 1681 912 δύσχρηστος
1694 878 1760 912 ἡμῖν
1773 878 1841 904 ἐστι.
1861 888 1870 904 ι
1886 879 1924 904 Τὸ

1128 920 1182 956 γὰρ
1194 921 1279 948 αἴτιον
1294 922 1348 948 τῶν
1360 922 1564 957 ἀπειλουμένων
1577 923 1704 950 ἁπάντων
1718 923 1797 951 τοῦτο
1809 922 1853 960 ἦν.
1867 925 1923 951 Καὶ

1127 967 1158 993 ὲκ
1181 967 1284 994 τούτων
1318 968 1347 995 δὲ
1367 968 1577 1004 ἀναμφιλέκτως
1598 966 1674 1005 οἶμαι
1697 969 1871 997 συνίστασθαι
1892 970 1923 997 τὸ

1128 1013 1197 1048 μετὰ
1213 1012 1261 1049 τὴν
1280 1015 1414 1050 σωτήριον
1431 1015 1584 1050 παρουσίαν
1599 1015 1686 1042 ταῦτα
1701 1015 1794 1047 τέλους
1808 1024 1922 1050 τετυχη-

1127 1058 1212 1086 κέναι.
1234 1059 1353 1096 Ἀθρὸως
1374 1058 1421 1087 οὖν
1441 1060 1547 1094 ἐξέλιπε
1565 1061 1612 1088 καὶ
1635 1061 1759 1097 ἀφῃρέθη
1782 1061 1852 1087 κατὰ
1871 1061 1921 1096 τὴν

1126 1105 1304 1140 προφητείαν,
1330 1106 1384 1133 ἀπό
1408 1115 1437 1133 τε
1461 1106 1511 1142 τῆς
1540 1106 1716 1142 Ἰερουσαλὴμ
1730 1107 1777 1133 καὶ
1798 1107 1852 1133 ἀπὺ
1870 1106 1921 1141 τῆς

1133 1150 1270 1182 Ἰουδαίας,
1293 1151 1361 1186 ὁμοῦ
1379 1151 1413 1178 τὰ
1434 1152 1533 1183 πάντα,
1548 1151 1603 1178 οὐκ
1626 1151 1719 1178 ἄλλοτε
1742 1152 1758 1187 ἢ
1779 1151 1850 1178 κατὰ
1870 1153 1920 1188 τὴν

1124 1196 1172 1223 τοῦ
1187 1196 1312 1233 Σωτῆρος
1325 1198 1402 1233 ἡμῶν
1417 1197 1574 1233 ἐπιϐουλήν.
1587 1198 1642 1224 Καὶ
1659 1197 1766 1233 πρῶτον
1781 1198 1920 1234 ἀφῃρέθη-

1126 1250 1175 1268 σαν
1203 1242 1329 1278 ῑσχύοντα
1350 1244 1397 1270 καὶ
1420 1243 1583 1279 ἰσχύουσαν·
1602 1243 1619 1278 ἢ
1636 1243 1707 1270 κατὰ
1723 1244 1768 1270 τὸν
1793 1243 1918 1274 Ἀκύλαν,

1128 1297 1137 1314 ι
1166 1288 1283 1324 ἔρεισμα
1299 1289 1345 1316 καὶ
1369 1290 1512 1325 ὲρεισμόν·
1533 1299 1542 1314 ι
1567 1290 1583 1325 ἢ
1605 1289 1675 1316 κατὰ
1693 1290 1739 1316 τὸν
1761 1289 1918 1326 Σύμμαχον,

1127 1344 1137 1360 ι
1154 1335 1292 1370 στήριγμα
1305 1335 1351 1362 καὶ
1367 1336 1526 1371 στηριγμόν.
1546 1346 1555 1361 ι
1571 1336 1658 1371 Ὅπερ
1672 1337 1779 1371 νοήσεις
1794 1337 1863 1363 κατὰ
1874 1337 1919 1363 τὶν

1125 1381 1302 1409 ὰποστολικὸν
1316 1381 1403 1416 λόγον,
1421 1381 1450 1413 ὃς
1464 1383 1528 1413 τοὺς
1543 1381 1594 1417 βίῳ
1605 1381 1642 1416 τῷ
1654 1381 1724 1408 κατὰ
1736 1382 1802 1408 Θεὸν
1814 1382 1919 1418 ἐμπρέ-

1125 1436 1225 1459 ποντας
1243 1427 1354 1459 στύλους
1372 1436 1401 1454 τε
1423 1428 1469 1454 καὶ
1491 1427 1631 1463 ἑδραίωμα
1647 1427 1781 1463 ὠνόμασε.
1805 1428 1919 1460 Πάντως

1123 1473 1152 1500 δέ
1167 1481 1217 1499 που
1234 1474 1280 1500 καὶ
1299 1472 1376 1509 παρὰ
1386 1472 1425 1508 τῷ
1441 1473 1566 1508 προτέρῳ
1580 1472 1637 1507 λαῷ
1652 1470 1721 1507 ἦσάν
1737 1481 1808 1504 τινες
1822 1472 1919 1509 ὥσπερ

1125 1519 1299 1554 ὲδραιώματα
1315 1519 1362 1546 τοῦ
1379 1519 1480 1551 παντὸς
1496 1519 1586 1546 αὐτῶν
1602 1518 1711 1550 ἔθνους,
1733 1518 1778 1550 οὒς
1798 1519 1917 1555 ἀρθήσε-

281 1571 350 1597 quos
373 1563 404 1589 de
425 1563 513 1590 medio
534 1571 628 1590 eorum
645 1563 781 1590 tollendos
796 1570 858 1591 esse
875 1564 1067 1591 comminatur.

1125 1565 1185 1592 σθαι
1201 1566 1247 1592 ἀπ’
1265 1566 1354 1592 αὐτῶν
1370 1566 1384 1591 ὀ
1398 1565 1477 1599 λόγος
1490 1565 1605 1592 ἀπειλεῖ.

319 1621 328 1637 ι
353 1611 445 1639 Robur
462 1612 539 1645 panis
555 1616 580 1638 et
606 1612 691 1638 robur
711 1619 797 1646 aquze.
824 1621 834 1638 ι
860 1611 923 1639 Haec
936 1619 1002 1639 vero
1021 1612 1073 1647 spi-

281 1658 372 1685 rituali
389 1666 463 1685 more
478 1658 627 1691 accipiens.
642 1659 770 1685 advertas
784 1658 874 1690 velim.
892 1666 943 1685 non
961 1666 1070 1694 panem,

281 1711 334 1730 non
356 1711 454 1737 aquam
474 1702 649 1729 auferendum
674 1710 735 1730 csse
758 1703 822 1737 dici,
851 1704 898 1731 sed
921 1704 1005 1731 robur
1026 1713 1072 1740 pa-

281 1749 323 1775 nis
347 1753 374 1774 et
401 1748 484 1775 robur
514 1746 607 1782 iiquae;
634 1748 706 1783 quod
737 1754 770 1774 ex
793 1748 905 1776 alterius
930 1750 1071 1784 prophetae

280 1793 372 1821 verbis
400 1792 551 1827 intelligas:
586 1802 595 1819 ι
618 1792 701 1825 Ecce,
734 1793 835 1828 inquit,
863 1794 921 1822 dies
946 1796 1068 1829 veniunt,

279 1840 345 1866 dicit
363 1839 509 1872 Dominus,
533 1844 560 1866 et
586 1840 691 1866 tuittatn
714 1839 814 1866 ‘l'amem
840 1847 923 1874 super
946 1845 1068 1873 terram;

266 1894 334 1919 .non
359 1885 455 1913 famem
481 1886 581 1921 panis,
610 1893 660 1913 nec
681 1886 755 1913 sitim
779 1895 873 1921 aquae;
897 1887 944 1915 sed
970 1887 1069 1915 famem

279 1933 406 1959 audiendi
421 1932 533 1960 verbum
552 1932 658 1960 Domini
673 1932 705 1960 “.
724 1943 733 1959 ι
749 1932 797 1960 Est
813 1934 894 1968 igitur
914 1934 1011 1961 anima:
1026 1941 1072 1968 pa-

279 1978 331 2011 nis,
350 1985 438 2004 sermo
455 1979 592 2013 quispiam
614 1979 706 2006 alendi
731 1980 756 2005 vi
774 1979 920 2014 prmditns;
937 1980 1071 2007 similiter-

279 2030 331 2056 que
345 2028 425 2057 potus
446 2023 633 2050 rationabilis:
652 2031 768 2058 quorum
787 2025 840 2051 etsi
857 2023 943 2052 Judaei
962 2033 991 2052 se
1011 2034 1070 2060 par-

279 2068 375 2102 ticipes
389 2075 449 2096 esse
467 2073 576 2103 putent,
601 2070 665 2096 dum
682 2069 789 2096 divinas
814 2069 968 2104 Scripturas
985 2076 1070 2098 trans-

279 2119 405 2146 currunt,
425 2119 453 2141 et
475 2115 546 2142 circa
569 2115 741 2149 disciplinam
760 2117 1013 2152 promissiouesque
1027 2126 1070 2144 ea-

280 2168 338 2186 rum
360 2160 481 2187 studiose
503 2166 667 2187 versantur:
690 2166 718 2187 at
738 2163 821 2188 robur
840 2163 988 2189 nutrientis
1008 2170 1068 2190 ser-

278 2207 386 2239 monis,
405 2207 573 2241 viviliczeque
591 2212 671 2235 terra:
694 2208 872 2242 alimentum,
900 2218 978 2236 nemo
998 2212 1067 2246 apud

279 2259 350 2286 Ipsos
377 2253 504 2287 reperiat.
528 2252 627 2280 Panem
659 2261 724 2289 ergo
751 2254 877 2282 sensilem
910 2257 1066 2292 neutiquam

279 2305 426 2333 memorat;
447 2307 494 2327 nec
516 2308 601 2335 aquas
624 2301 718 2327 itidem
740 2309 800 2335 qua:
818 2302 873 2329 triti
893 2311 924 2330 ac
947 2312 1068 2331 comunt-

279 2346 319 2373 uis
333 2347 388 2373 sint
406 2354 485 2380 usus;
502 2348 549 2374 sed
568 2347 641 2374 illum
661 2349 751 2382 potius
767 2357 882 2384 panem,
902 2351 935 2377 de
955 2359 1008 2385 quo
1027 2352 1067 2378 ait

278 2392 361 2419 David
379 2401 386 2419 :
405 2402 414 2418 ι
431 2392 531 2420 Panem
550 2393 610 2420 caeli
629 2394 702 2420 dedit
719 2395 770 2426 eis.
794 2403 890 2430 panem
907 2397 1066 2432 angelorum

274 2440 449 2469 manducavit
462 2440 543 2467 homo
556 2440 604 2466 ’δη
623 2439 712 2474 Aquas
727 2441 790 2467 item
808 2442 895 2476 ipsum
911 2443 1072 2470 meminisse.

256 2486 391 2518 ~dicimus
416 2486 589 2520 spirituales,
617 2487 652 2514 de
684 2487 782 2521 quibus
810 2488 896 2515 lsaias
927 2490 1059 2523 propheta

275 2532 338 2559 Ilibi
355 2532 378 2548 "
394 2532 457 2559 talia
476 2532 562 2560 fatur:
583 2542 592 2559 ι
610 2532 648 2560 Ει
663 2533 789 2560 liaurient
807 2541 904 2568 aquam
925 2543 986 2561 cum
1000 2543 1066 2569 gan-

276 2579 317 2606 dio
337 2579 372 2606 de
387 2578 512 2607 fontibus
526 2578 679 2608 Salutaris:
702 2589 711 2606 »
729 2581 793 2615 quin
808 2585 836 2606 et
850 2580 906 2615 ipse
922 2580 1063 2608 Salvator:

273 2633 284 2648 ι
308 2623 404 2650 Omnis
418 2620 462 2659 qui
480 2625 548 2652 bibit
561 2632 594 2652 ex
615 2625 665 2652 bac
686 2632 766 2658 aqua,
790 2625 864 2652 sitiet
880 2625 999 2658 iterum;
1020 2625 1065 2660 qui

274 2676 339 2697 vero
357 2669 456 2697 biberit
483 2677 516 2697 ex
543 2677 632 2705 aqua,
657 2677 739 2705 quam
758 2677 808 2706 ego
825 2671 894 2699 dabo
911 2671 947 2705 ei,
967 2671 1013 2699 liet
1038 2673 1064 2700 in

274 2720 305 2741 eo
326 2714 387 2742 fons
406 2723 482 2751 aquze
498 2716 624 2744 salientis
640 2716 667 2743 in
689 2715 772 2743 vitam
786 2721 916 2744 aeternam
931 2717 963 2744 κ.
980 2727 989 2743 ι
1009 2717 1065 2744 Hu-

311 2801 333 2818 ¹³
349 2803 431 2830 Amos
455 2811 516 2836 vnt,
538 2803 577 2832 Η.

617 2804 638 2821 ¹⁸
657 2803 727 2832 Psal.
737 2811 846 2838 'Lxxvu,
859 2805 906 2832 ‘24.
945 2805 967 2821 "
981 2805 1048 2841 Cap.
1061 2813 1111 2840 xtl,
1122 2806 1149 2833 5.

1163 1621 1172 1637 ι
1197 1612 1284 1647 ’ἰσχὺν
1307 1612 1389 1647 ἄρτου
1414 1611 1460 1638 καὶ
1484 1611 1561 1647 ἰσχὺν
1582 1610 1686 1643 ὓδατος.
1718 1620 1728 1637 ι
1753 1611 1863 1646 Νοητῶς
1888 1612 1916 1638 δὲ

1123 1658 1362 1693 ὲκλαμϐανόμενος
1373 1658 1470 1690 ταῦτα,
1484 1659 1545 1694 δρα,
1559 1658 1659 1684 ὅτιούκ
1669 1658 1761 1693 ἄρτον,
1769 1657 1915 1693 οὖτε,ὖδωρ

1123 1702 1198 1731 εἶπεν
1217 1704 1343 1739 ἀφελεῖν,
1366 1704 1423 1730 ἀλλ’
1443 1705 1519 1739 ἰσχὺν
1539 1704 1622 1740 ἄρτου
1641 1704 1688 1730 καὶ
1707 1704 1783 1738 ἰσχὺν
1802 1703 1914 1735 ὕδατος·

1122 1751 1190 1787 ὅπερ
1203 1752 1310 1787 νοήσεις
1321 1751 1367 1785 ἀφ’
1383 1751 1477 1786 ἐτέρου
1493 1751 1631 1787 προφήτου
1648 1751 1798 1786 φήσαντος·
1817 1759 1826 1775 ι
1850 1749 1915 1777 Ἰδοὺ

1121 1798 1223 1833 ἡμέραι
1242 1797 1375 1832 ἔρχονται,
1390 1797 1463 1831 λέγει
1479 1797 1580 1832 Κύριος
1591 1817 1598 1828 ,
1615 1797 1661 1823 καὶ
1676 1795 1818 1822 ἀποστελῶ
1837 1795 1915 1831 λιμὸν

1122 1844 1168 1870 ὲπὶ
1186 1844 1235 1878 τὴν
1256 1843 1323 1878 γῆν·
1346 1843 1377 1869 οὐ
1399 1842 1477 1878 λιμὸν
1495 1843 1586 1878 ἄρτου,
1616 1842 1674 1868 οὐδὲ
1702 1841 1781 1876 δίψαν
1801 1841 1913 1874 ὓδατος,

1124 1889 1191 1915 ἀλλὰ
1205 1888 1284 1923 λιμὴν
1300 1887 1346 1914 τοῦ
1365 1887 1479 1914 ἀκοῦσαι
1498 1887 1576 1921 λόγον
1590 1887 1704 1922 Κυρίου,
1724 1896 1734 1912 ι
1757 1887 1849 1914 Ἔστιν
1867 1884 1914 1913 οὖν

1121 1934 1211 1969 ψυχῆς
1226 1934 1307 1969 ἄρτος
1323 1933 1467 1969 θρεπτικὸς
1490 1941 1531 1964 τις
1545 1932 1622 1966 λόγος
1635 1951 1642 1963 ,
1665 1933 1712 1959 καὶ
1729 1933 1810 1959 ποτὸν
1825 1933 1913 1959 ὡσαύ-

1120 1989 1174 2012 τως
1194 1979 1318 2014 λογικόν·
1344 1976 1382 2005 ὧν
1405 1979 1428 2005 εἰ
1456 1978 1503 2004 καὶ
1528 1977 1666 2013 νομίζουσι
1693 1977 1912 2013 μεταλαμϐάνειν

1128 2025 1262 2051 Ἰουδαίων
1279 2023 1381 2056 παῖδες,
1399 2024 1428 2050 ὲν
1443 2023 1482 2058 τῷ
1496 2022 1546 2054 τὰς
1568 2022 1643 2054 θείας
1663 2023 1818 2059 διέρχεσθαι
1838 2024 1912 2059 Τρα-

1122 2070 1184 2105 φὰς,
1200 2071 1247 2097 καὶ
1262 2070 1327 2106 περὶ
1342 2069 1392 2101 τὰς
1406 2068 1573 2104 ἐκμαθήσεις
1585 2069 1630 2095 καὶ
1644 2068 1808 2103 ἐπαγγελίας
1822 2069 1911 2095 αὐτῶν

1121 2116 1291 2151 φιλοκαλεῖν·
1307 2115 1375 2142 ἀλλὰ
1390 2115 1440 2150 τὴν
1458 2114 1496 2151 (6)
1515 2114 1591 2149 ἰσχὺν
1611 2114 1664 2141 τῶν
1688 2115 1842 2150 θρεπτικῶν
1869 2115 1911 2141 λό-

1120 2171 1186 2197 γων,
1205 2162 1252 2189 καὶ
1267 2162 1297 2188 τὺ
1319 2161 1463 2198 θρεπτικὸν
1478 2161 1528 2197 τῆς
1544 2161 1676 2192 ζωοποιοῦ
1692 2162 1744 2197 γῆς
1759 2162 1809 2189 οὐκ
1823 2161 1856 2188 ἂν
1871 2161 1911 2187 εὖ·

1123 2218 1178 2244 ροις
1195 2209 1259 2244 παρ’
1280 2209 1381 2240 αὐτοῖς.
1405 2209 1505 2243 ’Ἄρτου
1519 2207 1608 2234 τοίνυν
1625 2207 1705 2234 πάλιν
1717 2208 1768 2234 οὐκ
1781 2206 1909 2243 αἰσθητοῦ

1123 2255 1303 2292 μνημονεύει·
1325 2255 1383 2282 ἀλλ’
1400 2255 1460 2281 οὐδὲ
1485 2254 1588 2281 ὑδάτων
1611 2254 1666 2281 τῶν
1687 2255 1715 2281 ὲν
1743 2255 1908 2289 καταχρήσει

1120 2299 1212 2338 κοινῇ·
1241 2302 1344 2328 ἐκείνου
1368 2301 1396 2328 δὲ
1425 2301 1523 2336 μᾶλλον
1550 2302 1612 2337 περὶ
1637 2297 1666 2327 οὗ
1693 2310 1774 2336 φησιν
1797 2303 1811 2327 ὁ
1830 2301 1908 2328 Δαυτδ

1123 2359 1132 2374 ι
1149 2350 1230 2384 ἄρτον
1241 2347 1355 2384 ούρανοῦ
1372 2347 1470 2374 ἔδωκεν
1487 2348 1588 2379 αὐτοῖς,
1607 2347 1688 2383 ἄρτον
1703 2347 1826 2381 ἀγγέλων
1841 2347 1906 2382 ἔφα-

1119 2403 1166 2429 γεν
1189 2394 1340 2430 ἄνθρωπος.
1371 2404 1380 2420 ι
1409 2393 1527 2419 Ὑδάτων
1547 2402 1576 2420 τε
1600 2393 1798 2428 διαμεμνῆσθαί
1818 2402 1906 2428 φαμεν

1119 2442 1198 2469 αὐτὸν
1215 2441 1328 2476 νοητῶν,
1346 2440 1410 2476 περὶ
1424 2437 1460 2466 ὧν
1480 2440 1560 2470 αὑτός
1576 2439 1626 2465 πού
1643 2447 1725 2474 φησιν
1739 2440 1752 2465 ὁ
1766 2440 1906 2475 προφήτης

1127 2488 1239 2519 Ἡσαΐας
1249 2497 1256 2503 ⁸
1275 2497 1283 2511 ι
1294 2488 1349 2513 Καὶ
1358 2487 1534 2521 ἁντλήσουσιν
1543 2485 1614 2521 ὕδωρ
1630 2487 1688 2520 μετ’
1701 2485 1868 2521 εὐφροσύνης
1875 2487 1906 2512 ὲκ

1121 2534 1174 2560 τῶν
1192 2533 1287 2568 πηγῶν
1304 2532 1350 2559 τοῦ
1366 2531 1502 2568 Σωτηρίου
1514 2540 1520 2546 ·
1539 2541 1547 2556 ι
1559 2531 1605 2557 καὶ
1621 2531 1673 2566 μὴν
1688 2532 1734 2557 καὶ
1742 2531 1905 2563 αὐτδςὸΣω-

1118 2581 1185 2616 τήρ·
1211 2589 1220 2605 ι
1238 2580 1297 2611 Πᾶς
1318 2579 1332 2605 ὁ
1347 2579 1432 2605 πίνων
1446 2579 1478 2604 ὲκ
1493 2576 1540 2603 τοῦ
1555 2576 1650 2608 ὓδατος
1664 2577 1758 2603 τούτου
1768 2597 1775 2608 ,
1799 2576 1904 2612 διψήσει

1117 2626 1211 2652 πάλιν·
1225 2625 1253 2656 ὃς
1266 2625 1288 2651 δ’
1302 2625 1334 2651 ἂν
1351 2625 1399 2660 πίῃ
1415 2625 1446 2650 ἐκ
1458 2623 1505 2650 τοῦ
1519 2623 1614 2655 ὕδατος
1625 2621 1654 2650 οὗ
1666 2623 1721 2657 ἐγὼ
1730 2622 1808 2649 δώσω
1822 2623 1904 2658 αὐτῷ,

1116 2673 1260 2707 γενήσεται
1274 2672 1303 2698 ἐν
1319 2670 1392 2705 αὐτῷ
1407 2669 1482 2705 πηγὴ
1502 2670 1597 2701 ὕδατος
1618 2669 1764 2704 ἁλλομένου
1778 2670 1818 2700 εὶς
1833 2668 1905 2705 ζωὴν

1117 2717 1236 2746 αἰώνιον.
1264 2727 1273 2744 ι
1295 2717 1377 2748 Σύνες
1392 2716 1420 2743 δὲ
1440 2716 1562 2752 ἀκριϐῶς
1582 2716 1632 2748 τὰς
1656 2715 1718 2751 περὶ
1734 2714 1836 2742 τούτων
1857 2714 1904 2742 τοῦ

1188 2807 1211 2824 ⁸·
1223 2805 1302 2833 Juan.
1315 2812 1351 2838 tv,
1367 2805 1407 2838 15,
1422 2805 1464 2834 Η.

310 2895 377 2929 (9-6)
396 2895 473 2927 Hunc
488 2897 552 2926 item
568 2897 656 2927 locum
671 2899 809 2934 expressit
823 2897 1012 2933 Hieronymus,
1028 2899 1104 2929 initio
1118 2899 1228 2929 secundi
1248 2898 1322 2928 libri.
