2059 3215
162 163 215 190 ΗΑ)

640 159 893 205 CQMMENTARIA
913 159 946 186 IN
967 159 1095 188 ISAIAM.
1115 175 1149 181 —
1166 160 1243 188 CAP.
1263 159 1307 188 HI.

160 221 303 258 προφῆτου
319 221 424 256 φωνάς·
445 220 475 248 οὗ
493 222 547 258 γὰρ
566 222 676 258 εἴρηκεν
693 222 785 254 ἁπλῶς
802 222 952 258 ἀφαιρεθή-

1004 222 1048 257 jus
1064 229 1145 257 porro
1159 222 1298 256 propheta:
1314 228 1345 248 ea
1368 221 1402 249 de
1416 228 1447 249 re
1463 229 1543 249 voces
1562 227 1688 249 accurate
1713 221 1794 250 intel-

163 268 257 295 σεσθαι
267 268 322 296 τῶν
344 269 478 296 Ἰουδαίων
487 269 568 305 ἄρτον
581 278 610 296 τε
620 269 666 296 καὶ
679 269 761 305 ὕδωρ,
776 269 833 296 ἀλλ’
849 278 857 294 ι
877 270 953 304 ἰσχὺν

160 315 244 352 ἄρτου
252 315 302 342 καὶ
316 315 392 350 ἰσχὺν
403 314 512 347 ὓδατοςη
535 324 544 341 ι
555 315 602 342 καὶ
610 315 650 342 δεῖ
662 316 736 351 ἡμᾶς
748 315 850 342 οἴεσθαι
864 315 952 341 τοιοῦ-

158 359 206 388 τόν
217 369 245 389 τι
255 360 390 387 διδάσκειν
404 361 545 396 βούλεσθαι
559 361 650 387 αὐτόν.
670 361 765 396 Ἡμεῖς
776 360 831 396 γὰρ
841 362 898 392 τοῖς
913 362 951 387 ἱε-

160 407 219 442 ροῐς
233 406 476 442 ’περιτυγχάνοντες
497 406 596 441 λόγοις,
623 407 669 433 καὶ
688 407 736 439 τὰς
759 407 834 439 θείας
857 408 952 441 ἀναγι-

160 451 309 484 νώσκοντες
339 452 459 488 Γραφὰς,
494 450 553 479 εἶτα
583 452 719 485 συνιέντες
745 453 840 486 αὑτὰς,
874 454 951 488 ίσχὺν

159 499 243 534 ἄρτου
261 498 357 534 νοητοῦ
381 498 530 534 δεχόμεθα·
549 508 562 524 1
582 500 620 526 Οὐ
634 499 688 535 γὰρ
708 500 751 526 ἐπ’
767 499 841 535 ἄρτῳ
868 500 950 535 μόνῳ,

158 544 236 580 φησι,
264 543 376 580 ζήσεται
402 544 562 579 ἄνθρωπος’
591 545 648 571 ἀλλ’
673 545 719 572 ἐπὶ
741 546 823 572 παντὶ
849 545 950 580 ῥήματι

158 589 367 626 ἐκπορευομένῳ
395 589 439 616 διὰ
468 590 600 625 στόματος
627 590 705 618 Θεοῦ.
741 600 750 616 ι
782 591 897 626 Ὁμοίως
921 591 950 617 δὲ

156 637 266 673 νοήσεις
281 636 329 663 καὶ
352 637 393 671 ἐφ’
419 636 523 663 ὑδάτων
548 636 661 671 νοητῶν.
693 637 814 663 Ἰουδαῖοί
842 645 874 670 γε
898 636 950 672 μὴν

158 682 250 718 ἔχουσι
270 683 318 718 μὲν
330 684 376 709 τὸν
387 682 468 718 ἄρτον
489 683 536 708 καὶ
548 682 579 709 τὸ
596 682 669 718 ὕδωρ
682 682 737 709 Ean
756 683 951 719 πολυπραγμο-

158 728 234 756 νοῦσι
243 728 297 764 γὰρ
311 728 346 754 τὰ
356 728 422 755 Μωῦ
427 728 495 760 σὲως
503 728 666 764 γράμματα,
680 729 727 755 καὶ
736 727 949 761 ἀναγινώσκουσι

157 774 204 801 τὸν
222 774 319 809 νόμον·
338 774 432 809 ἐπειδὴ
448 773 477 800 δὲ
493 774 675 808 γινώσκουσιν
689 775 776 806 οὐδὲν,
793 775 844 801 οὐκ
859 775 949 809 ἔχουσι

157 821 208 856 τὴν
222 821 297 855 ίσγὺν
313 820 360 847 τοῦ
375 821 469 856 ἄρτου,
489 820 550 847 οὒτε
569 821 621 857 μὴν
630 821 680 857 τὴν
694 821 770 856 ἰσχὺν
784 821 830 847 τοῦ
842 822 947 853 ὕδατος.

158 865 244 892 Ψιλὸν
265 867 316 899 γὰρ
342 866 434 897 αὐτοῖς
458 866 504 892 καὶ
527 866 606 901 μόνον
631 866 661 892 τὸ
688 867 805 901 γράμμα
826 866 946 898 δέδοται,

158 911 243 947 ἄρτου
261 913 310 947 μὲν
325 912 372 938 καὶ
386 910 482 943 ὕδατος
498 911 632 946 ὑπόληψιν
657 910 727 946 ἕχον,
744 911 842 947 τρέφον
858 911 886 938 δὲ
902 912 952 938 αὺ-

158 960 223 991 ἰ-οὺς
238 960 297 986 κατ’
310 958 405 986 οὐδένα
413 958 519 994 ’τρόπον
535 959 574 989 εἰς
590 957 696 990 εὐεξίαν
711 957 760 994 τὴν
770 957 879 992 νοητήν.
895 957 951 983 Καὶ

161 1006 332 1042 μαρτυρήσει
349 1005 463 1040 γράφων
480 1005 493 1031 ὁ
510 1003 615 1036 Παῦλος
626 1013 632 1019 ·
656 1013 665 1029 ι
691 1004 772 1039 Ἀχρι
791 1003 845 1038 γὰρ
867 1004 951 1038 σήμε-

161 1059 219 1086 ρον,
242 1050 325 1086 ἡνίκα
343 1049 559 1084 ἀναγινώσκεται
581 1049 716 1084 Μωῡσῆς,
745 1048 878 1084 κάλυμμα
905 1048 950 1073 ἐπὶ

161 1097 211 1133 τὴν
228 1096 339 1132 καρδίαν
353 1095 441 1123 αὺτῶν
463 1097 567 1127 κεῖται,
591 1106 600 1122 ι
627 1095 664 1131 μὴ
684 1094 949 1130 ἀνακαλυπτόμενον,

162 1141 206 1167 ὅτι
218 1140 371 1176 ὲν.Χριστῷ
389 1142 575 1177 καταργεῖται.
591 1141 647 1167 Καὶ
666 1140 727 1167 καθ’
738 1140 830 1175 ἕτερον
849 1139 877 1166 δὲ
891 1139 951 1173 τρό-

164 1196 215 1214 πον
228 1187 383 1224 ἀφῃρῆσθαί
405 1196 494 1223 φαμεν
515 1189 547 1214 ὲκ
567 1187 617 1222 τῆς
637 1186 771 1213 Ἰουδαίων
791 1185 951 1220 συναγωγῆς

162 1234 238 1268 ἰσχὺν
250 1233 333 1269 ἄρτου
348 1234 395 1260 καὶ
411 1234 486 1269 ἰσχὺν
501 1233 613 1264 ὓδατος·
626 1233 673 1259 καὶ
687 1232 765 1267 λόγος
781 1231 839 1259 ἐστὶ
857 1240 952 1267 μυστι-

158 1279 217 1310 ιοός.
239 1279 334 1314 Ἡμεῖς
352 1279 402 1314 μὲν
417 1279 471 1315 γὰρ
484 1279 509 1305 οἱ
518 1279 561 1305 διὰ
576 1279 694 1310 πίστεως
708 1277 870 1314 κεκλημένοι
885 1277 952 1312 πρὸς

160 1326 307 1361 ἁγιασμδν,
321 1325 367 1353 τὸν
380 1325 461 1362 ἄρτον
476 1324 574 1361 ἔχομεν
589 1325 634 1352 τὸν
643 1325 672 1357 ἐξ
686 1324 813 1360 οὐρανοῦ,
830 1323 951 1351 τουτέστι

160 1370 290 1407 Χριστὸν,
313 1371 373 1406 ἦτοι
392 1371 423 1397 τὸ
440 1371 521 1406 σῶμα
542 1370 636 1397 αὐτοῦ.
659 1370 690 1396 Εἰ
709 1370 738 1396 δὲ
752 1369 783 1405 δή
802 1378 842 1400 τις
854 1369 951 1404 ἔροιτο,

160 1415 226 1443 ποία
238 1416 281 1448 τίς
300 1417 373 1442 ἐστιν
390 1417 407 1452 ἡ
422 1416 498 1451 ἰσχὺς
515 1415 608 1447 αὑτοῦ,
633 1415 722 1450 φαμὲν
740 1415 780 1440 ὅτι
805 1413 950 1446 (maneto;-

159 1463 252 1490 δίδωσι
274 1463 328 1499 γὰρ
348 1463 387 1499 τῷ
408 1463 503 1498 κόσμῳ
528 1462 612 1497 ζωήν.
633 1462 785 1498 Προσῐεμεν
805 1461 834 1486 δὲ
853 1460 953 1494 ὁμοίως

160 1509 209 1536 καὶ
219 1511 253 1544 τῇ
267 1509 310 1536 διὰ
324 1508 371 1535 τοῦ
394 1509 471 1542 ἁγίου
486 1507 674 1543 βαπτίσματος
692 1507 794 1542 χάριτι,
812 1505 858 1531 τοῦ
875 1505 953 1538 ἁγιά-

160 1555 253 1588 ζοντος
267 1556 340 1591 ἡμᾶς
355 1555 450 1587 ὓδατος
463 1555 512 1591 τὴν
529 1555 605 1589 ἰσχὺν
620 1552 690 1580 εἶναι
708 1553 842 1586 λέγοντες,
864 1552 951 1587 ἁμαρ-

158 1602 227 1629 τιῶν
245 1602 392 1633 ἀπόθεσιν,
413 1601 591 1636 ἀναγέννησιν
615 1598 803 1634 πνευματικὴν
822 1598 862 1628 εἰς
885 1605 952 1631 συμ-

160 1648 280 1684 μορφίαν
303 1647 352 1683 τὴν
368 1648 408 1678 εἰς
428 1647 510 1673 αὑτὸν
530 1646 575 1672 τὸν
595 1644 729 1681 Χριστόν·
752 1644 798 1670 καὶ
818 1642 885 1678 πρὸς
907 1642 953 1668 ἐπὶ

157 1694 276 1727 τούτοις,
297 1693 454 1730 παρρησίαν
468 1692 570 1719 εἰσόδου
585 1692 633 1727 τῆς
647 1691 686 1722 είς
697 1689 746 1725 τὴν
761 1688 815 1715 τῶν
832 1688 953 1724 οὐρανῶν

158 1740 310 1775 βασιλείαν.
347 1740 409 1767 Ἐὰν
445 1739 499 1775 γάρ
535 1746 587 1770 τις,
613 1737 690 1772 φησὶ,
710 1745 720 1761 ι
740 1735 778 1771 μὴ
792 1735 907 1770 γεννηθῇ
923 1735 952 1767 ἐξ

156 1784 257 1816 ὕδατος
280 1786 327 1812 καὶ
358 1783 521 1820 πνεύματος,
546 1783 576 1809 οὐ
606 1782 716 1809 δύναται
747 1779 877 1807 εἰσελθεῖν
911 1780 953 1810 εὶς

157 1830 213 1866 τὴν
240 1829 460 1865 βασιλείαν.τῶν
483 1829 616 1865 οὐρανῶν.
638 1838 647 1854 ι
671 1827 847 1862 Ἐστὲρηνται
871 1825 899 1852 δὲ
928 1826 952 1851 οἱ

167 1875 291 1919 Ἰουδαῖοι
314 1875 369 1902 τῶν
383 1874 510 1902 τοιούτων
531 1873 654 1907 ἀγαθῶν·
674 1874 704 1900 οὐ
727 1873 782 1909 γάρ
807 1874 865 1899 ὲστι
887 1871 952 1906 παρ’

160 1916 256 1953 αὐτοῖς
272 1921 351 1956 ἰσχὺς
369 1921 462 1956 ᾶρτου,
481 1921 616 1946 τουτέστιν
633 1920 650 1953 ἡ
665 1919 693 1945 ὲν
705 1918 815 1953 Χριστῷ
838 1916 952 1950 ζωοποί-

157 1977 235 2005 ησις,
249 1968 302 1994 οὐδ’
318 1967 409 2003 ἔχουσι
420 1966 469 2002 τὴν
483 1965 530 1992 τοῦ
543 1964 636 1995 ὓδατος
651 1963 725 1998 ἰσχύν
738 1972 743 1978 ·
759 1964 953 1998 ἁπομεμένηκε

159 2014 218 2050 γὰρ
228 2015 258 2041 ὲν
271 2014 361 2045 αὐτοῖς
378 2012 562 2042 ἀναπόνιπτος
575 2012 591 2046 ἡ
610 2009 732 2045 ἁμαρτία
741 2017 748 2024 ·
769 2009 819 2034 οὐκ
837 2007 954 2034 εἰσελαύ-

160 2067 254 2089 νουσιν
268 2061 307 2092 εἰς
321 2059 370 2095 τὴν
384 2058 438 2085 τῶν
456 2056 578 2092 οὐρανῶν
599 2055 747 2092 βασιλείαν,
765 2053 811 2081 τὸν
832 2053 954 2088 εἰσκομί-

160 2107 244 2140 ζοντα
264 2106 379 2142 Χριστὸν
400 2103 589 2139 ἀτιμάζοντες.
613 2103 650 2129 οτι
672 2101 727 2137 γὰρ
750 2101 893 2127 ἐπίστευον
912 2099 954 2126 λέ-

159 2161 263 2189 γοπιΊ
274 2151 344 2187 Ἐγώ
361 2153 418 2187 εἰμι
464 2149 533 2181 ὁδὸς,
545 2159 553 2175 ι
565 2149 623 2180 καὶ,
635 2158 643 2174 ι
656 2147 726 2182 Ἐγώ
740 2147 799 2182 εἰμι
815 2147 831 2181 ἠ
845 2145 924 2180 θύρα.
941 2154 950 2170 ι

229 2199 283 2227 Καὶ
298 2197 541 2233 πεντηκόνταρχον,
557 2195 603 2222 καὶ
618 2193 774 2229 θαυμαστὸν
791 2191 952 2227 σύμϐουλον,

161 2247 209 2274 καὶ
234 2245 315 2280 σοφδν
333 2243 512 2279 ἀρχιτέκτονα
523 2262 530 2273 ,
544 2241 591 2268 καὶ
609 2239 717 2267 συνετὸν
733 2238 882 2274 ἀκροατήν.
898 2237 953 2263 Καὶ
969 2254 992 2282 D

163 2292 303 2326 ἐπιστήσω
314 2289 474 2319 νεανίσκους
487 2287 618 2322 ἄρχοντας
631 2284 730 2315 αὐτῶν,
744 2283 792 2309 καί¹
802 2283 952 2317 ἐμπαῖκται

162 2336 351 2371 ⁴κυριεύσουσιν
371 2334 468 2361 αὐτῶν.
494 2343 503 2358 ι
524 2332 562 2367 (Ἰ)
579 2332 626 2363 Τίς
646 2329 693 2357 οὖν
709 2329 781 2365 ὀρῶν
801 2328 864 2359 τοὺς
878 2327 953 2362 παρὰ

172 2383 307 2414 Ἰουδαίοις
343 2379 559 2416 ὀνομαζομένους
592 2377 774 2412 πατριάρχας,
794 2374 952 2405 νεανίσκους

165 2427 285 2462 ἀληθῶς,
299 2427 329 2453 οὑ
347 2427 396 2463 τὴν
407 2426 463 2452 τῶν
479 2426 613 2460 σωμάτων
626 2423 744 2459 ἡλικίαν,
759 2420 826 2448 ἀλλὰ
839 2420 887 2451 τὰς
904 2419 954 2454 ψυ-

165 2474 218 2512 χὰς
234 2473 337 2505 ἀτελεῖς
354 2473 400 2499 καὶ
412 2473 510 2503 ἐνδεεῖς
530 2470 646 2506 φρενῶν,
663 2468 725 2499 τοᾶς
740 2475 770 2493 τε
787 2466 896 2496 λοιποὺς
908 2465 956 2490 αὺ-

164 2510 219 2547 τῶν
236 2518 420 2550 διδασκάλους,
439 2519 489 2545 οὑκ
504 2517 536 2544 ἂν
556 2516 627 2543 εἴποι
640 2514 796 2550 ὲμπαίκτας
811 2510 891 2543 εἶναι,
909 2510 955 2536 καὶ

164 2565 212 2597 οὓς
226 2566 243 2600 ὴ
263 2563 416 2599 προφητεία
431 2562 540 2598 ἐδήλου;

204 2668 214 2685 ι
231 2658 285 2686 Καὶ
295 2657 474 2692 συμπεσεῖται
487 2657 501 2681 ὁ
517 2656 591 2687 λαὸς,
609 2654 753 2689 ἄνθρωπος
771 2652 838 2687 πρὸς
849 2651 956 2686 ἄνθρω-

166 2713 229 2737 τιον,
241 2705 288 2732 καὶ
305 2703 449 2738 ἄνθρωπος
465 2702 531 2736 πρὸς
544 2701 588 2728 τὸν
604 2700 717 2734 πλησίον
734 2697 830 2726 αὑτοῦ·
846 2707 854 2723 ι
870 2697 953 2733 μηδε-

1007 267 1095 302 ligas:
1121 275 1174 293 non
1194 268 1267 293 enim
1290 266 1451 301 simpliciter
1472 266 1558 300 dixit,
1577 267 1752 294 auferendum
1777 275 1791 294 ιι

1006 313 1106 341 Ιυιίαιίε
1122 320 1184 341 esse
1200 320 1297 348 panem
1320 318 1347 340 et
1366 320 1486 348 aquam;
1507 312 1553 341 sed
1574 322 1583 339 ι
1608 314 1692 341 robur
1714 313 1791 348 panis

1006 365 1032 386 et
1048 360 1130 388 robur
1143 367 1239 394 aqua:
1258 369 1268 386 ι
1286 367 1388 395 parque
1404 364 1447 386 est
1466 364 1496 386 ut
1510 367 1559 387 nos
1575 367 1636 387 eum
1654 360 1790 394 quidpiam

1005 405 1093 433 simile
1111 405 1226 433 edocere
1255 406 1428 433 arbitremur.
1454 405 1509 434 Nos
1530 405 1630 441 quippe
1655 406 1681 433 in
1706 406 1792 434 sacris

1005 451 1177 478 sermonibus
1198 456 1350 484 versantes,
1375 458 1408 478 ac
1428 451 1533 479 divinas
1554 450 1710 486 Scripturas
1730 459 1792 486 per-

1005 503 1076 531 saepe
1098 496 1226 531 legentes,
1252 503 1284 524 ac
1309 497 1418 523 demum
1438 497 1510 531 ipsas
1532 496 1730 531 intelligentes,
1746 496 1791 524 hic

1005 542 1155 576 spiritualis
1174 542 1253 577 panis
1275 543 1329 568 vim
1347 542 1543 578 intelligimus:
1564 551 1574 567 ι
1594 541 1651 569 Non
1674 543 1745 570 enim
1763 543 1790 569 in

1004 595 1075 622 pane
1102 588 1177 620 solo,
1208 587 1357 619 ait..vivel
1379 587 1479 619 homo;
1511 588 1559 614 sed
1589 587 1615 614 in
1634 587 1707 614 omni
1727 595 1790 614 ver-

1005 634 1040 661 bo
1063 634 1134 668 quod
1157 633 1294 667 egreditur
1316 640 1363 667 per
1384 640 1415 659 os
1432 632 1477 659 Dei
1492 631 1524 658 ".
1547 641 1557 658 ι
1579 631 1671 666 Aquas
1689 632 1792 667 pariter

1004 680 1160 715 spirituales
1183 679 1319 714 intelligas
1339 683 1459 713 oportet.
1473 677 1558 706 Judaei
1573 686 1638 706 sane
1654 686 1750 713 panem
1763 682 1791 706 et

1003 733 1102 760 aquam
1123 725 1395 758 hahenthacteuus;
1413 731 1474 750 nam
1489 715 1589 760 Moysis
1615 724 1718 758 scripta
1741 732 1791 751 cu-

1004 773 1108 799 riosius
1129 771 1274 804 evolvunt,
1291 771 1432 806 legemque
1448 771 1599 806 Sper-legunt
1613 779 1621 804 ;
1638 771 1700 806 quia
1727 778 1792 798 vero

1004 816 1071 844 nihil
1089 815 1261 851 intelligunt,
1285 816 1369 843 robur
1393 816 1470 850 panis
1495 823 1548 842 non
1568 815 1680 847 habent.
1703 823 1792 850 neque

1003 862 1087 890 robur
1104 869 1181 896 aqua
1192 862 1328 889 obtinent.
1356 860 1419 888 Sola
1444 861 1544 896 quippe
1565 865 1593 889 et
1613 862 1684 888 nuda
1703 861 1792 888 littera

967 912 988 940 Β
1002 915 1132 936 concessa
1152 907 1206 935 illis
1224 911 1283 940 est,
1308 915 1367 942 quae
1394 907 1501 941 quidem
1527 907 1646 942 aliquam
1669 907 1747 942 panis
1765 911 1793 934 et

1003 961 1081 988 aqua:
1094 953 1227 981 rationem
1243 957 1271 981 et
1286 953 1441 987 opinionem
1461 953 1569 985 habeat,
1591 960 1680 988 neque
1701 957 1792 980 tamen

1004 1000 1065 1027 illos
1082 1000 1218 1028 ullatenus
1233 999 1290 1026 alat
1304 1000 1337 1026 ad
1351 999 1451 1026 bonam
1466 999 1580 1034 spiritus
1594 998 1790 1026 valetudinem.

1003 1046 1089 1079 Quam
1111 1053 1168 1072 rem
1187 1045 1287 1073 Paulus
1313 1046 1494 1076 testiﬁcatur,
1517 1044 1560 1072 his
1573 1045 1684 1072 verbis:
1709 1053 1719 1070 ι
1738 1042 1792 1071 Sed

1003 1099 1089 1126 usque
1102 1091 1129 1118 in
1141 1091 1305 1119 hodiernum
1323 1091 1406 1123 diem,
1423 1098 1484 1118 eum
1499 1090 1597 1127 legitur
1610 1090 1726 1125 Moyses,
1744 1097 1792 1116 ve-

1003 1138 1092 1164 lamen
1109 1137 1229 1172 positum
1251 1140 1294 1163 est
1310 1143 1392 1169 super
1413 1143 1462 1163 cor
1485 1143 1578 1163 eorum
1594 1135 1628 1168 ¹⁸,
1645 1144 1654 1160 ι
1674 1141 1728 1161 non
1747 1141 1791 1161 re-

1003 1183 1131 1215 velatum,
1146 1183 1209 1217 quia
1225 1183 1253 1210 in
1273 1182 1384 1210 Christo
1399 1181 1531 1209 aufertur.
1546 1181 1610 1210 Alio
1626 1181 1689 1208 item
1710 1179 1789 1207 mode

1003 1227 1118 1254 dicimus
1132 1227 1252 1254 ablatum
1270 1227 1354 1254 fuisse
1374 1235 1389 1253 a
1408 1225 1564 1253 Iudaeorum
1585 1232 1722 1261 synagoga
1747 1233 1791 1252 ro-

1003 1274 1055 1300 bur
1070 1273 1151 1308 vpanis
1165 1278 1192 1300 et
1218 1273 1302 1300 robur
1323 1279 1401 1307 aqua;
1416 1281 1424 1299 :
1445 1279 1536 1299 sermo
1552 1276 1641 1298 autem
1661 1270 1791 1305 mysticus

1003 1323 1053 1346 est.
1079 1318 1134 1346 Nos
1160 1319 1259 1354 quippe
1286 1318 1332 1353 qui
1358 1325 1407 1353 per
1432 1317 1510 1345 ﬁdem
1534 1317 1621 1344 vocati
1649 1323 1743 1344 sumus
1757 1316 1791 1342 ad

1004 1364 1261 1396 sanctiﬁcationem,
1281 1371 1378 1397 panem
1404 1364 1534 1389 lianemus
1555 1363 1587 1389 de
1612 1362 1694 1394 ctelo,
1722 1360 1792 1388 scili-

1004 1418 1047 1439 cet
1061 1411 1210 1442 Christum,
1232 1410 1290 1438 sive
1305 1417 1406 1444 corpus
1421 1409 1490 1444 ejus.
1509 1409 1585 1442 Quod
1599 1409 1621 1436 si
1639 1408 1702 1443 quis
1719 1414 1791 1442 que-

1005 1461 1058 1489 rat,
1078 1457 1216 1491 quodnam
1239 1456 1275 1484 sit
1301 1456 1384 1484 robur
1403 1455 1477 1490 ejus,
1506 1455 1630 1486 dicimus,
1654 1453 1791 1480 viriﬁcum

1004 1509 1085 1529 esse:
1104 1509 1167 1528 nam
1183 1502 1230 1529 dat
1247 1502 1332 1529 vitam
1354 1501 1466 1528 mundo.
1485 1500 1647 1527 Accedimus
1667 1499 1790 1527 similiter

1008 1548 1041 1575 ad
1055 1548 1172 1584 gratiam
1194 1547 1267 1576 sacri
1287 1547 1433 1582 baptismi:
1456 1555 1488 1574 ac
1511 1546 1625 1573 dicimus
1646 1553 1722 1580 aqute
1743 1552 1791 1572 nos

1003 1594 1201 1622 sanctiﬁcantis
1234 1592 1319 1621 robur
1353 1600 1415 1620 esse
1445 1597 1618 1627 peccatorum
1645 1590 1791 1624 depositio-

1004 1648 1077 1673 nem,
1096 1639 1330 1674 regenerationem
1348 1638 1518 1673 spirituulem
1543 1639 1577 1664 ad
1602 1635 1782 1664 conformatio

1004 1693 1066 1713 ncm
1087 1686 1114 1712 in
1131 1686 1218 1720 ipsum
1239 1684 1402 1716 Christum;
1424 1683 1457 1710 ad
1483 1683 1540 1710 haec
1563 1689 1638 1714 vero,
1665 1680 1791 1708 ﬁduciam

1004 1731 1175 1768 ingrediendi
1200 1732 1226 1758 in
1241 1737 1354 1764 regnum
1376 1728 1509 1756 caelorum
1525 1736 1534 1762 ;
1553 1735 1615 1755 nam
1631 1727 1689 1754 ait:
1705 1736 1715 1753 ι
1734 1725 1790 1755 Nisi

1004 1778 1065 1812 quis
1085 1782 1194 1805 renatus
1217 1777 1301 1804 fuerit
1316 1784 1349 1804 ex
1374 1783 1443 1810 aqua
1466 1779 1495 1802 et
1519 1774 1632 1805 Spiritu.
1657 1780 1711 1799 uon
1739 1780 1789 1807 po-

1005 1828 1058 1852 test
1077 1824 1179 1852 intrare
1197 1824 1223 1850 in
1243 1830 1357 1858 regnum
1373 1821 1503 1849 caelorum
1515 1821 1546 1847 ".
1572 1829 1582 1845 ι
1600 1818 1684 1846 ,ἰυόωί
1701 1823 1791 1846 autem

1004 1870 1047 1898 his
1077 1870 1155 1897 bonis
1183 1869 1342 1904 privantur:
1375 1875 1427 1894 non
1450 1859 1523 1893 enim
1555 1872 1636 1900 penes
1665 1865 1725 1892 illos
1750 1869 1791 1891 est

1005 1915 1088 1942 robur
1105 1922 1194 1948 panis,
1220 1914 1247 1941 id
1265 1918 1316 1944 est,
1340 1912 1488 1939 viviﬁcutio
1512 1911 1537 1938 in
1555 1911 1684 1937 Christo:
1704 1916 1791 1944 neque

1004 1959 1068 1987 item
1095 1960 1176 1987 robur
1192 1966 1268 1993 aqua:
1284 1957 1429 1985 obtinent:
1459 1964 1520 1983 nam
1544 1962 1627 1990 penes
1649 1955 1709 1981 illos
1726 1961 1790 1988 pec-

1004 2010 1092 2033 catum
1109 2005 1168 2032 sine
1181 2004 1319 2031 ablutione
1345 2007 1488 2035 remanet;
1513 2008 1600 2036 neque
1621 2002 1654 2028 ad
1678 2009 1790 2036 regnum

1005 2051 1137 2078 caelorum
1158 2049 1282 2079 tendunt.
1304 2048 1350 2083 qui
1373 2047 1511 2075 Christum
1529 2053 1562 2073 eo
1587 2046 1728 2073 ducentem
1749 2046 1793 2073 dc-

1005 2097 1100 2124 decore
1121 2094 1269 2122 aﬂecerint.
1300 2094 1391 2128 Neque
1409 2093 1482 2119 enim
1500 2091 1673 2119 crediderunt
1699 2091 1792 2118 dicen.

1006 2144 1024 2170 ti
1036 2164 1043 2176 ,
1063 2152 1072 2168 ι
1093 2143 1147 2176 Ego
1162 2149 1222 2169 sum
1237 2141 1279 2167 via
1295 2141 1329 2173 '°,
1350 2149 1359 2165 I
1377 2145 1415 2173 et,
1433 2148 1442 2164 ι
1463 2139 1517 2174 Ego
1536 2147 1594 2166 SUIII
1610 2139 1709 2165 ostium
1724 2139 1757 2166 “.
1778 2146 1790 2165 ι

1041 2190 1122 2217 Vens.
1142 2189 1200 2215 5-4.
1229 2197 1238 2214 ι
1258 2187 1291 2214 Et
1309 2187 1460 2221 principem
1481 2192 1563 2220 super
1584 2185 1791 2220 quinquaginta.

1004 2240 1033 2263 et
1051 2233 1237 2262 admirabilem
1260 2231 1464 2263 consiliarium,
1482 2236 1509 2257 et
1530 2229 1680 2264 sapientem
1706 2228 1794 2255 archi-

1006 2285 1105 2307 tectqu
1125 2283 1152 2305 ct
1179 2278 1338 2313 prudentem
1374 2276 1536 2303 auditorem.
1568 2273 1602 2301 Et
1630 2273 1792 2301 constituam

1003 2333 1103 2362 pueros
1118 2325 1253 2360 principes
1273 2331 1380 2355 eorum,
1402 2326 1429 2349 et
1453 2321 1590 2349 derisores
1614 2319 1793 2347 dominabun-

1004 2378 1048 2400 tur
1066 2373 1116 2399 eis.
1135 2382 1144 2398 )
1162 2371 1228 2404 Quis
1252 2377 1317 2405 ergo
1343 2368 1494 2403 conspectis
1518 2367 1564 2399 iis,
1584 2366 1629 2401 qui
1655 2366 1727 2401 apud
1744 2364 1792 2392 Ju-

1005 2420 1078 2448 daeos
1090 2418 1255 2454 patriarcha:
1274 2421 1424 2447 vocantur;
1441 2422 1495 2441 non
1514 2421 1578 2441 vere
1600 2420 1711 2448 pueros,
1738 2419 1792 2439 non

1006 2472 1135 2499 corporea
1148 2469 1264 2493 statura,
1279 2462 1326 2489 sed
1343 2462 1425 2488 animi
1444 2460 1657 2494 itnperfectione,
1673 2467 1704 2485 ac
1719 2465 1793 2484 men-

1007 2512 1041 2539 tis
1065 2510 1233 2545 indigenlia,
1265 2513 1411 2542 nuncupet,
1440 2507 1609 2540 reliquosque
1627 2511 1720 2532 eorum
1742 2503 1794 2530 do-

1005 2562 1113 2584 ctores.
1138 2563 1190 2582 nou
1217 2555 1355 2581 derisores
1382 2554 1470 2586 dicat,
1494 2558 1521 2579 et
1540 2551 1635 2586 quales
1658 2549 1703 2576 hic
1727 2556 1792 2584 pro-

1005 2605 1086 2638 pheta
1107 2601 1260 2636 signiﬁcat?
1684 2600 1686 2602 '

1045 2647 1125 2675 Vens.
1146 2647 1172 2674 5.
1194 2656 1203 2672 ‹
1229 2646 1261 2672 Ει
1284 2646 1369 2672 irruct
1394 2645 1518 2679 populus,
1544 2643 1625 2669 homo
1647 2641 1680 2667 ad
1703 2641 1792 2669 homi-

1008 2702 1081 2727 nem,
1097 2699 1123 2721 et
1143 2695 1224 2721 homo
1239 2693 1272 2719 ad
1288 2692 1440 2727 proximum
1459 2698 1535 2717 suum
1550 2698 1557 2715 :
1583 2698 1592 2714 ι
1611 2688 1692 2724 quod
1705 2687 1794 2716 nullus

205 2787 225 2801 ”
236 2785 329 2812 Matth.
343 2784 416 2816 Iv,4.
457 2781 479 2796 ¹⁰
490 2780 508 2807 ll
519 2781 582 2808 Cor.
598 2788 637 2813 ιιι,
656 2780 700 2808 l5.
740 2779 760 2795 ¹⁹
776 2777 855 2805 loan.
869 2785 910 2809 ιιι,
924 2776 951 2803 5.

1003 2774 1102 2803 “Joan.
1119 2781 1174 2806 xrv,
1194 2774 1220 2800 6.
1259 2774 1280 2789 ἰ
1296 2773 1404 2802 Joan.x,
1418 2771 1442 2797 'l'.

205 2858 243 2892 (Ἰ)
259 2857 307 2884 ilic
321 2855 514 2892 Hieronymus,
530 2852 764 2892 r_Consideremu§
780 2849 950 2892 patriarchas

167 2885 320 2921 Judaiortnn
331 2899 338 2920 ;
351 2896 378 2919 et
393 2885 516 2923 iuvenes,
534 2889 589 2916 sive
602 2895 709 2922 pueros,
730 2885 951 2920 eﬁeutinatosqne

1006 2856 1037 2876 ac
1054 2847 1158 2875 deliciis
1174 2847 1327 2882 afﬂuentes}
1345 2850 1372 2873 et
1386 2845 1523 2880 impletam
1548 2844 1716 2880 prapheliam
1732 2850 1794 2871 esse

1005 2891 1159 2912 cernemus.
1176 2892 1185 2910 1
