2059 3215
270 151 317 178 ill

599 146 736 176 ‘EUSEBII
755 145 994 175 CESARIENSIS
1013 145 1090 174 OPP.
1111 145 1203 174 PARS
1221 146 1265 175 lll.
1287 163 1321 168 -—
1339 146 1546 175 EXEGETICA.

1846 148 1899 176 ΗΞ

268 211 336 238 ordo
369 215 457 243 esset,
478 217 569 245 neque
598 210 709 237 verbum
727 209 778 236 Dei
798 209 824 235 in
858 208 911 236 illis
935 215 1053 235 versare-

1110 208 1175 243 μιᾶς
1189 208 1292 241 τάξεως
1305 207 1398 243 οὔσης,
1415 206 1483 242 μηδὲ
1495 206 1574 242 λόγου
1593 204 1660 232 Θεοῦ
1675 206 1705 233 ἂν
1717 206 1808 238 αὐτοῖς
1823 207 1897 234 πολι-

268 263 387 332 l"risus.
411 302 472 330 6-8.
499 311 508 328 ι
532 301 600 336 Quia
628 301 813 337 apprehendet
839 300 920 328 homo
940 300 1055 329 'l‘ratrem

269 357 346 378 suum
361 368 370 382 ,
389 353 436 376 aut
454 348 632 376 domesticum
655 346 741 382 patris
764 347 818 378 sui,
840 347 944 380 dicens,
968 346 1057 375 Vesti-

271 401 392 423 mentum
416 395 510 428 habes,
527 394 654 429 princeps
666 398 726 420 esto
741 393 831 425 nobis.
845 399 875 420 et
891 393 967 421 cibus
980 401 1056 421 meus

269 443 319 470 sub
340 447 365 468 te
389 441 434 468 sit.
453 440 490 467 Et
514 439 680 474 respondens
703 439 730 466 in
757 438 800 466 die
824 439 869 466 illa
888 439 982 468 dicet:
997 439 1054 467 Non

269 496 317 516 cro
331 487 457 523 princeps
474 491 551 517 tuus;
574 493 628 513 non
644 485 716 512 enim
733 485 759 512 in
777 485 858 513 domo
873 493 932 513 mea
951 490 993 513 est
1007 494 1055 521 pa-

270 534 322 564 nis.
346 539 434 567 neque
456 530 658 558 vestimentum.
675 529 735 557 Non
752 537 800 557 ero
815 531 941 565 princeps
963 529 1055 564 populi

268 579 370 615 hujus:
392 577 454 612 quia
468 576 633 612 relinquitur
653 575 815 608 Ierusalem,
837 581 864 603 et
883 575 975 603 Iudaea
995 583 1055 603 cor—

270 625 335 652 ruit.
360 633 370 651 ι
395 624 485 658 Quare
509 623 536 650 in
563 626 666 650 tantam
689 622 788 649 mentis
807 622 948 656 penuriam
969 626 996 650 et
1014 623 1056 649 in-

268 670 419 705 digentiam
434 673 568 696 venturas
591 668 652 695 illos
672 675 733 696 esse
748 667 832 701 dicit,
857 673 887 695 ut
909 675 995 703 neque
1010 676 1055 695 ve-

267 716 424 743 stimenlum
456 721 544 748 neque
579 720 680 748 panem
709 713 839 746 habeant,
862 714 899 740 ita
925 718 954 740 ut
974 714 1055 741 vesti-

267 766 389 788 mentum
410 758 591 794 spirituallter
610 758 697 793 accipi
715 759 811 793 possit,
829 766 878 794 pro
895 758 996 786 decoro
1009 766 1053 786 or.

269 811 388 841 natoque
409 812 547 839 sermone,
562 805 609 841 qui
632 806 731 832 anima:
750 812 845 833 eorum
861 805 1054 840 turpitudinem

269 851 395 886 obtegat,
413 849 492 884 panis
508 855 599 877 autem
626 849 738 885 intelligi
752 850 843 885 possit
861 850 903 883 is,
927 851 973 885 qui
997 850 1055 877 ani-

268 904 341 925 lnam
357 896 487 923 enutriat.

307 952 316 968 I
335 943 367 970 Et
386 942 486 977 linguae
502 949 595 970 eorum
612 949 673 970 cum
689 942 848 976 iniquitate,
867 942 984 969 Domino
1002 949 1055 969 non

267 988 510 1023 obtemperantes:
531 987 661 1022 quoniam
683 995 756 1014 nunc
778 987 920 1015 hutniliata
942 993 985 1015 est
999 988 1056 1023 giu-

263 1034 307 1060 'ria
329 1040 435 1061 eorum.
457 1043 466 1059 ι
482 1034 579 1061 Annon
603 1033 710 1068 linguas
729 1040 794 1060 suas
807 1039 975 1061 exacuerunt
992 1041 1056 1060 con-

268 1083 311 1105 tra
333 1078 493 1110 Dominum,
513 1079 623 1113 quando
643 1080 725 1106 hasce
749 1079 848 1113 impias
872 1079 989 1106 emisere
1009 1086 1056 1106 vo-

264 1131 324 1157 ces,
343 1133 352 1150 ι
373 1124 467 1158 Tolle,
490 1124 552 1152 tolle
580 1131 663 1157 eum;
700 1129 727 1152 et
755 1125 864 1160 sanguis
889 1125 947 1160 ejus
975 1131 1056 1159 super

267 1177 317 1197 nos
341 1174 370 1198 et
387 1177 469 1205 super
489 1170 559 1198 ﬁlios
578 1175 687 1198 nostros
700 1170 746 1197 “?
761 1180 771 1196 ι
790 1170 866 1204 Tunc
891 1177 985 1198 revera
1007 1169 1057 1198 lin~

266 1224 320 1251 gua
338 1224 432 1243 eorum
457 1220 485 1243 et
505 1215 595 1243 studia
613 1223 722 1248 eorum,
740 1216 889 1243 secundum
910 1214 1055 1250 Aquilam,

262 1267 362 1288 contra
382 1260 526 1289 Dominum
551 1260 641 1294 fuere,
668 1261 702 1289 ad
724 1261 944 1290 exacerbandum
966 1260 1054 1294 illum,

262 1307 417 1334 secundum
434 1305 641 1342 Symmachum.

303 1353 385 1381 V‘sns.
403 1353 480 1381 9-12.
496 1362 505 1378 I
520 1352 552 1379 Et
563 1353 660 1388 linguae
670 1359 764 1380 eorum
781 1352 880 1387 iniquae
897 1358 906 1379 :
925 1360 986 1387 quae
1004 1353 1057 1380 Do-

266 1399 333 1428 mini
366 1404 430 1427 sunt
457 1406 511 1426 non
541 1399 664 1426 credunt.
694 1397 787 1432 Itaque
815 1405 887 1425 nunc
914 1397 1055 1425 humiliata

267 1446 353 1481 gloria
367 1452 473 1478 eorum,
489 1449 517 1472 et
535 1443 658 1472 confusio
672 1443 762 1470 vultus
779 1449 874 1471 eorum
888 1443 989 1470 restitit
1003 1443 1053 1470 eis.

267 1493 411 1520 Peccatum
426 1495 515 1519 autem
533 1498 613 1518 suum
634 1489 713 1525 quasi
727 1489 907 1517 Sodomorum
923 1489 1055 1521 praedica-

267 1543 330 1566 runt
351 1543 379 1566 et
402 1537 584 1574 publicarunt.
607 1535 655 1563 Va:
679 1536 776 1563 anima).
789 1541 894 1566 eorum.
912 1535 975 1570 quia
987 1534 1054 1562 inie—

266 1589 330 1612 runt
348 1584 488 1612 consilium
501 1582 600 1610 malum
633 1587 728 1610 contra
743 1589 783 1614 se,
800 1581 937 1609 dicentes:
950 1580 1053 1615 Allige-

266 1639 327 1659 mus
338 1631 452 1667 justum,
471 1630 535 1665 quia
549 1628 652 1656 inutilis
667 1633 709 1656 est
719 1627 806 1655 nobis.
830 1627 925 1663 Itaque
951 1628 1054 1654 fructus

259 1685 379 1712 operum
405 1683 517 1704 suorum
551 1675 705 1703 comedent.
729 1674 775 1702 Va:
789 1674 893 1709 iniquo,
914 1673 985 1701 mala
1005 1681 1054 1708 pro

266 1724 394 1759 operibus
426 1730 553 1750 manuum
573 1721 632 1756 ejus
657 1721 787 1749 evenient
805 1721 842 1748 ei.
854 1719 955 1755 Popule
967 1727 1053 1752 meus,

267 1775 411 1797 exactores
425 1768 507 1796 vestri
524 1769 665 1795 demetunt
679 1774 740 1800 v0s,
760 1771 788 1794 et
807 1767 949 1801 exigentes
966 1766 1055 1793 donli-

266 1820 368 1842 nantur
384 1814 470 1841 vobis.
492 1812 594 1848 Popule
608 1819 695 1845 lucus,
718 1812 764 1848 qui
786 1812 880 1840 beatos
895 1819 944 1838 vos
954 1811 1054 1846 praedi-

259 1865 344 1892 cunt,
362 1859 499 1894 decipiunt
513 1865 571 1891 vos,
587 1862 614 1885 et
633 1858 760 1884 semitam
782 1857 881 1893 pedum
902 1861 1054 1884 vestrorum

267 1907 387 1933 turbant.
407 1915 416 1932 ι
435 1905 502 1932 Cum
514 1903 619 1932 Iudaici
635 1903 726 1939 populi
738 1902 887 1938 principes,
899 1901 1053 1929 Judreorum

265 1952 335 1978 bona
352 1951 403 1978 sibi
420 1950 549 1985 colligere
567 1949 666 1976 vellent
681 1957 728 1984 per
737 1948 872 1984 primitias
883 1953 910 1975 et
921 1949 1052 1979 decimas,

266 1996 390 2030 aliasque
408 2002 452 2022 res
469 1995 532 2026 sibi.
548 1999 639 2030 utpote
653 1995 822 2029 principibus
839 1999 866 2022 et
882 1994 1053 2026 doctoribus,

264 2042 380 2073 oblatas,
400 2049 453 2068 non
474 2040 599 2068 sinebant
621 2047 669 2067 eos
694 2040 728 2066 ad
754 2040 854 2067 Christi
872 2040 1053 2074 cognitioniem

266 2088 406 2115 accedere.
419 2086 486 2113 Cum
507 2094 573 2122 ergo
592 2093 674 2120 supra
701 2090 851 2112 memorata
871 2085 945 2112 lucra
963 2086 1054 2120 exige-

264 2138 326 2161 rent
339 2153 346 2166 ,
365 2133 424 2160 ideo
442 2137 586 2168 peccantes
599 2139 652 2159 non
667 2131 872 2166 coarguebant,
891 2131 937 2158 sed
963 2132 1053 2158 omnia

264 2179 298 2207 ad
313 2179 496 2207 adulationem
522 2179 549 2206 in
575 2177 720 2212 coll0quiis
743 2181 936 2212 temperantes.
959 2177 1053 2203 beatos

263 2233 312 2254 eos
324 2225 527 2260 praedicabant;
544 2228 573 2252 et
585 2232 600 2251 a
614 2228 687 2251 recta
700 2223 745 2250 via
759 2222 792 2249 ad
808 2222 930 2249 salutare
940 2223 1052 2249 verbum

264 2273 382 2299 ducente
406 2275 573 2303 avertcntes,
596 2277 709 2306 gressus
733 2270 832 2296 animae
847 2277 938 2296 eorum
959 2269 1052 2296 devia-

260 2318 341 2345 bant.

298 2409 378 2436 Vsus.
394 2407 485 2436 13-“.
503 2417 513 2434 ι
531 2407 584 2435 Sed
593 2415 667 2435 nunc
680 2407 897 2435 constituetu-rin
907 2407 1050 2441 judicium,

261 2456 340 2483 sistet
357 2456 383 2481 in
402 2454 532 2487 judicium
558 2453 685 2488 populum
708 2461 809 2480 suum:
838 2454 896 2488 ipse
921 2453 1050 2482 Dominus

261 2503 287 2529 in
300 2501 435 2537 judicium
451 2502 541 2528 veniet
563 2508 624 2527 cum
652 2499 807 2528 senioribus
829 2500 919 2535 populi
942 2506 970 2528 et
989 2509 1050 2528 cum

259 2548 430 2584 principibus
457 2548 527 2582 ejus.
545 2555 555 2573 ι
574 2547 725 2574 Admodum
749 2551 954 2580 consentanee,
975 2551 1051 2581 post-

253 2604 338 2630 quam
353 2596 470 2630 primum
486 2592 639 2621 Salvatoris
657 2593 804 2620 adventum
833 2599 865 2619 ac
896 2593 1049 2627 principum

258 2641 349 2677 populi
363 2640 534 2669 eversionem
542 2639 705 2666 vaticinatus
718 2643 761 2665 est
771 2660 778 2672 ,
795 2639 907 2665 secundi
917 2639 1048 2666 adventus

251 2689 315 2723 ejus
325 2687 449 2715 notitiam
461 2685 595 2714 tradithis
608 2685 713 2712 verbis:
727 2693 736 2709 ι
749 2684 808 2718 Ipse
816 2684 946 2713 Dominus
957 2685 1048 2713 veniet

292 2748 315 2762 “
330 2746 410 2774 Juan.
425 2754 483 2780 χιι,
501 2746 546 2773 45.
561 2745 658 2772 Matth.
675 2751 764 2778 ιινιι,
778 2745 826 2777 25.

237 2790 250 2807 "l
293 2804 331 2841 (8)
349 2804 416 2841 l_l_inc
427 2810 534 2838 quoque
556 2802 737 2841 Hieronymus
753 2805 876 2838 quzedam
890 2808 1038 2841 excerpsit.

293 2838 330 2876 (9)
353 2839 415 2866 lla-c
439 2841 475 2866 ita
498 2838 626 2876 exprimit
650 2838 850 2876 Ilierouymus:
877 2850 886 2866 ι
908 2838 1041 2876 Loquitur

257 2873 347 2903 anteiit
366 2881 453 2902 sermo
464 2873 642 2906 propheticus
659 2873 878 2903 contra’Sct-ibas
901 2883 929 2905 et
949 2873 1039 2905 libari-

1108 254 1265 289 τευομένου.

1145 308 1154 324 ι
1174 299 1235 326 Ὀτι
1255 299 1417 335 ἐπιλήψεται
1437 298 1580 332 ἄνθρωπος
1596 297 1644 325 τοῦ
1664 297 1779 334 ἀδελφοῦ
1802 299 1896 333 αὑτοῦ,

1106 343 1123 379 ἢ
1140 344 1187 370 τοῦ
1211 345 1312 371 οἰκείου
1335 343 1384 371 τοῦ
1413 344 1515 380 πατρὸς
1536 342 1631 376 αὑτοῦ,
1657 343 1762 379 λέγων’
1781 345 1897 381 Ἰμᾶτιον

1106 388 1189 424 ἔχεις,
1209 390 1329 426 ἀρχηγὸς
1346 389 1424 424 γενοῦ
1443 390 1532 426 ἡμῶν,
1554 389 1602 416 καὶ
1618 389 1648 416 τὸ
1669 389 1767 426 βρῶμα
1780 390 1812 418 τὸ
1831 392 1897 427 ἐμὸν

1106 435 1159 462 ὑπὸ
1180 436 1209 462 σὲ
1229 436 1309 462 ἔστω.
1329 436 1385 463 Καὶ
1403 436 1563 472 ἀποκριθεὶς
1583 437 1613 463 ἐν
1636 439 1669 473 τῇ
1688 438 1780 473 ἡμέρᾳ
1805 438 1898 474 ἐκείνῃ

1107 483 1180 518 ἐρεῖ·
1197 481 1254 508 Οὐκ
1269 482 1365 518 ἔσομαί
1389 491 1436 509 σου
1452 483 1587 519 ἀρχηγός·
1609 483 1638 510 οὺ
1654 483 1708 519 γὰρ
1730 484 1759 511 ὲν
1777 483 1816 519 τῷ
1830 485 1898 519 οἴκῳ

1107 527 1159 563 μοῦ
1175 528 1248 555 ἐστιν
1271 528 1367 564 ἄρτος,
1381 528 1441 555 οὐδὲ
1458 528 1574 564 ἱμάτιον.
1590 529 1647 556 Οὐκ
1662 529 1758 565 ἔσομαι
1776 530 1897 565 ἀρχηγὸς

1105 573 1152 600 τοῦ
1181 573 1245 601 λαοῦ
1268 574 1381 606 τούτου,
1405 575 1446 602 ὃτι
1470 575 1575 603 ἀνεῖται
1605 575 1796 611 Ἰερουσαλὴμ,
1814 577 1860 602 καὶ
1877 576 1896 612 ἠ

1111 619 1225 646 Ἰουδαία
1242 619 1438 654 συμπέπτωκε.
1459 629 1468 646 ι
1489 620 1534 647 Διδ
1554 621 1600 649 καὶ
1621 622 1660 653 είς
1677 621 1810 657 τοσαύτην
1825 631 1899 649 ττι-ω-

1105 665 1179 701 χείαν
1200 665 1306 701 φρενῶν
1322 667 1368 693 καὶ
1385 666 1487 693 ἔνδειαν
1506 667 1612 694 ἐλάσειν
1635 667 1733 699 αὐτούς
1750 676 1842 703 φησιν,
1858 669 1897 699 ὡς

1107 711 1174 746 μηδὲ
1197 711 1318 745 ἱματίου,
1334 711 1401 747 μηδὲ
1427 712 1510 748 ἄρτου
1533 714 1675 749 εὐπορεῖν·
1702 714 1808 749 ἱματίου
1835 714 1896 749 μὲν,

1105 756 1322 791 ἐκλαμϐάνεσθαι
1341 757 1490 793 δυναμένου
1514 759 1634 794 νοητῶς,
1659 758 1705 785 τοῦ
1729 759 1897 794 εὐσχήμονος

1106 803 1152 828 καὶ
1165 802 1276 837 κοσμίου
1293 802 1371 836 λόγου
1387 803 1433 829 τοῦ
1449 803 1631 836 καλύπτοντος
1642 805 1730 831 αὐτῶν
1743 804 1793 839 τῆς
1807 805 1897 840 ψυχῆς

1106 847 1154 882 τὴν
1169 847 1376 884 ἀσχημοσύνην
1393 848 1475 883 ἄρτου
1490 849 1518 875 δὲ
1532 849 1579 876 τοῦ
1594 850 1642 885 τῆς
1656 849 1774 881 διανοίας
1789 849 1898 884 Θρεπτι-

1071 885 1094 913 Β
1107 892 1166 919 κοῦ.

1145 948 1154 964 ι
1176 939 1230 965 Καὶ
1253 939 1281 965 αἱ
1296 939 1417 974 γλῶσσαι
1438 939 1527 966 αὐτῶν
1546 940 1615 975 μετὰ
1638 941 1762 976 ἀνομίας,
1778 941 1812 968 τὰ
1828 942 1896 977 πρὸς

1106 985 1207 1021 Κύριον
1226 985 1417 1018 ἀπειθοῦντες·
1440 987 1506 1013 διότι
1528 987 1575 1014 νῦν
1602 986 1770 1023 ἐταπεινώθη
1795 989 1812 1023 ἡ
1832 988 1897 1020 δόξα

1106 1031 1206 1059 αὐτῶν.
1227 1041 1236 1058 ι
1253 1031 1292 1067 (8)
1308 1033 1343 1058 Ἢ
1363 1032 1424 1068 οὐχὶ
1436 1033 1485 1064 τὰς
1499 1033 1604 1060 ἑαυτῶν
1619 1034 1756 1070 ἠκόνησαν
1772 1034 1896 1068 γλώσσας

1107 1080 1177 1107 κατὰ
1192 1079 1238 1106 τοῦ
1255 1080 1370 1115 Κυρίου,
1387 1080 1505 1116 ὁπηνίκα
1519 1081 1568 1113 τὰς
1588 1081 1695 1113 ἀσεϐεῖς
1708 1082 1822 1117 ἠφίεσαν
1841 1091 1898 1116 φω-

1107 1125 1154 1156 νὰς
1173 1125 1312 1158 λέγοντες’
1327 1133 1336 1150 ι
1353 1123 1428 1161 Αἶρε,
1446 1124 1507 1161 αἶρε
1522 1127 1611 1153 αὐτόν’
1627 1127 1658 1153 τὺ
1669 1124 1739 1163 αἷμα
1754 1127 1835 1154 αὑτοῦ
1854 1129 1897 1162 ἐφ’

1103 1171 1180 1206 ἡμᾶς
1197 1170 1244 1197 καὶ
1259 1171 1306 1196 ἐπὶ
1319 1171 1353 1197 τὰ
1371 1171 1452 1198 τέκνα
1473 1172 1569 1207 iuxtim;
1590 1182 1599 1198 ι
1624 1173 1691 1199 Τότε
1705 1173 1758 1208 γόςρ
1772 1172 1808 1204 ὡς
1831 1173 1898 1208 ἁλησ

1107 1216 1192 1252 θῶςή
1210 1216 1320 1250 γλῶσσα
1344 1216 1434 1244 αὐτῶν
1456 1218 1503 1244 καὶ
1523 1218 1557 1245 τὰ
1572 1218 1775 1254 ἐπιτηδεύματα
1795 1218 1895 1249 αὐτῶν,

1104 1262 1176 1288 κατὰ
1193 1262 1239 1289 τὸν
1260 1262 1386 1295 Ἀκύλαν,
1401 1263 1473 1290 κατὰ
1487 1264 1533 1290 τοῦ
1556 1264 1659 1300 Κυρίου
1674 1264 1796 1299 γέγονεν,
1811 1266 1850 1296 εἰς
1866 1265 1896 1292 τὸ

1105 1308 1312 1343 παρκπικρᾶναι
1324 1307 1414 1340 αὑτὸν,
1430 1308 1501 1336 κατὰ
1516 1309 1674 1345 Σύμμαχον.

1144 1361 1153 1377 ι
1175 1352 1232 1379 Καὶ
1249 1354 1275 1379 αί
1291 1353 1412 1387 γλῶσσαι
1429 1354 1519 1382 αὐτῶν
1540 1355 1609 1390 μετὰ
1630 1355 1754 1392 ἀνομίας,
1775 1356 1810 1384 τὰ
1827 1357 1896 1394 πρὸς

1106 1399 1206 1434 Κύριον
1230 1400 1415 1433 ἀπειθοῦντες.
1442 1401 1514 1428 Διότι
1531 1401 1579 1429 νῦν
1600 1402 1768 1439 ἐταπεινώθη
1790 1405 1808 1439 ἡ
1831 1404 1896 1437 δόξα

1105 1445 1204 1478 αὐτῶν,
1222 1446 1269 1472 καὶ
1283 1447 1300 1482 ἡ
1317 1446 1431 1482 αίσχῦνη
1448 1447 1540 1474 αὐτῶν
1554 1447 1601 1475 τοῦ
1618 1448 1764 1484 προσώπου
1778 1450 1894 1486 ἀντέστη

1105 1491 1205 1522 αὐτοῖς.
1224 1491 1280 1527 Τὴν
1300 1491 1328 1518 δὲ
1351 1492 1489 1528 ἁμαρτίαν
1505 1493 1595 1520 αὐτῶν
1610 1494 1648 1526 ὼς
1668 1493 1792 1529 Σοδόμων
1807 1495 1895 1530 ἀνήγ-

1105 1536 1197 1570 γειλαν
1226 1537 1272 1564 καὶ
1295 1538 1465 1573 ἐνεφάνισαν.
1483 1538 1550 1566 υύαὶ
1567 1541 1601 1575 τῇ
1621 1539 1693 1576 ψυχῇ
1714 1540 1813 1573 αὐτῶν,
1829 1540 1895 1567 διότι

1106 1581 1293 1616 βεϐούλευνται
1302 1583 1397 1619 βουλὴν
1406 1584 1527 1620 πονηρὰν
1542 1585 1603 1612 καθ’
1617 1585 1732 1619 ἑαυτῶν,
1750 1587 1874 1618 εἰπόντες
1885 1595 1891 1602 ·

1103 1630 1234 1664 Δήσωμεν
1249 1630 1294 1656 τὸν
1308 1630 1423 1663 δίκαιον,
1434 1632 1476 1658 ὅτι
1486 1631 1653 1668 δύσχρηστος
1666 1633 1731 1669 ἡμῖν
1745 1635 1827 1661 ἐστιν.
1837 1633 1897 1661 Τοί-

1104 1683 1152 1702 νυν
1170 1676 1205 1703 τά
1215 1677 1371 1712 γεννήματα
1389 1678 1444 1705 τῶν
1459 1677 1548 1713 ἔργων
1562 1679 1651 1706 αὐτῶν
1668 1679 1810 1714 φάγονται.
1827 1680 1895 1706 Οὐαὶ

1104 1721 1143 1757 τῷ
1158 1722 1262 1758 ἀνόμῳ,
1284 1723 1390 1759 πονηρὰ
1405 1723 1480 1750 κατὰ
1491 1723 1524 1750 τὰ
1540 1724 1608 1760 ἔργα
1623 1725 1678 1752 τῶν
1698 1725 1798 1761 χειρῶν
1812 1726 1894 1752 αὐτοῦ

1103 1767 1274 1804 συμβήσεται
1285 1769 1368 1804 αὐτῷ.
1385 1770 1455 1802 Λαός
1472 1779 1535 1806 μου,
1550 1771 1575 1797 oi
1589 1771 1743 1808 πράκτορες
1757 1772 1835 1807 ὑμῶν
1850 1781 1895 1799 κα-

1105 1813 1244 1849 λαμῶνται
1273 1815 1355 1851 ὑμᾶς,
1385 1817 1433 1843 καὶ
1461 1817 1485 1843 oi
1514 1817 1694 1851 ἀπαιτοῦντες
1722 1819 1895 1854 κυριεύουσιν

1102 1859 1192 1895 ὑμῶν.
1219 1860 1290 1892 Auri;
1314 1870 1375 1896 μου,
1404 1862 1428 1889 οἱ
1452 1863 1653 1903 μακαρίζοντες
1669 1864 1741 1900 ὑμᾶς
1756 1864 1894 1892 πλανῶσιν

1104 1905 1188 1941 ὖμᾶς,
1206 1907 1252 1933 καὶ
1268 1907 1317 1943 τὴν
1329 1908 1422 1943 τρίϐον
1437 1909 1492 1935 τῶν
1505 1909 1592 1937 ποδῶν
1608 1910 1685 1946 ὑμῶν
1709 1911 1894 1947 ἐκταράσσου-

1106 1960 1132 1978 σι
1143 1952 1190 1986 (9).
1209 1962 1218 1979 ι
1234 1953 1393 1990 Βουλόμενοι
1412 1955 1447 1981 τὰ
1463 1956 1539 1991 παρὰ
1562 1956 1610 1983 τοῦ
1628 1957 1693 1984 λαοῦ
1715 1958 1842 1992 συνάγειν
1869 1960 1894 1985 oi

1104 1998 1233 2035 αρχοντες
1247 1999 1294 2026 τοῦ
1319 2000 1453 2028 Ἰουδαίων
1465 2001 1557 2034 ἔθνους
1571 2002 1604 2029 δι’
1614 2003 1746 2039 ἀπαρχῶν
1757 2004 1803 2031 καὶ
1811 2004 1893 2031 δεκα·

1104 2043 1169 2075 τῶν,
1180 2045 1226 2071 καὶ
1234 2044 1321 2072 ἄλλων
1330 2046 1384 2072 τῶν
1396 2046 1487 2079 αὐτοῖς
1497 2048 1535 2079 ὡς
1545 2048 1658 2084 ἄρχουσι
1670 2049 1716 2076 καὶ
1725 2048 1894 2081 διδασκάλοις

1104 2089 1344 2125 προσφερομένων,
1377 2091 1426 2118 οὐκ
1456 2092 1608 2128 ἐπέτρεπον
1634 2094 1684 2130 τὴν
1710 2096 1750 2127 είς
1776 2096 1894 2131 Χριστὸν

1104 2134 1204 2168 γνῶσιν
1225 2136 1323 2168 αὐτοὺς
1345 2137 1501 2165 ἀναλαϐεῖν.
1530 2139 1722 2173 ’.Λπαιτοῦντες
1746 2142 1835 2168 τοίνυν
1860 2142 1894 2168 τὰ

1104 2179 1287 2215 προλεχθέιτα
1308 2181 1404 2218 κέρδη,
1419 2182 1523 2210 τούτων
1545 2183 1626 2211 ἕνεκα
1640 2185 1701 2212 οὐδὲ
1723 2186 1786 2218 τοὺς
1804 2187 1893 2223 ἀμαρ-

1069 2225 1233 2262 υτάνοντας
1256 2227 1387 2263 ήλεγχον·
1413 2229 1503 2256 πάντα
1528 2230 1556 2257 δὲ
1580 2232 1648 2268 πρὸς
1672 2232 1816 2268 κολακείαν
1831 2233 1893 2269 ὀμι-

1104 2271 1224 2304 λοῦντες,
1241 2274 1408 2309 ἐμακάριζον
1424 2276 1523 2308 αὐτούς
1533 2284 1542 2292 “
1567 2279 1615 2304 καὶ
1629 2278 1831 2315 ἀποτρέποντες
1845 2280 1894 2315 τῆς

1104 2317 1212 2350 εὐθείας
1230 2319 1302 2351 ὁδοῦ,
1317 2320 1368 2355 τῆς
1380 2321 1502 2358 ἀγούσης
1524 2323 1571 2350 ἐπὶ
1592 2324 1637 2351 τὸν
1654 2326 1787 2361 σωτήριον
1805 2326 1892 2361 λόγον,

1102 2365 1260 2402 διέστρεφον
1272 2367 1362 2394 αὐτῶν
1378 2368 1412 2395 τὰ
1430 2369 1481 2405 τῆς
1493 2369 1583 2406 ψυχῆς
1600 2371 1720 2407 βήματα.

1143 2421 1152 2437 ι
1179 2412 1259 2438 Ἀλλὰ
1278 2413 1325 2440 νῦν
1339 2415 1540 2451 καταστήσεται
1555 2417 1595 2448 είς
1618 2417 1720 2452 κρίσιν,
1737 2417 1785 2444 καὶ
1801 2419 1893 2454 στήσει

1108 2458 1149 2489 είς
1169 2458 1260 2494 κρίσιν
1275 2459 1320 2486 τὸν
1336 2459 1400 2487 λαὸν
1415 2460 1498 2488 αὑτοῦ
1508 2470 1514 2477 ·
1531 2462 1613 2493 αὐτὸς
1627 2463 1729 2500 Κύριος
1742 2465 1782 2495 είς
1805 2465 1894 2500 κρίσιν

1103 2502 1163 2538 ἥξει
1181 2504 1249 2539 μετὰ
1265 2505 1319 2532 τῶν
1344 2506 1537 2543 πρεσῦυτέρων
1551 2507 1596 2534 τοῦ
1613 2508 1679 2534 λαοῦ
1694 2509 1741 2536 καὶ
1757 2510 1825 2545 μετὰ
1841 2510 1894 2537 τῶν

1100 2549 1240 2585 ἀρχόντων
1254 2551 1349 2578 αὐτοῦ.
1365 2561 1375 2577 ι
1388 2552 1493 2589 Σφόδρα
1506 2553 1535 2580 δὲ
1548 2553 1703 2586 ἀκολούθως
1717 2556 1767 2591 τὴν
1784 2555 1894 2591 πρώτην

1102 2595 1150 2622 τοῦ
1166 2596 1290 2632 Σωτῆρος
1305 2598 1456 2631 παρουσίαν
1479 2598 1620 2632 θεσπίσας,
1636 2600 1685 2627 καὶ
1706 2600 1755 2636 τὴν
1769 2601 1823 2627 τῶν
1846 2602 1894 2636 ἀρ⁴

1103 2641 1203 2676 χόντων
1219 2642 1265 2669 τοῦ
1282 2643 1345 2670 λαοῦ
1367 2643 1541 2681 διαστροφὴν,
1554 2646 1611 2682 ,τῆς
1632 2646 1760 2683 δευτέρας
1775 2647 1894 2681 ἀφίξεως

1102 2687 1186 2714 αὑτοῦ
1201 2689 1368 2724 παραδίδωσι
1381 2690 1430 2726 τὴν
1444 2691 1557 2726 γνῶσιν,
1571 2692 1667 2728 λέγων’
1682 2693 1783 2725 «Αὐτὸς
1792 2693 1894 2728 Κύριος

1097 2817 1175 2841 szeos,
1204 2810 1248 2844 qui
1277 2811 1365 2845 turpis
1390 2811 1458 2839 lucri
1475 2813 1572 2847 gratia,
1597 2817 1628 2839 ut
1650 2812 1805 2847 acciperent
1822 2812 1892 2840 duci-

1097 2853 1165 2877 mus,
1182 2855 1190 2872 ι
1208 2853 1273 2880 ctc.,
1292 2848 1337 2875 ubi
1351 2848 1417 2875 item
1432 2856 1491 2884 qua:
1506 2849 1826 2883 subsequunturlegt-sis.
