2059 3215
155 213 207 242 HS

630 209 887 238 COMMENTARIA
907 209 940 237 ΙΝ
960 210 1087 238 ιδΑιΑΜ.
1107 226 1140 231 -
1159 210 1235 239 CAP.
1257 210 1301 240 IV.

1738 215 1786 243 ιιι

152 274 213 310 ἥξει
223 274 263 305 εἰς
277 272 379 309 κρίσιν,
393 281 401 297 ι
413 271 460 298 καὶ
474 271 508 297 τὰ
517 269 588 306 ἑξῆς.
605 280 612 295 ι
625 269 718 306 Ὑμεῖς
731 270 759 297 δὲ
770 270 948 306 ὲνεπυρίσατε

1001 270 1028 297 iu
1054 269 1197 305 judicium,
1218 280 1227 297 ι
1241 275 1294 298 ctc.
1311 280 1320 296 ι
1339 269 1392 298 Vos
1405 276 1495 300 autem
1509 272 1668 302 incendistis
1681 275 1785 304 vineam

151 320 199 347 τὸν
211 318 362 354 ἀμπελῶνα
386 325 448 352 μου.
479 316 526 343 καὶ
547 315 658 351 ἁρπαγὴ
670 315 716 342 τοῦ
728 315 835 350 πτωχοῦ
848 316 876 341 ὲν
892 315 947 346 τοῖς

153 366 239 396 οἴκοις
255 363 343 399 ὑμῶν.
359 373 368 389 ι
387 362 441 393 Ub;
457 361 494 394 ὡς
510 361 703 397 παραστάντας
723 361 762 396 τῷ
776 360 823 387 τοῦ
844 360 946 396 Κυρίου

155 411 259 446 βήματι
286 408 507 444 καταμέμφεται,
538 407 585 434 καὶ
611 407 650 438 εἰς
676 407 822 442 πρόσωπον
849 406 947 438 αὐτοὺς

156 456 317 491 ἀπελέγχει·
342 454 405 482 λαὸν
423 454 451 481 δὲ
471 453 552 481 αὑτοῦ
571 453 712 486 ἀποκαλεῖ,
734 453 780 480 καλ¹
801 453 947 488 ἀμπελῶνα

156 501 241 528 αὑτοῦ
257 500 506 537 ὲμπεπυρισμένον,
521 501 584 532 τοὺς
605 500 675 527 κατὰ
700 500 879 536 συναρπαγὴν
900 500 947 526 καὶ

154 548 322 583 διαστροφὴν
338 548 393 574 τῶν
408 547 575 574 διδασκάλων
595 547 799 583 ἠπατημένους,
817 546 863 579 οὓς
881 548 947 574 ἀνα-

156 594 323 630 καλούμενος
336 594 383 620 καὶ
403 593 472 629 πρὸς
484 593 578 621 ἑαυτὸν
600 593 782 629 ἐπιστρέψων,
799 593 947 629 ἀποτρέπει

155 640 206 675 τῆς
221 639 276 666 τῶν
289 639 490 675 προλεχθέντων
505 638 665 673 διαστρόφου
680 638 864 669 διδασκαλίας.

196 695 206 711 ι
226 685 258 712 Τί
273 685 352 720 ὑμεῖς
375 684 493 711 ἀδικεῖτε
513 683 559 710 τὸν
582 684 646 711 λαόν
664 693 728 720 μου,
754 684 801 710 καὶ
819 684 849 710 τὺ
866 683 949 720 πρόσ-

156 739 231 758 ωπον
249 730 301 757 τῶν
325 729 442 765 πτωχῶν
456 730 666 765 καταισχύνετε;
684 739 693 756 ι
713 729 793 761 Ἐθος
810 731 866 761 τοῖς
888 729 948 756 ἁδι-

157 776 237 803 κοῦσι
262 777 309 802 καὶ
327 775 535 811 ἀποστεροῦσιν,
554 776 664 803 ἐπειδὰν
683 775 859 810 ἐγκαλοῦνται
874 775 949 812 παρὰ

156 821 211 848 τῶν
227 821 410 857 ἠδικημένων,
427 820 521 856 ὕϐρεσι
538 821 584 848 καὶ
601 821 746 857 λοιδορίαις
759 820 949 856 καταισχύνειν

158 868 267 899 αὐτοὺς,
278 867 490 901 ὲξευτελίζοντες
499 868 544 894 καὶ
555 867 660 902 πληγὰς
669 866 853 899 ἀπειλοῦντες.
865 866 950 894 Τοῦτο

157 912 205 941 οὖν
223 921 299 949 φησι,
324 913 380 950 Τὴν
401 913 466 948 ὑμῖν
492 914 682 949 προσήκουσαν
707 913 740 940 ἐκ
765 912 814 948 τῆς
843 913 949 945 ἀδικίας

999 323 1100 349 meam,
1117 321 1145 344 et
1176 316 1270 351 rapina
1297 317 1424 352 pauperis
1449 318 1477 345 in
1502 319 1627 348 domibus
1650 321 1758 349 vestris.
1774 331 1785 348 ι

1002 361 1076 395 Quos
1104 367 1133 389 ut
1163 362 1291 390 tribunali
1320 363 1424 391 Domini
1451 369 1577 392 astantes
1601 364 1734 400 objurgat,
1760 372 1788 395 et

1000 409 1073 444 ipsos
1100 415 1191 436 coram
1223 410 1358 444 coarguit.
1385 410 1634 445 Populnm‘autem
1657 419 1735 440 suum
1760 419 1788 441 et

999 455 1107 482 vincant
1126 463 1202 482 suam
1223 455 1367 483 incensam
1381 461 1461 484 vocat
1473 463 1530 488 eos,
1545 457 1591 492 qui
1605 465 1639 485 ex
1655 459 1746 493 rapina
1761 464 1788 486 et

1000 500 1180 536 perversitate
1197 501 1337 528 doctorum
1359 501 1465 536 decepti
1485 507 1549 530 sunt
1564 510 1571 530 :
1584 510 1652 538 quos
1670 510 1788 531 evocans

999 551 1025 574 et
1036 547 1069 574 ad
1085 554 1115 574 se
1133 548 1284 580 reducens,
1301 555 1315 574 ιι
1333 555 1463 582 perversa
1474 554 1685 577 memoratarum
1699 550 1787 578 homi-

1001 600 1065 620 num
1081 593 1204 621 doctrina
1218 592 1330 620 avertit.

1039 683 1122 712 Vens.
1140 683 1184 711 l5.
1210 693 1219 710 ι
1239 683 1307 717 Quid
1331 691 1379 711 vos
1405 683 1502 718 injuria
1530 685 1635 714 aﬂicitis
1662 687 1788 722 populant

1001 736 1100 762 meum.
1110 735 1138 757 et
1147 729 1248 757 vultum
1258 737 1405 765 pauperum
1413 731 1601 759 confunditis?
1613 742 1622 759 ι
1634 732 1691 760 Mos
1701 738 1743 760 est
1756 734 1789 761 iis

1002 778 1048 812 qui
1064 777 1190 811 injuriam
1211 777 1330 804 inferunt
1350 782 1378 805 et
1393 778 1541 813 abripiunt,
1557 783 1586 806 ut
1605 787 1666 808 cum
1682 788 1697 807 a
1718 780 1789 809 laesis

1001 823 1217 858 expostulantur.
1241 824 1414 851 contumeliis
1434 829 1461 851 et
1479 825 1610 853 conviciis
1636 825 1708 860 ipsos
1722 834 1789 853 con-

1001 868 1141 900 fundant,
1171 869 1368 903 vilipendentes
1399 876 1432 896 ac
1461 869 1555 904 plagas
1580 871 1789 898 comminantes.

1002 913 1058 941 Hoc
1073 914 1159 950 igitur
1176 915 1228 947 ait,
1251 914 1450 949 Congruentem
1466 915 1543 943 vobis
1555 923 1588 943 ex
1604 916 1677 944 illata
1692 917 1789 952 injuria

157 960 288 997 αῑιχὺνην
304 961 417 996 ταύτην,
435 961 468 986 ὲκ
480 960 529 997 τῆς
545 960 703 996 τυραννίδος
717 960 794 996 ὑμῶν
806 961 862 993 τοῖς
877 970 948 988 πτω-

1001 961 1144 995 pudorem,
1160 960 1302 996 tyrannica
1326 961 1351 988 vi
1365 964 1484 994 utentes,
1504 961 1532 989 in
1547 969 1681 996 pauperes
1699 962 1790 990 refun-

158 1011 216 1044 χοῖς
236 1008 426 1045 περιτρέπετε.

199 1064 209 1081 ι
225 1055 295 1082 Τάδε
308 1054 381 1088 λέγει
399 1053 513 1090 Raptor
533 1049 647 1080 ’Δνθ’ὧν
661 1051 806 1089 ὺψὼθησαν
823 1052 852 1079 αἱ
867 1051 949 1087 θυγα-

160 1099 240 1135 τέρες
257 1099 337 1132 Σιὼν,
358 1098 405 1126 καὶ
419 1097 606 1134 ἐπορεύθησαν
628 1097 723 1133 ὕψηλῷ
745 1097 884 1134 τραχήλῳ,
902 1098 949 1125 και

161 1147 192 1173 ὲν
213 1145 342 1181 νεύμασιν
362 1145 515 1181 ὀφθαλμῶν,
534 1145 581 1172 καὶ
603 1145 637 1181 τῇ
658 1145 758 1180 πορείᾳ.
779 1144 832 1171 τῶν
851 1144 949 1177 ποδῶν,

161 1193 219 1228 ἅμα
244 1192 372 1229 σύρουσαι
397 1193 460 1224 τοὺς
483 1192 611 1228 χιτῶνας,
635 1191 682 1218 καὶ
703 1192 758 1223 τοῖς
785 1191 864 1218 ποσὶν
891 1190 950 1226 ἅμα

160 1241 320 1274 παίζουσαι·
338 1241 384 1268 καὶ
406 1240 569 1268 ταπεινώσει
585 1239 687 1276 Κύριος
704 1239 718 1266 ὁ
735 1238 800 1270 Θεὸς
813 1238 950 1275 ἀρχούσας

159 1287 312 1324 Θυγατέρας
331 1286 410 1318 Σιὼν,
426 1287 473 1314 καὶ
491 1287 593 1322 Κύριος
613 1285 784 1320 ἀποκαλύψει
805 1284 836 1311 τὸ
857 1284 951 1320 σχῆμα

159 1334 258 1362 αὐτῶν.
276 1343 285 1359 ι
306 1333 422 1360 Δύναται
435 1333 463 1359 δὲ
479 1332 566 1360 ταῦτα
581 1333 618 1368 μὴ
633 1332 697 1368 περ).
711 1331 800 1367 μόνων
811 1330 949 1367 γυναικῶν

158 1379 296 1416 λέγεσθαι,
310 1379 379 1406 ἀλλὰ
401 1379 448 1406 καὶ
467 1380 531 1415 περὶ
544 1378 637 1414 ψυχῶν
653 1377 761 1414 χαύνων
776 1378 823 1405 καὶ
836 1377 950 1414 τεθηλυο

161 1427 260 1463 μένων.

431 1470 628 1497 ΚΕΦΑΛΑΙΟΝ
645 1472 682 1497 Δ’.

198 1529 207 1546 t
225 1519 282 1546 Καὶ
302 1518 481 1555 ἐπιλήψονται
497 1518 566 1545 ἑπτὰ
585 1519 714 1552 γυναῖκες
729 1516 873 1553 ἀνθρώπου
891 1516 952 1549 ἑνὸς

157 1566 297 1601 λέγουσαν
311 1566 362 1593 Τὸν
380 1565 463 1601 ἄρτον
477 1564 555 1600 ἡμῶν
574 1563 728 1600 φαγόμεθα,
743 1563 837 1591 καὶτὰ
854 1563 948 1599 ἱμάτια

156 1613 238 1648 ήμῶν
254 1611 484 1648 περιϐαλούμεθα·
504 1611 573 1647 πλὴν
585 1611 616 1638 τὸ
637 1611 722 1646 δνομα
737 1610 768 1637 τὸ
790 1610 835 1637 σὺν
850 1610 950 1646 κεκλή-

156 1658 217 1685 σθω
232 1657 274 1692 ἐφ’
288 1657 372 1693 ἡμᾶς,
387 1665 396 1682 ι
414 1655 460 1692 Μὴ
476 1655 531 1692 γὰρ
543 1655 627 1683 ἐνδεῖν
637 1664 663 1683 τι
675 1655 771 1688 αὑταῖς
792 1655 809 1690 ἢ
827 1654 906 1690 μόνον
919 1655 950 1681 τὸ

155 1703 241 1731 αὐτοῦ
262 1703 358 1739 ὄνομα,
380 1702 426 1730 καὶ
444 1703 531 1730 δοκεῖν
549 1703 622 1738 ἔχειν
641 1702 689 1730 τὸν
712 1701 882 1738 προεστῶτα.
906 1701 951 1728 Διδ

154 1749 197 1780 ὡς
209 1749 278 1785 πρὸς
297 1747 410 1775 σπάνιόν
426 1756 488 1775 τινα
507 1748 612 1781 τοῦτον,
628 1748 682 1775 τῶν
699 1747 804 1775 πολλῶν
819 1747 952 1775 ἀπολωλὰ

155 1803 224 1827 των,
236 1795 302 1829 φασὶ
320 1793 387 1830 πρὸς
401 1794 498 1821 αὐτόν·
515 1803 524 1820 ι
547 1794 620 1830 Πλὴν
643 1794 674 1821 τὸ
688 1794 774 1829 ὖνομά
795 1802 842 1820 σου
857 1793 951 1829 κεκλή-

157 1839 218 1866 σοω
234 1840 276 1874 ἐφ’
293 1840 378 1875 ἡμᾶς,
396 1849 406 1866 ι
430 1839 477 1866 καὶ
496 1839 530 1866 τὰ
543 1839 616 1874 ἑξῆς.

199 1941 208 1957 ι
231 1931 270 1966 Τῇ
287 1930 314 1957 δὲ
329 1930 423 1967 ἡμέρᾳ
435 1931 526 1967 ἐκείνῃ
539 1930 687 1966 ἐπιλάμψει
709 1932 722 1957 ὁ
740 1931 804 1963 Θεὸς
824 1932 854 1958 ὲν
869 1931 949 1966 βουλῇ

158 1975 234 2012 μετὰ
243 1976 322 2012 δόξης
338 1976 385 2002 ἐπὶ
399 1977 447 2012 τῆς
462 1975 522 2011 γῆς,
539 1975 586 2002 τοῦ
605 1975 713 2010 ὑψῶσαι
726 1976 772 2002 καὶ
786 1976 896 2009 δοξάσαι
917 1976 951 2003 τὸ

156 2021 342 2056 καταλειφθὲν
357 2021 404 2048 τοῦ
431 2021 550 2057 Ἰσραήλ.
580 2021 636 2047 Καὶ
653 2021 730 2047 ἔσται
747 2021 777 2048 τὸ
791 2021 951 2055 ὑπολειφθὲν

156 2070 190 2095 ἐν
207 2067 286 2100 Σιὼν,
300 2067 347 2094 καὶ
357 2066 388 2093 τὸ
401 2066 579 2101 καταλειφθὲν
596 2067 625 2093 ὲν
647 2065 835 2102 Ἰερουσαλὴμ,
849 2066 874 2093 οἲ
890 2066 951 2101 κλη-

155 2114 288 2150 θήσονται
308 2114 417 2146 πάντες,
438 2114 463 2140 οἱ
478 2113 628 2149 γραφέντες
650 2114 691 2145 εις
710 2113 781 2149 ζωὴν
802 2113 832 2140 ἐν
857 2113 950 2149 Ὶερου-

157 2160 263 2196 σαλήμ.
280 2169 290 2186 ι
307 2160 362 2187 Καὶ
375 2159 447 2187 ἐστιν
459 2160 531 2195 Εργῳ
543 2159 710 2196 παραλαϐεῖν
721 2160 795 2192 ὅπως
811 2160 835 2187 οἱ
847 2160 949 2196 πρῶτοι

153 2209 190 2235 ἐκ
202 2206 250 2234 τοῦ
270 2206 378 2242 Ἰσραὴλ
396 2207 436 2238 εἰς
452 2206 498 2233 τὸν
515 2207 632 2243 Χριστὸν
649 2205 871 2238 πεπιστευκότες,
885 2206 950 2233 ἀπό-

156 2254 257 2285 στολοι,
273 2253 320 2280 καὶ
334 2252 464 2289 μαθηταὶ,
478 2253 525 2280 καὶ
544 2252 736 2287 εὐαγγελισταὶ
750 2251 798 2278 τοῦ
811 2251 948 2288 Σωτῆρος,

1002 1005 1077 1032 ditis.

1038 1052 1119 1079 Vens.
1143 1051 1234 1084 l6,l7.
1252 1061 1262 1078 ι
1280 1051 1343 1080 Haec
1356 1051 1422 1079 dicit
1433 1052 1562 1080 Dominus
1583 1052 1659 1080 :Pro
1673 1061 1705 1081 eo
1718 1055 1789 1088 quod

1001 1097 1114 1125 elevata
1142 1103 1205 1125 sunt
1227 1097 1289 1126 ﬁliae
1311 1097 1391 1132 Sion,
1415 1103 1444 1126 et
1468 1098 1675 1127 ambulaverunt
1698 1105 1791 1127 erecto

1001 1143 1082 1175 collo,
1096 1147 1124 1171 et
1137 1143 1248 1171 nutibus
1264 1143 1418 1176 oculorum,
1435 1148 1462 1172 et
1480 1151 1575 1179 gressu
1596 1145 1694 1180 pedum
1708 1145 1790 1173 simul

1003 1190 1142 1216 trahentes
1163 1188 1280 1222 tunicas,
1303 1192 1331 1216 et
1356 1188 1471 1224 pedibus
1493 1189 1575 1217 simul
1597 1189 1720 1218 ludentes
1740 1194 1791 1218 :et

1004 1234 1159 1262 lmntiliabit
1196 1234 1331 1262 Dontinus
1361 1235 1434 1262 Deus
1464 1235 1647 1270 principatum
1678 1241 1790 1272 agentes

1002 1281 1072 1308 ﬁlias
1090 1280 1166 1313 Sion.
1186 1285 1214 1308 et
1233 1281 1362 1308 Dominus
1376 1280 1506 1308 revelabit
1521 1282 1642 1309 habitum
1658 1289 1762 1310 earum.
1776 1292 1786 1310 ι

1003 1327 1121 1355 Possunt
1147 1327 1204 1355 hanc
1231 1335 1285 1355 non
1300 1327 1333 1355 de
1354 1327 1514 1356 mulieribus
1540 1332 1653 1360 tantum,
1683 1329 1729 1357 sed
1756 1330 1791 1357 de

1003 1374 1129 1401 mollibus
1155 1374 1237 1401 etiam
1266 1379 1295 1402 et
1339 1374 1504 1403 elleminatis
1536 1375 1679 1404 animabus
1717 1375 1789 1404 dicta

1002 1419 1095 1448 fuisse.

1030 1467 1032 1470 '
1302 1465 1418 1494 CAPUT
1442 1466 1487 1495 IV.

1038 1512 1121 1541 Vens.
1149 1513 1175 1540 Ι.
1204 1522 1214 1539 ι
1240 1512 1272 1541 Et
1301 1513 1507 1548 apprehenderat
1531 1518 1635 1549 septem
1661 1513 1790 1541 mulieres

1002 1559 1138 1587 hominem
1164 1567 1259 1593 unum,
1287 1559 1421 1592 dicentes,
1443 1559 1543 1587 Panem
1572 1565 1693 1588 nostrum
1714 1568 1791 1588 man-

1002 1607 1186 1639 ducabimus,
1220 1611 1248 1634 et
1275 1606 1448 1634 vestimentis
1484 1607 1584 1634 nostris
1611 1608 1789 1642 operiemur:

1002 1658 1130 1680 caeterum
1149 1660 1247 1680 nomen
1267 1657 1341 1680 tuum
1368 1657 1480 1680 vocetur
1504 1661 1586 1688 super
1613 1662 1673 1682 nos.
1693 1664 1703 1681 ι
1719 1654 1790 1683 Nihil

1001 1699 1073 1727 enim
1095 1699 1171 1726 aiunt
1190 1699 1283 1727 deesse
1309 1698 1373 1731 sibi.
1393 1698 1445 1726 nisi
1466 1707 1564 1727 nomen
1588 1699 1647 1734 ejus
1671 1705 1789 1728 tantum-

1001 1744 1090 1776 modo,
1110 1748 1140 1772 et
1165 1748 1194 1771 ut
1219 1749 1364 1778 patronum
1391 1743 1492 1772 habere
1513 1745 1668 1774 videantur.
1689 1747 1791 1780 Quam-

1001 1789 1094 1818 obrem
1114 1797 1188 1822 eum,
1206 1793 1302 1824 utpote
1319 1790 1378 1825 qui,
1396 1790 1486 1818 multis
1501 1791 1526 1818 in
1545 1791 1693 1826 perniciem
1709 1792 1790 1826 datis,

1001 1843 1130 1871 perrarus
1146 1835 1182 1864 sit
1198 1835 1320 1868 relictus,
1349 1836 1389 1864 sic
1415 1835 1600 1871 alloquuntur,
1627 1847 1636 1864 ι
1657 1838 1789 1867 Caeterum

1002 1889 1101 1910 nomen
1116 1886 1190 1909 tuum
1206 1885 1318 1909 νοοοιω·
1332 1889 1414 1916 super
1428 1889 1487 1914 nos,
1507 1891 1518 1909 Ι
1532 1887 1559 1910 et
1573 1887 1683 1911 caetera.

1036 1929 1118 1957 Vens.
1133 1928 1162 1961 2,
1177 1929 1203 1956 5.
1223 1938 1232 1954 ι
1249 1928 1276 1956 In
1291 1928 1334 1955 die
1346 1928 1390 1955 illa
1410 1929 1530 1957 illncehit
1543 1930 1612 1957 Deus
1626 1930 1653 1957 in
1675 1930 1792 1959 c0nsilio

1000 1983 1062 2002 cum
1078 1975 1164 2009 gloria
1182 1982 1264 2010 super
1279 1979 1392 2008 terram,
1406 1975 1439 2002 ad
1451 1975 1630 2003 exsltandum
1642 1981 1670 2004 et
1687 1977 1791 2012 glorill-

999 2022 1116 2050 candum
1147 2021 1219 2056 quod
1250 2021 1410 2049 derelictum
1437 2025 1481 2049 est
1508 2029 1542 2049 ex
1572 2021 1664 2050 lsrael.
1687 2023 1720 2050 Et
1738 2023 1791 2051 erit

1000 2069 1072 2105 quod
1089 2068 1214 2096 relictum
1226 2074 1268 2096 est
1283 2069 1310 2095 in
1325 2069 1403 2101 Sion,
1426 2073 1454 2096 et
1475 2070 1547 2104 quod
1567 2069 1691 2097 relictum
1705 2069 1732 2096 in
1745 2068 1791 2097 Je-

1001 2115 1130 2146 rusalem,
1146 2115 1192 2150 qui
1210 2115 1382 2142 vocabuntur
1392 2121 1499 2148 omnes,
1517 2115 1562 2150 qui
1577 2115 1672 2150 scripti
1686 2119 1749 2143 sunt
1762 2116 1788 2142 in

1000 2161 1061 2188 vita.
1071 2159 1098 2187 in
1119 2159 1283 2187 Jerusalem.
1300 2168 1311 2188 ι
1334 2159 1410 2187 Licet
1424 2166 1513 2188 autem
1537 2160 1596 2195 ipso
1617 2167 1701 2195 opere
1727 2168 1790 2196 per-

999 2206 1118 2242 spicere,
1147 2206 1283 2240 quomodo
1307 2205 1387 2240 primi
1409 2212 1442 2233 ex
1459 2205 1572 2238 lsraele,
1585 2206 1631 2241 qui
1659 2207 1685 2233 in
1711 2206 1791 2234 Chri-

1000 2258 1072 2280 stum
1087 2251 1271 2285 crediderunt,
1285 2251 1412 2286 apostoli,
1428 2251 1553 2286 discipuli
1571 2257 1599 2279 et
1613 2251 1790 2285 evangelista:

155 2298 306 2335 ὑψώθησαν
330 2299 376 2326 καὶ
392 2298 585 2334 ἑδοξάσθησαν,
611 2297 649 2330 ὡς
666 2297 804 2333 πανταχοῦ
828 2297 879 2332 γῆς
901 2297 948 2324 καὶ

1003 2297 1165 2331 Servatoris,
1194 2297 1306 2325 exaltati
1326 2302 1354 2325 et
1372 2297 1458 2332 gloria
1478 2297 1568 2326 aﬂ'ecti
1593 2297 1670 2331 sint,
1700 2298 1737 2326 ita
1761 2302 1791 2325 ut

157 2344 222 2372 καθ’
236 2345 299 2380 ὅλης
311 2345 358 2380 τῆς
371 2344 534 2380 οἰκουμένης
544 2344 688 2379 ἐπιφανεῖς
702 2343 802 2374 αὐτοὺς
811 2342 946 2377 γενέσθαι·

158 2390 209 2418 καὶ
225 2390 306 2417 εἰσέτι
322 2390 369 2418 καὶ
384 2390 431 2418 νῦν
449 2390 524 2426 παρὰ
541 2391 607 2417 πᾶσι
623 2391 679 2421 τοῖς
694 2388 811 2420 ἔθνεσιν.
837 2388 950 2424 Ἕλλησί

156 2445 191 2463 τε
207 2436 254 2463 καὶ
271 2435 424 2472 βαρϐάροις,
436 2436 595 2469 δοξάζεσθαι
609 2435 699 2462 αὐτῶν
710 2435 758 2462 καὶ
768 2434 887 2471 τοῦνομα
903 2435 949 2462 καὶ

156 2483 209 2518 τὴν
223 2482 404 2509 διδασκαλίαν.
421 2483 505 2510 Μόνοι
521 2480 569 2510 οὖν
590 2478 663 2510 οὗτοι
680 2481 752 2516 ἅγιοι
768 2481 948 2517 κληθήσονται

153 2529 182 2556 οἱ
197 2527 411 2560 καταξιωθέντες
422 2529 561 2564 γραφῆναι
573 2529 613 2560 εἰς
626 2528 676 2564 τὴν
691 2527 798 2555 αἰώνιον
814 2526 886 2562 ζωὴν
897 2527 946 2562 τῆς

155 2575 319 2616 ξπουρανιου
347 2574 532 2612 Ἰερουσαλήμ.
557 2576 613 2603 Καὶ
628 2574 734 2606 τούτοις
758 2573 882 2609 παράθες
897 2572 945 2600 τοῦ

154 2623 284 2658 Σωτῆρος
309 2620 387 2657 ήμῶν
405 2621 454 2657 τὴν
478 2622 546 2657 πρὸς
566 2622 632 2653 τοὺς
658 2619 824 2652 ἀποστόλους
841 2619 944 2655 φωνὴν,

153 2669 190 2696 δι’
206 2666 240 2704 ἦς
256 2670 376 2704 εἴρηται,
388 2677 397 2694 ι
411 2668 471 2695 Ὀτι
484 2668 520 2696 τὰ
543 2669 662 2705 ὀνόματα
685 2666 762 2703 ὑμῶν
783 2666 891 2702 ἐγράφη
916 2666 945 2693 ἐν

154 2717 213 2748 τοῖς
229 2716 258 2742 οὐ
262 2716 363 2751 ρανοίς.
378 2723 389 2741 ι

194 2770 205 2787 ‹
225 2762 289 2788 Ὅτι
298 2761 427 2788 ὲκπλυνεῖ
437 2760 539 2796 Κύριος
548 2760 592 2788 τὸν
603 2761 688 2796 ῥύπον
698 2768 752 2787 των
762 2759 826 2786 υἱῶν
837 2759 883 2786 καὶ
892 2760 946 2785 τῶν

156 2806 315 2843 θοχατὲρων
326 2806 408 2838 Σιὼν,
422 2806 507 2834 καὶτὸ
516 2803 586 2842 αἷμα
600 2805 779 2842 Ἰερουσαλὴμ
788 2804 947 2840 ἑκκαθαριιε

155 2855 189 2881 ὲκ
205 2853 288 2890 μέσου
304 2853 394 2881 αὐτῶν
411 2854 440 2880 ὲν
464 2852 599 2888 πνεύματι
615 2853 730 2888 κρίσεως
746 2852 793 2880 καὶ
812 2850 945 2887 πνεύματι

200 2944 222 2960 ’³
234 2943 296 2971 Luc.
312 2951 338 2976 χ,
356 2944 400 2972 20.

1000 2344 1099 2379 ubique
1122 2349 1259 2371 terrarum
1272 2350 1304 2370 ac
1317 2350 1366 2378 per
1386 2343 1541 2371 universum
1562 2344 1656 2371 orbem
1683 2342 1790 2379 conspi-

998 2391 1042 2418 cui
1059 2383 1230 2418 evaderent:
1247 2394 1275 2417 et
1292 2389 1326 2417 ad
1347 2390 1399 2417 hoc
1417 2397 1503 2424 usque
1526 2394 1632 2425 tempus
1647 2390 1719 2424 apud
1731 2396 1790 2416 om-

998 2445 1047 2465 nes
1067 2442 1174 2472 gentes,
1189 2442 1245 2464 tam
1258 2436 1368 2464 Graecas
1387 2444 1469 2472 quam
1485 2436 1629 2469 barbaras,
1646 2443 1744 2463 nomen
1763 2440 1790 2463 et

998 2481 1121 2509 doctrina
1136 2490 1232 2509 eorum
1253 2482 1421 2510 celebretur.
1439 2482 1472 2508 Hi
1487 2489 1554 2515 ergo
1568 2481 1622 2508 soli
1645 2482 1790 2508 sanctlvo-

1001 2527 1148 2558 caliuntnr,
1162 2527 1208 2561 qui
1225 2526 1301 2560 digni
1314 2526 1400 2553 habiti
1417 2529 1481 2553 sunt
1507 2530 1538 2552 ut
1556 2525 1740 2553 scriberentur
1763 2523 1789 2551 in

1000 2577 1101 2600 aeterna
1127 2573 1183 2599 vita
1214 2572 1335 2600 celestis
1360 2571 1520 2600 Jerusalem.
1545 2571 1592 2598 llis
1619 2576 1701 2604 porro
1720 2569 1790 2597 adde

1000 2617 1150 2645 Salvatoris
1166 2617 1250 2645 nostri
1264 2624 1360 2645 vocem
1380 2617 1414 2645 ad
1430 2615 1570 2651 apostolos
1581 2614 1719 2647 emissam,
1736 2622 1788 2650 qua

999 2663 1113 2697 dicitur,
1141 2672 1150 2689 ι
1167 2663 1234 2697 Quia
1247 2663 1355 2691 nomina
1377 2668 1467 2691 vestra
1486 2661 1587 2696 scripta
1607 2665 1670 2688 sunt
1690 2661 1717 2688 in
1733 2668 1790 2689 etn-

997 2709 1031 2737 lis
1044 2709 1076 2736 ”.
1090 2719 1100 2736 ι

1039 2756 1123 2784 Vens.
1142 2756 1202 2784 3-6.
1225 2766 1236 2783 ι
1250 2756 1319 2791 Quia
1342 2755 1435 2783 abluet
1455 2754 1586 2782 Dominus
1609 2753 1704 2782 sordes
1720 2754 1789 2782 [ilio-

1002 2813 1062 2834 rum
1078 2810 1106 2833 et
1121 2805 1241 2832 ﬁliarum
1256 2805 1334 2838 Sion,
1346 2808 1371 2831 et
1384 2801 1545 2837 sanguinem
1561 2801 1713 2843 Jerusalem
1728 2810 1788 2838 pur-

1006 2850 1080 2886 gabit
1097 2859 1130 2879 cx
1145 2850 1234 2878 medio
1251 2857 1345 2878 eorum
1374 2848 1401 2877 in
1415 2848 1513 2885 spiritu
1531 2847 1627 2883 indicii
1646 2853 1675 2876 et
1691 2847 1786 2884 spirits
