2059 3215
599 214 734 250 ΕΗΞΕΒΠ
753 219 993 250 (ΖΑ-’ΣΞΑΚΙΕΝΞῘΞ
1012 219 1058 249 0P

1109 220 1198 248 PARS
1216 220 1261 248 lli.
1281 236 1314 241 —
1334 219 1539 249 EXEGETICA.

1837 221 1888 247 1113

269 272 485 322 εοηιιίυειίοηὶς.,
494 280 527 307 Et
539 280 638 313 veniet,
653 286 680 307 et
694 281 748 308 erit
764 286 836 308 totus
855 281 933 309 locus
949 282 1050 308 montis

1109 280 1234 312 ιαύσεως.
1253 279 1308 307 Καὶ
1321 279 1390 315 ἥξει,
1419 279 1466 305 καὶ
1485 278 1559 305 ἔσται
1576 279 1628 309 πᾶς
1653 277 1733 308 τεπος
1749 275 1796 302 τοῦ
1812 277 1890 312 Βρους

270 326 386 356 ὃιοη,ει
401 326 567 363 omniaquae
583 324 609 351 in
633 324 747 351 circuitu
771 325 830 359 ejus
856 329 928 358 sunt,
953 325 1049 352 nebula

268 372 322 398 diei
337 371 522 404 obumbrabit,
543 375 571 399 et
583 371 660 406 quasi
685 371 770 403 fumo,
801 377 828 399 et
854 373 929 407 quasi
951 372 1053 398 lumine

270 423 350 444 noctu
366 418 487 448 ardente,
503 417 577 444 omni
600 417 686 451 gloria
712 417 864 452 obtegatur.
897 417 928 445 Et
953 419 1008 445 erit
1027 419 1052 445 in

268 463 392 490 umbram
411 464 444 490 ab
459 469 536 494 aestu,
556 468 583 490 et
597 463 623 489 in
637 463 832 498 protectionem
858 468 883 490 et
896 463 1055 491 absconsio-

243 542 244 547 η
269 515 329 535 nem
352 516 366 534 a
381 508 480 536 duritie
495 514 523 536 et
535 509 636 544 pluvia.
652 517 661 534 ν
683 508 833 535 Lavacrum
862 508 1053 544 regeneratio-

242 570 245 592 ε
271 553 324 585 uis,
346 554 418 588 quod
443 554 520 588 prius
544 553 700 580 declarabat
731 553 773 581 his
804 553 906 586 verbis,
933 562 942 578 ι
969 552 1054 581 Lava-

270 598 349 631 Inini,
361 599 454 626 mundi
470 603 568 630 estote,
582 607 592 624 ι
608 599 691 625 etiam
707 606 778 625 nunc
791 605 884 633 aperte
899 599 1052 634 pollicetur.

271 643 333 672 Hac
346 652 428 679 porro
443 645 508 672 dicit
523 645 555 672 de
570 645 613 677 iis,
630 645 675 679 qui
695 652 757 672 cum
771 646 853 673 caedis
868 646 969 673 Christi
990 654 1054 681 par—

271 691 370 724 ticipes
385 690 511 722 fuissent,
538 698 588 717 nec
606 690 721 717 multum
755 696 848 726 postea
874 692 1053 726 resipnerunt,

270 741 300 763 et
313 736 488 771 Evangelium
507 736 593 771 ipsius
610 742 788 770 agnoverunt.
811 737 878 765 Hinc
896 738 929 765 de
949 737 1055 764 filiabus

271 782 336 810 Sion
354 783 418 818 agit,
433 790 492 817 quae
515 783 541 810 in
558 783 692 816 superiori
719 783 838 811 clausula
861 784 1055 811 incusabantur

270 828 314 855 bis
326 829 416 855 verbis
430 839 436 856 :
453 838 462 854 ε
479 828 546 861 Quia
561 829 684 857 exaltant)
698 829 910 861 suutﬂlimSion,
924 835 950 856 et
963 834 1055 856 erecta

269 874 376 901 cervice
401 874 594 906 incedebant,»
617 881 645 902 et
668 880 777 902 cetera.
796 875 963 910 Sanguinem
991 882 1055 902 vero

269 919 422 946 Jerusalem
447 920 516 947 miro
543 927 608 947 sane
634 921 712 948 modo
733 926 812 948 vocat
838 921 941 948 caedem
969 921 1003 947 ibi
1028 921 1053 947 in

1106 325 1185 357 Σιὼν,
1197 325 1244 351 καὶ
1260 325 1348 351 πάντα
1363 325 1396 351 τὰ
1411 323 1565 359 περικύκλῳ
1579 323 1663 358 αὐτῆς
1678 322 1781 349 σκιάσει
1793 321 1890 358 νεφέλη

1105 371 1220 407 ἡμέρας,
1232 371 1279 397 καὶ
1294 370 1330 401 ὡς
1350 370 1465 401 καπνοῦ,
1478 369 1524 396 καὶ
1539 369 1577 400 ὠς
1588 369 1676 403 φωτὸς
1686 368 1830 403 καιομένου
1847 376 1891 394 νυ-

1105 418 1178 449 κτὸς,
1187 418 1261 452 πάσῃ
1268 419 1300 452 τῇ
1310 417 1374 452 δόξῃ
1381 416 1610 451 σκεπασθήσεται.
1620 415 1674 441 Καὶ
1684 414 1758 440 ἔσται
1766 415 1805 445 εις
1814 414 1892 440 σκιὰν

1104 464 1158 491 ἀπὸ
1168 463 1316 498 καύματος,
1333 463 1380 489 καὶ
1395 463 1424 489 ὲν
1443 462 1529 497 σκέπῃ
1551 461 1598 488 καὶ
1615 462 1643 487 ὲν
1663 460 1822 495 ἀποκρύφῳ,
1839 460 1892 486 ἀπὸ

1106 510 1288 545 σκληρότητος
1302 509 1349 535 καὶ
1364 508 1452 534 ὑετοῦ.
1471 517 1480 534 ι
1497 507 1594 541 Σαφῶς
1609 507 1662 542 γὰρ
1676 507 1706 532 τὸ
1721 505 1831 541 λουτρὸν
1843 506 1892 540 τῆς

1107 555 1329 589 παλιγγενεσίας,
1341 555 1355 580 ὃ
1362 555 1409 580 καὶ
1418 554 1462 580 διὰ
1469 553 1523 580 τῶν
1533 552 1685 588 ἔμπροσθεν
1695 552 1787 588 ἐδήλου
1795 552 1892 586 λέγων’

1109 611 1120 627 ‹
1139 601 1289 631 Δούσασθε,
1302 601 1348 627 καὶ
1361 600 1475 635 καθαροὶ
1485 599 1607 633 γένεσθε,
1623 610 1631 625 ι
1647 600 1693 626 καὶ
1705 599 1753 626 νῦν
1763 599 1891 634 ἐπαγγέλ-

1106 647 1190 674 λεται.
1206 647 1286 679 Λέγει
1299 647 1326 673 δὲ
1343 646 1430 673 ταῦτα
1443 646 1508 681 περὶ
1520 645 1573 671 τῶν
1592 645 1827 681 κεκοινωνηκότων
1844 645 1893 680 μὲν

1105 695 1138 729 τῇ
1155 693 1225 720 κατὰ
1241 692 1287 719 τοῦ
1302 693 1428 728 Σωτῆρος
1446 691 1596 727 μιαιφονίᾳ,
1619 692 1714 727 μικρὸν
1736 691 1763 718 δὲ
1781 691 1894 727 ὕστερον

1108 738 1313 775 μεταϐαλόντων
1325 738 1372 764 καὶ
1384 738 1575 773 γνωρισάντων
1587 737 1668 764 αὑτοῦ
1679 737 1708 763 τὸ
1719 737 1892 771 Εὐαγγέλιον.

1106 785 1161 811 Kal
1177 784 1328 819 θυγατέρας
1342 783 1410 810 Σιὼν
1425 783 1560 818 ἐπιφέρει,
1579 783 1628 815 τὰς
1642 784 1671 809 ὲν
1686 785 1718 819 τῇ
1741 783 1894 819 ἔμπροσθεν

1106 832 1242 866 περικοπῇ
1257 829 1502 865 κατηγορηθείσας,
1519 831 1548 856 ὲν
1568 830 1606 865 τῷ
1624 830 1747 864 λέγεσθαι
1761 839 1767 844 ·
1788 839 1797 855 α
1825 829 1894 856 Ἀνθ’

1105 874 1143 904 ὧν
1159 876 1305 911 aeneum
1325 876 1352 902 αἱ
1373 875 1521 911 Θυγατέρες
1544 875 1623 907 Σιὼν,
1644 875 1691 902 καὶ
1710 875 1895 911 ἐπορεύθησαν

1108 922 1201 958 ὑψηλῷ
1214 922 1353 958 τραχήλῳ,
1373 932 1382 947 ι
1407 923 1453 949 καὶ
1469 923 1503 950 τὰ
1518 922 1622 954 τούτοις
1637 923 1766 957 ἑπόμενα.
1781 919 1853 957 Αἷμα
1865 921 1895 948 δὲ

271 965 416 991 Servatore
426 969 608 999 perpetratam
622 972 630 992 :
645 966 709 999 quia
728 966 822 992 isthaec
845 973 926 993 causa
943 965 992 992 fuit
1007 973 1054 992 ex-

1111 954 1466 1002 Ίερουσαλὴμθαυμαστῶς
1481 968 1614 995 ἀποκαλεῖ
1627 968 1677 1004 τὴν
1690 954 1764 995 -κατὰ
1776 954 1822 994 τού
1840 968 1895 994 Σω-

275 1019 368 1040 trama
381 1013 431 1040 loci
448 1013 520 1040 illius
545 1013 716 1040 vastationis.
738 1012 771 1040 Et
788 1014 945 1040 consideres
967 1012 1047 1039 velim

270 1066 361 1086 annon
380 1059 423 1086 hic
438 1066 527 1086 sermo
542 1060 664 1094 apprime
686 1059 832 1087 conveniat
854 1067 915 1086 cum
939 1066 1056 1094 evange-

272 1105 326 1132 lico
347 1105 392 1132 illo
415 1105 571 1132 testimonio
595 1104 628 1132 de
651 1104 796 1132 Servatore
816 1104 986 1136 nostr0,'ubi
1014 1104 1055 1132 sic

270 1152 395 1183 habetur,
412 1161 421 1177 ι
434 1151 493 1186 ipse
511 1159 559 1179 vos
573 1152 724 1186 baptizabit
744 1152 770 1179 in
791 1151 894 1186 Spiritu
916 1157 1010 1179 sancto
1028 1156 1056 1179 et

271 1196 334 1232 igne
346 1197 380 1223 “.
396 1207 405 1223 ι
425 1196 489 1224 Illud
506 1197 590 1228 enim,
610 1205 619 1222 ι
634 1196 660 1223 in
682 1197 780 1230 spiritu
802 1196 895 1231 judicii
911 1202 938 1224 et
957 1198 984 1224 in
1000 1197 1056 1231 spi-

271 1244 324 1271 ritu
337 1243 546 1275 combustionis,
565 1253 574 1268 ι
593 1243 661 1270 nihil
680 1242 770 1270 diﬂ‘ert
791 1243 824 1270 ab
846 1243 902 1276 illo,
928 1252 936 1269 ι
953 1243 980 1270 in
995 1243 1056 1276 Spi-

271 1289 325 1316 ritu
340 1293 435 1315 sancto
445 1293 472 1315 et
483 1289 554 1323 igne.
575 1298 584 1314 ι
603 1289 674 1323 lguei
691 1295 755 1315 vero
772 1295 912 1315 sermones
935 1287 989 1314 illis
1009 1288 1057 1314 ad-

272 1334 349 1366 moti,
366 1338 538 1368 peccatorum
553 1333 772 1361 emundationem
785 1333 960 1368 peragebant.
977 1333 1056 1360 Item-

271 1387 325 1414 que
341 1379 466 1407 Salvator
481 1384 575 1407 noster
589 1379 616 1406 in
635 1379 781 1414 Evangelio
795 1379 894 1406 dicitur
919 1379 1056 1413 baptizare

272 1433 325 1452 non
344 1425 370 1452 in
390 1433 459 1459 aqua
473 1445 481 1457 ,
501 1426 548 1452 sed
574 1425 600 1452 in
630 1425 732 1460 Spiritu
766 1429 794 1451 et
817 1425 886 1459 igne.
914 1424 970 1451 lloc
984 1424 1056 1451 enirn

272 1472 368 1498 edocet
387 1470 517 1503 Joannes,
539 1471 573 1498 de
592 1479 621 1498 se
640 1471 747 1505 Quidem
777 1471 881 1502 dicens,
905 1479 914 1496 ε
929 1470 984 1505 Ego
1009 1477 1057 1497 vos

272 1516 381 1550 δη,ιίιο
396 1517 422 1543 in
436 1523 505 1551 aqua
516 1516 557 1549 ";
574 1525 583 1541 ι
597 1517 629 1543 de
637 1515 778 1543 Salvatore
792 1521 892 1548 autem,
909 1525 918 1541 ι
939 1515 997 1550 Ipse
1009 1522 1059 1543 vos

273 1560 421 1595 baptizabit
437 1561 462 1588 in
480 1560 581 1595 Spiritu
596 1565 692 1588 sancto
709 1565 736 1588 et
755 1561 816 1595 igne
824 1561 858 1588 ".
874 1569 883 1586 ι

585 1699 699 1727 CAPUT
718 1700 750 1726 V.

312 1745 391 1773 Vsus.
409 1745 437 1772 1.
456 1754 466 1771 ι
480 1745 602 1773 Cantabo
614 1745 714 1773 dilecto
729 1746 866 1773 canticum
882 1746 977 1774 Dilecti
995 1747 1060 1778 mei,

274 1792 360 1819 vinea:
373 1799 450 1819 meae.
464 1791 549 1819 Vinea
564 1791 632 1819 facta
645 1796 686 1819 est
698 1791 796 1819 dilecto
809 1792 835 1818 in
851 1799 946 1825 cornu,
957 1793 983 1819 in
1002 1793 1061 1819 loco

274 1838 378 1872 pingui.
393 1847 402 1863 ι
421 1837 477 1866 Hoc
493 1837 574 1872 ig'tur
590 1838 707 1870 cantico,
724 1845 783 1872 qua:
796 1838 822 1864 in
840 1839 917 1866 vinea
933 1846 982 1866 sua
996 1846 1060 1873 ope-

273 1890 350 1912 ratus
369 1889 411 1912 est
422 1889 575 1917 enumerat,
588 1885 726 1919 viuea'que
752 1884 953 1919 improbitatem
980 1893 1059 1912 coar-

273 1932 347 1965 guit:
363 1939 396 1958 ac
411 1938 442 1958 ea
457 1938 518 1965 quae
532 1930 582 1965 ipsi
599 1936 729 1958 eventura
741 1935 804 1957 sunt
816 1930 989 1958 vaticinatur.
1017 1930 1062 1957 Di-

273 1978 346 2004 citur
357 1985 423 2012 ergo
438 1977 465 2003 in
480 1984 563 2004 cornu
578 1983 648 2009 esse,
670 1977 733 2010 quia
754 1977 780 2003 iu
797 1984 854 2011 Ipsa
875 1976 1060 2011 Hierosolyma

274 2023 349 2056 regia
367 2022 522 2057 metropolis
548 2023 690 2049 consistit:
716 2022 784 2049 solet
805 2028 894 2050 autem
920 2022 1061 2057 Scriptura

276 2076 377 2096 cornua
393 2069 470 2104 regni
484 2075 647 2096 memorare.

312 2158 392 2186 Vsus.
409 2158 436 2185 2.
461 2168 470 2184 ι
494 2159 527 2185 Et
549 2166 640 2193 sepem
663 2158 844 2193 circumposui
861 2163 889 2186 et
905 2159 1017 2190 vallavi,
1032 2164 1063 2187 et.

275 2205 396 2241 plantavi
412 2205 517 2232 vineam
535 2204 637 2232 Sorec:
653 2209 679 2240 et
693 2205 823 2231 aediﬁcavi
840 2204 935 2231 turrim
962 2206 987 2232 in
1011 2213 1064 2233 me-

275 2253 321 2279 dio
335 2250 405 2284 ejus,
429 2255 456 2277 et
478 2250 649 2284 protorcular
666 2249 720 2277 fodi
745 2251 770 2276 in
795 2257 837 2276 ea.
854 2259 864 2274 ι
883 2249 979 2284 Sepem
998 2258 1063 2277 Vero

276 2298 469 2332 circumposuit
480 2297 515 2330 ei,
527 2297 652 2324 videlicet
661 2295 734 2322 omni
749 2295 856 2330 populo,
866 2303 944 2329 quem
960 2296 1064 2329 angelis

274 2345 490 2378 circumquaque
519 2342 644 2370 munivit.
669 2341 730 2368 Alio
757 2342 819 2368 item
845 2341 926 2368 modo
952 2342 1064 2369 vallavit

275 2398 348 2422 eam,
369 2389 508 2424 prophetis
529 2394 556 2416 et
578 2388 679 2415 sanctis
697 2387 763 2414 viris
789 2387 874 2422 ipsam
895 2387 1011 2415 fulciens
1036 2393 1063 2415 et

275 2435 526 2468 austentaus.Quiu
548 2434 630 2461 etiam
654 2433 786 2468 plantavit
801 2441 861 2460 eam
884 2434 989 2461 vineam
1011 2435 1061 2461 So—

277 2491 337 2516 rec,
366 2490 448 2518 quam
478 2482 660 2517 Symmachus
693 2480 898 2515 interpretatur,
938 2481 1063 2508 electam.

275 2529 341 2562 Quae
356 2533 445 2555 autem
464 2527 559 2555 isthmc
570 2527 649 2553 vinea
665 2530 735 2558 erat,
758 2525 810 2552 nisi
828 2526 906 2561 plane
921 2525 1063 2561 Scriptura

278 2576 410 2603 divinitus
437 2574 580 2608 inspirata,
606 2578 633 2600 et
660 2571 711 2608 piae
737 2572 875 2607 religionis
898 2580 999 2605 sermo,
1023 2572 1066 2600 vel

277 2623 360 2650 etiam
374 2622 464 2657 ipsum
476 2619 522 2647 Dei
538 2618 667 2651 Verbum,
683 2619 754 2653 quod
782 2618 810 2645 in
832 2618 987 2653 Evangeliis
1008 2618 1065 2646 lucc

279 2671 312 2698 de
325 2678 354 2698 se
367 2671 446 2699 docet
463 2677 494 2697 ac
514 2669 643 2703 loquitur.
668 2678 677 2693 ι
693 2668 748 2703 Ego
766 2675 826 2695 sum
852 2667 916 2696 vitis
940 2675 1014 2698 vera.
1036 2673 1064 2695 et

277 2715 360 2742 l’ater
374 2723 450 2743 meus
470 2714 587 2750 agricola
603 2718 646 2741 est
656 2714 699 2740 "?
716 2723 726 2740 ι
749 2712 788 2740 Ex
803 2714 861 2748 ipso
879 2713 977 2749 quippe
990 2714 1064 2748 prior

259 2786 262 2790 ,
279 2762 343 2788 item
357 2762 470 2796 populus
485 2762 635 2788 divinarum
653 2759 857 2794 disciplinarum
870 2759 1064 2793 plantationem

278 2806 392 2841 accepit.
407 2805 579 2833 Protorcular
596 2812 688 2833 autem
706 2805 773 2833 fodit
791 2804 818 2831 in
838 2810 882 2836 ea,
899 2804 985 2832 altare
1010 2804 1064 2832 soi-

280 2851 344 2880 licet
362 2851 479 2886 positum
495 2856 556 2880 ante
571 2853 708 2887 templum.

316 2942 338 2959 ¹⁵
356 2942 452 2970 Matth.
464 2949 506 2975 Ill,
520 2942 562 2970 11.
601 2942 623 2958 ¹³
640 2942 718 2970 Joau.
741 2950 761 2975 I,
778 2943 820 2970 ἐϋ.
861 2942 882 2957 ’⁸
898 2940 964 2969 Ibid.
986 2941 1029 2969 53.

249 2997 278 3014 a-

1105 1015 1187 1050 τῆρος
1205 1013 1388 1049 προαχθεῖσαν
1405 1014 1433 1039 ὲν
1450 1014 1516 1049 αὐτῇ
1541 1014 1707 1049 μιαιφονίαν,
1727 1013 1770 1040 διὰ
1786 1013 1816 1039 τὸ
1831 1013 1895 1040 ταύ-

1106 1070 1155 1098 την
1169 1061 1258 1088 αξτίαν
1269 1060 1410 1094 γεγονέναι
1421 1061 1470 1096 τῆς
1483 1061 1599 1096 ἐσχάτης
1610 1061 1727 1096 ἐρημίας
1741 1060 1788 1086 τοῦ
1802 1060 1894 1086 τόπου.

1107 1109 1162 1135 Kal
1179 1107 1227 1134 θέα
1242 1108 1266 1133 εἰ
1288 1106 1326 1143 μὴ
1347 1107 1450 1142 σφόδρα
1464 1107 1607 1142 σύμφωνός
1626 1108 1698 1133 ἐστιν
1713 1107 1726 1132 ὁ
1741 1106 1835 1142 παρὼν
1850 1106 1896 1132 λό-

1106 1163 1155 1189 γος
1165 1155 1198 1189 τῇ
1208 1154 1372 1189 εὐαγγελικῇ
1387 1153 1524 1189 μαρτυρίᾳ
1534 1154 1598 1188 περὶ
1611 1153 1657 1179 τοῦ
1671 1153 1795 1188 ﬂii-ﬁmo;
1807 1153 1897 1188 ἡμῶν,

1106 1200 1124 1236 ἢ
1139 1200 1261 1226 ἐδίδασκε
1278 1199 1395 1233 λέγουσα
1407 1208 1414 1215 '
1432 1209 1440 1224 ι
1456 1199 1541 1230 Αὐτὸς
1554 1199 1626 1234 ὑμᾶς
1639 1198 1763 1233 βαπτίσει
1774 1199 1802 1224 ὲν
1816 1199 1896 1225 Ilvati-

1110 1254 1174 1281 ματι
1195 1246 1265 1280 ἁγέῳ
1289 1246 1334 1271 καὶ
1350 1245 1426 1279 πυρί.
1444 1254 1452 1270 ι
1473 1245 1508 1270 Τὸ
1525 1244 1589 1279 γὰρ,
1609 1254 1618 1269 ι
1641 1245 1669 1270 ἐν
1686 1244 1820 1279 πνεύματι
1836 1245 1897 1280 κρί-

1108 1299 1177 1322 σεως
1203 1291 1249 1316 καὶ
1277 1289 1411 1325 πνεύματι
1441 1289 1563 1319 καύσεως
1582 1287 1662 1320 ιτοῦ,
1684 1297 1693 1313 t
1713 1287 1741 1314 ἐν
1758 1287 1898 1322 Πνεύματι

1108 1337 1178 1372 ἁγίῳ
1190 1336 1236 1363 καὶ
1251 1336 1327 1371 πυρὶ,
1343 1345 1351 1360 ι
1369 1335 1444 1361 οὐδὲν
1459 1334 1589 1370 διαφέρει.
1600 1334 1654 1361 Kal
1668 1334 1692 1360 οἱ
1706 1333 1858 1369 πυρωτικοὶ
1869 1333 1897 1359 δὲ

1108 1382 1192 1417 λόγοι,
1209 1382 1411 1416 καθαπτόμενοι
1427 1380 1526 1412 αὐτῶν,
1547 1380 1678 1415 κάθαρσιν
1694 1379 1830 1405 ὲνεποίουν
1844 1378 1898 1404 τῶν

1108 1428 1325 1465 ἁμαρτημάτων.
1347 1427 1402 1453 Καὶ
1420 1428 1435 1453 ὁ
1449 1425 1544 1462 Σωτὴρ
1562 1426 1662 1461 ὁμοίως
1679 1426 1707 1451 ὲν
1722 1424 1761 1460 τῷ
1778 1425 1897 1458 Εὑαγγε-

1107 1474 1158 1510 λιῳ
1181 1473 1323 1509 βαπτίσειν
1339 1473 1448 1506 λέγεται
1461 1472 1521 1507 οὐχὶ
1541 1471 1626 1502 ὕδατι,
1640 1471 1696 1498 ἀλλ’
1709 1471 1738 1497 ὲν
1760 1471 1898 1506 Πνεύματι

1109 1521 1156 1547 καὶ
1178 1521 1207 1547 ἐν
1230 1520 1306 1555 πυρί.
1325 1519 1410 1546 Τοῦτο
1426 1518 1481 1553 γὰρ
1498 1518 1618 1551 ἐδίδαξεν
1639 1518 1654 1543 ὁ
1680 1518 1816 1553 Ἰωάννης,
1835 1517 1898 1552 περὶ

1112 1567 1161 1602 μὲν
1184 1565 1281 1592 ἑαυτοῦ
1304 1565 1399 1597 εἰπὼν,
1427 1573 1435 1591 ι
1467 1564 1537 1598 Ἐγὼ
1559 1565 1608 1599 μὲν
1630 1564 1703 1600 ὑμᾶς
1726 1563 1849 1599 βαπτίζω
1869 1564 1898 1589 ὲν

1110 1613 1195 1639 ὕδατι·
1219 1623 1228 1638 ι
1245 1612 1309 1648 περὶ
1321 1612 1349 1638 δὲ
1366 1607 1413 1638 τοῦ
1433 1611 1569 1646 Σωτῆρος·
1587 1621 1596 1636 ι
1617 1611 1702 1642 Αὐτὸς
1718 1611 1788 1646 ὑμᾶς
1801 1609 1898 1644 βαπτί-

1112 1667 1152 1684 σει
1168 1659 1196 1684 ἐν
1214 1657 1350 1692 [Ινεύματι
1365 1657 1438 1691 ἁγίῳ
1451 1657 1498 1683 καὶ
1510 1656 1584 1691 πυρὶ.
1605 1666 1614 1681 ι

1369 1703 1566 1729 ΚΕΦΑΛΑΙΟΝ
1588 1703 1625 1729 ε’.

1149 1758 1159 1775 ε
1177 1749 1252 1785 ’ᾼσω
1269 1749 1302 1785 δὴ
1323 1748 1364 1784 τῷ
1385 1748 1556 1783 ἠγαπημένῳ
1577 1746 1653 1783 ᾆσμα
1672 1747 1719 1774 τοῦ
1745 1745 1898 1781 Ἀγαπητώ

1114 1805 1174 1832 μου,
1192 1796 1230 1832 τῷ
1245 1795 1387 1831 ἀμπελῶνί
1403 1803 1463 1830 μου.
1488 1793 1629 1830 ’Λμπελὼν
1643 1793 1760 1829 ἐγενήθη
1779 1793 1818 1829 τῷ
1831 1794 1899 1828 ἠγα-

1112 1842 1226 1878 πημένῳ
1246 1843 1276 1868 ὲν
1292 1842 1397 1877 κέρατι,
1413 1842 1443 1867 ὲν
1460 1841 1535 1876 τόπῳ
1549 1840 1631 1867 πίονι.
1654 1849 1664 1866 )
1681 1841 1730 1867 Διὰ
1747 1840 1836 1867 τοίνυν
1851 1841 1900 1876 τῆς

1112 1889 1183 1924 ῲδῆς
1195 1887 1297 1923 ταύτης
1315 1887 1363 1920 τὰς
1376 1888 1416 1919 εἰς
1437 1887 1482 1914 τδν
1497 1887 1646 1922 ἀμπελῶνα
1661 1886 1756 1913 ἑαυτοῦ
1770 1886 1900 1922 ἐργασίας

1113 1935 1332 1971 καταριθμεῖται,
1360 1934 1406 1960 καὶ
1428 1933 1475 1959 τοῦ
1499 1932 1659 1969 ἀμπελῶνος
1679 1931 1728 1968 τὴν
1750 1931 1900 1967 μοχθηρίαν

1112 1981 1230 2016 ἐλέγχει·
1254 1979 1375 2011 Θεσπέζει
1392 1979 1420 2005 δὲ
1441 1979 1487 2004 καὶ
1501 1977 1535 2004 τὰ
1553 1977 1683 2013 μέλλοντα
1703 1977 1777 2012 αὐτῷ
1797 1976 1900 2012 συμϐή-

1112 2026 1216 2053 σεσθαι.
1233 2025 1349 2060 Λέγεται
1364 2024 1429 2058 γοῦν
1444 2025 1472 2050 ὲν
1491 2023 1586 2059 κέρατι
1601 2020 1681 2054 εἶναι,
1701 2022 1745 2049 διὰ
1761 2022 1791 2048 τὺ
1807 2021 1902 2057 συστῆ-

1113 2082 1156 2099 ναι
1171 2072 1314 2108 βασιλικὴν
1333 2070 1498 2106 μητρόπολιν
1518 2070 1547 2096 ἐν
1568 2070 1635 2105 αὐτῇ
1654 2070 1687 2105 τῇ
1707 2069 1899 2104 ’1ερουσαλήμ’

1113 2117 1192 2144 εἴωθε
1206 2117 1260 2152 γὰρ
1274 2118 1290 2152 ή
1306 2115 1399 2151 Γραφὴ
1413 2115 1518 2150 κέρατα
1528 2113 1578 2148 τῆς
1596 2113 1732 2149 βασιλείας
1748 2113 1900 2149 ὀνομάζειν.

1153 2173 1162 2188 ‹
1178 2163 1231 2189 Καὶ
1244 2161 1370 2197 φραγμὸν
1379 2159 1529 2196 περιέθηκα
1539 2160 1587 2186 καὶ
1599 2159 1773 2195 ἐχαράκωσα,
1783 2159 1829 2185 καὶ
1839 2157 1902 2193 ὲφύ-

1113 2217 1197 2236 τευσα
1220 2207 1340 2243 ἄμπελον
1362 2206 1468 2242 Σορήκ·
1489 2206 1536 2232 καὶ
1556 2205 1720 2240 ᾠκοδόμησα
1744 2204 1848 2240 πύργον
1873 2205 1903 2230 ὲν

1117 2256 1192 2290 μέσῳ
1207 2253 1300 2286 αὑτοῦ,
1318 2254 1364 2280 καὶ
1379 2253 1522 2289 προλήνιον
1535 2251 1627 2287 ὢρυξα
1640 2251 1669 2277 ὲν
1691 2249 1766 2286 αὐτῷ
1801 2259 1809 2275 ο
1825 2249 1903 2286 Περι-

1079 2291 1103 2320 D
1117 2301 1214 2336 έθηκεν
1239 2299 1286 2327 οὖν
1308 2299 1382 2334 αὐτῷ
1404 2298 1540 2334 φραγμὸν,
1563 2296 1662 2333 δηλαδὴ
1682 2296 1721 2331 τῷ
1733 2296 1814 2323 παντὶ
1833 2295 1902 2332 λαῷ,

1117 2347 1224 2378 πάντως
1236 2355 1286 2373 που
1297 2346 1422 2380 ἀγγέλοις
1434 2345 1515 2371 αὑτὸν
1527 2342 1707 2380 περιφράξας.
1728 2342 1903 2378 Ἐχαράκωσε

1116 2393 1145 2419 δὲ
1159 2393 1205 2418 καὶ
1227 2392 1313 2423 ἄλλως
1327 2391 1416 2422 αὑτὸν,
1442 2389 1596 2424 προφήταις
1610 2389 1657 2414 καὶ
1673 2388 1760 2422 ἁγίοις
1776 2388 1903 2424 ἀνδράσιν

1118 2437 1309 2472 ὑποστηρίξας.
1336 2434 1416 2461 Ἀλλὰ
1436 2434 1483 2460 καὶ
1497 2431 1695 2467 κατεφύτευσεν
1713 2432 1798 2466 αὐτὴν
1816 2431 1903 2466 ἄμπε-

1115 2484 1159 2510 λον
1171 2484 1261 2519 Σορήκ
1271 2491 1277 2497 ·
1292 2482 1326 2518 ῆν
1334 2483 1348 2508 ὁ
1360 2481 1507 2516 Σύμμαχος
1521 2479 1693 2515 ήρμήνευσεν
1704 2478 1845 2514 ἐκλεκτήν.
1856 2477 1904 2509 Τίς

1114 2529 1142 2555 δὲ
1155 2527 1189 2564 ἦν
1205 2528 1274 2563 αὓτη
1292 2528 1309 2563 ὴ
1322 2526 1443 2562 ἄμπελος
1458 2526 1476 2561 ἢ
1501 2525 1609 2556 πάντως
1626 2533 1677 2551 που
1691 2525 1708 2560 ἡ
1729 2524 1904 2554 θεόπνευστος

1115 2574 1221 2610 Γραφὴ,
1236 2574 1283 2600 καὶ
1293 2575 1308 2600 ὁ
1322 2573 1372 2608 τῆς
1383 2571 1536 2602 θεοσεϐείας
1549 2571 1637 2605 λόγος,
1649 2570 1666 2606 ἢ
1679 2570 1726 2597 καὶ
1738 2569 1817 2600 αὐτὸς
1831 2569 1847 2594 ὁ
1856 2567 1904 2605 τοῦ

1116 2619 1184 2647 Θεοῦ
1198 2619 1296 2654 Λόγος,
1314 2619 1329 2645 ὁ
1349 2619 1379 2645 ὲν
1400 2616 1578 2652 Εὐαγγελίοις
1598 2617 1663 2653 περὶ
1681 2615 1778 2643 ἑαυτοῦ
1798 2613 1905 2647 διδάξας

1118 2666 1166 2692 καὶ
1181 2665 1277 2698 εἰπὼν,
1293 2675 1303 2691 ι
1330 2664 1400 2699 Ἐγώ
1418 2665 1477 2699 εἰμι
1489 2664 1506 2699 ἡ
1523 2663 1644 2699 ἄμπελος
1663 2661 1817 2698 ἡὰληθινὴ,
1832 2661 1878 2688 καὶ
1892 2662 1906 2687 6

1117 2712 1212 2748 Πατήρ
1228 2720 1279 2747 μου
1295 2712 1309 2738 ὁ
1321 2711 1461 2747 γεωργός;
1483 2719 1493 2737 ›
1519 2709 1565 2742 Ἐξ
1577 2708 1658 2736 αὐτοῦ
1673 2708 1728 2743 γὰρ
1742 2708 1788 2734 καὶ
1802 2708 1817 2733 ό
1830 2706 1905 2742 πρῶ-

1116 2766 1162 2790 τος
1177 2758 1242 2790 λαὸξ
1262 2757 1310 2793 τὴν
1330 2757 1385 2784 τῶν
1401 2757 1482 2785 θείων
1499 2755 1627 2793 μαθητῶν
1649 2753 1843 2791 [μαθημάτωνι
1857 2761 1906 2787 φυ-

1118 2803 1193 2830 τείαν
1222 2803 1326 2838 εἴληφε.
1348 2803 1497 2839 Προλήνιον
1519 2800 1566 2830 οὖν
1589 2800 1696 2837 ὀρύττει
1719 2799 1749 2826 ἐν
1765 2798 1840 2833 αι)τῷ
1878 2798 1908 2824 τὺ

1119 2849 1172 2883 πρὸ
1185 2848 1231 2876 τοῦ
1251 2849 1315 2876 ναοῦ
1337 2848 1535 2885 θυσιαστήριον.

1069 2941 1090 2956 ⁶¹
1107 2939 1183 2966 Juun.
1198 2947 1242 2971 xv,
1260 2940 1283 2967 l.
