2059 3215
167 188 220 219 117

648 188 898 218 ΕΟΜΜΕΝΤᾹΒΙΛ
918 189 950 217 ίΝ
971 188 1096 218 ΙΞᾹΙᾹΜ.
1116 205 1151 210 -
1169 189 1245 218 CAP.
1266 188 1299 216 Υ.

1749 188 1798 216 118

206 260 215 274 ‹
238 249 293 275 Καὶ
309 248 404 284 ἔμεινα
415 248 463 276 τοῦ
481 248 592 284 ποιῆσαι
604 248 753 283 σταφυλὴν,
769 249 815 275 καὶ
831 249 958 282 ἐποίησεν

1048 249 1128 276 Vens.
1144 248 1202 275 5-6.
1227 257 1235 273 t
1264 248 1297 275 Et
1322 247 1476 282 exspectavi
1499 251 1526 273 ut
1547 245 1648 273 faceret
1676 254 1752 278 uvas,
1770 252 1797 274 ιιι

167 295 299 327 ἀκάνθας.
313 294 368 321 Καὶ
380 294 427 321 νῦν
440 294 465 320 οἱ
481 293 648 326 ἐνοικοῦντες
660 295 688 321 ὲν
709 293 897 330 Ἰερουσαλὴμ,
913 295 960 321 καὶ

167 342 310 378 ἀνθρωπος
324 340 371 368 τοῦ
397 340 492 372 Ἰούδα,
510 340 620 377 κρίνατε
638 341 666 366 ὲν
683 340 755 376 ἐμοὶ,
773 340 821 366 καὶ
838 340 890 367 ἀνὰ
913 340 961 376 μέ-

168 397 215 415 σον
229 387 276 414 τοῦ
294 385 454 422 ἀμπελῶνος
471 395 532 422 μου.
551 385 583 412 Τί
596 387 704 422 ποιήσω
719 386 759 412 ἔτι
768 385 807 421 τῷ
819 386 960 421 ἀμπελῶνί

170 442 231 469 μου,
244 433 292 460 καὶ
304 432 354 459 οὐκ
368 431 484 467 ἐποίησα
498 431 589 467 αὑτῷς
603 431 670 458 διότι
683 431 778 468 ἔμεινα
789 432 834 458 τοῦ
849 432 960 467 ποιῆσαι

169 478 317 514 σταφυλὴν,
334 477 445 513 ἐποίησε
469 476 496 504 δὲ
519 477 650 509 ἀκάνθας.
668 477 726 504 Νὖν
751 475 797 505 οὖν
818 477 961 512 ἀναγγελῶ

168 525 233 559 ὑμῖν
246 522 272 550 τί
284 523 390 558 ποιήσω
405 522 445 557 τῷ
459 522 601 557 ἀμπελῶνί
621 531 671 558 μου
682 531 689 538 ·
709 523 815 557 ’Δυελῶ
830 523 876 550 τὸν
892 531 961 559 φρα-

167 570 237 606 γμὸν
254 568 347 600 αὐτοῦ,
365 569 413 596 καὶ
433 569 508 595 ἔσται
529 570 568 600 εἰς
590 569 762 605 διαρπαγήν·
787 570 834 596 καὶ
855 569 961 596 καθελῶ

167 616 213 643 τὸν
235 617 322 651 τοῖχον
344 614 437 647 αὑτοῦ,
457 616 504 641 καὶ
525 615 601 642 ἔσται
623 616 663 647 είς
683 616 887 652 καταπάτημα·
914 617 961 643 καὶ

166 662 261 698 ἀνήσω
281 661 328 688 τδν
346 661 494 696 ἀμπελῶνά
511 670 572 697 μου,
591 662 639 688 καὶ
655 662 685 689 οὐ
711 662 748 698 μὴ
773 662 888 698 τιμηθῇ,
906 662 960 689 οὐδ’

167 707 198 734 οὺ
213 707 250 743 μὴ
266 708 369 742 σκαφῇ,
384 707 432 733 καὶ
445 707 610 743 ἀναϐήσεται
624 709 664 740 είς
680 708 772 740 αὐτὸν,
787 707 822 740 ὡς
841 709 881 740 είς
897 708 961 744 χέρ-

169 762 224 786 σον,
247 752 363 781 ἄκανθα.
383 753 440 780 Καὶ
460 754 520 785 ταῖς
537 753 662 788 νεφέλαις
678 753 838 788 ὲντεληῦμαι
853 753 900 781 τοῦ
923 753 960 789 μὴ

167 798 263 834 βρέξαι
276 799 317 830 εἰς
333 798 414 825 αὑτὸν
432 798 517 825 ὑετόν.
542 808 550 824 ι
571 799 695 832 Νεφέλας
710 798 797 834 δηλῶν
813 799 877 831 τοὺς
900 807 962 835 προ-

167 845 272 880 φήτας”
288 843 356 870 ἀλλὰ
376 844 422 870 καὶ
439 843 482 870 διὰ
505 843 534 869 τὸ
549 843 667 879 καθαρὸν
685 844 774 871 αὐτῶν
791 844 839 871 καὶ
852 844 961 879 διαυγὲς

166 889 214 916 τοῦ
236 889 305 924 βίου,
326 887 442 923 νεφέλας
465 888 563 920 αὐτοὺς
581 888 673 915 καλεῖ·
694 888 737 915 διὰ
753 889 855 916 τούτων
874 889 929 924 γὰρ
948 889 961 915 ό

1013 293 1076 319 fecit
1092 292 1196 326 spinas.
1222 292 1255 319 Et
1283 299 1353 319 ntmc
1372 291 1417 326 qui
1447 290 1565 318 incolitis
1589 290 1749 323 Jerusalem,
1770 296 1798 318 et

1012 339 1094 366 homo
1123 338 1203 370 Juda,
1220 338 1342 373 iudicate
1371 337 1442 365 inter
1467 345 1510 365 me
1544 341 1571 364 et
1601 337 1672 364 inter
1691 337 1798 364 vineam

1012 392 1110 411 meam.
1136 384 1205 418 Quid
1231 385 1327 412 faciam
1351 384 1440 411 adhuc
1450 384 1536 410 vineae
1560 391 1637 416 mete,
1658 383 1729 417 quod
1746 390 1798 408 non

1013 429 1063 456 feci
1080 429 1104 456 ei
1119 429 1130 456 ?
1144 429 1208 464 quia
1224 429 1379 464 exspectavi
1399 434 1428 456 ut
1453 429 1555 456 faceret
1575 436 1651 461 uvas,
1668 428 1714 455 sed
1735 426 1801 454 fecit

1012 476 1124 510 spinas?
1144 476 1222 503 Nunc
1242 475 1325 511 igitur
1340 475 1510 503 annuntiabo
1525 475 1602 503 vobis
1618 475 1682 510 quid
1700 474 1798 502 faciam

1012 521 1098 548 vinea:
1113 529 1178 548 mea:
1193 532 1200 549 :
1213 521 1340 548 Auferam
1356 529 1446 556 sepem
1468 520 1538 556 ejus,
1561 525 1589 549 et
1614 521 1667 548 erit
1681 521 1708 547 in
1728 521 1799 547 dire-

1011 567 1131 601 ptionem
1145 567 1268 594 :diruam
1284 567 1431 594 maceriam
1443 566 1513 601 ejus,
1533 570 1561 594 et
1571 566 1623 594 erit
1642 566 1668 593 in
1687 565 1800 593 concul-

1013 613 1147 640 cationem
1167 622 1173 640 :
1189 616 1217 640 et
1229 611 1379 646 relinquam
1397 611 1503 638 vincant
1525 618 1623 643 meam,
1644 615 1671 638 et
1686 619 1740 638 non
1752 618 1802 646 pu-

1012 657 1125 689 tabitur,
1148 665 1235 692 neque
1249 657 1376 688 fodietur,
1392 661 1419 683 et
1433 654 1558 683 cresce‘nt
1574 656 1600 683 in
1612 663 1654 688 ea,
1671 660 1801 690 tanquam

1012 703 1038 730 in
1060 703 1160 731 inculta
1191 707 1276 735 terra,
1304 703 1400 737 spinae.
1420 702 1452 738 Et
1467 701 1584 729 nubibus
1607 702 1742 729 mandabo
1766 707 1801 730 ne

1012 748 1105 782 plnant
1121 755 1204 782 super
1216 755 1275 774 eam
1294 747 1423 782 pluviam.
1438 756 1447 772 ι
1463 746 1552 774 Nubes
1568 754 1671 774 vocans
1686 747 1801 782 prophe-

1015 799 1055 821 tas
1072 804 1078 821 :
1096 801 1163 828 quos
1181 794 1216 820 ob
1238 794 1385 828 puritatem
1404 797 1432 820 et
1452 793 1513 820 vitm
1528 793 1702 827 splendorem
1716 793 1801 820 nubes

1013 839 1148 874 appellat:
1168 839 1265 866 horutn
1291 838 1363 865 enim
1383 845 1467 872 opera
1482 838 1604 865 caelestis
1628 838 1695 872 ipsis
1708 845 1801 865 sermo

1013 885 1146 917 dabatur,
1178 885 1276 920 quibus
1299 884 1430 912 Dominus
1458 891 1489 912 se
1506 884 1688 912 discessurum
1715 883 1800 911 inter-

165 934 290 971 οὐράνιος
306 933 396 965 αὐτοῖς
408 935 566 970 ἐχορηγεῖτο
583 933 675 969 λόγος·
693 931 733 966 οἷς
749 934 856 962 ἀπειλεί
871 935 885 960 ὁ
901 935 959 962 Κύ-
976 929 997 956 Β
1011 930 1140 957 minatur.

168 989 226 1017 ριος
240 980 404 1015 ἀποστήσειν
421 979 520 1007 αὐτῶν.

206 1036 215 1052 ι
235 1027 350 1063 Ἔμεινα
363 1026 409 1054 τοῦ
423 1027 534 1062 ποιῆσαι
546 1028 647 1063 κρίσιν,
662 1027 774 1063 ἐποίησε
789 1028 818 1054 δὲ
833 1028 960 1063 ἀνομίαν,

168 1071 218 1099 καὶ
231 1071 262 1099 οὐ
275 1071 457 1108 δικαιοσύνην,
481 1071 550 1099 ἀλλά
566 1074 699 1108 κραυγήν.
724 1082 733 1099 ι
757 1074 779 1100 Κ
785 1074 889 1110 ραυγὴν
907 1073 961 1110 γὰρ

170 1116 268 1152 ἀφίησι
280 1116 354 1143 πᾶσα
365 1117 433 1153 πρὸς
444 1116 558 1143 θάνατον
572 1117 704 1153 ἁμαρτία,
715 1117 819 1153 βοώσης
831 1118 880 1153 τῆς
895 1119 962 1154 πρά-

171 1162 239 1196 ξεως
255 1162 354 1198 αὐτῆς
371 1162 441 1190 οὕτω
455 1163 521 1197 γοῦν
541 1163 649 1199 εἴρηται
663 1164 702 1197 τὺ,
724 1173 732 1190 ι
753 1164 830 1200 Φωνὴ
847 1165 961 1200 αἵματος

170 1208 252 1235 Ἅϐελ
265 1208 312 1235 τοῦ
325 1208 440 1244 ἀδελφοῦ
454 1217 500 1235 σου
515 1208 565 1245 βοᾷ
581 1211 649 1245 πρὸς
664 1210 708 1245 μέ.

206 1307 216 1324 ι
234 1295 271 1326 θῦ
285 1298 348 1334 ,γὰρ
364 1298 497 1335 ὲργῶνται
512 1299 577 1329 δέκα
590 1299 675 1335 ζεύγη
700 1299 780 1335 βοῶν,
796 1301 902 1337 ποιήσει
915 1310 960 1328 κε-

169 1345 267 1381 ράμιον
280 1345 310 1371 ἓν
320 1354 326 1360 ·
340 1345 388 1372 καὶ
399 1347 413 1372 ὁ
422 1345 541 1381 σπείρων
555 1346 677 1381 ἀρτάϐας
694 1346 734 1378 ἐξ.
751 1347 858 1383 ποιήσει
874 1348 961 1384 μέτρα

167 1391 239 1427 τρία.
261 1400 269 1416 ι
286 1389 420 1422 Σπανίους
442 1391 519 1423 τινὰς
533 1392 596 1424 τοὺς
618 1393 648 1419 ὲν
664 1392 755 1424 αὐτοῖς
779 1393 961 1429 εὑρεθησομέ-

167 1444 229 1467 νους
241 1436 378 1472 σωτηρίας
391 1435 483 1469 ἀξίους
499 1437 657 1464 αἰνίττεται.

206 1534 215 1550 ε
236 1525 304 1552 Οὐαὶ
317 1526 342 1552 οἱ
354 1525 523 1561 ἐγειρόμενοι
539 1525 569 1552 τὸ
583 1526 667 1562 πρωῒ,
679 1527 726 1554 καὶ
741 1527 772 1554 τὸ
789 1527 886 1564 σίκερα
898 1528 960 1555 διώ-

168 1579 271 1603 κοντες,
286 1572 310 1598 οι
329 1571 455 1607 μένοντες
473 1572 504 1598 τὺ
523 1572 581 1606 ὀψέ·
599 1573 613 1598 ὁ
629 1573 682 1608 γὰρ
697 1571 768 1606 οἶνος
781 1575 881 1607 αὐτοὺς
895 1584 959 1610 συγ-

168 1618 274 1644 καύσει,
298 1627 308 1644 ι
330 1604 390 1653 ιΓῆς
409 1604 593 1653 ἀποστολικῆς
607 1604 706 1651 λέξεως
719 1604 768 1654 τὴν
784 1604 915 1656 ἐξήγησιν
929 1604 960 1648 τὸ
973 1604 994 1634 c

168 1664 254 1699 παρὸν
277 1664 355 1690 τοῦτο
374 1664 457 1699 μέρος
475 1663 525 1700 τῆς
546 1665 715 1701 προφητείας
738 1666 875 1702 περιέχει·
893 1667 960 1694 διάει

167 1710 231 1746 γὰρ,
250 1710 327 1745 φησὶ,
344 1720 353 1735 ι
376 1710 494 1736 Μέθυσοι
512 1710 650 1745 βασιλείαν
665 1711 732 1738 Θεοῦ
747 1713 776 1738 οὐ
796 1712 960 1749 κληρονομή-

166 1764 254 1783 σουσισ
275 1766 284 1781 ι
297 1756 438 1782 τουτέστιν
449 1756 474 1782 οἱ
485 1756 546 1792 ἄρτι
556 1756 606 1792 τὴν
622 1758 656 1784 ὲκ
670 1758 720 1792 τῆς
730 1758 855 1794 νεότητος
868 1759 960 1787 ἄνοιαν

167 1802 341 1837 ἀποθέμενοι.
358 1803 405 1829 καὶ
419 1803 480 1829 ἀντὶ
496 1803 546 1838 τῆς
563 1803 611 1829 τοῦ
635 1804 715 1838 λόγου
730 1805 871 1841 δυνάμεως
885 1806 961 1833 εὐτό-

167 1857 222 1879 νως
246 1848 444 1875 καταπαλαξειν
470 1849 503 1875 τὰ
530 1849 615 1884 πάθη,
643 1850 859 1887 ἀνατρεπόμενοι
894 1854 959 1889 παρ’

167 1893 270 1925 αὐτῶν,
284 1895 331 1921 καὶ
345 1892 400 1921 οἷόν
416 1903 476 1921 τινα
498 1894 582 1930 μέθην
597 1895 632 1922 τὰ
643 1896 716 1932 πάθη
735 1898 958 1933 μεταδιώκοντες.

168 1941 249 1972 Εἰκὸς
264 1941 292 1967 δὲ
303 1941 365 1972 τοὺς
387 1940 528 1973 Ἰουδαίους
543 1942 589 1968 καὶ
607 1941 675 1977 μετὰ
689 1943 740 1978 τὴν
754 1944 825 1971 κατὰ
838 1945 885 1971 τοῦ
903 1945 960 1972 Σω-

167 1988 249 2023 τῆρος
272 1987 349 2022 ἡμῶν
363 1987 476 2022 τόλμαν,
504 1988 548 2014 ὅτε
565 1988 649 2024 ἐχρῆν
673 1989 774 2021 αὐτοὺς
790 1990 898 2017 πενθεῖν
917 1991 961 2018 διὰ

167 2034 217 2068 τὴν
233 2033 379 2069 μέλλουσαν
397 2033 600 2069 καταλήψεσθαι
613 2035 713 2066 αὐτοὺς
727 2035 821 2071 ὀργὴν,
842 2037 961 2071 κραιπά-

167 2079 236 2114 λαις,
248 2079 294 2106 καὶ
311 2079 501 2114 οἰνοφλυγίαις,
513 2080 560 2107 καὶ
573 2083 606 2117 τῇ
620 2080 688 2117 ἄλλῃ
703 2083 792 2117 τρυφῇ
810 2082 958 2117 σχολάζειν.

167 2124 213 2150 Διὺ
236 2123 422 2156 ταλανίξονται
449 2124 502 2151 ὑπὸ
524 2125 571 2152 τοῦ
587 2125 677 2160 λόγου,
698 2125 737 2158 ὡς
752 2126 961 2163 ἀνεπαισθήτως

167 2168 274 2205 ἔχοντες
281 2170 336 2196 τῶν
347 2170 408 2196 ὅσον
419 2169 496 2197 οὔπω
505 2171 735 2207 καταληψομένων
745 2172 843 2204 αὐτοὺς
855 2173 957 2200 κακῶν.

1047 1024 1130 1052 Vens.
1145 1024 1173 1051 7.
1190 1033 1199 1049 ι
1217 1023 1380 1060 Exspectavi
1401 1027 1430 1050 ut
1451 1023 1552 1050 faceret
1565 1021 1710 1060 judicium,
1738 1022 1801 1050 fecit

1011 1074 1101 1097 autem
1129 1069 1313 1104 iniquitatem,
1341 1073 1369 1097 et
1395 1077 1448 1097 non
1469 1069 1614 1104 justitiam,
1634 1070 1682 1096 sed
1700 1068 1801 1097 clamo-

1012 1123 1080 1143 rem.
1096 1125 1106 1142 ι
1123 1115 1190 1143 Nam
1210 1122 1291 1143 omne
1307 1120 1447 1150 peccatum
1463 1115 1497 1142 ad
1507 1121 1636 1148 mortem,
1650 1115 1798 1143 clamorem

1011 1161 1122 1194 emittit,
1143 1162 1278 1189 clamante
1303 1161 1346 1188 vel
1364 1161 1421 1196 ipsa
1447 1161 1576 1189 actione:
1603 1161 1645 1188 sic
1664 1160 1738 1187 enim
1756 1160 1799 1187 di;

1012 1212 1086 1234 ctum
1106 1212 1158 1240 est,
1179 1216 1189 1233 ι
1204 1207 1261 1235 Vox
1284 1207 1426 1242 sanguinis
1442 1207 1508 1235 Abel
1528 1207 1621 1234 fratris
1642 1206 1681 1233 tui
1702 1205 1801 1232 clamat

1011 1252 1044 1280 ad
1061 1260 1103 1280 me
1114 1252 1148 1280 “.
1164 1261 1174 1279 ι
1505 1243 1510 1247 ”

1047 1299 1131 1327 Vens.
1146 1299 1191 1326 £0.
1213 1308 1223 1325 ι
1241 1299 1291 1327 Ubi
1319 1307 1391 1327 entm
1411 1305 1492 1327 arant
1507 1300 1599 1326 decem
1613 1298 1675 1334 iuga
1705 1299 1798 1330 boum,

1012 1344 1094 1373 faciet
1113 1345 1287 1380 lagunculam
1315 1352 1416 1372 unam:
1441 1350 1469 1373 et
1496 1345 1543 1380 qui
1559 1345 1676 1372 seminat
1690 1343 1800 1371 artabas

1011 1399 1069 1424 sex,
1094 1391 1174 1419 faciet
1190 1398 1332 1419 mensuras
1346 1396 1410 1419 tres.
1427 1400 1436 1418 ι
1452 1390 1540 1418 llaros
1559 1391 1689 1426 quosdam
1713 1389 1801 1417 homi-

1011 1445 1070 1469 nes,
1088 1437 1135 1472 qui
1154 1437 1225 1473 apud
1242 1437 1314 1472 ipsos
1332 1437 1418 1465 salute
1432 1437 1505 1472 digni
1533 1437 1710 1471 reperientur,
1735 1433 1799 1463 sub-

1012 1483 1125 1510 indicat.

1047 1528 1129 1556 Vens.
1147 1528 1192 1556 Η.
1211 1537 1220 1554 ι
1236 1527 1283 1556 Vae
1302 1528 1336 1556 iis
1348 1528 1393 1563 qui
1407 1535 1485 1555 mane
1500 1531 1626 1563 surgunt,
1643 1532 1670 1554 et
1684 1527 1798 1554 siceram

1011 1580 1230 1610 persequuntur;
1252 1576 1298 1610 qui
1321 1579 1430 1602 manent
1451 1582 1584 1610 vespere:
1614 1575 1707 1601 vinum
1727 1574 1798 1601 enim

1012 1621 1155 1649 comburet
1183 1628 1240 1650 eos.
1266 1631 1276 1648 ι
1300 1621 1449 1656 Apostolici
1480 1621 1544 1648 dicti
1579 1620 1797 1655 explanationem

1011 1674 1074 1701 pars
1099 1668 1156 1695 haec
1186 1668 1344 1703 prophetia:-
1360 1668 1480 1695 continet
1499 1675 1507 1694 :
1525 1675 1584 1694 nam
1610 1667 1679 1699 ideo,
1703 1666 1799 1700 inquit,

1014 1723 1024 1740 ‹
1044 1712 1118 1740 Ebrii
1134 1721 1245 1748 regnum
1269 1714 1395 1741 Dei-non
1417 1713 1648 1748 possidebunt";
1669 1721 1678 1737 ι
1707 1711 1733 1739 id
1747 1716 1799 1743 est,

1011 1760 1057 1794 qui
1073 1760 1191 1787 nondum
1202 1758 1353 1795 juveni-utis
1368 1760 1553 1794 Insipientiam
1562 1759 1755 1794 deposuerunt,
1773 1765 1800 1785 et

1011 1805 1070 1840 qui,
1088 1812 1149 1832 cum
1173 1805 1344 1832 turbulentos
1367 1805 1451 1832 animi
1478 1811 1566 1831 motus
1590 1809 1701 1831 strenue
1714 1811 1800 1838 oppu-

1016 1858 1100 1887 gnare
1123 1850 1257 1883 debeant,’
1274 1851 1307 1878 ab
1333 1850 1366 1878 iis
1382 1851 1475 1878 eontra
1489 1850 1694 1879 subvertuntur.
1706 1854 1733 1876 et
1750 1857 1798 1876 cett

1012 1897 1157 1930 quamdam
1184 1896 1357 1928 ebrietatem,
1388 1895 1473 1923 animi
1511 1895 1621 1922 morbos
1648 1900 1799 1922 sectantur.

1012 1943 1166 1971 Verisimile
1189 1950 1270 1978 porro
1291 1947 1334 1970 est
1358 1941 1466 1969 Juilzeos
1491 1946 1551 1976 post
1571 1941 1672 1968 editum
1703 1946 1797 1968 contra

1012 1989 1181 2016 Salvatorem
1205 1993 1328 2016 nostrum
1352 1988 1452 2021 scelus,
1478 1995 1539 2015 cum
1568 1995 1618 2023 par
1636 1987 1798 2020 fuisseteos,

1012 2034 1123 2062 ultionis
1133 2042 1184 2069 qua
1200 2034 1345 2061 invadendi
1358 2038 1436 2061 erant
1453 2038 1537 2065 metu,
1550 2033 1653 2068 lugere,
1666 2033 1797 2067 crapulis,

1012 2080 1200 2112 ebrietatibus,
1225 2079 1339 2115 aliisque
1369 2079 1553 2114 voluptatibus
1582 2086 1705 2106 vacasse.
1728 2079 1800 2112 Qua-

1013 2131 1123 2160 propter
1151 2126 1243 2152 miseri
1273 2133 1288 2152 a
1318 2125 1457 2160 Scriptura
1486 2125 1677 2160 praedicantur.
1705 2129 1798 2159 utpote

1011 2171 1057 2204 qui
1072 2170 1145 2198 nullo
1159 2178 1220 2198 mox
1242 2170 1392 2198 futurorum
1408 2169 1539 2197 malorum
1555 2177 1634 2197 sensu
1658 2177 1799 2197 moveren-

1013 2221 1064 2244 tur.

205 2267 214 2284 t
230 2259 306 2303 Μετά
312 2258 366 2294 γὰρ
377 2257 495 2295 κιθάρας
509 2259 556 2285 καὶ
572 2259 733 2295 ψαλτηρίου,
751 2261 798 2287 καὶ.
811 2260 960 2296 τυμπάνων

1050 2262 1132 2290 Vens.
1147 2261 1191 2290 ιτ..
1217 2271 1228 2289 ι
1243 2261 1310 2290 Nam
1333 2270 1394 2290 cum
1406 2263 1523 2294 cithara.
1540 2262 1669 2298 psalterio
1685 2267 1712 2290 et
1727 2267 1798 2298 tym-

166 2304 212 2330 τὸν
225 2302 295 2331 οῐνον
319 2305 443 2331 πίνουσι’
463 2304 497 2331 τὰ
520 2304 549 2331 δὲ
573 2305 641 2341 ἔργα
658 2305 759 2341 Κυρίου
785 2306 836 2333 οὐκ
861 2306 958 2342 ἐμϐλέ-

168 2357 259 2382 πουσι,
277 2351 322 2377 καὶ
342 2351 376 2378 τὰ
397 2350 466 2386 ἔργα
482 2350 537 2377 τῶν
557 2351 654 2386 χειρῶν
670 2351 752 2378 αὑτοῦ
769 2352 801 2378 οὐ
814 2352 960 2379 κατανοοῦ-

170 2404 222 2421 σιν.
243 2405 251 2420 ι
277 2395 343 2422 Ἀλλ’
361 2396 420 2423 οὐδὲ
438 2397 495 2428 τοῖς
510 2395 592 2428 θείοις
610 2396 754 2435 προσέχειν
778 2397 889 2432 λογίοις,
911 2399 958 2425 καὶ

168 2441 220 2477 τὴν
237 2441 340 2468 ἐκεῖθεν
356 2442 488 2477 ὠφέλειαν
510 2442 682 2478 καρποῦσθαι
705 2440 760 2469 οἷόν
775 2452 802 2470 τε
822 2445 884 2476 τοὺς
904 2453 957 2470 κω-

171 2489 302 2526 μαστικὸν
321 2489 375 2525 βίον
396 2491 612 2527 ἀσπαζομένους,
635 2491 682 2518 καὶ
706 2491 776 2527 μέθῃ
793 2491 840 2518 καὶ
864 2492 960 2527 κορδα-

167 2538 278 2571 κισμοῖς
294 2545 378 2572 κεχρη
383 2537 488 2571 μένους.

205 2634 215 2650 ι
234 2624 329 2650 Τοίνυν
344 2623 513 2659 αἰχμάλωτος
531 2625 545 2652 ὁ
559 2626 624 2658 λαός
641 2635 692 2661 μου
709 2625 838 2660 ἐγενήθη,
861 2625 905 2652 διὰ
928 2625 958 2652 τὸ

169 2671 207 2706 μὴ
228 2670 327 2697 εἰδέναι
344 2670 442 2701 αὐτοὺς
464 2670 509 2696 τὸν
526 2671 636 2707 Κύριον,
655 2671 702 2698 καὶ
725 2670 828 2706 πλῆθος
842 2671 958 2707 ἐγενήθη

168 2716 271 2751 νεκρῶν
291 2716 335 2743 διὰ
359 2716 438 2752 λιμὸν
455 2717 501 2743 καὶ
526 2716 599 2751 δίψος
621 2717 715 2749 ὓδατος
736 2716 802 2752 (10).
821 2726 831 2742 ι
855 2716 959 2753 Ῥητῶς

203 2776 226 2792 ’⁸
239 2775 307 2804 Gen.
327 2783 364 2808 tv,
379 2776 423 2803 10.
462 2776 484 2792 “
500 2775 508 2802 l
524 2775 587 2803 Cur.
600 2783 636 2807 vt.
652 2776 695 2803 IO.

206 2847 263 2883 (l0)
283 2847 344 2875 Hazc
361 2847 396 2875 ita
411 2848 594 2883 Hieronvmus
611 2848 703 2880 vertit,
721 2857 730 2873 ι
745 2847 898 2883 Haacjuxta
914 2846 955 2874 lit-

171 2880 258 2918 teran
270 2884 403 2911 accidisse
423 2880 521 2918 populo
541 2881 695 2910 Jtnlmorum
716 2883 771 2918 sub
791 2881 955 2916 Vespasiano

170 2923 198 2946 et
225 2917 286 2946 Tito
311 2918 440 2946 [lonianis
461 2917 656 2952 principibus,
681 2923 734 2945 tam
758 2917 849 2946 Grtcca
874 2925 954 2952 quam

1014 2310 1092 2344 panis
1108 2309 1199 2336 vinum
1212 2314 1324 2344 potant:
1343 2317 1425 2344 opera
1456 2315 1546 2336 autem
1565 2309 1670 2336 Domini
1684 2316 1735 2336 non
1756 2316 1800 2336 re-

1013 2355 1143 2389 spiciunt,
1160 2360 1189 2382 et
1208 2363 1289 2390 opera
1308 2363 1436 2382 manuum
1447 2355 1504 2388 ejus
1520 2362 1572 2382 non
1589 2354 1770 2382 considerant.
1787 2364 1796 2380 ι

1015 2402 1112 2430 Verum
1128 2410 1177 2430 nec
1194 2402 1252 2430 fieri
1273 2408 1391 2437 poterat,
1409 2408 1437 2430 ut
1456 2404 1485 2436 ii,
1507 2403 1552 2438 qui
1570 2402 1698 2430 lascivam
1715 2402 1797 2428 vitam

1013 2449 1258 2484 amplectebantur,
1279 2456 1311 2476 ac
1335 2449 1461 2476 ebrietati
1489 2448 1733 2482 saltationibusqne
1755 2448 1799 2474 de-

1012 2494 1059 2522 diti
1085 2499 1175 2526 erant,
1192 2494 1292 2521 divinis
1314 2493 1486 2521 attenderent
1516 2493 1633 2522 oraculis
1663 2493 1696 2519 ab
1714 2491 1800 2525 iisque

1011 2540 1130 2567 fructum
1147 2539 1329 2575 perciperent.

1048 2625 1129 2653 Vens.
1152 2625 1195 2653 15.
1213 2635 1224 2652 ι
1240 2625 1323 2661 Igitur
1337 2626 1460 2660 captivus
1473 2625 1588 2660 populus
1612 2631 1688 2651 meus
1711 2622 1800 2652 factus

1012 2676 1063 2704 cst,
1079 2679 1112 2699 eo
1127 2672 1198 2706 quod
1212 2679 1264 2698 non
1279 2672 1458 2707 cogu0verint
1477 2670 1619 2697 Dominum
1633 2678 1641 2696 :
1660 2675 1687 2696 et
1706 2669 1797 2696 multi—

1015 2719 1077 2746 tudo
1087 2723 1255 2746 mortuorum
1265 2717 1316 2745 fuit
1326 2723 1437 2753 propter
1447 2717 1544 2744 famem
1556 2720 1585 2743 et
1597 2715 1670 2744 sitim
1684 2723 1771 2752 aquae,
1785 2725 1795 2742 ι

1010 2847 1106 2875 Latina
1135 2851 1228 2876 narrat
1254 2846 1378 2874 historia.
1408 2845 1483 2880 Quod
1506 2845 1691 2882 spiritualiter,
1718 2844 1797 2873 hodie

1011 2891 1120 2918 quoque
1134 2884 1281 2915 uatiunlur,
1295 2891 1304 2908 ι
1320 2886 1373 2910 etc.
