2059 3215
268 182 321 210 “9

604 181 738 209 EUSEBII
758 180 998 210 CESARIENSIS
1018 179 1093 208 OPP.
1114 179 1207 209 PARS
1225 179 1270 208 ΙΙΙ.
1290 195 1325 201 -
1345 179 1551 208 EXEGETICA.

1851 183 1903 211 120

271 240 334 267 llrec
356 239 421 274 ipsis
440 239 472 266 ad
490 238 608 266 lltteram
625 243 652 265 et
669 239 818 266 secundum
834 237 978 266 historiam
996 244 1057 265 eve-

1112 237 1162 272 μὲν
1188 235 1235 264 οὖν
1259 237 1489 272 ἐπῆλθεν-αὺτοῖς
1512 238 1600 265 ταῦτα
1624 239 1683 266 καθ’
1710 239 1830 275 ἱστορίαν
1856 242 1902 267 ἐπὶ

269 290 368 313 nerunt
382 285 432 312 sub
449 284 614 318 Vespasiano
626 289 653 311 et
668 285 787 311 Adriano
811 284 994 311 Romanorum
1013 283 1060 310 im-

269 330 624 366 peratoribus;secuudum
653 336 773 358 mentem
800 338 867 358 vero
883 330 964 358 etiam
989 337 1060 356 nunc

269 377 425 404 rationabili
446 383 516 411 pane
544 376 607 402 vitae
622 376 734 411 privati,
759 375 830 405 fame
861 375 982 402 caelestis
1008 375 1058 402 ali-

268 423 352 450 menti
370 429 540 456 premuntur,
571 422 718 450 secundum
747 422 919 455 Scripturam
945 422 979 449 de
1006 421 1059 448 illis

269 469 304 495 ita
320 468 489 502 loquentem,
512 479 521 495 t
540 469 744 496 Couvertentur
761 469 793 495 ad
810 475 964 502 vesperam,
977 473 1004 494 et
1017 467 1059 494 fa-

267 521 338 540 mem
349 515 488 548 patientur
504 519 531 540 ut
543 514 630 547 canis,
645 518 674 541 et
682 513 840 540 circuibunt
851 513 988 540 civitatem
1002 513 1036 540 ³ο.
1047 522 1056 538 ι

267 561 306 586 Ac
335 567 396 587 cum
418 560 568 594 principem
594 560 656 587 vitae
684 560 855 593 negaverint.
889 559 915 586 in
943 563 1057 586 mortem

268 606 368 633 animus
383 605 449 640 lapsi
466 611 530 634 sunt
544 615 551 633 :
571 613 687 640 cumque
701 606 900 640 redemptorem
914 605 1059 639 captivita-

269 653 305 679 tis
335 653 501 685 animarum,
521 653 567 688 qui
591 653 768 687 przetlicatum
805 656 917 678 venerat
942 651 1057 686 captivis

269 699 472 731 remissionem,
489 704 516 726 et
533 700 614 726 caecis
629 699 704 726 visus
717 697 1058 729 restitutionem,aversati

268 745 333 777 sint,
366 745 486 771 inimicis
502 744 690 778 spiritualibus
705 744 810 776 traditi,
826 749 854 771 et
869 743 1057 779 captivitatem

268 790 421 817 animarum
436 790 557 824 perpessi
576 795 650 817 sunt.

305 836 389 863 Vens.
417 836 463 864 9.0.
489 845 498 862 t
516 836 562 863 Va:
589 836 635 870 qui
664 835 755 864 dicitis
775 835 875 863 malum
901 837 1015 867 bonum,
1031 839 1059 862 et

266 881 367 907 bonum
390 880 506 912 malum;
523 881 568 915 qui
584 881 684 916 ponitis
701 882 828 909 tenebras
850 881 950 912 lucem,
972 885 1000 908 et
1017 880 1057 907 lu-

1112 282 1316 309 Οὐεσπασιανοῦ
1338 284 1386 309 καὶ
1409 283 1549 318 Ἀδριανοῦ
1571 284 1711 320 Ῥωμαίων
1737 286 1902 321 αὐτοκρατὸ-

1113 337 1181 364 ρων·
1200 329 1333 355 καὶκατὰ
1348 329 1468 356 διάνοιαν
1489 330 1517 356 δὲ
1535 330 1713 366 στερηθέντες
1727 330 1774 357 τοῦ
1793 331 1902 366 λογικοῦ

1111 373 1193 409 ἄρτου
1210 374 1260 409 τῆς
1277 373 1361 409 ζωῆς,
1380 374 1420 401 ἔτι
1433 375 1481 401 καὶ
1497 375 1545 402 νῦν
1558 376 1661 412 τροφῆς
1678 376 1838 411 ἐπουρανίου
1852 376 1902 409 τὰς

1110 419 1198 455 ψυχὰς
1216 420 1378 455 λιμώττουσι
1404 421 1475 447 κατὰ
1495 421 1544 456 τὴν
1562 421 1718 456 φάσκουσαν
1735 423 1798 457 περὶ
1813 422 1902 449 αὐτῶν

1111 465 1232 500 Γραφην·
1245 474 1254 490 t
1267 465 1491 500 Ἐπιστρέψουσιν
1500 467 1539 497 εἰς
1548 466 1676 501 ἑσπέραν.
1687 466 1902 502 καὶλιμώξουσιν

1110 509 1148 541 ὡς
1165 509 1248 542 κύων,
1274 510 1320 536 καὶ
1331 511 1500 537 κυκλὼσουσι
1524 511 1612 538 πόλιν.
1628 522 1636 537 ι
1648 512 1702 538 Καὶ
1719 512 1765 538 τὸν
1781 512 1901 548 ἀρχηγὸν

1110 554 1138 580 δὲ
1149 555 1197 590 τῆς
1214 555 1287 590 ζωῆς
1309 556 1544 591 ἀπαρνησαμενοι,
1562 556 1601 592 τῷ
1616 557 1666 592 τῆς
1681 557 1769 592 ψυχῆς
1794 556 1902 592 Θανάτῳ

1111 601 1337 636 περιπεπτώκασι
1350 611 1356 617 ·
1384 603 1429 629 τόν
1451 612 1480 630 τε
1505 603 1645 639 λυτρωτὴν
1665 604 1714 639 τῆς
1735 605 1789 630 τῶν
1808 603 1902 639 ψυχῶν

1110 647 1300 683 αἰχμαλωσίας
1324 649 1554 685 ἀποστραφέντες,
1577 649 1624 676 τὸν
1650 649 1759 676 ἐλθόντα
1783 649 1900 685 κηρῦξαι

1110 693 1292 729 αἰχμαλώτοις
1304 694 1400 729 ἄφεσιν
1415 696 1462 722 καὶ
1478 696 1588 730 τυφλοῖς
1604 695 1760 730 ἀνάϐλεψιν,
1772 697 1828 728 τοῖς
1843 705 1901 732 νοη-

1109 741 1167 771 τοῖς
1185 740 1324 776 πολεμίοις
1339 741 1536 777 παρεδόθησαν,
1557 742 1604 769 καὶ
1616 742 1667 777 τὴν
1680 741 1771 776 ψυχῶν
1787 741 1900 777 ὑπέμει-

1110 796 1158 814 ναν
1171 787 1368 822 αἰχμαλωσίαν.

1148 842 1157 858 t
1172 833 1239 859 υύαὶ
1251 834 1276 859 οἱ
1292 833 1415 868 λέγοντες
1430 834 1460 861 τὸ
1477 834 1593 870 πονηρὸν
1609 834 1702 867 καλὸν,
1713 835 1760 861 καὶ
1774 834 1804 860 τὸ
1819 834 1901 861 καλὸν

1111 880 1245 917 πονηρόνθ
1267 881 1292 907 οἱ
1315 881 1435 913 τιθέντες
1456 881 1486 908 τὸ
1511 881 1605 913 σκότος
1629 881 1697 916 φῶς,
1722 882 1769 908 καὶ
1789 881 1819 908 τὸ
1842 881 1901 916 φῶς

267 933 326 953 cem
348 926 494 958 tenebras;
510 927 554 960 qui
569 927 670 961 ponitis
685 934 809 954 amarum
833 926 923 958 dulce,
937 932 965 954 et
979 927 1057 953 dulce

1111 928 1222 959 σκότος’
1239 928 1265 954 οἱ
1281 927 1401 960 τιθέντες
1422 927 1452 954 τὸ
1469 928 1566 964 πικρὸν
1589 928 1686 962 γλυκὺ,
1705 928 1750 955 καὶ
1768 928 1799 955 τὸ
1814 928 1900 962 γλυκὺ

266 978 400 998 uillarum.
418 980 427 996 ι
453 971 486 998 Et
510 971 568 999 hmo
595 979 704 1007 quoque
729 972 949 1007 praeedeutibus
972 971 1058 1005 subji-

267 1018 389 1048 ciuntur,
403 1018 482 1052 quasi
498 1018 530 1046 de
543 1022 665 1054 tempore
686 1018 791 1046 Christi
806 1019 890 1046 dicta.
914 1018 982 1046 Nam
995 1026 1056 1046 cum

265 1063 366 1091 multos
384 1063 517 1091 doctrinae
529 1071 671 1091 sermones
687 1072 702 1091 a
715 1063 859 1092 Salvatore
879 1064 1055 1094 audivissent.

265 1117 372 1137 necnon
388 1115 481 1144 postea
501 1110 536 1138 ab
552 1109 684 1145 apostolis
707 1110 775 1144 ejus.
805 1111 873 1138 nihil
899 1111 963 1138 hinc
986 1110 1056 1137 utili-

267 1156 330 1184 tatis
343 1156 484 1184 consecuti
501 1161 586 1189 sunt,
608 1157 655 1184 sed
669 1157 694 1184 in
710 1157 902 1184 incredulitate
923 1162 950 1184 et
966 1162 1057 1192 gesto-

266 1210 327 1228 rum
341 1202 509 1229 absurditate
525 1206 744 1237 perseverantes,
757 1202 878 1238 peccatis
891 1201 949 1230 suis
962 1210 1056 1231 acces-

266 1248 372 1275 sionem
393 1238 553 1274 attulerunt.
580 1247 642 1275 Alio
668 1248 732 1275 item
759 1248 840 1275 modo
864 1247 922 1275 haec
943 1248 986 1280 iis,
1009 1249 1055 1283 qui

265 1293 343 1329 prius
361 1293 569 1325 incusabantur,
588 1293 776 1321 conveniunt:
794 1294 895 1322 ctenim
913 1294 995 1323 iidem
1009 1303 1054 1322 sa-

267 1347 330 1366 nam
348 1339 502 1367 doctrinam
526 1344 696 1371 aversantes,
717 1344 744 1367 et
762 1340 787 1367 in
809 1340 896 1368 lucem
916 1341 1054 1376 Evangelii

265 1385 396 1413 salutaris
412 1385 571 1420 blasphema
586 1385 768 1420 proferentes,
793 1391 977 1422 putautesque
997 1386 1056 1414 dul~

265 1435 313 1455 ces
330 1428 392 1456 illos
415 1436 446 1456 ac
475 1429 564 1456 alendi
592 1430 616 1456 vi
642 1429 771 1464 praeditos
793 1430 944 1459 Salvatoris
968 1432 1054 1459 nostri

266 1481 419 1507 sermones,
446 1482 554 1503 amaros
579 1484 650 1509 esse,
682 1476 820 1511 improbas
849 1478 1004 1506 econtrario
1028 1483 1054 1506 et

267 1519 401 1553 malignas
427 1520 616 1555 cogitationes,
646 1527 676 1549 ut
698 1522 784 1550 bonas
808 1523 1053 1558 amplectebantur,

266 1573 299 1592 ac
325 1566 452 1594 tenebras
475 1567 591 1599 erroris,
618 1575 678 1602 quae
705 1573 823 1596 mentem
839 1577 916 1596 suam
934 1577 1053 1603 occupa-

266 1613 342 1645 bant,
365 1614 425 1640 vice
448 1612 558 1641 luminis
577 1614 734 1649 ponebant:
759 1615 871 1643 malitia:
893 1622 958 1644 vero
975 1623 1054 1644 acer-
1069 1610 1091 1640 C

265 1659 327 1686 ham
341 1664 369 1686 et
380 1659 526 1687 exitiosam
542 1666 680 1693 naturam,
704 1661 782 1696 quasi
809 1662 916 1689 dulcem
937 1662 1055 1698 aliquam

265 1705 433 1740 voluptatem
450 1708 698 1742 persequebantur.
716 1708 750 1736 Et
767 1716 833 1736 sane
849 1709 882 1737 ad
900 1710 952 1737 hoc
971 1717 1056 1745 usque

268 1756 374 1786 tempus
390 1752 484 1780 videas
494 1753 615 1787 ejusdem
642 1755 728 1782 moris
751 1753 861 1782 Judatos
890 1762 970 1783 esse:
995 1764 1056 1783 nam

268 1797 406 1833 Evangelii
424 1799 564 1826 veritatem
584 1805 746 1828 aversantur
761 1822 769 1833 ,
796 1801 883 1829 aniles
902 1806 995 1829 autem
1015 1801 1057 1828 fa-

266 1842 358 1876 bulas,
369 1848 397 1870 et
409 1844 570 1879 ignorantia:
594 1847 722 1875 tenebras
741 1852 891 1874 sectantur.
912 1847 971 1875 Hoc
989 1847 1056 1875 aﬂ‘e-

265 1894 311 1917 cttt
331 1890 468 1925 instructi,
485 1891 622 1920 Christum
637 1894 745 1928 quidem
760 1894 939 1929 abnegarunt,
955 1894 1055 1922 Barab'

266 1937 328 1962 bam
344 1944 408 1964 vero
422 1938 608 1972 expetierunt,
625 1946 688 1966 cum
703 1939 855 1967 latronibus
872 1945 901 1967 et
922 1941 1056 1968 facinoro-

265 1983 305 2009 sis
334 1984 489 2017 portionem
527 1993 604 2012 suam
631 1991 772 2020 ponentes.
796 1986 852 2014 lino
882 1987 963 2014 etiam
993 1995 1055 2014 cum

265 2029 355 2055 atheis
374 2035 402 2056 et
417 2029 507 2064 impiis
523 2031 680 2058 nationibus
702 2034 870 2066 congregati,
894 2033 1053 2061 idololatras

267 2073 377 2108 quidem
400 2075 548 2109 recipiunt,
563 2076 678 2110 probum
701 2081 790 2104 autem
807 2083 835 2104 et
859 2082 1056 2112 temperantem

265 2118 367 2146 Christi
385 2120 512 2154 populum
529 2125 692 2148 aversantur
705 2126 732 2148 et
749 2127 959 2157 persequuntur.

307 2165 386 2191 Vens.
395 2165 440 2198 21,
453 2165 498 2193 22.
510 2175 520 2192 t
533 2166 578 2194 Va:
587 2167 632 2200 qui
643 2168 778 2201 sapientes
787 2168 853 2195 estis
869 2169 895 2195 in
912 2170 1058 2197 vobismet-

269 2210 347 2246 ipsis,
367 2215 395 2239 et
420 2220 511 2238 coram
532 2213 608 2239 vobis
624 2213 701 2246 ipsis
727 2214 884 2248 prudentes.
911 2214 956 2242 νω
973 2216 1058 2243 fortes

266 2258 365 2291 vestri,
382 2259 427 2293 qui
445 2258 539 2286 bibunt
552 2258 655 2292 vinum,
678 2265 706 2286 et
721 2265 855 2294 potentes,
879 2262 924 2295 qui
943 2261 1057 2289 miscent

265 2305 391 2332 siceram.
408 2315 417 2331 ι
430 2305 582 2332 Secundum
597 2305 668 2333 aliud
683 2314 746 2334 vero
759 2308 938 2342 propositum,
950 2307 1057 2336 Judieo-

267 2359 329 2378 rum
353 2352 475 2387 magistri
500 2352 648 2380 Salvatoris
671 2354 842 2381 sermonibus
863 2354 982 2381 animum
1004 2363 1056 2382 non

269 2396 443 2430 adhibentes,
459 2407 489 2426 se
507 2399 574 2434 ipsis
598 2399 730 2434 improbis
746 2401 903 2428 ductoribus
923 2391 988 2429 sunt
1002 2402 1056 2435 usi,

268 2449 362 2478 utpote
388 2445 526 2480 sapientes
549 2446 577 2473 iu
603 2447 712 2482 seipsis,
733 2452 761 2474 et
785 2455 877 2474 coram
901 2450 1057 2484 semetipsis

267 2491 429 2525 prodeuntes.
448 2491 550 2520 Deinde
568 2500 644 2525 vero,
669 2494 745 2528 quasi
763 2498 889 2528 potentes
900 2499 928 2521 et
944 2495 1056 2523 multum

269 2538 340 2572 apud
353 2537 457 2572 plebem
482 2540 645 2568 auctoritate
672 2541 806 2573 valentes,
832 2542 951 2569 animam
979 2551 1056 2571 suam

269 2583 402 2611 ebrietate
417 2585 634 2619 circumdedere,
649 2586 810 2622 ignorantia:
825 2589 947 2616 tenebris
964 2589 1055 2624 sopiti.

269 2629 328 2655 Jam
347 2637 413 2657 vero
427 2630 487 2658 aliis
508 2631 632 2659 dolosum
662 2638 754 2667 potum
777 2633 923 2665 miscuere,
944 2633 990 2668 qui
1012 2641 1058 2661 vo-

271 2679 348 2700 catur
363 2675 461 2708 sicera,
479 2684 615 2712 quemque
638 2678 802 2713 interpretes
817 2679 874 2711 alii,
894 2680 1055 2707 ebrietatem

271 2719 454 2752 appellarunt.
472 2721 528 2749 Hoc
543 2731 624 2758 porro
640 2723 764 2752 fecerunt
788 2730 974 2759 cauponantes
995 2733 1058 2753 ver-

269 2763 333 2790 bum
352 2764 408 2792 Dei.

309 2809 389 2836 Vens.
407 2811 452 2838 24.
477 2821 486 2837 ι
506 2813 592 2843 Radix
608 2823 701 2843 eorum
717 2816 806 2852 pulvis
821 2816 885 2849 erit,
907 2821 935 2845 et
947 2816 996 2845 llos
1011 2824 1057 2845 eo-

304 2909 328 2926 "
347 2911 417 2940 [τιτι.
431 2921 509 2945 Lvm.
524 2913 550 2941 7.

1073 2281 1095 2308 Ι)

1112 973 1242 1008 πικρόν.»
1271 973 1325 999 Καὶ
1350 973 1435 1000 ταῦτα
1460 973 1487 999 δὲ
1510 974 1566 1004 τοῖς
1589 973 1777 1009 προλεχθεῖσιν
1805 973 1901 1000 ἕπεται

1110 1017 1148 1050 ὠς
1167 1018 1213 1044 ἐπὶ
1231 1017 1360 1053 Χριστοῦ.
1384 1017 1492 1045 Πολλῶν
1512 1018 1566 1054 γὰρ
1590 1018 1792 1051 ἐπακούσαντες
1825 1019 1900 1045 διδα-

1112 1063 1248 1091 σκαλικῶν
1274 1063 1360 1098 λόγων
1375 1064 1422 1091 τοῦ
1448 1065 1583 1100 Σωτῆρος,
1607 1064 1662 1091 τῶν
1686 1073 1716 1091 τε
1740 1065 1797 1100 μετ’
1819 1065 1901 1092 αὑτὸν

1110 1109 1267 1136 ἀποστόλων
1285 1109 1379 1141 αὐτοῦ,
1397 1110 1473 1137 οὐδὲν
1499 1111 1547 1145 μὲν
1571 1111 1639 1146 πρὸς
1659 1111 1792 1146 ὠφέλειαν
1814 1112 1898 1147 ὲκαρο

1110 1154 1227 1181 ποῦντο’
1256 1156 1288 1190 τῇ
1307 1154 1335 1182 δὲ
1361 1155 1475 1191 ἀπιστίᾳ
1500 1155 1675 1191 ἐπιμένοντες
1699 1156 1746 1182 καὶ
1766 1157 1823 1188 τοῖς
1845 1156 1900 1183 τῶν

1110 1199 1198 1234 ἔργων
1221 1201 1389 1236 ἀτοπήμασι,
1406 1200 1563 1236 προσθήκας
1579 1200 1718 1228 ἐποιοῦντο
1742 1200 1796 1228 τῶν
1810 1202 1901 1238 ἁμαρ-

1109 1246 1249 1282 τημάτων.
1273 1246 1328 1272 Καὶ
1351 1245 1438 1278 ἄλλως
1454 1246 1482 1272 δὲ
1499 1246 1584 1273 ταῦτα
1609 1248 1665 1278 τοῖς
1689 1247 1815 1282 ἀνωτέρω
1833 1256 1900 1274 κατ-

1109 1292 1283 1328 ηγορηθεῖσιν
1302 1292 1426 1327 ἁρμόζε.·
1442 1294 1465 1319 οἱ
1482 1292 1537 1328 γὰρ
1550 1294 1626 1319 αὐτοὶ
1642 1293 1687 1320 τὸν
1703 1293 1765 1329 ὑγιῆ
1777 1294 1900 1330 διαστρέ-

1110 1347 1205 1373 φοντες
1220 1338 1308 1372 λόγον,
1325 1338 1372 1366 καὶ
1387 1338 1418 1364 τὸ
1435 1338 1493 1373 φῶς
1508 1339 1555 1365 τοῦ
1572 1339 1706 1374 σωτηρίου
1732 1340 1898 1374 Εὑαγγελίου

1110 1385 1343 1421 βλασφημοῦντες,
1365 1384 1479 1420 πικρούς
1499 1394 1528 1411 τε
1548 1383 1696 1418 εἶναιτοὺς
1719 1385 1828 1420 γλυκεῖς
1852 1387 1898 1413 καὶ

1108 1431 1258 1466 τροφίμους
1283 1431 1330 1457 τοῦ
1356 1431 1483 1466 Σωτῆρος
1504 1432 1583 1467 ἡμῶν
1609 1433 1703 1467 λόγους
1730 1432 1896 1468 ἡγούμενοι,

1109 1477 1243 1504 ἀνάπαλιν
1259 1477 1321 1509 τοὺς
1344 1478 1497 1513 μοχθηροὺς
1524 1479 1569 1504 καὶ
1597 1481 1730 1514 πονηροὺς
1752 1479 1898 1515 λογισμοὺς

1108 1522 1145 1554 ὡς
1162 1522 1279 1556 ἀγαθοὺς
1293 1523 1497 1558 προσεδέχοντο,
1516 1523 1564 1550 καὶ
1578 1524 1608 1550 τὸ
1623 1525 1717 1556 σκότος
1730 1525 1780 1560 τῆς
1793 1525 1897 1559 πλάνης

1108 1569 1139 1595 τὸ
1155 1569 1266 1604 συνέχον
1279 1568 1369 1595 αὐτῶν
1382 1569 1432 1600 τὰς
1445 1569 1544 1605 ψυχὰς,
1560 1570 1589 1596 ἐν
1603 1569 1680 1606 χώρα
1699 1571 1786 1605 φωτὸς
1801 1571 1899 1598 ἐτίθεν-

1107 1624 1137 1642 το
1147 1623 1153 1631 ι
1166 1615 1216 1650 τῆς
1231 1623 1260 1641 τε
1271 1615 1370 1646 κακίας
1384 1615 1433 1650 τὴν
1450 1615 1552 1650 πικρὰν
1568 1616 1615 1643 καὶ
1631 1617 1793 1653 δηλητήριον
1806 1617 1896 1652 φύσιν,

1108 1660 1203 1695 ὥσπερ
1219 1660 1279 1687 τινὰ
1299 1660 1436 1696 γλυκερὰν
1455 1661 1552 1697 ἡδονὴν
1577 1662 1752 1690 κατεδίωκον.
1775 1663 1854 1694 Ἴδοις
1874 1663 1897 1690 δ’

1107 1705 1140 1732 ἂν
1154 1705 1238 1732 εἰσέτι
1254 1706 1300 1733 καὶ
1316 1705 1363 1733 νῦν
1377 1706 1514 1738 τοιούτους
1533 1707 1597 1739 τοὺς
1611 1708 1665 1734 τῶν
1683 1708 1815 1735 Ἰουδαίων
1833 1710 1898 1736 παῖ-

1107 1752 1163 1784 δας,
1185 1752 1235 1787 τὴν
1257 1751 1307 1787 μὲν
1323 1752 1450 1787 ἀλήθειαν
1471 1753 1517 1779 τοῦ
1543 1753 1707 1787 Εὑαγγελίου
1730 1754 1899 1790 ἀποστρεφο-

1109 1798 1216 1834 μένους,
1230 1799 1294 1830 τοὺς
1305 1798 1334 1825 δὲ
1349 1799 1482 1834 γραώδεις
1498 1799 1599 1834 μύθους
1615 1801 1663 1827 καὶ
1678 1800 1708 1826 τὺ
1721 1800 1770 1836 τῆς
1786 1801 1899 1834 ἀγνοίας

1108 1845 1203 1877 σκότος
1230 1844 1455 1881 μεταδιώκοντας.
1477 1845 1570 1883 Ταύτῃ
1587 1847 1621 1881 τῇ
1643 1847 1800 1883 προαιρέσει
1814 1848 1899 1883 ἠρνή-

1108 1900 1189 1918 σαντο
1207 1891 1256 1927 μὲν
1277 1891 1324 1918 τὸν
1339 1891 1467 1927 Χριστὸν,
1482 1893 1618 1927 ᾐτήσαντο
1639 1892 1668 1918 δὲ
1682 1892 1728 1919 τὸν
1740 1890 1897 1928 Βαραϐϐᾶν,

1108 1937 1178 1973 μετὰ
1201 1937 1306 1974 λῃστῶν
1330 1938 1376 1964 καὶ
1405 1937 1566 1974 κακούργων
1590 1938 1639 1974 τὴν
1663 1939 1769 1965 ἑαυτῶν
1789 1938 1898 1974 Θέμῖνοι

1110 1984 1216 2021 μερίδα.
1238 1984 1319 2012 Ἀλλὰ
1338 1986 1457 2017 καὶτοῖς
1477 1985 1568 2017 ἀθέοις
1595 1986 1642 2012 καὶ
1663 1986 1789 2012 ἀσεϐέσιν
1810 1985 1898 2012 ἔθνεσι

1109 2030 1363 2068 συναγελαζόμενοι,
1380 2032 1444 2064 τοὺς
1472 2032 1520 2067 μὲν
1541 2030 1737 2067 εὶδωλολάτρας
1753 2031 1899 2067 ἀποδέχω-

1108 2086 1168 2109 ται,
1187 2077 1232 2103 τὸν
1251 2078 1279 2104 δὲ
1300 2077 1398 2113 σεμνὸν
1423 2078 1470 2104 καὶ
1492 2076 1617 2112 σώφρονα
1635 2077 1683 2104 τοῦ
1700 2077 1816 2113 Χριστοῦ
1835 2077 1898 2104 λαὸν

1108 2123 1324 2158 ἀποστρέφονται
1341 2124 1388 2150 καὶ
1403 2123 1557 2150 διώκουσιν.

1147 2179 1155 2195 t
1168 2170 1236 2196 Ούα)⁵
1254 2171 1278 2197 οι
1300 2170 1404 2197 συνετοί¹
1427 2170 1456 2196 ὲν
1474 2171 1592 2201 ἑαυτοῖς,
1612 2169 1658 2197 καὶ
1679 2169 1793 2196 ἐνώπιον
1807 2168 1898 2195 αὐτῶν

1108 2216 1299 2251 ἐπιστήμονες.
1324 2208 1392 2243 Ούαὶ
1414 2217 1438 2243 oi.
1461 2216 1598 2251 ἰσχύοντες
1619 2215 1707 2251 ὑμῶν,
1729 2215 1754 2241 οἱ
1775 2215 1897 2246 πίνοντες

1109 2261 1153 2288 τὸν
1165 2259 1245 2295 οἶνον,
1263 2262 1310 2288 καὶ
1322 2263 1347 2288 oi
1361 2262 1487 2289 δυνάσται
1501 2263 1525 2288 οἱ
1535 2261 1711 2298 κεραννύντες
1726 2260 1761 2287 τὰ
1773 2260 1895 2295 σίκερα.»

1111 2307 1180 2334 Καθ’
1207 2308 1303 2344 ἑτέραν
1329 2308 1358 2334 δὲ
1382 2307 1509 2342 ὲπιὸολὴν
1536 2307 1572 2342 μὴ
1599 2306 1777 2341 προσέχοντες
1798 2305 1823 2331 οἱ
1843 2306 1899 2332 τῶν

1117 2356 1250 2383 Ἰουδαίων
1261 2355 1417 2391 καθηγηταὶ
1430 2356 1486 2387 τοῖς
1500 2355 1546 2381 τοῦ
1559 2354 1682 2388 Σωτῆρος
1691 2353 1791 2387 λόγοις,
1804 2355 1898 2385 κακοῖς

1109 2402 1277 2434 διδασκάλοις
1292 2402 1368 2428 αὐτοὶ
1385 2402 1490 2432 ἑαυτοῖς
1510 2400 1670 2434 ἐχρήσαντο,
1689 2398 1727 2430 ὡς
1752 2399 1856 2425 συνετοὶ
1868 2399 1897 2424 ἐν

1109 2449 1226 2480 ἑαυτοῖς,
1246 2448 1293 2474 καὶ
1317 2447 1432 2474 ἐνώπιον
1451 2445 1555 2472 ἑαυτῶν
1579 2446 1770 2480 ἐπιστήμονες.
1783 2445 1897 2471 Ἔπειτα

1110 2495 1148 2527 ὡς
1166 2494 1303 2530 ἰσχύοντες
1318 2494 1365 2520 καὶ
1380 2492 1464 2519 πολλὰ
1483 2492 1626 2526 δυνάμενοι
1646 2492 1675 2517 ἐν
1693 2491 1732 2527 τῷ
1747 2491 1814 2526 λαῷ,
1829 2491 1898 2527 μέθῃ

1113 2541 1163 2576 μὲν
1177 2541 1226 2576 τὴν
1240 2539 1344 2567 ἑαυτῶν
1361 2539 1449 2574 ψυχὴν
1466 2538 1653 2574 περιέϐαλλον,
1667 2538 1706 2574 τῷ
1725 2537 1773 2572 τῆς
1787 2538 1897 2572 ἀγνοίας

1113 2587 1201 2622 σκότῳ
1217 2586 1391 2621 καρούμενοι.
1409 2585 1477 2620 Ἤδη
1492 2584 1520 2610 δὲ
1539 2585 1586 2611 καὶ
1605 2585 1707 2620 ἑτέροις
1729 2583 1808 2610 ποτὸν
1825 2583 1897 2609 δεδο-

1111 2633 1242 2668 λιωμὲνον
1264 2632 1389 2668 ἐκίρνων,
1414 2631 1445 2657 τὸ
1465 2630 1630 2667 καλούμενον
1655 2631 1767 2666 σίκερα·
1785 2630 1854 2665 ὅπερ
1873 2630 1897 2656 ot

1109 2679 1197 2705 λοιποὶ
1220 2677 1386 2713 ὲρμηνευταὶ
1413 2676 1538 2712 μέθυσμα
1564 2676 1723 2712 ὠνόμασαν·
1750 2674 1797 2702 καὶ
1820 2674 1899 2701 τοῦτο

1109 2725 1252 2761 ἔπραττον,
1273 2723 1472 2760 καπηλεύοντες
1486 2723 1532 2750 τὸν
1545 2723 1624 2758 λόγον
1641 2722 1687 2750 τοῦ
1701 2722 1779 2749 Θεοῦ.

1149 2827 1158 2843 ι
1178 2818 1209 2844 Ἥ
1228 2817 1290 2853 ῥίζα
1306 2817 1395 2845 αὐτῶν
1414 2819 1427 2845 ὁ
1441 2818 1504 2854 χοῦς
1521 2817 1606 2849 ἔσται,
1624 2816 1670 2843 καὶ
1686 2815 1715 2843 τὸ
1741 2815 1820 2846 ἄνθος
1847 2812 1892 2841 tto-
