2059 3215
165 169 214 199 {9.1

641 169 892 200 COMMENTARIA
911 172 945 200 IN
964 172 1087 202 ISAIAM.
1107 191 1143 196 —
1160 175 1236 203 CAP.
1255 175 1300 204 Vl.

1739 179 1756 206 ’1
1761 179 1796 207 22

163 230 219 258 τῶν
235 230 301 257 ὡσεὶ
317 231 455 267 κονιορτὸς
468 230 644 266 ἀναϐήσεται.
657 242 666 258 ι
677 233 709 259 Ἡ
718 233 863 269 ὠραιύτης,
880 235 956 270 φησι,

1010 242 1069 261 rum
1084 235 1161 270 quasi
1184 236 1271 270 pulvis
1288 239 1426 263 ascenoet.
1443 245 1453 262 ι
1477 235 1599 270 Species,
1621 236 1718 272 inquit,
1731 246 1795 265 cor-

164 277 212 305 τοῦ
230 277 367 313 σώματος,
382 279 429 305 καὶ
445 279 462 314 ἡ
477 279 524 306 τοῦ
545 279 660 306 πλούτου
675 280 738 312 δόξα
757 281 805 307 καὶ
824 280 871 307 τοῦ
888 289 956 308 παν-

163 325 211 356 τὸς
226 324 318 355 ἔθνους
332 325 348 360 ὴ
364 325 524 360 εὐπρέπεια,
535 326 597 353 ὅσον
611 326 716 353 οὐδέπω
731 327 870 363 κονιορτοῦ
881 328 958 364 δίκην

164 370 435 406 διασκεδασοήσεται.
455 380 464 397 ι
476 372 513 398 Οὐ
525 372 579 408 γὰρ
594 372 729 407 ἠθέλησαν
738 373 784 399 τὸν
804 373 886 408 νόμον
902 374 959 400 Κυ-

165 417 224 452 ρίου
250 416 383 443 Σαῆαώθ·
408 416 476 443 ἀλλὰ
496 418 527 444 τὸ
550 418 640 453 λόγιον
668 418 715 445 τοῦ
741 419 819 453 ἁγίου
851 420 958 456 Ἰσραὴλ

163 462 338 498 παρώξυναν.
355 472 364 488 ι
382 462 461 489 Ποῖον
476 464 567 499 νόμον,
586 464 601 500 ἥ
618 465 688 500 τάχα
704 465 768 500 περὶ
783 462 814 492 οὗ
828 465 958 502 ἀνωτέρω

163 507 265 541 ἔλεγεν,
277 518 285 532 ε
298 508 346 534 Ἐκ
368 507 422 543 γὰρ
442 508 510 534 Σιὼν
527 509 697 541 ἐξελεύσεται
714 510 805 545 νόμος,
821 511 866 537 καὶ
880 510 957 544 λόγος

163 554 265 589 Κυρίου
283 552 312 585 ἐξ
331 553 523 589 Ἱερουσαλήμ;
541 564 549 579 ι
572 553 692 590 Ἐπειδὴ,
707 555 799 589 φησιν,
813 555 864 581 οὒκ
876 555 958 589 ἡδου-

162 599 283 634 λήθησαν
299 599 344 625 τὸν
362 599 445 634 νόμον
460 600 509 635 τῆς
529 600 625 636 καινῆς
642 601 780 637 Διαοήκης
792 609 799 616 ’
822 601 889 627 ἀλλά
913 602 958 628 τόν

162 644 252 677 ζῶντα
265 645 312 671 τοῦ
329 645 396 672 Θεοῦ
411 645 496 680 Λόγον
511 645 682 682 παρώξυναν.

147 685 152 695 ’
201 702 209 715 ι
226 690 327 716 Τούτου
342 691 422 726 χάριν
438 690 566 726 ἐθυμώθη
588 690 690 726 Κύριος
708 691 754 717 ἐπὶ
768 691 813 717 τὺν
829 691 893 718 λαὸν
909 691 958 718 αὐ-

162 736 223 763 τοῦ·
237 746 244 762 ι
257 736 286 762 ὂν
297 736 379 768 αὐτος
392 736 441 771 μὲν
458 736 586 771 ἠϐούλετο
601 737 700 763 οἰκεῖον
714 736 796 763 αὐτοῦ
812 737 875 763 λαὸν
887 734 956 763 εἶναι

162 792 192 810 τε
212 784 258 810 καὶ
270 781 467 818 χρηματίζειν’
489 783 514 808 οἱ
537 782 558 808 δ’
577 783 626 809 οὐκ
649 782 800 810 ἐϐούλοντο.
824 783 957 819 Σημαίνει

161 829 191 855 δὲ
204 829 248 855 διὰ
260 829 362 855 τούτων
376 827 514 863 πολεμίων
528 828 621 862 ἔφοδον
635 829 683 854 καὶ
697 828 800 864 πλῆθος
815 828 868 855 τῶν
881 829 957 856 ἀναι-

163 876 319 911 ρουμένωνο
337 875 375 906 ὡς
386 874 434 902 καὶ
450 874 519 901 αὐτὰ
537 874 705 911 πληροῦσθαι
725 874 761 901 τὰ
776 875 828 910 ὅρη
852 875 956 910 νεκρῶν

163 922 308 957 σωμάτων,
330 922 378 948 καὶ
397 920 445 956 τὴν
467 920 557 956 χώραν
581 921 690 948 ἃπασαν
715 921 769 947 τῶν
787 921 956 957 θνησιμαίων

163 967 252 994 αὐτῶν
269 967 370 1003 μεστὴν
383 967 518 1001 γενέσθαι.
533 967 624 994 Πάντα
639 967 764 994 δὲταῦτα
780 967 872 999 αὐτοῖς
887 975 956 1002 cup..-

163 1013 276 1049 ὁήσεται
292 1015 324 1040 ἐκ
337 1013 387 1048 τῆς
402 1013 456 1039 τῶν
466 1013 604 1048 πολεμίων
618 1013 723 1047 ἐφόδου·
738 1013 772 1048 ἢν
786 1014 836 1040 οὐκ
852 1012 882 1045 ἐξ
895 1014 957 1039 ἑαυ-

164 1059 220 1085 τῶν
247 1059 423 1094 ὲποιήσαντο’
450 1059 516 1090 Θεὸς
540 1059 568 1085 δὲ
590 1057 660 1094 ἦγεν
680 1059 788 1091 αὐτοὺς,
816 1059 958 1095 μονονουχὶ

169 1104 259 1140 σύρων
276 1105 322 1131 καὶ
338 1103 423 1130 ἕλκων
446 1104 493 1130 ἐπὶ
507 1104 556 1140 τὴν
572 1104 626 1130 τῶν
641 1105 883 1140 καταγορηθέντων
909 1113 958 1131 πο-

167 1150 298 1186 λιορκίαν.

203 1206 212 1223 ι
234 1197 302 1223 Ἀλλ’
316 1197 356 1223 ἔτι
376 1198 392 1232 ἡ
417 1197 478 1233 χεὶρ
493 1196 601 1232 ὑψηλή·
620 1196 762 1232 τοιγαροῦν
777 1197 838 1232 ἀρεί
855 1196 956 1232 σύσση-

166 1251 215 1278 μον
230 1244 286 1274 τοῖς
302 1243 389 1270 ἔθνεσι
404 1244 460 1274 τοῖς
477 1242 623 1278 μακρόθεν,
638 1243 684 1269 καὶ
700 1244 788 1278 συριεῖ
800 1243 898 1274 αὐτοὺς
909 1242 957 1269 ἀπ’

163 1289 248 1325 ἄκρου
263 1289 312 1324 τῆς
328 1290 390 1324 γῆς.
404 1298 413 1314 ι
439 1288 542 1324 ’Υψηλὴ
565 1288 631 1323 γοῦν
647 1289 663 1323 ἡ
679 1288 727 1314 τοῦ
742 1288 808 1315 θεοῦ
824 1289 885 1324 χεὶρ
896 1289 957 1315 κατ’

164 1335 253 1362 αὐτῶν
269 1335 376 1371 ὑπῆρχε
395 1335 440 1361 διὰ
457 1335 487 1361 τδ
504 1334 632 1370 ἐπίμονον
649 1334 736 1361 αὐτῶν
753 1334 802 1370 τῆς
817 1334 954 1366 ἀπιστίας.

164 1381 201 1407 Τὸ
214 1382 268 1417 γὰρ
282 1381 314 1417 δὴ
329 1383 430 1417 χεῖρον,
445 1381 486 1408 ὅτι
500 1381 560 1407 οὐδὲ
578 1381 679 1407 τούτων
699 1381 859 1415 γινομένων,
877 1381 955 1416 φησι,

165 1427 363 1463 ἐπιεικέστεροι
390 1427 544 1461 γεγόνασιν,
571 1426 639 1453 ἀλλὰ
664 1427 720 1458 τοῖς
743 1426 835 1458 αὐτοῖς
860 1426 957 1462 ὲπιμέ-

165 1481 265 1499 νουσιν.

203 1530 212 1546 ‹
224 1520 278 1546 Καὶ
289 1519 380 1555 βοήσει
391 1519 424 1545 δι’
437 1518 534 1550 αὐτοὺς
542 1519 570 1545 ἐν
578 1519 610 1553 τῇ
624 1518 716 1554 ἡμέρᾳ
731 1518 823 1554 ἐκείνῃ
833 1518 871 1549 ὡς
881 1518 957 1554 φωνὴ

165 1566 302 1600 θαλάσσης
333 1565 553 1600 κυμαινούο-ης.»
588 1564 721 1591 Ἐνταῦθα
748 1562 794 1591 οὖν
822 1564 956 1600 προσήκει

164 1612 310 1647 ἐπιστῆσαι
334 1611 380 1637 τὸν
402 1610 482 1642 νοῦν,
507 1610 545 1642 ὡς
568 1609 599 1636 τὸ
623 1610 725 1646 πλῆθος
746 1609 801 1636 τῶν
819 1610 956 1647 πολεμίων

164 1659 239 1693 φωνῇ
255 1657 393 1692 θαλάσσης
410 1657 538 1692 ἐξομοιοῖ.

429 1702 628 1729 ΚΕΦΛΛΛΙΟΝ
646 1703 690 1736 ς’.

202 1760 212 1776 ι
226 1751 280 1777 Καὶ
295 1749 403 1784 ἐγένετο
416 1748 461 1774 τοῦ
474 1748 620 1784 ¹ἐνιαυτοῦ,
636 1746 665 1776 οὗ
680 1748 815 1775 ἀπέθανεν
836 1748 925 1781 Ὀζίας
942 1749 958 1775 ό

164 1796 301 1832 βασιλεύς.
315 1806 324 1821 ι
344 1795 394 1821 Διὰ
412 1795 439 1821 τί
452 1794 489 1834 μὴ
505 1794 544 1821 ἔτι
558 1794 658 1826 ζῶντος
679 1795 766 1827 Ὀζίου
781 1794 831 1831 τὴν
847 1803 957 1830 προκει-

165 1843 251 1876 μένην
264 1841 324 1876 όψιν
340 1840 424 1876 ἑώρα,
438 1841 494 1866 ἀλλ’
509 1841 537 1866 ὲν
549 1840 587 1875 τῷ
599 1840 653 1866 ἔτει
665 1836 686 1873 ᾧ
699 1839 832 1867 ἀπέθανεν
844 1849 851 1873 ;
868 1838 955 1876 οἶμαι,

163 1889 221 1919 ὅτι,
247 1887 291 1914 διὰ
315 1887 346 1913 τὺ
371 1886 525 1922 ἐπαρθῆναι
553 1885 650 1916 αὐτὸν,
677 1886 724 1912 καὶ
751 1886 800 1921 τὴν
825 1886 956 1922 μηδαμῶς

165 1935 358 1970 προσήκουσαν
374 1932 448 1966 αὐτῷ
465 1931 623 1967 ἐγχειρῆσαι
640 1930 735 1957 θυσίαν
754 1934 955 1967 προσενεγκεῖν,

164 1980 236 2007 ὥστε
250 1979 297 2006 καὶ
314 1979 362 2014 τὴν
379 1978 481 2014 λέπραν
494 1977 647 2011 ὲπανθῆσαι
659 1976 697 2016 τῷ
710 1976 848 2013 προσώπῳ
862 1977 955 2010 αὑτοῦ,

164 2027 240 2058 είκὺς
255 2024 289 2061 ἦν
308 2023 549 2060 ἀνακεχωρηκέναι
567 2023 618 2058 τὴν
634 2022 713 2058 χάριν
726 2022 773 2049 τοῦ
787 2022 854 2049 Θεοῦ
870 2025 957 2050 πάντα

165 2073 210 2099 τὸν
231 2072 326 2108 χρόνον
350 2071 400 2106 τῆς
418 2069 501 2097 αὑτοῦ
520 2069 603 2104 ζωῆς.
621 2069 682 2096 καθ’
700 2069 729 2095 ὃν
753 2069 957 2106 λελεπρωμένος

166 2118 284 2154 κατῴκει
301 2117 349 2153 τὴν
370 2115 560 2152 Ἰερουσαλήμ.
575 2115 684 2152 Λεπροῦ
701 2115 756 2151 γὰρ
771 2115 901 2151 βασιλέως
916 2117 955 2142 οι-

166 2164 276 2195 κοῦντος
291 2163 337 2190 τὸν
347 2163 439 2194 τόπον,
453 2162 566 2194 εἰκότως
578 2162 785 2198 ἁνακεχωρήκει
801 2163 816 2198 ἡ
833 2161 896 2195 δόξα
909 2162 956 2189 τοῦ

166 2210 243 2237 Θεοῦ.
268 2210 344 2236 Ἐπεὶ
359 2209 388 2235 δὲ
411 2208 538 2235 ἐτελεύτα
555 2208 604 2244 μὲν
620 2210 732 2240 ἐκεῖνος,
760 2208 871 2235 ’ῐωάθαν
891 2208 919 2235 δὲ
941 2209 956 2235 ὁ

1009 281 1091 315 poris.
1114 281 1271 308 divitiarum
1298 281 1382 316 gloria
1411 285 1439 308 et
1474 281 1556 309 totius
1582 283 1670 316 gentis
1700 284 1794 317 decor,

1008 326 1126 361 pulveris
1138 327 1195 355 fere
1206 327 1295 354 instar
1307 327 1496 362 dissipabitur.
1523 337 1532 354 ε
1551 327 1700 356 Noluerunt
1722 330 1794 357 enim

1008 371 1092 408 legem
1109 373 1215 400 Domini
1242 374 1383 407 Sabaoth;
1408 374 1454 402 sed
1479 375 1588 402 verbum
1605 375 1692 402 sancti
1712 375 1795 403 Israel

1008 418 1198 447 irritaverant.
1211 429 1221 445 ι
1240 420 1326 453 Quam
1340 420 1438 454 legem,
1455 420 1505 447 nisi
1521 428 1579 447 eam
1600 421 1634 448 de
1648 429 1699 457 qua
1715 429 1795 456 supe-

1008 466 1065 493 rius
1083 466 1203 498 dicebat,
1220 475 1229 491 ε
1244 465 1312 493 Nam
1329 466 1361 493 de
1376 466 1440 492 Sion
1458 467 1544 494 exibit
1569 467 1623 499 lex,
1640 472 1668 495 et
1682 467 1794 495 verbum

1008 510 1114 538 Domini
1133 511 1166 538 de
1182 510 1354 538 Jerusalem?
1372 521 1381 538 I
1407 511 1488 546 Quia,
1504 513 1603 548 inquit,
1617 513 1683 540 Novi
1699 513 1796 541 Testa-

1009 556 1092 583 menti
1122 557 1208 592 legem
1225 556 1389 591 noluerunt;
1421 558 1476 586 imo
1503 559 1583 586 etiam
1605 558 1722 587 Verbum
1748 560 1795 587 Dei

1008 602 1103 630 vivens
1116 602 1304 630 irritaverunt.

1045 691 1129 720 Vrsas.
1143 693 1188 720 25.
1212 702 1221 719 ι
1239 692 1301 721 Ideo
1316 694 1402 722 iratus
1416 698 1458 722 est
1482 695 1611 723 Dominus
1625 696 1653 723 in
1667 697 1794 732 populum

1007 745 1099 765 suum.
1118 747 1127 764 ι
1149 738 1232 772 Quem
1250 739 1307 774 ipse
1323 740 1433 774 quidem
1449 741 1588 775 proprimn
1599 742 1650 769 sibi
1666 743 1794 777 populum

1007 790 1068 811 esse
1084 789 1111 812 et
1123 784 1254 820 appellari
1270 785 1392 817 volebat;
1410 786 1459 822 ipsi
1479 795 1543 814 vero
1563 787 1729 815 abnuerunt.
1746 787 1794 815 His

1007 836 1089 864 porro
1108 829 1243 864 signiﬁcat
1259 829 1436 858 inimicorum
1464 831 1641 867 irruptionem
1657 841 1689 860 ac
1710 841 1795 861 caeso-

1007 882 1066 903 rum
1085 875 1286 904 multitudinem
1303 898 1310 910 ,
1329 877 1366 904 ita
1381 882 1410 905 ut
1429 879 1510 906 etiam
1533 883 1638 906 montes
1654 880 1796 907 cadaveri-

972 910 994 938 Β
1009 921 1058 947 bus
1073 921 1239 955 repleantur,
1257 925 1287 949 et
1300 922 1427 950 universa
1446 920 1687 959 regio'morlicinis
1700 932 1796 956 eorum

1007 967 1084 1002 plena
1102 969 1209 996 evadat.
1224 967 1287 996 “me
1310 974 1401 996 autem
1418 970 1508 997 omnia
1529 978 1561 997 ex
1581 970 1698 998 hostium
1720 971 1797 998 inva-

1007 1014 1084 1041 sione
1096 1014 1161 1049 ipsis
1181 1015 1329 1042 evenient:
1351 1024 1433 1050 quatn
1449 1016 1501 1051 ipsi
1518 1024 1572 1043 non
1595 1021 1694 1051 suopte
1721 1022 1795 1044 motu

1007 1059 1133 1087 fecerunt
1149 1082 1157 1094 ,
1173 1061 1220 1088 sed
1233 1060 1287 1088 Deo
1302 1066 1414 1097 agente,
1429 1066 1455 1089 et
1470 1067 1575 1089 tantum
1599 1070 1653 1090 non
1672 1062 1798 1090 trahente

1008 1112 1040 1133 ac
1053 1105 1172 1141 pellente
1184 1106 1245 1134 illos
1256 1106 1289 1133 ad
1308 1114 1416 1134 reorum
1441 1108 1621 1135 obsidionem.

1043 1195 1124 1224 Vsus.
1137 1196 1182 1224 ‘26.
1208 1206 1217 1223 ι
1237 1197 1290 1225 Sed
1307 1198 1417 1232 insuper
1436 1205 1532 1225 manus
1548 1197 1596 1225 Dei
1608 1197 1730 1226 excelsa:
1744 1198 1795 1234 igi-

1009 1247 1051 1270 tur
1066 1243 1186 1270 elevabit
1201 1243 1307 1279 signum
1321 1243 1448 1279 gentibus
1473 1243 1641 1278 longinquis,
1664 1248 1691 1271 et
1707 1243 1795 1271 trahet

1007 1296 1053 1316 eas
1066 1289 1100 1317 ab
1114 1293 1239 1317 extremo
1255 1294 1343 1317 terrm.
1367 1299 1376 1315 ι
1399 1289 1509 1316 Excelsa
1528 1290 1611 1325 igitur
1628 1293 1722 1317 contra
1736 1290 1796 1317 illos

1007 1334 1059 1361 fuit
1075 1342 1171 1362 manus
1189 1334 1250 1368 Dei,
1264 1335 1299 1362 ob
1323 1334 1525 1363 incredulitatis
1550 1343 1644 1362 eorum
1669 1342 1797 1370 perseve-

1007 1380 1135 1409 rantiam.
1154 1380 1235 1414 Quod
1262 1380 1336 1408 enim
1358 1380 1479 1408 deterius
1498 1385 1550 1413 est,
1569 1387 1603 1408 ne
1621 1381 1673 1408 illis
1686 1381 1794 1416 quidem

1007 1425 1043 1453 ita
1061 1426 1146 1462 gestis
1165 1426 1300 1461 aequiores
1322 1426 1387 1453 facti
1405 1429 1484 1459 sunt,
1504 1425 1551 1454 sed
1569 1426 1664 1454 eodem
1682 1425 1708 1453 in
1722 1430 1795 1453 statu

1008 1480 1151 1507 persevera
1156 1478 1194 1499 nt.

1044 1517 1126 1546 Vsus.
1139 1517 1184 1546 30.
1208 1527 1218 1544 ι
1237 1518 1271 1546 Ει
1285 1518 1414 1546 clamabit
1435 1521 1546 1554 propter
1558 1516 1611 1545 eos
1634 1517 1660 1544 in
1679 1517 1723 1545 die
1747 1517 1793 1545 illa

970 1580 992 1611 ο
1007 1565 1085 1600 quasi
1105 1572 1156 1592 vox
1173 1565 1258 1592 maris
1274 1564 1424 1591 :estuantis.
1438 1574 1447 1590 ι
1465 1563 1515 1590 llic
1527 1564 1794 1591 animadvertendum

1007 1615 1059 1644 est,
1088 1611 1176 1645 ipsum
1209 1609 1411 1638 multitudinem
1437 1609 1557 1637 hostium
1581 1610 1664 1637 maris
1691 1610 1792 1637 sonitui

1007 1664 1178 1692 comparare.

1310 1701 1426 1730 CAPUT
1448 1702 1488 1729 Vl.

1043 1745 1125 1775 Vens.
1142 1747 1167 1774 Ι.
1191 1757 1200 1773 ε
1215 1748 1248 1774 Et
1260 1748 1360 1775 factum
1378 1753 1421 1775 est
1444 1749 1472 1775 in
1495 1756 1578 1780 anno,
1599 1756 1652 1783 quo
1673 1751 1796 1776 mortuus

1006 1797 1048 1820 est
1074 1802 1120 1820 rex
1144 1793 1234 1822 Ozias.
1249 1803 1259 1820 ι
1277 1794 1367 1828 Quare
1397 1802 1449 1822 non
1479 1795 1588 1821 vivente
1614 1795 1705 1822 adhuc
1728 1794 1795 1822 Ozia

1007 1839 1076 1866 hanc
1089 1839 1221 1866 visionem
1244 1839 1349 1872 habuit,
1374 1839 1421 1867 sed
1445 1847 1477 1867 eo
1501 1847 1573 1866 anno
1586 1847 1640 1873 quo
1657 1839 1700 1866 ille
1722 1847 1796 1865 mor-

1009 1891 1069 1913 tuus
1082 1886 1143 1913 est?
1157 1886 1219 1920 quia
1235 1886 1279 1913 ille
1290 1886 1378 1914 elatus
1389 1887 1491 1918 animo,
1505 1886 1668 1913 sacriﬁcium
1682 1884 1793 1919 olIerre,

1007 1932 1081 1967 quod
1095 1931 1175 1960 oﬁicii
1191 1932 1231 1959 sui
1246 1940 1300 1958 non
1312 1937 1382 1965 erat,
1392 1940 1535 1967 aggressus
1549 1936 1602 1964 est,
1625 1931 1661 1959 ita
1677 1935 1705 1958 ut
1720 1931 1794 1966 lepra

1008 1979 1034 2006 in
1060 1978 1134 2005 vultu
1158 1979 1216 2013 ejus
1233 1982 1401 2013 erumperet,
1427 1978 1546 2005 arbitror
1573 1985 1622 2012 par
1647 1977 1742 2008 fuisse.
1764 1980 1796 2004 ut

1007 2026 1093 2058 gratia
1108 2024 1153 2052 Dei
1171 2024 1308 2052 recederet
1325 2028 1382 2050 toto
1394 2025 1455 2051 vita:
1479 2023 1551 2051 illius
1579 2028 1711 2057 tempore,
1740 2030 1795 2058 quo

1008 2069 1130 2104 leprosus
1142 2069 1280 2096 habitabat
1299 2068 1325 2095 in
1349 2068 1510 2096 Jerusalem.
1529 2068 1597 2095 Nam
1611 2069 1718 2103 leproso
1732 2075 1796 2102 rege

1009 2115 1096 2142 locum
1110 2115 1255 2146 iucolente,
1269 2114 1354 2149 gloria
1369 2114 1415 2141 Dei
1430 2114 1527 2142 merito
1543 2118 1704 2141 recesserat.
1717 2113 1796 2140 Post-

1007 2169 1089 2196 quam
1103 2166 1192 2187 autem
1216 2160 1330 2188 obiisset
1348 2160 1405 2192 ille,
1435 2164 1462 2188 et
1491 2159 1616 2188 Joatham
1643 2159 1714 2186 ﬁlius
1736 2159 1796 2194 ejus

1008 2215 1120 2242 regnum
1132 2207 1296 2242 excepisset,
1311 2207 1344 2234 de
1368 2213 1421 2241 quo
1436 2206 1568 2242 scriptum
1585 2210 1636 2237 est,
1657 2214 1666 2231 ι
1682 2205 1714 2232 Ει
1729 2205 1794 2232 fecit

166 2256 223 2287 υἱὸς
237 2255 319 2282 αὐτοῦ
336 2255 384 2291 τὴν
401 2254 537 2290 βασιλείαν
551 2254 695 2287 διεδέξατο,
720 2255 784 2290 περὶ
804 2251 835 2281 οὗ
857 2254 956 2290 γέγρα-

1012 2259 1113 2280 rectum
1140 2253 1166 2280 in
1192 2252 1278 2281 oculis
1300 2251 1406 2280 Domini
1424 2252 1463 2284 ³“;
1492 2261 1502 2278 ι
1529 2251 1590 2285 iure
1613 2252 1706 2278 eodem
1735 2251 1795 2285 ipso

113 2320 116 2324 ι
166 2310 243 2333 πται,
257 2311 265 2326 t
279 2301 332 2327 Καὶ
347 2301 458 2337 εποίησε
468 2301 498 2328 τὸ
508 2301 585 2332 εὑθὲς
592 2302 620 2327 ὲν
628 2300 774 2335 ὀφθαλμοῖς
783 2301 894 2336 Κυρίου·
902 2311 911 2326 ι
922 2302 961 2328 εί-

167 2347 253 2378 κότως
267 2347 324 2373 κατ’
336 2347 416 2373 αὑτὸν
425 2347 528 2374 ἐκεῖνον
536 2346 581 2373 τὸν
589 2346 710 2372 ἐνιαυτὸν
721 2346 750 2372 ὲν
762 2343 783 2379 ᾧ
796 2346 810 2372 ό
821 2346 958 2379 λελεπρω-

169 2393 249 2429 μένος
267 2393 426 2428 μετηλλάχει
448 2392 493 2419 τὸν
515 2392 583 2428 βίον,
603 2393 617 2418 ὁ
638 2392 666 2418 δὲ
685 2391 830 2428 εὐάρεστος
846 2391 884 2427 τῷ
900 2391 960 2427 Θεῴ

167 2439 217 2475 τὴν
241 2438 378 2473 βασιλείαν
401 2439 545 2471 διεδέξατο,
572 2435 651 2469 αὖθις
670 2438 687 2474 ἡ
709 2437 772 2471 δόξα
790 2437 893 2473 Κυρίου
915 2438 961 2464 ἐπ-

168 2485 248 2521 ανῄει
264 2485 311 2511 ἐπὶ
326 2484 370 2510 τὸν
391 2482 473 2517 οἶκον,
488 2484 587 2521 δηλαδὴ
604 2484 651 2510 τὸν
666 2483 729 2510 ναὸν
740 2482 855 2519 Κυρίου.
873 2484 905 2509 Ὂ
923 2482 955 2518 δὴ

167 2531 215 2559 καὶ
228 2530 356 2567 ἱστορεῖὸ
367 2530 608 2566 προφήτηςλέθίων,
615 2540 623 2555 t
634 2529 689 2557 Καὶ
696 2529 804 2564 ἐγένετο
810 2528 857 2556 τοῦ
868 2530 958 2556 ἐνιαυ-

167 2576 225 2609 τοῦ,
240 2573 271 2603 οὗ
285 2576 421 2603 ἀπέθανεν
437 2576 526 2609 Ὀζίας
538 2578 552 2604 ὸ
565 2577 700 2612 βασιλεὺς.
715 2573 784 2602 εἶδον
797 2576 842 2602 τὸν
855 2575 957 2611 Κύριον

169 2623 324 2658 καθήμενον
346 2621 393 2648 ἐπὶ
414 2621 507 2657 θρόνου
529 2622 631 2658 ὑψηλοῦ
651 2623 700 2649 καὶ
723 2622 887 2658 ἐπηρμένου·
910 2623 957 2648 καὶ

170 2669 276 2704 πλήρης
289 2670 303 2695 ὁ
319 2666 392 2700 οἶκος
411 2668 460 2703 τῆς
478 2668 555 2704 δόξης
576 2668 669 2696 αὑτοῦ.
681 2678 689 2694 ι
707 2666 790 2703 Οἶμαι
805 2668 834 2694 δὲ
851 2668 897 2695 καὶ
912 2667 956 2695 διὰ

169 2715 271 2742 τούτων
284 2714 468 2750 παρίστασθαι
481 2714 523 2745 τίς
534 2715 591 2741 ποτ’
601 2713 634 2750 ἦν
648 2716 661 2742 ὁ
672 2714 717 2741 διὰ
731 2714 820 2749 πάσης
830 2715 879 2750 τῆς
891 2723 956 2750 προ-

170 2761 283 2795 φητείας
303 2761 469 2796 δηλούμενος
490 2759 590 2796 Κύριος
613 2760 737 2789 Σαϐαὼθ.
750 2762 799 2793 Τίς
819 2761 847 2788 δὲ
859 2758 954 2794 οῦτος;

176 2806 206 2834 '0
221 2806 375 2842 Μονογενὴς
384 2806 457 2838 Υίὸς,
471 2808 484 2833 ό
497 2806 535 2834 ὢν
551 2808 589 2839 είς
602 2807 646 2834 τὸν
663 2807 761 2834 κόλπον
778 2807 825 2834 τοῦ
838 2807 956 2843 Πατρὺςτ

208 2897 228 2913 ι·
243 2896 273 2924 tv
292 2897 355 2931 Reg.
376 2904 422 2930 xv,
438 2897 482 2924 54.

1009 2307 1091 2330 anno.
1110 2306 1162 2334 quo
1191 2303 1219 2327 et
1243 2299 1368 2334 leprosus
1385 2298 1467 2325 vitam
1487 2297 1604 2331 obierat,
1623 2302 1649 2324 et
1674 2297 1717 2324 vir
1737 2297 1796 2325 Deo

1008 2345 1127 2380 placitus
1151 2352 1264 2380 regnum
1284 2348 1440 2379 exceperat,
1462 2343 1548 2378 gloria
1583 2343 1689 2371 Domini
1713 2351 1796 2378 super

1008 2391 1117 2418 domum
1130 2398 1237 2418 reversa
1251 2395 1305 2423 est,
1319 2389 1423 2417 scilicet
1439 2397 1520 2424 super
1533 2389 1660 2423 templum
1674 2389 1792 2416 Domini.

1008 2437 1085 2471 Quod
1113 2438 1239 2465 videlicet
1254 2442 1366 2465 enarrat
1388 2436 1520 2472 propheta
1548 2436 1658 2463 dicens:
1682 2445 1691 2461 ι
1708 2436 1740 2462 Ει
1755 2435 1795 2461 l'a-

1008 2489 1081 2511 ctum
1097 2489 1137 2511 est
1155 2484 1181 2510 in
1199 2491 1281 2517 anno,
1296 2491 1350 2518 quo
1369 2488 1493 2510 mortuus
1506 2487 1548 2509 est
1573 2490 1619 2509 rex
1635 2481 1725 2513 Ozias,
1740 2480 1794 2507 vidi

1009 2530 1152 2557 Dominum
1183 2530 1322 2557 sedentem
1347 2537 1431 2565 super
1452 2530 1579 2557 thronum
1604 2528 1740 2556 excelsum
1768 2532 1795 2555 et
1837 2534 1845 2542 ‘

1009 2575 1165 2604 elevatum:
1184 2581 1211 2603 ct
1234 2577 1312 2611 plena
1333 2583 1393 2604 erat
1408 2578 1504 2605 domus
1527 2576 1611 2610 gloria
1627 2574 1694 2608 ejus.
1714 2584 1724 2600 ι
1745 2574 1796 2602 ΑΞ-

1010 2623 1091 2651 stimo
1104 2623 1147 2650 his
1159 2623 1319 2657 signiﬁcari,
1332 2623 1392 2658 quis
1411 2623 1446 2651 sit
1466 2623 1511 2650 ille
1530 2622 1657 2649 Dominus
1674 2621 1794 2649 Sabaoth

1011 2668 1038 2696 in
1064 2668 1115 2696 hac
1147 2673 1202 2696 tota
1231 2669 1375 2703 prophetia
1402 2669 1546 2696 indicatus.
1573 2667 1672 2702 Ecquis
1703 2671 1793 2695 autem

1010 2714 1076 2742 ille?
1098 2714 1259 2750 Unigenitus
1276 2715 1373 2746 Filius,
1390 2714 1434 2748 qui
1452 2718 1493 2741 est
1509 2713 1534 2740 in
1552 2713 1614 2740 sinu
1629 2713 1728 2746 Patris,
1747 2714 1794 2749 qui

1010 2761 1175 2788 descendens
1187 2768 1220 2788 ex
1233 2761 1343 2796 propria
1361 2758 1558 2793 magnitudine,
1574 2759 1637 2787 inde
1655 2767 1716 2787 sese
1731 2759 1795 2786 visi-

1011 2806 1092 2835 bilem
1112 2811 1139 2835 cl
1159 2805 1432 2841 cornprehenslhilem
1447 2806 1602 2834 hominibus
1614 2804 1794 2834 eilicit.Visus
