2059 3215
267 196 318 226 I23

597 195 734 225 EllSEBII
751 193 991 224 CESARIENSIS
1011 193 1086 224 OPP.
1106 193 1197 223 PARS
1214 192 1259 221 III.
1278 209 1314 214 —
1335 192 1543 223 EXEGE'I'ICA.

1841 194 1894 223 ηδ

266 260 307 282 est
320 259 347 281 et
361 253 526 285 Abrahamo,
547 260 608 281 cum
626 254 694 281 dixit
713 253 751 286 ei,
769 262 779 280 1
795 252 898 280 Semini
918 257 964 280 tuo
984 252 1049 280 dabo

1106 251 1329 279 ὑποκαταϐαίνων
1357 252 1404 279 τοῦ
1430 253 1495 279 ἰδίου
1522 251 1662 288 μεγέθους,
1689 251 1844 289 σμικρΰνων
1864 254 1893 280 δὲ

269 306 370 327 terram
383 300 453 327 hanc
467 300 500 326 ¹¹.
518 298 625 334 [Infert
640 299 734 334 itaque
751 298 904 335 Scriptura,
919 308 929 325 1
942 298 975 325 Et
988 299 1053 326 aedi-

243 367 245 370 .
268 345 361 373 ticavit
374 345 409 373 ibi
422 345 508 373 altare
523 344 648 378 Domino,
667 345 712 379 qui
728 344 802 372 visus
820 344 908 371 fuerat
932 344 957 372 ei
976 344 998 359 "
1014 353 1021 378 ;
1040 353 1049 370 ι

265 399 299 419 ac
318 399 437 426 rursum,
461 400 471 417 1
486 391 627 418 Abraham
643 390 732 419 factus
748 395 790 418 est
805 397 940 418 annorum
968 398 1053 418 nona-

265 438 352 472 ginta,
372 441 399 464 et
418 437 493 465 visus
519 441 561 465 est
583 437 607 464 ei
627 437 758 464 Dominus
778 436 819 470 “;
846 446 855 462 I
884 436 1050 471 iterumque,

268 492 278 509 1
294 483 326 510 Et
347 482 421 510 visus
437 487 479 510 est
493 482 622 509 Dominus
643 482 759 509 Abrahae
778 482 810 509 ad
826 489 956 516 quercum
969 482 1053 509 Mam-

265 529 314 556 hre
329 528 362 555 ".
378 538 387 555 ι
405 529 442 556 De
461 527 537 556 Isaac
554 535 663 563 quoque
683 528 785 555 dictum
803 533 856 560 est,
877 537 886 554 1
904 527 938 555 Et
957 527 1051 563 profe-

265 580 328 602 ctus
341 579 384 602 est
398 578 425 602 et
441 574 565 602 ascendit
579 574 612 601 ad
632 579 741 608 puteum
761 574 919 609 juramenti,
938 579 965 602 et
978 575 1053 602 visus

264 625 307 648 est
322 621 452 648 Dominus
468 620 518 656 ipsi
543 620 569 648 in
589 624 668 647 nocte
682 619 727 646 illa
746 619 778 646 “.
798 629 807 646 ι
832 619 1004 655 Rursumque
1020 621 1052 648 de

262 667 348 695 Iacob
373 667 482 698 dicitur,
511 675 520 692 1
538 666 595 702 Ego
615 674 674 693 sum
701 666 782 699 Deus,
811 667 858 701 qui
884 667 959 694 visus
991 674 1051 693 sum

263 713 333 745 tibi;
353 722 363 739 ι
380 713 427 741 sed
443 713 526 740 etiam
553 720 615 740 cum
639 713 712 739 venit
736 722 745 738 1
770 713 796 740 in
824 712 918 740 Bethel
938 713 996 747 ipse
1024 718 1052 740 et

263 759 390 795 populus,
406 758 527 795 quicum
543 766 576 787 eo
591 763 663 791 erat,
678 758 824 786 aediﬁcavit
840 758 875 785 ibi
897 758 1003 786 altare:
1025 763 1052 786 et

262 805 369 832 vocavit
387 812 484 832 nomen
503 805 598 832 domus
622 804 737 837 Bethel;
756 805 790 832 ibi
805 805 876 831 enim
897 805 948 839 ipsi
965 812 1053 840 appa—

263 852 319 878 ruit
336 851 459 884 Deus";
479 860 489 877 ι
513 851 667 885 iterumque
689 851 790 878 dictum
804 855 857 882 est,
881 860 890 876 1
907 850 988 878 Visus
1010 855 1052 878 est

262 903 354 925 autem
377 897 448 925 Deus
468 895 553 925 Iacob
575 897 665 924 adlmc
692 897 717 924 in
743 896 814 924 Luza
830 896 852 912 "
867 905 875 930 ;
893 906 903 922 ›
929 897 1051 932 aliasque

264 946 335 973 dixit
356 945 394 972 illi
419 944 445 971 in
469 943 590 971 hominis
603 943 697 978 specie
711 951 858 978 apparens,
878 951 887 969 1
903 942 961 970 Non
978 943 1048 970 ultra

263 990 408 1017 vocabitur
419 996 516 1016 nomen
533 992 607 1015 tuum
622 987 709 1015 Iacob
726 997 733 1015 :
757 989 805 1015 sed
832 987 913 1015 Israel
927 988 982 1015 erit
999 996 1049 1016 no-

262 1042 325 1062 men
349 1039 424 1062 tuum
440 1033 472 1060 ".
487 1043 496 1060 ι
513 1032 628 1066 Quando
653 1034 761 1061 vocavit
784 1041 882 1060 nomen
903 1033 967 1066 loci,
981 1034 1050 1069 Spe—

260 1082 313 1108 cies
328 1080 390 1113 Dei,
405 1080 509 1112 dicens,
523 1088 533 1105 1
548 1079 609 1106 Vidi
623 1079 696 1106 enim
713 1080 796 1107 Deum
813 1080 882 1107 facie
897 1080 929 1108 ad
941 1080 1048 1112 faciem,

260 1133 290 1154 et
301 1126 375 1155 salva
395 1126 466 1154 facta
479 1130 521 1153 est
535 1125 624 1152 anima
652 1133 710 1152 mea
724 1125 757 1152 ⁸ο.
779 1135 787 1151 ι
811 1125 919 1162 Moyses
939 1134 1048 1161 quoque

262 1174 346 1202 Deum
373 1173 418 1207 qui
441 1171 552 1199 oracula
583 1172 633 1199 sibi
658 1171 766 1205 edebal,
797 1173 904 1207 rogavit
935 1173 1048 1205 dicens,

264 1228 273 1243 1
293 1218 321 1245 Si
337 1217 428 1245 inveni
444 1216 560 1252 gratiam
576 1216 602 1242 in
621 1220 766 1251 conspectu
783 1221 840 1248 tuo.
856 1217 969 1244 ostende
985 1217 1048 1244 mihi

261 1264 389 1297 teipsum,
403 1261 624 1297 cognoscibilitcr
653 1266 679 1288 te
704 1262 810 1288 videam
832 1262 889 1288 δι.»
920 1261 967 1288 Ille
984 1269 1049 1289 vero

261 1310 400 1345 respondit
418 1310 443 1336 ei
457 1309 562 1342 dicens,
579 1318 588 1334 1
606 1308 639 1335 Et
653 1309 705 1336 hoc
716 1310 830 1336 verbum
854 1310 925 1344 quod
945 1309 1050 1337 locutus

261 1364 303 1389 es,
327 1355 446 1383 faciam:
475 1354 603 1382 invenisti
628 1354 701 1381 enim
728 1355 881 1388 gratiamin
902 1360 1049 1390 conspectu

261 1408 322 1428 meo
332 1401 365 1427 ⁸¹.
383 1411 393 1427 ι
411 1400 536 1428 Ezechiel
550 1401 613 1428 item
629 1408 690 1427 eum
702 1401 747 1435 qui
764 1401 840 1428 sedet
854 1408 936 1436 super
951 1402 1049 1429 cheru-

260 1447 316 1475 bim
333 1447 410 1481 vidit,
426 1447 504 1482 quasi
526 1447 644 1481 speciem
666 1446 800 1475 hominis:
825 1455 839 1473 a
868 1447 967 1474 lumbis
992 1447 1050 1481 ejus

261 1501 348 1528 usque
368 1494 401 1521 ad
427 1494 510 1521 imum
530 1493 602 1529 ignis
621 1497 692 1526 erat,
715 1497 743 1520 et
767 1500 782 1520 a
803 1493 902 1521 lumbis
925 1494 986 1529 ejus
1001 1501 1048 1521 us-

261 1546 314 1574 que
329 1539 361 1565 ad
375 1546 523 1572 summum,
547 1538 654 1574 species
675 1538 781 1566 electri.
799 1538 903 1573 Quibus
922 1540 1051 1568 omnibus

261 1585 407 1613 ediscimus
435 1585 554 1613 visiones
577 1594 592 1613 a
617 1586 756 1621 prtedictis
783 1586 850 1613 viris
872 1586 978 1614 habitas
996 1594 1048 1614 non
1065 1603 1087 1633 ε

260 1630 364 1658 similes
379 1630 483 1664 fuisse,
505 1631 552 1659 sed
576 1632 719 1665 diversas;
749 1639 811 1659 nam
840 1631 925 1668 Moysi
941 1633 1049 1667 quidem

261 1677 364 1704 dictum
389 1681 451 1710 esl,‘
471 1687 480 1704 1
496 1677 554 1705 Non
574 1679 677 1714 poteris
702 1679 795 1706 videre
817 1678 913 1706 faciem
937 1687 1049 1707 meam:

262 1729 314 1749 non
327 1723 399 1763 enim
414 1723 516 1751 videbit
529 1724 611 1752 homo
626 1724 722 1752 faciem
742 1731 841 1757 meam,
857 1729 885 1752 et
899 1725 972 1752 vivet
984 1725 1017 1752 ⁸⁸.
1036 1734 1048 1752 ι

262 1769 401 1804 Siquidem
425 1769 513 1797 vultus
529 1769 575 1797 Dei
591 1770 684 1803 Verbi,
697 1775 725 1798 et
738 1771 826 1798 deitas
839 1769 976 1806 Unigeniti
989 1771 1048 1799 Filii

261 1813 321 1847 Dei,
344 1815 450 1842 mortali
478 1819 583 1844 natura
603 1817 859 1851 comprehensibilis
887 1817 1048 1853 neutiquam

260 1859 352 1887 fuerit.
381 1861 514 1889 Ezechieli
541 1867 632 1889 autem
660 1862 742 1890 Verbi
777 1862 863 1898 gloria
889 1870 937 1897 per
965 1864 1051 1899 aenig-

260 1912 332 1934 mata
344 1907 400 1934 visa
428 1907 497 1935 fuit:
514 1908 630 1936 Abrahae
658 1916 722 1936 vero
746 1911 796 1938 sub
822 1909 940 1937 hominis
962 1908 1049 1937 forma

262 1953 377 1987 ﬁgurate
392 1955 468 1982 visus
483 1961 536 1988 est,
561 1955 598 1983 ita
625 1960 653 1984 ut
681 1956 732 1983 sub
752 1963 854 1991 quercu
875 1956 1049 1990 consisteret,

261 1999 346 2034 pedes
359 2000 492 2032 ablueret,
508 2005 536 2027 et
551 2008 651 2028 mensae
661 2008 775 2029 consors
791 2006 875 2029 esset.
904 2001 1050 2029 Similiter-

262 2052 316 2079 que
336 2052 397 2072 cum
424 2045 525 2073 Iacobo
553 2046 635 2073 homo
665 2047 769 2074 luctans
799 2047 951 2080 inducitur,
967 2054 1048 2082 quem

263 2089 404 2125 Scriptura
415 2091 524 2126 quidem
538 2091 677 2118 hominem
694 2091 811 2126 appellat
824 2100 831 2124 ;
855 2091 901 2118 ille
924 2099 990 2119 vero
1002 2091 1048 2126 qui

262 2135 402 2163 oraculum
423 2135 531 2168 edebat,
555 2144 565 2161 1
585 2135 644 2162 Non
677 2136 834 2170 vocabitur,
867 2135 967 2171 inquit,
1000 2143 1049 2162 no-

262 2189 323 2209 men
352 2187 426 2210 qum
451 2181 554 2216 Iacob;
579 2182 625 2210 sed
654 2182 736 2210 Israel
763 2183 817 2210 erit
837 2191 933 2210 nomen
961 2188 1047 2216 tuum,

261 2227 323 2263 quia
340 2227 418 2255 fortis
433 2228 506 2255 fuisti
523 2236 585 2256 cum
604 2229 659 2256 Deo
669 2228 713 2262 “;
734 2238 743 2255 ι
765 2229 836 2256 unde
855 2234 881 2256 et
905 2228 991 2256 Iacob
1009 2230 1049 2256 di-

1104 298 1210 330 ἑαυτὸν,
1224 297 1253 330 ἐξ
1269 297 1372 325 ἐκείνου
1386 299 1483 335 ὁρατὸν
1494 299 1541 325 καὶ
1554 298 1724 334 καταληπτὸν
1740 299 1894 336 ἀνθρώποις

1104 345 1185 371 ποιεῖ.
1206 344 1295 379 Ὠφθη
1317 344 1365 370 καὶ
1386 344 1425 379 τῷ
1445 344 1579 380 Ἀϐραὰμ,
1602 345 1683 380 ἡνίκα
1705 343 1781 371 εἴπεν
1805 345 1892 381 αὐτῷ·

1107 399 1116 415 1
1129 390 1270 426 Σπέρματί
1288 398 1335 417 σου
1345 389 1423 417 δώσω
1433 390 1482 426 τὴν
1492 391 1543 426 γῆν
1551 390 1651 427 ταύτην
1660 391 1726 426 (II).
1739 401 1748 418 ι
1759 391 1894 426 Ἑπιλέγει

1103 433 1149 463 οὖν
1172 436 1189 471 ἡ
1216 436 1328 472 Γραφή·
1347 437 1422 463 1Kal
1446 437 1618 473 ᾠκοδόμησεν
1633 438 1690 464 ἐκεῖ
1702 438 1895 474 θυσιαστήριον

1103 481 1142 517 τῷ
1158 482 1252 518 Κυρίῳ
1266 482 1305 517 τῷ
1319 482 1427 517 ὀφθέντι
1441 483 1528 518 αὐτῷ·
1543 493 1552 510 ›
1565 484 1611 510 καὶ
1632 484 1727 511 πάλιν
1745 494 1753 510 1
1772 484 1896 520 Ἀϐραὰμ

1103 527 1211 562 ἐγένετο
1228 528 1296 555 ὲτῶν
1320 529 1493 564 ἐνενήκοντα,
1510 530 1556 556 καὶ
1576 530 1652 566 ὤφθη
1668 530 1741 565 αὐτῷ
1756 530 1892 566 Κύριοςί

1103 575 1152 601 καὶ
1168 574 1249 601 πάλιν
1259 583 1265 589 ·
1280 583 1289 599 1
1299 575 1355 601 Kal
1372 574 1449 610 ὤφθη
1464 574 1566 610 Κύριος
1587 575 1625 610 τῷ
1643 575 1767 612 Ἀϐραὰμ
1780 576 1848 612 πρὸς
1861 579 1894 613 τῇ

1103 620 1164 656 δρυῒ
1175 622 1208 656 τῇ
1218 620 1351 657 Μαμϐρῆ.
1367 631 1375 647 ι
1393 621 1448 648 Kal
1462 622 1525 658 περὶ
1539 621 1585 648 τοῦ
1595 622 1686 649 Ἰσαὰκ
1698 622 1815 659 εἴρηταιο
1825 624 1896 650 «Καὶ

1103 668 1250 703 ἐπορεύθη,
1273 668 1319 694 καὶ
1331 667 1415 703 ἀνέϐη
1440 667 1487 694 ὲπὶ
1517 667 1546 694 τὸ
1564 668 1651 703 φρέαρ
1669 667 1715 695 τοῦ
1733 670 1825 704 ὅρκου,
1847 669 1896 696 καὶ

1103 712 1180 748 ὤφθη
1200 713 1302 748 Κύριος
1321 712 1395 748 αὐτῷ
1416 713 1444 739 ἐν
1458 714 1491 748 τῇ
1514 714 1591 739 νυκτὶ
1608 714 1708 750 ἐκείνῃ
1722 723 1731 739 ι
1751 715 1798 741 καὶ
1816 713 1896 748 αὖθις

1103 760 1149 785 ἐπὶ
1163 758 1210 786 τοῦ
1232 758 1332 785 Ἰακὼϐ
1341 759 1462 795 εἴρηται·
1479 768 1487 784 ι
1507 758 1577 793 Ἑγὼ
1590 760 1647 794 ειμι
1660 761 1674 786 6
1685 759 1760 792 Θεὸς,
1776 761 1790 786 6
1802 761 1896 796 ὀφθείς

1103 813 1160 831 σοι·
1176 815 1185 831 ι
1205 805 1273 832 ἀλλὰ
1294 805 1340 832 καὶ
1353 806 1396 831 ὅτε
1416 803 1498 840 ἦλθεν
1515 815 1523 830 1
1536 807 1575 837 είς
1596 805 1697 842 Βαιθὴλ
1711 806 1793 838 αὐτὸς
1814 808 1860 834 καὶ
1881 809 1896 835 ό

1103 850 1166 882 λαὸς
1186 851 1200 877 ό
1226 852 1285 887 μετ’
1312 850 1406 883 αὐτοῦ,
1424 851 1597 887 ᾠκοδόμησεν
1620 853 1681 878 ἐκεῖ
1695 852 1895 889 θυσιαστήριον,

1103 898 1150 924 καὶ
1166 897 1279 925 ἐκάλεσε
1290 897 1321 924 τῦ
1333 897 1418 933 ὄνομα
1433 897 1478 924 τοῦ
1494 897 1568 924 οἴκου
1581 897 1696 934 Βαιθήλ·
1712 899 1770 925 ἐκεῖ
1780 899 1833 934 γὰρ
1847 899 1895 925 αὒ-

1101 943 1141 979 τῷ
1161 944 1247 980 ἐφάνη
1269 944 1282 970 ὁ
1305 943 1380 976 Θεὸς.
1395 953 1403 969 ι
1428 944 1483 970 Καὶ
1504 944 1584 970 πάλιν
1604 944 1722 980 εἴρηται⁵
1742 945 1848 980 «Ὣφθη
1867 946 1896 973 δὲ

1101 991 1116 1016 6
1136 990 1202 1021 Θεὸς
1221 990 1260 1026 τῷ
1285 989 1382 1017 Ἰακὼὸ
1404 990 1452 1016 καὶ
1475 990 1514 1016 ἔτι
1531 991 1559 1016 ὲν
1583 991 1688 1023 Λουζῶ
1703 1001 1712 1017 ι
1731 992 1778 1018 καὶ
1802 991 1896 1018 ἄλλοτε

1100 1033 1176 1062 εἶπεν
1189 1036 1262 1071 αὐτῷ
1275 1036 1302 1062 ἐν
1326 1037 1444 1072 σχήματι
1461 1036 1604 1071 ἀνθρώπου
1631 1037 1737 1072 ὀφθείς·
1753 1047 1762 1063 1
1779 1038 1834 1064 Οὐκ
1855 1038 1896 1065 ἔτι

1101 1081 1265 1118 κληθήσεται
1284 1081 1314 1108 τὸ
1335 1082 1420 1117 ὄνομα
1436 1091 1482 1109 σου
1496 1082 1592 1109 Ἰακώϐ
1603 1091 1610 1098 ο
1625 1083 1681 1110 ἀλλ’
1699 1084 1806 1119 Ἰσραὴλ
1819 1084 1895 1110 ἔσται

1100 1129 1131 1155 τὸ
1148 1128 1233 1163 ὄνομά
1247 1136 1293 1154 σου
1304 1136 1311 1143 ⁸
1326 1137 1335 1153 ι
1349 1128 1392 1154 ὅτε
1411 1129 1458 1155 καὶ
1473 1128 1586 1155 ἐκάλεσε
1598 1130 1628 1155 τδ
1650 1129 1735 1164 ὄνομα
1754 1129 1800 1156 τοῦ
1811 1129 1895 1156 τόπου

1098 1171 1186 1205 Εἶδος
1212 1172 1286 1200 Θεοῦ
1301 1171 1399 1198 εἰπών’
1417 1182 1426 1197 1
1438 1171 1514 1199 Ε’δον
1530 1174 1583 1210 γὰρ
1596 1174 1661 1200 (θεὸν
1672 1175 1817 1209 πρόσωπον
1828 1175 1896 1210 πρὸς

1101 1219 1256 1255 πρόσωπον,
1282 1220 1327 1246 καὶ
1353 1219 1441 1254 ἐσώθη
1460 1228 1509 1255 μου
1528 1221 1544 1254 ἡ
1569 1220 1651 1255 ψυχή.
1668 1230 1677 1246 ι
1698 1221 1753 1247 Καὶ
1775 1221 1895 1256 Μωῦσῆς

1100 1265 1130 1292 δὲ
1141 1265 1186 1292 τὸν
1198 1265 1402 1301 χρηματίζοντα
1415 1265 1490 1301 αὑτῷ
1502 1265 1567 1291 Θεὸν
1582 1266 1704 1293 ἱκέτευσε
1719 1266 1806 1301 λέγων
1817 1276 1823 1282 ·
1841 1277 1850 1292 1
1863 1267 1897 1294 Et

1099 1311 1204 1347 εὕρηκα
1221 1311 1301 1346 χάριν
1315 1311 1430 1338 ἐνώπιόν
1448 1320 1505 1343 σου,
1534 1312 1683 1347 ὲμφὰνισόν
1700 1321 1745 1348 μοι
1762 1313 1893 1341 σεαυτόν·

1100 1357 1228 1391 γνωστῶς
1245 1356 1292 1383 ἴδω
1312 1365 1352 1383 σε.
1366 1367 1375 1383 ι
1403 1358 1431 1383 Ὀ
1453 1356 1481 1383 δὲ
1503 1357 1669 1392 ἀπεκρίνατο
1687 1358 1762 1393 αὐτῷ
1786 1358 1874 1393 λέγων
1886 1367 1893 1374 ·

1103 1410 1112 1427 1
1127 1401 1182 1428 Καὶ
1207 1400 1301 1428 τοῦτόν
1326 1411 1367 1428 σοι
1389 1401 1434 1428 τδν
1455 1401 1535 1436 λόγον
1566 1402 1595 1428 ὂν
1621 1404 1734 1437 εἰρηκας
1769 1404 1894 1439 ποιήσω’

1100 1447 1221 1484 εὕρηκας
1236 1447 1291 1483 γὰρ
1308 1449 1388 1484 χάριν
1401 1447 1516 1475 ἐνώπιόν
1532 1457 1592 1483 μου.
1607 1458 1616 1473 ι
1639 1448 1719 1475 Ἀλλὰ
1739 1449 1785 1476 καὶ
1800 1451 1814 1476 6
1845 1451 1893 1476 Ἰε-

1100 1494 1195 1530 ζεκιὴλ
1220 1494 1266 1520 τὸν
1289 1494 1337 1520 ἐπὶ
1360 1494 1415 1521 τῶν
1436 1494 1568 1530 χερουϐὶμ
1587 1494 1739 1530 καθήμενον
1754 1493 1832 1527 εἶδεν,
1855 1496 1894 1528 ὡς

1100 1540 1195 1576 ὅρασιν
1216 1539 1371 1576 ἀνθρώπου,
1395 1539 1450 1566 ἀπὺ
1473 1539 1523 1575 τῆς
1546 1540 1646 1574 ὀσφύος
1671 1541 1753 1568 αὑτοῦ
1772 1543 1818 1569 καὶ
1841 1543 1894 1575 ἕως

1102 1586 1178 1611 κάτω
1194 1585 1260 1620 πῦρ,
1287 1585 1334 1611 καὶ
1350 1585 1405 1612 ἀπὸ
1422 1584 1473 1619 τῆς
1489 1584 1589 1619 ὀσφύος
1610 1585 1692 1612 αὑτοῦ
1707 1587 1754 1612 καὶ
1771 1586 1823 1617 ἕως
1837 1587 1893 1613 ἄνω

1103 1630 1183 1666 ὑπὲρ,
1197 1631 1291 1666 ὅρασιν
1306 1630 1451 1666 ἠλέκτρου,
1470 1631 1508 1656 Δι’
1522 1627 1559 1657 ὧν
1578 1631 1706 1657 ἁπάντων
1721 1631 1893 1666 μανθάνομεν

1101 1677 1151 1712 οὐχ
1166 1676 1260 1712 ὁμοίας
1284 1675 1332 1707 τὰς
1347 1676 1478 1706 ὀπτασίας
1490 1675 1652 1711 γεγενῆσθαι
1667 1678 1723 1707 τοῖς
1740 1675 1891 1711 προλεχθεῖ-

1101 1731 1156 1754 σιν,
1181 1722 1248 1750 ἀλλὰ
1271 1721 1433 1757 διαφόρους·
1455 1720 1494 1756 τῷ
1519 1721 1567 1756 μὲν
1591 1721 1644 1757 γὰρ
1661 1722 1763 1756 Μωῡσῇ
1788 1721 1890 1757 εἴρητοι

1104 1777 1114 1794 1
1127 1768 1163 1794 Οὺ
1179 1767 1281 1803 δυνήσῃ
1296 1766 1360 1793 ιδεϊν
1375 1766 1406 1792 τὺ
1421 1765 1566 1802 πρόσωπόν
1584 1774 1634 1801 μου
1646 1774 1652 1780 ·
1669 1765 1699 1791 οὐ
1715 1765 1769 1800 γὰρ
1786 1765 1827 1801 ῐδῃ
1842 1765 1889 1792 ἄν·

1101 1814 1209 1850 θρωπος
1227 1814 1257 1840 τὸ
1278 1812 1422 1849 πρόσωπόν
1449 1821 1517 1848 μου,
1541 1812 1589 1838 καὶ
1612 1812 1731 1847 {ﬁes-car
1746 1821 1755 1837 ι
1780 1812 1810 1838 τὸ
1835 1811 1891 1847 γὰρ

1102 1861 1245 1896 πρόσωπον
1260 1859 1308 1886 τοῦ
1325 1859 1393 1885 Θεοῦ
1413 1859 1499 1893 Λόγου
1517 1858 1564 1885 καὶ
1584 1859 1600 1894 ἡ
1616 1858 1712 1894 θεότης
1735 1858 1782 1885 τοῦ
1800 1859 1888 1885 Μονο-

1100 1906 1196 1941 γενοῦς
1220 1906 1285 1933 Υἱοῦ
1301 1906 1348 1932 τοῦ
1365 1905 1432 1932 Θεοῦ
1458 1905 1541 1942 θνητῇ
1566 1905 1645 1939 φύσει
1668 1906 1717 1932 οὐκ
1736 1905 1768 1932 ἂν
1787 1905 1892 1940 γένοιτο

1100 1953 1259 1988 καταληπτή
1270 1961 1276 1967 ·
1297 1953 1343 1978 καὶ
1367 1951 1406 1987 τῷ
1426 1951 1556 1987 Ἰεζεκιὴλ
1572 1952 1600 1978 δὲ
1617 1953 1633 1987 ἡ
1662 1951 1707 1978 τοῦ
1725 1951 1811 1984 Λόγου
1828 1951 1890 1985 δόξα

1099 1997 1132 2024 δι’
1151 1997 1319 2032 αἰνιγμάτων
1337 1995 1497 2031 ὲθεωρεῖτο·
1516 1995 1555 2031 τῷ
1577 1995 1605 2021 δὲ
1628 1996 1752 2030 Ἀϐραὰμ
1769 1997 1891 2031 ἐσχημα-

1099 2042 1225 2078 τισμένος
1240 2042 1344 2077 ἑωρᾶτο
1369 2042 1397 2068 ὲν
1420 2040 1564 2076 ἀνθρώπου
1588 2042 1689 2077 μορφῇ,
1713 2041 1750 2072 ὼς
1774 2042 1821 2068 καὶ
1840 2042 1891 2068 ὑπὸ

1099 2088 1148 2123 τὴν
1164 2087 1230 2123 δρῦν
1246 2087 1383 2122 γενέσθαι,
1399 2087 1447 2113 καὶ
1460 2087 1523 2119 τοὺς
1536 2087 1621 2118 πόδας
1635 2086 1829 2121 ἀπονίψασθαι,
1843 2088 1891 2114 καὶ

1099 2133 1239 2170 τραπέζης
1263 2134 1441 2168 κοινωνῆσαι·
1459 2133 1560 2168 ὁμοίως
1585 2133 1633 2159 καὶ
1653 2133 1698 2159 ἐπὶ
1718 2133 1765 2160 τοῦ
1793 2134 1890 2160 Ἰακὼΰ

1099 2179 1242 2215 ἄνθρωπος
1255 2179 1379 2215 εἰσῆκται
1395 2178 1527 2210 παλαίων,
1544 2178 1574 2205 ὅν
1587 2179 1603 2214 ή
1619 2179 1667 2214 μὲν
1681 2178 1775 2214 Γραφὴ
1786 2179 1891 2213 ἄνθρω-

1100 2235 1149 2253 πον
1165 2225 1302 2261 ὀνομάζει,
1319 2226 1399 2257 αὐτὸς
1413 2225 1441 2252 δὲ
1457 2226 1470 2252 6
1492 2226 1680 2261 χρηματίζων,
1704 2234 1712 2249 1
1725 2225 1762 2251 Οὐ
1786 2224 1888 2260 κληθή-

261 2274 352 2306 eebat,
370 2283 380 2300 1
398 2273 457 2301 Vidi
472 2274 543 2301 enim
561 2274 643 2301 Deum
661 2274 731 2302 facie
743 2275 776 2302 ad
787 2274 896 2309 faciem,
923 2280 950 2302 et
973 2275 1046 2302 salva

1100 2281 1175 2299 σεται
1197 2273 1227 2299 τὸ
1248 2272 1333 2308 δνομά
1361 2280 1418 2304 σου,
1445 2272 1537 2307 φησὶν,
1569 2270 1675 2298 Ἰακώϐ·
1701 2271 1758 2297 ἀλλ’
1781 2270 1889 2306 Ἰσραὴλ

260 2319 332 2346 facta
350 2319 490 2346 estanima
507 2327 567 2346 utea
581 2319 615 2346 ”.
629 2329 639 2345 ι
655 2318 702 2346 Ilic
718 2327 782 2346 vero
798 2320 927 2355 propheta
943 2328 972 2348 se
981 2328 1047 2355 quo~

260 2371 313 2399 que
330 2363 442 2399 gloriatn
459 2364 517 2399 ejus
534 2365 635 2393 vidisse
653 2365 822 2393 testiﬁcatur.
845 2366 929 2401 igitur
949 2366 1047 2394 Salva-

259 2410 326 2437 toris
342 2411 426 2438 nostri
439 2410 501 2438 Iesu
514 2411 613 2438 Christi
624 2411 750 2446 gloriam,
761 2416 790 2439 ut
801 2412 828 2439 in
842 2412 966 2447 prmsenti
984 2421 1046 2440 nar-

260 2460 314 2489 rat,
330 2457 491 2491 conspexit:
508 2465 561 2484 non
575 2458 654 2493 plane
668 2458 802 2493 corporis,
813 2459 860 2485 sed
872 2459 969 2485 mentis
981 2466 1046 2486 ocu-

258 2501 293 2529 lis
310 2509 325 2529 a
342 2502 445 2537 Spiritu
468 2509 563 2531 sancto
585 2504 748 2531 illustratis:
767 2505 836 2532 sicut
853 2505 926 2532 enim
947 2512 1046 2539 corpo-

258 2547 296 2575 ris
315 2548 384 2575 oculi
405 2555 419 2575 a
444 2548 514 2576 lucis
539 2549 615 2577 radio
638 2551 759 2578 exterius
781 2549 990 2578 subministrato
1012 2550 1045 2577 ad

259 2594 399 2621 sensibilia
430 2595 545 2622 videnda
576 2595 729 2631 juvantur;
760 2596 853 2622 eodem
880 2596 960 2623 modo
981 2604 1046 2631 pur-

260 2645 328 2674 gata:
351 2641 450 2668 utentis
470 2641 554 2674 oculi,
576 2641 610 2668 ab
631 2641 795 2675 intelligibili
824 2641 884 2668 luce
907 2641 1044 2674 irradiati,

259 2684 349 2713 divina
368 2687 546 2722 contemplari
567 2691 692 2722 possunt.
712 2686 894 2720 Quamobrem
914 2686 1046 2715 Servator

297 2766 319 2781 "
332 2765 399 2793 Gen.
415 2774 464 2798 xtl,
485 2767 512 2793 'l.
550 2767 572 2783 ³³
587 2767 655 2794 Ibid.
705 2766 728 2782 ³³
743 2765 810 2794 Gen.
833 2775 897 2799 xvn,
919 2767 943 2793 i.

1098 2317 1174 2344 ἔσται
1193 2317 1223 2343 τὸ
1239 2317 1325 2353 ὄνομά
1340 2326 1396 2348 σου,
1412 2317 1451 2344 ὅτι
1464 2317 1607 2352 ὲνῐσχυσας
1623 2316 1691 2351 μετὰ
1707 2316 1787 2342 Θεοῦ·
1799 2325 1807 2341 ι
1827 2315 1888 2342 ὅθεν

1098 2364 1144 2390 καὶ
1167 2362 1264 2389 ἰακὼὸ
1279 2363 1371 2398 ἔλεγεν
1381 2372 1388 2378 ·
1409 2373 1418 2389 1
1429 2362 1504 2390 Εἶδον
1519 2362 1572 2397 γὰρ
1585 2362 1650 2389 Θεὸν
1664 2362 1808 2398 πρόσωπον
1822 2362 1889 2397 πρὸς

1097 2408 1252 2444 πρόσωπον,
1278 2408 1324 2434 καὶ
1347 2408 1435 2444 ἐσώθη
1459 2417 1509 2444 μου
1533 2408 1548 2443 ἡ
1574 2408 1656 2442 ψυχή.
1671 2417 1680 2432 ι
1705 2408 1733 2434 '0
1747 2407 1776 2433 δὲ
1793 2406 1888 2442 παρὼν

1097 2454 1241 2490 προφήτης
1267 2454 1331 2480 [δεῖν
1353 2454 1400 2481 καὶ
1427 2454 1507 2485 αὐτὸς
1532 2454 1711 2489 μαρτυρεῖται
1736 2453 1783 2489 τὴν
1807 2453 1887 2486 δόξαν

1099 2500 1191 2527 αὺτοῦ.
1204 2499 1308 2527 Οὐκοῦν
1317 2499 1368 2534 τῆς
1378 2498 1426 2526 τοῦ
1441 2498 1566 2534 Σωτῆρος
1580 2497 1657 2533 ἡμῶν
1672 2498 1758 2533 Ἰησοῦ
1769 2498 1888 2533 Χριστοῦ

1099 2545 1177 2579 δόξαν
1191 2546 1234 2573 διὰ
1248 2545 1302 2572 τῶν
1313 2545 1500 2581 προκειμένων
1511 2544 1642 2580 ἑώρακεν,
1654 2545 1684 2571 οὺ
1702 2545 1808 2576 πάντως
1822 2553 1889 2581 σαρ-

1099 2592 1146 2624 κὸς
1162 2592 1319 2628 ὀφθαλμοῖς,
1338 2593 1395 2624 τοῖς
1413 2591 1441 2618 δὲ
1461 2591 1509 2627 τῆς
1523 2591 1651 2622 διανοίας,
1673 2591 1888 2626 πεφοπισμὲνοις

1100 2638 1152 2665 ὑπὸ
1173 2637 1219 2665 τοῦ
1245 2638 1325 2673 ἁγίου
1341 2637 1515 2673 Πνεύματος·
1530 2636 1567 2669 ὡς
1581 2636 1635 2673 γὰρ
1654 2637 1678 2663 οἱ
1694 2636 1742 2664 τοῦ
1762 2636 1887 2672 σώματος

1100 2685 1152 2712 ὑπὸ
1167 2685 1216 2721 τῆς
1235 2684 1335 2717 ἔξωθεν
1343 2683 1548 2720 χορηγουμένης
1563 2683 1610 2709 τοῦ
1620 2683 1708 2719 φωτὸς
1721 2682 1809 2717 αὐγῆς
1825 2691 1886 2709 συν-

989 2766 1012 2782 ¹⁵
1024 2767 1092 2794 Gen.
1113 2774 1192 2800 xvm,
1215 2766 1240 2794 I.
1278 2766 1300 2782 ³⁸
1319 2765 1387 2793 Gen.
1412 2773 1488 2798 xxvx,
1509 2764 1570 2800 εἶμ’
1609 2764 1629 2780 ³⁷
1651 2764 1720 2791 Gen.
1752 2763 1885 2800 xxxv/p7.

264 2801 298 2817 η’
309 2800 376 2828 Gen.
401 2796 495 2831 vain.
517 2802 544 2829 3.
582 2802 604 2818 ³⁹
618 2801 686 2830 Gen.
712 2809 799 2832 unt,
831 2803 876 2829 28.
892 2796 896 2799 ⁷
913 2801 1013 2830 “Ibid.
1025 2802 1069 2829 50.
1107 2802 1129 2817 δ¹
1142 2796 1226 2830 Exod.
1247 2810 1343 2834 χχχιιι,
1370 2801 1412 2828 I5.
1424 2800 1447 2816 “
1460 2796 1527 2828 Ibid.
1541 2796 1584 2826 II.
1595 2799 1617 2816 "
1633 2800 1716 2827 Exod.
1728 2807 1823 2832 xum,
1839 2799 1883 2826 20.

262 2835 285 2853 "‘
298 2835 365 2862 Gen.
379 2844 466 2870 tun,
481 2836 527 2870 ‘28,
558 2836 579 2852 "
598 2836 666 2864 Gen.
682 2845 767 2865 χχιιι.
787 2836 830 2864 50.

299 2914 358 2949 (I6)
377 2913 436 2941 llu'c
451 2922 556 2950 quoque
576 2915 754 2949 Ilietotmnus
774 2917 910 2948 exprimit.
929 2916 975 2945 scd
997 2916 1176 2946 paucioribus.
