2059 3215
157 207 211 236 125

635 209 886 239 COMMENTARIA
907 211 941 239 lN
960 211 1090 240 lSAlAM.
1106 227 1142 234 -ι
1159 210 1236 240 CAP.
1257 210 1302 240 VL

1727 211 1782 241 {‘26

155 264 300 302 ιργοῦνται
326 272 366 298 εις
380 265 410 293 τδ
423 265 532 301 βλέπειν
545 266 578 294 τὰ
593 267 719 304 αἰσθητὰ,
731 268 777 296 τὸν
790 268 870 295 αὑτὸν
884 269 946 304 τρό-

1001 269 1054 296 Inec
1073 269 1183 297 docuit:
1207 268 1305 296 rBeati
1326 268 1427 295 mundo
1452 267 1546 299 corde.
1573 268 1705 304 quoniam
1728 269 1779 305 ipsi

156 319 209 339 πον
223 311 258 338 τὰ
274 312 323 347 τῆς
336 312 545 349 κεκαθαρμένης
554 314 642 349 ψυχῆς
657 314 768 350 ὄμματα
782 315 834 341 ὑπὸ
849 314 943 350 νοεροῦ

999 315 1081 342 Deum
1102 315 1233 343 videbunt
1242 315 1275 343 ".
1293 323 1303 341 ι

156 357 245 393 φωτὸς
271 357 505 393 καταυγαζόμενα,
530 359 564 386 τὰ
586 359 645 386 θεῖα
658 361 835 389 κατοπτεύειν
853 361 974 388 δύναται.
993 361 1037 388 Διὸ
1050 361 1097 388 καὶ
1110 363 1124 389 ὁ
1138 362 1234 398 Σωτὴρ
1247 361 1320 389 τοῦτ’
1336 361 1475 388 ἐδίδασκε·
1494 371 1503 387 ι
1516 361 1653 397 Μακάριοι
1664 362 1688 388 οί
1700 361 1782 388 καθα-

157 403 198 438 pol.
215 403 250 438 τῇ
270 403 379 438 καρδίᾳ.
397 404 438 429 ὅτι
455 405 531 431 αὐτοὶ
543 405 590 432 τὸν
606 405 673 433 Θεὸν
687 407 808 442 δψονται.
824 417 833 433 ι

194 458 204 474 ι
215 448 272 474 Καὶ
286 449 407 485 σεραφὶμ
424 450 596 486 είστήκεισαν
616 451 709 488 κύκλῳ
723 454 816 486 αὑτοῦ,
837 454 867 487 ἐξ
881 454 948 481 πτέ-

157 502 240 530 ρυγες
253 493 292 529 τῷ
308 494 358 526 ἐνὶ,
376 496 424 521 καὶ
440 495 469 529 ἐξ
493 497 630 532 πτέρυγες
642 498 681 534 τῷ
696 500 746 526 ὲνί.
760 509 769 525 ι
796 499 948 535 Ἀσώματοί

155 548 228 572 τινες
244 539 314 567 θεῖαι
330 542 376 567 καὶ
398 542 578 578 ὑπερκόσμιοι
604 544 741 580 δυνάμεις,
755 545 789 578 ἃς
802 546 849 573 καὶ
863 548 877 573 ὁ
893 547 947 573 Δα-

156 586 215 622 νιὴλ
237 586 330 623 ἐδήλου
351 587 454 622 λέγων,
484 598 493 615 ι
506 589 596 616 Χίλιαι
619 590 735 625 χιλιάδες
760 592 947 628 ἐλειτούργουν

156 631 241 667 αὐτῷ,
262 632 309 659 καὶ
327 633 424 669 μύριαι
447 635 575 670 μυριάδες
599 639 827 672 παρειστήκεισαν
843 638 948 674 ἔμπρο-

157 678 220 705 σθεν
233 679 326 705 αὑτοῦ.
342 679 413 706 »Δύο
426 681 474 715 μὲν
489 679 560 707 εἶναι
570 682 603 708 τὰ
618 684 738 718 σεραςρὶμ
751 684 874 711 ἐντεῦθεν
890 684 949 711 ἐνό-

158 732 241 759 μισαν
257 723 345 752 ἄλλοι·
367 724 422 759 ἐγὼ
437 725 477 757 δὲ,
500 727 652 762 ἐπιστήσας
667 730 700 763 τῇ
718 728 822 764 διανοίᾳ
836 729 886 764 τῆς
902 729 947 756 λε-

155 769 258 806 γούσης
276 771 388 806 Γραφῆς
414 771 504 807 κύκλῳ
519 773 600 799 αὑτοῦ
622 773 658 800 τὰ
681 776 802 810 σεραφὶμ
825 776 946 807 ἑστάναι,

156 815 276 852 ἠγοῦμαι
299 816 387 844 ταῦτα
412 818 542 852 στεφάνου
567 819 644 855 δίκην
665 821 831 856 πανταχόθεν
852 821 947 858 ὥσπερ

157 861 245 897 μέγαν
267 861 379 897 βασιλέα
400 863 609 899 δορυφοροῦντα.
636 865 683 898 Ἐξ
703 865 731 892 δὲ
752 866 885 902 πτέρυγες
907 866 947 902 τῷ

155 907 196 934 ἑνὶ
206 908 328 943 λέγονται
339 909 569 944 προσπεφυκέναι,
577 910 616 945 τῷ
624 911 737 939 ἕκαστον
749 900 945 948 κεκοσμῖσθαι,

155 952 252 990 ὥσπερ
271 954 410 990 πτέρυξιν,
433 955 564 990 ὲμφύτοις
578 957 690 992 ἀρεταῖς
706 959 753 985 καὶ
774 960 946 994 μετεωροπό-

158 1008 227 1036 ροις,
250 998 294 1032 αἶς
315 1001 477 1037 διιπτάμενα
504 1002 535 1028 δι’
562 1003 677 1038 ούρανοῦ
702 1004 751 1030 καὶ
774 1005 946 1041 αίθεροφόροι

158 1046 300 1082 φέρονται,
311 1048 417 1081 νοηταῖς
428 1056 483 1074 τισι
499 1047 628 1084 χρώμενα
642 1049 803 1085 ἐνεργείαις,
820 1051 948 1086 πραγμά-

1035 451 1117 479 Vens.
1137 451 1164 477 2.
1187 459 1196 476 ι
1212 449 1245 477 Et
1265 449 1400 484 seraphim
1413 449 1522 477 stabant
1539 449 1565 476 in
1583 449 1698 477 circuitu
1711 449 1782 483 eius,

999 505 1045 526 sex
1058 498 1107 525 alte
1125 497 1184 528 uni,
1199 501 1226 524 et
1239 504 1285 523 sex
1299 496 1349 523 ala
1363 495 1453 523 alteri.
1470 505 1479 521 ι
1493 495 1663 530 lncorporea:
1683 503 1783 531 nempe

1000 544 1133 580 quaedam,
1154 543 1254 570 divina
1272 546 1298 569 et
1319 549 1399 576 supra
1424 541 1553 569 mundum
1578 542 1673 577 positae
1693 542 1782 570 virtu-

998 594 1049 622 tes,
1066 597 1134 624 quas
1149 588 1242 616 Daniel
1253 588 1418 620 declarabat,
1439 587 1532 615 dicens
1552 595 1560 614 :
1590 598 1600 615 ι
1615 588 1697 616 Millia
1718 589 1783 616 mil-

997 635 1063 663 lium
1083 636 1276 662 ministrabant
1295 634 1330 667 ei,
1350 639 1377 662 et
1396 635 1488 663 decies
1507 635 1605 662 millies
1631 635 1700 662 dena
1722 635 1784 662 mil-

998 681 1034 709 lia
1053 681 1180 708 astabant
1199 681 1225 707 in
1245 684 1392 715 conspectu
1412 680 1472 716 citis
1492 681 1525 708 ".
1550 690 1560 707 ι
1584 680 1652 708 Hinc
1672 680 1718 708 alii
1737 688 1785 709 ar-

997 728 1090 757 bitrati
1120 731 1183 756 sunt
1215 727 1268 754 duo
1294 734 1355 754 esse
1380 727 1518 761 seraphim
1539 736 1546 754 :
1567 734 1617 762 ego
1630 727 1785 755 accuratius

997 773 1139 809 explorata
1159 772 1310 806 Scripturae
1330 777 1433 804 mente,
1454 779 1514 806 qua:
1527 771 1578 805 ait,
1599 772 1736 808 seraphim
1755 772 1786 800 iu

997 819 1112 847 circuitu
1131 819 1190 853 ejus
1216 818 1334 850 stetisse,
1366 818 1471 846 aestimo
1494 819 1544 846 hos
1571 825 1679 846 corona:
1698 819 1786 846 instar

997 873 1058 893 eum
1076 865 1195 899 undique
1214 872 1262 892 ceu
1280 871 1369 899 regem
1386 871 1512 900 magnum
1525 864 1652 900 stipasse.
1666 864 1721 893 Sex
1737 873 1787 892 att-

999 917 1052 939 tem
1079 912 1129 939 alae
1147 911 1193 939 uni
1213 918 1273 939 esse
1299 911 1437 943 dicuntur,
1457 911 1530 946 quod
1556 911 1655 947 singuli
1683 911 1786 939 innatis

998 962 1025 985 et
1042 957 1204 985 sublimibus
1221 957 1368 984 virtutibus
1386 958 1463 992 quasi
1484 957 1534 985 alis
1552 963 1682 985 ornentur
1697 966 1705 985 :
1725 959 1787 993 qui—

998 1004 1048 1031 bus
1062 1003 1188 1030 volantes
1203 1011 1252 1038 per
1271 1003 1369 1030 caelum
1399 1008 1427 1030 et
1443 1011 1533 1030 aerem
1554 1004 1689 1036 feruntur,
1706 1004 1788 1031 intel—

998 1048 1222 1083 ligibiliquadam
1252 1049 1347 1084 agendi
1371 1049 1397 1076 vi
1421 1053 1538 1080 utentes,
1559 1057 1612 1084 qua
1638 1050 1716 1077 nobis
1742 1057 1790 1078 res

159 1100 215 1119 των
228 1092 308 1120 τινῶν
327 1093 451 1129 ἀρρήτων
475 1095 541 1129 ἡμῖν
566 1094 798 1126 ἀποτελεστικαῖς.
825 1095 870 1128 Ὦς
893 1097 948 1132 γὰρ

1001 1094 1129 1128 quasdam
1145 1101 1260 1121 arcanas
1278 1098 1439 1129 operantur.
1460 1094 1692 1128 Quemadmodum
1713 1096 1786 1123 enim

160 1138 191 1165 tv
205 1137 357 1174 ἀνθρώποις
370 1139 393 1165 oi
409 1139 481 1173 ἅγιοι
491 1139 539 1165 τοῦ
552 1139 620 1166 Θεοῦ
635 1140 811 1176 χαρισμάτων
825 1142 949 1176 μετεῖχον

159 1184 331 1219 κρειττόνων,
345 1184 382 1216 ὡς
396 1185 576 1220 προφητεύειν
591 1185 625 1212 τὰ
639 1185 778 1221 μέλλοντα,
797 1187 843 1214 καὶ
856 1187 950 1219 νόσους

160 1229 261 1263 ἰᾶσθαι,
279 1230 326 1256 καὶ.
346 1231 459 1266 νεκροὺς
478 1231 601 1266 ἀνιστᾷν,
624 1233 672 1258 καὶ
695 1231 833 1266 γλώσσαις
849 1233 948 1266 λαλεῖν,

158 1276 255 1310 σοφίας
278 1285 308 1302 τε
343 1277 391 1303 καὶ
416 1276 543 1310 γνώσεως
573 1277 712 1312 μετέχειν·
735 1278 751 1313 ἢ
778 1279 825 1305 καὶ
856 1279 950 1316 ὥσπερ

156 1320 229 1348 κατὰ
241 1321 271 1348 τὸ
289 1321 370 1357 σῶμα
384 1325 508 1357 φυσικοῖς
527 1323 713 1359 αἰσθητηρίοις
733 1324 893 1360 κεχρήμεθα
904 1325 950 1352 τὸν

157 1367 274 1404 ἀριθμὸν
295 1368 386 1401 πέντε,
413 1368 484 1396 οὕτω
506 1378 556 1396 που
579 1370 649 1405 τάχα
677 1370 725 1406 τὴν
751 1370 806 1397 τῶν
826 1371 950 1405 ἀγγέλων

160 1414 241 1448 φύσιν
258 1415 341 1447 εἰκὸς,
356 1415 488 1450 δυνάμεσι
508 1415 592 1448 θείαις
606 1416 660 1443 τισὶ
676 1417 722 1443 καί
736 1425 817 1444 τινων
831 1417 950 1452 παραδό-

158 1459 211 1494 ξων
226 1461 424 1496 ὲνεργητικαῖς,
446 1463 512 1497 ἡμῖν
532 1461 560 1489 δὲ
592 1462 754 1496 ἀγνώστοις,
781 1463 949 1498 κεχρῆσθαι·

159 1507 191 1539 ἃς
211 1507 244 1543 δὴ
260 1507 398 1544 πτέρυγας
420 1509 434 1535 ὸ
455 1508 533 1542 λόγος
555 1509 694 1544 ὠνόμασεν
708 1517 714 1524 ·
738 1510 799 1547 ἐπεὶ
819 1510 866 1536 καὶ
887 1509 951 1546 περὶ

163 1554 213 1582 τῶν
227 1555 333 1591 ἀνέμων
347 1555 469 1592 sim-sap
488 1565 497 1581 ι
516 1556 544 1583 '0
563 1556 724 1592 περιπατῶν
740 1557 787 1583 ἐπὶ
800 1556 947 1593 πτερύγων

162 1600 267 1636 ἀνέμων
277 1611 284 1617 ·
298 1611 308 1628 ι
324 1602 353 1628 οὐ
369 1602 478 1634 πάντως
490 1602 678 1629 ἐκπιπτόντων
691 1603 770 1638 ἡμῶν
790 1604 836 1630 ἐπὶ
851 1603 886 1630 τὰ
899 1612 952 1631 σω-

162 1648 265 1682 ματικὰ
277 1649 415 1684 σχήματα,
427 1649 466 1680 ὡς
479 1647 532 1675 τῶν
545 1648 655 1684 ἀνέμων
672 1649 772 1685 ὀρνέων
791 1649 868 1685 δίκην
890 1659 952 1677 ms-

162 1694 348 1729 ρυσσομένων.

199 1749 208 1766 ι
221 1732 356 1772 Καὶθταῖς
376 1741 425 1777 μὲν
444 1741 503 1768 δυσὶ
519 1741 724 1768 κατεκάλυπτον
742 1742 772 1767 τὸ
793 1742 948 1777 πρόσωπον,

161 1786 210 1813 καὶ
232 1788 291 1818 ταῖς
310 1773 382 1813 δυσὶ*
395 1787 598 1814 κατεκάλυπτον
619 1788 681 1819 τοὺς
707 1788 800 1819 πόδας,
816 1773 871 1814 ’καὶ
890 1788 949 1819 ταῖς
963 1773 986 1803 C

161 1833 238 1860 δυσὶν
260 1832 399 1860 ὲπέταντο.
414 1843 423 1858 ι
447 1834 484 1860 Τὸ
511 1834 655 1869 πρόσωπον
677 1833 766 1860 τοίνυν
788 1834 950 1866 ἐκάλυπτον,

163 1879 195 1905 οὐ
219 1878 249 1905 τὸ
271 1878 318 1905 τοῦ
341 1879 454 1914 Κυρίου,
471 1879 508 1911 ὼς
523 1880 555 1906 ἃν
569 1880 672 1915 οἰηθείη
688 1889 740 1912 τις,
753 1880 821 1907 ἀλλὰ
838 1881 870 1908 τὸ
890 1881 953 1907 ἐαυ-

162 1923 235 1951 τῶν·
256 1923 293 1956 ὡς
313 1924 350 1960 μὴ
366 1924 467 1959 τολμᾷν
488 1924 581 1955 ἀτενὲς
600 1925 704 1960 ἀφορᾷν
726 1925 766 1957 είς
785 1925 815 1952 τὸ
835 1925 953 1961 θεωρού-

164 1979 255 2006 μενον.
285 1970 349 1997 «Διὸ
373 1970 461 2002 οὐδεὶς
482 1970 553 2004 ἔγνω
572 1970 617 1997 τὸν
637 1971 712 2002 Υίὺν,
731 1972 754 1997 εί
777 1971 814 2007 μὴ
839 1971 919 2007 μόνος
939 1972 953 1998 ὸ

163 2017 297 2052 γεννήσας
321 2016 402 2043 αὐτὸν
428 2016 532 2052 Πατήρ.
549 2026 558 2042 ι
588 2016 754 2043 Ἐκάλυπτον
779 2017 808 2043 δὲ
829 2018 876 2046 καὶ
890 2018 954 2050 τοὺς

164 2063 258 2094 πόδας,
280 2062 314 2090 τὰ
335 2062 437 2098 ἔσχατα
463 2062 512 2097 τῆς
533 2062 637 2094 οἰκείας
662 2063 775 2098 πορείας
797 2064 844 2091 καὶ
865 2063 903 2096 ὡς
921 2063 954 2090 ἃν

164 2110 236 2136 εἴποι
248 2117 300 2141 τις,
313 2108 346 2135 τὰ
362 2108 470 2144 βήματα
493 2107 540 2135 τοῦ
558 2108 616 2144 βίου
633 2108 681 2140 τὰς
697 2108 809 2144 πράξεις
829 2110 955 2137 ἐπισκιά-

164 2155 254 2188 ζοντα,
280 2155 317 2190 μὴ
341 2155 508 2186 ἀκαλύπτοις
530 2155 594 2181 ποσὶ
622 2154 662 2190 τῷ
687 2154 790 2182 ἑαυτῶν
813 2157 954 2192 παραπή-

165 2209 236 2228 κοιεν
254 2201 367 2236 βασιλεῖ.

204 2257 214 2273 ‹
226 2248 281 2275 Καὶ
291 2248 440 2284 ὲκέκραγον
451 2248 543 2283 ἕτερος
557 2247 625 2283 πρὸς
635 2248 737 2284 ἕτερον,
750 2248 855 2282 Ἄγιος,
865 2248 952 2283 ἅγιος,

166 2293 241 2327 ἅγιος
267 2293 367 2329 Κύριος
393 2293 526 2320 Σαὸαώθ’
555 2293 661 2330 πλήρης
689 2294 763 2320 πᾶσα
791 2295 808 2329 ἡ
835 2294 872 2329 γῆ
904 2295 953 2330 τῆς

166 2338 244 2374 δόξης
268 2338 359 2366 αὑτοῦ.
371 2348 380 2364 ι
401 2339 438 2365 Οὐ
463 2339 526 2374 μίαν
537 2340 592 2375 γὰρ
603 2339 718 2374 ἠφίεσαν
733 2339 834 2375 φωνὴν,
849 2339 908 2366 οὐδὲ
922 2341 954 2367 ἀ-

167 2384 254 2421 θρόως
265 2385 331 2419 ὁμοῦ
343 2386 430 2412 πάντα
441 2387 517 2421 κοινῇ
531 2386 632 2421 ταύτην
645 2386 811 2421 ἀνέπεμπον,
827 2386 884 2413 ἀλλ’
896 2385 955 2413 ἓτε-

167 2439 214 2468 ρον
234 2430 302 2466 πρὸς
320 2431 350 2457 τὸ
369 2431 459 2465 ἓτερον
481 2433 611 2467 ἐμφαῖνον
627 2432 657 2458 τὸ
678 2432 774 2458 ἑαυτοῦ
789 2432 891 2468 θαῦμα,
907 2433 953 2459 καὶ

168 2477 216 2512 τὴν
239 2476 368 2511 ἔκπληξιν
388 2477 436 2512 τὴν
456 2478 502 2504 ἐπὶ
523 2477 561 2513 τῷ
585 2475 779 2514 Θεωρουμένῳ·
805 2478 904 2514 μᾶλλον
925 2478 953 2505 δὲ

169 2522 402 2560 ὑπερεξέπληττεν
415 2524 483 2550 αὐτὰ
496 2525 512 2559 ἡ
528 2524 582 2551 ἀπὸ
595 2524 649 2551 τῶν
666 2524 840 2560 ὑψηλοτάτων
853 2525 899 2551 ἐπὶ
920 2524 954 2552 τὰ

167 2569 282 2595 ταπεινὰ
300 2568 448 2600 κατάϐασις
464 2569 510 2596 τοῦ
525 2570 592 2597 Θεοῦ
609 2570 706 2605 Λόγου.
729 2571 892 2606 Ἐκέκραγον
907 2569 955 2599 οὖν

165 2615 216 2650 οὐχ
235 2613 310 2647 ἅπαξ
326 2615 371 2641 τὸν
390 2615 523 2650 ἁγιασμόν
543 2616 636 2647 αὑτοῦ,
651 2616 718 2643 ἀλλὰ
735 2617 782 2643 καὶ
804 2617 934 2649 πολλάκις
946 2625 953 2634 ο

169 2660 271 2695 μᾶλλον
288 2660 316 2687 δὲ
334 2661 374 2692 εἰς
396 2660 579 2696 ἀναρίθμητον
598 2663 644 2689 καὶ
659 2663 699 2694 είς
714 2662 837 2699 ἄπειρον,
854 2664 901 2690 καὶ
916 2665 956 2697 εἰς

167 2707 212 2735 ἀεὶ
234 2706 688 2743 ὑπερεκπληττόμενα.Προγνὼσει
710 2709 799 2735 τοίνυν
819 2709 865 2736 τοῦ
891 2710 956 2745 μέλ-

149 2752 258 2785 ηλοντος
288 2750 513 2787 ὑπερεθαύμαζω
534 2752 567 2778 τὰ
593 2755 722 2789 σεραφὶμ,
744 2754 801 2790 ὃδὴ
826 2756 872 2782 καὶ
896 2756 957 2783 ἀκο-

168 2799 268 2830 λούθως
282 2800 337 2830 τοῖς
356 2797 539 2833 θεσπίσμασιν
549 2799 672 2832 ἐτελεῖτο,
692 2801 760 2835 μετὰ
775 2800 824 2832 τὴν
843 2802 882 2832 εις
903 2802 951 2828 ἀν-

167 2844 294 2880 θρώπους
313 2844 359 2873 τοῦ
378 2844 504 2880 Σωτῆρος
523 2844 599 2880 ἡμῶν
613 2846 772 2881 παρουσίαν.
791 2846 835 2879 Ἐξ
848 2846 952 2873 ἐκείνου

206 2931 335 2961 “Matth.
359 2942 384 2967 v,
401 2933 425 2960 8.
467 2933 486 2949 ³⁷
502 2934 569 2964 I‘un.
587 2935 696 2971 vnhlo.
736 2936 758 2952 “
776 2935 845 2965 Psal.
865 2943 923 2970 σιιι,
938 2938 964 2965 3.

1001 1139 1072 1166 inter
1085 1139 1218 1172 homines,
1235 1139 1324 1166 sancti
1351 1139 1409 1172 Dei,
1429 1139 1624 1168 charismatum
1642 1141 1786 1169 meliorum

999 1185 1147 1219 participes
1166 1189 1256 1217 erant,
1268 1185 1305 1212 ita
1324 1189 1353 1212 ut
1368 1185 1459 1212 futura
1475 1187 1701 1219 prmnunliarenl,
1716 1194 1791 1214 mor.

1000 1230 1050 1256 bos
1068 1233 1209 1262 curarent,
1229 1234 1352 1257 mortuos
1372 1230 1549 1264 suscitarent,
1580 1231 1718 1266 variisque
1734 1231 1788 1258 lin-

1001 1276 1061 1310 guis
1075 1275 1260 1310 loquerentur,
1278 1276 1412 1311 sapientia
1430 1281 1456 1304 et
1473 1276 1586 1304 scientia
1601 1277 1729 1304 instructi
1747 1285 1790 1304 es-

999 1327 1078 1355 sent;
1100 1326 1147 1349 aut
1161 1322 1390 1357 quemadmodum
1408 1322 1557 1350 secundum
1571 1330 1682 1358 corpus,
1709 1327 1788 1350 natu-

999 1368 1102 1395 ralibus
1124 1367 1252 1396 sensibus
1279 1368 1383 1395 utimur
1406 1375 1519 1396 numero
1538 1368 1676 1403 quinque;
1706 1369 1742 1396 ita
1760 1373 1789 1397 et

1001 1415 1159 1450 angelorum
1178 1420 1305 1442 naturam
1329 1414 1432 1442 divinis
1451 1415 1626 1450 quibusdam,
1647 1423 1680 1443 ac
1699 1417 1784 1444 mira-

999 1460 1094 1487 bilinm
1129 1459 1312 1488 eﬂ‘ectricibus
1344 1461 1493 1488 virtutibus
1527 1461 1681 1496 ignotisque
1710 1462 1789 1490 nobis

1000 1506 1038 1533 nti
1059 1505 1206 1534 verisimile
1223 1510 1276 1538 est,
1292 1513 1361 1542 quas
1376 1505 1481 1533 scilicet
1499 1505 1556 1533 alas
1576 1506 1717 1542 Scriptura
1741 1514 1790 1534 vo-

1017 1557 1054 1579 st.
1077 1552 1298 1587 Quandoquidem
1316 1552 1350 1579 de
1367 1553 1456 1579 Ventis
1487 1553 1568 1579 etiam
1602 1552 1702 1580 dictum
1736 1557 1789 1584 est.

1003 1606 1012 1622 ι
1027 1596 1078 1630 Qui
1098 1596 1218 1623 ambulat
1244 1603 1325 1632 super
1348 1603 1451 1631 pennas
1475 1601 1617 1624 ventorum
1639 1596 1679 1630 Mi;
1703 1605 1713 1622 ›
1743 1596 1791 1623 ubi

1001 1650 1050 1670 nos
1069 1650 1123 1670 non
1151 1642 1184 1669 ad
1204 1648 1350 1677 corporeas
1377 1642 1477 1676 ﬁguras
1508 1641 1688 1673 decurrimus,
1711 1641 1789 1676 quasi

1000 1689 1104 1717 scilicet
1122 1689 1207 1720 venti,
1221 1689 1306 1715 instar
1317 1687 1418 1719 avium,
1438 1687 1535 1722 pennis
1554 1687 1679 1714 instructi
1706 1687 1770 1714 sint.

1039 1743 1048 1760 I
1075 1734 1108 1761 Et
1127 1734 1232 1762 duabus
1254 1734 1363 1769 quidem
1395 1734 1524 1769 tegebant
1548 1733 1656 1767 faciem,
1687 1733 1791 1760 duabus

1002 1784 1091 1807 autem
1105 1779 1230 1806 velabant
1250 1779 1343 1814 pedes,
1372 1783 1401 1805 et
1427 1778 1533 1805 duabus
1552 1778 1688 1806 volabant.
1703 1787 1713 1805 ι
1736 1777 1791 1805 Fa-

1003 1825 1072 1853 ciem
1085 1825 1176 1860 itaque
1194 1824 1332 1856 velahant,
1345 1831 1398 1851 non
1419 1823 1537 1856 Domini,
1557 1829 1588 1851 ut
1611 1824 1673 1858 quis
1693 1827 1789 1859 putet,

1003 1871 1050 1898 sed
1070 1878 1164 1898 suam:
1185 1870 1258 1906 quod
1278 1878 1331 1898 non
1349 1870 1480 1897 auderent
1494 1869 1628 1905 obiectam
1648 1877 1705 1896 rem
1725 1869 1792 1896 deli-

1003 1917 1046 1944 xis
1070 1917 1156 1945 oculis
1190 1917 1300 1944 intueri.
1335 1916 1448 1950 «Quare
1475 1923 1556 1943 nemo
1587 1915 1661 1943 novit
1681 1915 1790 1949 Filium,

1004 1963 1058 1990 nisi
1077 1963 1121 1998 qui
1142 1963 1235 1998 genuit
1253 1962 1340 1998 ipsum
1354 1962 1446 1989 Pater.
1458 1970 1469 1988 ι
1491 1961 1576 1990 Pedes
1595 1968 1703 1997 quoque
1722 1960 1792 1989 vela-

1003 2007 1084 2041 bant,
1106 2009 1209 2036 scilicet
1241 2013 1364 2036 extrema
1393 2007 1593 2043 progressionis
1620 2015 1687 2040 suae.
1710 2011 1737 2035 et
1760 2012 1792 2034 ut

1004 2053 1136 2090 quispiam
1157 2053 1265 2087 dixerit,
1284 2053 1346 2081 vitae
1358 2061 1480 2089 gressus,
1508 2060 1565 2088 quo
1584 2053 1705 2080 actiones
1726 2059 1792 2080 suas

1004 2100 1203 2131 inumbrarent,
1220 2103 1299 2126 utne
1319 2099 1399 2127 nudis
1419 2098 1532 2134 pedibus
1562 2098 1618 2133 regi
1646 2105 1695 2125 suo
1718 2102 1792 2126 asta-

1005 2150 1076 2173 rent.

1041 2250 1124 2277 Vsus.
1147 2249 1174 2276 3.
1213 2258 1222 2275 ι
1246 2249 1279 2276 Et
1309 2248 1465 2276 clamabant
1497 2247 1567 2275 alter
1600 2248 1633 2275 ad
1662 2248 1791 2280 alterum,

1005 2296 1129 2326 Sanctus.
1147 2299 1266 2327 sanctus,
1280 2299 1390 2322 sanctus
1411 2295 1541 2323 Dominus
1556 2294 1692 2322 Sabaoth:
1714 2294 1793 2330 plena

1004 2346 1047 2370 est
1070 2342 1157 2369 omnis
1183 2347 1254 2369 terra
1277 2341 1361 2376 gloria
1380 2340 1447 2376 ejus.
1465 2350 1474 2367 ι
1495 2340 1553 2368 Non
1583 2349 1664 2368 unam
1693 2341 1793 2376 quippe

1004 2386 1164 2413 emittebant
1181 2392 1285 2418 vocem,
1300 2392 1386 2421 neque
1402 2393 1496 2413 omnes
1509 2385 1590 2413 simul
1616 2386 1686 2413 hanc
1700 2386 1793 2421 prore-

970 2448 992 2476 υ
1009 2432 1114 2465 rebant,
1125 2431 1172 2459 sed
1188 2431 1256 2458 alter
1276 2432 1309 2459 ad
1324 2431 1451 2465 alterum,
1483 2431 1692 2459 admirationem
1715 2439 1791 2459 suam

1007 2477 1179 2509 exhibentes,
1203 2485 1306 2505 necnon
1342 2482 1478 2512 stuporem
1504 2484 1538 2504 ex
1569 2477 1613 2505 tali
1639 2476 1792 2513 spectacula

1008 2528 1168 2559 conceptum
1183 2533 1190 2557 ;
1208 2525 1261 2551 imo
1274 2524 1366 2559 potius
1386 2524 1614 2559 obstupescebant
1628 2524 1662 2551 ob
1679 2523 1792 2550 descen-

1007 2579 1066 2600 sum
1083 2570 1130 2599 Dei
1147 2572 1229 2599 Verbi
1248 2580 1280 2599 ex
1294 2571 1453 2598 celsissimis
1470 2571 1503 2598 ad
1525 2570 1646 2599 humilia.
1670 2568 1727 2596 Non
1748 2577 1794 2596 se-

1009 2615 1062 2644 mel
1078 2616 1178 2651 itaque,
1207 2623 1294 2651 neque
1312 2616 1412 2650 sapius
1429 2621 1532 2644 tantum
1551 2615 1792 2643 sanctiﬁcationem

1007 2662 1065 2697 ejus
1081 2662 1234 2690 clamabant
1245 2670 1252 2695 ;
1264 2663 1311 2690 sed
1327 2665 1352 2690 in
1374 2663 1509 2691 inﬁnitum
1525 2667 1629 2697 tempus
1643 2668 1675 2688 ac
1686 2667 1793 2696 semper

1008 2714 1120 2744 stupore
1149 2709 1267 2744 perculsi
1300 2710 1539 2743 vociferabantur;
1558 2716 1590 2736 ex
1617 2708 1700 2736 futuri
1728 2715 1793 2743 ergo

1009 2754 1178 2789 praescientia
1197 2755 1333 2790 seraphim
1353 2762 1524 2790 summopere
1538 2753 1792 2785 mirabanturillud.

1007 2800 1078 2834 quod
1107 2801 1225 2834 scilicet,
1244 2804 1443 2835 consequenter
1460 2801 1493 2828 ad
1506 2801 1644 2834 vaticinia,
1666 2805 1727 2835 post
1744 2800 1792 2827 ad-

1011 2853 1120 2876 ventum
1136 2847 1286 2876 Salvatoris
1303 2846 1387 2875 nostri
1412 2848 1446 2875 ad
1471 2847 1607 2881 homines,
1629 2846 1790 2881 completum
