2059 3215
271 213 323 243 «ετ

623 211 758 241 EUSEBII
775 209 1017 240 CESABIENSIS
1034 207 1110 238 OPP.
1130 207 1220 237 PARS
1237 208 1282 236 Ill.
1301 223 1338 230 —
1355 206 1559 237 EXEGETICA.

1845 211 1898 239 0'23

269 280 323 303 0st.
342 273 409 301 llinc
424 272 496 300 enim
511 279 607 300 revera
624 272 651 299 in
667 272 788 299 omnium
803 271 921 307 gentium
933 271 1056 299 notitim

1112 269 1162 305 γὰρ
1183 268 1221 301 ὥς
1239 268 1346 304 άληθῶς
1369 269 1452 296 πᾶσιν
1468 268 1591 305 ἐγνώσθη
1611 270 1669 301 τοῖς
1681 269 1779 303 ἔθνεσι,
1794 271 1840 297 καὶ
1854 272 1896 303 είς

271 321 357 352 venit,
379 324 408 347 et
431 319 458 346 in
486 326 595 346 onmem
617 322 730 351 terram,
754 325 808 344 non
826 317 906 345 modo
925 317 1056 352 cognitio.

272 366 318 393 sed
326 366 405 394 etiam
415 363 497 399 gloria
508 363 648 397 theologia:
664 363 750 397 ipsum
769 363 916 397 spectantis
927 362 1056 398 pervasit.

309 411 391 438 Vsus.
411 409 439 436 ι.
457 419 466 435 ι
481 409 514 437 Et
533 408 668 436 sublatum
682 414 723 436 est
737 408 968 442 superliminarea
981 416 1058 440 voce,

272 465 326 492 qna
341 456 518 484 clamabant:
535 460 562 483 et
583 455 679 483 domus
700 457 799 489 repleta
820 460 861 483 est
881 455 964 482 fumo.
978 463 988 481 ι
1011 454 1059 483 His

273 500 460 528 subindicatur
474 499 532 527 {ore
547 504 586 532 ut,
603 504 661 526 toto
676 500 744 527 orbe
771 500 855 536 gloria
873 499 930 535 ejus
945 499 1058 535 repleto,

274 545 441 572 revelaretur
465 545 488 572 is
509 545 553 579 qui
568 551 601 571 eo
625 545 652 571 in
672 544 730 572 loco
744 547 853 577 stabat,
872 545 908 573 ita
931 550 972 578 ut,
994 545 1060 573 sub-

273 589 330 617 lato
350 590 550 625 superliminari
563 609 571 622 ,
591 591 787 625 comprehendi
811 595 902 626 posset
924 600 932 618 :
955 591 1060 619 locum-

273 644 326 670 que
349 636 424 664 fumo
449 637 606 670 replendum
635 643 713 668 esse.
744 637 798 672 igni
829 637 957 664 traditum
975 647 981 664 :
997 645 1058 665 nam

273 683 364 710 {tullus
380 683 449 717 ignis
464 683 571 717 aignum
592 687 644 710 esi.
667 683 714 711 His
727 691 792 718 ergo
808 683 948 718 Scriptura
966 685 1060 711 incen-

275 729 349 756 dium
376 729 436 756 loco
457 729 519 756 huic
537 734 697 756 eventurum
718 729 833 756 obscure
862 730 963 757 indicat
981 739 988 757 :
1005 737 1060 764 quo

274 780 395 810 peracto,
409 775 510 810 repleta
526 780 568 802 est
584 775 714 802 universa
737 780 808 802 terra
821 774 905 810 gloria
927 776 1032 803 Domini
1050 785 1057 802 :

274 828 329 848 non
355 828 407 846 una
434 821 516 847 domo
542 825 572 848 ut
596 826 688 852 antea,
718 820 766 848 sed
795 820 946 848 innumeris
975 821 1060 848 multo

274 867 510 900 praestantioribus
523 874 573 901 per
593 867 746 894 universam
764 871 866 894 terram
882 867 1017 894 excitatis.

311 913 394 940 Vens.
415 913 440 940 5.
458 922 467 938 ι
481 913 512 940 Et
525 913 592 946 dixi,
607 911 630 940 0
641 913 721 940 miser
729 919 789 947 ego,
802 912 865 947 quia
880 917 1063 947 compunctus

1108 317 1199 343 πᾶσαν
1213 314 1351 351 ἐκηρύχθη
1370 314 1419 350 τὴν
1441 315 1504 350 γῆν,
1525 315 1555 342 οὗ
1575 315 1659 351 μόνον
1671 315 1809 351 ήγνῶσις,
1828 317 1898 344 ἀλλά

1108 361 1157 388 καὶ
1171 362 1188 397 ὴ
1201 358 1266 393 δόΕᾶ
1277 360 1327 395 τῆς
1342 361 1405 396 περὶ
1420 361 1504 388 αὑτοῦ
1519 361 1667 396 θεολογίας.

1145 417 1155 433 ι
1171 407 1225 434 Καὶ
1245 406 1351 442 ἐπήρθη
1370 406 1523 442 ὑπέρθυρον
1541 407 1595 434 ἀπὸ
1609 408 1658 442 τῆς
1672 407 1772 442 φωνῆς,
1788 405 1822 443 ἧς
1837 407 1899 434 ὲκὲ-

1108 459 1222 490 κραγον.
1238 453 1285 480 καὶ
1306 454 1321 479 ό
1342 450 1416 484 οἶκος
1440 453 1560 489 ἐπλήσθη
1578 453 1694 480 καπνοῦ.
1711 463 1720 479 ι
1745 454 1898 482 Δίνίττεται

1107 500 1198 527 τοίνυν
1221 500 1235 526 ό
1259 499 1347 533 λόγος,
1370 499 1408 531 ὡς
1426 499 1491 535 ἀρα⁷
1509 499 1697 535 πληρουμένης
1717 500 1768 535 τῆς
1782 500 1833 535 γῆς
1847 501 1898 536 τῆς

1109 543 1188 580 δόξης
1202 543 1294 576 αὑτοῦ,
1310 543 1477 579 γυμνοῦσθαι
1495 544 1607 579 ἔμελλεν
1619 545 1634 570 6
1648 545 1676 570 ἐν
1692 544 1787 580 ἐκείνῳ
1803 545 1842 580 τῷ
1854 545 1899 571 τό-

1111 599 1164 626 πῳ,
1181 590 1219 622 ὡς
1233 590 1339 617 καὶτοῦ
1361 590 1515 627 ὑπερθύρου
1535 590 1675 627 ἀρθέντος,
1690 591 1898 627 καταληφθήσε-

1110 635 1184 668 σθαι,
1210 635 1312 662 καπνοῦ
1338 644 1367 662 τε
1393 636 1500 672 πλήρης
1515 636 1622 663 ἔσεσθαι
1637 636 1798 672 παραδοθεὶς
1819 637 1898 671 πυρί·

1110 681 1196 716 πυρὸς
1212 681 1267 718 γὰρ
1292 683 1403 718 σημεῖον
1424 683 1438 709 6
1464 683 1577 714 καπνός.
1601 682 1724 718 ᾘνιξατο
1741 682 1831 710 τοίνυν
1853 683 1900 710 διὰ

1110 728 1212 756 τούτων
1225 730 1240 756 ὁ
1256 729 1344 764 λόγος,
1362 729 1408 756 τὸν
1423 729 1469 756 ἐπὶ
1483 729 1557 755 τέλει
1568 728 1749 764 κατειληφότα
1759 729 1803 756 τὸν
1817 729 1899 756 τόπον

1111 775 1285 811 ὲμπρησμόψ
1299 775 1359 810 μεθ’
1370 775 1400 802 6v
1413 775 1559 812 ἐπληρώθη
1578 776 1653 802 πᾶσα
1669 775 1686 811 ἡ
1704 775 1739 810 γῆ
1754 774 1804 810 τῆς
1819 774 1900 810 δόξης

1111 820 1224 856 Κυρίου*
1241 821 1342 847 οὐκέτι
1358 821 1417 852 ένὸς
1432 820 1518 853 οἴκου,
1534 820 1638 856 μυρίων
1652 820 1680 846 δὲ
1697 820 1757 846 καθ’
1771 820 1834 856 ὃλην
1849 820 1901 857 τὴν

1111 866 1272 902 οίκουμένην
1287 866 1354 893 πολὺ
1371 866 1532 902 κρειττόνων
1545 866 1649 893 ἐκείνου
1664 866 1827 894 συστάντων.

1149 920 1159 937 ι
1176 903 1231 938 Kal
1253 910 1326 939 εἴπω
1348 909 1383 938 Ὦ
1396 911 1480 943 τάλας
1494 911 1560 946 ἐγὼ,
1574 912 1615 939 ὅτι
1631 911 1842 947 κατανένυγμαι,
1858 911 1900 938 ὅτι

275 966 335 986 sum
351 959 432 993 :quia
443 959 523 986 homo
534 966 596 986 cum
611 959 676 990 sim,
690 964 718 986 et
730 958 835 993 impura
850 957 921 986 labia
934 958 1060 991 habeam,

1112 956 1254 992 ἄνθρωπος
1275 956 1312 984 ὣν
1329 957 1376 984 καὶ
1395 957 1538 993 ἀκάθαρτα
1549 957 1584 984 τὰ
1597 958 1673 993 χειλη
1687 957 1765 992 ἔχων,
1778 959 1806 984 ὲν
1825 957 1900 994 μέσῳ

275 1009 304 1034 in
317 1007 406 1034 medio
418 1006 509 1041 populi
525 1007 629 1041 impura
648 1005 718 1032 labia
735 1004 862 1033 habentis
878 1012 928 1040 ego
947 1005 1059 1032 habito:

275 1059 303 1078 et
318 1060 407 1088 regem
424 1052 566 1079 Dominum
587 1051 706 1079 Sabaoth
720 1050 773 1078 vidi
790 1051 879 1078 oculis
900 1051 977 1078 meis.
992 1059 1002 1077 ι
1026 1051 1062 1078 Se

275 1103 365 1126 autem
381 1098 516 1133 impurum
533 1104 594 1125 esse
609 1097 765 1129 conﬁtetur,
782 1104 835 1124 non
852 1096 943 1124 anima
955 1117 962 1129 ,
975 1105 1062 1132 neque

277 1149 333 1172 toto
357 1151 492 1179 corpore,
519 1144 648 1178 quoniam
678 1142 780 1169 nullius
808 1142 920 1176 impurae
948 1143 1062 1169 actionis

275 1191 327 1218 sibi
341 1190 466 1218 conscius
487 1195 561 1222 erat;
580 1189 627 1217 sed
644 1189 703 1218 sola
723 1189 774 1217 sibi
790 1188 861 1216 labia
878 1190 984 1224 impura
1001 1194 1062 1215 ease

276 1235 333 1267 ait,
348 1235 426 1269 quasi
443 1235 568 1262 videlicet
583 1234 715 1269 reliquum
730 1242 832 1269 corpus
845 1241 872 1262 et
886 1235 977 1261 anima
994 1241 1060 1268 pura

275 1280 369 1313 fuerit,
387 1279 539 1307 secundum
553 1279 630 1312 illud,
653 1288 663 1305 ι
677 1279 751 1306 Beati
770 1280 871 1306 mundo
880 1281 973 1311 corde,
993 1287 1061 1313 quo‘

277 1325 350 1352 uiam
380 1324 431 1359 ipsi
457 1324 542 1352 Deum
572 1324 702 1352 videbunt
724 1324 757 1351 “.
776 1334 786 1350 ι
813 1324 898 1352 Labia
913 1333 978 1352 vero
1007 1332 1060 1352 non

277 1369 387 1397 aliunde
411 1369 517 1405 impura
543 1369 670 1402 habebat,
699 1377 781 1405 quam
804 1378 820 1397 a
838 1371 976 1406 colloquio
999 1378 1060 1398 eum

277 1415 392 1450 impuris
415 1415 571 1444 hominibus
594 1416 671 1443 inito.
695 1415 762 1443 Nam
783 1416 846 1451 quia
860 1424 921 1443 cum
948 1417 1061 1451 impuris

275 1461 342 1488 viris
365 1461 535 1494 versabatur,
561 1469 654 1489 eorum
685 1462 859 1496 improbitate
884 1462 964 1497 digna
979 1462 1060 1490 verba

277 1507 402 1542 proferre
414 1511 538 1538 coactus.
559 1507 621 1535 inde
636 1507 716 1536 labiis
731 1507 854 1542 impurus
867 1513 937 1536 erat.

315 1551 394 1579 VERS.
415 1552 442 1584 6,
463 1551 489 1579 7.
503 1561 512 1577 ι
525 1552 557 1579 Et
572 1553 670 1581 missus
686 1558 729 1580 est
745 1553 779 1580 ad
791 1561 836 1582 me
855 1561 925 1581 unus
937 1553 970 1581 de
985 1561 1062 1582 sera-

275 1598 363 1632 phlm,
376 1602 402 1624 et
414 1597 439 1624 in
453 1605 532 1625 manu
543 1605 590 1625 sua
602 1598 718 1626 habebat
729 1600 872 1628 carbonem
885 1600 967 1635 ignis,
981 1607 1060 1635 quem

275 1643 378 1678 forcipe
404 1643 502 1671 tulerat
516 1644 550 1672 de
563 1644 641 1672 altari
660 1653 666 1671 :
683 1650 711 1673 et
725 1645 811 1681 tetigit
833 1645 904 1672 labia
931 1653 1001 1673 mea.
1028 1645 1062 1673 Et

277 1688 356 1720 dixit,
378 1688 448 1716 Ecce
462 1688 549 1724 tetigit
566 1689 617 1717 hoc
632 1689 703 1717 labia
720 1694 776 1717 tua.
791 1699 801 1716 ι
830 1689 903 1718 Talis
922 1695 964 1718 est
979 1691 1062 1718 carbo

278 1734 373 1762 altaris
388 1743 396 1760 :
410 1742 442 1761 ac
467 1734 585 1763 fortasse
608 1735 730 1764 clemens
757 1736 802 1763 ille
825 1736 953 1764 Dominus
976 1737 1062 1764 altare

276 1787 355 1806 suum
373 1779 541 1807 salutaribus
558 1779 712 1815 bujusmodi
738 1788 769 1808 ac
791 1780 972 1816 purgantibus
998 1789 1060 1808 car-

277 1826 392 1853 bonibus
411 1826 506 1860 replet.
523 1826 615 1860 Quare
629 1827 731 1855 dictum
749 1832 791 1854 est
803 1827 901 1855 alicubi
921 1827 955 1860 ⁵⁸,
973 1837 982 1853 ι
994 1827 1061 1854 Car-

275 1874 360 1901 bones
385 1873 510 1901 succensi
536 1878 601 1901 sunt
619 1874 654 1901 ab
675 1881 718 1900 eo.
734 1883 744 1899 ι
769 1874 894 1908 Deosque
914 1873 970 1908 ipse
991 1874 1061 1908 apud

276 1919 396 1954 Moysen:
415 1919 486 1954 ignis
515 1926 682 1948 consumens
715 1920 805 1948 dictus
830 1925 897 1948 est:
918 1925 1000 1955 atque
1035 1921 1061 1947 in

279 1963 434 1998 Evangeliis
461 1964 590 1992 Servator
614 1965 716 1992 dicitur
741 1965 885 2000 baptizare
906 1966 932 1992 in
960 1965 1061 2001 Spiritu

276 2013 371 2036 sancto
388 2013 416 2036 ot
443 2009 516 2044 igne.
535 2009 582 2037 llis
606 2017 687 2045 porro
704 2011 830 2039 omnibus
840 2012 997 2045 edocemur,
1016 2019 1063 2039 ne-

277 2055 376 2081 minem
389 2062 478 2090 posse,
496 2055 547 2082 nisi
566 2062 614 2090 per
628 2055 751 2083 divinum
763 2056 862 2091 ignem,
875 2057 1061 2085 remissionem

279 2105 452 2135 peccatorum
476 2101 618 2137 consequi.
656 2101 754 2130 Merito
777 2102 870 2138 itaque
900 2108 992 2131 tanuts
1018 2103 1062 2130 ille

277 2147 406 2182 propheta
434 2149 552 2175 carbone
580 2147 651 2182 ignis
674 2153 813 2183 purgatur.
840 2149 968 2182 Quaenam
996 2157 1064 2177 vero

278 2192 438 2226 iniquitates
465 2198 492 2220 et
511 2198 622 2228 peccata
651 2194 813 2222 auferuntur
833 2195 867 2222 ab
887 2202 930 2226 eo,
954 2194 1006 2222 nisi
1029 2203 1061 2222 ea

277 2239 377 2272 quibus
404 2238 505 2273 repleta
535 2239 605 2267 labia
635 2247 684 2267 sua
716 2247 777 2268 esse
802 2239 971 2267 conﬁtetur?
997 2240 1062 2268 Post

1111 995 1176 1029 λαοῦ
1193 1003 1336 1039 ἀκάθαρτα
1352 1002 1430 1039 χείλη
1450 1002 1556 1038 ἔχοντος
1569 1003 1624 1037 ἐγὼ
1637 1003 1714 1030 οἰκῶ·
1732 1003 1779 1030 καὶ
1793 1003 1838 1029 τὸν
1853 1003 1900 1038 βα-

1112 1049 1189 1076 σιλέα
1213 1050 1315 1086 Κύριον
1339 1049 1453 1077 Σαϐαὼθ
1477 1048 1546 1076 εἶδον
1559 1051 1615 1082 τοῖς
1632 1049 1781 1086 ὀφθαλμοῖς·
1805 1059 1865 1086 μου.
1888 1060 1899 1076 ι

1117 1096 1260 1132 Ὁμολογεῖ
1282 1096 1310 1123 δὲ
1332 1096 1486 1133 ἀκάθαρτος
1509 1093 1577 1123 εἶναι
1601 1096 1632 1123 οὐ
1652 1096 1700 1132 τὴν
1720 1096 1819 1132 ψυχὴν,
1843 1096 1901 1123 ἀλλ’

1110 1142 1172 1169 οὐδὲ
1186 1143 1217 1169 τὸ
1233 1142 1321 1178 σῶμα⁶
1339 1143 1401 1170 ἐπεὶ
1413 1142 1547 1178 μηδεμίαν
1562 1142 1652 1178 ἑαυτῴ
1663 1142 1816 1178 ἀκάθαρτον
1832 1143 1901 1178 πρᾶο

1113 1187 1153 1220 ξιν
1171 1187 1288 1223 συνῄδειν
1307 1187 1375 1223 μόνα
1393 1188 1421 1214 δὲ
1445 1187 1479 1214 τὰ
1497 1188 1574 1224 χείλη
1598 1188 1740 1224 ἀκάθαρτα
1755 1188 1901 1224 ἐσχηκέναι

1111 1234 1195 1270 φησὶ,
1215 1234 1254 1266 ὡς
1284 1234 1330 1261 τοῦ
1354 1234 1448 1261 λοιποῦ
1467 1235 1592 1271 σώματος
1612 1236 1686 1272 αὺτῷ
1704 1236 1901 1272 καθαρεύοντος

1111 1281 1159 1308 καὶ
1182 1281 1233 1316 τῆς
1254 1280 1352 1316 ψυχῆς,
1375 1281 1446 1308 κατὰ
1466 1282 1506 1314 τὸ,
1522 1292 1531 1308 ι
1547 1283 1684 1318 Μακάριοι
1699 1283 1724 1309 οἱ
1739 1283 1854 1319 καθαροὶ
1867 1284 1900 1319 τῇ

1111 1327 1220 1363 καρδίᾳ,
1238 1327 1278 1353 ὃτι
1303 1327 1380 1354 αὐτοὶ
1395 1327 1440 1354 τὸν
1463 1328 1528 1355 Θεὸν
1551 1329 1660 1363 ᾱψονται
1677 1329 1734 1365 (12)
1763 1339 1772 1356 ι
1787 1330 1841 1356 Καὶ
1867 1330 1901 1356 τὰ

1111 1371 1187 1406 χείλη
1198 1371 1226 1398 δὲ
1240 1371 1382 1408 ἀκάθαρτα
1393 1370 1465 1407 εἶχεν
1476 1374 1526 1400 οὐκ
1540 1373 1659 1406 ἄλλοθεν,
1675 1375 1692 1410 ἦ
1706 1375 1759 1402 ἀπὸ
1771 1375 1821 1410 τῆς
1833 1374 1901 1411 πρὸς

1111 1419 1174 1450 τοὺς
1187 1417 1357 1453 ἀκαθάρτους
1370 1419 1486 1455 ὁμιλίας.
1497 1420 1677 1454 Ἠνατκάζετο
1690 1421 1754 1456 γὰρ,
1766 1421 1804 1453 ὼς
1817 1420 1901 1454 είκὺς,

1112 1464 1275 1500 ἀκαθάρτοις
1297 1466 1410 1501 ἀνδράσι
1429 1467 1613 1502 προσομιλῶν,
1631 1467 1693 1499 ἄξια
1718 1467 1768 1502 τῆς
1790 1467 1903 1494 ἐκείνων

1112 1511 1278 1546 φθέγγεσθαι
1292 1511 1452 1549 μοχθηρίας,
1469 1512 1503 1539 δι’
1518 1509 1556 1540 ὧν
1572 1510 1716 1548 ἐμολύνετο
1728 1513 1762 1540 τὰ
1778 1513 1863 1548 χείλη.

1150 1567 1160 1584 ι
1176 1558 1229 1584 Kal
1243 1558 1382 1594 ἀπεστάλη
1399 1559 1467 1594 πρὸς
1484 1558 1518 1594 μὲ
1537 1558 1566 1584 ἓν
1588 1558 1642 1585 τῶν
1662 1559 1793 1595 σεραφὶμ,
1808 1561 1855 1587 καὶ
1872 1561 1903 1587 ὲν

1114 1602 1147 1636 τῇ
1159 1601 1231 1637 χειρὶ
1242 1601 1324 1628 αὑτοῦ
1334 1600 1405 1637 εἶχεν
1419 1602 1541 1638 ἄνθρακα
1553 1603 1648 1639 πυρὸς,
1661 1603 1690 1630 6v
1703 1605 1735 1639 τῇ
1745 1604 1831 1630 λασίδι
1840 1604 1904 1631 ἔλαο

1114 1647 1161 1674 θεν
1176 1647 1231 1674 ἀπὸ
1246 1647 1293 1674 τοῦ
1311 1647 1514 1684 θυσιαστηρίου,
1537 1649 1583 1676 καὶ
1597 1649 1686 1684 ἥψατο
1697 1649 1732 1676 τά
1747 1650 1822 1686 χείλη
1839 1659 1901 1686 μου.

1113 1693 1168 1719 Kal
1195 1691 1265 1719 εἷπε·
1299 1693 1364 1720 Ἰδοὺ
1386 1694 1474 1729 ἥψατο
1499 1694 1577 1721 τοῦτο
1598 1695 1651 1721 τῶν
1675 1695 1785 1731 χειλέων
1809 1705 1866 1723 σου.
1889 1706 1900 1722 r

1113 1738 1238 1770 Τοιοῦτός
1265 1739 1339 1765 ἐστιν
1352 1740 1366 1766 ό
1379 1739 1482 1775 ἄνθραξ
1495 1740 1542 1767 τοῦ
1552 1739 1754 1776 θυσιαστηρίου,
1769 1741 1838 1776 τάχα
1850 1750 1902 1768 που

1113 1785 1159 1813 τοῦ
1176 1786 1363 1822 φιλανθρώπου
1386 1787 1488 1823 Κυρίου
1506 1787 1672 1824 πληροῦντος
1690 1789 1720 1815 τὸ
1741 1789 1836 1816 ἑαυτοῦ
1857 1789 1902 1816 θυ-

1114 1833 1269 1868 σιαστήριον
1282 1833 1409 1860 τοιούτων
1422 1833 1502 1860 τινῶν
1516 1834 1656 1870 σωτηρίων
1671 1836 1717 1861 καὶ
1730 1835 1902 1871 καθαρτικῶν

1113 1878 1266 1914 ἀνθράκων.
1283 1879 1328 1906 Διὸ
1343 1879 1464 1906 λέλεκταί
1476 1888 1536 1906 που·
1556 1890 1566 1905 ι
1581 1880 1731 1916 ’Δνθρακες
1744 1881 1902 1916 ἀνήφοησαν

1113 1924 1161 1950 ἀπ’
1177 1924 1268 1951 αὐτοῦ.
1289 1934 1298 1950 ι
1325 1925 1381 1952 Καὶ
1393 1926 1407 1952 6
1424 1925 1490 1957 Θεὸς
1503 1926 1531 1952 δὲ
1547 1926 1628 1957 αὐτὸς
1641 1927 1714 1960 παρὰ
1728 1927 1830 1962 Μωῦσῇ
1848 1926 1903 1962 πῦρ

1114 1970 1309 1998 καταναλίσκον
1326 1971 1442 2007 εἴρηται·
1457 1972 1502 1998 καὶ
1515 1971 1608 2007 Σωτὴρ
1623 1972 1652 1998 ἐν
1665 1972 1840 2007 Εὐαγγελίοις
1854 1973 1902 2008 βα-

1114 2016 1208 2042 πτίσαι
1228 2017 1256 2043 ἐν
1278 2017 1418 2052 Πνεύματι
1439 2017 1508 2053 ἁγίῳ
1528 2019 1575 2045 καὶ
1599 2019 1666 2054 πυρὶ
1683 2019 1901 2060 μεμαρτύρηται·

1113 2061 1157 2088 διὰ
1171 2062 1274 2090 τούτων
1289 2063 1416 2090 ἀπάντων
1433 2064 1605 2096 παιδεύοντος
1618 2065 1691 2100 ἡμᾶς
1703 2065 1749 2092 τοῦ
1768 2065 1847 2100 λόγου
1865 2066 1903 2102 μὴ

1114 2107 1200 2140 ἄλλως
1221 2108 1350 2136 δύνασθαί
1363 2118 1424 2137 τινα
1447 2111 1538 2145 τυχεῖν
1559 2111 1681 2146 ἀφέσεως
1699 2112 1903 2148 ἁμαρτημάτων

1114 2153 1131 2188 ἢ
1154 2154 1197 2181 διὰ
1219 2154 1265 2182 τοῦ
1279 2155 1349 2182 θείου
1366 2156 1461 2191 πυρός.
1487 2157 1606 2189 Εἰκότως
1618 2155 1662 2184 οὖν
1678 2159 1725 2185 καὶ
1745 2160 1760 2185 6
1778 2158 1903 2190 τοσοῦτος

1114 2200 1256 2236 προφήτης
1271 2201 1305 2227 δι’
1320 2201 1456 2237 ἄνθρακος
1480 2203 1563 2239 πυρὸς
1588 2204 1755 2239 καθαίρεται.
1777 2204 1860 2236 Ποίας
1874 2205 1903 2231 δὲ

1113 2245 1227 2280 ἀνομίας
1240 2246 1286 2273 καὶ
1301 2247 1436 2282 ἁμαρτίας
1460 2248 1615 2284 ἀφαιρεῖται
1629 2249 1644 2284 ἢ
1661 2246 1697 2275 ὦν
1710 2249 1745 2276 τά
1760 2249 1835 2285 χείλη
1851 2250 1902 2275 αὺ-

278 2290 416 2320 peractam
436 2293 501 2312 vero
524 2293 617 2313 eorum
630 2286 836 2321 purgationem,
860 2291 1060 2321 CODSquIEIIlCI‘

1113 2289 1160 2316 τοῦ
1177 2290 1370 2327 πεπληρῶσθαι
1384 2292 1525 2328 όμολογεί;
1539 2294 1615 2320 Μετά
1628 2294 1656 2320 δὲ
1670 2294 1720 2330 τὴν
1735 2294 1836 2321 τούτων
1851 2295 1902 2322 κά-

277 2339 343 2359 voce
358 2331 478 2359 sedentis
497 2331 525 2358 in
543 2331 639 2358 throno
657 2331 792 2367 dignatur,
815 2339 867 2368 qua
886 2332 1004 2360 dicitur:

315 2423 394 2452 Vitas.
416 2424 443 2452 8.
465 2432 475 2450 ι
487 2425 572 2457 Quem
589 2423 718 2452 mittam?
736 2424 770 2452 Et
780 2424 841 2459 quis
853 2424 903 2452 ibit
923 2426 957 2453 ad
975 2433 1059 2460 popu-

276 2469 331 2497 lum
346 2469 436 2497 bunc‘l
454 2469 487 2497 Et
501 2470 568 2502 dixi,
581 2470 651 2499 Ecce
664 2479 727 2507 ego,
739 2471 814 2499 mitte
827 2479 897 2500 me.»
914 2471 970 2500 Hac
983 2480 1059 2506 voce,

276 2517 513 2552 qua-,ititermedia
540 2517 627 2552 posita
651 2523 701 2550 est,
727 2519 864 2553 prophetae
891 2518 1060 2547 alacritatem

275 2567 408 2597 expertus
424 2566 475 2594 est,
497 2567 526 2590 ut
541 2562 563 2590 is
578 2562 619 2590 vei
641 2562 706 2591 boni
717 2564 811 2592 saltem
836 2563 967 2599 propositi
987 2571 1060 2592 mer-

238 2603 245 2613 '
276 2608 368 2636 cedem
403 2608 546 2644 reciperet.
578 2607 780 2642 Quamobrem.
817 2617 870 2637 non
901 2609 1060 2645 imperantis

277 2662 353 2682 more
373 2654 460 2690 ipsum
482 2655 563 2690 jussit
589 2655 680 2688 abire,
708 2656 756 2683 sed
775 2657 801 2684 in
826 2655 914 2684 medio
925 2657 1060 2685 sermonis

277 2700 439 2736 interrogat,
452 2702 514 2736 quis
528 2702 563 2729 sit
579 2701 612 2729 ad
627 2701 653 2729 id
674 2702 807 2737 agendum
826 2708 950 2738 paratus.

313 2744 396 2773 Vns.
416 2747 442 2774 9.
466 2756 476 2773 ι
489 2747 520 2776 Et
542 2748 626 2782 dixit,
641 2747 727 2783 Vade,
756 2753 783 2776 et
808 2749 853 2778 dic
867 2749 965 2785 populo
980 2750 1060 2779 huic:

278 2791 379 2820 Auditu
394 2793 508 2822 audietis
533 2798 560 2822 et
575 2802 629 2822 non
646 2794 819 2830 intelligetis;
837 2800 865 2823 et
877 2796 1054 2832 respicientes

315 2884 337 2900 δ’
352 2884 446 2912 Matth.
467 2893 493 2918 ν,
505 2886 533 2912 8.
571 2886 594 2902 ⁵ο
606 2885 677 2914 Psal.
690 2895 756 2920 χιιι.
769 2889 796 2917 9.

1114 2335 1221 2372 θαρσιν,
1233 2337 1385 2370 ἀκολούθως
1401 2339 1448 2365 καὶ⁵
1463 2341 1537 2376 φωνῇ
1553 2339 1673 2372 ἀξιοῦται
1686 2340 1732 2367 τοῦ
1749 2341 1902 2377 καθημένου

1114 2382 1162 2408 ἐπὶ
1175 2383 1281 2418 θρόνου,
1297 2383 1374 2418 λεγού
1379 2393 1437 2420 σηςε

1154 2437 1163 2454 ι
1178 2428 1245 2455 Τίνα
1255 2429 1413 2463 anon-tam;
1439 2430 1495 2457 Kal
1516 2431 1558 2463 τίς
1580 2431 1742 2468 πορεύσεται
1765 2431 1834 2467 πρὸς
1857 2431 1903 2458 τὸν

1116 2474 1179 2502 λαὸν
1192 2475 1303 2509 τοῦτον;
1327 2477 1382 2504 Καὶ
1403 2475 1551 2504 εἶπα-Ἰδοὺ
1574 2478 1639 2513 ἐγὼ,
1653 2478 1810 2505 ἀπόστειλόν
1825 2486 1869 2514 με.
1890 2487 1900 2504 ›

1121 2522 1279 2558 Ἐδοκίμαζε
1291 2523 1320 2550 δὲ
1332 2524 1386 2559 ἀρα
1398 2524 1508 2560 τοιαύτῃ
1517 2525 1590 2559 φωνῇ
1605 2525 1695 2560 μέσως
1709 2524 1842 2560 ἀφειμένῃ
1853 2523 1904 2560 τὴν

1113 2567 1161 2594 τοῦ
1184 2569 1321 2605 προφήτου
1340 2570 1503 2605 προθυμίαν,
1519 2569 1556 2601 ὡς
1569 2570 1602 2597 ἂν
1619 2570 1668 2606 τῆς
1687 2569 1791 2606 ἀγαθῆς
1807 2578 1903 2606 προαι-

1115 2614 1216 2650 ρέσεως
1242 2616 1335 2650 μισθὸν
1356 2616 1497 2651 κτήσηται.
1515 2616 1560 2642 Διὸ
1581 2617 1611 2643 οὺ
1636 2616 1841 2652 προστακτικῶς
1856 2616 1904 2642 αὺ-

1113 2659 1160 2686 τὸν
1173 2660 1315 2688 ἐκέλευσεν
1328 2661 1446 2688 ἀπιέναι·
1461 2660 1550 2697 μέσως
1563 2661 1591 2688 δὲ
1606 2661 1707 2698 ἠρώτα,
1724 2662 1766 2694 τίς
1781 2662 1824 2698 εἴη
1835 2662 1903 2688 Erot-

1117 2714 1166 2741 μος
1181 2706 1260 2734 τοῦτο
1272 2707 1411 2742 πράττειν.

1153 2761 1163 2777 ι
1179 2752 1233 2779 Καὶ
1257 2750 1327 2779 εἷπε·
1350 2753 1510 2790 Πορεύθητι,
1525 2754 1571 2781 καὶ
1585 2752 1660 2781 εἷπον
1674 2754 1713 2790 τῷ
1732 2754 1789 2790 λαῷ
1803 2753 1901 2789 τούτῳ·

1114 2797 1196 2834 ’Δκοῇ
1219 2796 1350 2825 ἀκούσετε
1363 2816 1370 2829 ,
1396 2798 1443 2825 καὶ
1459 2799 1490 2825 οὺ
1508 2799 1545 2835 μὴ
1569 2799 1676 2834 συνῆτε·
1690 2799 1737 2826 καὶ
1759 2798 1902 2834 βλέποντος

298 2939 300 2942 '
320 2932 376 2967 (ίὲ)
407 2932 468 2960 ΙΙιοε
495 2934 564 2968 apud
587 2933 780 2970 Hieronymum
797 2936 931 2965 habentur
943 2938 969 2966 in
992 2939 1063 2967 hunc
1082 2939 1180 2969 locum.
