2059 3215
152 166 202 193 129

631 158 884 188 COMMENTARIA
902 159 937 187 IN
955 159 1082 188 iSAIAM.
1103 175 1138 182 —
1154 160 1232 189 CAP.
1252 160 1296 189 Vi.

1720 158 1773 186 i50

151 219 273 257 βλέψετε,
290 218 337 246 καὶ
355 219 386 245 οὺ
407 218 444 254 μὴ
460 217 542 253 ἴδητε.
564 226 574 242 ι
599 217 666 244 Τίνα
680 217 708 244 δὲ
724 217 867 253 βλέποντες
882 216 940 252 βλέ-

992 218 1156 252 respicietis,
1178 224 1206 247 et
1225 227 1278 247 non
1301 219 1437 248 videbitis.
1453 228 1465 246 ι
1494 218 1623 252 Quanam
1649 217 1773 245 videntes

149 267 239 303 ψουσι,
263 265 310 292 καὶ
333 265 404 297 τίνος
429 264 496 300 ἀκοῇ
519 263 691 295 ἀκούσονται,
708 264 740 290 οὐ
754 263 937 299 παρέστησεν·

149 314 215 349 ἡμῖν
225 310 383 339 καταλιπὼν
397 311 507 337 σκοπεῖν
520 311 552 337 ὲκ
560 310 610 346 τῆς
615 310 663 337 τοῦ
677 310 755 344 λόγου
769 309 938 343 ἀκολουθίας,

149 357 282 392 λεγούσης
298 357 350 388 ὃτι,
365 355 464 382 Τοῦτον
476 355 505 382 ὃν
522 356 555 382 σὺ
579 355 705 382 τεθέασαι
721 355 833 392 Κύριον,
848 355 895 383 καὶ
909 355 939 383 ὃν

147 405 204 436 τοῖς
217 405 273 436 σοῖς
285 403 432 439 ὀφθαλμοῖς
452 400 531 434 εἶδες,
548 399 571 429 ὦ
594 402 731 438 προφῆτα,
744 402 838 429 τοῦτον
860 402 907 429 καλ
925 403 939 430 ὁ

148 450 212 481 λαὸς
228 445 304 480 οὗτός
320 457 387 475 ποτε
405 447 509 482 δψεται·
523 446 593 474 ἀλλὰ
605 447 651 474 καὶ
665 447 715 482 τῆς
738 446 829 482 φωνῆς
843 444 878 482 ἧς
892 446 940 474 ἐπὶ

149 496 196 522 τοῦ
217 495 348 531 παρόντος
363 494 495 529 ἀκήκοας,
511 493 692 520 ἐπακούσεται
715 491 804 528 καιρῷ
819 501 871 519 τινι
891 493 939 520 καὶ

151 540 240 572 αὐτὸς,
261 541 290 566 οὑ
304 539 357 575 μὴν
372 538 419 565 καὶ
433 539 553 573 συνήσει,
565 538 626 565 οὐδὲ
641 537 784 572 γνώσεται,
798 538 858 565 οὐδὲ
876 538 938 573 βου-

149 586 260 622 λήσεται
285 584 367 612 αὑτοῦ
392 584 440 620 τὴν
458 585 537 620 χάριν
560 584 771 620 παραδέξασθαι.
798 585 896 620 Σαφῶς
910 585 938 612 δὲ

146 631 193 657 διὰ
207 629 309 657 τούτων
321 629 370 665 τὴν
385 630 425 661 εἰς
443 628 604 665 ἀνθρώπους
617 628 697 655 αὑτοῦ
713 628 864 665 παρουσίαν
877 629 939 665 ἐδή-

147 677 206 703 λου.

186 733 196 749 ι
217 721 371 758 Ἐπαχύνθη
390 721 444 757 γὰρ
464 722 481 757 ἡ
506 721 602 757 καρδία
616 721 663 748 τοῦ
682 721 747 748 λαοῦ
762 721 867 754 τούτου,
890 721 938 748 καὶ

148 772 205 802 τοῖς
217 770 283 796 ὠσὶν
294 768 382 795 αὐτῶν
394 768 498 804 βαρέως
508 769 638 804 ἥκουσαν,
652 768 770 800 καὶτοὺς
784 767 939 804 ὀφθαλμοὺς

148 816 238 843 αὐτῶν
260 816 432 851 ἐκάμμυσαν,
451 815 556 850 μήποτε
576 813 650 840 tam
675 815 731 845 τοῖς
750 813 907 849 ὀφθαλμοῖς.
925 823 935 839 ι

155 862 185 888 '0
204 860 252 896 μὲν
267 860 321 895 γὰρ
334 859 439 894 Σωτὴρ,
454 859 501 886 ἅτε
518 859 575 893 φῶς
589 859 729 894 ὑπάρχων,
745 858 853 886 πάντων
866 858 937 893 ὲφώ-

149 895 210 938 τιζεγ
227 905 276 937 τὰς
289 904 388 940 ψυχάς·
411 905 449 936 ὡς
464 905 512 930 καὶ
530 904 639 939 τυφλοῖς
660 904 691 930 τὸ
707 903 815 939 βλέπειν
829 903 939 940 χαρίζε-
953 895 975 923 Β

151 951 223 978 σθαιο
245 951 269 977 οἱ
287 950 315 976 δὲ
328 951 392 982 τοὺς
405 949 559 985 ὀφθαλμοὺς
576 949 668 984 ἑμυον,
683 949 752 976 ὥστε
766 949 803 985 μὴ
819 949 938 984 βλέπεινο

150 997 198 1024 καὶ
212 997 283 1024 οὕτω
298 996 440 1032 βλέποντες
453 996 503 1022 οὐκ
515 995 635 1023 έΰλεπον.
652 996 734 1022 Ὅταν
763 995 817 1031 γάρ
830 1004 882 1027 τις,
895 995 939 1022 ὲν-

151 1043 278 1074 ατενίσας
287 1043 333 1069 καὶ
345 1041 465 1078 ἀκριϐῶς
478 1041 654 1077 θεασάμενος,
664 1041 787 1078 ὑπερίδῃ,
796 1041 842 1069 καὶ
854 1050 940 1068 κατα-

153 1089 276 1125 φρονήσῃ
288 1087 333 1114 τοῦ
347 1088 496 1123 ὁρωμένου,
519 1087 536 1122 ἢ
564 1087 637 1123 μύσῃ
658 1086 694 1113 τά
718 1087 830 1122 ὕμματα
852 1095 939 1122 προσ-

154 1134 313 1170 ποιούμενος
334 1134 370 1169 μὴ
392 1133 553 1169 ἑωρακέναι,
570 1134 630 1160 τότε
645 1133 750 1168 βλέπων
762 1134 812 1160 οὐκ
826 1131 890 1160 εἶδε.
903 1133 940 1160 To

156 1181 206 1216 μὲν
220 1179 266 1207 οὖν
278 1180 371 1216 βλέψαι
387 1179 507 1215 ὑπῆρξεν
529 1179 621 1211 αὐτοῖς
638 1180 692 1206 ἀπὸ
704 1180 754 1214 τῆς
770 1179 880 1215 χάριτος
891 1179 939 1206 τοῦ

152 1226 289 1261 ὀφθέντος·
304 1227 334 1253 τὸ
347 1226 375 1253 δὲ
396 1226 433 1262 μὴ
447 1226 511 1253 ίδεῖν
525 1226 697 1262 συμσέὸηκεν
715 1226 770 1253 ἀπὸ
782 1225 829 1252 τοῦ
841 1226 940 1258 αὐτοὺς

153 1271 235 1308 μῦσαι
245 1272 308 1303 τοὺς
320 1271 424 1298 ἑαυτῶν
435 1271 599 1307 ὀφθαλμοὺς,
611 1272 658 1298 καὶ
671 1271 887 1307 προσποιηθῆναι
902 1272 940 1308 μὴ

153 1317 271 1352 βλέπειν.
284 1317 363 1344 οὕτω
375 1317 404 1344 δὲ
421 1318 468 1345 καὶ
480 1318 548 1353 ἀκοῇ
564 1317 657 1344 ἀκούει
671 1326 724 1350 τις,
738 1319 784 1345 καὶ
798 1317 878 1345 πάλιν
890 1319 940 1345 οὐκ

152 1362 255 1389 ἀκούειν
271 1362 380 1389 ἐπειδὰν
395 1363 433 1399 μὴ
448 1364 512 1399 συνῇ
528 1363 562 1390 τὰ
583 1363 726 1399 λεγόμενα,
743 1363 761 1399 ἢ
778 1363 842 1391 ὅταν
853 1373 941 1400 παρα-

151 1411 220 1445 κού-ῃ
241 1410 289 1436 καὶ
306 1411 461 1446 καταφρονῇ
482 1409 537 1436 τῶν
559 1409 722 1445 λεγομένων.
748 1409 895 1445 Συμὸαίνει
911 1410 940 1437 δὲ

152 1455 240 1488 τοῦτο,
259 1456 368 1483 ἐπειδάν
393 1465 435 1487 τις
459 1456 493 1482 τά
516 1452 573 1483 ὦτα
597 1456 693 1483 ἑαυτοῦ
715 1456 828 1493 βαρύνῃ,
846 1456 940 1493 ὥσπερ

151 1498 313 1534 ἀποφράξας
333 1500 380 1526 καὶ
395 1499 585 1534 diremti)“;
609 1501 690 1528 αὐτά.
715 1500 796 1528 Ταῦτ’
815 1499 862 1529 οὗν
882 1501 941 1529 ἔσε-

153 1543 215 1570 σθαι
229 1544 292 1578 περὶ
305 1545 351 1571 τὸν
364 1545 419 1572 τῶν
434 1546 568 1574 Ἰουδαίων
579 1547 642 1574 λαδν
655 1548 671 1582 ἡ
686 1547 761 1583 φωνὴ
775 1547 822 1574 τοῦ
836 1548 939 1584 Κυρίου
951 1566 973 1595 c

152 1590 304 1618 ἐθέσπισεν.
328 1591 492 1628 Ἐπληροῦτο
507 1592 535 1618 δὲ
555 1592 584 1619 τὸ
604 1592 684 1629 ἔργον
704 1593 750 1620 ἐπὶ
765 1593 814 1628 τῆς
826 1592 873 1619 τοῦ
887 1593 940 1620 Σω-

150 1635 234 1672 τῆρος
250 1637 327 1673 ἡμῶν
345 1638 500 1674 ἐπιδημίας,
521 1639 581 1666 καθ’
595 1639 639 1674 ἢν,
657 1639 779 1675 παρόντα
798 1639 878 1666 αὐτὸν
891 1640 940 1674 ὀφ-

153 1682 264 1718 θαλμοῖς
275 1683 401 1719 ὁρῶντες,
414 1684 464 1711 οὑκ
475 1684 597 1717 ἔϐλεπον,
614 1685 662 1712 καὶ
672 1684 832 1712 διδάσκοντα
848 1685 882 1712 τὰ
894 1694 941 1721 μυ-

152 1729 251 1764 στήρια
265 1730 314 1765 τῆς
329 1729 464 1765 βασιλείας
477 1731 507 1757 οὺ
523 1732 651 1767 συνῆκαν.

191 1784 199 1799 ι
216 1775 270 1801 Καὶ
294 1773 369 1802 εἶπα·
395 1776 468 1808 Ἕως
481 1777 557 1810 πὸτε,
574 1777 677 1813 Κύριε;
697 1778 753 1804 Καὶ
765 1775 850 1806 εἶπεν·
869 1779 941 1811 Ἕως

153 1820 188 1847 ἂν
199 1821 361 1857 ὲρημωθῶσι
371 1822 472 1856 πόλεις,
485 1832 494 1849 ι
513 1824 560 1850 καὶ
572 1823 606 1850 τά
618 1823 691 1859 ἑξῆς.
709 1825 764 1851 Καὶ
776 1824 858 1861 μέχρι
869 1824 940 1857 τινος

154 1867 307 1903 παρατείνῃ
319 1867 349 1893 τὸ
362 1868 547 1904 ἀρρώστημα;
566 1869 620 1895 Καὶ
634 1869 722 1905 ἐρωτᾷ
731 1869 827 1905 λέγων·
843 1879 853 1896 ι
868 1870 941 1902 Ἕως

155 1912 232 1944 πότε,
243 1912 344 1948 Κύριε;
357 1922 365 1939 ι
375 1914 401 1940 τί
417 1914 471 1949 γὰρ
479 1914 555 1941 ἔσται
568 1915 643 1947 τέλος
654 1916 704 1951 τῆς
717 1916 845 1952 τοιαύτης
853 1916 941 1944 αὐτῶν

154 1958 286 1993 ἀδλεψίας
301 1958 356 1994 (15)
367 1967 374 1992 ;
394 1959 524 1995 Σημαίνει
536 1958 583 1987 οὖν
592 1961 636 1988 διὰ
649 1961 750 1988 τούτων
762 1962 811 1998 τὴν
819 1961 942 1989 ἐπελθοῦ-

154 2012 204 2030 σαν
213 2003 323 2039 πρώτην
337 2004 389 2031 ὑπὸ
407 2004 549 2040 Ῥωμαίων
560 2005 598 2042 τῷ
605 2006 681 2042 τόπῳ
693 2006 859 2044 πολιορκίαν,
874 2006 942 2042 μετά

153 2051 189 2078 τὶ
200 2051 271 2079 κατὰ
282 2051 328 2079 τοῦ
340 2052 465 2088 Σωτῆρος
480 2052 571 2085 αὐτοῖς
581 2052 761 2089 τολμηθέντα,
774 2053 835 2081 καθ’
844 2054 877 2090 ἣν
888 2053 942 2081 τῶν

161 2098 293 2124 Ἰουδαίων
305 2097 427 2125 πλεῖσται
440 2097 532 2130 πόλεις
543 2099 589 2125 ἐπὶ
603 2098 801 2135 αὐτοκράτορος
816 2100 941 2126 Οὐεσπα-

156 2144 247 2170 σιανοῦ
268 2143 411 2181 δῃωθεῖσαι
425 2144 537 2180 ἀφανεῖς
550 2144 690 2177 παντελῶς
702 2145 880 2181 κατέστησαν·
903 2145 942 2178 ὡς

155 2190 222 2226 μηδὲ
237 2191 346 2226 μνήμην
359 2190 447 2217 αὐτῶν
463 2190 531 2227 μηδὲ
543 2190 626 2227 ὄνομα
640 2190 851 2228 περιλείπεσθαι.
864 2191 942 2218 οὕτω

990 263 1132 297 videbunt,
1145 269 1173 292 et
1186 272 1311 300 quaenam
1327 266 1421 293 auditu
1440 264 1562 297 audient,
1582 271 1635 291 non
1651 262 1773 290 declara-

990 309 1040 342 vit,
1054 309 1081 337 id
1094 310 1322 339 considerandum
1344 311 1423 339 nobis
1437 310 1594 345 relinquens
1617 316 1648 336 ex
1667 315 1773 336 sermo-

989 354 1032 382 nis
1050 354 1132 388 serie,
1144 363 1204 390 quas
1217 356 1258 384 sic
1270 356 1353 384 habet
1371 355 1478 390 :Quem
1493 360 1521 383 tu
1543 353 1658 382 intueris
1676 353 1772 381 Domi-

989 407 1064 433 num,
1080 406 1109 428 et
1128 408 1209 437 quem
1224 402 1291 437 ipsis
1308 401 1394 430 oculis
1412 402 1496 436 vides,
1509 408 1526 429 ο
1541 399 1683 436 propheta,
1700 399 1774 426 hum:

988 450 1016 473 et
1028 446 1072 474 hic
1087 446 1201 482 populus
1213 447 1358 482 aliquando
1370 447 1473 475 videbit
1485 455 1494 480 ;
1509 446 1558 474 sed
1569 446 1651 474 etiam
1667 452 1773 475 vocem,

989 499 1069 526 quam
1091 497 1117 520 tu
1135 493 1162 520 in
1190 493 1316 529 praesenti
1348 493 1488 526 audivisti,
1515 497 1543 520 et
1570 492 1627 527 ipse
1653 490 1770 526 quodam

989 543 1109 574 tempore
1124 539 1215 567 audiet
1231 548 1239 566 :
1255 546 1343 576 neque
1357 544 1448 567 tamen
1464 538 1593 571 intelliget
1614 538 1656 564 vel
1673 543 1774 572 cogno-

989 590 1067 618 scet,
1095 592 1182 620 neque
1216 585 1332 621 gratiam
1364 585 1423 619 ejus
1451 584 1589 619 suscipere
1613 584 1698 611 volet.
1728 582 1775 610 His

989 635 1080 658 autem
1108 635 1203 666 aperte
1230 638 1310 659 suum
1335 631 1370 658 ad
1397 631 1521 659 homines
1538 631 1684 658 adventum
1702 629 1776 656 indi-

987 676 1079 704 cabat.

1026 722 1109 750 Vens.
1129 723 1173 751 lo.
1206 723 1415 759 «Aggravatum
1444 727 1485 751 est
1514 723 1586 751 enim
1610 730 1658 750 cor
1684 721 1774 758 populi

990 767 1079 802 hujus,
1102 774 1130 796 et
1145 769 1259 797 auribus
1284 769 1405 805 graviter
1430 768 1596 800 audierunt,
1625 772 1655 796 et
1680 769 1775 796 oculos

989 821 1053 841 suos
1066 814 1240 847 clauserunt,
1268 822 1301 842 ne
1328 815 1400 843 forte
1427 814 1536 842 videant
1559 814 1655 842 oculis.
1671 822 1682 840 s
1707 813 1774 840 Nam

990 858 1115 887 Salvator
1139 860 1250 895 quidem
1266 865 1370 894 noster,
1392 860 1483 888 lumen
1498 867 1558 887 cum
1581 860 1626 893 sit,
1654 860 1774 886 omnium

991 905 1096 932 animas
1109 905 1291 939 illuminavit,
1316 906 1354 934 ita
1374 911 1404 933 ut
1422 910 1450 934 et
1462 905 1544 934 caecis
1557 905 1645 932 visum
1661 904 1776 940 largire-

991 954 1056 982 tur;
1086 948 1122 976 illi
1137 957 1203 977 vero
1216 949 1311 978 oculos
1330 951 1503 982 claudebant,
1522 955 1552 978 ut
1566 958 1620 978 non
1635 950 1774 983 viderent;

990 999 1071 1030 atque
1090 995 1130 1023 sic
1152 995 1274 1024 videntes
1302 1004 1355 1024 non
1382 996 1521 1024 videbant.
1540 996 1607 1023 Cum
1627 996 1698 1023 cnim
1714 998 1776 1030 quis

990 1041 1127 1074 intuitus,
1150 1047 1178 1069 et
1203 1049 1233 1069 re
1257 1047 1404 1079 conspecta
1436 1042 1589 1078 diligenter,
1615 1050 1671 1069 rem
1688 1043 1774 1070 visam

990 1088 1106 1122 despicit
1128 1093 1156 1116 et
1175 1089 1339 1121 contemnit,
1368 1096 1401 1117 ac
1418 1089 1520 1117 claudit
1545 1089 1649 1121 oculos,
1666 1096 1696 1116 se
1720 1096 1773 1116 non

990 1132 1084 1160 videre
1100 1132 1249 1167 simulans;
1267 1138 1330 1162 tunc
1346 1133 1507 1168 respiciens,
1531 1141 1586 1162 non
1602 1134 1679 1161 vidit.
1698 1133 1775 1167 Quod

990 1179 1074 1214 igitur
1091 1179 1225 1213 viderent,
1250 1180 1277 1207 id
1297 1187 1331 1208 ex
1353 1180 1441 1215 gratia
1469 1180 1528 1215 ejus
1548 1181 1595 1216 qui
1621 1180 1774 1213 videbatur,

991 1225 1056 1260 ipsis
1073 1225 1177 1258 inerat;
1198 1226 1268 1260 quod
1286 1232 1376 1254 autem
1401 1236 1455 1255 non
1485 1227 1620 1260 viderent,
1650 1227 1676 1254 id
1693 1234 1726 1254 ex
1742 1235 1775 1254 eo

990 1272 1116 1299 veniebat
1130 1273 1202 1308 quod
1212 1273 1307 1300 oculoa
1320 1273 1497 1306 clauderent,
1520 1279 1549 1300 et
1565 1281 1595 1302 se
1612 1281 1664 1301 non
1682 1274 1776 1300 videre

990 1317 1164 1345 simularent.
1182 1317 1221 1345 ita
1236 1317 1340 1352 pariter
1354 1318 1416 1352 quis
1431 1318 1525 1346 auditu
1542 1318 1628 1351 audit,
1641 1323 1669 1346 et
1685 1323 1775 1346 tamen

990 1370 1045 1389 non
1067 1363 1162 1396 audit;
1189 1363 1299 1399 quando
1316 1371 1348 1391 ea
1372 1371 1433 1398 qua:
1449 1364 1578 1392 dicuntur
1597 1372 1650 1392 non
1674 1364 1776 1392 intelli-

990 1409 1050 1443 git,
1069 1413 1192 1437 autcum
1206 1410 1286 1437 dictis
1302 1418 1356 1437 non
1372 1410 1560 1445 obtemperat,
1577 1417 1664 1445 eaque
1687 1410 1776 1446 despi-

989 1455 1038 1483 cit.
1065 1454 1123 1483 Hoc
1138 1462 1221 1490 porro
1235 1456 1380 1491 contingit,
1405 1463 1467 1484 cum
1483 1456 1544 1491 quis
1557 1463 1638 1484 aures
1649 1463 1714 1484 suas
1727 1465 1775 1492 sg-

990 1506 1096 1536 gmvat,
1123 1508 1170 1529 eas
1197 1502 1276 1536 quasi
1305 1502 1437 1530 obturans
1465 1507 1493 1530 et
1518 1502 1615 1530 surdas
1641 1502 1774 1530 eiﬁciens.

992 1544 1055 1573 Haec
1066 1545 1149 1581 igitur
1161 1544 1275 1574 ludaico
1286 1546 1385 1582 populo
1403 1546 1494 1574 futura
1516 1555 1587 1581 esse,
1601 1555 1652 1575 vox
1669 1548 1775 1575 Domini

993 1592 1165 1620 vaticinatur.
1181 1592 1321 1628 impletum
1338 1599 1428 1620 autent
1449 1593 1515 1620 illud
1535 1593 1587 1621 i'uit
1611 1594 1637 1621 in
1657 1595 1775 1622 adventu

991 1638 1142 1666 Salvatoris
1155 1638 1254 1671 nostri,
1268 1646 1333 1673 quo,
1351 1639 1415 1666 dum
1426 1644 1587 1674 praesentem
1601 1639 1674 1666 illum
1688 1640 1776 1667 oculis

990 1688 1144 1717 cernerent,
1168 1692 1223 1712 non
1248 1685 1392 1718 videbant,
1420 1689 1448 1712 et
1477 1685 1622 1713 docentem
1646 1687 1775 1721 mysteria

991 1730 1078 1765 regni,
1093 1737 1144 1758 non
1159 1730 1354 1766 intelligebant.

1027 1778 1109 1805 Vsus.
1138 1778 1184 1805 ii.
1216 1777 1274 1805 «Et
1302 1777 1368 1810 dixi,
1398 1778 1555 1814 Usquequo,
1583 1779 1713 1807 Domine?
1742 1779 1776 1808 Et

990 1822 1070 1856 dixit,
1085 1823 1175 1850 Donec
1196 1822 1353 1850 desolentur
1368 1823 1506 1855 civitates,
1521 1832 1531 1848 ι
1547 1829 1602 1850 etc.
1619 1823 1652 1850 Et
1676 1831 1776 1858 nsque-

991 1877 1044 1905 quo
1058 1869 1165 1897 durabit
1177 1868 1321 1896 inﬁrmitas
1331 1869 1343 1896 ί
1355 1867 1509 1904 interrogat
1520 1869 1625 1901 dicens,
1642 1878 1652 1895 ι
1666 1868 1760 1904 Usque
1771 1886 1774 1889 λ

991 1922 1058 1949 quo,
1073 1915 1208 1943 Domine?
1224 1924 1234 1940 ›
1250 1915 1311 1949 quis
1327 1915 1399 1942 enim
1409 1914 1470 1941 linis
1482 1915 1535 1941 erit
1551 1914 1704 1948 huiusmodi
1716 1916 1776 1942 illo-

992 1968 1051 1987 rum
1073 1961 1224 1989 cascitatisi
1247 1960 1296 1988 His
1320 1960 1393 1987 enim
1424 1959 1559 1994 signiﬁcat
1586 1961 1702 1995 primam
1725 1962 1776 1989 sub

992 2006 1121 2046 Romanis
1138 2005 1258 2033 futuram
1284 2005 1334 2033 loci
1359 2005 1541 2039 obsidionem,
1564 2011 1625 2041 post
1646 2006 1718 2034 edita
1741 2008 1776 2035 ab

991 2051 1059 2087 ipsis
1075 2056 1168 2080 contra
1183 2051 1353 2080 Salvatorem
1368 2052 1493 2079 facinora
1509 2061 1516 2079 :
1529 2060 1583 2087 qua
1609 2052 1700 2080 multa:
1725 2053 1776 2081 1ο-

992 2098 1111 2126 datorum
1123 2098 1249 2126 civitates
1263 2099 1313 2126 sub
1329 2097 1496 2133 Vespasiano
1509 2099 1675 2133 imperatore
1687 2103 1777 2126 vusta-

994 2149 1038 2177 tae,
1053 2144 1109 2172 solo
1131 2144 1243 2179 penitus
1261 2149 1375 2180 aequata:
1391 2149 1471 2178 sunt,
1500 2145 1536 2172 ita
1557 2149 1586 2172 ut
1609 2153 1703 2173 earum
1727 2153 1778 2172 nec

994 2190 1124 2218 memoria
1150 2197 1201 2218 nec
1225 2197 1323 2218 nomen
1355 2190 1563 2225 relinqueretur.
1592 2190 1658 2218 Cum
1686 2195 1777 2218 autem

157 2245 213 2268 πως
230 2236 346 2272 ἐρημίαν
361 2235 479 2271 παντελῆ
509 2237 738 2272 προαγορεύοντος
768 2236 814 2263 τοῦ
842 2237 941 2270 λόγου,

993 2237 1178 2264 omnimodam
1200 2236 1396 2264 desolationem
1416 2244 1506 2273 sermo
1522 2236 1668 2272 signiticet,
1687 2238 1777 2264 conti.

155 2282 306 2318 ἐπληροῦτο
316 2283 344 2310 δὲ
357 2283 403 2309 καὶ
415 2282 484 2318 αὕτη
498 2282 569 2309 κατά
583 2283 646 2314 τοὺς
666 2282 804 2320 Ἀδριανοῦ
821 2283 941 2319 χρόνους,

155 2329 215 2355 καθ’
230 2328 274 2360 οὒς
287 2329 417 2364 δευτέραν
432 2328 628 2364 ὑπομείναντες
646 2328 765 2356 Ἰουδαῖοι
775 2328 941 2364 πολιορκίαν,

156 2375 198 2406 εἰς
212 2374 289 2401 τοῦτο
302 2375 332 2401 τὺ
354 2374 439 2401 κακὸν
452 2374 644 2410 περιέστησαν,
664 2374 702 2406 ὡς
722 2374 813 2410 νόμοις
828 2374 874 2400 καὶ
886 2374 944 2401 δια-

155 2421 292 2456 τάγμασιν
306 2422 544 2457 αὖτοκρατορικοῖς
559 2421 626 2456 μηδὲ
641 2420 671 2453 ἐξ
684 2421 806 2448 ἀπόπτου
818 2420 868 2456 τὴν
882 2421 944 2456 ὲρη-

157 2464 223 2500 μίαν
236 2464 284 2499 τῆς
297 2464 399 2491 ἑαυτῶν
411 2465 600 2501 μητροπόλεως
615 2465 726 2501 θεωρεῖν
736 2464 940 2501 ἐπιτρέπεσθαι.

195 2521 204 2537 ι
228 2512 283 2538 Καὶ
298 2511 366 2547 μετὰ
380 2512 464 2540 ταῦτα
490 2514 623 2548 μακρυνεῖ
636 2513 650 2539 ὀ
666 2512 732 2545 Θεὸς
747 2514 810 2545 τοὺς
834 2512 940 2548 ἀνθρώ-

158 2567 236 2591 πους,
253 2558 300 2584 καὶ
311 2558 335 2584 οἱ
350 2558 570 2593 καταλειφθέντες
583 2558 815 2594 πληθυνθήσονται
830 2559 876 2585 ἐπὶ
890 2560 940 2596 τῆς

155 2604 217 2640 γῆς.
236 2604 291 2631 Καὶ
307 2603 344 2630 ἐτ’
361 2604 403 2630 ἐπ’
423 2604 504 2640 αὐτῆς
528 2606 584 2632 ἐστι
602 2605 633 2632 τὰ
651 2605 819 2632 ἐπιδέκατον.
842 2616 850 2631 ι
868 2606 939 2641 Σύμ-

155 2659 243 2686 μαχος
262 2650 376 2683 ἐξέδωκε
386 2658 392 2664 ·
413 2660 422 2676 ι
446 2651 559 2686 Μακράν
574 2652 683 2687 ποιήσει
700 2651 801 2687 Κύριος
815 2652 878 2683 τοὺς
893 2652 940 2679 ἀν-

156 2695 292 2731 θρώπους.
320 2705 330 2722 ι
349 2695 479 2732 Σημαίνει
498 2695 552 2732 γὰρ
568 2697 583 2722 ὸ
597 2696 675 2732 λόγος
697 2695 740 2722 διὰ
760 2695 810 2731 τῆς
835 2695 940 2722 τοιᾶσδε

155 2743 214 2772 τοῦ,
226 2752 234 2768 ι
247 2743 388 2778 μακρυνεί,
403 2753 411 2768 ι
423 2742 577 2777 ἑρμηνείας,
585 2743 668 2777 ἦγουν
675 2741 732 2774 τοῦ,
744 2751 753 2767 ι
765 2741 874 2777 μακρὰν
881 2750 941 2768 ποι-

157 2788 229 2823 ήσει,
247 2799 256 2814 υ
268 2788 301 2824 ἢν
323 2788 393 2815 κατά
407 2787 452 2814 τὸν
471 2787 550 2814 αὑτὸν
567 2788 661 2823 χρόνον
680 2787 829 2823 ὑπέμειναν
839 2787 940 2823 αἰχμα-

993 2283 1031 2318 git
1045 2287 1073 2309 et
1085 2282 1128 2309 illa
1144 2281 1256 2309 Adriani
1286 2287 1419 2317 tempore,
1437 2289 1500 2310 cum
1516 2281 1614 2316 Judaai,
1630 2284 1777 2310 secundam

993 2329 1063 2364 passi
1087 2327 1266 2360 obsidionem,
1297 2328 1324 2356 in
1349 2333 1453 2356 tantum
1473 2328 1638 2356 calamitatis
1661 2328 1778 2356 deverte-

992 2379 1065 2407 ruut,
1078 2379 1107 2401 ut
1122 2373 1227 2410 legibus
1247 2380 1274 2401 et
1291 2373 1378 2408 jussis
1397 2374 1599 2409 imperatoriis,
1615 2382 1649 2401 ne
1667 2374 1778 2410 quidem

993 2420 1086 2455 procul
1104 2419 1262 2455 metropolis
1283 2427 1339 2447 sum
1358 2420 1514 2448 vastitatem
1530 2421 1689 2455 conspicere
1713 2429 1776 2456 per-

996 2466 1178 2506 mitterentur.

1032 2511 1112 2539 Vens.
1135 2512 1177 2539 i2.
1201 2521 1211 2538 ι
1228 2512 1260 2540 Et
1282 2516 1375 2547 postea
1399 2512 1538 2548 elongabit
1554 2512 1624 2541 Deus
1643 2513 1774 2545 homines,

994 2562 1021 2585 et
1038 2558 1084 2592 qui
1105 2558 1190 2585 relicti
1214 2558 1317 2586 fuerint
1338 2558 1593 2593 multiplicabuntur
1619 2565 1699 2592 super
1722 2563 1777 2585 ter-

995 2611 1062 2630 ram.
1079 2604 1112 2631 Et
1126 2605 1215 2632 adhuc
1231 2613 1312 2640 super
1327 2613 1388 2633 eam
1404 2610 1446 2633 est
1461 2605 1614 2632 decimatio.
1627 2613 1637 2630 ι
1654 2604 1778 2639 Symma-

993 2650 1062 2678 chus
1082 2651 1183 2683 edidit,
1213 2660 1223 2677 I
1238 2651 1331 2687 Longe
1355 2651 1438 2680 faciet
1460 2651 1588 2678 Dominus
1616 2650 1750 2679 homines.
1765 2661 1776 2679 ο

995 2696 1051 2724 Hac
1076 2696 1318 2732 interpretatiune,
1350 2707 1359 2723 ι
1375 2696 1531 2732 elongabil,
1548 2706 1558 2722 ι
1591 2696 1648 2724 sive
1677 2696 1780 2733 «longe

993 2741 1084 2774 faciet,
1101 2752 1110 2769 ι
1126 2743 1225 2771 indicat
1241 2744 1380 2779 Scriptura
1399 2742 1584 2777 captivitatem
1599 2742 1683 2776 illatn,
1698 2751 1780 2778 quam

994 2796 1027 2816 eo
1043 2788 1100 2823 ipso
1114 2794 1236 2826 tempore
1250 2789 1391 2818 multitudo
1412 2788 1531 2816 Iudaicae
1543 2789 1631 2824 gentis
1651 2796 1779 2825 perpessa

193 2879 250 2915 (15)
273 2878 334 2906 Hmc
351 2879 413 2906 item
435 2879 462 2906 in
479 2870 639 2912 ilieronymi
657 2876 869 2912 Commentario,
894 2878 940 2907 sed
959 2876 1091 2913 pluribus.
