2059 3215
317 152 364 179 151

651 149 786 178 EUSEBII
804 147 1047 177 CAESARIENSIS
1066 145 1142 174 ΟΡΡ.
1161 146 1254 175 PARS
1271 147 1317 175 Ill.
1337 161 1372 167 —
1390 144 1596 174 EXEGE‘TICA.

1884 144 1934 171 152

314 217 370 242 est,
385 217 490 238 necnon
510 209 704 243 dispersionem
722 208 793 234 illam
811 215 876 242 qua,
890 194 952 234 dn’m
967 205 1089 233 instanti-

1147 205 1247 233 λωσίαν
1270 205 1300 232 τὸ
1328 204 1429 239 πλῆθος
1453 203 1500 231 τοῦ
1534 204 1667 231 Ἰουδαίων
1693 204 1794 238 ἔθνους,
1817 203 1864 230 καὶ
1891 202 1935 229 τὸν

315 257 369 284 ‘hns
383 255 586 282 calamitatibus
606 261 635 281 se
655 255 837 288 proriperent,
855 252 1004 287 disgregati
1022 255 1095 278 sunt.

317 311 327 327 ι
345 301 454 328 Residui
483 308 545 327 vero
572 300 823 334 multiplicabuntur
838 306 923 332 super
944 303 1044 324 terram
1061 306 1071 322 ι
1088 305 1095 323 :

315 347 360 375 alii
374 347 477 374 scilicet
493 355 507 373 a
524 347 628 380 primis.
640 345 690 373 'I‘ot
706 350 796 372 autent
811 351 927 371 numero
940 343 990 378 ipsi
1005 347 1095 374 erunt,

313 399 356 424 nt,
379 401 438 420 cum
457 393 550 428 primis
563 391 723 426 comparati,
739 391 830 418 multis
848 390 970 425 partibus
986 389 1095 417 illorum

313 439 516 465 multitudinem
531 442 670 473 superent.

611 526 724 554 CAPUT
746 526 797 554 VII.

347 573 427 600 Vens.
450 572 506 599 1-3.
530 582 539 598 ι
553 573 587 599 Et
610 573 712 600 factum
728 578 770 600 est
784 573 810 599 in
824 572 917 600 diebus
935 572 1026 600 Acha:
1048 571 1094 599 ﬁlii

311 617 457 649 Joatliam,
486 617 533 645 ﬁlii
553 617 627 646 Ozize
643 619 713 653 regis
736 617 804 645 Juda
818 638 827 649 .
850 618 972 646 ascendit
994 617 1095 645 Raasin

311 671 358 690 rex
375 664 468 695 Aram,
490 669 517 691 et
544 663 650 691 Pliacee
674 663 745 691 ﬁlius
762 663 892 691 Romelite
906 670 954 690 rex
969 662 1051 690 Israel
1067 663 1094 690 in

310 709 471 742 Jerusalem,
502 709 535 736 ad
562 709 738 743 pmliandum
765 713 857 736 contra
885 716 965 736 eam:
985 713 1013 736 et
1041 715 1094 735 non

309 759 457 789 potuerunt
482 755 608 782 obsidere
629 763 700 783 eam.
728 755 763 783 Et
785 755 982 782 nuntiaverunt
1002 753 1094 781 domui

310 800 395 828 David
411 801 532 829 dicentes
546 809 553 828 :
567 801 714 829 Consensit
724 804 807 828 Aram
825 808 886 828 cum
907 800 1045 835 Ephraim,
1068 805 1096 826 et

309 848 460 882 stupefacta
485 852 526 874 est
552 848 642 874 anima
664 847 735 882 ejus,
759 851 787 874 et
811 846 900 873 anima
919 846 1008 881 populi
1023 846 1093 880 ejus,

310 894 380 921 sicut
397 893 495 928 lignum
517 895 544 922 in
569 894 636 922 silva
660 901 675 920 a
700 897 781 920 vento
806 896 939 920 movetur.
970 891 1003 919 Et
1026 891 1094 919 dixit

309 939 440 967 Dominus
453 940 486 967 ad
512 939 620 971 lsaiam,
635 939 772 973 Egredere
783 938 809 965 in
829 945 972 965 occursum
990 936 1092 969 Achaz,

309 991 338 1014 tu
362 991 390 1014 et
411 987 457 1022 qui
488 986 633 1014 derelictus
658 989 700 1013 est
718 984 802 1012 Jasub
822 983 893 1011 [ilius
914 988 986 1010 tuus.
1002 992 1012 1009 ι
1040 983 1094 1010 Par

309 1031 408 1066 quippe
425 1035 485 1059 erat
498 1037 528 1058 ut
549 1031 685 1066 prophetat
706 1030 795 1062 ﬁlius,
821 1029 867 1063 qui
890 1036 944 1056 nou
960 1036 1012 1056 una
1031 1035 1092 1055 cum

309 1077 408 1112 populo
423 1082 580 1112 corruptus,
595 1077 641 1104 sed
662 1080 782 1111 ροισι-πω
795 1075 927 1102 doctrinae
941 1079 1020 1101 tenax
1036 1073 1093 1100 l'ue-

308 1129 362 1155 rat,
381 1122 444 1150 hinc
460 1130 578 1158 praesens
591 1122 779 1150 institueretur
790 1129 805 1148 a
816 1125 903 1156 patre,
918 1128 980 1148 cum
994 1120 1091 1148 ﬁducia

307 1167 463 1198 accedente.
478 1175 508 1195 ac
518 1167 593 1202 jussa
602 1171 777 1202 exsequente.

348 1258 427 1284 Vens.
448 1258 474 1285 ι.
497 1268 507 1284 ι
519 1258 551 1285 Et
566 1258 639 1284 dices
652 1257 688 1290 ei,
705 1257 778 1285 Cave
799 1261 829 1284 ut
842 1257 978 1291 quiescas,
1008 1261 1035 1284 et
1058 1263 1091 1283 ne

308 1304 416 1335 timeas,
433 1311 520 1338 neque
533 1303 686 1330 inﬁrmctur
698 1303 790 1329 anima
803 1307 846 1328 tua
859 1310 874 1329 a
893 1303 996 1329 duobus
1011 1302 1090 1336 lignis

309 1348 448 1376 titionibus
460 1349 654 1383 fumigantibus
667 1349 708 1375 his
723 1368 732 1381 ,
748 1357 758 1374 ι
780 1348 878 1382 quibus
897 1347 965 1375 nibil
982 1347 1090 1375 luminis

308 1394 382 1427 insit,
397 1394 442 1421 sed
455 1394 502 1428 qui
517 1394 653 1421 exstincto
675 1393 763 1420 titioni
779 1398 883 1420 tantum
906 1393 1008 1420 similes
1024 1393 1088 1420 sint.

307 1438 464 1474 Hujnsmodi
481 1439 579 1474 quippe
593 1443 656 1466 sunt
669 1439 722 1466 duo
734 1439 770 1466 illi
786 1446 873 1473 reges,
888 1445 1004 1473 quorum
1017 1443 1088 1465 metu

306 1489 335 1511 et
358 1484 501 1511 formidine
523 1485 631 1511 teneris.
654 1484 766 1512 Etiamsi
790 1484 862 1511 enim
890 1484 932 1511 vis
958 1483 1002 1510 illa
1031 1491 1087 1512 mea

1147 250 1342 285 διασκεδασμὺν
1356 250 1385 276 ὃν
1401 250 1628 286 διεσκεδάσθησαν
1644 249 1788 284 φεύγοντες
1808 249 1857 281 τὰς
1873 250 1933 276 ἑπι-

1147 297 1274 332 κειμένας
1289 297 1381 328 αὐτοῖς
1396 296 1546 332 συμφοράς.
1565 306 1574 322 ‹
1594 297 1648 323 Καὶ
1666 297 1689 322 οἱ
1709 295 1934 329 καταλειφθέντες

1146 343 1174 370 δὲ
1191 342 1421 378 πληθυνθήσονται
1437 342 1482 369 ἐπὶ
1497 342 1548 377 τῆς
1563 342 1613 377 γῆς
1623 351 1630 357 ⁸
1654 352 1663 367 ι
1681 342 1769 377 ἕτεροι
1783 342 1858 373 ὅντες
1880 335 1949 370 τῶνί

1146 390 1297 426 προτέρων.
1313 388 1440 416 Τοσοῦτοι
1463 389 1491 415 δὲ
1505 386 1576 415 οὗτοι
1593 388 1708 419 ἔσονται,
1726 387 1773 420 ὡς,
1793 386 1931 423 παραϐαλ-

1145 435 1275 470 λομένους
1288 435 1385 466 αὐτοὺς
1399 436 1456 466 τοῖς
1471 433 1604 470 πρώτοις,
1621 433 1850 469 πολλοστημόριον
1864 431 1932 460 εἶναι

1145 480 1302 516 νομίζεσθαι
1315 480 1361 506 τοῦ
1375 480 1485 506 ἐκείνων
1500 480 1626 516 πλήθους.

1290 551 1291 554 η
1410 526 1607 552 ΚΕΦΔΛᾹΙΟΝ
1629 527 1665 552 Ζ¹.

1183 582 1192 598 ι
1208 572 1263 599 Καὶ
1278 572 1384 606 ἐγένετο
1394 580 1422 598 εν
1434 573 1491 603 ταῖς
1505 572 1622 607 ἡμέραις
1639 571 1723 606 Ἀχὰζ
1735 571 1781 598 τοῦ
1801 572 1929 608 Ίωὰθαμ.

1144 619 1191 646 τοῦ
1202 619 1260 646 υἱοῦ
1278 619 1363 651 Ὀζίου
1378 618 1509 654 βασιλέως
1527 617 1621 650 Ἰούδα,
1639 617 1721 653 ἀνέϐη
1742 618 1869 645 Ῥαασσὶν
1885 618 1931 653 βα-

1146 666 1235 698 σιλεὺς
1261 665 1360 700 ’Δρὰμ,
1376 665 1423 692 κα)⁸
1446 664 1534 691 Φακέε
1556 664 1612 696 υἱὸς
1641 663 1787 699 Ῥωμελίου
1805 663 1931 699 βασιλεὺς

1151 711 1256 747 Ἰσραὴλ
1272 711 1317 737 ἐπὶ
1336 710 1522 746 Ἰερουσαλὴμ,
1538 709 1689 746 πολεμῆσαι
1703 710 1789 745 αὐτήν
1799 718 1805 724 ·
1821 710 1868 736 καὶ
1882 710 1930 737 οὐκ

1141 757 1312 792 ἠδυνήθησαν
1334 756 1512 792 πολιορκῆσαι
1531 756 1626 791 αὑτήν.
1651 756 1706 782 Καὶ
1730 756 1869 791 ἀνηγγέλη
1891 756 1928 788 εἰς

1144 803 1189 830 τὸν
1200 801 1275 830 οἷκον
1289 802 1380 834 Δαυῒδ,
1397 803 1520 837 λέγοντες
1529 811 1536 817 ο
1552 801 1745 838 Συνεφώνησεν
1759 802 1845 836 Ἀρὰμ
1863 802 1929 838 πρὸς

1143 849 1188 875 τὸν
1210 849 1344 884 Ἑφραΐμ³
1362 849 1409 875 καὶ
1420 847 1515 882 ἐξέστη
1529 849 1545 883 ἡ
1564 848 1636 883 ψυχὴ
1652 847 1746 877 αὑτοῦ,
1764 847 1809 874 καὶ
1826 849 1842 882 ἡ
1857 847 1928 882 ψυχὴ

1143 894 1190 920 τοῦ
1205 893 1270 920 λαοῦ
1285 893 1378 925 αὑτοῦ,
1391 893 1420 919 ὃν
1432 893 1532 928 τρόπον
1545 893 1572 918 ὲν
1583 892 1677 928 δρυμῷ
1693 892 1768 924 ξύλον
1782 892 1834 918 ὑπὸ
1849 892 1928 918 πνεύ-

1145 948 1228 975 ματος
1253 939 1378 974 σαλευθῇ.
1404 940 1458 965 Καὶ
1481 937 1541 965 εἷπε
1569 938 1671 974 Κύριος
1697 939 1764 974 πρὸς
1799 939 1926 964 Ἡσαΐαν·

1145 985 1254 1017 Ἔξελθε
1271 986 1310 1016 εἰς
1322 985 1482 1020 συνάντησιν
1500 984 1592 1019 Ἄχας,
1606 985 1637 1010 σὺ
1652 984 1697 1010 καὶ⁴
1712 984 1726 1010 ὁ
1741 983 1928 1018 καταλειφθεὶς

1149 1030 1253 1057 Ἰασοὺϐ
1270 1031 1284 1056 ό
1304 1031 1360 1062 υἱός
1375 1038 1433 1056 σου.
1453 1039 1462 1055 ι
1483 1029 1555 1056 Ἔδει
1572 1029 1600 1055 δὲ
1615 1029 1661 1055 καὶ
1685 1028 1729 1055 τὸν
1751 1028 1808 1054 υἱὸν
1823 1028 1927 1063 προφή-

1141 1085 1199 1107 του,
1224 1076 1261 1112 μὴ
1281 1075 1512 1110 συνδιαφθαρέντα
1533 1074 1572 1110 τῷ
1591 1075 1696 1109 πλήθει,
1714 1074 1927 1109 ἑναπομείναντα

1141 1122 1169 1148 δὲ
1184 1124 1216 1157 τῇ
1240 1123 1355 1157 πατρικῇ
1373 1120 1541 1155 διδασκαλίᾳ,
1566 1120 1763 1155 μαθητεύεσθαι
1780 1119 1810 1151 ἐξ
1824 1120 1926 1146 ἐκείνου

1139 1168 1179 1203 τῷ
1201 1168 1294 1203 πατρὶ,
1314 1168 1359 1194 διὰ
1371 1167 1417 1194 τοῦ
1440 1169 1563 1203 παρεῖναι
1580 1167 1653 1202 αὐτῷ
1675 1166 1827 1201 θαρσαλέως
1844 1174 1926 1202 προσ-

1143 1215 1207 1240 ιόντι
1220 1215 1267 1241 καὶ
1282 1215 1426 1249 πράττοντι
1440 1213 1473 1240 τὰ
1488 1213 1662 1249 κελευόμενα.

1179 1270 1188 1285 ι
1209 1260 1261 1286 Καὶ
1277 1260 1349 1295 ἐρεῖς
1362 1260 1449 1294 αὐτῷ·
1466 1259 1584 1292 Φύλαξαι
1603 1259 1647 1286 τοῦ
1665 1260 1809 1295 ἡσυχάσαι,
1829 1258 1875 1286 καὶ
1889 1257 1925 1294 μὴ

1141 1305 1234 1340 φοϐοῦ,
1254 1305 1321 1340 μηδὲ
1341 1305 1487 1332 ἀσθενειτω
1502 1306 1518 1340 ἡ
1532 1305 1604 1340 ψυχή
1623 1313 1668 1331 σου
1684 1305 1737 1332 ἀπὸ
1753 1305 1807 1331 τῶν
1823 1305 1869 1331 δύο
1884 1304 1927 1337 ξύ-

1139 1351 1193 1379 λων
1206 1352 1258 1378 τῶν
1271 1350 1356 1378 δαλῶν
1367 1351 1420 1378 τῶν
1434 1351 1638 1387 καπνιζομένων
1648 1351 1759 1383 τούτων,
1778 1361 1787 1376 ι
1802 1350 1926 1386 οὐδαμῶς

1141 1397 1190 1431 μὲν
1205 1396 1263 1431 φῶς
1280 1397 1412 1432 ἐχόντων,
1429 1396 1499 1432 δαλῷ
1515 1397 1543 1423 δὲ
1570 1397 1650 1432 μόνον
1666 1396 1822 1432 ὲσὸεσμένῳ
1840 1396 1925 1423 ἐοικό-

1139 1452 1201 1469 των.
1218 1443 1339 1470 Τοιοῦτοι
1353 1443 1406 1479 γάρ
1427 1443 1498 1476 τινές
1513 1444 1582 1470 εἰσιν
1597 1444 1620 1469 οἱ
1635 1443 1681 1470 δύο
1702 1443 1830 1478 βασιλεῖς,
1844 1439 1881 1469 ὧν
1897 1442 1926 1468 ὲν

1140 1489 1214 1525 φόϐῳ
1229 1490 1275 1516 καὶ
1291 1489 1375 1524 ἀγῶνι
1390 1490 1569 1525 καθέστηκας.
1586 1489 1617 1516 El
1631 1488 1685 1525 γὰρ
1699 1489 1746 1516 καὶ
1760 1489 1793 1516 τὰ
1810 1488 1926 1523 μάλιστα

307 1530 514 1565 castigationem
543 1531 714 1563 immittens,
752 1538 833 1565 quam
861 1531 927 1557 iram
954 1530 1088 1565 appellare

1139 1535 1156 1569 ή
1173 1534 1329 1570 παιδευτική
1343 1543 1393 1570 μου
1408 1534 1530 1569 δύναμις,
1546 1535 1578 1570 ἣν
1594 1535 1677 1570 ὀργὴν
1690 1534 1835 1561 ἀποκαλεῖν
1847 1533 1926 1561 εἴωθε

307 1577 395 1604 solent
414 1577 502 1603 divina
516 1577 638 1608 oracula,
666 1584 712 1604 vos
726 1577 841 1604 antehac
862 1576 960 1610 saepius
981 1577 1087 1604 invase—

306 1624 352 1654 rit,
380 1623 413 1650 ad
441 1622 652 1650 confulationem
678 1630 784 1655 eorum,
805 1622 851 1658 qui
873 1629 954 1656 penes
981 1629 1029 1648 vos
1051 1622 1088 1649 dii

305 1669 495 1696 vocabantur:
513 1668 609 1702 quibus
625 1675 674 1696 vos
696 1669 805 1703 quidem
829 1667 963 1698 ﬁdebatis,
985 1672 1014 1695 at
1028 1667 1088 1695 illos

306 1714 372 1741 nihil
387 1721 447 1741 esse
457 1714 660 1748 comprobatum
675 1719 727 1746 est,
748 1721 810 1741 cum
823 1721 870 1740 vos
887 1713 988 1741 inimici
1004 1713 1088 1741 vestri

305 1760 428 1787 subditos
448 1767 479 1787 ac
495 1759 632 1787 dedititios
648 1764 796 1794 caperent;
820 1764 937 1786 attamen
962 1759 1087 1793 quoniam

305 1806 346 1832 ira
362 1813 420 1833 mea
446 1805 536 1841 iniqua
556 1814 609 1834 non
627 1811 687 1838 est,
709 1810 802 1839 utpote
825 1806 911 1832 bonus
934 1805 1014 1838 Dens,
1042 1804 1088 1839 qui

305 1859 354 1879 vos
369 1856 448 1878 antea
472 1851 504 1878 ad
529 1851 675 1878 utilitatem
700 1856 821 1879 vestram
849 1851 988 1886 corripui;
1017 1857 1089 1878 nunc

304 1897 402 1925 iterum
420 1897 603 1924 inﬁrmitatem
633 1902 752 1924 vestram
781 1901 864 1924 totam
889 1897 1001 1928 curabo,
1026 1897 1088 1928 si,a

304 1944 419 1979 pristino
431 1951 525 1971 errore
540 1949 631 1971 vestro
643 1943 834 1978 resipiscentes
845 1962 852 1974 ,
875 1942 918 1978 pie
932 1950 1012 1976 agere
1026 1949 1089 1969 vere

303 1989 444 2017 cdiscatis.

341 2035 422 2062 Vsus.
443 2034 470 2066 8,
483 2035 509 2062 9.
521 2044 531 2060 ι
543 2033 595 2061 Sed
611 2035 699 2062 adhuc
711 2034 851 2070 sexaginta
863 2034 982 2069 quinque
998 2034 1087 2066 annis,

303 2081 412 2108 deﬁciet
433 2087 546 2114 regnum
572 2080 698 2114 Epltraim
715 2088 730 2106 a
747 2080 854 2114 populo.
870 2089 879 2105 ι
912 2079 968 2107 Hoc
986 2080 1050 2107 item
1073 2087 1087 2107 a

304 2127 433 2161 propheta
445 2126 537 2153 Acha:
553 2126 661 2158 ediscit,
688 2133 740 2152 non
766 2125 810 2152 diu
839 2130 933 2160 postea
959 2125 1088 2153 Samaria:

303 2178 414 2206 regnum
430 2171 584 2198 solvendum
609 2178 686 2203 esse,
702 2170 809 2198 subdito
822 2170 921 2204 populo
942 2178 995 2197 una
1024 2178 1085 2198 cum

1139 1579 1175 1606 τὰ
1197 1579 1283 1614 λόγια,
1307 1580 1438 1615 μετῆλθεν
1464 1580 1535 1615 ὑμᾶς
1552 1580 1581 1606 τὸ
1600 1580 1739 1615 πρότερον,
1757 1580 1797 1610 εἰς
1816 1579 1927 1614 ἔλεγχον

1136 1626 1191 1652 τῶν
1203 1625 1409 1661 ὀνομαζομένων
1422 1626 1436 1652 ὑ
1441 1625 1498 1661 μῶν
1513 1625 1591 1656 θεων,
1603 1622 1643 1656 οἷς
1659 1624 1798 1660 ἐθαρσείτε
1814 1625 1863 1659 μὲν
1878 1624 1927 1651 αὐ-

1137 1672 1189 1703 τοὶ,
1202 1671 1227 1698 οἳ
1240 1671 1268 1698 δὲ
1284 1671 1313 1698 τὺ
1329 1671 1411 1707 μηδὲν
1426 1671 1500 1703 δντες
1515 1670 1716 1705 ἀπηλέγχοντο,
1732 1667 1849 1705 ὁπηνίκα
1864 1670 1926 1697 ὑπο-

1137 1716 1254 1752 χειρίους
1267 1717 1338 1752 ὑμᾶς
1353 1713 1423 1743 εἷλον
1437 1717 1461 1742 οἱ
1477 1715 1609 1751 πολέμιοι·
1626 1716 1709 1751 ὅμως,
1725 1715 1786 1742 ἐπεὶ
1802 1716 1838 1750 μή
1852 1715 1926 1741 ἐστιν

1138 1764 1155 1798 ἡ
1171 1763 1224 1798 ἐμὴ
1238 1762 1306 1797 ὀργὴ
1320 1762 1486 1797 παράνομος,
1498 1762 1535 1793 ὡς
1551 1761 1650 1795 ἀγαθὸς
1661 1761 1726 1793 Θεὸς
1740 1760 1819 1792 αὐτὸς
1835 1760 1881 1786 καὶ
1894 1761 1925 1786 τὸ

1139 1806 1245 1842 πρῶτον
1272 1807 1343 1841 ὑμᾶς
1365 1806 1411 1832 ἐπὶ
1427 1806 1465 1841 τῷ
1487 1806 1652 1842 συμφέροντι
1674 1806 1789 1838 παίσας·
1810 1805 1856 1832 καὶ
1876 1805 1924 1832 νῦν

1138 1850 1215 1884 αὖθις
1240 1854 1293 1879 πᾶν
1309 1852 1340 1879 τὸ
1353 1852 1459 1888 νόσημα
1472 1852 1548 1888 ὑμῶν
1571 1853 1690 1888 ἰάσομαι,
1713 1852 1760 1879 ἐὰν
1771 1872 1777 1883 ,
1794 1852 1924 1886 ἐπιστρα-

1139 1898 1233 1932 φέντες
1249 1899 1298 1934 τῆς
1315 1898 1451 1934 προτέρας
1465 1898 1578 1934 πλάνης,
1597 1898 1706 1933 μάθοιτε
1721 1897 1841 1924 εὐσεϐεῖν
1851 1897 1924 1932 ,ἀλη-

1138 1943 1201 1975 θὼς.

1175 2046 1185 2062 ι
1211 2035 1280 2062 Ἀλλ’
1297 2035 1337 2061 ἔτι
1361 2035 1491 2071 ἐξήκοντα
1511 2034 1591 2061 πέντε
1612 2034 1679 2062 ἑτῶν
1701 2034 1820 2069 ἐκλείψει
1837 2035 1854 2070 ἡ
1875 2033 1925 2069 βα-

1139 2082 1224 2108 σιλεία
1246 2080 1365 2117 Ἐφρατμ
1384 2082 1438 2107 ἀπὸ
1463 2080 1538 2107 λαοῦ.
1569 2090 1577 2105 ι
1603 2081 1741 2108 Μανθάνει
1765 2080 1852 2106 τοίνυν
1876 2081 1924 2107 καὶ

1137 2128 1215 2155 τοῦτο
1230 2127 1304 2164 παρὰ
1320 2127 1366 2153 τοῦ
1382 2128 1520 2162 προφήτου
1535 2128 1549 2154 ὁ
1571 2127 1652 2162 ’Λχάζ
1661 2135 1668 2141 ⁵
1686 2127 1723 2158 ὡς
1740 2127 1799 2153 ὅσον
1815 2126 1890 2153 οὔπω
1906 2127 1923 2162 ἡ

1137 2174 1186 2209 τῆς
1200 2173 1355 2208 Σαμαρείας
1370 2172 1490 2207 βασιλεία
1509 2173 1736 2206 καταλυθήσεται,
1750 2172 1796 2198 τοῦ
1812 2172 1840 2198 ὲν
1851 2173 1921 2207 αὐτῇ

303 2216 450 2251 regibnsin
465 2216 650 2251 captivitatem
673 2216 799 2249 abducto,
821 2221 903 2250 atque
920 2217 956 2244 ob
980 2216 1083 2243 nefaria

1139 2219 1345 2255 βασιλευομένου
1367 2218 1432 2246 λαοῦ
1456 2219 1546 2250 αὐτοῖς
1574 2218 1727 2245 θασιλεῦσιν
1749 2218 1920 2253 αἰχμαλώτου

303 2268 378 2298 gesta
396 2263 422 2289 in
442 2263 567 2298 Assyrios
587 2262 729 2289 translato.
756 2262 833 2295 Quod
860 2262 893 2295 si,
915 2263 963 2295 ait,
981 2268 1086 2297 tempus

304 2315 383 2336 nosse
398 2313 534 2342 peroptes.
547 2309 616 2335 scito
637 2309 716 2336 annis
733 2309 831 2336 abhinc
850 2308 990 2342 sexaginta
1005 2309 1084 2342 quin-

301 2362 355 2390 que
376 2359 517 2381 venturum
533 2354 708 2389 Assyriorum
724 2362 813 2389 regem
828 2374 836 2388 ,
855 2355 980 2388 ipsosque
993 2361 1084 2381 omnes

302 2401 423 2435 captivos
435 2401 624 2433 abducturum,
642 2401 668 2427 in
684 2408 814 2435 suamque
841 2400 977 2435 regionem
999 2405 1085 2427 trans-

300 2452 472 2483 portaturum
485 2454 554 2474 esse.
575 2446 724 2481 llaacjussit
740 2447 809 2473 Deus
822 2447 981 2480 prophetam
996 2454 1082 2473 enun-

303 2493 382 2524 tiare,
401 2497 455 2519 tum
476 2493 525 2526 ipsi
545 2493 654 2524 Achaz,
677 2497 731 2519 tum
759 2492 866 2519 subdito
891 2492 1012 2527 populo:
1030 2499 1082 2526 quo

303 2539 355 2566 illis
369 2543 465 2565 auctor
481 2542 563 2569 esset,
587 2543 616 2565 ut
634 2538 667 2564 ad
679 2545 708 2564 se
721 2543 955 2569 converterentur,
979 2545 1010 2564 ac
1024 2545 1083 2564 cre-

301 2585 406 2615 derent,
436 2591 524 2618 neque
546 2583 627 2610 dictis
645 2583 724 2611 [idem
750 2588 887 2618 negarent.
915 2582 978 2610 illos
1003 2589 1082 2617 porro

301 2631 438 2664 sexaginta
453 2630 572 2664 quinque
592 2637 688 2660 annos,
707 2629 782 2656 aiunt
795 2629 968 2656 Hebraeorum
985 2628 1030 2655 ﬁlii
1049 2628 1082 2654 ad

300 2683 383 2703 unum
409 2676 530 2709 expletos
559 2675 735 2709 deprehendi,
763 2675 785 2702 si
810 2676 870 2710 quis
889 2683 905 2702 a
930 2683 981 2701 xxv
1011 2674 1083 2701 Olim

302 2720 377 2755 regni
390 2728 460 2747 anno
472 2726 628 2755 computum
643 2721 774 2748 ordiatur.

316 2852 420 2897 Αἴης.
441 2854 546 2889 10,“.
570 2865 579 2882 ι
594 2855 627 2883 Et
654 2855 751 2891 adjecit
778 2855 906 2885 Dominus
938 2856 1010 2891 loqui
1044 2857 1077 2884 ad

1136 2265 1326 2300 γενησομένου,
1348 2265 1395 2291 καὶ
1423 2265 1462 2296 εἰς
1482 2265 1640 2300 Ἀσσυρίους
1660 2265 1922 2299 ἁποικισθησομένου

1134 2311 1177 2338 διὰ
1191 2312 1239 2343 τὰς
1255 2310 1473 2346 ὑπερϐαλλούσας
1488 2311 1576 2337 αὐτῶν
1592 2311 1737 2345 ἀθεμίτους
1754 2311 1875 2346 πράξεις.
1890 2311 1923 2337 El

1133 2357 1161 2383 δὲ
1183 2356 1285 2383 καὶτὸν
1304 2356 1396 2391 χρόνον
1410 2355 1512 2387 ποθεῖς,
1532 2357 1608 2390 φησὶ,
1626 2356 1730 2390 μαθεῖν,
1745 2355 1871 2389 γίνωσκε,
1883 2355 1924 2387 ὡς

1134 2402 1198 2428 εἴσω
1211 2403 1342 2438 ἑξήκοντα
1358 2403 1404 2428 καὶ
1419 2403 1497 2428 πέντε
1513 2401 1580 2427 ἐτῶν
1590 2421 1597 2433 ,
1612 2401 1708 2432 ἐπιϐὰς
1725 2403 1738 2428 ὁ
1754 2402 1807 2428 τῶν
1830 2402 1923 2427 Ἀσσυ-

1135 2447 1199 2483 ρίων
1218 2447 1353 2482 βασιλεὺς,
1368 2447 1470 2474 πάντας
1490 2447 1586 2478 αὐτοὺς
1599 2446 1711 2481 λήψεται
1727 2448 1773 2473 καὶ
1787 2446 1923 2482 αἰχμαλώ-

1133 2501 1194 2524 τους
1208 2493 1247 2524 si;
1262 2493 1311 2528 τὴν
1324 2491 1420 2518 ἑαυτοῦ
1438 2492 1568 2526 μετοικιεῑ
1583 2490 1683 2527 χώραν.
1700 2491 1791 2517 Ταῦτα
1805 2490 1842 2525 τῷ
1857 2499 1924 2526 προ-

1133 2540 1206 2574 φήτῃ
1221 2538 1309 2572 λέγειν
1323 2539 1337 2564 ό
1350 2538 1414 2569 Θεὺς
1431 2537 1611 2573 προσέταττεν
1626 2537 1698 2572 αὐτῷ
1720 2546 1749 2563 τε
1769 2537 1806 2571 τῷ
1825 2537 1921 2571 Ἀχὰζ,

1132 2585 1178 2610 καὶ
1192 2584 1230 2619 τῷ
1245 2584 1288 2610 ὑπ’
1313 2584 1393 2610 αὑτὸν
1408 2583 1480 2619 λαῷ·
1500 2584 1650 2619 παρορμῶν
1675 2585 1772 2615 αὐτοὺς
1791 2583 1860 2618 πρὸς
1873 2580 1924 2609 ἀὑ-

1136 2629 1181 2655 τὸν
1199 2629 1379 2664 ἐπιστρέφειν,
1402 2628 1537 2654 πιστεύειν
1551 2637 1579 2654 τε
1597 2629 1643 2655 καὶ
1667 2629 1702 2664 μὴ
1723 2629 1845 2654 ἀπιστεῖν
1863 2630 1923 2659 τοῖς

1137 2674 1305 2710 εἰρημένοις·
1327 2674 1361 2700 τά
1382 2681 1413 2707 γε
1441 2673 1492 2709 μὴν
1516 2674 1644 2709 ἐξήκοντα
1669 2674 1747 2700 πέντε
1766 2673 1813 2708 ἔτη
1838 2674 1922 2706 φασὶν

1141 2719 1272 2755 Ἐϐραίων
1304 2719 1395 2750 παῖδες
1420 2720 1459 2751 εἰς
1488 2720 1518 2746 τὸ
1542 2720 1654 2755 ἀκριϐὲς
1683 2718 1920 2758 συμπληροῦσθαι,

1135 2765 1208 2796 εἴτις
1219 2764 1342 2801 ἀριθμεῖν
1356 2765 1468 2800 ἄρξηται
1476 2766 1538 2796 τοὺς
1549 2766 1658 2800 χρόνους
1670 2766 1724 2792 ἀπὸ
1735 2765 1781 2791 τοῦ
1793 2765 1920 2800 πέμπτου

1134 2811 1180 2838 καὶ
1193 2810 1314 2837 εἰκοστοῦ
1329 2810 1405 2842 ἔτους
1418 2810 1467 2846 τῆς
1493 2811 1580 2843 ὐζίου
1596 2811 1743 2845 βασιλείας.

1172 2867 1179 2882 ι
1204 2857 1258 2882 Καὶ
1283 2857 1431 2890 προσέθετο
1453 2858 1558 2890 Κύριος*
1576 2856 1689 2891 λαλῆσαι
1716 2857 1782 2890 πρὺς
1815 2853 1899 2889 Ἀχάζ
1908 2862 1924 2890 ’ν
