2059 3215
168 141 218 168 1⁵53

642 143 894 171 ΕΟΜΜΕΝΤΑΒΙᾹ
913 143 947 171 IN
968 142 1096 171 ISAIAM.
1118 159 1149 165 -—
1171 142 1246 171 CAP.
1268 143 1328 172 VII.

1750 147 1800 174 I54

167 199 281 235 Αίτησαι
301 200 408 236 σεαυτῷ
422 203 534 237 σημεῖον
551 201 624 238 παρὰ
642 203 745 239 Κυρίου
760 203 807 230 τοῦ
824 203 892 230 Θεοῦ
910 212 955 231 σου

1011 204 1103 231 Achaz
1123 204 1226 238 dicens,
1245 204 1310 232 Pete
1324 204 1372 232 tibi
1385 204 1491 240 signum
1510 212 1524 232 a
1537 205 1656 233 Domino
1670 206 1725 233 Deo
1742 211 1800 237 tuo.

167 245 207 277 είς
227 243 317 279 βάθος,
338 244 355 281 ἢ
376 246 416 278 εἰς
436 244 511 281 ὕψος.
532 256 541 272 ι
567 247 640 275 ’Δντὶ
654 248 682 275 δὲ
696 248 754 282 τοῦ,
773 258 782 274 ι
801 250 841 282 εἰς
866 249 956 284 βάθος,

166 291 181 326 ἢ
213 291 254 323 εἰς
271 290 348 326 ὕψος,
369 300 378 317 ι
394 292 409 318 ὁ
425 292 474 327 μὲν
491 292 649 329 Σύμμαχος,
666 303 676 320 ί
696 293 812 330 Αίτησαι
841 295 956 330 σεαυτῷ,

166 337 244 372 φησὶ,
265 338 376 372 σημεῖον
393 337 469 373 παρὰ
483 338 586 373 Κυρίου
603 337 671 365 Θεοῦ
700 347 762 366 σου⁴
789 339 902 374 βάθυνον
917 341 957 372 είς

166 384 243 419 ᾅδην,
258 383 274 418 ἢ
287 385 327 416 εἰς
341 383 407 420 ὕψος
419 383 492 411 ἄνω·
514 394 524 410 ι
543 385 558 410 ὁ
576 385 604 412 δὲ
625 385 750 418 Ἀκύλας,
766 395 776 412 ‹
800 385 957 422 Ἐπερώτη-

166 438 213 456 σον
227 429 333 465 σεαυτῷ
348 430 462 466 σημεῖον
475 430 550 467 παρὰ
568 431 672 467 Κυρίου
685 432 733 458 τοῦ
752 432 819 458 Θεοῦ
835 441 891 458 σου·
911 432 958 467 βά-

167 475 246 502 θυνον
258 476 298 507 εἰς
316 475 393 511 ᾅδην,
417 474 582 511 μετεώρισον
599 476 639 507 είς
654 475 736 511 ὕψος·
760 486 769 502 ι
794 478 808 503 ό
823 477 851 504 δὲ
865 477 958 504 Θεοδο-
976 486 980 490 ·

166 522 245 553 τίων,
266 531 276 547 ‹
294 521 409 557 Δίτησαι
423 521 526 557 σεαυτῷ
540 523 615 559 παρὰ
628 523 730 559 Κυρίου
745 523 792 549 τοῦ
806 523 873 550 Θεοῦ
890 532 936 550 σου
948 532 955 539 ·

166 567 281 603 βάθυνον
293 569 332 599 εὶς
347 568 422 604 ᾅδην,
440 567 545 603 ὕψωσον
565 568 631 596 ἄνω.
652 578 661 595 ι
678 569 824 597 Κελεύεται
841 570 930 598 τοίνυν
943 572 957 598 ὁ

172 614 256 649 Ἀχὰζ
271 616 385 649 σημεῖον
402 615 528 650 αἰτῆσαι,
550 615 584 641 δι’
599 612 630 642 οὗ
650 615 820 651 σωθήσεσθαι
845 616 956 652 ἔμελλεν

165 659 246 691 αὐτὸς
259 668 288 686 τε
309 660 355 687 καὶ
367 661 381 687 ὁ
402 661 450 688 σὺν
463 660 537 696 αὐτῷ
556 660 628 693 λαός.
650 661 788 701 Ἐξουσίᾳν
807 661 835 689 δὲ
850 662 956 689 δίδωσιν

165 704 241 740 αὐτῷ
261 707 276 732 ὁ
292 706 358 738 Θεὸς
379 706 512 742 αἱρέσεως
526 706 573 734 τοῦ
592 707 717 743 σημείου,
732 707 787 734 εἴτε
809 709 842 735 ὲκ
859 708 957 744 βάθους

165 753 312 788 αἰτήσειεν,
329 752 404 786 αὐτῷ
418 752 526 788 δοθῆναι
545 752 635 785 τοῦτο,
658 754 690 780 ὲκ
713 753 810 789 βάθους
830 755 879 790 οὐχ
899 756 956 782 ἑτέ-

166 808 214 835 ρον
236 799 253 836 ἢ
268 799 314 826 τοῦ
328 799 400 826 κατὰ
414 800 459 827 τὸν
477 800 543 836 ᾅδην
553 809 559 815 -
572 801 627 827 εἴτε
643 799 673 833 ἐξ
693 800 787 836 ὕψους,
802 801 849 828 καὶ
865 801 957 829 αὐτῶν

165 846 220 873 τῶν
234 847 290 873 ἄνω
308 846 462 882 μετεώρων.

1010 250 1037 277 in
1053 250 1226 285 profundum,
1245 255 1293 278 aut
1310 250 1337 278 in
1348 250 1463 279 altum.»
1481 250 1533 279 Pro
1547 251 1604 285 illo,
1622 261 1631 278 ι
1644 252 1672 279 in
1688 252 1801 287 profun-

1009 296 1084 329 dum,
1110 301 1157 324 aut
1190 298 1217 324 in
1242 297 1347 328 altum.
1364 307 1374 323 ι
1401 297 1583 333 Symmachus
1609 297 1719 333 quidem
1752 299 1801 330 ait,

1012 351 1021 367 ι
1036 342 1101 370 Pete
1116 342 1163 370 tibi
1176 342 1284 377 signum
1299 350 1314 369 a
1331 342 1446 371 Domino
1470 342 1525 370 Deo
1546 347 1605 377 tuo,
1632 343 1754 378 deprime
1772 344 1799 371 in

1009 386 1157 419 infernum.
1170 393 1219 415 aut
1239 389 1267 416 in
1287 388 1425 416 excelsum
1448 396 1548 423 supra;
1564 398 1574 415 ι
1603 389 1700 424 Aquila
1723 397 1801 420 vero,

1011 442 1021 459 ‹
1032 433 1107 470 Roga
1128 434 1177 462 tibi
1190 435 1297 470 signum
1314 442 1329 462 a
1345 435 1460 462 Domino
1475 435 1531 463 Deo
1554 440 1610 467 tuo,
1634 435 1759 470 deprime
1774 435 1800 462 in

1008 479 1157 512 infernum,
1172 480 1246 508 eleva
1265 481 1291 508 in
1311 480 1436 513 altum;n
1461 481 1623 514 Theodotio,
1640 491 1650 507 ι
1665 481 1731 509 Pete
1753 481 1799 508 tibi

1008 526 1116 562 signum
1135 534 1149 554 a
1175 526 1290 554 Domino
1306 527 1359 553 Deo
1389 531 1445 559 tuo,
1462 526 1583 562 deprime
1599 527 1626 555 in
1652 527 1799 560 infernum.

1008 572 1085 600 eleva
1101 572 1127 600 in
1141 572 1251 600 altum.»
1265 571 1379 600 Jubelur
1391 580 1456 608 ergo
1470 573 1560 600 Achaz
1573 573 1681 609 signum
1693 578 1799 608 petere,

1008 626 1061 653 quo
1078 623 1135 646 tum
1159 619 1227 654 ipse.
1253 623 1308 646 tum
1326 619 1438 654 populus
1458 619 1516 653 ejus
1532 619 1645 647 salutem
1666 627 1799 648 consecu-

1009 670 1085 692 turus
1108 670 1178 692 erat.
1208 664 1378 692 Facultatem
1399 669 1489 692 autem
1519 665 1569 700 ipsi
1595 665 1698 701 praebet
1726 666 1800 694 Deus

1007 710 1122 746 eligendi
1137 710 1220 744 signi.
1245 717 1277 737 ac
1293 710 1314 737 si
1339 718 1372 738 ex
1392 709 1530 745 profundo
1552 715 1645 745 petat;
1674 719 1707 738 ex
1731 718 1796 746 pro-

1009 755 1103 788 fundo,
1125 763 1178 783 non
1191 756 1244 783 alio
1259 755 1364 783 scilicet
1386 763 1466 790 quam
1488 756 1610 788 inl'erno,
1633 764 1662 784 se
1681 765 1798 784 conces—

1008 810 1119 835 surum;
1138 803 1161 829 sl
1173 809 1239 829 vero
1251 809 1285 829 ex
1304 802 1370 834 alto,
1387 806 1434 829 aut
1450 809 1483 829 ex
1498 802 1703 832 sublimioribus
1717 803 1797 838 locis,

1008 855 1037 875 se
1051 848 1176 875 daturum
1191 848 1334 882 pollicetur

203 902 214 918 ί
233 893 287 920 Καὶ
301 890 378 919 εἶπεν
395 891 488 927 axe;
500 892 538 919 Οὐ
558 892 595 929 μὴ
607 893 721 928 αἰτήσω,
739 892 794 920 οὐδ’
805 893 835 920 οὗ
852 893 889 929 μὴ
901 902 955 920 πει-

1048 891 1128 920 Vsus.
1151 892 1195 920 12.
1219 902 1228 918 ι
1242 892 1275 919 Εῑ
1289 892 1359 920 dixit
1375 893 1477 926 Λευεῖ,
1494 892 1551 920 Νοη
1567 898 1675 928 petam,
1698 898 1726 922 et
1743 901 1798 922 non

166 939 243 975 ράσω
261 938 372 975 Κύριον.
395 949 405 964 ι
427 939 576 965 ’Δναίνεται
600 939 632 975 δὴ
653 937 709 972 οὖν,
734 939 781 966 ἅτε
799 939 831 975 δὴ
855 939 956 975 ἀσεϐὴς

165 985 214 1017 ὢν,
227 985 273 1012 καὶ
286 985 325 1021 μὴ
335 984 490 1021 πειθαρχῶν
504 984 543 1020 τῷ
550 985 609 1021 Θεῷ
621 985 769 1017 κελεύοντι,
784 985 821 1021 μὴ
833 986 861 1012 δὲ
872 986 956 1013 θέλων

167 1031 320 1067 ἀπόπειραν
333 1031 423 1059 λαϐεῖν
442 1032 492 1066 τῆς
505 1031 551 1058 τοῦ
567 1031 635 1058 Θεοῦ
652 1031 867 1067 παραδοξοποιοῦ
882 1031 958 1059 δυνά-

171 1085 255 1112 μεως.

208 1131 217 1148 ι
233 1122 286 1148 Καὶ
303 1121 393 1148 εἶπεν·
417 1121 564 1149 Ἀκούσατε
579 1122 622 1156 δὴ,
637 1119 711 1154 οἶκος
730 1121 824 1149 Δαυῖδ·
848 1122 894 1157 Μὴ
913 1131 957 1157 μι-

169 1168 234 1204 κρὸν
250 1168 312 1202 ὑμῖν
336 1168 427 1202 ἀγῶνα
449 1168 579 1204 παρέχειν
599 1168 764 1204 ἀνθρώποις,
784 1167 843 1200 πῶς
862 1168 957 1204 Κυρίῳ

165 1214 299 1250 παρέχετε
315 1213 424 1249 ἀγῶνα;
444 1224 454 1240 ι
473 1214 536 1241 Ἐπὶ
548 1216 580 1250 τῇ
593 1214 640 1241 τοῦ
654 1214 751 1250 ἀνδρὸς
763 1214 876 1250 ἀπονοίᾳ
893 1222 956 1249 σχε-

164 1259 276 1291 τλιάσας
295 1260 310 1286 ό
331 1260 489 1296 προφήτης,
507 1259 536 1293 ἐξ
555 1260 654 1286 οἰκείου
676 1259 823 1295 προσώπου
835 1258 868 1285 τὰ
891 1258 956 1294 ἑξῆς

164 1305 294 1339 ἐπιλέγει.
310 1305 404 1332 Ταῦτα
416 1305 445 1332 δὲ
462 1306 476 1332 ὖ
497 1305 546 1341 μὲν
568 1305 683 1337 Ἀκύλας
695 1305 790 1332 τοῦτον
801 1305 956 1342 ἡρμήνευσε

163 1351 209 1379 τὸν
223 1353 339 1388 τρόπον·
367 1361 376 1378 t
403 1352 548 1379 ¹Ακούσατε
565 1352 608 1388 δὴ,
622 1350 805 1384 οἷκοςνΔαυῖδ·
821 1352 895 1388 Μήτι
907 1351 958 1377 ὀλί-

165 1407 212 1433 γον
234 1399 351 1434 μοχθοῦν
371 1398 486 1435 ἄνδρας,
507 1399 548 1425 ὅτι
574 1399 698 1434 μοχθεῖτε
715 1397 762 1425 καί
778 1407 810 1432 γε
828 1397 874 1424 τὸν
890 1397 956 1424 Θεόν

164 1453 233 1480 you;
263 1454 272 1470 ι
294 1445 322 1471 ’0
346 1445 374 1471 δὲ
403 1444 565 1471 Θεοδοτίων·
597 1454 606 1470 ι
637 1443 783 1471 Ἀκούσατε
807 1444 854 1480 δὴ,
883 1441 957 1476 οἶκος

163 1491 262 1518 Δαυῖδ·
286 1491 331 1527 Μὴ
357 1491 454 1527 μικρὸν
480 1490 573 1523 ἀγῶνα
602 1491 733 1526 παρέχειν
749 1489 889 1525 ἀνδράσιν,
916 1490 956 1516 ὅτι

165 1537 259 1571 ἀγῶνα
282 1537 417 1573 παρέχετε
439 1537 486 1563 καί
503 1545 535 1571 γε
551 1535 590 1572 τῷ
606 1536 665 1572 Θεῷ
685 1544 751 1572 μου;
770 1545 779 1561 ι
796 1536 825 1562 '0
836 1536 864 1562 δὲ
882 1535 956 1571 Σύμ-

166 1592 268 1619 μαχος·
295 1593 304 1610 ‹
339 1583 484 1611 Ἀκούσατε
503 1583 546 1619 δὴ,
560 1581 634 1615 οἶκος
654 1583 750 1610 Δαυῖδ·
768 1583 813 1619 Μή
839 1583 889 1609 οὐκ
910 1581 955 1608 αὕ-

163 1639 264 1666 ταρκες
279 1631 342 1665 ὑμῖν
359 1629 460 1657 κοποῦν
474 1629 644 1665 ἀνθρώπους,
658 1630 697 1656 ὅτι
716 1629 832 1656 κοποῦτε
846 1630 886 1656 ἔτι
908 1629 955 1657 καὶ

163 1676 209 1702 τὸν
232 1675 298 1702 Θεόν
316 1684 384 1711 μθυ;
408 1685 417 1701 ι
438 1675 517 1701 Ἔστι
532 1675 561 1701 δὲ
580 1676 594 1702 ὁ
607 1674 671 1707 νοῦς
687 1674 742 1701 τῶν
764 1674 953 1711 προκειμένων

163 1723 294 1755 τοιοῦτος’
310 1723 347 1749 Οὐ
360 1722 497 1749 παύσεσθέ
511 1730 576 1749 ποτε
589 1723 644 1753 τοῖς
655 1721 702 1748 τοῦ
714 1721 781 1749 Θεοῦ
791 1721 955 1758 ἀνθρώποις.

164 1767 237 1803 λέγω
251 1768 283 1804 δὴ
306 1770 363 1800 τοῖς
384 1769 547 1804 προφήταις.
570 1768 669 1800 κόπους
691 1769 736 1795 καὶ
761 1768 886 1803 μόχθους,
909 1769 956 1795 καὶ

160 1814 275 1848 ἀγῶνας
308 1815 371 1845 τοὺς
397 1814 467 1850 ὑπὲρ
489 1814 540 1848 τῆς
565 1815 699 1850 ὑμετέρας
724 1815 860 1850 σωτηρίας
886 1823 956 1850 παρ-

165 1858 291 1893 έχοντες;
310 1858 390 1884 Ἀλλὰ
411 1859 443 1894 δὴ
459 1859 508 1884 καὶ
524 1858 598 1894 αὐτῷ
619 1858 658 1893 τῷ
670 1859 728 1894 ἐμῷ
743 1859 813 1894 Θεῷ,
833 1859 861 1885 ὃν
878 1859 956 1895 ὑμεῖς

163 1905 288 1939 ἀγνοεῖτε
315 1904 362 1931 καὶ
389 1905 529 1940 ἀρνεῖσθε,
558 1906 592 1940 τῇ
621 1904 745 1938 πολυθέῳ
775 1906 956 1941 προσέχοντες

164 1950 264 1986 πλάνῃ,
273 1949 409 1986 σκυλμοὺς
419 1950 466 1976 καὶ
474 1949 584 1982 κόπους,
596 1950 643 1977 καί
655 1950 764 1984 ἀγῶνας
775 1950 954 1986 παρέχοντες,

163 1996 203 2032 τῷ
223 1996 259 2032 μὴ
280 1995 422 2031 βούλεσθαι
439 1996 576 2023 πιστεύειν
600 1996 682 2023 αὐτοῦ
697 1997 756 2028 ταῖς
766 1996 953 2031 ἐπαγγελίαις,

164 2043 233 2078 μηδὲ
249 2042 283 2069 τὰ
298 2041 499 2077 κεκελευσμένα
517 2043 665 2078 πράττεινς

203 2098 212 2113 ι
239 2088 287 2115 Διὰ
307 2088 385 2114 τοῦτο
403 2087 483 2114 δώσει
507 2088 608 2125 Κύριος
634 2089 715 2120 αὐτὸς
739 2089 803 2124 ὑμῖν
825 2091 953 2124 σημεῖον

171 2134 236 2160 Ἰδοὺ
251 2133 385 2169 παρθένος
400 2134 428 2160 ὲν
443 2134 541 2170 γαστρὶ.
556 2134 680 2170 λήψεται,
701 2134 748 2161 καὶ
765 2134 870 2167 τέξεται
886 2135 953 2167 υἱὸν,

164 2179 212 2205 καὶ
236 2178 361 2210 καλέσεις
381 2178 411 2204 τὸ
440 2178 524 2213 ὄνομα
550 2178 630 2205 αὑτοῦ
661 2179 844 2216 Ἐμμανουήλ.
875 2190 884 2205 ι
911 2180 953 2212 Τί,

1010 938 1121 965 tentabo
1144 937 1299 965 Dominum.
1317 947 1326 964 ι
1353 937 1473 966 Recusat
1500 939 1628 967 videlicet
1650 944 1679 967 ut
1698 940 1799 974 impius

1008 991 1039 1011 ac
1056 984 1103 1012 Dei
1121 989 1256 1018 praecepto
1270 991 1324 1011 non
1335 984 1500 1019 obsequens,
1517 991 1567 1012 nec
1578 984 1673 1013 volens
1684 991 1797 1022 stupen-

1008 1030 1048 1057 da:
1060 1029 1167 1057 virtutis
1186 1029 1234 1057 Dei
1248 1030 1463 1064 experimentum
1479 1038 1589 1066 capere.

1044 1122 1127 1150 Vens.
1149 1122 1194 1149 I5.
1218 1131 1228 1148 ‹
1242 1121 1276 1150 Ει
1297 1122 1375 1156 dixit,
1387 1123 1486 1150 Audite
1499 1130 1577 1158 ergo,
1593 1123 1689 1151 domus
1700 1123 1796 1157 David,

1007 1165 1142 1202 Numquid
1153 1175 1250 1202 parum
1265 1168 1343 1195 vobis
1354 1173 1395 1195 est
1407 1168 1561 1196 molestiam
1575 1169 1695 1204 pracbere
1709 1170 1799 1197 homi-

1007 1213 1096 1247 nibus,
1116 1221 1165 1241 cur
1184 1214 1299 1242 Domino
1326 1214 1478 1242 molestiam
1511 1215 1655 1249 praebetis?
1669 1225 1679 1242 ι
1701 1217 1797 1243 ﬂomi-

1008 1259 1050 1288 nis
1067 1259 1210 1287 stultitiam
1224 1260 1370 1287 miseratus
1383 1260 1528 1295 propheta.
1552 1268 1585 1288 ex
1607 1261 1717 1296 propria
1732 1269 1796 1295 per-

1007 1313 1073 1333 sona
1087 1313 1146 1340 quae
1161 1311 1312 1341 sequuntur
1327 1306 1497 1340 pronuntiat.
1514 1305 1578 1334 Haec
1599 1314 1681 1342 porro
1698 1307 1797 1341 Aquila

1007 1352 1059 1380 hoc
1084 1352 1165 1379 modo
1196 1353 1391 1386 interpretatur
1411 1362 1417 1378 :
1441 1361 1451 1377 ι
1473 1353 1572 1380 Audite
1595 1361 1671 1387 ergo,
1701 1353 1798 1381 domus

1007 1398 1104 1432 David,
1126 1397 1261 1432 Numquid
1278 1406 1374 1432 parum
1391 1398 1511 1434 afﬂigere
1523 1399 1605 1433 viros,
1619 1400 1682 1434 quia
1699 1399 1798 1435 amigi-

1009 1444 1043 1472 tis
1060 1444 1142 1471 etiam
1164 1444 1249 1471 Deum
1266 1445 1376 1471 meum?
1391 1455 1399 1470 I
1417 1443 1568 1473 'I‘heodolio
1591 1450 1692 1478 autem.
1717 1456 1726 1472 ε
1740 1447 1798 1473 Au-

1007 1489 1063 1517 dite
1079 1497 1156 1525 ergo,
1170 1490 1266 1517 domus
1283 1489 1377 1522 David,
1394 1489 1529 1525 Numquid
1540 1498 1634 1525 parum
1648 1490 1797 1518 molestiam

1008 1535 1131 1571 praebere
1149 1535 1225 1569 viris,
1247 1535 1311 1570 quia
1328 1535 1482 1563 molestiam
1499 1536 1626 1570 praebetis
1645 1536 1725 1564 etiam
1744 1536 1798 1564 Deo

1010 1581 1114 1608 meo?»
1145 1580 1324 1616 Symmachus
1352 1589 1427 1613 vero,
1458 1582 1579 1609 «Audite
1607 1589 1684 1616 ergo,
1701 1582 1799 1610 domus

1011 1627 1112 1660 David,
1133 1627 1230 1655 Annon
1250 1626 1366 1655 sulliciet
1387 1627 1465 1655 vobis
1485 1626 1634 1662 defatigare
1657 1628 1797 1660 homines.

1009 1676 1072 1711 quia
1097 1675 1252 1711 defatigatis
1276 1675 1357 1703 etiam
1383 1675 1469 1702 Deum
1490 1675 1627 1702 meum?»
1653 1674 1799 1703 Praesentis

1009 1728 1089 1756 porro
1109 1721 1174 1748 dicti
1191 1728 1267 1749 mens
1290 1721 1348 1748 haec
1376 1726 1427 1753 est,
1454 1720 1634 1755 Nunquamne
1654 1720 1799 1748 cessabitis

1010 1766 1056 1794 Dei
1069 1766 1235 1800 hominibus,
1252 1767 1378 1794 videlicet
1394 1766 1533 1801 prophetis
1546 1774 1595 1802 pro
1607 1772 1697 1794 vestra
1712 1766 1799 1794 salute

1010 1812 1209 1846 laborantibus,
1228 1812 1448 1847 defatigationes,
1474 1811 1583 1840 labores
1605 1817 1633 1840 et
1658 1811 1799 1840 molestias

1009 1858 1146 1892 praebere?
1174 1857 1228 1886 Sed
1257 1858 1375 1886 etiamne
1399 1857 1449 1891 ipsi
1473 1858 1530 1885 Deo
1555 1865 1626 1889 meo,
1653 1865 1733 1892 quem
1749 1864 1799 1883 vos

1010 1904 1140 1940 ignoratis
1165 1909 1192 1931 et
1222 1904 1339 1939 negatis,
1363 1903 1513 1930 multorum
1539 1903 1680 1930 numinum
1709 1903 1798 1930 errori

1009 1950 1105 1984 dediti,
1125 1949 1273 1982 molestias,
1292 1949 1498 1984 defatigationes
1521 1954 1548 1975 et
1568 1948 1677 1976 labores
1691 1947 1798 1982 pratbe-

1009 1996 1083 2029 hitis,
1109 1996 1231 2023 nolentes
1256 1996 1315 2031 ejus
1339 1994 1482 2030 promissis
1502 1994 1583 2022 tidem
1599 1994 1713 2027 habere,
1746 2001 1798 2022 nec

1009 2042 1067 2077 ejus
1077 2046 1211 2076 praecepta
1224 2040 1355 2076 exsequi?

1045 2087 1128 2115 Vens.
1147 2087 1191 2115 14.
1208 2096 1217 2113 ι
1236 2086 1350 2122 Propter
1365 2087 1417 2115 hoc
1431 2086 1508 2114 dabit
1529 2086 1659 2115 Dominus
1680 2086 1738 2123 ipse
1750 2094 1799 2114 vo-

1009 2135 1051 2162 bis
1076 2135 1180 2170 signum
1195 2144 1201 2162 :
1215 2133 1286 2162 Ecce
1301 2134 1378 2168 virgo
1394 2133 1422 2160 in
1439 2139 1516 2161 utero
1531 2133 1664 2169 concipiet
1677 2153 1684 2167 ,
1709 2138 1736 2162 et
1751 2141 1799 2168 pa-

1010 2182 1062 2208 riet
1087 2181 1182 2214 lilium,
1207 2186 1235 2208 et
1256 2180 1366 2208 vocabis
1392 2188 1490 2207 nomen
1515 2181 1574 2215 ejus
1599 2179 1767 2207 Emmanuel.
1784 2189 1795 2206 ι

165 2226 256 2260 φησὶν,
271 2226 328 2252 ἐστὶ
339 2225 370 2252 τὸ
385 2227 517 2262 σωτήριον
539 2228 660 2261 σημεῖον,
674 2226 688 2253 ὂ
704 2227 751 2253 καὶ
770 2225 807 2262 μὴ
830 2225 955 2261 βουλομέ-

1010 2227 1084 2261 Quod
1106 2232 1148 2254 est
1160 2247 1169 2261 ,
1181 2227 1268 2261 inquit
1281 2247 1289 2259 ,
1306 2227 1411 2262 signum
1425 2226 1558 2259 salutare,
1575 2226 1646 2260 quod
1659 2225 1735 2253 vobis
1754 2226 1797 2253 vel

165 2281 220 2304 νοις
235 2273 298 2307 ὑμῖν
317 2272 447 2308 παρέξει;
467 2272 616 2308 παράδοξόν
637 2281 663 2299 τι
682 2272 774 2301 θαῦμα
795 2272 872 2299 ἔσται
887 2272 953 2299 ποτὲ

162 2319 195 2345 ὲν
214 2318 375 2354 ἀνθρώποις,
397 2318 445 2345 καὶ
469 2319 580 2353 σημεῖον
609 2318 742 2354 μηδέποτε
764 2318 896 2346 ἀκουσθὲν
921 2319 953 2344 ὲκ

164 2363 213 2390 τοῦ
232 2363 329 2394 παντὸς
344 2364 450 2396 αἰῶνος.
467 2364 605 2400 Παρθὲνος
619 2365 714 2399 κυήσει
732 2364 794 2398 δίχα
812 2364 862 2399 τῆς
884 2364 953 2399 πρὸς

165 2409 252 2444 ἄνδρα
263 2409 411 2442 κοινωνίας,
428 2411 474 2437 καὶ
488 2410 554 2437 Θεὸν
565 2411 698 2445 γεννήσει,
714 2410 827 2446 Σωτῆρα
838 2410 883 2436 τοῦ
899 2409 954 2436 τῶν

166 2455 318 2490 ἀνθρώπων
331 2454 434 2489 γένους.
446 2456 546 2483 Τοῦτον
560 2456 640 2483 αὑτὸν
651 2456 695 2483 τὸν
711 2456 840 2491 μέλλοντα
856 2456 955 2492 λαγχά-

166 2510 222 2528 νειν
240 2500 366 2535 τοιαύτης
376 2502 526 2537 γεννήσεως
540 2502 606 2529 Θεὸν
619 2503 730 2537 σημεῖον
742 2502 806 2538 ὑμῖν
823 2504 955 2538 σωτήριον

166 2545 292 2574 ἐντεῦθεν
313 2545 387 2581 ῆόηό
408 2546 473 2578 Θεὸς
495 2547 627 2583 παρέχει”
653 2548 667 2574 ὃ
688 2547 720 2583 δὴ
740 2548 786 2574 καὶ
805 2549 847 2580 είς
873 2548 955 2583 βάθος

167 2591 218 2626 μὲν
238 2591 271 2617 δι’
293 2591 325 2625 ἢν
353 2592 494 2626 ποιήσεται
518 2593 613 2628 μέχρις
639 2593 701 2629 ᾆδον
724 2593 886 2627 κατάϐασιν,
913 2595 955 2625 είς

167 2638 232 2672 ῦψος
246 2638 275 2664 δὲ
296 2637 339 2664 διὰ
356 2637 405 2673 τὴν
425 2638 464 2669 είς
480 2639 610 2674 οὐρανοὺς
625 2639 766 2666 ἐπάνοδον.
784 2640 820 2666 Σὺ
835 2633 893 2671 οὖν,
918 2638 956 2666 οἷ-

166 2692 214 2715 κος
230 2683 320 2715 Δαυῒδ,
338 2683 462 2710 ἐντεῦθεν
480 2684 528 2719 ήδη
552 2685 621 2712 κατὰ
640 2685 685 2712 τὸν
706 2685 800 2721 καιρὸν
816 2686 864 2720 τῆς
887 2686 954 2721 πρὸς

166 2731 228 2761 τοὺς
242 2729 379 2765 παρόντας
395 2728 539 2764 πολεμίους
557 2730 693 2766 συμϐολῆς
708 2731 843 2758 ἀνακαλοῦ
860 2731 951 2763 αὑτὸν,

174 2775 345 2811 Ἐμμανουὴλ
361 2768 548 2810 ἐπονομάζων,
560 2776 630 2811 ὅπερ
642 2777 673 2803 ἐκ
683 2777 732 2812 τῆς
745 2777 893 2813 ἑρμηνείας
904 2778 953 2814 τὴν

169 2821 215 2847 τοῦ
232 2821 311 2855 λόγου
328 2821 476 2857 παρίστησι
496 2821 625 2857 δύναμιν·
645 2832 653 2848 ι
684 2823 742 2858 μεθ’
767 2823 845 2859 ἡμῶν
866 2834 875 2849 ι
900 2823 954 2860 γὰρ

175 2876 183 2894 I
203 2869 216 2895 ό
227 2867 292 2899 Θεὸς
308 2879 316 2893 ι
333 2868 407 2900 δηλοῖ
419 2867 548 2901 τοῦνομα.
566 2868 702 2896 Πιστεύων
714 2867 759 2897 οὖν
774 2870 842 2905 Efﬁce
853 2869 891 2905 τῷ
906 2878 954 2905 ση-

1010 2273 1163 2300 nolentibus
1178 2273 1331 2307 prmbebit?
1352 2273 1513 2306 stupendum
1530 2272 1665 2307 quoddam
1679 2271 1797 2299 miracu-

1009 2318 1064 2345 lum
1086 2318 1231 2352 aliquando
1250 2317 1275 2344 in
1291 2317 1447 2344 hominibus
1463 2317 1534 2350 erit,
1550 2324 1582 2343 ac
1602 2317 1709 2351 signum
1729 2324 1798 2344 nun-

1009 2371 1090 2398 quam
1105 2363 1179 2390 omni
1196 2363 1294 2390 saeculo
1311 2363 1445 2389 auditum.
1461 2362 1543 2397 Virgo
1559 2367 1665 2390 uterum
1680 2362 1798 2397 gestabit

1010 2410 1068 2436 sine
1085 2408 1137 2435 ulla
1153 2416 1214 2436 cum
1236 2409 1295 2436 vlro
1307 2408 1521 2442 consuetudine,
1540 2414 1566 2435 et
1584 2409 1667 2436 Deum
1686 2409 1795 2444 signet,

1009 2454 1120 2481 humani
1135 2454 1243 2489 generis
1260 2453 1439 2481 Salvatorem.
1453 2454 1529 2481 Hunc
1544 2454 1643 2489 ipsum,
1655 2455 1700 2489 qui
1716 2453 1796 2480 talem

1008 2507 1098 2528 ortum
1110 2501 1242 2528 ducturus
1263 2506 1327 2534 est,
1344 2501 1452 2534 Deum,
1467 2503 1493 2528 in
1510 2501 1618 2535 signum
1632 2499 1709 2527 vobis
1723 2499 1796 2526 salu-

1009 2552 1067 2574 tare
1079 2547 1134 2581 jam
1149 2547 1250 2575 exhinc
1272 2547 1343 2575 Deus
1361 2548 1473 2575 exhibet
1490 2557 1497 2582 ;
1516 2548 1625 2582 quodet
1641 2546 1667 2572 in
1686 2545 1797 2580 proluu-

1008 2592 1071 2620 dum
1084 2599 1111 2620 et
1124 2596 1149 2620 in
1164 2594 1247 2621 altum
1260 2594 1439 2625 extendetur;
1455 2595 1481 2621 in
1500 2591 1660 2627 profundum
1676 2590 1795 2625 quidemI

1009 2646 1056 2674 per
1071 2640 1232 2667 descensum
1249 2647 1328 2667 suum
1344 2647 1428 2675 usque
1447 2639 1482 2666 od
1499 2638 1653 2669 infernum;
1670 2636 1696 2663 in
1711 2635 1796 2662 altmn

1009 2693 1085 2719 vero,
1106 2693 1153 2720 per
1169 2694 1246 2713 suum
1260 2686 1292 2713 ad
1305 2686 1389 2714 coalos
1406 2685 1533 2713 reditum.
1552 2683 1593 2710 Tu
1607 2689 1683 2718 ergo,
1699 2683 1796 2710 domus

1007 2731 1115 2765 David,
1133 2732 1191 2767 jam
1215 2732 1242 2759 in
1268 2737 1388 2768 tempore
1412 2730 1491 2763 hujus
1513 2736 1574 2756 cum
1600 2728 1718 2756 inimicis
1744 2729 1796 2756 tuis

1008 2785 1191 2813 congressus,
1215 2786 1297 2806 evoca
1321 2778 1395 2805 illum
1410 2797 1417 2809 ,
1441 2775 1601 2803 Emmanuel
1618 2782 1795 2810 nuncupatis,

1008 2825 1079 2859 quod
1098 2831 1131 2851 ex
1155 2824 1309 2859 signiﬁcatu
1333 2823 1409 2849 verbi
1430 2822 1556 2850 virtutem
1583 2821 1703 2848 declarat
1720 2830 1727 2848 ;
1745 2820 1796 2848 hoc

1008 2869 1107 2906 quippe
1116 2877 1224 2904 nomen,
1238 2879 1247 2897 ‹
1267 2869 1410 2898 nobiscum
1425 2868 1506 2903 Deus,
1524 2878 1532 2894 ι
1552 2864 1796 2905 signiﬁcat.‘Siguo
