2059 3215
303 178 355 206 155

654 177 788 206 EUSEB"
806 176 1046 205 C/ESARIENSIS
1065 175 1140 204 OPP.
1161 176 1251 205 PARS
1272 178 1316 206 ΙΙΙ.
1330 194 1360 198 -
1373 177 1578 207 ΕΧΕΕΕἸΖΙΟᾹ.

1882 180 1932 207 156

301 240 394 274 itaque
408 238 486 269 ﬁdem
508 238 610 266 habens
625 238 732 266 conﬁde
747 247 754 265 ι
767 246 854 273 neque
878 238 949 265 ultra
966 238 1085 265 Damasci

1144 239 1212 274 μείῳ
1226 239 1332 274 θάρσει,
1350 239 1397 266 καὶ
1416 239 1514 274 μηκέτι
1531 239 1581 274 μὲν
1595 238 1673 270 θεοὺς
1688 237 1823 265 ἀνακαλοῧ
1841 240 1933 274 Δαμα-

301 283 366 310 deas
387 283 497 310 invoees
510 304 517 314 ,
530 290 620 318 neque
633 290 681 310 eos
693 303 700 314 ,
716 283 762 318 qui
781 291 833 309 non
849 287 923 315 sunt,
943 283 1091 310 auxiliares

302 329 349 355 tibi
367 329 491 360 ascribe;
509 330 557 357 sed
572 329 790 362 Emmanuclem,
810 334 903 364 utpote
924 329 1007 356 Deum
1029 336 1091 356 cum

299 374 456 403 hominibus
472 376 620 408 aliquando
636 380 817 408 vcrsaturum,
829 375 939 407 invoca.
956 382 1018 402 cum
1030 382 1092 410 per-

298 419 370 447 fecta
389 421 487 448 ﬁducia
507 429 630 456 sperans,
648 429 680 448 ac
693 421 810 448 nominis
824 420 919 448 virtuti
939 420 1019 448 ﬁdem
1043 420 1091 448 ba-

300 465 379 493 bens.

334 511 387 539 Sed
408 519 457 538 nos
475 516 618 547 postquam
636 512 688 538 huc
712 510 890 542 devenimus.
915 511 1090 538 animadver-

299 561 356 584 tere
373 563 421 590 par
434 561 487 589 est,
508 564 562 591 quo
574 562 654 591 pacto
666 557 810 591 prophetia
837 557 928 584 domui
952 557 1036 584 David
1052 557 1091 584 di-

297 607 371 628 serte
388 603 547 638 praecipiat,
571 608 682 633 ut.eum
701 602 747 637 qui
764 610 796 629 ex
810 602 921 638 Virgine
935 602 1090 630 nasciturus

297 654 340 675 est
352 669 359 681 ,
376 649 582 676 Emmanuelem
599 654 747 683 nuneupet.
763 647 830 675 Nam
850 654 876 676 tu
891 649 949 683 ipsa
963 669 971 682 ,
994 649 1090 676 domus

299 695 394 728 David,
411 702 471 730 qua:
485 695 540 729 jam
555 695 695 730 propheta:
711 695 776 722 ades
789 714 796 726 ,
819 694 932 729 ejusque
948 700 1090 721 sermones

296 741 374 768 audis
390 761 397 773 ,
412 748 474 768 eum
492 741 537 775 qui
552 741 578 767 in
596 740 727 767 vaticinia
742 741 840 772 fertur,
855 740 965 768 vocabis
980 740 1090 767 Emma-

296 786 379 819 nucl;
395 794 427 813 ac
440 787 462 814 si
478 786 579 814 clarius
592 786 707 819 diceret,
725 785 792 812 Eum
813 786 860 813 tibi
873 785 1088 820 adjutoreml‘re-

295 832 424 866 quentius
435 839 529 865 evoca,
543 832 701 866 plerumque
718 831 922 859 Emmanuelem
939 831 1088 866 appellans.

297 884 328 903 ac
343 880 370 904 ut
387 882 548 911 praesentem
573 877 619 904 tibi
637 878 721 904 Deum
737 876 902 904 vociferatus.
916 876 993 904 Licet
1014 877 1088 904 enim

1143 283 1220 316 σκοῦ,
1239 284 1305 320 μηδὲ
1319 284 1382 316 τοὺς
1403 284 1440 320 μὴ
1457 284 1536 316 ὂντας
1552 284 1665 319 βοηθοὺς
1679 284 1833 320 ὲπιγράφου
1851 293 1933 311 σεαυ-

1140 329 1187 356 τοῦ
1201 338 1207 344 ·
1226 330 1270 356 τὸν
1285 330 1313 357 δὲ
1329 329 1512 365 Ἑμμανουὴλ,
1527 330 1565 361 ὡς
1577 330 1610 357 ἂν
1623 329 1689 357 Θεὸν
1703 330 1857 366 ἀνθρώποις
1873 340 1933 358 συν-

1141 376 1270 412 εσόμενόν
1294 385 1375 411 ποτε,
1405 378 1493 410 κάλει,
1512 377 1620 414 θαρσῶν
1641 378 1689 404 σὺν
1706 377 1868 413 πεποιθήσει
1887 386 1933 404 τε-

1140 421 1210 458 λείᾳ,
1228 422 1364 450 πιστεύων
1379 425 1412 460 τῇ
1425 424 1476 460 τῆς
1494 423 1679 460 προσηγορίας
1693 423 1813 458 δυνάμει.

1183 514 1251 541 Ἀλλ’
1265 515 1381 542 ἐνταῦθα
1398 515 1560 551 γενομένους
1575 515 1649 551 ἡμᾶς
1673 515 1818 550 ἐπιστῆσαι
1845 524 1931 551 προσ-

1140 561 1212 596 ήκει,
1229 561 1267 593 ὼς
1281 561 1402 596 ἀκριϐῶς
1417 563 1434 598 ἡ
1457 562 1609 598 προφητεία
1624 561 1664 597 τῷ
1677 561 1743 597 οἴκῳ
1754 561 1835 588 Δαυῖδ
1846 569 1932 597 προσ-

1139 607 1242 641 τάττει,
1265 607 1377 634 καλέσαι
1401 607 1446 634 τὸν
1468 609 1499 634 ἐκ
1521 609 1569 644 τῆς
1591 608 1729 643 Παρθένου
1751 600 1935 643 γενησόμενον

1146 653 1330 689 Ἐμμανουήλ.
1354 654 1390 681 Σὺ
1405 653 1459 690 γὰρ
1473 654 1563 686 αὐτὸς,
1580 655 1594 680 ό
1608 651 1681 685 οἶκος
1698 653 1788 683 Δαυῖδ.
1804 654 1818 679 ὁ
1833 653 1880 680 νῦν
1893 653 1933 688 τῷ
1963 676 1966 679 .

1141 701 1269 736 προφήτῃ
1298 701 1460 736 συμπαρὼν,
1486 700 1534 727 καὶ
1558 699 1654 727 τούτου
1682 699 1856 736 ἀκροώμενος
1877 699 1932 726 τῶν

1140 745 1226 780 λόγων
1250 745 1295 772 τὸν
1315 745 1511 782 Θεσπιζόμενον
1535 746 1660 778 καλέσεις
1687 745 1875 782 Ἐμμανουήλ·
1894 747 1932 778 ὡς

1139 792 1163 818 εἰ
1197 791 1362 828 σαφέστερον
1392 791 1494 825 ἔλεγεν,
1533 790 1679 818 Ἐπικαλοῦ
1709 790 1806 826 βοηθὸν
1840 789 1932 825 ἑαυτῷ

1140 837 1270 872 συνεχῶς,
1299 837 1429 870 πολλάκις
1457 837 1631 873 Ἐμμανουήλ
1652 836 1802 872 ὀνομάζων,
1826 837 1872 863 καὶ
1893 836 1933 868 ὡς

1141 884 1253 910 συνόντα
1268 892 1308 910 σοι
1323 884 1399 917 Θεὸν,
1415 883 1510 910 τοῦτον
1522 883 1740 919 ἀνακαλούμενος
1751 892 1757 898 ·
1779 884 1803 909 εἰ
1816 883 1869 919 γὰρ
1883 882 1933 910 καὶ

296 921 463 956 longissimis
483 922 581 950 abhinc
599 923 767 957 temporibus
782 921 903 948 futurum
916 922 962 954 sit,
976 926 1004 948 ut
1025 930 1085 949 eum

1139 929 1173 956 τὰ
1186 930 1302 965 μάλιστα
1317 913 1433 966 μακροῖς
1448 930 1560 966 ὕστερον
1573 913 1678 965 χρόνοις
1690 931 1706 965 ἡ
1723 913 1859 965 Παρθένος
1871 928 1934 956 τοῦο

297 967 382 1002 Virgo
403 968 428 994 in
450 973 528 995 utero
542 973 631 1003 gestet
643 973 671 995 et
691 968 923 1003 pariat;quando
942 968 1089 1004 prophetize

297 1014 527 1048 complementum
541 1015 678 1047 adveniet,
698 1014 807 1049 quando
826 1014 870 1041 ille
884 1015 967 1042 totius
982 1015 1090 1051 generis

297 1059 409 1086 humani
436 1060 562 1088 Salvator
576 1061 772 1092 declarabitur.
796 1060 852 1088 alio
869 1065 962 1089 utetur
979 1062 1090 1089 nomine

295 1115 310 1132 a
332 1106 417 1134 salute
430 1107 567 1140 derivata;
585 1108 631 1135 sed
644 1107 700 1141 jam
713 1107 764 1135 hoc
784 1112 907 1143 tempore
928 1113 955 1135 tu
967 1128 976 1141 ,
991 1108 1090 1136 domus

295 1151 381 1180 David
395 1172 402 1185 ,
426 1160 486 1188 quae
502 1153 601 1180 bonum
627 1161 641 1179 a
661 1153 714 1180 Deo
738 1153 837 1188 pignus
854 1153 982 1186 accepisti
998 1173 1007 1185 ,
1026 1160 1090 1180 eum

295 1198 391 1226 invoca
406 1218 414 1231 ,
436 1198 641 1226 Emmanuelem
664 1198 827 1233 appellans:
849 1198 965 1225 salutem
989 1198 1090 1233 quippe

295 1243 344 1269 tibi
367 1242 490 1270 credenti
515 1248 541 1270 et
564 1243 644 1270 dictis
669 1243 870 1278 obtemperanti
896 1251 994 1270 nomen
1024 1243 1089 1270 illud

295 1287 463 1315 conciliabit.
484 1287 512 1315 Si
533 1289 606 1316 enim
623 1289 726 1316 dictum
747 1289 863 1322 fuisset,
879 1298 888 1314 ι
907 1289 941 1316 Et
954 1290 1090 1317 vocabunt

295 1342 394 1361 nomen
414 1335 471 1367 ejus
486 1334 664 1366 Emmanuel,
686 1344 695 1360 ι
715 1335 804 1363 visum
817 1335 914 1363 fuisset
926 1336 952 1362 in
967 1335 1088 1363 futurum

293 1384 401 1414 tempus
415 1384 497 1407 totam
515 1380 685 1415 prophetiam
703 1381 861 1413 remittere;
887 1381 938 1408 hoc
953 1382 1025 1408 enim
1040 1389 1087 1416 pa-

294 1430 339 1453 cto
353 1425 494 1453 dubitandi
511 1434 593 1453 causa
606 1427 806 1462 amphibologia
825 1427 852 1454 in
872 1434 1000 1455 sermone
1020 1427 1088 1456 fuis-

295 1478 354 1504 set;
374 1472 592 1506 quandoquidem
610 1472 632 1499 is
645 1473 690 1507 qui
712 1479 744 1500 ex
766 1479 859 1500 sancta
881 1473 993 1509 Virgine
1008 1479 1088 1502 natus

293 1522 336 1544 est
359 1517 483 1544 Salvator
505 1522 606 1550 noster,
626 1526 678 1544 non
691 1517 853 1546 Emmanuel
867 1540 875 1552 ,
887 1520 933 1547 sed
948 1518 1027 1547 Jesus
1041 1527 1088 1546 Vo-

293 1568 372 1589 catus
383 1568 425 1589 est
439 1582 447 1595 ,
468 1563 616 1590 sceundum
631 1563 719 1598 angeli
740 1564 880 1591 oraculum
897 1563 1014 1599 Josvpbo
1030 1566 1087 1593 edi-

294 1614 350 1636 tmn
366 1609 409 1637 his
423 1610 524 1643 verbis,
542 1619 551 1636 ι
572 1609 611 1636 Ne
629 1610 725 1638 timeas
745 1611 871 1644 accipere
887 1610 1000 1637 Mariam
1018 1620 1083 1638 con-

291 1653 382 1691 jugem
401 1661 474 1682 luant
490 1665 497 1682 :
512 1656 584 1690 quod
607 1655 680 1682 enim
699 1657 725 1682 in
741 1664 773 1683 ea
790 1661 882 1683 natum
897 1661 939 1684 est
950 1678 958 1689 ,
974 1665 1006 1684 ex
1023 1658 1084 1692 Spi-

294 1701 346 1728 ritu
362 1706 456 1727 sancto
468 1706 520 1728 est.
538 1701 629 1728 Pariet
642 1706 732 1728 autem
754 1701 837 1729 ﬁlium
850 1723 857 1735 ,
870 1708 897 1730 et
912 1703 1021 1732 vocabis
1038 1712 1086 1732 no-

292 1754 355 1774 men
370 1747 429 1782 ejus
443 1746 536 1774 Jesum
552 1757 559 1774 ς
576 1748 633 1782 ipse
648 1749 720 1774 enim
737 1748 841 1776 salvum
860 1749 943 1777 faciet
958 1750 1084 1785 populum

292 1801 372 1822 suum
388 1802 402 1820 a
423 1794 544 1828 peccatis
558 1795 616 1829 ejus
628 1794 663 1820 ".
684 1804 693 1820 ι
714 1794 741 1822 Si
759 1795 850 1829 itaque
863 1795 952 1829 Jesus,
970 1805 1022 1823 non
1038 1805 1085 1824 au-

293 1846 347 1867 tem
363 1839 532 1872 Emmanuel,
548 1848 646 1868 nomen
666 1841 773 1874 accepit
795 1841 926 1869 Dominus
948 1847 1042 1870 noster
1058 1848 1085 1870 et

293 1887 419 1916 Salvator
440 1895 474 1915 ex
500 1887 609 1922 Virgine
626 1893 707 1914 natus
720 1888 869 1915 secundum
892 1889 1061 1924 prophetiam
1076 1898 1083 1922 ;

292 1934 428 1968 quomodo
444 1941 537 1961 verum
551 1933 633 1961 fuerit
646 1934 788 1961 oraculum
803 1934 911 1968 dicens,
926 1945 936 1961 (
955 1935 987 1963 Et
1002 1944 1086 1964 voca-

293 1981 361 2007 bunt
387 1987 484 2007 nomen
506 1979 566 2013 eius
590 1980 771 2008 Emmanuel?
791 1990 800 2007 ι
821 1980 1004 2015 Quamobrem
1031 1991 1084 2011 non

292 2026 339 2054 illo
365 2025 445 2052 modo
460 2025 560 2053 dictum
583 2031 647 2059 est,
669 2035 723 2054 non
746 2027 819 2054 enim
841 2028 874 2055 ab
891 2030 1018 2057 ouantibus
1035 2030 1085 2058 hoc

292 2070 403 2097 nomine
420 2070 598 2105 appellandus
611 2076 691 2103 erat;
708 2072 754 2099 sed
770 2078 896 2100 accurate
910 2074 1085 2108 propheticus

291 2122 382 2142 sermo
404 2115 443 2142 sic
463 2115 564 2147 habet.
582 2125 592 2142 ι
614 2116 648 2143 Ει
677 2117 801 2145 vocabis.
826 2127 835 2144 ι
854 2118 893 2145 Τιι
916 2120 989 2146 enim
1005 2120 1061 2153 ipsa
1074 2141 1082 2153 ,

291 2161 389 2188 domus
407 2160 503 2195 David,
518 2161 597 2195 cujus
611 2170 692 2190 causa
713 2163 764 2191 hac
777 2164 934 2191 vaticinium
957 2166 1085 2193 enuntia-

291 2213 346 2241 tur,
363 2213 476 2242 aecepto
492 2208 588 2236 salutis
601 2208 713 2244 pignore
727 2231 734 2242 ,
750 2218 805 2245 quo
822 2215 943 2246 tempore
956 2220 1018 2240 cum
1034 2213 1084 2240 ini-

1139 984 1184 1003 τον
1201 976 1296 1011 κυήσει
1315 977 1362 1003 καὶ
1378 976 1484 1009 τέξεται
1495 985 1501 991 -
1522 976 1565 1003 ὅτε
1586 976 1632 1002 καὶ
1648 975 1677 1002 τὺ
1694 976 1868 1011 ἀποτέλεσμα
1885 984 1932 1009 γε-

1139 1022 1249 1058 νήσεται
1264 1022 1315 1057 τῆς
1331 1022 1509 1058 προφητείας,
1527 1021 1571 1048 ὅτε
1588 1021 1635 1047 καὶ
1651 1021 1745 1056 Σωτὴρ
1760 1021 1932 1055 ἀναφανήσε-

1139 1075 1183 1094 ται
1197 1066 1245 1093 τοῦ
1258 1067 1359 1099 παντὸς
1371 1067 1524 1103 ἀνθρώπων
1534 1067 1639 1101 γένους,
1653 1067 1693 1102 τῷ
1704 1067 1789 1103 ἑτέρω
1800 1067 1930 1104 χρήσεται

1139 1114 1250 1150 ὀνόματι
1268 1115 1317 1150 τῆς
1333 1114 1469 1150 σωτηρίας
1485 1113 1621 1149 ἐπωνύμῳ
1631 1122 1637 1128 ·
1653 1113 1709 1140 ἀλλ’
1724 1112 1847 1139 ἐντεῦθεν
1868 1112 1929 1148 ἤδη,

1140 1161 1183 1193 σὺ,
1198 1161 1211 1186 ό
1222 1158 1295 1192 οἶκος
1305 1159 1396 1191 Δαυῒδ,
1407 1160 1509 1194 ἀγαθὸν
1522 1159 1647 1195 σύνθημα
1658 1159 1732 1195 παρὰ
1743 1158 1809 1185 Θεοῦ
1829 1158 1929 1190 λαϐὼν,

1139 1205 1287 1237 ἀνακαλοῦ,
1300 1205 1346 1232 τὸν
1365 1205 1539 1241 Ἐμμανουὴλ
1552 1206 1692 1242 ὀνομάζων
1701 1214 1708 1220 ·
1726 1205 1861 1240 σωτηρίαν
1876 1204 1931 1234 vim

1141 1260 1181 1278 σοι
1201 1251 1355 1279 πιστεύοντι
1380 1253 1426 1278 καὶ
1449 1252 1642 1287 πειθαρχοῦντι
1656 1253 1712 1283 τοῖς
1734 1251 1891 1286 λεγομένοις
1913 1251 1930 1285 ὴ

1138 1295 1250 1331 τοιαύτη
1264 1296 1424 1332 προξενήσει
1439 1296 1544 1332 κλῆσις.
1558 1295 1589 1323 Εἰ
1606 1297 1656 1331 μὲν
1668 1294 1714 1323 οὖν
1729 1297 1831 1331 εἴρητο,
1849 1305 1857 1320 ι
1875 1296 1931 1322 Καὶ

1139 1341 1282 1368 καλέσουσι
1301 1342 1331 1368 τὺ
1350 1342 1436 1377 ὄνομα
1450 1342 1532 1369 αὑτοῦ
1558 1342 1740 1378 Ἐμμανουήλ,
1762 1352 1770 1367 ι
1793 1341 1884 1374 ἔδοξεν
1897 1341 1930 1368 ἂν

1138 1388 1178 1419 εἰς
1205 1387 1335 1423 μέλλοντα
1357 1388 1452 1424 χρόνον
1470 1389 1518 1423 τὴν
1540 1389 1630 1415 πᾶσαν
1650 1388 1845 1423 παραπέμπειν
1864 1395 1929 1424 «po.

1139 1433 1253 1468 φητείαν
1265 1441 1271 1447 ·
1287 1432 1359 1460 οὕτω
1380 1432 1435 1468 γὰρ
1452 1432 1616 1468 ἀμφιϐολίαν
1639 1429 1711 1467 εἶχεν
1727 1432 1741 1458 ὑ
1757 1431 1851 1465 λόγος·
1870 1430 1931 1456 ἐπεὶ

1140 1479 1177 1514 μὴ
1198 1478 1381 1514 Ἑμμανουὴλ,
1396 1478 1464 1504 ἀλλὰ
1481 1478 1584 1514 Ἰησοῦς
1597 1478 1728 1513 κέκληται
1740 1478 1770 1503 τὺ
1783 1477 1868 1512 ὃνομα
1881 1475 1929 1502 τοῦ

1139 1528 1170 1554 ἐκ
1185 1527 1234 1562 τῆς
1249 1527 1330 1561 ἁγίας
1351 1525 1488 1562 Παρθένου
1505 1526 1679 1561 γεννηθέντος
1699 1525 1823 1560 Σωτῆρος
1841 1525 1928 1560 ήμῶν.

1139 1572 1210 1599 κατὰ
1225 1573 1271 1599 τὸν
1284 1573 1331 1599 τοῦ
1346 1572 1462 1607 ἀγγέλου
1477 1573 1669 1608 χρηματισμὸν
1682 1573 1805 1608 φήσαντα
1821 1571 1860 1606 τῷ
1879 1571 1930 1596 Ἰω-

1139 1620 1193 1655 σήφ
1203 1628 1209 1634 ·
1226 1628 1235 1644 ι
1255 1618 1300 1654 Μὴ
1315 1619 1435 1654 φοϐηθῇς
1450 1618 1616 1654 παραλαϐεῖν
1631 1619 1740 1654 Μαρίαν
1752 1617 1800 1653 τὴν
1813 1617 1932 1651 γυναῖκά

1138 1674 1185 1692 σου
1196 1674 1202 1680 ·
1224 1666 1255 1692 τὸ
1273 1666 1328 1701 γὰρ
1348 1666 1376 1692 ὲν
1392 1666 1460 1701 αὐτῇ
1486 1665 1614 1700 γεννηθὲν
1635 1665 1668 1692 ὲκ
1683 1664 1841 1699 Πνεύματός
1857 1665 1931 1690 ἐστιν

1135 1712 1225 1746 ἁγίου.
1239 1712 1352 1744 Τέξεται
1369 1711 1397 1738 δὲ
1414 1711 1482 1744 υἱὸν,
1498 1711 1546 1738 καὶ
1560 1711 1686 1742 καλέσεις
1706 1710 1736 1737 τὸ
1749 1710 1833 1745 ὄνομα
1848 1709 1928 1736 αὑτοῦ

1142 1757 1262 1793 Ἰησοῦν·
1284 1757 1366 1789 αὐτὸς
1385 1757 1439 1792 γὰρ
1462 1757 1544 1783 σώσει
1565 1757 1612 1783 τὸν
1625 1756 1688 1783 λαὸν
1704 1756 1786 1784 αὑτοῦ
1808 1756 1860 1782 ἀπὸ
1876 1756 1930 1783 τῶν

1135 1803 1277 1839 ἁμαρτιῶν
1297 1803 1390 1829 αὑτοῦ.
1415 1812 1424 1828 ι
1448 1803 1480 1829 Εἰ
1502 1801 1548 1829 οὖν
1570 1802 1691 1838 Ἰησοῦς,
1713 1801 1769 1828 ἀλλ’
1786 1801 1846 1836 οὐχὶ
1866 1802 1930 1836 Ἐμ-

1137 1849 1257 1885 μανουὴλ
1275 1849 1305 1875 τὸ
1322 1848 1465 1884 ἐπώνυμον
1489 1848 1600 1884 εἴληφεν
1616 1849 1631 1874 ό
1656 1848 1757 1884 Κύριος
1784 1847 1862 1883 ἡμῶν
1885 1848 1929 1874 ut

1135 1896 1241 1932 Σωτὴρ,
1254 1896 1286 1922 ἐκ
1299 1895 1349 1930 τῆς
1360 1895 1498 1931 Παρθένου
1518 1894 1658 1930 γεννηθεὶς
1673 1894 1743 1921 κατὰ
1760 1893 1809 1930 τὴν
1827 1903 1929 1929 προφη-

1135 1942 1223 1968 τείαν·
1242 1941 1301 1973 πῶς
1318 1941 1350 1967 ἂν
1368 1940 1409 1967 ἔτι
1425 1940 1559 1976 ἠλήθευσε
1572 1940 1603 1966 τὸ
1617 1940 1706 1974 λόγιον
1723 1940 1823 1975 φῆσαν,
1845 1950 1854 1964 ί
1875 1940 1929 1966 Καὶ

1135 1988 1279 2015 καλέσουσι
1291 1987 1321 2014 τὸ
1331 1987 1416 2023 ὄνομα
1429 1987 1511 2013 αὑτοῦ
1531 1986 1722 2022 Ἐμμανουήλς
1743 1996 1751 2012 ι
1766 1986 1865 2021 Διόπερ
1879 1986 1930 2012 οὐκ

1135 2034 1242 2070 εἴρηται
1265 2034 1313 2069 μὲν
1337 2033 1438 2064 οὕτως·
1465 2033 1496 2059 οὺ
1523 2032 1578 2068 γὰρ
1603 2032 1715 2067 ἔμελλεν
1741 2032 1793 2058 ὑπὸ
1820 2033 1929 2059 πάντων

1133 2081 1220 2116 τούτῳ
1235 2080 1374 2107 καλεῖσθαι
1389 2079 1427 2115 τῷ
1443 2079 1618 2115 προσρήματι
1628 2087 1635 2093 ·
1654 2077 1774 2114 ἀκριϐῶς
1791 2078 1819 2105 δὲ
1834 2078 1848 2104 ό
1863 2086 1931 2113 προ-

1135 2126 1247 2162 ῳητικὺς
1267 2126 1356 2159 λόγος,
1375 2135 1384 2151 t
1406 2126 1461 2152 Καὶ
1478 2125 1612 2156 καλέσεις,
1636 2134 1645 2150 ι
1666 2124 1798 2160 περιέχει.
1821 2124 1856 2150 Σὺ
1874 2124 1928 2159 γὰρ

1134 2170 1224 2202 αὐτὸς,
1243 2170 1256 2196 ό
1270 2168 1343 2201 οἶκος
1359 2169 1450 2201 Δαυῒδ,
1467 2169 1500 2195 δι’
1516 2169 1545 2196 ὃν
1566 2170 1651 2196 ταῦτα
1674 2169 1840 2202 θεσπίζεται,
1865 2169 1928 2195 σύν-

1137 2215 1212 2251 θημα
1235 2216 1371 2252 σωτηρίας
1397 2215 1488 2242 λαϐὼν
1511 2215 1580 2242 κατὰ
1601 2215 1645 2242 τὸν
1667 2215 1762 2250 καιρόν
1783 2216 1832 2250 τῆς
1858 2216 1926 2251 πρὸς

291 2253 370 2282 micis
392 2255 567 2289 congrederis
579 2275 587 2287 ,
604 2256 691 2290 ipsqu
719 2257 924 2285 Emmatmelem
940 2266 1007 2286 voca
1021 2279 1028 2291 ,
1054 2264 1082 2287 et

1136 2263 1196 2293 τοὺς
1214 2261 1358 2296 πολεμίους
1384 2261 1532 2297 συμϐολῆς.
1567 2261 1740 2296 Ἐμμανουὴλ
1766 2261 1853 2291 κάλει,
1880 2261 1926 2287 καὶ

289 2299 413 2326 victoriae
435 2299 469 2327 de
485 2299 604 2327 inimicis
624 2306 708 2336 parta:
731 2307 871 2330 auctorem
892 2303 1019 2331 ascribe:
1036 2305 1082 2339 qui

289 2343 436 2380 aliquando
451 2345 558 2379 quidem
578 2353 613 2373 ex
639 2347 750 2381 Virgine
771 2349 944 2382 nasciturus.
965 2351 1011 2377 sed
1025 2350 1081 2384 jam

290 2391 361 2418 Deus
375 2396 404 2418 et
416 2391 552 2418 nobiscum
562 2397 614 2425 est,
629 2393 720 2428 etjam
736 2394 785 2421 tibi
800 2403 897 2430 magna
915 2396 947 2424 ad
966 2397 1081 2424 salutem

290 2437 395 2465 tribuit.
411 2437 507 2465 Divina
525 2438 617 2473 itaque
630 2444 765 2474 praecepto
782 2440 863 2468 ﬁdem
884 2441 987 2470 habens
1000 2462 1007 2475 ,
1024 2443 1082 2471 fre-

288 2489 405 2520 quenter
417 2484 503 2518 ipsum
520 2485 616 2513 invoca
629 2486 796 2520 adjutorem,
809 2487 1012 2516 Emmanuelem
1030 2497 1080 2525 ap-

288 2530 401 2566 pellans.
416 2530 537 2563 Quadam
557 2532 630 2559 enim
646 2532 802 2566 lmjusmodi
828 2542 876 2561 cett
893 2535 1080 2564 incantatione

289 2585 356 2612 opus
369 2581 412 2604 est
424 2596 432 2610 ,
446 2581 476 2604 ut
493 2584 534 2604 ne'
549 2577 718 2606 daemonibus
737 2579 914 2608 auxiliaribus
934 2582 1060 2609 attendas
1072 2601 1080 2615 ,

288 2624 335 2651 sed
350 2623 437 2651 solum
451 2623 656 2652 Emmanuelem
671 2625 781 2653 invoces
793 2645 800 2658 ,
817 2634 850 2653 ac
865 2634 912 2661 per
927 2627 1012 2661 ipsum
1036 2636 1080 2655 sa-

288 2669 370 2697 lutem
385 2670 564 2697 nanciscaris.
578 2669 705 2698 Nonnulli
724 2679 789 2698 vero
803 2672 858 2699 hare
879 2673 991 2701 minime
1005 2675 1080 2709 cogi-

289 2719 376 2742 tantes
387 2735 395 2748 ,
409 2715 435 2742 in
451 2715 596 2751 Evangelia
611 2716 758 2744 secundum
774 2716 932 2745 Matthmum
947 2740 954 2751 ,
970 2727 1018 2754 pro
1031 2720 1076 2747 illo

289 2768 300 2785 ι
319 2764 347 2786 et
360 2760 483 2793 vocabis,
502 2771 511 2787 ι
533 2771 542 2787 ι
559 2766 586 2789 et
599 2763 744 2796 vocabunt,
762 2772 772 2788 ι
788 2764 922 2798 scripsere
941 2774 947 2792 :
963 2770 989 2792 al
1012 2774 1076 2801 pro-

287 2805 396 2839 phetica
424 2805 504 2833 lectio
525 2816 577 2834 nan
592 2808 632 2836 sic
649 2809 747 2844 habet;
763 2809 810 2837 sed
833 2808 967 2839 llcbraica
995 2812 1076 2840 lcctio

322 2895 345 2911 ⁸¹
357 2895 452 2925 Matth.
471 2904 489 2926 ι.
504 2896 548 2926 ao.
569 2897 614 2925 at.

1134 2308 1184 2343 τῆς
1200 2308 1253 2334 τῶν
1271 2308 1408 2343 πολεμίων
1424 2308 1507 2343 ἥττης
1533 2308 1685 2344 ἐπιγράφου
1705 2307 1798 2334 τοῦτον
1821 2307 1923 2333 αἴτιον

1134 2355 1167 2381 ἐκ
1187 2355 1327 2390 Παρθένου
1348 2355 1397 2390 μὲν
1414 2354 1612 2390 γεννησόμενόν
1634 2363 1709 2385 ποτε,
1732 2354 1782 2389 ἤδη
1805 2354 1834 2381 δὲ
1859 2354 1925 2381 Θεὸν

1133 2399 1207 2430 ὄντα,
1230 2401 1277 2426 καὶ
1302 2399 1361 2435 μεθ’
1379 2399 1457 2434 ἡμῶν
1477 2399 1551 2430 ὄντα,
1574 2398 1698 2425 ἐντεῦθεν
1717 2398 1745 2425 δὲ
1762 2398 1811 2434 ἠδη
1829 2399 1863 2424 τὰ
1877 2407 1926 2433 με-

1133 2445 1204 2479 γάλα
1222 2445 1289 2481 πρὸς
1304 2445 1441 2480 σωτηρίαν
1457 2444 1652 2480 χαριτούμενόν
1667 2453 1718 2471 σοι.
1728 2444 1866 2470 Πιστεύω-ι
1877 2442 1925 2470 οὖν

1133 2491 1172 2526 τῷ
1202 2491 1267 2526 θείῳ
1294 2492 1502 2526 προστάγματι,
1533 2490 1652 2525 συνεχῶς
1688 2490 1768 2516 αὑτὸν
1793 2490 1924 2517 ὲπικαλοῦ

1133 2535 1241 2572 βοηθὸν,
1267 2536 1440 2571 Ἑμμανουὴλ
1460 2535 1610 2570 ὀνομάζων.
1629 2535 1765 2571 Τοιαύτης
1787 2536 1840 2572 γάρ
1853 2543 1925 2568 τινος

1132 2583 1226 2619 ὥσπερ
1251 2583 1357 2618 ἐπῳδῆς
1374 2582 1463 2618 χρεία,
1486 2582 1554 2618 πρὸς
1573 2582 1603 2608 τὺ
1628 2583 1664 2618 μὴ
1686 2583 1794 2618 δαίμοσι
1816 2583 1924 2619 βοηθοῖς

1132 2629 1292 2665 προσέχειν
1317 2628 1396 2664 μόνον
1412 2628 1439 2654 δὲ
1455 2628 1501 2654 τὸν
1530 2628 1702 2664 Ἐμμανουὴλ
1722 2630 1921 2662 ἐπικαλεῖσθαι,

1131 2675 1178 2700 καὶ
1196 2674 1229 2700 δι’
1246 2673 1329 2700 αὑτοῦ
1346 2672 1489 2704 σώζεσθαι.
1504 2673 1597 2700 Ταῦτα
1619 2674 1655 2709 μὴ
1670 2674 1815 2709 νοήσαντες
1839 2683 1921 2707 τινες,

1129 2720 1158 2745 ὲν
1172 2718 1212 2754 τῷ
1224 2719 1295 2746 κατὰ
1308 2718 1446 2745 Ματθαῖον
1461 2718 1629 2754 Εὐαγγελίῳ,
1641 2719 1702 2745 ἀντὶ
1713 2719 1771 2750 τοῦ,
1788 2729 1797 2745 ι
1814 2722 1861 2746 καὶ
1872 2729 1923 2747 κα-

1126 2765 1226 2798 λέσεις,
1238 2775 1298 2790 ›-ι
1309 2765 1355 2791 καὶ
1362 2763 1515 2796 καλέσουσι,
1534 2774 1542 2791 t
1563 2766 1742 2801 πεποιήκασιν
1752 2774 1759 2781 ·
1773 2766 1820 2801 οὐχ
1835 2765 1923 2798 οὕτως

1126 2812 1242 2847 ἐχούσης
1255 2812 1305 2847 τῆς
1317 2811 1490 2847 προφητικῆς
1501 2811 1600 2846 λέξεως
1611 2820 1617 2827 ·
1634 2812 1650 2847 ἥ
1667 2820 1696 2838 τε
1714 2812 1768 2848 γὰρ
1790 2811 1923 2848 Ἐϐραῖκὴ
