  <div class='ocr_page' id='page_1' title='image "/cluster/home/n/w/nwhite01/storage/ocr_20150623/24/njp.32101077772513/076.png"; bbox 0 0 2059 3215; ppageno 0'>
   <div class='ocr_carea' id='block_1_1' title="bbox 158 151 206 178">
    <p class='ocr_par' dir='ltr' id='par_1_1' title="bbox 158 151 206 178">
     <span class='ocr_line' id='line_1_1' title="bbox 158 151 206 178; baseline 0 -1"><span class='ocrx_word' id='word_1_1' title='bbox 158 151 206 178; x_wconf 75' lang='grc'><strong>157</strong></span> 
     </span>
    </p>
   </div>
   <div class='ocr_carea' id='block_1_2' title="bbox 614 145 1293 178">
    <p class='ocr_par' dir='ltr' id='par_1_2' title="bbox 614 145 1293 178">
     <span class='ocr_line' id='line_1_2' title="bbox 614 145 1293 178; baseline -0.006 0"><span class='ocrx_word' id='word_1_2' title='bbox 614 148 866 178; x_wconf 75' lang='lat' dir='ltr'><strong>COMMENTARIA</strong></span> <span class='ocrx_word' id='word_1_3' title='bbox 887 147 919 177; x_wconf 84' lang='lat' dir='ltr'><strong>lN</strong></span> <span class='ocrx_word' id='word_1_4' title='bbox 940 149 1068 178; x_wconf 80' lang='lat' dir='ltr'><strong>ISAIAM.</strong></span> <span class='ocrx_word' id='word_1_5' title='bbox 1088 165 1121 170; x_wconf 91' lang='lat'><strong>—</strong></span> <span class='ocrx_word' id='word_1_6' title='bbox 1140 145 1216 176; x_wconf 81' lang='lat' dir='ltr'><strong>CAP.</strong></span> <span class='ocrx_word' id='word_1_7' title='bbox 1239 147 1293 174; x_wconf 78' lang='lat' dir='ltr'><strong>Vll.</strong></span> 
     </span>
    </p>
   </div>
   <div class='ocr_carea' id='block_1_3' title="bbox 1732 146 1780 172">
    <p class='ocr_par' dir='ltr' id='par_1_3' title="bbox 1732 146 1780 172">
     <span class='ocr_line' id='line_1_3' title="bbox 1732 146 1780 172; baseline 0 0"><span class='ocrx_word' id='word_1_8' title='bbox 1732 146 1780 172; x_wconf 79' lang='lat' dir='ltr'><strong>l38</strong></span> 
     </span>
    </p>
   </div>
   <div class='ocr_carea' id='block_1_4' title="bbox 155 206 949 246">
    <p class='ocr_par' dir='ltr' id='par_1_4' title="bbox 155 208 944 246">
     <span class='ocr_line' id='line_1_4' title="bbox 155 208 944 246; baseline 0.003 -11"><span class='ocrx_word' id='word_1_9' title='bbox 155 209 242 244; x_wconf 74' lang='grc' dir='ltr'>φωνὴ,</span> <span class='ocrx_word' id='word_1_10' title='bbox 258 208 342 244; x_wconf 81' lang='grc' dir='ltr'>ταύτῃ</span> <span class='ocrx_word' id='word_1_11' title='bbox 358 217 387 236; x_wconf 83' lang='grc' dir='ltr'><strong>τε</strong></span> <span class='ocrx_word' id='word_1_12' title='bbox 405 210 587 246; x_wconf 69' lang='grc' dir='ltr'>καταλληλως,</span> <span class='ocrx_word' id='word_1_13' title='bbox 610 211 656 237; x_wconf 79' lang='grc' dir='ltr'>καὶ</span> <span class='ocrx_word' id='word_1_14' title='bbox 677 210 795 242; x_wconf 70' lang='grc' dir='ltr'>ἅπαντες</span> <span class='ocrx_word' id='word_1_15' title='bbox 814 211 838 237; x_wconf 85' lang='grc' dir='ltr'>οἱ</span> <span class='ocrx_word' id='word_1_16' title='bbox 859 212 944 246; x_wconf 79' lang='grc' dir='ltr'>ἑρμη-</span> 
     </span>
    </p>
   </div>
   <div class='ocr_carea' id='block_1_5' title="bbox 1000 206 1782 246">
    <p class='ocr_par' dir='ltr' id='par_1_5' title="bbox 1000 206 1782 241">
     <span class='ocr_line' id='line_1_5' title="bbox 1000 206 1782 241; baseline -0.009 -3"><span class='ocrx_word' id='word_1_17' title='bbox 1000 218 1056 237; x_wconf 74' lang='grc' dir='ltr'>ιιιιη</span> <span class='ocrx_word' id='word_1_18' title='bbox 1068 210 1118 237; x_wconf 83' lang='lat' dir='ltr'><strong>hac</strong></span> <span class='ocrx_word' id='word_1_19' title='bbox 1133 213 1224 236; x_wconf 87' lang='lat' dir='ltr'><strong>nostra</strong></span> <span class='ocrx_word' id='word_1_20' title='bbox 1240 206 1366 241; x_wconf 78' lang='lat' dir='ltr'><strong>congruit</strong></span> <span class='ocrx_word' id='word_1_21' title='bbox 1380 217 1386 234; x_wconf 90' lang='lat'><strong>:</strong></span> <span class='ocrx_word' id='word_1_22' title='bbox 1403 211 1429 234; x_wconf 87' lang='lat' dir='ltr'><strong>et</strong></span> <span class='ocrx_word' id='word_1_23' title='bbox 1448 212 1543 233; x_wconf 81' lang='lat' dir='ltr'><strong>omnes</strong></span> <span class='ocrx_word' id='word_1_24' title='bbox 1560 206 1721 239; x_wconf 84' lang='lat' dir='ltr'><strong>interpretes</strong></span> <span class='ocrx_word' id='word_1_25' title='bbox 1739 215 1782 231; x_wconf 71' lang='grc' dir='ltr'><strong>νυ-</strong></span> 
     </span>
    </p>
   </div>
   <div class='ocr_carea' id='block_1_6' title="bbox 155 255 630 289">
    <p class='ocr_par' dir='ltr' id='par_1_6' title="bbox 155 255 630 289">
     <span class='ocr_line' id='line_1_6' title="bbox 155 255 630 289; baseline 0.004 -7"><span class='ocrx_word' id='word_1_26' title='bbox 155 257 258 288; x_wconf 82' lang='grc' dir='ltr'>νευταὶ,</span> <span class='ocrx_word' id='word_1_27' title='bbox 275 255 426 289; x_wconf 72' lang='grc' dir='ltr'><strong>καλέσεις,</strong></span> <span class='ocrx_word' id='word_1_28' title='bbox 441 257 630 284; x_wconf 81' lang='grc' dir='ltr'>ὲκδεδώκασιν.</span> 
     </span>
    </p>
   </div>
   <div class='ocr_carea' id='block_1_7' title="bbox 195 301 945 340">
    <p class='ocr_par' dir='ltr' id='par_1_7' title="bbox 195 301 945 340">
     <span class='ocr_line' id='line_1_7' title="bbox 195 301 945 340; baseline 0.001 -12"><span class='ocrx_word' id='word_1_29' title='bbox 195 312 205 328; x_wconf 78' lang='grc' dir='ltr'><strong>ι</strong></span> <span class='ocrx_word' id='word_1_30' title='bbox 224 301 419 337; x_wconf 67' lang='grc' dir='ltr'>Βούτυρονκαὶ</span> <span class='ocrx_word' id='word_1_31' title='bbox 435 302 495 337; x_wconf 81' lang='grc' dir='ltr'>μέλι</span> <span class='ocrx_word' id='word_1_32' title='bbox 509 303 635 337; x_wconf 80' lang='grc' dir='ltr'><strong>φάγεται,</strong></span> <span class='ocrx_word' id='word_1_33' title='bbox 654 305 718 340; x_wconf 78' lang='grc' dir='ltr'>πρὶν</span> <span class='ocrx_word' id='word_1_34' title='bbox 734 303 751 339; x_wconf 82' lang='grc' dir='ltr'>ἢ</span> <span class='ocrx_word' id='word_1_35' title='bbox 774 303 874 337; x_wconf 81' lang='grc' dir='ltr'>γνῶναι</span> <span class='ocrx_word' id='word_1_36' title='bbox 895 303 945 329; x_wconf 70' lang='grc' dir='ltr'><strong>αὖ·</strong></span> 
     </span>
    </p>
   </div>
   <div class='ocr_carea' id='block_1_8' title="bbox 155 347 943 384">
    <p class='ocr_par' dir='ltr' id='par_1_8' title="bbox 155 347 943 384">
     <span class='ocr_line' id='line_1_8' title="bbox 155 347 943 384; baseline 0 -10"><span class='ocrx_word' id='word_1_37' title='bbox 155 347 212 380; x_wconf 80' lang='grc' dir='ltr'>τὸν,</span> <span class='ocrx_word' id='word_1_38' title='bbox 227 347 243 383; x_wconf 75' lang='grc' dir='ltr'>ᾖ</span> <span class='ocrx_word' id='word_1_39' title='bbox 260 347 420 383; x_wconf 74' lang='grc' dir='ltr'><strong>προελέσθαι</strong></span> <span class='ocrx_word' id='word_1_40' title='bbox 438 348 554 384; x_wconf 80' lang='grc' dir='ltr'>πονηρὰ,</span> <span class='ocrx_word' id='word_1_41' title='bbox 568 349 729 382; x_wconf 80' lang='grc' dir='ltr'><strong>ἐκλέξασθαι</strong></span> <span class='ocrx_word' id='word_1_42' title='bbox 745 349 775 376; x_wconf 83' lang='grc' dir='ltr'><strong>τὸ</strong></span> <span class='ocrx_word' id='word_1_43' title='bbox 796 349 908 383; x_wconf 83' lang='grc' dir='ltr'>ἀγαθόν.</span> <span class='ocrx_word' id='word_1_44' title='bbox 934 358 943 374; x_wconf 72' lang='grc' dir='ltr'><strong>ι</strong></span> 
     </span>
    </p>
   </div>
   <div class='ocr_carea' id='block_1_9' title="bbox 155 393 946 430">
    <p class='ocr_par' dir='ltr' id='par_1_9' title="bbox 155 393 946 430">
     <span class='ocr_line' id='line_1_9' title="bbox 155 393 946 430; baseline 0.003 -11"><span class='ocrx_word' id='word_1_45' title='bbox 155 394 187 420; x_wconf 85' lang='grc' dir='ltr'><strong>Εἰ</strong></span> <span class='ocrx_word' id='word_1_46' title='bbox 197 393 262 428; x_wconf 81' lang='grc' dir='ltr'>γοῦν</span> <span class='ocrx_word' id='word_1_47' title='bbox 275 393 424 429; x_wconf 80' lang='grc' dir='ltr'><strong>θαυμάζεις</strong></span> <span class='ocrx_word' id='word_1_48' title='bbox 437 394 502 420; x_wconf 80' lang='grc' dir='ltr'>Θεὸν</span> <span class='ocrx_word' id='word_1_49' title='bbox 518 393 686 430; x_wconf 79' lang='grc' dir='ltr'><strong>γεννώμενον</strong></span> <span class='ocrx_word' id='word_1_50' title='bbox 702 394 818 427; x_wconf 78' lang='grc' dir='ltr'>ἀκούων,</span> <span class='ocrx_word' id='word_1_51' title='bbox 837 395 946 421; x_wconf 87' lang='grc' dir='ltr'>πίστευ-</span> 
     </span>
    </p>
   </div>
   <div class='ocr_carea' id='block_1_10' title="bbox 156 440 946 478">
    <p class='ocr_par' dir='ltr' id='par_1_10' title="bbox 156 440 946 478">
     <span class='ocr_line' id='line_1_10' title="bbox 156 440 946 478; baseline 0.004 -12"><span class='ocrx_word' id='word_1_52' title='bbox 156 449 214 471; x_wconf 86' lang='grc' dir='ltr'>σον,</span> <span class='ocrx_word' id='word_1_53' title='bbox 234 440 276 466; x_wconf 83' lang='grc' dir='ltr'>ὃτι</span> <span class='ocrx_word' id='word_1_54' title='bbox 293 440 340 466; x_wconf 79' lang='grc' dir='ltr'><strong>καὶ</strong></span> <span class='ocrx_word' id='word_1_55' title='bbox 357 441 443 475; x_wconf 77' lang='grc' dir='ltr'>τροφῇ</span> <span class='ocrx_word' id='word_1_56' title='bbox 467 441 571 476; x_wconf 82' lang='grc' dir='ltr'>νηπίων</span> <span class='ocrx_word' id='word_1_57' title='bbox 593 442 735 477; x_wconf 79' lang='grc' dir='ltr'>χρήσεται.</span> <span class='ocrx_word' id='word_1_58' title='bbox 752 442 789 468; x_wconf 87' lang='grc' dir='ltr'><strong>Οὺ</strong></span> <span class='ocrx_word' id='word_1_59' title='bbox 804 442 859 478; x_wconf 80' lang='grc' dir='ltr'>γὰρ</span> <span class='ocrx_word' id='word_1_60' title='bbox 876 442 946 469; x_wconf 83' lang='grc' dir='ltr'>κατά</span> 
     </span>
    </p>
   </div>
   <div class='ocr_carea' id='block_1_11' title="bbox 154 486 947 524">
    <p class='ocr_par' dir='ltr' id='par_1_11' title="bbox 154 486 947 524">
     <span class='ocr_line' id='line_1_11' title="bbox 154 486 947 524; baseline 0 -11"><span class='ocrx_word' id='word_1_61' title='bbox 154 495 216 513; x_wconf 85' lang='grc' dir='ltr'>τινα</span> <span class='ocrx_word' id='word_1_62' title='bbox 243 486 394 521; x_wconf 80' lang='grc' dir='ltr'><strong>φαντασίαν</strong></span> <span class='ocrx_word' id='word_1_63' title='bbox 410 486 556 523; x_wconf 75' lang='grc' dir='ltr'>ὀφθήσεται</span> <span class='ocrx_word' id='word_1_64' title='bbox 572 488 729 524; x_wconf 75' lang='grc' dir='ltr'>ἄνθρωπος,</span> <span class='ocrx_word' id='word_1_65' title='bbox 749 488 805 524; x_wconf 65' lang='grc' dir='ltr'><strong>(Ην)</strong></span> <span class='ocrx_word' id='word_1_66' title='bbox 830 487 891 514; x_wconf 80' lang='grc' dir='ltr'>οὗτε</span> <span class='ocrx_word' id='word_1_67' title='bbox 907 488 947 523; x_wconf 86' lang='grc' dir='ltr'><strong>τῷ</strong></span> 
     </span>
    </p>
   </div>
   <div class='ocr_carea' id='block_1_12' title="bbox 153 531 947 568">
    <p class='ocr_par' dir='ltr' id='par_1_12' title="bbox 153 531 947 568">
     <span class='ocr_line' id='line_1_12' title="bbox 153 531 947 568; baseline 0.001 -10"><span class='ocrx_word' id='word_1_68' title='bbox 153 532 244 559; x_wconf 81' lang='grc' dir='ltr'><strong>δοκεῖν</strong></span> <span class='ocrx_word' id='word_1_69' title='bbox 267 531 344 559; x_wconf 78' lang='grc' dir='ltr'>ἔσται</span> <span class='ocrx_word' id='word_1_70' title='bbox 367 532 398 558; x_wconf 79' lang='grc' dir='ltr'><strong>τὸ</strong></span> <span class='ocrx_word' id='word_1_71' title='bbox 422 533 580 568; x_wconf 83' lang='grc' dir='ltr'>γινόμενον·</span> <span class='ocrx_word' id='word_1_72' title='bbox 606 533 663 560; x_wconf 84' lang='grc' dir='ltr'>ἀλλ’</span> <span class='ocrx_word' id='word_1_73' title='bbox 687 533 795 568; x_wconf 80' lang='grc' dir='ltr'>ἀληθῶς</span> <span class='ocrx_word' id='word_1_74' title='bbox 819 534 947 568; x_wconf 78' lang='grc' dir='ltr'><strong>τοιαύτην</strong></span> 
     </span>
    </p>
   </div>
   <div class='ocr_carea' id='block_1_13' title="bbox 155 578 944 615">
    <p class='ocr_par' dir='ltr' id='par_1_13' title="bbox 155 578 944 615">
     <span class='ocr_line' id='line_1_13' title="bbox 155 578 944 615; baseline 0 -10"><span class='ocrx_word' id='word_1_75' title='bbox 155 578 289 614; x_wconf 83' lang='grc' dir='ltr'>ὑπομενεῖ</span> <span class='ocrx_word' id='word_1_76' title='bbox 310 579 453 614; x_wconf 78' lang='grc' dir='ltr'>γέννησιν,</span> <span class='ocrx_word' id='word_1_77' title='bbox 476 578 514 611; x_wconf 84' lang='grc' dir='ltr'>ὡς</span> <span class='ocrx_word' id='word_1_78' title='bbox 538 580 699 614; x_wconf 76' lang='grc' dir='ltr'>κοινωνῆσαι</span> <span class='ocrx_word' id='word_1_79' title='bbox 715 579 820 614; x_wconf 86' lang='grc' dir='ltr'>νηπίων</span> <span class='ocrx_word' id='word_1_80' title='bbox 843 580 944 615; x_wconf 76' lang='grc' dir='ltr'>τροφῇ·</span> 
     </span>
    </p>
   </div>
   <div class='ocr_carea' id='block_1_14' title="bbox 156 624 944 661">
    <p class='ocr_par' dir='ltr' id='par_1_14' title="bbox 156 624 944 661">
     <span class='ocr_line' id='line_1_14' title="bbox 156 624 944 661; baseline 0 -10"><span class='ocrx_word' id='word_1_81' title='bbox 156 624 280 661; x_wconf 87' lang='grc' dir='ltr'>βουτύρῳ</span> <span class='ocrx_word' id='word_1_82' title='bbox 289 625 361 659; x_wconf 80' lang='grc' dir='ltr'>λέγω</span> <span class='ocrx_word' id='word_1_83' title='bbox 373 625 421 651; x_wconf 72' lang='grc' dir='ltr'>καὶ</span> <span class='ocrx_word' id='word_1_84' title='bbox 432 625 519 660; x_wconf 81' lang='grc' dir='ltr'><strong>μέλιτι</strong></span> <span class='ocrx_word' id='word_1_85' title='bbox 531 625 631 660; x_wconf 83' lang='grc' dir='ltr'>ὁμοίως</span> <span class='ocrx_word' id='word_1_86' title='bbox 643 627 698 658; x_wconf 86' lang='grc' dir='ltr'>τοῖς</span> <span class='ocrx_word' id='word_1_87' title='bbox 710 625 811 657; x_wconf 81' lang='grc' dir='ltr'>λοιποῖς</span> <span class='ocrx_word' id='word_1_88' title='bbox 825 626 944 661; x_wconf 80' lang='grc' dir='ltr'>βρέφεσι.</span> 
     </span>
    </p>
   </div>
   <div class='ocr_carea' id='block_1_15' title="bbox 155 667 946 708">
    <p class='ocr_par' dir='ltr' id='par_1_15' title="bbox 155 667 946 708">
     <span class='ocr_line' id='line_1_15' title="bbox 155 667 946 708; baseline 0.001 -11"><span class='ocrx_word' id='word_1_89' title='bbox 155 670 241 705; x_wconf 81' lang='grc' dir='ltr'>Τοῦτο</span> <span class='ocrx_word' id='word_1_90' title='bbox 256 670 305 706; x_wconf 81' lang='grc' dir='ltr'>μὲν</span> <span class='ocrx_word' id='word_1_91' title='bbox 317 667 363 697; x_wconf 79' lang='grc' dir='ltr'><strong>οὖν</strong></span> <span class='ocrx_word' id='word_1_92' title='bbox 375 671 558 706; x_wconf 81' lang='grc' dir='ltr'>ἀνθρώπινον·</span> <span class='ocrx_word' id='word_1_93' title='bbox 578 672 607 698; x_wconf 89' lang='grc' dir='ltr'>τὸ</span> <span class='ocrx_word' id='word_1_94' title='bbox 620 672 649 698; x_wconf 83' lang='grc' dir='ltr'>δὲ</span> <span class='ocrx_word' id='word_1_95' title='bbox 663 672 712 707; x_wconf 83' lang='grc' dir='ltr'>τῆς</span> <span class='ocrx_word' id='word_1_96' title='bbox 726 672 851 708; x_wconf 79' lang='grc' dir='ltr'>θεότητος</span> <span class='ocrx_word' id='word_1_97' title='bbox 864 672 946 698; x_wconf 75' lang='grc' dir='ltr'>αὐτοῦ</span> 
     </span>
    </p>
   </div>
   <div class='ocr_carea' id='block_1_16' title="bbox 155 716 945 753">
    <p class='ocr_par' dir='ltr' id='par_1_16' title="bbox 155 716 945 753">
     <span class='ocr_line' id='line_1_16' title="bbox 155 716 945 753; baseline 0.003 -11"><span class='ocrx_word' id='word_1_98' title='bbox 155 716 358 752; x_wconf 74' lang='grc' dir='ltr'><strong>παραστατικὸν</strong></span> <span class='ocrx_word' id='word_1_99' title='bbox 369 717 454 743; x_wconf 71' lang='grc' dir='ltr'>ἐκεῖνο</span> <span class='ocrx_word' id='word_1_100' title='bbox 467 717 500 744; x_wconf 80' lang='grc' dir='ltr'><strong>ἂν</strong></span> <span class='ocrx_word' id='word_1_101' title='bbox 513 717 568 752; x_wconf 80' lang='grc' dir='ltr'>εἴη,</span> <span class='ocrx_word' id='word_1_102' title='bbox 581 718 621 744; x_wconf 85' lang='grc' dir='ltr'>ὃτι</span> <span class='ocrx_word' id='word_1_103' title='bbox 633 718 698 753; x_wconf 74' lang='grc' dir='ltr'>πρὶν</span> <span class='ocrx_word' id='word_1_104' title='bbox 713 718 729 753; x_wconf 78' lang='grc' dir='ltr'>ἢ</span> <span class='ocrx_word' id='word_1_105' title='bbox 742 718 841 753; x_wconf 85' lang='grc' dir='ltr'>γνῶναι</span> <span class='ocrx_word' id='word_1_106' title='bbox 854 718 945 750; x_wconf 73' lang='grc' dir='ltr'>αὑτὸν,</span> 
     </span>
    </p>
   </div>
   <div class='ocr_carea' id='block_1_17' title="bbox 154 761 946 798">
    <p class='ocr_par' dir='ltr' id='par_1_17' title="bbox 154 761 946 798">
     <span class='ocr_line' id='line_1_17' title="bbox 154 761 946 798; baseline 0.005 -11"><span class='ocrx_word' id='word_1_107' title='bbox 154 761 171 797; x_wconf 84' lang='grc' dir='ltr'>ἦ</span> <span class='ocrx_word' id='word_1_108' title='bbox 189 761 349 797; x_wconf 78' lang='grc' dir='ltr'>προελέσθαι</span> <span class='ocrx_word' id='word_1_109' title='bbox 367 763 481 798; x_wconf 75' lang='grc' dir='ltr'>πονηρὰ,</span> <span class='ocrx_word' id='word_1_110' title='bbox 506 763 644 796; x_wconf 74' lang='grc' dir='ltr'>ὲκλέξεται</span> <span class='ocrx_word' id='word_1_111' title='bbox 665 764 695 790; x_wconf 85' lang='grc' dir='ltr'><strong>τὸ</strong></span> <span class='ocrx_word' id='word_1_112' title='bbox 711 764 828 798; x_wconf 77' lang='grc' dir='ltr'>ἀγαθὸν,</span> <span class='ocrx_word' id='word_1_113' title='bbox 846 765 892 791; x_wconf 72' lang='grc' dir='ltr'><strong>καὶ</strong></span> <span class='ocrx_word' id='word_1_114' title='bbox 912 765 946 792; x_wconf 74' lang='grc' dir='ltr'>τὰ</span> 
     </span>
    </p>
   </div>
   <div class='ocr_carea' id='block_1_18' title="bbox 154 808 946 846">
    <p class='ocr_par' dir='ltr' id='par_1_18' title="bbox 154 808 946 846">
     <span class='ocr_line' id='line_1_18' title="bbox 154 808 946 846; baseline 0.005 -12"><span class='ocrx_word' id='word_1_115' title='bbox 154 808 230 843; x_wconf 80' lang='grc' dir='ltr'><strong>ἑξῆς.</strong></span> <span class='ocrx_word' id='word_1_116' title='bbox 247 808 378 844; x_wconf 87' lang='grc' dir='ltr'>Σημαίνει</span> <span class='ocrx_word' id='word_1_117' title='bbox 400 809 427 835; x_wconf 84' lang='grc' dir='ltr'><strong>δὲ</strong></span> <span class='ocrx_word' id='word_1_118' title='bbox 445 810 458 836; x_wconf 87' lang='grc' dir='ltr'>ὁ</span> <span class='ocrx_word' id='word_1_119' title='bbox 474 809 562 843; x_wconf 81' lang='grc' dir='ltr'>λόγος,</span> <span class='ocrx_word' id='word_1_120' title='bbox 580 810 621 836; x_wconf 80' lang='grc' dir='ltr'><strong>ὅτι</strong></span> <span class='ocrx_word' id='word_1_121' title='bbox 643 812 690 837; x_wconf 75' lang='grc' dir='ltr'>καὶ</span> <span class='ocrx_word' id='word_1_122' title='bbox 710 811 774 846; x_wconf 77' lang='grc' dir='ltr'>παρ’</span> <span class='ocrx_word' id='word_1_123' title='bbox 797 811 881 846; x_wconf 77' lang='grc' dir='ltr'>αὐτὴν</span> <span class='ocrx_word' id='word_1_124' title='bbox 897 811 946 846; x_wconf 76' lang='grc' dir='ltr'>τὴν</span> 
     </span>
    </p>
   </div>
   <div class='ocr_carea' id='block_1_19' title="bbox 155 853 944 892">
    <p class='ocr_par' dir='ltr' id='par_1_19' title="bbox 155 853 944 892">
     <span class='ocr_line' id='line_1_19' title="bbox 155 853 944 892; baseline 0.005 -12"><span class='ocrx_word' id='word_1_125' title='bbox 155 854 281 890; x_wconf 80' lang='grc' dir='ltr'>γέννησιν</span> <span class='ocrx_word' id='word_1_126' title='bbox 294 855 460 891; x_wconf 82' lang='grc' dir='ltr'>διακριτικὸς</span> <span class='ocrx_word' id='word_1_127' title='bbox 474 864 516 887; x_wconf 87' lang='grc' dir='ltr'><strong>τις</strong></span> <span class='ocrx_word' id='word_1_128' title='bbox 537 853 579 891; x_wconf 74' lang='grc' dir='ltr'>ἦν,</span> <span class='ocrx_word' id='word_1_129' title='bbox 598 856 643 882; x_wconf 74' lang='grc' dir='ltr'><strong>καὶ</strong></span> <span class='ocrx_word' id='word_1_130' title='bbox 661 856 771 890; x_wconf 80' lang='grc' dir='ltr'><strong>ἀγαθῶν</strong></span> <span class='ocrx_word' id='word_1_131' title='bbox 793 857 944 892; x_wconf 80' lang='grc' dir='ltr'>ποιητικὸς,</span> 
     </span>
    </p>
   </div>
   <div class='ocr_carea' id='block_1_20' title="bbox 154 896 983 938">
    <p class='ocr_par' dir='ltr' id='par_1_20' title="bbox 154 896 983 938">
     <span class='ocr_line' id='line_1_20' title="bbox 154 896 983 938; baseline 0.004 -12"><span class='ocrx_word' id='word_1_132' title='bbox 154 901 170 926; x_wconf 83' lang='grc' dir='ltr'><strong>ὸ</strong></span> <span class='ocrx_word' id='word_1_133' title='bbox 193 900 383 936; x_wconf 75' lang='grc' dir='ltr'>Ἐμμανουήλ,</span> <span class='ocrx_word' id='word_1_134' title='bbox 400 900 430 927; x_wconf 78' lang='grc' dir='ltr'><strong>τὸ</strong></span> <span class='ocrx_word' id='word_1_135' title='bbox 451 901 572 936; x_wconf 78' lang='grc' dir='ltr'>κριτικὸν</span> <span class='ocrx_word' id='word_1_136' title='bbox 593 903 624 935; x_wconf 76' lang='grc' dir='ltr'><strong>ἐξ</strong></span> <span class='ocrx_word' id='word_1_137' title='bbox 647 902 752 929; x_wconf 74' lang='grc' dir='ltr'>ἐκείνου</span> <span class='ocrx_word' id='word_1_138' title='bbox 770 902 945 938; x_wconf 79' lang='grc' dir='ltr'>κεκτημένος,</span> <span class='ocrx_word' id='word_1_139' title='bbox 963 896 983 922; x_wconf 78' lang='grc' dir='ltr'><strong>Β</strong></span> 
     </span>
    </p>
   </div>
   <div class='ocr_carea' id='block_1_21' title="bbox 155 942 946 984">
    <p class='ocr_par' dir='ltr' id='par_1_21' title="bbox 155 942 946 984">
     <span class='ocr_line' id='line_1_21' title="bbox 155 942 946 984; baseline 0.001 -10"><span class='ocrx_word' id='word_1_140' title='bbox 155 948 203 974; x_wconf 82' lang='grc' dir='ltr'><strong>καὶ</strong></span> <span class='ocrx_word' id='word_1_141' title='bbox 217 947 412 983; x_wconf 78' lang='grc' dir='ltr'>ἀποσειόμενος</span> <span class='ocrx_word' id='word_1_142' title='bbox 435 942 530 983; x_wconf 64' lang='grc' dir='ltr'>μὲν”τὸ</span> <span class='ocrx_word' id='word_1_143' title='bbox 545 949 643 975; x_wconf 80' lang='grc' dir='ltr'>κακόν-</span> <span class='ocrx_word' id='word_1_144' title='bbox 662 949 741 984; x_wconf 80' lang='grc' dir='ltr'>μόνον</span> <span class='ocrx_word' id='word_1_145' title='bbox 755 949 783 975; x_wconf 80' lang='grc' dir='ltr'>δὲ</span> <span class='ocrx_word' id='word_1_146' title='bbox 797 949 828 975; x_wconf 81' lang='grc' dir='ltr'>τὸ</span> <span class='ocrx_word' id='word_1_147' title='bbox 846 949 946 983; x_wconf 72' lang='grc' dir='ltr'>ἀγαθὸν</span> 
     </span>
    </p>
   </div>
   <div class='ocr_carea' id='block_1_22' title="bbox 155 991 946 1029">
    <p class='ocr_par' dir='ltr' id='par_1_22' title="bbox 155 991 946 1029">
     <span class='ocr_line' id='line_1_22' title="bbox 155 991 946 1029; baseline 0.003 -11"><span class='ocrx_word' id='word_1_148' title='bbox 155 992 365 1028; x_wconf 77' lang='grc' dir='ltr'>ἀποδεχόμενος.</span> <span class='ocrx_word' id='word_1_149' title='bbox 387 992 521 1028; x_wconf 86' lang='grc' dir='ltr'>Τοιαύτης</span> <span class='ocrx_word' id='word_1_150' title='bbox 537 993 592 1029; x_wconf 84' lang='grc' dir='ltr'>γὰρ</span> <span class='ocrx_word' id='word_1_151' title='bbox 614 991 709 1027; x_wconf 75' lang='grc' dir='ltr'>ἔσται,</span> <span class='ocrx_word' id='word_1_152' title='bbox 735 994 820 1029; x_wconf 78' lang='grc' dir='ltr'>φησὶ,</span> <span class='ocrx_word' id='word_1_153' title='bbox 841 993 946 1028; x_wconf 81' lang='grc' dir='ltr'>φύσεως</span> 
     </span>
    </p>
   </div>
   <div class='ocr_carea' id='block_1_23' title="bbox 157 1033 815 1074">
    <p class='ocr_par' dir='ltr' id='par_1_23' title="bbox 157 1033 815 1074">
     <span class='ocr_line' id='line_1_23' title="bbox 157 1033 815 1074; baseline 0 -9"><span class='ocrx_word' id='word_1_154' title='bbox 157 1039 205 1065; x_wconf 85' lang='grc' dir='ltr'><strong>καί</strong></span> <span class='ocrx_word' id='word_1_155' title='bbox 216 1039 246 1072; x_wconf 62' lang='lat' dir='ltr'><strong>si</strong></span> <span class='ocrx_word' id='word_1_156' title='bbox 261 1039 346 1074; x_wconf 78' lang='grc' dir='ltr'>αὐτῆς</span> <span class='ocrx_word' id='word_1_157' title='bbox 358 1039 407 1074; x_wconf 79' lang='grc' dir='ltr'>τῆς</span> <span class='ocrx_word' id='word_1_158' title='bbox 427 1039 508 1074; x_wconf 81' lang='grc' dir='ltr'>γεννή</span> <span class='ocrx_word' id='word_1_159' title='bbox 514 1048 591 1071; x_wconf 81' lang='grc' dir='ltr'>σεως.</span> <span class='ocrx_word' id='word_1_160' title='bbox 812 1033 815 1036; x_wconf 60' lang='grc'><strong>’</strong></span> 
     </span>
    </p>
   </div>
   <div class='ocr_carea' id='block_1_24' title="bbox 197 1084 948 1120">
    <p class='ocr_par' dir='ltr' id='par_1_24' title="bbox 197 1084 948 1120">
     <span class='ocr_line' id='line_1_24' title="bbox 197 1084 948 1120; baseline 0 -9"><span class='ocrx_word' id='word_1_161' title='bbox 197 1094 207 1110; x_wconf 76' lang='grc' dir='ltr'><strong>ι</strong></span> <span class='ocrx_word' id='word_1_162' title='bbox 228 1085 283 1111; x_wconf 77' lang='grc' dir='ltr'><strong>Καὶ</strong></span> <span class='ocrx_word' id='word_1_163' title='bbox 301 1084 376 1111; x_wconf 70' lang='grc' dir='ltr'>ἐσται</span> <span class='ocrx_word' id='word_1_164' title='bbox 399 1085 428 1111; x_wconf 78' lang='grc' dir='ltr'>ἐν</span> <span class='ocrx_word' id='word_1_165' title='bbox 450 1085 483 1120; x_wconf 82' lang='grc' dir='ltr'>τῇ</span> <span class='ocrx_word' id='word_1_166' title='bbox 501 1085 594 1120; x_wconf 78' lang='grc' dir='ltr'>ἡμέρᾳ</span> <span class='ocrx_word' id='word_1_167' title='bbox 611 1084 712 1120; x_wconf 78' lang='grc' dir='ltr'>ἐκείνῃ,</span> <span class='ocrx_word' id='word_1_168' title='bbox 741 1085 828 1120; x_wconf 87' lang='grc' dir='ltr'>συριεῖ</span> <span class='ocrx_word' id='word_1_169' title='bbox 846 1084 948 1120; x_wconf 81' lang='grc' dir='ltr'>Κύριος</span> 
     </span>
    </p>
   </div>
   <div class='ocr_carea' id='block_1_25' title="bbox 161 1130 946 1166">
    <p class='ocr_par' dir='ltr' id='par_1_25' title="bbox 161 1130 946 1166">
     <span class='ocr_line' id='line_1_25' title="bbox 161 1130 946 1166; baseline 0 -10"><span class='ocrx_word' id='word_1_170' title='bbox 161 1130 265 1166; x_wconf 80' lang='grc' dir='ltr'><strong>μυίαις,</strong></span> <span class='ocrx_word' id='word_1_171' title='bbox 291 1131 320 1157; x_wconf 84' lang='grc' dir='ltr'>αἶ</span> <span class='ocrx_word' id='word_1_172' title='bbox 345 1131 519 1166; x_wconf 82' lang='grc' dir='ltr'>κυριεύσουσι</span> <span class='ocrx_word' id='word_1_173' title='bbox 544 1131 625 1166; x_wconf 80' lang='grc' dir='ltr'>μέρος</span> <span class='ocrx_word' id='word_1_174' title='bbox 650 1130 774 1166; x_wconf 82' lang='grc' dir='ltr'>ποταμοῦ</span> <span class='ocrx_word' id='word_1_175' title='bbox 796 1130 946 1165; x_wconf 75' lang='grc' dir='ltr'><strong>Αἰγύπτου,</strong></span> 
     </span>
    </p>
   </div>
   <div class='ocr_carea' id='block_1_26' title="bbox 161 1175 947 1213">
    <p class='ocr_par' dir='ltr' id='par_1_26' title="bbox 161 1175 947 1213">
     <span class='ocr_line' id='line_1_26' title="bbox 161 1175 947 1213; baseline 0.001 -10"><span class='ocrx_word' id='word_1_176' title='bbox 161 1177 207 1203; x_wconf 84' lang='grc' dir='ltr'>καὶ</span> <span class='ocrx_word' id='word_1_177' title='bbox 222 1178 254 1212; x_wconf 79' lang='grc' dir='ltr'><strong>τῇ</strong></span> <span class='ocrx_word' id='word_1_178' title='bbox 275 1176 401 1213; x_wconf 85' lang='grc' dir='ltr'>μελίσσῃ,</span> <span class='ocrx_word' id='word_1_179' title='bbox 416 1177 433 1212; x_wconf 82' lang='grc' dir='ltr'><strong>ἥ</strong></span> <span class='ocrx_word' id='word_1_180' title='bbox 448 1177 522 1203; x_wconf 80' lang='grc' dir='ltr'>ἐστιν</span> <span class='ocrx_word' id='word_1_181' title='bbox 535 1178 565 1203; x_wconf 88' lang='grc' dir='ltr'>ὲν</span> <span class='ocrx_word' id='word_1_182' title='bbox 577 1175 654 1212; x_wconf 76' lang='grc' dir='ltr'><strong>χώρᾳ</strong></span> <span class='ocrx_word' id='word_1_183' title='bbox 676 1177 836 1213; x_wconf 74' lang='grc' dir='ltr'>Ἀσσυρίων.</span> <span class='ocrx_word' id='word_1_184' title='bbox 857 1187 867 1204; x_wconf 71' lang='grc' dir='ltr'><strong>ι</strong></span> <span class='ocrx_word' id='word_1_185' title='bbox 893 1178 947 1212; x_wconf 81' lang='grc' dir='ltr'><strong>Ση-</strong></span> 
     </span>
    </p>
   </div>
   <div class='ocr_carea' id='block_1_27' title="bbox 159 1221 946 1258">
    <p class='ocr_par' dir='ltr' id='par_1_27' title="bbox 159 1221 946 1258">
     <span class='ocr_line' id='line_1_27' title="bbox 159 1221 946 1258; baseline 0.003 -11"><span class='ocrx_word' id='word_1_186' title='bbox 159 1221 248 1256; x_wconf 83' lang='grc' dir='ltr'>μαίνει</span> <span class='ocrx_word' id='word_1_187' title='bbox 262 1222 306 1249; x_wconf 78' lang='grc' dir='ltr'>διὰ</span> <span class='ocrx_word' id='word_1_188' title='bbox 319 1222 421 1248; x_wconf 85' lang='grc' dir='ltr'>τούτων</span> <span class='ocrx_word' id='word_1_189' title='bbox 435 1223 449 1248; x_wconf 90' lang='grc' dir='ltr'><strong>ὁ</strong></span> <span class='ocrx_word' id='word_1_190' title='bbox 461 1222 539 1256; x_wconf 74' lang='grc' dir='ltr'>λόγος</span> <span class='ocrx_word' id='word_1_191' title='bbox 552 1222 710 1256; x_wconf 78' lang='grc' dir='ltr'>Αἰγυπτίων</span> <span class='ocrx_word' id='word_1_192' title='bbox 725 1222 830 1258; x_wconf 83' lang='grc' dir='ltr'>ἀνδρῶν</span> <span class='ocrx_word' id='word_1_193' title='bbox 843 1223 946 1257; x_wconf 67' lang='grc' dir='ltr'>ἔφοδον,</span> 
     </span>
    </p>
   </div>
   <div class='ocr_carea' id='block_1_28' title="bbox 156 1267 947 1303">
    <p class='ocr_par' dir='ltr' id='par_1_28' title="bbox 156 1267 947 1303">
     <span class='ocr_line' id='line_1_28' title="bbox 156 1267 947 1303; baseline 0 -9"><span class='ocrx_word' id='word_1_194' title='bbox 156 1267 204 1299; x_wconf 80' lang='grc' dir='ltr'><strong>οὓς</strong></span> <span class='ocrx_word' id='word_1_195' title='bbox 226 1276 309 1302; x_wconf 81' lang='grc' dir='ltr'>φησιν</span> <span class='ocrx_word' id='word_1_196' title='bbox 327 1267 403 1303; x_wconf 74' lang='grc' dir='ltr'>ἥξειν</span> <span class='ocrx_word' id='word_1_197' title='bbox 423 1267 470 1293; x_wconf 78' lang='grc' dir='ltr'>ἐπὶ</span> <span class='ocrx_word' id='word_1_198' title='bbox 490 1268 540 1303; x_wconf 83' lang='grc' dir='ltr'><strong>τὴν</strong></span> <span class='ocrx_word' id='word_1_199' title='bbox 559 1267 688 1294; x_wconf 74' lang='grc' dir='ltr'>Ἰουδαίαν</span> <span class='ocrx_word' id='word_1_200' title='bbox 701 1267 793 1303; x_wconf 86' lang='grc' dir='ltr'>χώραν</span> <span class='ocrx_word' id='word_1_201' title='bbox 810 1268 860 1294; x_wconf 84' lang='grc' dir='ltr'><strong>οὐκ</strong></span> <span class='ocrx_word' id='word_1_202' title='bbox 884 1269 947 1295; x_wconf 81' lang='grc' dir='ltr'>ἄνευ</span> 
     </span>
    </p>
   </div>
   <div class='ocr_carea' id='block_1_29' title="bbox 157 1314 947 1350">
    <p class='ocr_par' dir='ltr' id='par_1_29' title="bbox 157 1314 947 1350">
     <span class='ocr_line' id='line_1_29' title="bbox 157 1314 947 1350; baseline 0 -9"><span class='ocrx_word' id='word_1_203' title='bbox 157 1314 225 1341; x_wconf 76' lang='grc' dir='ltr'>Θεοῦ</span> <span class='ocrx_word' id='word_1_204' title='bbox 236 1335 244 1347; x_wconf 89' lang='grc'><strong>,</strong></span> <span class='ocrx_word' id='word_1_205' title='bbox 260 1314 376 1350; x_wconf 85' lang='grc' dir='ltr'>νεύματι</span> <span class='ocrx_word' id='word_1_206' title='bbox 391 1315 491 1346; x_wconf 71' lang='grc' dir='ltr'>αὐτοὺς</span> <span class='ocrx_word' id='word_1_207' title='bbox 504 1314 551 1340; x_wconf 72' lang='grc' dir='ltr'>τοῦ</span> <span class='ocrx_word' id='word_1_208' title='bbox 569 1314 672 1349; x_wconf 86' lang='grc' dir='ltr'>Κυρίου</span> <span class='ocrx_word' id='word_1_209' title='bbox 687 1314 876 1350; x_wconf 82' lang='grc' dir='ltr'>διεγείροντος,</span> <span class='ocrx_word' id='word_1_210' title='bbox 900 1315 947 1341; x_wconf 72' lang='grc' dir='ltr'>καὶ</span> 
     </span>
    </p>
   </div>
   <div class='ocr_carea' id='block_1_30' title="bbox 156 1360 949 1396">
    <p class='ocr_par' dir='ltr' id='par_1_30' title="bbox 156 1360 949 1396">
     <span class='ocr_line' id='line_1_30' title="bbox 156 1360 949 1396; baseline -0.001 -9"><span class='ocrx_word' id='word_1_211' title='bbox 156 1360 252 1396; x_wconf 84' lang='grc' dir='ltr'>ὥσπερ</span> <span class='ocrx_word' id='word_1_212' title='bbox 290 1360 439 1396; x_wconf 81' lang='grc' dir='ltr'>συρίγματι</span> <span class='ocrx_word' id='word_1_213' title='bbox 469 1360 667 1396; x_wconf 78' lang='grc' dir='ltr'>παρορμῶντος</span> <span class='ocrx_word' id='word_1_214' title='bbox 694 1360 792 1392; x_wconf 78' lang='grc' dir='ltr'>αὐτοὺς</span> <span class='ocrx_word' id='word_1_215' title='bbox 821 1360 876 1387; x_wconf 87' lang='grc' dir='ltr'><strong>ἀπὺ</strong></span> <span class='ocrx_word' id='word_1_216' title='bbox 900 1361 949 1395; x_wconf 80' lang='grc' dir='ltr'><strong>τῆς</strong></span> 
     </span>
    </p>
   </div>
   <div class='ocr_carea' id='block_1_31' title="bbox 157 1406 948 1442">
    <p class='ocr_par' dir='ltr' id='par_1_31' title="bbox 157 1406 948 1442">
     <span class='ocr_line' id='line_1_31' title="bbox 157 1406 948 1442; baseline 0 -10"><span class='ocrx_word' id='word_1_217' title='bbox 157 1406 298 1441; x_wconf 79' lang='grc' dir='ltr'>Αἰγύπτου</span> <span class='ocrx_word' id='word_1_218' title='bbox 315 1414 322 1422; x_wconf 74' lang='grc' dir='ltr'><strong>ο</strong></span> <span class='ocrx_word' id='word_1_219' title='bbox 339 1407 387 1434; x_wconf 76' lang='grc' dir='ltr'>καὶ</span> <span class='ocrx_word' id='word_1_220' title='bbox 403 1406 453 1433; x_wconf 75' lang='grc' dir='ltr'>οὐκ</span> <span class='ocrx_word' id='word_1_221' title='bbox 469 1406 523 1433; x_wconf 82' lang='grc' dir='ltr'>ἀπὸ</span> <span class='ocrx_word' id='word_1_222' title='bbox 540 1406 630 1441; x_wconf 82' lang='grc' dir='ltr'>πάσης</span> <span class='ocrx_word' id='word_1_223' title='bbox 646 1406 759 1440; x_wconf 84' lang='grc' dir='ltr'>ταύτης.</span> <span class='ocrx_word' id='word_1_224' title='bbox 776 1406 834 1433; x_wconf 82' lang='grc' dir='ltr'>ἀλλ’</span> <span class='ocrx_word' id='word_1_225' title='bbox 851 1407 883 1432; x_wconf 81' lang='grc' dir='ltr'><strong>ὲκ</strong></span> <span class='ocrx_word' id='word_1_226' title='bbox 901 1407 948 1442; x_wconf 86' lang='grc' dir='ltr'>μέ-</span> 
     </span>
    </p>
   </div>
   <div class='ocr_carea' id='block_1_32' title="bbox 159 1451 949 1488">
    <p class='ocr_par' dir='ltr' id='par_1_32' title="bbox 159 1451 949 1488">
     <span class='ocr_line' id='line_1_32' title="bbox 159 1451 949 1488; baseline 0 -10"><span class='ocrx_word' id='word_1_227' title='bbox 159 1460 222 1487; x_wconf 84' lang='grc' dir='ltr'>ρους</span> <span class='ocrx_word' id='word_1_228' title='bbox 246 1452 344 1488; x_wconf 79' lang='grc' dir='ltr'>αὺτῆς.</span> <span class='ocrx_word' id='word_1_229' title='bbox 365 1453 400 1479; x_wconf 86' lang='grc' dir='ltr'><strong>Ἦ</strong></span> <span class='ocrx_word' id='word_1_230' title='bbox 415 1453 462 1479; x_wconf 79' lang='grc' dir='ltr'><strong>καὶ</strong></span> <span class='ocrx_word' id='word_1_231' title='bbox 478 1451 523 1479; x_wconf 80' lang='grc' dir='ltr'>διὰ</span> <span class='ocrx_word' id='word_1_232' title='bbox 537 1452 569 1478; x_wconf 86' lang='grc' dir='ltr'>τὺ</span> <span class='ocrx_word' id='word_1_233' title='bbox 582 1451 691 1488; x_wconf 85' lang='grc' dir='ltr'>λύθροις</span> <span class='ocrx_word' id='word_1_234' title='bbox 707 1452 756 1479; x_wconf 74' lang='grc' dir='ltr'><strong>καὶ</strong></span> <span class='ocrx_word' id='word_1_235' title='bbox 779 1452 876 1488; x_wconf 76' lang='grc' dir='ltr'>αἵμασι</span> <span class='ocrx_word' id='word_1_236' title='bbox 893 1453 949 1484; x_wconf 78' lang='grc' dir='ltr'>τοῖς</span> 
     </span>
    </p>
   </div>
   <div class='ocr_carea' id='block_1_33' title="bbox 157 1496 949 1534">
    <p class='ocr_par' dir='ltr' id='par_1_33' title="bbox 157 1496 949 1534">
     <span class='ocr_line' id='line_1_33' title="bbox 157 1496 949 1534; baseline 0 -10"><span class='ocrx_word' id='word_1_237' title='bbox 157 1496 230 1524; x_wconf 83' lang='grc' dir='ltr'>κατὰ</span> <span class='ocrx_word' id='word_1_238' title='bbox 252 1497 301 1534; x_wconf 79' lang='grc' dir='ltr'>τὴν</span> <span class='ocrx_word' id='word_1_239' title='bbox 325 1497 479 1534; x_wconf 84' lang='grc' dir='ltr'>ἀκάθαρτον</span> <span class='ocrx_word' id='word_1_240' title='bbox 505 1497 726 1533; x_wconf 81' lang='grc' dir='ltr'>εἰδωλολατρείαν</span> <span class='ocrx_word' id='word_1_241' title='bbox 755 1498 860 1533; x_wconf 78' lang='grc' dir='ltr'>χαίρειν</span> <span class='ocrx_word' id='word_1_242' title='bbox 887 1499 949 1530; x_wconf 79' lang='grc' dir='ltr'>τοὺς</span> 
     </span>
    </p>
   </div>
   <div class='ocr_carea' id='block_1_34' title="bbox 157 1543 948 1580">
    <p class='ocr_par' dir='ltr' id='par_1_34' title="bbox 157 1543 948 1580">
     <span class='ocr_line' id='line_1_34' title="bbox 157 1543 948 1580; baseline 0.001 -11"><span class='ocrx_word' id='word_1_243' title='bbox 157 1543 334 1577; x_wconf 77' lang='grc' dir='ltr'>Αἰγυπτίους,</span> <span class='ocrx_word' id='word_1_244' title='bbox 358 1543 528 1580; x_wconf 77' lang='grc' dir='ltr'>παραϐάλλει</span> <span class='ocrx_word' id='word_1_245' title='bbox 551 1544 644 1579; x_wconf 86' lang='grc' dir='ltr'>μυίαις</span> <span class='ocrx_word' id='word_1_246' title='bbox 661 1543 757 1575; x_wconf 76' lang='grc' dir='ltr'>αὐτούς</span> <span class='ocrx_word' id='word_1_247' title='bbox 769 1544 845 1579; x_wconf 79' lang='grc' dir='ltr'>ἰτὴν</span> <span class='ocrx_word' id='word_1_248' title='bbox 856 1543 883 1570; x_wconf 82' lang='grc' dir='ltr'>δὲ</span> <span class='ocrx_word' id='word_1_249' title='bbox 895 1543 948 1570; x_wconf 74' lang='grc' dir='ltr'><strong>τῶν</strong></span> 
     </span>
    </p>
   </div>
   <div class='ocr_carea' id='block_1_35' title="bbox 164 1589 947 1625">
    <p class='ocr_par' dir='ltr' id='par_1_35' title="bbox 164 1589 947 1625">
     <span class='ocr_line' id='line_1_35' title="bbox 164 1589 947 1625; baseline 0.001 -10"><span class='ocrx_word' id='word_1_250' title='bbox 164 1589 316 1625; x_wconf 78' lang='grc' dir='ltr'>Ἀσσυρίων</span> <span class='ocrx_word' id='word_1_251' title='bbox 334 1589 486 1625; x_wconf 76' lang='grc' dir='ltr'>πολεμικὴν</span> <span class='ocrx_word' id='word_1_252' title='bbox 498 1589 613 1625; x_wconf 85' lang='grc' dir='ltr'>δύναμιν</span> <span class='ocrx_word' id='word_1_253' title='bbox 630 1589 673 1617; x_wconf 85' lang='grc' dir='ltr'>διὰ</span> <span class='ocrx_word' id='word_1_254' title='bbox 686 1589 717 1616; x_wconf 78' lang='grc' dir='ltr'>τὸ</span> <span class='ocrx_word' id='word_1_255' title='bbox 731 1589 870 1625; x_wconf 81' lang='grc' dir='ltr'>πολεμικῷ</span> <span class='ocrx_word' id='word_1_256' title='bbox 886 1590 947 1616; x_wconf 83' lang='grc' dir='ltr'>κέν-</span> 
     </span>
    </p>
   </div>
   <div class='ocr_carea' id='block_1_36' title="bbox 153 1635 946 1672">
    <p class='ocr_par' dir='ltr' id='par_1_36' title="bbox 153 1635 946 1672">
     <span class='ocr_line' id='line_1_36' title="bbox 153 1635 946 1672; baseline 0 -10"><span class='ocrx_word' id='word_1_257' title='bbox 153 1643 216 1672; x_wconf 86' lang='grc' dir='ltr'><strong>τρῳ</strong></span> <span class='ocrx_word' id='word_1_258' title='bbox 226 1635 389 1671; x_wconf 81' lang='grc' dir='ltr'>κεχρῆσθαι,</span> <span class='ocrx_word' id='word_1_259' title='bbox 404 1636 453 1663; x_wconf 71' lang='grc' dir='ltr'><strong>καλ⁵</strong></span> <span class='ocrx_word' id='word_1_260' title='bbox 468 1636 521 1662; x_wconf 85' lang='grc' dir='ltr'>τῶν</span> <span class='ocrx_word' id='word_1_261' title='bbox 537 1636 638 1662; x_wconf 84' lang='grc' dir='ltr'>λοιπῶν</span> <span class='ocrx_word' id='word_1_262' title='bbox 651 1635 736 1662; x_wconf 74' lang='grc' dir='ltr'>ἐθνῶν</span> <span class='ocrx_word' id='word_1_263' title='bbox 749 1635 809 1662; x_wconf 83' lang='grc' dir='ltr'>τότε</span> <span class='ocrx_word' id='word_1_264' title='bbox 825 1637 946 1671; x_wconf 79' lang='grc' dir='ltr'>κρατεῖν.</span> 
     </span>
    </p>
   </div>
   <div class='ocr_carea' id='block_1_37' title="bbox 157 1680 948 1717">
    <p class='ocr_par' dir='ltr' id='par_1_37' title="bbox 157 1680 948 1717">
     <span class='ocr_line' id='line_1_37' title="bbox 157 1680 948 1717; baseline 0.001 -11"><span class='ocrx_word' id='word_1_265' title='bbox 157 1680 277 1716; x_wconf 81' lang='grc' dir='ltr'>μελίσσῃ</span> <span class='ocrx_word' id='word_1_266' title='bbox 293 1681 439 1708; x_wconf 83' lang='grc' dir='ltr'>ἀπείκασε.</span> <span class='ocrx_word' id='word_1_267' title='bbox 467 1681 559 1708; x_wconf 83' lang='grc' dir='ltr'>Ταῦτα</span> <span class='ocrx_word' id='word_1_268' title='bbox 581 1681 610 1707; x_wconf 81' lang='grc' dir='ltr'>δὲ</span> <span class='ocrx_word' id='word_1_269' title='bbox 631 1680 782 1717; x_wconf 76' lang='grc' dir='ltr'>ἐπληροῦτο</span> <span class='ocrx_word' id='word_1_270' title='bbox 797 1681 867 1707; x_wconf 84' lang='grc' dir='ltr'>κατὰ</span> <span class='ocrx_word' id='word_1_271' title='bbox 885 1681 948 1712; x_wconf 78' lang='grc' dir='ltr'>τοὺς</span> 
     </span>
    </p>
   </div>
   <div class='ocr_carea' id='block_1_38' title="bbox 153 1725 946 1762">
    <p class='ocr_par' dir='ltr' id='par_1_38' title="bbox 153 1725 946 1762">
     <span class='ocr_line' id='line_1_38' title="bbox 153 1725 946 1762; baseline -0.001 -10"><span class='ocrx_word' id='word_1_272' title='bbox 153 1725 271 1761; x_wconf 79' lang='grc' dir='ltr'>χρόνους</span> <span class='ocrx_word' id='word_1_273' title='bbox 294 1726 345 1761; x_wconf 72' lang='grc' dir='ltr'>τῆς</span> <span class='ocrx_word' id='word_1_274' title='bbox 370 1725 482 1762; x_wconf 78' lang='grc' dir='ltr'>πρώτης</span> <span class='ocrx_word' id='word_1_275' title='bbox 505 1726 662 1762; x_wconf 85' lang='grc' dir='ltr'>πολιορκίας</span> <span class='ocrx_word' id='word_1_276' title='bbox 682 1725 867 1762; x_wconf 82' lang='grc' dir='ltr'>Ἰερουσαλὴμ,</span> <span class='ocrx_word' id='word_1_277' title='bbox 886 1725 946 1752; x_wconf 84' lang='grc' dir='ltr'>καθ’</span> 
     </span>
    </p>
   </div>
   <div class='ocr_carea' id='block_1_39' title="bbox 152 1771 946 1808">
    <p class='ocr_par' dir='ltr' id='par_1_39' title="bbox 152 1771 946 1808">
     <span class='ocr_line' id='line_1_39' title="bbox 152 1771 946 1808; baseline 0 -10"><span class='ocrx_word' id='word_1_278' title='bbox 152 1771 205 1803; x_wconf 80' lang='grc' dir='ltr'><strong>οὓς</strong></span> <span class='ocrx_word' id='word_1_279' title='bbox 212 1772 356 1806; x_wconf 77' lang='grc' dir='ltr'>Δίγύπτιοι</span> <span class='ocrx_word' id='word_1_280' title='bbox 366 1773 415 1808; x_wconf 83' lang='grc' dir='ltr'>μὲν</span> <span class='ocrx_word' id='word_1_281' title='bbox 421 1774 446 1799; x_wconf 76' lang='lat' dir='ltr'><strong>oi</strong></span> <span class='ocrx_word' id='word_1_282' title='bbox 455 1773 616 1808; x_wconf 82' lang='grc' dir='ltr'>καλούμενοι</span> <span class='ocrx_word' id='word_1_283' title='bbox 630 1774 706 1808; x_wconf 84' lang='grc' dir='ltr'>μυῖαι</span> <span class='ocrx_word' id='word_1_284' title='bbox 714 1772 781 1808; x_wconf 82' lang='grc'><strong>(15),</strong></span> <span class='ocrx_word' id='word_1_285' title='bbox 793 1773 837 1800; x_wconf 83' lang='grc' dir='ltr'>ὅτε</span> <span class='ocrx_word' id='word_1_286' title='bbox 845 1772 946 1799; x_wconf 81' lang='grc' dir='ltr'>τούτων</span> 
     </span>
    </p>
   </div>
   <div class='ocr_carea' id='block_1_40' title="bbox 154 1817 947 1855">
    <p class='ocr_par' dir='ltr' id='par_1_40' title="bbox 154 1817 947 1855">
     <span class='ocr_line' id='line_1_40' title="bbox 154 1817 947 1855; baseline 0.001 -11"><span class='ocrx_word' id='word_1_287' title='bbox 154 1817 287 1854; x_wconf 74' lang='grc' dir='ltr'>βασιλεὺς</span> <span class='ocrx_word' id='word_1_288' title='bbox 302 1818 402 1854; x_wconf 81' lang='grc' dir='ltr'>Φαραὼ</span> <span class='ocrx_word' id='word_1_289' title='bbox 418 1818 539 1845; x_wconf 73' lang='grc' dir='ltr'>ἐπελθὼν</span> <span class='ocrx_word' id='word_1_290' title='bbox 556 1821 588 1855; x_wconf 78' lang='grc' dir='ltr'>τῇ</span> <span class='ocrx_word' id='word_1_291' title='bbox 612 1819 756 1850; x_wconf 80' lang='grc' dir='ltr'>Ἰουδαίων,</span> <span class='ocrx_word' id='word_1_292' title='bbox 770 1819 816 1845; x_wconf 80' lang='grc' dir='ltr'><strong>τὸν</strong></span> <span class='ocrx_word' id='word_1_293' title='bbox 843 1819 947 1846; x_wconf 86' lang='grc' dir='ltr'>Ἰωσίαν</span> 
     </span>
    </p>
   </div>
   <div class='ocr_carea' id='block_1_41' title="bbox 151 1861 948 1898">
    <p class='ocr_par' dir='ltr' id='par_1_41' title="bbox 151 1861 948 1898">
     <span class='ocr_line' id='line_1_41' title="bbox 151 1861 948 1898; baseline 0.003 -10"><span class='ocrx_word' id='word_1_294' title='bbox 151 1861 206 1888; x_wconf 74' lang='grc' dir='ltr'><strong>τὸν</strong></span> <span class='ocrx_word' id='word_1_295' title='bbox 232 1862 344 1896; x_wconf 79' lang='grc' dir='ltr'>βασιλέα</span> <span class='ocrx_word' id='word_1_296' title='bbox 364 1863 415 1897; x_wconf 80' lang='grc' dir='ltr'>τῆς</span> <span class='ocrx_word' id='word_1_297' title='bbox 435 1863 628 1898; x_wconf 82' lang='grc' dir='ltr'>Ἰερουσαλὴμ,</span> <span class='ocrx_word' id='word_1_298' title='bbox 653 1863 708 1890; x_wconf 78' lang='grc' dir='ltr'><strong>τῶν</strong></span> <span class='ocrx_word' id='word_1_299' title='bbox 734 1863 875 1898; x_wconf 73' lang='grc' dir='ltr'>ἐπιφανῶν</span> <span class='ocrx_word' id='word_1_300' title='bbox 902 1864 948 1890; x_wconf 70' lang='grc' dir='ltr'>καὶ</span> 
     </span>
    </p>
   </div>
   <div class='ocr_carea' id='block_1_42' title="bbox 152 1907 948 1945">
    <p class='ocr_par' dir='ltr' id='par_1_42' title="bbox 152 1907 948 1945">
     <span class='ocr_line' id='line_1_42' title="bbox 152 1907 948 1945; baseline 0.004 -12"><span class='ocrx_word' id='word_1_301' title='bbox 152 1907 292 1941; x_wconf 81' lang='grc' dir='ltr'>θεοφιλῶν</span> <span class='ocrx_word' id='word_1_302' title='bbox 306 1907 409 1943; x_wconf 81' lang='grc' dir='ltr'>ἀνδρῶν</span> <span class='ocrx_word' id='word_1_303' title='bbox 423 1908 530 1939; x_wconf 74' lang='grc' dir='ltr'>οὐδενὸς</span> <span class='ocrx_word' id='word_1_304' title='bbox 543 1909 678 1945; x_wconf 79' lang='grc' dir='ltr'>δεύτερον,</span> <span class='ocrx_word' id='word_1_305' title='bbox 697 1910 815 1945; x_wconf 82' lang='grc' dir='ltr'>ἀναιρεῖ.</span> <span class='ocrx_word' id='word_1_306' title='bbox 832 1908 887 1936; x_wconf 79' lang='grc' dir='ltr'><strong>Εἶτ’</strong></span> <span class='ocrx_word' id='word_1_307' title='bbox 898 1909 948 1936; x_wconf 74' lang='grc' dir='ltr'><strong>οὐκ</strong></span> 
     </span>
    </p>
   </div>
   <div class='ocr_carea' id='block_1_43' title="bbox 151 1953 948 1990">
    <p class='ocr_par' dir='ltr' id='par_1_43' title="bbox 151 1953 948 1990">
     <span class='ocr_line' id='line_1_43' title="bbox 151 1953 948 1990; baseline 0.001 -10"><span class='ocrx_word' id='word_1_308' title='bbox 151 1955 200 1985; x_wconf 84' lang='grc' dir='ltr'>εἰς</span> <span class='ocrx_word' id='word_1_309' title='bbox 219 1953 330 1988; x_wconf 86' lang='grc' dir='ltr'>μακρὰν</span> <span class='ocrx_word' id='word_1_310' title='bbox 342 1954 357 1980; x_wconf 75' lang='grc' dir='ltr'><strong><em>ὁ</em></strong></span> <span class='ocrx_word' id='word_1_311' title='bbox 369 1953 422 1980; x_wconf 85' lang='grc' dir='ltr'><strong>τῶν</strong></span> <span class='ocrx_word' id='word_1_312' title='bbox 440 1954 618 1980; x_wconf 79' lang='grc' dir='ltr'>Βαϐυλωνίων</span> <span class='ocrx_word' id='word_1_313' title='bbox 637 1954 761 1989; x_wconf 78' lang='grc' dir='ltr'>βασιλεὺς</span> <span class='ocrx_word' id='word_1_314' title='bbox 782 1955 948 1990; x_wconf 72' lang='grc' dir='ltr'>Ναϐουχοδο-</span> 
     </span>
    </p>
   </div>
   <div class='ocr_carea' id='block_1_44' title="bbox 150 1999 951 2037">
    <p class='ocr_par' dir='ltr' id='par_1_44' title="bbox 150 1999 951 2037">
     <span class='ocr_line' id='line_1_44' title="bbox 150 1999 951 2037; baseline 0.002 -12"><span class='ocrx_word' id='word_1_315' title='bbox 150 1999 240 2035; x_wconf 88' lang='grc' dir='ltr'>νόσορ</span> <span class='ocrx_word' id='word_1_316' title='bbox 256 2000 305 2026; x_wconf 83' lang='grc' dir='ltr'><strong>σὺν</strong></span> <span class='ocrx_word' id='word_1_317' title='bbox 332 2000 441 2037; x_wconf 86' lang='grc' dir='ltr'>μεγάλῃ</span> <span class='ocrx_word' id='word_1_318' title='bbox 460 1999 590 2036; x_wconf 80' lang='grc' dir='ltr'>στρατιᾶς</span> <span class='ocrx_word' id='word_1_319' title='bbox 609 2001 722 2036; x_wconf 83' lang='grc' dir='ltr'>δυνάμει</span> <span class='ocrx_word' id='word_1_320' title='bbox 746 2000 877 2033; x_wconf 82' lang='grc' dir='ltr'>ἐπελθὼν,</span> <span class='ocrx_word' id='word_1_321' title='bbox 902 2002 951 2036; x_wconf 79' lang='grc' dir='ltr'><strong>τὴν</strong></span> 
     </span>
    </p>
   </div>
   <div class='ocr_carea' id='block_1_45' title="bbox 153 2044 951 2081">
    <p class='ocr_par' dir='ltr' id='par_1_45' title="bbox 153 2044 951 2081">
     <span class='ocr_line' id='line_1_45' title="bbox 153 2044 951 2081; baseline 0.003 -11"><span class='ocrx_word' id='word_1_322' title='bbox 153 2045 211 2079; x_wconf 83' lang='grc' dir='ltr'>μὲν</span> <span class='ocrx_word' id='word_1_323' title='bbox 228 2044 306 2071; x_wconf 88' lang='grc' dir='ltr'>πόλιν</span> <span class='ocrx_word' id='word_1_324' title='bbox 320 2045 405 2080; x_wconf 81' lang='grc' dir='ltr'>αὐτὴν</span> <span class='ocrx_word' id='word_1_325' title='bbox 425 2047 457 2072; x_wconf 81' lang='grc' dir='ltr'>ὲκ</span> <span class='ocrx_word' id='word_1_326' title='bbox 475 2045 583 2081; x_wconf 86' lang='grc' dir='ltr'>βάθρων</span> <span class='ocrx_word' id='word_1_327' title='bbox 600 2044 655 2072; x_wconf 81' lang='grc' dir='ltr'>εἷλε</span> <span class='ocrx_word' id='word_1_328' title='bbox 669 2067 676 2079; x_wconf 88' lang='grc'><strong>,</strong></span> <span class='ocrx_word' id='word_1_329' title='bbox 693 2046 739 2073; x_wconf 81' lang='grc' dir='ltr'>τὸν</span> <span class='ocrx_word' id='word_1_330' title='bbox 760 2045 828 2072; x_wconf 86' lang='grc' dir='ltr'>νεὼν</span> <span class='ocrx_word' id='word_1_331' title='bbox 844 2054 951 2081; x_wconf 83' lang='grc' dir='ltr'>πυρπο-</span> 
     </span>
    </p>
   </div>
   <div class='ocr_carea' id='block_1_46' title="bbox 152 2089 951 2128">
    <p class='ocr_par' dir='ltr' id='par_1_46' title="bbox 152 2089 951 2128">
     <span class='ocr_line' id='line_1_46' title="bbox 152 2089 951 2128; baseline 0.003 -13"><span class='ocrx_word' id='word_1_332' title='bbox 152 2089 245 2125; x_wconf 89' lang='grc' dir='ltr'>λήσας</span> <span class='ocrx_word' id='word_1_333' title='bbox 258 2098 265 2104; x_wconf 92' lang='grc'><strong>·</strong></span> <span class='ocrx_word' id='word_1_334' title='bbox 279 2090 309 2116; x_wconf 82' lang='grc' dir='ltr'>τὸ</span> <span class='ocrx_word' id='word_1_335' title='bbox 326 2090 354 2117; x_wconf 80' lang='grc' dir='ltr'>δὲ</span> <span class='ocrx_word' id='word_1_336' title='bbox 370 2091 424 2117; x_wconf 76' lang='grc' dir='ltr'>πᾶν</span> <span class='ocrx_word' id='word_1_337' title='bbox 436 2091 513 2123; x_wconf 77' lang='grc' dir='ltr'>ἔθνος</span> <span class='ocrx_word' id='word_1_338' title='bbox 525 2091 827 2128; x_wconf 75' lang='grc' dir='ltr'>ἐξανδραποδισάμενος</span> <span class='ocrx_word' id='word_1_339' title='bbox 842 2091 887 2118; x_wconf 83' lang='grc' dir='ltr'>καὶ</span> <span class='ocrx_word' id='word_1_340' title='bbox 901 2091 951 2122; x_wconf 80' lang='grc' dir='ltr'>τὰς</span> 
     </span>
    </p>
   </div>
   <div class='ocr_carea' id='block_1_47' title="bbox 998 255 1235 283">
    <p class='ocr_par' dir='ltr' id='par_1_47' title="bbox 998 255 1235 283">
     <span class='ocr_line' id='line_1_47' title="bbox 998 255 1235 283; baseline -0.008 0"><span class='ocrx_word' id='word_1_341' title='bbox 998 256 1070 283; x_wconf 69' lang='lat' dir='ltr'><strong>cabin</strong></span> <span class='ocrx_word' id='word_1_342' title='bbox 1082 255 1235 283; x_wconf 84' lang='lat' dir='ltr'><strong>ediderunt.</strong></span> 
     </span>
    </p>
   </div>
   <div class='ocr_carea' id='block_1_48' title="bbox 1039 297 1780 334">
    <p class='ocr_par' dir='ltr' id='par_1_48' title="bbox 1039 297 1780 334">
     <span class='ocr_line' id='line_1_48' title="bbox 1039 297 1780 334; baseline -0.011 -5"><span class='ocrx_word' id='word_1_343' title='bbox 1039 302 1119 329; x_wconf 76' lang='lat' dir='ltr'><strong>Vens.</strong></span> <span class='ocrx_word' id='word_1_344' title='bbox 1138 301 1180 328; x_wconf 76' lang='grc'><strong>15.</strong></span> <span class='ocrx_word' id='word_1_345' title='bbox 1197 309 1206 326; x_wconf 83' lang='grc' dir='ltr'><strong>ι</strong></span> <span class='ocrx_word' id='word_1_346' title='bbox 1227 301 1354 334; x_wconf 83' lang='lat' dir='ltr'><strong>Bulyrum</strong></span> <span class='ocrx_word' id='word_1_347' title='bbox 1372 303 1399 326; x_wconf 89' lang='lat' dir='ltr'><strong>et</strong></span> <span class='ocrx_word' id='word_1_348' title='bbox 1413 297 1465 326; x_wconf 88' lang='lat' dir='ltr'><strong>mel</strong></span> <span class='ocrx_word' id='word_1_349' title='bbox 1478 297 1620 328; x_wconf 86' lang='lat' dir='ltr'><strong>comedet,</strong></span> <span class='ocrx_word' id='word_1_350' title='bbox 1635 300 1780 330; x_wconf 82' lang='lat' dir='ltr'><strong>antequam</strong></span> 
     </span>
    </p>
   </div>
   <div class='ocr_carea' id='block_1_49' title="bbox 997 342 1779 382">
    <p class='ocr_par' dir='ltr' id='par_1_49' title="bbox 997 342 1779 382">
     <span class='ocr_line' id='line_1_49' title="bbox 997 342 1779 382; baseline -0.012 -5"><span class='ocrx_word' id='word_1_351' title='bbox 997 349 1066 377; x_wconf 86' lang='lat' dir='ltr'><strong>sciat</strong></span> <span class='ocrx_word' id='word_1_352' title='bbox 1077 348 1143 382; x_wconf 83' lang='lat' dir='ltr'><strong>ipse,</strong></span> <span class='ocrx_word' id='word_1_353' title='bbox 1160 351 1205 374; x_wconf 86' lang='lat' dir='ltr'><strong>aut</strong></span> <span class='ocrx_word' id='word_1_354' title='bbox 1218 346 1358 382; x_wconf 64' lang='lat' dir='ltr'><strong>prmeligat</strong></span> <span class='ocrx_word' id='word_1_355' title='bbox 1381 345 1463 377; x_wconf 86' lang='lat' dir='ltr'><strong>mala,</strong></span> <span class='ocrx_word' id='word_1_356' title='bbox 1480 344 1582 378; x_wconf 78' lang='lat' dir='ltr'><strong>eligere</strong></span> <span class='ocrx_word' id='word_1_357' title='bbox 1596 343 1709 370; x_wconf 87' lang='lat' dir='ltr'><strong>bonum.</strong></span> <span class='ocrx_word' id='word_1_358' title='bbox 1725 351 1734 368; x_wconf 74' lang='grc' dir='ltr'><strong>ι</strong></span> <span class='ocrx_word' id='word_1_359' title='bbox 1751 342 1779 368; x_wconf 79' lang='lat' dir='ltr'><strong>Si</strong></span> 
     </span>
    </p>
   </div>
   <div class='ocr_carea' id='block_1_50' title="bbox 997 387 1781 429">
    <p class='ocr_par' dir='ltr' id='par_1_50' title="bbox 997 387 1781 429">
     <span class='ocr_line' id='line_1_50' title="bbox 997 387 1781 429; baseline -0.01 -8"><span class='ocrx_word' id='word_1_360' title='bbox 997 400 1063 429; x_wconf 74' lang='lat' dir='ltr'><strong>ergo</strong></span> <span class='ocrx_word' id='word_1_361' title='bbox 1081 392 1191 420; x_wconf 87' lang='lat' dir='ltr'><strong>miraris</strong></span> <span class='ocrx_word' id='word_1_362' title='bbox 1204 412 1211 424; x_wconf 87' lang='lat'><strong>,</strong></span> <span class='ocrx_word' id='word_1_363' title='bbox 1228 400 1288 419; x_wconf 87' lang='lat' dir='ltr'><strong>cum</strong></span> <span class='ocrx_word' id='word_1_364' title='bbox 1301 391 1395 418; x_wconf 79' lang='lat' dir='ltr'><strong>audias</strong></span> <span class='ocrx_word' id='word_1_365' title='bbox 1416 395 1509 417; x_wconf 89' lang='lat' dir='ltr'><strong>natum</strong></span> <span class='ocrx_word' id='word_1_366' title='bbox 1525 389 1609 416; x_wconf 87' lang='lat' dir='ltr'><strong>Deum</strong></span> <span class='ocrx_word' id='word_1_367' title='bbox 1623 407 1631 420; x_wconf 88' lang='lat'><strong>,</strong></span> <span class='ocrx_word' id='word_1_368' title='bbox 1647 391 1674 414; x_wconf 92' lang='lat' dir='ltr'><strong>at</strong></span> <span class='ocrx_word' id='word_1_369' title='bbox 1687 387 1781 419; x_wconf 76' lang='lat' dir='ltr'><strong>crede,</strong></span> 
     </span>
    </p>
   </div>
   <div class='ocr_carea' id='block_1_51' title="bbox 997 434 1783 475">
    <p class='ocr_par' dir='ltr' id='par_1_51' title="bbox 997 434 1783 475">
     <span class='ocr_line' id='line_1_51' title="bbox 997 434 1783 475; baseline -0.009 -8"><span class='ocrx_word' id='word_1_370' title='bbox 997 440 1125 475; x_wconf 89' lang='lat' dir='ltr'><strong>quoniam</strong></span> <span class='ocrx_word' id='word_1_371' title='bbox 1146 439 1289 466; x_wconf 80' lang='lat' dir='ltr'><strong>infantium</strong></span> <span class='ocrx_word' id='word_1_372' title='bbox 1310 438 1371 465; x_wconf 90' lang='lat' dir='ltr'><strong>cibo</strong></span> <span class='ocrx_word' id='word_1_373' title='bbox 1390 444 1489 464; x_wconf 91' lang='lat' dir='ltr'><strong>usurus</strong></span> <span class='ocrx_word' id='word_1_374' title='bbox 1503 440 1553 463; x_wconf 86' lang='lat' dir='ltr'><strong>est.</strong></span> <span class='ocrx_word' id='word_1_375' title='bbox 1574 434 1632 462; x_wconf 85' lang='lat' dir='ltr'><strong>Non</strong></span> <span class='ocrx_word' id='word_1_376' title='bbox 1653 434 1723 461; x_wconf 81' lang='lat' dir='ltr'><strong>enirn</strong></span> <span class='ocrx_word' id='word_1_377' title='bbox 1740 442 1783 460; x_wconf 71' lang='lat' dir='ltr'><strong>sv—</strong></span> 
     </span>
    </p>
   </div>
   <div class='ocr_carea' id='block_1_52' title="bbox 997 480 1782 520">
    <p class='ocr_par' dir='ltr' id='par_1_52' title="bbox 997 480 1782 520">
     <span class='ocr_line' id='line_1_52' title="bbox 997 480 1782 520; baseline -0.01 -6"><span class='ocrx_word' id='word_1_378' title='bbox 997 487 1116 514; x_wconf 87' lang='lat' dir='ltr'><strong>cundnm</strong></span> <span class='ocrx_word' id='word_1_379' title='bbox 1143 485 1287 520; x_wconf 78' lang='lat' dir='ltr'><strong>quamdam</strong></span> <span class='ocrx_word' id='word_1_380' title='bbox 1314 483 1486 518; x_wconf 87' lang='lat' dir='ltr'><strong>phantasiam</strong></span> <span class='ocrx_word' id='word_1_381' title='bbox 1513 483 1594 509; x_wconf 90' lang='lat' dir='ltr'><strong>homo</strong></span> <span class='ocrx_word' id='word_1_382' title='bbox 1619 480 1782 516; x_wconf 86' lang='lat' dir='ltr'><strong>apparebit.</strong></span> 
     </span>
    </p>
   </div>
   <div class='ocr_carea' id='block_1_53' title="bbox 998 526 1782 567">
    <p class='ocr_par' dir='ltr' id='par_1_53' title="bbox 998 526 1782 567">
     <span class='ocr_line' id='line_1_53' title="bbox 998 526 1782 567; baseline -0.01 -7"><span class='ocrx_word' id='word_1_383' title='bbox 998 540 1085 567; x_wconf 84' lang='lat' dir='ltr'><strong>neque</strong></span> <span class='ocrx_word' id='word_1_384' title='bbox 1114 531 1219 567; x_wconf 87' lang='lat' dir='ltr'><strong>species</strong></span> <span class='ocrx_word' id='word_1_385' title='bbox 1239 531 1325 558; x_wconf 89' lang='lat' dir='ltr'><strong>solum</strong></span> <span class='ocrx_word' id='word_1_386' title='bbox 1349 530 1402 556; x_wconf 85' lang='lat' dir='ltr'><strong>erit</strong></span> <span class='ocrx_word' id='word_1_387' title='bbox 1430 529 1457 556; x_wconf 87' lang='lat' dir='ltr'><strong>id</strong></span> <span class='ocrx_word' id='word_1_388' title='bbox 1481 528 1553 563; x_wconf 88' lang='lat' dir='ltr'><strong>quod</strong></span> <span class='ocrx_word' id='word_1_389' title='bbox 1568 527 1709 563; x_wconf 71' lang='lat' dir='ltr'><strong>gignetur;</strong></span> <span class='ocrx_word' id='word_1_390' title='bbox 1735 526 1782 553; x_wconf 84' lang='lat' dir='ltr'><strong>sed</strong></span> 
     </span>
    </p>
   </div>
   <div class='ocr_carea' id='block_1_54' title="bbox 997 573 1781 608">
    <p class='ocr_par' dir='ltr' id='par_1_54' title="bbox 997 573 1781 608">
     <span class='ocr_line' id='line_1_54' title="bbox 997 573 1781 608; baseline -0.009 -1"><span class='ocrx_word' id='word_1_391' title='bbox 997 579 1120 606; x_wconf 87' lang='lat' dir='ltr'><strong>eumdem</strong></span> <span class='ocrx_word' id='word_1_392' title='bbox 1139 586 1233 606; x_wconf 81' lang='lat' dir='ltr'><strong>revera</strong></span> <span class='ocrx_word' id='word_1_393' title='bbox 1257 583 1348 605; x_wconf 89' lang='lat' dir='ltr'><strong>ortum</strong></span> <span class='ocrx_word' id='word_1_394' title='bbox 1377 576 1494 608; x_wconf 80' lang='lat' dir='ltr'><strong>subibit.</strong></span> <span class='ocrx_word' id='word_1_395' title='bbox 1521 576 1557 602; x_wconf 86' lang='lat' dir='ltr'><strong>ita</strong></span> <span class='ocrx_word' id='word_1_396' title='bbox 1585 580 1614 602; x_wconf 91' lang='lat' dir='ltr'><strong>ut</strong></span> <span class='ocrx_word' id='word_1_397' title='bbox 1637 573 1781 602; x_wconf 82' lang='lat' dir='ltr'><strong>infantium</strong></span> 
     </span>
    </p>
   </div>
   <div class='ocr_carea' id='block_1_55' title="bbox 999 621 1785 659">
    <p class='ocr_par' dir='ltr' id='par_1_55' title="bbox 999 621 1785 659">
     <span class='ocr_line' id='line_1_55' title="bbox 999 621 1785 659; baseline -0.006 -7"><span class='ocrx_word' id='word_1_398' title='bbox 999 625 1127 652; x_wconf 87' lang='lat' dir='ltr'><strong>alimento</strong></span> <span class='ocrx_word' id='word_1_399' title='bbox 1147 629 1252 656; x_wconf 87' lang='lat' dir='ltr'><strong>utatur,</strong></span> <span class='ocrx_word' id='word_1_400' title='bbox 1269 624 1367 659; x_wconf 95' lang='lat' dir='ltr'><strong>butyro</strong></span> <span class='ocrx_word' id='word_1_401' title='bbox 1380 623 1505 650; x_wconf 86' lang='lat' dir='ltr'><strong>videlicet</strong></span> <span class='ocrx_word' id='word_1_402' title='bbox 1518 627 1546 650; x_wconf 89' lang='lat' dir='ltr'><strong>et</strong></span> <span class='ocrx_word' id='word_1_403' title='bbox 1558 621 1637 649; x_wconf 84' lang='lat' dir='ltr'><strong>melle</strong></span> <span class='ocrx_word' id='word_1_404' title='bbox 1649 640 1657 654; x_wconf 87' lang='lat'><strong>,</strong></span> <span class='ocrx_word' id='word_1_405' title='bbox 1671 621 1785 656; x_wconf 77' lang='lat' dir='ltr'><strong>perinde</strong></span> 
     </span>
    </p>
   </div>
   <div class='ocr_carea' id='block_1_56' title="bbox 997 669 1781 706">
    <p class='ocr_par' dir='ltr' id='par_1_56' title="bbox 997 669 1781 706">
     <span class='ocr_line' id='line_1_56' title="bbox 997 669 1781 706; baseline -0.006 -8"><span class='ocrx_word' id='word_1_406' title='bbox 997 676 1080 706; x_wconf 82' lang='lat' dir='ltr'><strong>atque</strong></span> <span class='ocrx_word' id='word_1_407' title='bbox 1096 671 1141 698; x_wconf 85' lang='lat' dir='ltr'><strong>alii</strong></span> <span class='ocrx_word' id='word_1_408' title='bbox 1159 670 1287 698; x_wconf 76' lang='lat' dir='ltr'><strong>infantes.</strong></span> <span class='ocrx_word' id='word_1_409' title='bbox 1303 671 1334 698; x_wconf 83' lang='lat' dir='ltr'><strong>Et</strong></span> <span class='ocrx_word' id='word_1_410' title='bbox 1351 671 1402 698; x_wconf 89' lang='lat' dir='ltr'><strong>hoc</strong></span> <span class='ocrx_word' id='word_1_411' title='bbox 1424 669 1531 704; x_wconf 86' lang='lat' dir='ltr'><strong>quidem</strong></span> <span class='ocrx_word' id='word_1_412' title='bbox 1554 669 1701 696; x_wconf 86' lang='lat' dir='ltr'><strong>humanum</strong></span> <span class='ocrx_word' id='word_1_413' title='bbox 1720 671 1760 693; x_wconf 86' lang='lat' dir='ltr'><strong>est</strong></span> <span class='ocrx_word' id='word_1_414' title='bbox 1775 675 1781 693; x_wconf 94' lang='lat'><strong>:</strong></span> 
     </span>
    </p>
   </div>
   <div class='ocr_carea' id='block_1_57' title="bbox 997 715 1784 753">
    <p class='ocr_par' dir='ltr' id='par_1_57' title="bbox 997 715 1784 753">
     <span class='ocr_line' id='line_1_57' title="bbox 997 715 1784 753; baseline -0.003 -9"><span class='ocrx_word' id='word_1_415' title='bbox 997 718 1067 753; x_wconf 89' lang='lat' dir='ltr'><strong>quod</strong></span> <span class='ocrx_word' id='word_1_416' title='bbox 1079 722 1168 746; x_wconf 87' lang='lat' dir='ltr'><strong>autem</strong></span> <span class='ocrx_word' id='word_1_417' title='bbox 1192 717 1318 745; x_wconf 78' lang='lat' dir='ltr'><strong>deitatem</strong></span> <span class='ocrx_word' id='word_1_418' title='bbox 1341 717 1400 752; x_wconf 84' lang='lat' dir='ltr'><strong>ejus</strong></span> <span class='ocrx_word' id='word_1_419' title='bbox 1412 717 1532 744; x_wconf 82' lang='lat' dir='ltr'><strong>declarat</strong></span> <span class='ocrx_word' id='word_1_420' title='bbox 1548 715 1612 743; x_wconf 91' lang='lat' dir='ltr'><strong>illud</strong></span> <span class='ocrx_word' id='word_1_421' title='bbox 1632 719 1674 743; x_wconf 78' lang='lat' dir='ltr'><strong>est</strong></span> <span class='ocrx_word' id='word_1_422' title='bbox 1686 736 1694 748; x_wconf 79' lang='lat'><strong>,</strong></span> <span class='ocrx_word' id='word_1_423' title='bbox 1712 715 1784 750; x_wconf 84' lang='lat' dir='ltr'><strong>quod</strong></span> 
     </span>
    </p>
   </div>
   <div class='ocr_carea' id='block_1_58' title="bbox 997 760 1785 799">
    <p class='ocr_par' dir='ltr' id='par_1_58' title="bbox 997 760 1785 799">
     <span class='ocr_line' id='line_1_58' title="bbox 997 760 1785 799; baseline -0.005 -8"><span class='ocrx_word' id='word_1_424' title='bbox 997 765 1153 799; x_wconf 84' lang='lat' dir='ltr'><strong>priusquam</strong></span> <span class='ocrx_word' id='word_1_425' title='bbox 1169 763 1214 791; x_wconf 87' lang='lat' dir='ltr'><strong>ille</strong></span> <span class='ocrx_word' id='word_1_426' title='bbox 1230 763 1299 790; x_wconf 83' lang='lat' dir='ltr'><strong>mala</strong></span> <span class='ocrx_word' id='word_1_427' title='bbox 1317 764 1358 790; x_wconf 86' lang='lat' dir='ltr'><strong>vel</strong></span> <span class='ocrx_word' id='word_1_428' title='bbox 1375 762 1479 790; x_wconf 86' lang='lat' dir='ltr'><strong>noverit</strong></span> <span class='ocrx_word' id='word_1_429' title='bbox 1495 761 1537 789; x_wconf 86' lang='lat' dir='ltr'><strong>vel</strong></span> <span class='ocrx_word' id='word_1_430' title='bbox 1556 761 1714 796; x_wconf 64' lang='lat' dir='ltr'><strong>praetulerit,</strong></span> <span class='ocrx_word' id='word_1_431' title='bbox 1739 760 1785 787; x_wconf 52' lang='lat' dir='ltr'><strong>eli.</strong></span> 
     </span>
    </p>
   </div>
   <div class='ocr_carea' id='block_1_59' title="bbox 997 804 1785 845">
    <p class='ocr_par' dir='ltr' id='par_1_59' title="bbox 997 804 1785 845">
     <span class='ocr_line' id='line_1_59' title="bbox 997 804 1785 845; baseline -0.005 -8"><span class='ocrx_word' id='word_1_432' title='bbox 997 815 1041 845; x_wconf 78' lang='lat' dir='ltr'><strong>get</strong></span> <span class='ocrx_word' id='word_1_433' title='bbox 1060 804 1180 842; x_wconf 88' lang='lat' dir='ltr'><strong>bonum,</strong></span> <span class='ocrx_word' id='word_1_434' title='bbox 1198 815 1252 837; x_wconf 86' lang='lat' dir='ltr'><strong>etc.</strong></span> <span class='ocrx_word' id='word_1_435' title='bbox 1271 807 1319 837; x_wconf 86' lang='lat' dir='ltr'><strong>His</strong></span> <span class='ocrx_word' id='word_1_436' title='bbox 1339 817 1421 845; x_wconf 87' lang='lat' dir='ltr'><strong>porro</strong></span> <span class='ocrx_word' id='word_1_437' title='bbox 1437 808 1606 844; x_wconf 75' lang='lat' dir='ltr'><strong>signiﬁcatur</strong></span> <span class='ocrx_word' id='word_1_438' title='bbox 1621 807 1663 835; x_wconf 82' lang='lat' dir='ltr'><strong>vel</strong></span> <span class='ocrx_word' id='word_1_439' title='bbox 1682 807 1709 834; x_wconf 92' lang='lat' dir='ltr'><strong>in</strong></span> <span class='ocrx_word' id='word_1_440' title='bbox 1727 807 1785 840; x_wconf 74' lang='lat' dir='ltr'><strong>ipso</strong></span> 
     </span>
    </p>
   </div>
   <div class='ocr_carea' id='block_1_60' title="bbox 997 854 1784 890">
    <p class='ocr_par' dir='ltr' id='par_1_60' title="bbox 997 854 1784 890">
     <span class='ocr_line' id='line_1_60' title="bbox 997 854 1784 890; baseline -0.004 -9"><span class='ocrx_word' id='word_1_441' title='bbox 997 860 1058 882; x_wconf 90' lang='lat' dir='ltr'><strong>ortu</strong></span> <span class='ocrx_word' id='word_1_442' title='bbox 1072 854 1246 882; x_wconf 87' lang='lat' dir='ltr'><strong>discernendi</strong></span> <span class='ocrx_word' id='word_1_443' title='bbox 1261 855 1286 882; x_wconf 88' lang='lat' dir='ltr'><strong>vi</strong></span> <span class='ocrx_word' id='word_1_444' title='bbox 1301 855 1443 890; x_wconf 70' lang='lat' dir='ltr'><strong>praeditum</strong></span> <span class='ocrx_word' id='word_1_445' title='bbox 1457 873 1465 886; x_wconf 88' lang='lat'><strong>,</strong></span> <span class='ocrx_word' id='word_1_446' title='bbox 1477 861 1508 881; x_wconf 90' lang='lat' dir='ltr'><strong>ac</strong></span> <span class='ocrx_word' id='word_1_447' title='bbox 1523 854 1653 881; x_wconf 92' lang='lat' dir='ltr'><strong>bonorum</strong></span> <span class='ocrx_word' id='word_1_448' title='bbox 1665 856 1784 888; x_wconf 82' lang='lat' dir='ltr'><strong>patrato-</strong></span> 
     </span>
    </p>
   </div>
   <div class='ocr_carea' id='block_1_61' title="bbox 999 898 1784 934">
    <p class='ocr_par' dir='ltr' id='par_1_61' title="bbox 999 898 1784 934">
     <span class='ocr_line' id='line_1_61' title="bbox 999 898 1784 934; baseline -0.004 -7"><span class='ocrx_word' id='word_1_449' title='bbox 999 908 1055 928; x_wconf 88' lang='lat' dir='ltr'><strong>rem</strong></span> <span class='ocrx_word' id='word_1_450' title='bbox 1076 900 1276 928; x_wconf 86' lang='lat' dir='ltr'><strong>Emmanuelem</strong></span> <span class='ocrx_word' id='word_1_451' title='bbox 1291 901 1385 933; x_wconf 80' lang='lat' dir='ltr'><strong>fuisse,</strong></span> <span class='ocrx_word' id='word_1_452' title='bbox 1397 900 1453 934; x_wconf 86' lang='lat' dir='ltr'><strong>jam</strong></span> <span class='ocrx_word' id='word_1_453' title='bbox 1466 905 1529 927; x_wconf 87' lang='lat' dir='ltr'><strong>tunc</strong></span> <span class='ocrx_word' id='word_1_454' title='bbox 1548 899 1642 934; x_wconf 88' lang='lat' dir='ltr'><strong>judicii</strong></span> <span class='ocrx_word' id='word_1_455' title='bbox 1656 898 1784 926; x_wconf 76' lang='lat' dir='ltr'><strong>facultate</strong></span> 
     </span>
    </p>
   </div>
   <div class='ocr_carea' id='block_1_62' title="bbox 997 940 1784 981">
    <p class='ocr_par' dir='ltr' id='par_1_62' title="bbox 997 940 1784 981">
     <span class='ocr_line' id='line_1_62' title="bbox 997 940 1784 981; baseline -0.003 -8"><span class='ocrx_word' id='word_1_456' title='bbox 997 947 1161 974; x_wconf 86' lang='lat' dir='ltr'><strong>instructum</strong></span> <span class='ocrx_word' id='word_1_457' title='bbox 1179 954 1186 974; x_wconf 87' lang='lat'><strong>:</strong></span> <span class='ocrx_word' id='word_1_458' title='bbox 1199 954 1231 974; x_wconf 82' lang='lat' dir='ltr'><strong>ac</strong></span> <span class='ocrx_word' id='word_1_459' title='bbox 1243 946 1343 974; x_wconf 86' lang='lat' dir='ltr'><strong>malum</strong></span> <span class='ocrx_word' id='word_1_460' title='bbox 1355 940 1462 981; x_wconf 68' lang='lat' dir='ltr'><strong>quidem</strong></span> <span class='ocrx_word' id='word_1_461' title='bbox 1478 947 1670 978; x_wconf 76' lang='lat' dir='ltr'><strong>excutientem.</strong></span> <span class='ocrx_word' id='word_1_462' title='bbox 1684 945 1784 972; x_wconf 84' lang='lat' dir='ltr'><strong>bonum</strong></span> 
     </span>
    </p>
   </div>
   <div class='ocr_carea' id='block_1_63' title="bbox 997 992 1783 1027">
    <p class='ocr_par' dir='ltr' id='par_1_63' title="bbox 997 992 1783 1027">
     <span class='ocr_line' id='line_1_63' title="bbox 997 992 1783 1027; baseline -0.003 -7"><span class='ocrx_word' id='word_1_463' title='bbox 997 1000 1063 1020; x_wconf 89' lang='lat' dir='ltr'><strong>vero</strong></span> <span class='ocrx_word' id='word_1_464' title='bbox 1080 993 1212 1020; x_wconf 80' lang='lat' dir='ltr'><strong>duntaxat</strong></span> <span class='ocrx_word' id='word_1_465' title='bbox 1227 993 1447 1027; x_wconf 84' lang='lat' dir='ltr'><strong>amplectentem.</strong></span> <span class='ocrx_word' id='word_1_466' title='bbox 1458 992 1533 1019; x_wconf 82' lang='lat' dir='ltr'><strong>Talis</strong></span> <span class='ocrx_word' id='word_1_467' title='bbox 1547 992 1646 1027; x_wconf 87' lang='lat' dir='ltr'><strong>quippe</strong></span> <span class='ocrx_word' id='word_1_468' title='bbox 1670 997 1783 1022; x_wconf 55' lang='lat' dir='ltr'><strong>natur-au</strong></span> 
     </span>
    </p>
   </div>
   <div class='ocr_carea' id='block_1_64' title="bbox 998 1037 1545 1073">
    <p class='ocr_par' dir='ltr' id='par_1_64' title="bbox 998 1037 1545 1073">
     <span class='ocr_line' id='line_1_64' title="bbox 998 1037 1545 1073; baseline 0.002 -9"><span class='ocrx_word' id='word_1_469' title='bbox 998 1037 1095 1072; x_wconf 88' lang='lat' dir='ltr'><strong>inquit,</strong></span> <span class='ocrx_word' id='word_1_470' title='bbox 1108 1038 1150 1065; x_wconf 91' lang='lat' dir='ltr'><strong>vel</strong></span> <span class='ocrx_word' id='word_1_471' title='bbox 1168 1038 1202 1065; x_wconf 88' lang='lat' dir='ltr'><strong>ab</strong></span> <span class='ocrx_word' id='word_1_472' title='bbox 1219 1038 1276 1073; x_wconf 87' lang='lat' dir='ltr'><strong>ipso</strong></span> <span class='ocrx_word' id='word_1_473' title='bbox 1290 1043 1351 1065; x_wconf 88' lang='lat' dir='ltr'><strong>ortu</strong></span> <span class='ocrx_word' id='word_1_474' title='bbox 1370 1037 1478 1065; x_wconf 85' lang='lat' dir='ltr'><strong>futurus</strong></span> <span class='ocrx_word' id='word_1_475' title='bbox 1491 1043 1545 1066; x_wconf 91' lang='lat' dir='ltr'><strong>est.</strong></span> 
     </span>
    </p>
   </div>
   <div class='ocr_carea' id='block_1_65' title="bbox 1033 1083 1786 1117">
    <p class='ocr_par' dir='ltr' id='par_1_65' title="bbox 1033 1083 1786 1117">
     <span class='ocr_line' id='line_1_65' title="bbox 1033 1083 1786 1117; baseline -0.003 -7"><span class='ocrx_word' id='word_1_476' title='bbox 1033 1083 1115 1111; x_wconf 68' lang='grc' dir='ltr'><strong>νιος.</strong></span> <span class='ocrx_word' id='word_1_477' title='bbox 1137 1084 1180 1112; x_wconf 81' lang='grc'><strong>18.</strong></span> <span class='ocrx_word' id='word_1_478' title='bbox 1201 1094 1210 1110; x_wconf 79' lang='grc' dir='ltr'><strong>ι</strong></span> <span class='ocrx_word' id='word_1_479' title='bbox 1228 1084 1261 1111; x_wconf 86' lang='lat' dir='ltr'><strong>Et</strong></span> <span class='ocrx_word' id='word_1_480' title='bbox 1273 1084 1326 1111; x_wconf 89' lang='lat' dir='ltr'><strong>erit</strong></span> <span class='ocrx_word' id='word_1_481' title='bbox 1339 1084 1366 1111; x_wconf 94' lang='lat' dir='ltr'><strong>in</strong></span> <span class='ocrx_word' id='word_1_482' title='bbox 1380 1084 1424 1111; x_wconf 86' lang='lat' dir='ltr'><strong>die</strong></span> <span class='ocrx_word' id='word_1_483' title='bbox 1436 1084 1491 1117; x_wconf 88' lang='lat' dir='ltr'><strong>illa,</strong></span> <span class='ocrx_word' id='word_1_484' title='bbox 1511 1084 1632 1112; x_wconf 89' lang='lat' dir='ltr'><strong>sibilabit</strong></span> <span class='ocrx_word' id='word_1_485' title='bbox 1656 1083 1786 1112; x_wconf 68' lang='lat' dir='ltr'><strong>Dominus</strong></span> 
     </span>
    </p>
   </div>
   <div class='ocr_carea' id='block_1_66' title="bbox 999 1128 1783 1165">
    <p class='ocr_par' dir='ltr' id='par_1_66' title="bbox 999 1128 1783 1165">
     <span class='ocr_line' id='line_1_66' title="bbox 999 1128 1783 1165; baseline 0 -9"><span class='ocrx_word' id='word_1_486' title='bbox 999 1131 1110 1161; x_wconf 86' lang='lat' dir='ltr'><strong>muscis,</strong></span> <span class='ocrx_word' id='word_1_487' title='bbox 1126 1136 1187 1163; x_wconf 67' lang='lat' dir='ltr'><strong>quae</strong></span> <span class='ocrx_word' id='word_1_488' title='bbox 1196 1129 1411 1156; x_wconf 87' lang='lat' dir='ltr'><strong>dominabuntur</strong></span> <span class='ocrx_word' id='word_1_489' title='bbox 1424 1130 1494 1163; x_wconf 88' lang='lat' dir='ltr'><strong>parti</strong></span> <span class='ocrx_word' id='word_1_490' title='bbox 1510 1130 1630 1156; x_wconf 87' lang='lat' dir='ltr'><strong>lluminis</strong></span> <span class='ocrx_word' id='word_1_491' title='bbox 1651 1128 1764 1165; x_wconf 67' lang='lat' dir='ltr'><strong>Egypti</strong></span> <span class='ocrx_word' id='word_1_492' title='bbox 1775 1150 1783 1161; x_wconf 83' lang='lat'><strong>,</strong></span> 
     </span>
    </p>
   </div>
   <div class='ocr_carea' id='block_1_67' title="bbox 997 1174 1784 1210">
    <p class='ocr_par' dir='ltr' id='par_1_67' title="bbox 997 1174 1784 1210">
     <span class='ocr_line' id='line_1_67' title="bbox 997 1174 1784 1210; baseline 0 -8"><span class='ocrx_word' id='word_1_493' title='bbox 997 1180 1025 1202; x_wconf 83' lang='lat' dir='ltr'><strong>et</strong></span> <span class='ocrx_word' id='word_1_494' title='bbox 1036 1174 1099 1210; x_wconf 75' lang='lat' dir='ltr'><strong>api,</strong></span> <span class='ocrx_word' id='word_1_495' title='bbox 1119 1182 1181 1209; x_wconf 62' lang='lat' dir='ltr'><strong>quae</strong></span> <span class='ocrx_word' id='word_1_496' title='bbox 1194 1180 1236 1203; x_wconf 88' lang='lat' dir='ltr'><strong>est</strong></span> <span class='ocrx_word' id='word_1_497' title='bbox 1250 1176 1275 1202; x_wconf 96' lang='lat' dir='ltr'><strong>in</strong></span> <span class='ocrx_word' id='word_1_498' title='bbox 1292 1175 1402 1210; x_wconf 75' lang='lat' dir='ltr'><strong>regione</strong></span> <span class='ocrx_word' id='word_1_499' title='bbox 1424 1175 1609 1210; x_wconf 81' lang='lat' dir='ltr'><strong>Assyriorum.</strong></span> <span class='ocrx_word' id='word_1_500' title='bbox 1631 1185 1640 1201; x_wconf 72' lang='grc' dir='ltr'><strong>ι</strong></span> <span class='ocrx_word' id='word_1_501' title='bbox 1658 1175 1704 1203; x_wconf 89' lang='lat' dir='ltr'><strong>His</strong></span> <span class='ocrx_word' id='word_1_502' title='bbox 1719 1183 1784 1203; x_wconf 87' lang='lat' dir='ltr'><strong>vero</strong></span> 
     </span>
    </p>
   </div>
   <div class='ocr_carea' id='block_1_68' title="bbox 998 1220 1784 1257">
    <p class='ocr_par' dir='ltr' id='par_1_68' title="bbox 998 1220 1784 1257">
     <span class='ocr_line' id='line_1_68' title="bbox 998 1220 1784 1257; baseline 0.003 -10"><span class='ocrx_word' id='word_1_503' title='bbox 998 1221 1133 1253; x_wconf 78' lang='lat' dir='ltr'><strong>signiﬁcat</strong></span> <span class='ocrx_word' id='word_1_504' title='bbox 1150 1221 1341 1256; x_wconf 67' lang='lat' dir='ltr'><strong>Egyptiorum</strong></span> <span class='ocrx_word' id='word_1_505' title='bbox 1358 1220 1479 1248; x_wconf 92' lang='lat' dir='ltr'><strong>virorum</strong></span> <span class='ocrx_word' id='word_1_506' title='bbox 1500 1221 1679 1256; x_wconf 87' lang='lat' dir='ltr'><strong>irruptionem</strong></span> <span class='ocrx_word' id='word_1_507' title='bbox 1693 1231 1700 1249; x_wconf 93' lang='lat'>:</span> <span class='ocrx_word' id='word_1_508' title='bbox 1715 1230 1784 1257; x_wconf 86' lang='lat' dir='ltr'><strong>quos</strong></span> 
     </span>
    </p>
   </div>
   <div class='ocr_carea' id='block_1_69' title="bbox 999 1266 1785 1303">
    <p class='ocr_par' dir='ltr' id='par_1_69' title="bbox 999 1266 1785 1303">
     <span class='ocr_line' id='line_1_69' title="bbox 999 1266 1785 1303; baseline 0.001 -9"><span class='ocrx_word' id='word_1_509' title='bbox 999 1268 1036 1294; x_wconf 87' lang='lat' dir='ltr'><strong>ait</strong></span> <span class='ocrx_word' id='word_1_510' title='bbox 1048 1275 1100 1294; x_wconf 88' lang='lat' dir='ltr'><strong>non</strong></span> <span class='ocrx_word' id='word_1_511' title='bbox 1117 1267 1176 1294; x_wconf 88' lang='lat' dir='ltr'><strong>sine</strong></span> <span class='ocrx_word' id='word_1_512' title='bbox 1189 1266 1243 1294; x_wconf 88' lang='lat' dir='ltr'><strong>Deo</strong></span> <span class='ocrx_word' id='word_1_513' title='bbox 1256 1271 1386 1294; x_wconf 87' lang='lat' dir='ltr'><strong>venturos</strong></span> <span class='ocrx_word' id='word_1_514' title='bbox 1406 1274 1468 1294; x_wconf 82' lang='lat' dir='ltr'><strong>esse</strong></span> <span class='ocrx_word' id='word_1_515' title='bbox 1486 1267 1512 1294; x_wconf 90' lang='lat' dir='ltr'><strong>in</strong></span> <span class='ocrx_word' id='word_1_516' title='bbox 1526 1267 1679 1297; x_wconf 64' lang='lat' dir='ltr'><strong>Judazorum</strong></span> <span class='ocrx_word' id='word_1_517' title='bbox 1694 1268 1785 1303; x_wconf 82' lang='lat' dir='ltr'><strong>regio-</strong></span> 
     </span>
    </p>
   </div>
   <div class='ocr_carea' id='block_1_70' title="bbox 1000 1312 1788 1347">
    <p class='ocr_par' dir='ltr' id='par_1_70' title="bbox 1000 1312 1788 1347">
     <span class='ocr_line' id='line_1_70' title="bbox 1000 1312 1788 1347; baseline 0.003 -9"><span class='ocrx_word' id='word_1_518' title='bbox 1000 1320 1061 1339; x_wconf 92' lang='lat' dir='ltr'><strong>nem</strong></span> <span class='ocrx_word' id='word_1_519' title='bbox 1074 1332 1081 1345; x_wconf 84' lang='grc'><strong>,</strong></span> <span class='ocrx_word' id='word_1_520' title='bbox 1100 1312 1212 1340; x_wconf 92' lang='lat' dir='ltr'><strong>Domino</strong></span> <span class='ocrx_word' id='word_1_521' title='bbox 1234 1320 1283 1347; x_wconf 88' lang='lat' dir='ltr'><strong>per</strong></span> <span class='ocrx_word' id='word_1_522' title='bbox 1306 1313 1394 1340; x_wconf 83' lang='lat' dir='ltr'><strong>solum</strong></span> <span class='ocrx_word' id='word_1_523' title='bbox 1412 1318 1508 1341; x_wconf 83' lang='lat' dir='ltr'><strong>nutum</strong></span> <span class='ocrx_word' id='word_1_524' title='bbox 1528 1319 1734 1345; x_wconf 76' lang='lat' dir='ltr'><strong>commovente,</strong></span> <span class='ocrx_word' id='word_1_525' title='bbox 1760 1320 1788 1340; x_wconf 85' lang='lat' dir='ltr'><strong>et</strong></span> 
     </span>
    </p>
   </div>
   <div class='ocr_carea' id='block_1_71' title="bbox 999 1359 1786 1395">
    <p class='ocr_par' dir='ltr' id='par_1_71' title="bbox 999 1359 1786 1395">
     <span class='ocr_line' id='line_1_71' title="bbox 999 1359 1786 1395; baseline 0 -10"><span class='ocrx_word' id='word_1_526' title='bbox 999 1359 1075 1393; x_wconf 84' lang='lat' dir='ltr'><strong>quasi</strong></span> <span class='ocrx_word' id='word_1_527' title='bbox 1092 1359 1171 1386; x_wconf 89' lang='lat' dir='ltr'><strong>sibilo</strong></span> <span class='ocrx_word' id='word_1_528' title='bbox 1186 1360 1322 1386; x_wconf 72' lang='lat' dir='ltr'><strong>excitante</strong></span> <span class='ocrx_word' id='word_1_529' title='bbox 1334 1359 1394 1387; x_wconf 84' lang='lat' dir='ltr'><strong>illos</strong></span> <span class='ocrx_word' id='word_1_530' title='bbox 1415 1368 1448 1387; x_wconf 81' lang='lat' dir='ltr'><strong>ex</strong></span> <span class='ocrx_word' id='word_1_531' title='bbox 1463 1359 1580 1395; x_wconf 67' lang='lat' dir='ltr'><strong>Egyplo</strong></span> <span class='ocrx_word' id='word_1_532' title='bbox 1594 1367 1601 1385; x_wconf 92' lang='lat'>:</span> <span class='ocrx_word' id='word_1_533' title='bbox 1617 1367 1668 1387; x_wconf 86' lang='lat' dir='ltr'><strong>nec</strong></span> <span class='ocrx_word' id='word_1_534' title='bbox 1680 1368 1712 1386; x_wconf 76' lang='lat' dir='ltr'><strong>ex</strong></span> <span class='ocrx_word' id='word_1_535' title='bbox 1729 1364 1786 1387; x_wconf 78' lang='lat' dir='ltr'><strong>tota</strong></span> 
     </span>
    </p>
   </div>
   <div class='ocr_carea' id='block_1_72' title="bbox 1000 1402 1789 1441">
    <p class='ocr_par' dir='ltr' id='par_1_72' title="bbox 1000 1402 1789 1441">
     <span class='ocr_line' id='line_1_72' title="bbox 1000 1402 1789 1441; baseline 0.003 -10"><span class='ocrx_word' id='word_1_536' title='bbox 1000 1405 1043 1431; x_wconf 81' lang='lat' dir='ltr'><strong>illa</strong></span> <span class='ocrx_word' id='word_1_537' title='bbox 1054 1424 1062 1438; x_wconf 83' lang='lat'><strong>,</strong></span> <span class='ocrx_word' id='word_1_538' title='bbox 1077 1405 1125 1432; x_wconf 86' lang='lat' dir='ltr'><strong>sed</strong></span> <span class='ocrx_word' id='word_1_539' title='bbox 1140 1412 1172 1432; x_wconf 83' lang='lat' dir='ltr'><strong>ex</strong></span> <span class='ocrx_word' id='word_1_540' title='bbox 1196 1409 1273 1439; x_wconf 86' lang='lat' dir='ltr'><strong>parte</strong></span> <span class='ocrx_word' id='word_1_541' title='bbox 1286 1405 1400 1440; x_wconf 86' lang='lat' dir='ltr'><strong>quadam</strong></span> <span class='ocrx_word' id='word_1_542' title='bbox 1421 1402 1555 1439; x_wconf 73' lang='lat' dir='ltr'><strong>ejusdém.</strong></span> <span class='ocrx_word' id='word_1_543' title='bbox 1571 1405 1616 1433; x_wconf 77' lang='lat' dir='ltr'><strong>Vel</strong></span> <span class='ocrx_word' id='word_1_544' title='bbox 1628 1405 1689 1440; x_wconf 84' lang='lat' dir='ltr'><strong>quia</strong></span> <span class='ocrx_word' id='word_1_545' title='bbox 1705 1405 1789 1441; x_wconf 64' lang='lat' dir='ltr'><strong>Egyo</strong></span> 
     </span>
    </p>
   </div>
   <div class='ocr_carea' id='block_1_73' title="bbox 1000 1451 1790 1487">
    <p class='ocr_par' dir='ltr' id='par_1_73' title="bbox 1000 1451 1790 1487">
     <span class='ocr_line' id='line_1_73' title="bbox 1000 1451 1790 1487; baseline 0 -10"><span class='ocrx_word' id='word_1_546' title='bbox 1000 1451 1048 1484; x_wconf 87' lang='lat' dir='ltr'><strong>ptii</strong></span> <span class='ocrx_word' id='word_1_547' title='bbox 1063 1472 1070 1484; x_wconf 94' lang='lat'><strong>,</strong></span> <span class='ocrx_word' id='word_1_548' title='bbox 1086 1458 1186 1478; x_wconf 88' lang='lat' dir='ltr'><strong>cruore</strong></span> <span class='ocrx_word' id='word_1_549' title='bbox 1200 1455 1228 1478; x_wconf 88' lang='lat' dir='ltr'><strong>et</strong></span> <span class='ocrx_word' id='word_1_550' title='bbox 1252 1452 1386 1487; x_wconf 68' lang='lat' dir='ltr'><strong>sanguine</strong></span> <span class='ocrx_word' id='word_1_551' title='bbox 1402 1452 1435 1479; x_wconf 86' lang='lat' dir='ltr'><strong>ab</strong></span> <span class='ocrx_word' id='word_1_552' title='bbox 1458 1452 1562 1487; x_wconf 89' lang='lat' dir='ltr'><strong>impura</strong></span> <span class='ocrx_word' id='word_1_553' title='bbox 1581 1451 1734 1479; x_wconf 79' lang='lat' dir='ltr'><strong>idololatria</strong></span> <span class='ocrx_word' id='word_1_554' title='bbox 1749 1453 1790 1478; x_wconf 85' lang='lat' dir='ltr'><strong>er-</strong></span> 
     </span>
    </p>
   </div>
   <div class='ocr_carea' id='block_1_74' title="bbox 1001 1497 1787 1533">
    <p class='ocr_par' dir='ltr' id='par_1_74' title="bbox 1001 1497 1787 1533">
     <span class='ocr_line' id='line_1_74' title="bbox 1001 1497 1787 1533; baseline 0.001 -9"><span class='ocrx_word' id='word_1_555' title='bbox 1001 1498 1060 1524; x_wconf 80' lang='lat' dir='ltr'><strong>fnso</strong></span> <span class='ocrx_word' id='word_1_556' title='bbox 1073 1497 1292 1531; x_wconf 86' lang='lat' dir='ltr'><strong>delectabantur,</strong></span> <span class='ocrx_word' id='word_1_557' title='bbox 1309 1498 1382 1532; x_wconf 80' lang='lat' dir='ltr'><strong>ipsos</strong></span> <span class='ocrx_word' id='word_1_558' title='bbox 1395 1498 1496 1525; x_wconf 85' lang='lat' dir='ltr'><strong>muscis</strong></span> <span class='ocrx_word' id='word_1_559' title='bbox 1519 1503 1659 1532; x_wconf 85' lang='lat' dir='ltr'><strong>comparat</strong></span> <span class='ocrx_word' id='word_1_560' title='bbox 1675 1507 1683 1525; x_wconf 88' lang='lat'><strong>:</strong></span> <span class='ocrx_word' id='word_1_561' title='bbox 1703 1499 1787 1533; x_wconf 86' lang='lat' dir='ltr'><strong>Assy-</strong></span> 
     </span>
    </p>
   </div>
   <div class='ocr_carea' id='block_1_75' title="bbox 1002 1543 1787 1578">
    <p class='ocr_par' dir='ltr' id='par_1_75' title="bbox 1002 1543 1787 1578">
     <span class='ocr_line' id='line_1_75' title="bbox 1002 1543 1787 1578; baseline 0.001 -9"><span class='ocrx_word' id='word_1_562' title='bbox 1002 1544 1104 1570; x_wconf 92' lang='lat' dir='ltr'><strong>riorum</strong></span> <span class='ocrx_word' id='word_1_563' title='bbox 1120 1548 1212 1571; x_wconf 89' lang='lat' dir='ltr'><strong>autem</strong></span> <span class='ocrx_word' id='word_1_564' title='bbox 1232 1543 1357 1571; x_wconf 83' lang='lat' dir='ltr'><strong>bellicam</strong></span> <span class='ocrx_word' id='word_1_565' title='bbox 1377 1544 1504 1571; x_wconf 84' lang='lat' dir='ltr'><strong>virtutem</strong></span> <span class='ocrx_word' id='word_1_566' title='bbox 1519 1563 1526 1575; x_wconf 87' lang='lat'><em>.</em></span> <span class='ocrx_word' id='word_1_567' title='bbox 1557 1544 1630 1578; x_wconf 89' lang='lat' dir='ltr'><strong>quod</strong></span> <span class='ocrx_word' id='word_1_568' title='bbox 1646 1543 1682 1571; x_wconf 89' lang='lat' dir='ltr'><strong>illi</strong></span> <span class='ocrx_word' id='word_1_569' title='bbox 1697 1544 1787 1571; x_wconf 83' lang='lat' dir='ltr'><strong>hostili</strong></span> 
     </span>
    </p>
   </div>
   <div class='ocr_carea' id='block_1_76' title="bbox 1001 1590 1787 1625">
    <p class='ocr_par' dir='ltr' id='par_1_76' title="bbox 1001 1590 1787 1625">
     <span class='ocr_line' id='line_1_76' title="bbox 1001 1590 1787 1625; baseline 0.001 -9"><span class='ocrx_word' id='word_1_570' title='bbox 1001 1590 1105 1625; x_wconf 86' lang='lat' dir='ltr'><strong>spiculo</strong></span> <span class='ocrx_word' id='word_1_571' title='bbox 1117 1594 1269 1623; x_wconf 86' lang='lat' dir='ltr'><strong>uterentur,</strong></span> <span class='ocrx_word' id='word_1_572' title='bbox 1285 1597 1317 1617; x_wconf 86' lang='lat' dir='ltr'><strong>ac</strong></span> <span class='ocrx_word' id='word_1_573' title='bbox 1334 1590 1439 1618; x_wconf 74' lang='lat' dir='ltr'><strong>cmteris</strong></span> <span class='ocrx_word' id='word_1_574' title='bbox 1455 1594 1518 1617; x_wconf 88' lang='lat' dir='ltr'><strong>tunc</strong></span> <span class='ocrx_word' id='word_1_575' title='bbox 1527 1590 1653 1625; x_wconf 79' lang='lat' dir='ltr'><strong>gentibus</strong></span> <span class='ocrx_word' id='word_1_576' title='bbox 1670 1590 1787 1624; x_wconf 82' lang='lat' dir='ltr'><strong>impera-</strong></span> 
     </span>
    </p>
   </div>
   <div class='ocr_carea' id='block_1_77' title="bbox 1002 1635 1789 1670">
    <p class='ocr_par' dir='ltr' id='par_1_77' title="bbox 1002 1635 1789 1670">
     <span class='ocr_line' id='line_1_77' title="bbox 1002 1635 1789 1670; baseline 0.001 -8"><span class='ocrx_word' id='word_1_577' title='bbox 1002 1640 1080 1667; x_wconf 84' lang='lat' dir='ltr'><strong>rent,</strong></span> <span class='ocrx_word' id='word_1_578' title='bbox 1102 1636 1146 1670; x_wconf 91' lang='lat' dir='ltr'><strong>api</strong></span> <span class='ocrx_word' id='word_1_579' title='bbox 1162 1635 1277 1663; x_wconf 83' lang='lat' dir='ltr'><strong>similem</strong></span> <span class='ocrx_word' id='word_1_580' title='bbox 1292 1635 1367 1663; x_wconf 81' lang='lat' dir='ltr'><strong>dicit.</strong></span> <span class='ocrx_word' id='word_1_581' title='bbox 1389 1635 1451 1662; x_wconf 73' lang='lat' dir='ltr'><strong>lla-c</strong></span> <span class='ocrx_word' id='word_1_582' title='bbox 1465 1643 1546 1670; x_wconf 90' lang='lat' dir='ltr'><strong>porro</strong></span> <span class='ocrx_word' id='word_1_583' title='bbox 1565 1635 1699 1670; x_wconf 86' lang='lat' dir='ltr'><strong>completa</strong></span> <span class='ocrx_word' id='word_1_584' title='bbox 1725 1640 1789 1663; x_wconf 84' lang='lat' dir='ltr'><strong>sunt</strong></span> 
     </span>
    </p>
   </div>
   <div class='ocr_carea' id='block_1_78' title="bbox 1004 1681 1789 1717">
    <p class='ocr_par' dir='ltr' id='par_1_78' title="bbox 1004 1681 1789 1717">
     <span class='ocr_line' id='line_1_78' title="bbox 1004 1681 1789 1717; baseline -0.001 -8"><span class='ocrx_word' id='word_1_585' title='bbox 1004 1687 1126 1717; x_wconf 83' lang='lat' dir='ltr'><strong>tempore</strong></span> <span class='ocrx_word' id='word_1_586' title='bbox 1153 1682 1247 1717; x_wconf 68' lang='lat' dir='ltr'><strong>primm</strong></span> <span class='ocrx_word' id='word_1_587' title='bbox 1269 1681 1519 1717; x_wconf 85' lang='lat' dir='ltr'><strong>Hierosolymorum</strong></span> <span class='ocrx_word' id='word_1_588' title='bbox 1550 1682 1718 1714; x_wconf 83' lang='lat' dir='ltr'><strong>obsidionis.</strong></span> <span class='ocrx_word' id='word_1_589' title='bbox 1735 1691 1789 1717; x_wconf 88' lang='lat' dir='ltr'><strong>quo</strong></span> 
     </span>
    </p>
   </div>
   <div class='ocr_carea' id='block_1_79' title="bbox 1001 1728 1785 1763">
    <p class='ocr_par' dir='ltr' id='par_1_79' title="bbox 1001 1728 1785 1763">
     <span class='ocr_line' id='line_1_79' title="bbox 1001 1728 1785 1763; baseline -0.001 -7"><span class='ocrx_word' id='word_1_590' title='bbox 1001 1728 1120 1763; x_wconf 69' lang='lat' dir='ltr'><strong>Egyptli</strong></span> <span class='ocrx_word' id='word_1_591' title='bbox 1133 1729 1241 1762; x_wconf 83' lang='lat' dir='ltr'><strong>quidem</strong></span> <span class='ocrx_word' id='word_1_592' title='bbox 1256 1748 1262 1759; x_wconf 84' lang='grc'><strong>,</strong></span> <span class='ocrx_word' id='word_1_593' title='bbox 1282 1736 1381 1755; x_wconf 78' lang='lat' dir='ltr'><strong>musca:</strong></span> <span class='ocrx_word' id='word_1_594' title='bbox 1395 1729 1459 1756; x_wconf 73' lang='lat' dir='ltr'><strong>dicti</strong></span> <span class='ocrx_word' id='word_1_595' title='bbox 1473 1749 1480 1760; x_wconf 86' lang='lat'>.</span> <span class='ocrx_word' id='word_1_596' title='bbox 1502 1736 1562 1755; x_wconf 88' lang='lat' dir='ltr'><strong>cum</strong></span> <span class='ocrx_word' id='word_1_597' title='bbox 1577 1736 1640 1763; x_wconf 83' lang='lat' dir='ltr'><strong>rege</strong></span> <span class='ocrx_word' id='word_1_598' title='bbox 1653 1736 1701 1756; x_wconf 89' lang='lat' dir='ltr'><strong>suo</strong></span> <span class='ocrx_word' id='word_1_599' title='bbox 1717 1728 1785 1755; x_wconf 81' lang='lat' dir='ltr'><strong>Phn-</strong></span> 
     </span>
    </p>
   </div>
   <div class='ocr_carea' id='block_1_80' title="bbox 1002 1774 1789 1810">
    <p class='ocr_par' dir='ltr' id='par_1_80' title="bbox 1002 1774 1789 1810">
     <span class='ocr_line' id='line_1_80' title="bbox 1002 1774 1789 1810; baseline -0.003 -9"><span class='ocrx_word' id='word_1_600' title='bbox 1002 1781 1085 1801; x_wconf 86' lang='lat' dir='ltr'><strong>raone</strong></span> <span class='ocrx_word' id='word_1_601' title='bbox 1098 1775 1290 1808; x_wconf 85' lang='lat' dir='ltr'><strong>irrumpentes,</strong></span> <span class='ocrx_word' id='word_1_602' title='bbox 1306 1774 1408 1801; x_wconf 76' lang='lat' dir='ltr'><strong>.losiam</strong></span> <span class='ocrx_word' id='word_1_603' title='bbox 1429 1774 1676 1810; x_wconf 85' lang='lat' dir='ltr'><strong>Hierosolymorum</strong></span> <span class='ocrx_word' id='word_1_604' title='bbox 1684 1783 1789 1807; x_wconf 69' lang='lat' dir='ltr'><strong>regem,</strong></span> 
     </span>
    </p>
   </div>
   <div class='ocr_carea' id='block_1_81' title="bbox 1002 1819 1789 1854">
    <p class='ocr_par' dir='ltr' id='par_1_81' title="bbox 1002 1819 1789 1854">
     <span class='ocr_line' id='line_1_81' title="bbox 1002 1819 1789 1854; baseline -0.001 -8"><span class='ocrx_word' id='word_1_605' title='bbox 1002 1819 1073 1847; x_wconf 86' lang='lat' dir='ltr'><strong>inter</strong></span> <span class='ocrx_word' id='word_1_606' title='bbox 1086 1819 1249 1853; x_wconf 84' lang='lat' dir='ltr'><strong>conspicuos</strong></span> <span class='ocrx_word' id='word_1_607' title='bbox 1265 1819 1462 1854; x_wconf 76' lang='lat' dir='ltr'><strong>rcligiososque</strong></span> <span class='ocrx_word' id='word_1_608' title='bbox 1485 1821 1558 1848; x_wconf 90' lang='lat' dir='ltr'><strong>viros</strong></span> <span class='ocrx_word' id='word_1_609' title='bbox 1575 1821 1673 1848; x_wconf 82' lang='lat' dir='ltr'><strong>nemini</strong></span> <span class='ocrx_word' id='word_1_610' title='bbox 1691 1829 1789 1848; x_wconf 81' lang='lat' dir='ltr'><strong>secun-</strong></span> 
     </span>
    </p>
   </div>
   <div class='ocr_carea' id='block_1_82' title="bbox 1002 1864 1788 1901">
    <p class='ocr_par' dir='ltr' id='par_1_82' title="bbox 1002 1864 1788 1901">
     <span class='ocr_line' id='line_1_82' title="bbox 1002 1864 1788 1901; baseline 0.003 -11"><span class='ocrx_word' id='word_1_611' title='bbox 1002 1864 1063 1890; x_wconf 88' lang='lat' dir='ltr'><strong>dutn</strong></span> <span class='ocrx_word' id='word_1_612' title='bbox 1079 1864 1282 1891; x_wconf 74' lang='lat' dir='ltr'><strong>interfecerunt.</strong></span> <span class='ocrx_word' id='word_1_613' title='bbox 1308 1864 1365 1892; x_wconf 85' lang='lat' dir='ltr'><strong>Non</strong></span> <span class='ocrx_word' id='word_1_614' title='bbox 1394 1865 1438 1892; x_wconf 77' lang='lat' dir='ltr'><strong>diu</strong></span> <span class='ocrx_word' id='word_1_615' title='bbox 1469 1872 1531 1892; x_wconf 89' lang='lat' dir='ltr'><strong>vero</strong></span> <span class='ocrx_word' id='word_1_616' title='bbox 1558 1871 1649 1901; x_wconf 80' lang='lat' dir='ltr'><strong>postea</strong></span> <span class='ocrx_word' id='word_1_617' title='bbox 1676 1866 1788 1901; x_wconf 85' lang='lat' dir='ltr'><strong>Babylo-</strong></span> 
     </span>
    </p>
   </div>
   <div class='ocr_carea' id='block_1_83' title="bbox 1002 1908 1790 1942">
    <p class='ocr_par' dir='ltr' id='par_1_83' title="bbox 1002 1908 1790 1942">
     <span class='ocr_line' id='line_1_83' title="bbox 1002 1908 1790 1942; baseline 0.003 -7"><span class='ocrx_word' id='word_1_618' title='bbox 1002 1908 1107 1936; x_wconf 90' lang='lat' dir='ltr'><strong>niorum</strong></span> <span class='ocrx_word' id='word_1_619' title='bbox 1133 1916 1180 1936; x_wconf 85' lang='lat' dir='ltr'><strong>rex</strong></span> <span class='ocrx_word' id='word_1_620' title='bbox 1211 1908 1468 1942; x_wconf 83' lang='lat' dir='ltr'><strong>Nabuchodonosor,</strong></span> <span class='ocrx_word' id='word_1_621' title='bbox 1491 1918 1552 1938; x_wconf 89' lang='lat' dir='ltr'><strong>cum</strong></span> <span class='ocrx_word' id='word_1_622' title='bbox 1581 1911 1703 1939; x_wconf 85' lang='lat' dir='ltr'><strong>exercitu</strong></span> <span class='ocrx_word' id='word_1_623' title='bbox 1734 1920 1790 1938; x_wconf 76' lang='grc' dir='ltr'>ιιιει-</span> 
     </span>
    </p>
   </div>
   <div class='ocr_carea' id='block_1_84' title="bbox 1002 1955 1789 1990">
    <p class='ocr_par' dir='ltr' id='par_1_84' title="bbox 1002 1955 1789 1990">
     <span class='ocr_line' id='line_1_84' title="bbox 1002 1955 1789 1990; baseline 0.004 -10"><span class='ocrx_word' id='word_1_624' title='bbox 1002 1961 1054 1989; x_wconf 78' lang='lat' dir='ltr'><strong>gno</strong></span> <span class='ocrx_word' id='word_1_625' title='bbox 1083 1955 1298 1990; x_wconf 81' lang='lat' dir='ltr'><strong>superveniens,</strong></span> <span class='ocrx_word' id='word_1_626' title='bbox 1331 1955 1425 1983; x_wconf 89' lang='lat' dir='ltr'><strong>urbem</strong></span> <span class='ocrx_word' id='word_1_627' title='bbox 1454 1957 1540 1990; x_wconf 83' lang='lat' dir='ltr'><strong>ipsam</strong></span> <span class='ocrx_word' id='word_1_628' title='bbox 1568 1957 1690 1985; x_wconf 80' lang='lat' dir='ltr'><strong>funditus</strong></span> <span class='ocrx_word' id='word_1_629' title='bbox 1715 1957 1789 1984; x_wconf 68' lang='lat' dir='ltr'><strong>dele-</strong></span> 
     </span>
    </p>
   </div>
   <div class='ocr_carea' id='block_1_85' title="bbox 1000 2000 1789 2039">
    <p class='ocr_par' dir='ltr' id='par_1_85' title="bbox 1000 2000 1789 2039">
     <span class='ocr_line' id='line_1_85' title="bbox 1000 2000 1789 2039; baseline 0.006 -13"><span class='ocrx_word' id='word_1_630' title='bbox 1000 2001 1061 2031; x_wconf 87' lang='lat' dir='ltr'><strong>vit,</strong></span> <span class='ocrx_word' id='word_1_631' title='bbox 1086 2000 1269 2036; x_wconf 86' lang='lat' dir='ltr'><strong>templumque</strong></span> <span class='ocrx_word' id='word_1_632' title='bbox 1292 2001 1431 2033; x_wconf 81' lang='lat' dir='ltr'><strong>incendit.</strong></span> <span class='ocrx_word' id='word_1_633' title='bbox 1454 2005 1564 2038; x_wconf 84' lang='lat' dir='ltr'><strong>totaque</strong></span> <span class='ocrx_word' id='word_1_634' title='bbox 1590 2009 1669 2039; x_wconf 77' lang='lat' dir='ltr'><strong>gente</strong></span> <span class='ocrx_word' id='word_1_635' title='bbox 1693 2004 1718 2030; x_wconf 91' lang='lat' dir='ltr'><strong>in</strong></span> <span class='ocrx_word' id='word_1_636' title='bbox 1743 2012 1789 2032; x_wconf 85' lang='lat' dir='ltr'><strong>ca-</strong></span> 
     </span>
    </p>
   </div>
   <div class='ocr_carea' id='block_1_86' title="bbox 1001 2046 1788 2083">
    <p class='ocr_par' dir='ltr' id='par_1_86' title="bbox 1001 2046 1788 2083">
     <span class='ocr_line' id='line_1_86' title="bbox 1001 2046 1788 2083; baseline 0.006 -11"><span class='ocrx_word' id='word_1_637' title='bbox 1001 2046 1152 2080; x_wconf 86' lang='lat' dir='ltr'><strong>ptivitatem</strong></span> <span class='ocrx_word' id='word_1_638' title='bbox 1179 2048 1295 2074; x_wconf 88' lang='lat' dir='ltr'><strong>ahdncta</strong></span> <span class='ocrx_word' id='word_1_639' title='bbox 1311 2068 1318 2080; x_wconf 87' lang='lat'><strong>,</strong></span> <span class='ocrx_word' id='word_1_640' title='bbox 1345 2049 1511 2083; x_wconf 79' lang='lat' dir='ltr'><strong>vastatisque</strong></span> <span class='ocrx_word' id='word_1_641' title='bbox 1534 2050 1639 2077; x_wconf 72' lang='lat' dir='ltr'><strong>cwteris</strong></span> <span class='ocrx_word' id='word_1_642' title='bbox 1665 2050 1788 2082; x_wconf 71' lang='lat' dir='ltr'><strong>urbibus,</strong></span> 
     </span>
    </p>
   </div>
   <div class='ocr_carea' id='block_1_87' title="bbox 1002 2091 1771 2129">
    <p class='ocr_par' dir='ltr' id='par_1_87' title="bbox 1002 2091 1771 2129">
     <span class='ocr_line' id='line_1_87' title="bbox 1002 2091 1771 2129; baseline 0.005 -10"><span class='ocrx_word' id='word_1_643' title='bbox 1002 2091 1158 2119; x_wconf 68' lang='lat' dir='ltr'><strong>Judmorum</strong></span> <span class='ocrx_word' id='word_1_644' title='bbox 1173 2094 1289 2128; x_wconf 75' lang='lat' dir='ltr'><strong>regionis</strong></span> <span class='ocrx_word' id='word_1_645' title='bbox 1301 2094 1428 2129; x_wconf 83' lang='lat' dir='ltr'><strong>Assyrios</strong></span> <span class='ocrx_word' id='word_1_646' title='bbox 1441 2095 1607 2123; x_wconf 81' lang='lat' dir='ltr'><strong>habitatores</strong></span> <span class='ocrx_word' id='word_1_647' title='bbox 1621 2096 1771 2123; x_wconf 87' lang='lat' dir='ltr'><strong>constituit.</strong></span> 
     </span>
    </p>
   </div>
   <div class='ocr_carea' id='block_1_88' title="bbox 153 2136 1381 2179">
    <p class='ocr_par' dir='ltr' id='par_1_88' title="bbox 153 2136 1381 2179">
     <span class='ocr_line' id='line_1_88' title="bbox 153 2136 1381 2179; baseline 0.001 -13"><span class='ocrx_word' id='word_1_648' title='bbox 153 2136 255 2168; x_wconf 69' lang='grc' dir='ltr'>Αοιπὰς</span> <span class='ocrx_word' id='word_1_649' title='bbox 275 2137 382 2174; x_wconf 85' lang='grc' dir='ltr'>δῃώσας</span> <span class='ocrx_word' id='word_1_650' title='bbox 405 2137 513 2169; x_wconf 84' lang='grc' dir='ltr'>πόλεις.</span> <span class='ocrx_word' id='word_1_651' title='bbox 543 2138 702 2174; x_wconf 82' lang='grc' dir='ltr'>Ἀσσυρίους</span> <span class='ocrx_word' id='word_1_652' title='bbox 728 2138 874 2174; x_wconf 81' lang='grc' dir='ltr'>οἰκήτορας</span> <span class='ocrx_word' id='word_1_653' title='bbox 895 2138 944 2174; x_wconf 84' lang='grc' dir='ltr'>τῆς</span> <span class='ocrx_word' id='word_1_654' title='bbox 967 2139 1099 2165; x_wconf 81' lang='grc' dir='ltr'>Ἰουδαίων</span> <span class='ocrx_word' id='word_1_655' title='bbox 1112 2139 1263 2175; x_wconf 82' lang='grc' dir='ltr'>κατέστησε</span> <span class='ocrx_word' id='word_1_656' title='bbox 1280 2140 1381 2179; x_wconf 74' lang='grc' dir='ltr'>χῴρας.</span> 
     </span>
    </p>
   </div>
   <div class='ocr_carea' id='block_1_89' title="bbox 199 2183 949 2222">
    <p class='ocr_par' dir='ltr' id='par_1_89' title="bbox 199 2183 949 2220">
     <span class='ocr_line' id='line_1_89' title="bbox 199 2183 949 2220; baseline 0.001 -10"><span class='ocrx_word' id='word_1_657' title='bbox 199 2194 208 2210; x_wconf 78' lang='grc' dir='ltr'><strong>ι</strong></span> <span class='ocrx_word' id='word_1_658' title='bbox 235 2184 279 2211; x_wconf 84' lang='grc' dir='ltr'>Ἐν</span> <span class='ocrx_word' id='word_1_659' title='bbox 292 2185 326 2219; x_wconf 85' lang='grc' dir='ltr'>τῇ</span> <span class='ocrx_word' id='word_1_660' title='bbox 339 2184 431 2220; x_wconf 71' lang='grc' dir='ltr'>ἡμέρα</span> <span class='ocrx_word' id='word_1_661' title='bbox 447 2185 538 2219; x_wconf 81' lang='grc' dir='ltr'>ἐκείνῃ</span> <span class='ocrx_word' id='word_1_662' title='bbox 553 2183 639 2220; x_wconf 79' lang='grc' dir='ltr'>ξυριεῖ</span> <span class='ocrx_word' id='word_1_663' title='bbox 657 2185 757 2220; x_wconf 84' lang='grc' dir='ltr'>Κύριος</span> <span class='ocrx_word' id='word_1_664' title='bbox 771 2184 810 2220; x_wconf 84' lang='grc' dir='ltr'>τῷ</span> <span class='ocrx_word' id='word_1_665' title='bbox 825 2184 897 2220; x_wconf 81' lang='grc' dir='ltr'>ξυρῷ</span> <span class='ocrx_word' id='word_1_666' title='bbox 911 2184 949 2220; x_wconf 75' lang='grc' dir='ltr'>τῷ</span> 
     </span>
    </p>
   </div>
   <div class='ocr_carea' id='block_1_90' title="bbox 1000 2183 1790 2222">
    <p class='ocr_par' dir='ltr' id='par_1_90' title="bbox 1038 2185 1790 2214">
     <span class='ocr_line' id='line_1_90' title="bbox 1038 2185 1790 2214; baseline 0.003 -2"><span class='ocrx_word' id='word_1_667' title='bbox 1038 2185 1119 2212; x_wconf 71' lang='lat' dir='ltr'><strong>Vens.</strong></span> <span class='ocrx_word' id='word_1_668' title='bbox 1135 2185 1181 2214; x_wconf 76' lang='lat'><strong>20.</strong></span> <span class='ocrx_word' id='word_1_669' title='bbox 1200 2195 1210 2211; x_wconf 82' lang='lat'><strong>(</strong></span> <span class='ocrx_word' id='word_1_670' title='bbox 1231 2186 1258 2213; x_wconf 95' lang='lat' dir='ltr'><strong>ln</strong></span> <span class='ocrx_word' id='word_1_671' title='bbox 1279 2186 1322 2213; x_wconf 90' lang='lat' dir='ltr'><strong>die</strong></span> <span class='ocrx_word' id='word_1_672' title='bbox 1345 2185 1388 2212; x_wconf 89' lang='lat' dir='ltr'><strong>illa</strong></span> <span class='ocrx_word' id='word_1_673' title='bbox 1405 2187 1481 2214; x_wconf 86' lang='lat' dir='ltr'><strong>radet</strong></span> <span class='ocrx_word' id='word_1_674' title='bbox 1503 2186 1635 2214; x_wconf 88' lang='lat' dir='ltr'><strong>Dominus</strong></span> <span class='ocrx_word' id='word_1_675' title='bbox 1659 2187 1790 2214; x_wconf 81' lang='lat' dir='ltr'><strong>novacula</strong></span> 
     </span>
    </p>
   </div>
   <div class='ocr_carea' id='block_1_91' title="bbox 151 2230 949 2268">
    <p class='ocr_par' dir='ltr' id='par_1_91' title="bbox 151 2230 949 2268">
     <span class='ocr_line' id='line_1_91' title="bbox 151 2230 949 2268; baseline -0.001 -11"><span class='ocrx_word' id='word_1_676' title='bbox 151 2231 274 2268; x_wconf 78' lang='grc' dir='ltr'>μεγάλῳ</span> <span class='ocrx_word' id='word_1_677' title='bbox 291 2231 338 2257; x_wconf 79' lang='grc' dir='ltr'>καὶ</span> <span class='ocrx_word' id='word_1_678' title='bbox 356 2230 570 2266; x_wconf 86' lang='grc' dir='ltr'>μεμεθυσμένῳ,</span> <span class='ocrx_word' id='word_1_679' title='bbox 595 2230 610 2257; x_wconf 81' lang='grc' dir='ltr'><strong>ὅ</strong></span> <span class='ocrx_word' id='word_1_680' title='bbox 622 2231 680 2257; x_wconf 80' lang='grc' dir='ltr'>ἐστι</span> <span class='ocrx_word' id='word_1_681' title='bbox 700 2230 788 2266; x_wconf 74' lang='grc' dir='ltr'>πέραν</span> <span class='ocrx_word' id='word_1_682' title='bbox 802 2230 849 2257; x_wconf 81' lang='grc' dir='ltr'>τοῦ</span> <span class='ocrx_word' id='word_1_683' title='bbox 867 2239 949 2257; x_wconf 82' lang='grc' dir='ltr'>ποτα-</span> 
     </span>
    </p>
   </div>
   <div class='ocr_carea' id='block_1_92' title="bbox 150 2276 949 2314">
    <p class='ocr_par' dir='ltr' id='par_1_92' title="bbox 150 2276 949 2314">
     <span class='ocr_line' id='line_1_92' title="bbox 150 2276 949 2314; baseline -0.003 -10"><span class='ocrx_word' id='word_1_684' title='bbox 150 2277 213 2314; x_wconf 75' lang='grc' dir='ltr'><strong>μοῦ</strong></span> <span class='ocrx_word' id='word_1_685' title='bbox 237 2276 284 2303; x_wconf 83' lang='grc' dir='ltr'>τοῦ</span> <span class='ocrx_word' id='word_1_686' title='bbox 311 2276 443 2312; x_wconf 83' lang='grc' dir='ltr'>βασιλέως</span> <span class='ocrx_word' id='word_1_687' title='bbox 475 2276 637 2312; x_wconf 84' lang='grc' dir='ltr'>Ἀσσυρίων.</span> <span class='ocrx_word' id='word_1_688' title='bbox 663 2286 671 2301; x_wconf 77' lang='grc' dir='ltr'><strong>ι</strong></span> <span class='ocrx_word' id='word_1_689' title='bbox 698 2277 736 2303; x_wconf 75' lang='grc' dir='ltr'><strong>Οὐ</strong></span> <span class='ocrx_word' id='word_1_690' title='bbox 753 2277 803 2312; x_wconf 81' lang='grc' dir='ltr'><strong>τὴν</strong></span> <span class='ocrx_word' id='word_1_691' title='bbox 827 2276 949 2311; x_wconf 79' lang='grc' dir='ltr'>κεφαλὴν</span> 
     </span>
    </p>
   </div>
   <div class='ocr_carea' id='block_1_93' title="bbox 150 2322 950 2358">
    <p class='ocr_par' dir='ltr' id='par_1_93' title="bbox 150 2322 950 2358">
     <span class='ocr_line' id='line_1_93' title="bbox 150 2322 950 2358; baseline -0.004 -7"><span class='ocrx_word' id='word_1_692' title='bbox 150 2322 207 2351; x_wconf 76' lang='grc' dir='ltr'><strong>οὖν</strong></span> <span class='ocrx_word' id='word_1_693' title='bbox 234 2323 317 2358; x_wconf 82' lang='grc' dir='ltr'>μόνην</span> <span class='ocrx_word' id='word_1_694' title='bbox 343 2322 465 2358; x_wconf 80' lang='grc' dir='ltr'>ξυρήσει,</span> <span class='ocrx_word' id='word_1_695' title='bbox 492 2322 542 2357; x_wconf 81' lang='grc' dir='ltr'>τὴν</span> <span class='ocrx_word' id='word_1_696' title='bbox 563 2323 646 2350; x_wconf 85' lang='grc' dir='ltr'>πάλαι</span> <span class='ocrx_word' id='word_1_697' title='bbox 671 2322 812 2358; x_wconf 80' lang='grc' dir='ltr'>κομῶσαν.</span> <span class='ocrx_word' id='word_1_698' title='bbox 834 2323 878 2348; x_wconf 84' lang='grc' dir='ltr'>ὅτε</span> <span class='ocrx_word' id='word_1_699' title='bbox 899 2322 950 2357; x_wconf 83' lang='grc' dir='ltr'>τῆς</span> 
     </span>
    </p>
   </div>
   <div class='ocr_carea' id='block_1_94' title="bbox 149 2367 950 2404">
    <p class='ocr_par' dir='ltr' id='par_1_94' title="bbox 149 2367 950 2404">
     <span class='ocr_line' id='line_1_94' title="bbox 149 2367 950 2404; baseline -0.004 -7"><span class='ocrx_word' id='word_1_700' title='bbox 149 2368 324 2404; x_wconf 80' lang='grc' dir='ltr'>οἰκουμένης</span> <span class='ocrx_word' id='word_1_701' title='bbox 339 2368 470 2404; x_wconf 76' lang='grc' dir='ltr'>ἐκράτουν</span> <span class='ocrx_word' id='word_1_702' title='bbox 487 2368 635 2404; x_wconf 83' lang='grc' dir='ltr'>Ἀσσύριοι,</span> <span class='ocrx_word' id='word_1_703' title='bbox 652 2367 721 2394; x_wconf 80' lang='grc' dir='ltr'>ἀλλὰ</span> <span class='ocrx_word' id='word_1_704' title='bbox 731 2369 778 2394; x_wconf 75' lang='grc' dir='ltr'><strong>καὶ</strong></span> <span class='ocrx_word' id='word_1_705' title='bbox 794 2368 843 2400; x_wconf 86' lang='grc' dir='ltr'>τὰς</span> <span class='ocrx_word' id='word_1_706' title='bbox 854 2368 950 2404; x_wconf 83' lang='grc' dir='ltr'>τρίχας</span> 
     </span>
    </p>
   </div>
   <div class='ocr_carea' id='block_1_95' title="bbox 150 2413 949 2451">
    <p class='ocr_par' dir='ltr' id='par_1_95' title="bbox 150 2413 949 2451">
     <span class='ocr_line' id='line_1_95' title="bbox 150 2413 949 2451; baseline -0.004 -8"><span class='ocrx_word' id='word_1_707' title='bbox 150 2415 216 2443; x_wconf 76' lang='grc' dir='ltr'>τῶν</span> <span class='ocrx_word' id='word_1_708' title='bbox 235 2414 332 2445; x_wconf 81' lang='grc' dir='ltr'>ποδῶν,</span> <span class='ocrx_word' id='word_1_709' title='bbox 347 2415 447 2451; x_wconf 82' lang='grc' dir='ltr'>δηλαδὴ</span> <span class='ocrx_word' id='word_1_710' title='bbox 458 2415 489 2441; x_wconf 83' lang='grc' dir='ltr'>τὺ</span> <span class='ocrx_word' id='word_1_711' title='bbox 502 2415 625 2450; x_wconf 85' lang='grc' dir='ltr'>ἀνδρεῖον</span> <span class='ocrx_word' id='word_1_712' title='bbox 643 2415 745 2450; x_wconf 81' lang='grc' dir='ltr'>σχῆμα,</span> <span class='ocrx_word' id='word_1_713' title='bbox 766 2415 813 2441; x_wconf 78' lang='grc' dir='ltr'>καὶ</span> <span class='ocrx_word' id='word_1_714' title='bbox 829 2416 875 2440; x_wconf 75' lang='grc' dir='ltr'><strong>τον</strong></span> <span class='ocrx_word' id='word_1_715' title='bbox 891 2413 949 2440; x_wconf 88' lang='grc' dir='ltr'><strong>πώ-</strong></span> 
     </span>
    </p>
   </div>
   <div class='ocr_carea' id='block_1_96' title="bbox 148 2461 951 2497">
    <p class='ocr_par' dir='ltr' id='par_1_96' title="bbox 148 2461 951 2497">
     <span class='ocr_line' id='line_1_96' title="bbox 148 2461 951 2497; baseline -0.002 -9"><span class='ocrx_word' id='word_1_716' title='bbox 148 2470 238 2496; x_wconf 81' lang='grc' dir='ltr'>γωνα</span> <span class='ocrx_word' id='word_1_717' title='bbox 253 2469 259 2475; x_wconf 89' lang='grc'><strong>’</strong></span> <span class='ocrx_word' id='word_1_718' title='bbox 278 2461 401 2488; x_wconf 77' lang='grc' dir='ltr'>τουτέστι</span> <span class='ocrx_word' id='word_1_719' title='bbox 423 2462 468 2488; x_wconf 79' lang='grc' dir='ltr'>τὸν</span> <span class='ocrx_word' id='word_1_720' title='bbox 487 2461 558 2489; x_wconf 79' lang='grc' dir='ltr'>κατὰ</span> <span class='ocrx_word' id='word_1_721' title='bbox 580 2461 660 2496; x_wconf 86' lang='grc' dir='ltr'>φύσιν</span> <span class='ocrx_word' id='word_1_722' title='bbox 678 2461 789 2497; x_wconf 80' lang='grc' dir='ltr'>ἀνδράσι</span> <span class='ocrx_word' id='word_1_723' title='bbox 813 2461 951 2497; x_wconf 83' lang='grc' dir='ltr'>πρέποντα</span> 
     </span>
    </p>
   </div>
   <div class='ocr_carea' id='block_1_97' title="bbox 149 2506 951 2543">
    <p class='ocr_par' dir='ltr' id='par_1_97' title="bbox 149 2506 951 2543">
     <span class='ocr_line' id='line_1_97' title="bbox 149 2506 951 2543; baseline -0.002 -9"><span class='ocrx_word' id='word_1_724' title='bbox 149 2507 275 2542; x_wconf 80' lang='grc' dir='ltr'>κόσμον.</span> <span class='ocrx_word' id='word_1_725' title='bbox 302 2506 387 2542; x_wconf 80' lang='grc' dir='ltr'>Ξυρὺν</span> <span class='ocrx_word' id='word_1_726' title='bbox 410 2507 438 2533; x_wconf 76' lang='grc' dir='ltr'>δὲ</span> <span class='ocrx_word' id='word_1_727' title='bbox 462 2508 667 2543; x_wconf 84' lang='grc' dir='ltr'>μεμεθυσμένον</span> <span class='ocrx_word' id='word_1_728' title='bbox 683 2507 736 2533; x_wconf 78' lang='grc' dir='ltr'>ὑπὸ</span> <span class='ocrx_word' id='word_1_729' title='bbox 756 2507 802 2533; x_wconf 77' lang='grc' dir='ltr'>τοῦ</span> <span class='ocrx_word' id='word_1_730' title='bbox 818 2507 920 2542; x_wconf 83' lang='grc' dir='ltr'>Κυρίου</span> <span class='ocrx_word' id='word_1_731' title='bbox 937 2507 951 2532; x_wconf 79' lang='grc' dir='ltr'>ὁ</span> 
     </span>
    </p>
   </div>
   <div class='ocr_carea' id='block_1_98' title="bbox 150 2552 950 2589">
    <p class='ocr_par' dir='ltr' id='par_1_98' title="bbox 150 2552 950 2589">
     <span class='ocr_line' id='line_1_98' title="bbox 150 2552 950 2589; baseline -0.003 -9"><span class='ocrx_word' id='word_1_732' title='bbox 150 2553 334 2589; x_wconf 74' lang='grc' dir='ltr'>προφητικος</span> <span class='ocrx_word' id='word_1_733' title='bbox 347 2553 459 2579; x_wconf 72' lang='grc' dir='ltr'>ἐκάλεσε</span> <span class='ocrx_word' id='word_1_734' title='bbox 469 2552 546 2587; x_wconf 74' lang='grc' dir='ltr'>λόγος</span> <span class='ocrx_word' id='word_1_735' title='bbox 561 2553 653 2589; x_wconf 72' lang='grc' dir='ltr'>ἕτερόν</span> <span class='ocrx_word' id='word_1_736' title='bbox 663 2562 690 2579; x_wconf 88' lang='grc' dir='ltr'><strong>τι</strong></span> <span class='ocrx_word' id='word_1_737' title='bbox 702 2552 839 2587; x_wconf 88' lang='grc' dir='ltr'>πολεμίων</span> <span class='ocrx_word' id='word_1_738' title='bbox 851 2552 929 2586; x_wconf 83' lang='grc' dir='ltr'>γένος</span> <span class='ocrx_word' id='word_1_739' title='bbox 943 2559 950 2566; x_wconf 94' lang='grc'><strong>·</strong></span> 
     </span>
    </p>
   </div>
   <div class='ocr_carea' id='block_1_99' title="bbox 149 2595 952 2635">
    <p class='ocr_par' dir='ltr' id='par_1_99' title="bbox 149 2595 952 2635">
     <span class='ocr_line' id='line_1_99' title="bbox 149 2595 952 2635; baseline -0.002 -9"><span class='ocrx_word' id='word_1_740' title='bbox 149 2599 195 2626; x_wconf 75' lang='grc' dir='ltr'>δι’</span> <span class='ocrx_word' id='word_1_741' title='bbox 212 2595 242 2624; x_wconf 73' lang='grc' dir='ltr'><strong>οὗ</strong></span> <span class='ocrx_word' id='word_1_742' title='bbox 257 2598 301 2625; x_wconf 80' lang='grc' dir='ltr'><strong>τὸν</strong></span> <span class='ocrx_word' id='word_1_743' title='bbox 320 2598 433 2633; x_wconf 84' lang='grc' dir='ltr'>βασιλέα</span> <span class='ocrx_word' id='word_1_744' title='bbox 443 2598 497 2624; x_wconf 82' lang='grc' dir='ltr'><strong>τῶν</strong></span> <span class='ocrx_word' id='word_1_745' title='bbox 517 2598 676 2634; x_wconf 77' lang='grc' dir='ltr'>Ἀσσυρίων,</span> <span class='ocrx_word' id='word_1_746' title='bbox 688 2597 787 2633; x_wconf 83' lang='grc' dir='ltr'>δηλαδὴ</span> <span class='ocrx_word' id='word_1_747' title='bbox 800 2597 850 2633; x_wconf 80' lang='grc' dir='ltr'>τὴν</span> <span class='ocrx_word' id='word_1_748' title='bbox 862 2598 952 2635; x_wconf 80' lang='grc' dir='ltr'>πᾶσαν</span> 
     </span>
    </p>
   </div>
   <div class='ocr_carea' id='block_1_100' title="bbox 149 2642 952 2679">
    <p class='ocr_par' dir='ltr' id='par_1_100' title="bbox 149 2642 952 2679">
     <span class='ocr_line' id='line_1_100' title="bbox 149 2642 952 2679; baseline -0.004 -7"><span class='ocrx_word' id='word_1_749' title='bbox 149 2644 253 2673; x_wconf 81' lang='grc' dir='ltr'>,ιὺτῶν</span> <span class='ocrx_word' id='word_1_750' title='bbox 271 2644 410 2679; x_wconf 78' lang='grc' dir='ltr'>βασιλείαν</span> <span class='ocrx_word' id='word_1_751' title='bbox 424 2652 454 2669; x_wconf 88' lang='grc' dir='ltr'><strong>τε</strong></span> <span class='ocrx_word' id='word_1_752' title='bbox 468 2643 514 2669; x_wconf 78' lang='grc' dir='ltr'>καὶ</span> <span class='ocrx_word' id='word_1_753' title='bbox 529 2644 686 2670; x_wconf 76' lang='grc' dir='ltr'>δυναστείαν</span> <span class='ocrx_word' id='word_1_754' title='bbox 701 2643 731 2675; x_wconf 70' lang='lat' dir='ltr'><strong>Eu</strong></span> <span class='ocrx_word' id='word_1_755' title='bbox 737 2643 828 2678; x_wconf 85' lang='grc' dir='ltr'>ρήσειν</span> <span class='ocrx_word' id='word_1_756' title='bbox 842 2642 893 2678; x_wconf 76' lang='grc' dir='ltr'><strong>ἔφη</strong></span> <span class='ocrx_word' id='word_1_757' title='bbox 907 2643 952 2669; x_wconf 77' lang='grc' dir='ltr'>τὸν</span> 
     </span>
    </p>
   </div>
   <div class='ocr_carea' id='block_1_101' title="bbox 147 2689 953 2725">
    <p class='ocr_par' dir='ltr' id='par_1_101' title="bbox 147 2689 953 2725">
     <span class='ocr_line' id='line_1_101' title="bbox 147 2689 953 2725; baseline -0.004 -7"><span class='ocrx_word' id='word_1_758' title='bbox 147 2691 240 2721; x_wconf 75' lang='grc' dir='ltr'>Θεὸν,</span> <span class='ocrx_word' id='word_1_759' title='bbox 256 2690 294 2722; x_wconf 83' lang='grc' dir='ltr'>ὡς</span> <span class='ocrx_word' id='word_1_760' title='bbox 307 2689 438 2725; x_wconf 79' lang='grc' dir='ltr'>ταπεινὴν</span> <span class='ocrx_word' id='word_1_761' title='bbox 458 2689 554 2724; x_wconf 75' lang='grc' dir='ltr'>αὐτὴν,</span> <span class='ocrx_word' id='word_1_762' title='bbox 577 2690 624 2716; x_wconf 74' lang='grc' dir='ltr'>καὶ</span> <span class='ocrx_word' id='word_1_763' title='bbox 652 2689 793 2724; x_wconf 78' lang='grc' dir='ltr'>ἄνανδρον,</span> <span class='ocrx_word' id='word_1_764' title='bbox 820 2689 867 2715; x_wconf 81' lang='grc' dir='ltr'>καὶ</span> <span class='ocrx_word' id='word_1_765' title='bbox 888 2689 953 2716; x_wconf 75' lang='grc' dir='ltr'>ἀκο-</span> 
     </span>
    </p>
   </div>
   <div class='ocr_carea' id='block_1_102' title="bbox 148 2733 953 2772">
    <p class='ocr_par' dir='ltr' id='par_1_102' title="bbox 148 2733 953 2772">
     <span class='ocr_line' id='line_1_102' title="bbox 148 2733 953 2772; baseline -0.004 -9"><span class='ocrx_word' id='word_1_766' title='bbox 148 2744 233 2772; x_wconf 80' lang='grc' dir='ltr'>σμον</span> <span class='ocrx_word' id='word_1_767' title='bbox 257 2737 303 2763; x_wconf 73' lang='grc' dir='ltr'>καὶ</span> <span class='ocrx_word' id='word_1_768' title='bbox 317 2737 459 2771; x_wconf 83' lang='grc' dir='ltr'>ἀσχήμονα</span> <span class='ocrx_word' id='word_1_769' title='bbox 477 2734 624 2770; x_wconf 78' lang='grc' dir='ltr'>δειχθῆναι.</span> <span class='ocrx_word' id='word_1_770' title='bbox 639 2735 706 2770; x_wconf 76' lang='lat' dir='ltr'><strong>[lap’</strong></span> <span class='ocrx_word' id='word_1_771' title='bbox 724 2734 809 2769; x_wconf 75' lang='grc' dir='ltr'>ἑτέρῳ</span> <span class='ocrx_word' id='word_1_772' title='bbox 831 2733 875 2766; x_wconf 85' lang='grc' dir='ltr'>δὲ,</span> <span class='ocrx_word' id='word_1_773' title='bbox 892 2734 953 2760; x_wconf 83' lang='grc' dir='ltr'>ἀντὶ</span> 
     </span>
    </p>
   </div>
   <div class='ocr_carea' id='block_1_103' title="bbox 1005 2232 1793 2269">
    <p class='ocr_par' dir='ltr' id='par_1_103' title="bbox 1005 2232 1793 2269">
     <span class='ocr_line' id='line_1_103' title="bbox 1005 2232 1793 2269; baseline 0.006 -13"><span class='ocrx_word' id='word_1_774' title='bbox 1005 2238 1101 2266; x_wconf 66' lang='lat' dir='ltr'><strong>magna</strong></span> <span class='ocrx_word' id='word_1_775' title='bbox 1127 2236 1155 2259; x_wconf 87' lang='lat' dir='ltr'><strong>et</strong></span> <span class='ocrx_word' id='word_1_776' title='bbox 1181 2232 1313 2258; x_wconf 87' lang='lat' dir='ltr'><strong>inebriata</strong></span> <span class='ocrx_word' id='word_1_777' title='bbox 1329 2251 1336 2264; x_wconf 88' lang='lat'><strong>,</strong></span> <span class='ocrx_word' id='word_1_778' title='bbox 1365 2232 1437 2266; x_wconf 86' lang='lat' dir='ltr'><strong>quod</strong></span> <span class='ocrx_word' id='word_1_779' title='bbox 1450 2237 1491 2260; x_wconf 88' lang='lat' dir='ltr'><strong>est</strong></span> <span class='ocrx_word' id='word_1_780' title='bbox 1509 2233 1577 2259; x_wconf 86' lang='lat' dir='ltr'><strong>ultra</strong></span> <span class='ocrx_word' id='word_1_781' title='bbox 1594 2232 1704 2260; x_wconf 82' lang='lat' dir='ltr'><strong>ﬂuvium</strong></span> <span class='ocrx_word' id='word_1_782' title='bbox 1722 2234 1793 2269; x_wconf 75' lang='lat' dir='ltr'><strong>regis</strong></span> 
     </span>
    </p>
   </div>
   <div class='ocr_carea' id='block_1_104' title="bbox 1003 2276 1794 2311">
    <p class='ocr_par' dir='ltr' id='par_1_104' title="bbox 1003 2276 1794 2311">
     <span class='ocr_line' id='line_1_104' title="bbox 1003 2276 1794 2311; baseline 0.003 -8"><span class='ocrx_word' id='word_1_783' title='bbox 1003 2277 1188 2311; x_wconf 84' lang='lat' dir='ltr'><strong>Assyriorum.</strong></span> <span class='ocrx_word' id='word_1_784' title='bbox 1210 2287 1219 2303; x_wconf 77' lang='grc' dir='ltr'><strong>ι</strong></span> <span class='ocrx_word' id='word_1_785' title='bbox 1241 2276 1298 2304; x_wconf 87' lang='grc' dir='ltr'>Νοιι</span> <span class='ocrx_word' id='word_1_786' title='bbox 1321 2283 1401 2311; x_wconf 77' lang='lat' dir='ltr'><strong>caput</strong></span> <span class='ocrx_word' id='word_1_787' title='bbox 1416 2278 1503 2305; x_wconf 80' lang='lat' dir='ltr'><strong>solum</strong></span> <span class='ocrx_word' id='word_1_788' title='bbox 1524 2279 1601 2306; x_wconf 82' lang='lat' dir='ltr'><strong>radet</strong></span> <span class='ocrx_word' id='word_1_789' title='bbox 1620 2279 1684 2306; x_wconf 90' lang='lat' dir='ltr'><strong>olim</strong></span> <span class='ocrx_word' id='word_1_790' title='bbox 1701 2287 1794 2306; x_wconf 77' lang='lat' dir='ltr'><strong>coma-</strong></span> 
     </span>
    </p>
   </div>
   <div class='ocr_carea' id='block_1_105' title="bbox 1005 2323 1794 2359">
    <p class='ocr_par' dir='ltr' id='par_1_105' title="bbox 1005 2323 1794 2359">
     <span class='ocr_line' id='line_1_105' title="bbox 1005 2323 1794 2359; baseline 0.004 -11"><span class='ocrx_word' id='word_1_791' title='bbox 1005 2327 1059 2349; x_wconf 91' lang='lat' dir='ltr'><strong>tum</strong></span> <span class='ocrx_word' id='word_1_792' title='bbox 1070 2343 1077 2356; x_wconf 93' lang='lat'><strong>,</strong></span> <span class='ocrx_word' id='word_1_793' title='bbox 1090 2331 1152 2350; x_wconf 89' lang='lat' dir='ltr'><strong>cum</strong></span> <span class='ocrx_word' id='word_1_794' title='bbox 1174 2323 1279 2359; x_wconf 85' lang='lat' dir='ltr'><strong>Assyrii</strong></span> <span class='ocrx_word' id='word_1_795' title='bbox 1293 2324 1352 2350; x_wconf 89' lang='lat' dir='ltr'><strong>orbi</strong></span> <span class='ocrx_word' id='word_1_796' title='bbox 1370 2324 1555 2359; x_wconf 86' lang='lat' dir='ltr'><strong>imperarent;</strong></span> <span class='ocrx_word' id='word_1_797' title='bbox 1571 2325 1617 2352; x_wconf 87' lang='lat' dir='ltr'><strong>sed</strong></span> <span class='ocrx_word' id='word_1_798' title='bbox 1631 2325 1712 2352; x_wconf 86' lang='lat' dir='ltr'><strong>etiam</strong></span> <span class='ocrx_word' id='word_1_799' title='bbox 1726 2326 1794 2359; x_wconf 83' lang='lat' dir='ltr'><strong>pilos</strong></span> 
     </span>
    </p>
   </div>
   <div class='ocr_carea' id='block_1_106' title="bbox 1003 2368 1792 2403">
    <p class='ocr_par' dir='ltr' id='par_1_106' title="bbox 1003 2368 1792 2403">
     <span class='ocr_line' id='line_1_106' title="bbox 1003 2368 1792 2403; baseline 0.004 -9"><span class='ocrx_word' id='word_1_800' title='bbox 1003 2368 1114 2402; x_wconf 87' lang='lat' dir='ltr'><strong>pedum,</strong></span> <span class='ocrx_word' id='word_1_801' title='bbox 1132 2368 1237 2396; x_wconf 85' lang='lat' dir='ltr'><strong>scilicet</strong></span> <span class='ocrx_word' id='word_1_802' title='bbox 1250 2369 1355 2396; x_wconf 87' lang='lat' dir='ltr'><strong>virilem</strong></span> <span class='ocrx_word' id='word_1_803' title='bbox 1372 2371 1500 2403; x_wconf 80' lang='lat' dir='ltr'><strong>formam,</strong></span> <span class='ocrx_word' id='word_1_804' title='bbox 1511 2375 1538 2398; x_wconf 87' lang='lat' dir='ltr'><strong>et.</strong></span> <span class='ocrx_word' id='word_1_805' title='bbox 1553 2370 1685 2403; x_wconf 83' lang='lat' dir='ltr'><strong>barbam;</strong></span> <span class='ocrx_word' id='word_1_806' title='bbox 1702 2371 1726 2398; x_wconf 93' lang='lat' dir='ltr'><strong>id</strong></span> <span class='ocrx_word' id='word_1_807' title='bbox 1739 2375 1792 2402; x_wconf 82' lang='lat' dir='ltr'><strong>est,</strong></span> 
     </span>
    </p>
   </div>
   <div class='ocr_carea' id='block_1_107' title="bbox 1004 2414 1792 2444">
    <p class='ocr_par' dir='ltr' id='par_1_107' title="bbox 1004 2414 1792 2444">
     <span class='ocr_line' id='line_1_107' title="bbox 1004 2414 1792 2444; baseline 0.003 -5"><span class='ocrx_word' id='word_1_808' title='bbox 1004 2419 1130 2441; x_wconf 87' lang='lat' dir='ltr'><strong>ornatum</strong></span> <span class='ocrx_word' id='word_1_809' title='bbox 1153 2414 1220 2442; x_wconf 83' lang='lat' dir='ltr'><strong>viris</strong></span> <span class='ocrx_word' id='word_1_810' title='bbox 1247 2417 1397 2443; x_wconf 86' lang='lat' dir='ltr'><strong>secundum</strong></span> <span class='ocrx_word' id='word_1_811' title='bbox 1424 2421 1549 2443; x_wconf 83' lang='lat' dir='ltr'><strong>naturam</strong></span> <span class='ocrx_word' id='word_1_812' title='bbox 1569 2421 1792 2444; x_wconf 88' lang='lat' dir='ltr'><strong>consentaneum.</strong></span> 
     </span>
    </p>
   </div>
   <div class='ocr_carea' id='block_1_108' title="bbox 1003 2459 1794 2495">
    <p class='ocr_par' dir='ltr' id='par_1_108' title="bbox 1003 2459 1794 2495">
     <span class='ocr_line' id='line_1_108' title="bbox 1003 2459 1794 2495; baseline 0 -9"><span class='ocrx_word' id='word_1_813' title='bbox 1003 2459 1168 2487; x_wconf 78' lang='lat' dir='ltr'><strong>Novaenlam</strong></span> <span class='ocrx_word' id='word_1_814' title='bbox 1184 2468 1248 2488; x_wconf 83' lang='lat' dir='ltr'><strong>vero</strong></span> <span class='ocrx_word' id='word_1_815' title='bbox 1273 2469 1286 2488; x_wconf 86' lang='lat' dir='ltr'><strong>a</strong></span> <span class='ocrx_word' id='word_1_816' title='bbox 1309 2461 1362 2488; x_wconf 84' lang='lat' dir='ltr'><strong>Deo</strong></span> <span class='ocrx_word' id='word_1_817' title='bbox 1380 2462 1540 2489; x_wconf 84' lang='lat' dir='ltr'><strong>inebriatam</strong></span> <span class='ocrx_word' id='word_1_818' title='bbox 1555 2461 1627 2488; x_wconf 87' lang='lat' dir='ltr'><strong>aliud</strong></span> <span class='ocrx_word' id='word_1_819' title='bbox 1643 2468 1727 2495; x_wconf 74' lang='lat' dir='ltr'><strong>genus</strong></span> <span class='ocrx_word' id='word_1_820' title='bbox 1743 2461 1794 2488; x_wconf 91' lang='lat' dir='ltr'><strong>ini-</strong></span> 
     </span>
    </p>
   </div>
   <div class='ocr_carea' id='block_1_109' title="bbox 1004 2506 1792 2542">
    <p class='ocr_par' dir='ltr' id='par_1_109' title="bbox 1004 2506 1792 2542">
     <span class='ocr_line' id='line_1_109' title="bbox 1004 2506 1792 2542; baseline 0 -9"><span class='ocrx_word' id='word_1_821' title='bbox 1004 2506 1135 2533; x_wconf 77' lang='lat' dir='ltr'><strong>micorum</strong></span> <span class='ocrx_word' id='word_1_822' title='bbox 1149 2513 1287 2541; x_wconf 83' lang='lat' dir='ltr'><strong>nuncupat</strong></span> <span class='ocrx_word' id='word_1_823' title='bbox 1303 2508 1477 2542; x_wconf 86' lang='lat' dir='ltr'><strong>propheticus</strong></span> <span class='ocrx_word' id='word_1_824' title='bbox 1489 2515 1580 2535; x_wconf 89' lang='lat' dir='ltr'><strong>sermo</strong></span> <span class='ocrx_word' id='word_1_825' title='bbox 1598 2528 1604 2534; x_wconf 92' lang='lat'><strong>.</strong></span> <span class='ocrx_word' id='word_1_826' title='bbox 1621 2508 1699 2541; x_wconf 90' lang='lat' dir='ltr'><strong>cujus</strong></span> <span class='ocrx_word' id='word_1_827' title='bbox 1712 2515 1792 2540; x_wconf 84' lang='lat' dir='ltr'><strong>opera</strong></span> 
     </span>
    </p>
   </div>
   <div class='ocr_carea' id='block_1_110' title="bbox 1006 2552 1793 2587">
    <p class='ocr_par' dir='ltr' id='par_1_110' title="bbox 1006 2552 1793 2587">
     <span class='ocr_line' id='line_1_110' title="bbox 1006 2552 1793 2587; baseline 0.003 -10"><span class='ocrx_word' id='word_1_828' title='bbox 1006 2558 1095 2586; x_wconf 81' lang='lat' dir='ltr'><strong>regem</strong></span> <span class='ocrx_word' id='word_1_829' title='bbox 1113 2552 1294 2587; x_wconf 72' lang='lat' dir='ltr'><strong>Assyriorum.</strong></span> <span class='ocrx_word' id='word_1_830' title='bbox 1310 2561 1357 2580; x_wconf 87' lang='lat' dir='ltr'><strong>seu</strong></span> <span class='ocrx_word' id='word_1_831' title='bbox 1371 2558 1455 2580; x_wconf 82' lang='lat' dir='ltr'><strong>totout</strong></span> <span class='ocrx_word' id='word_1_832' title='bbox 1470 2560 1563 2580; x_wconf 88' lang='lat' dir='ltr'><strong>eorum</strong></span> <span class='ocrx_word' id='word_1_833' title='bbox 1579 2559 1689 2587; x_wconf 74' lang='lat' dir='ltr'><strong>regnum</strong></span> <span class='ocrx_word' id='word_1_834' title='bbox 1705 2557 1732 2579; x_wconf 88' lang='lat' dir='ltr'><strong>et</strong></span> <span class='ocrx_word' id='word_1_835' title='bbox 1745 2560 1793 2586; x_wconf 89' lang='lat' dir='ltr'><strong>po-</strong></span> 
     </span>
    </p>
   </div>
   <div class='ocr_carea' id='block_1_111' title="bbox 1007 2597 1794 2634">
    <p class='ocr_par' dir='ltr' id='par_1_111' title="bbox 1007 2597 1794 2634">
     <span class='ocr_line' id='line_1_111' title="bbox 1007 2597 1794 2634; baseline 0.001 -11"><span class='ocrx_word' id='word_1_836' title='bbox 1007 2597 1119 2624; x_wconf 85' lang='lat' dir='ltr'><strong>tentiam</strong></span> <span class='ocrx_word' id='word_1_837' title='bbox 1141 2599 1304 2626; x_wconf 84' lang='lat' dir='ltr'><strong>abrasurunt</strong></span> <span class='ocrx_word' id='word_1_838' title='bbox 1332 2600 1414 2627; x_wconf 85' lang='lat' dir='ltr'><strong>Deum</strong></span> <span class='ocrx_word' id='word_1_839' title='bbox 1435 2608 1496 2628; x_wconf 84' lang='lat' dir='ltr'><strong>esse</strong></span> <span class='ocrx_word' id='word_1_840' title='bbox 1511 2599 1689 2634; x_wconf 69' lang='lat' dir='ltr'><strong>praenuntiat;</strong></span> <span class='ocrx_word' id='word_1_841' title='bbox 1714 2599 1794 2626; x_wconf 88' lang='lat' dir='ltr'><strong>itaut</strong></span> 
     </span>
    </p>
   </div>
   <div class='ocr_carea' id='block_1_112' title="bbox 1007 2642 1792 2682">
    <p class='ocr_par' dir='ltr' id='par_1_112' title="bbox 1007 2642 1792 2682">
     <span class='ocr_line' id='line_1_112' title="bbox 1007 2642 1792 2682; baseline 0.006 -14"><span class='ocrx_word' id='word_1_842' title='bbox 1007 2642 1117 2670; x_wconf 87' lang='lat' dir='ltr'><strong>humilis</strong></span> <span class='ocrx_word' id='word_1_843' title='bbox 1128 2664 1134 2676; x_wconf 86' lang='lat'><strong>,</strong></span> <span class='ocrx_word' id='word_1_844' title='bbox 1148 2644 1275 2678; x_wconf 89' lang='lat' dir='ltr'><strong>imbellis,</strong></span> <span class='ocrx_word' id='word_1_845' title='bbox 1295 2646 1432 2682; x_wconf 74' lang='lat' dir='ltr'><strong>innompta</strong></span> <span class='ocrx_word' id='word_1_846' title='bbox 1445 2667 1452 2678; x_wconf 84' lang='grc'><strong>,</strong></span> <span class='ocrx_word' id='word_1_847' title='bbox 1469 2651 1494 2672; x_wconf 85' lang='lat' dir='ltr'><strong>et</strong></span> <span class='ocrx_word' id='word_1_848' title='bbox 1510 2644 1638 2672; x_wconf 82' lang='lat' dir='ltr'><strong>deformis</strong></span> <span class='ocrx_word' id='word_1_849' title='bbox 1653 2651 1792 2680; x_wconf 86' lang='lat' dir='ltr'><strong>appareat.</strong></span> 
     </span>
    </p>
   </div>
   <div class='ocr_carea' id='block_1_113' title="bbox 1007 2688 1797 2724">
    <p class='ocr_par' dir='ltr' id='par_1_113' title="bbox 1007 2688 1797 2724">
     <span class='ocr_line' id='line_1_113' title="bbox 1007 2688 1797 2724; baseline 0.005 -9"><span class='ocrx_word' id='word_1_850' title='bbox 1007 2688 1059 2716; x_wconf 80' lang='lat' dir='ltr'><strong>Pro</strong></span> <span class='ocrx_word' id='word_1_851' title='bbox 1087 2690 1133 2718; x_wconf 92' lang='lat' dir='ltr'><strong>illo</strong></span> <span class='ocrx_word' id='word_1_852' title='bbox 1149 2695 1238 2718; x_wconf 83' lang='lat' dir='ltr'><strong>autem</strong></span> <span class='ocrx_word' id='word_1_853' title='bbox 1253 2711 1261 2723; x_wconf 90' lang='lat'><strong>,</strong></span> <span class='ocrx_word' id='word_1_854' title='bbox 1282 2701 1292 2717; x_wconf 78' lang='grc' dir='ltr'><strong>ι</strong></span> <span class='ocrx_word' id='word_1_855' title='bbox 1314 2692 1448 2720; x_wconf 70' lang='grc' dir='ltr'>ἰηοὺιίοῑιι</span> <span class='ocrx_word' id='word_1_856' title='bbox 1467 2691 1598 2718; x_wconf 86' lang='lat' dir='ltr'><strong>novacula</strong></span> <span class='ocrx_word' id='word_1_857' title='bbox 1610 2711 1618 2724; x_wconf 87' lang='lat'><strong>,</strong></span> <span class='ocrx_word' id='word_1_858' title='bbox 1639 2700 1649 2717; x_wconf 83' lang='grc'><strong>›</strong></span> <span class='ocrx_word' id='word_1_859' title='bbox 1666 2691 1736 2719; x_wconf 84' lang='lat' dir='ltr'><strong>alius</strong></span> <span class='ocrx_word' id='word_1_860' title='bbox 1754 2692 1797 2719; x_wconf 89' lang='lat' dir='ltr'><strong>in-</strong></span> 
     </span>
    </p>
   </div>
   <div class='ocr_carea' id='block_1_114' title="bbox 1007 2737 1591 2770">
    <p class='ocr_par' dir='ltr' id='par_1_114' title="bbox 1007 2737 1591 2770">
     <span class='ocr_line' id='line_1_114' title="bbox 1007 2737 1591 2770; baseline 0.002 -8"><span class='ocrx_word' id='word_1_861' title='bbox 1007 2739 1122 2770; x_wconf 86' lang='lat' dir='ltr'><strong>terpres,</strong></span> <span class='ocrx_word' id='word_1_862' title='bbox 1141 2745 1149 2762; x_wconf 80' lang='grc' dir='ltr'><strong>ι</strong></span> <span class='ocrx_word' id='word_1_863' title='bbox 1170 2738 1295 2766; x_wconf 88' lang='lat' dir='ltr'><strong>mercede</strong></span> <span class='ocrx_word' id='word_1_864' title='bbox 1309 2738 1453 2770; x_wconf 80' lang='lat' dir='ltr'><strong>conducta,</strong></span> <span class='ocrx_word' id='word_1_865' title='bbox 1476 2747 1484 2764; x_wconf 75' lang='grc' dir='ltr'><strong>ι</strong></span> <span class='ocrx_word' id='word_1_866' title='bbox 1500 2737 1591 2765; x_wconf 80' lang='lat' dir='ltr'><strong>habet.</strong></span> 
     </span>
    </p>
   </div>
   <div class='ocr_carea' id='block_1_115' title="bbox 145 2780 1115 2817">
    <p class='ocr_par' dir='ltr' id='par_1_115' title="bbox 145 2780 1115 2817">
     <span class='ocr_line' id='line_1_115' title="bbox 145 2780 1115 2817; baseline 0 -8"><span class='ocrx_word' id='word_1_867' title='bbox 145 2783 211 2810; x_wconf 72' lang='grc' dir='ltr'>τοῦ</span> <span class='ocrx_word' id='word_1_868' title='bbox 225 2781 439 2817; x_wconf 61' lang='grc' dir='ltr'>μεμεθυσμένα)</span> <span class='ocrx_word' id='word_1_869' title='bbox 451 2780 541 2816; x_wconf 79' lang='grc' dir='ltr'>ξυρῷ,</span> <span class='ocrx_word' id='word_1_870' title='bbox 553 2782 765 2816; x_wconf 79' lang='grc' dir='ltr'>μεμισθωμέ-νῳ</span> <span class='ocrx_word' id='word_1_871' title='bbox 775 2780 890 2815; x_wconf 79' lang='grc' dir='ltr'>εὓρηται</span> <span class='ocrx_word' id='word_1_872' title='bbox 904 2780 991 2812; x_wconf 80' lang='grc' dir='ltr'>οὕτως</span> <span class='ocrx_word' id='word_1_873' title='bbox 1003 2782 1115 2810; x_wconf 72' lang='grc' dir='ltr'>εἰπόντι.</span> 
     </span>
    </p>
   </div>
   <div class='ocr_carea' id='block_1_116' title="bbox 195 2839 1010 2875">
    <p class='ocr_par' dir='ltr' id='par_1_116' title="bbox 195 2839 1010 2875">
     <span class='ocr_line' id='line_1_116' title="bbox 195 2839 1010 2875; baseline 0.001 -9"><span class='ocrx_word' id='word_1_874' title='bbox 195 2840 257 2875; x_wconf 75' lang='grc' dir='ltr'><strong>(Η)</strong></span> <span class='ocrx_word' id='word_1_875' title='bbox 275 2840 373 2867; x_wconf 84' lang='lat' dir='ltr'><strong>Eadem</strong></span> <span class='ocrx_word' id='word_1_876' title='bbox 390 2839 470 2874; x_wconf 84' lang='lat' dir='ltr'><strong>plane</strong></span> <span class='ocrx_word' id='word_1_877' title='bbox 487 2839 667 2875; x_wconf 76' lang='lat' dir='ltr'><strong>Hieronymus</strong></span> <span class='ocrx_word' id='word_1_878' title='bbox 681 2840 762 2868; x_wconf 86' lang='lat' dir='ltr'><strong>habet</strong></span> <span class='ocrx_word' id='word_1_879' title='bbox 778 2839 812 2868; x_wconf 81' lang='lat' dir='ltr'><strong>ad</strong></span> <span class='ocrx_word' id='word_1_880' title='bbox 827 2839 899 2867; x_wconf 89' lang='lat' dir='ltr'><strong>hunc</strong></span> <span class='ocrx_word' id='word_1_881' title='bbox 912 2840 1010 2868; x_wconf 79' lang='lat' dir='ltr'><strong>locum.</strong></span> 
     </span>
    </p>
   </div>
   <div class='ocr_carea' id='block_1_117' title="bbox 199 2874 724 2911">
    <p class='ocr_par' dir='ltr' id='par_1_117' title="bbox 199 2874 724 2911">
     <span class='ocr_line' id='line_1_117' title="bbox 199 2874 724 2911; baseline 0 -9"><span class='ocrx_word' id='word_1_882' title='bbox 199 2874 260 2911; x_wconf 72' lang='grc'><strong>(15)</strong></span> <span class='ocrx_word' id='word_1_883' title='bbox 274 2876 334 2902; x_wconf 68' lang='lat' dir='ltr'><strong>llaec</strong></span> <span class='ocrx_word' id='word_1_884' title='bbox 351 2878 414 2902; x_wconf 89' lang='lat' dir='ltr'><strong>item</strong></span> <span class='ocrx_word' id='word_1_885' title='bbox 430 2875 499 2909; x_wconf 88' lang='lat' dir='ltr'><strong>apud</strong></span> <span class='ocrx_word' id='word_1_886' title='bbox 518 2874 724 2909; x_wconf 83' lang='lat' dir='ltr'><strong>Hieronymum.</strong></span> 
     </span>
    </p>
   </div>
   <div class='ocr_carea' id='block_1_118' title="bbox 366 2923 726 2954">
    <p class='ocr_par' dir='ltr' id='par_1_118' title="bbox 366 2923 726 2954">
     <span class='ocr_line' id='line_1_118' title="bbox 366 2923 726 2954; baseline 0.006 -2"><span class='ocrx_word' id='word_1_887' title='bbox 366 2924 502 2954; x_wconf 70' lang='grc' dir='ltr'>Ριτιιοι.</span> <span class='ocrx_word' id='word_1_888' title='bbox 527 2923 586 2953; x_wconf 80' lang='lat' dir='ltr'><strong>Gn.</strong></span> <span class='ocrx_word' id='word_1_889' title='bbox 610 2923 726 2954; x_wconf 78' lang='lat' dir='ltr'><strong>XXIV.</strong></span> 
     </span>
    </p>
   </div>
  </div>
