2059 3215
295 149 347 176 159

629 147 762 177 EliSEBll
782 149 1023 178 CESABIENSIS
1042 149 1118 177 OPP.
1139 149 1228 178 PARS
1247 150 1290 179 III.
1310 164 1348 173 -ο
1364 150 1570 179 EXEGETICA.

1869 153 1912 180 lin

332 208 410 234 \ens.
429 207 479 238 21,
497 207 540 234 2‘2.
561 216 570 233 ι
589 196 620 234 Ei
635 209 688 235 erit
706 208 733 236 in
748 209 792 236 die
806 209 861 242 illa,
875 209 978 236 nutriet
1000 209 1071 236 Ιιοιικ

1167 219 1178 234 ‹
1198 210 1252 236 Καὶ
1267 209 1342 237 ἔσται
1358 210 1386 236 ὲν
1399 209 1434 244 τῆ
1451 210 1542 246 ἡμέρᾳ
1555 209 1647 245 ἐκείνῃ
1664 207 1759 245 θρέψει
1776 209 1914 246 ἄνθρωπος

293 260 404 280 vaccam
423 253 502 280 boum
517 273 524 283 .
537 259 564 279 et
578 254 645 280 duas
663 261 739 281 oves.
760 254 793 281 Et
807 255 859 282 erit
881 263 895 283 a
910 256 986 290 copia
1000 255 1079 284 laetis

292 307 374 334 quau.
389 298 507 329 facient.
523 305 551 326 ιιι
566 300 692 335 butyrum
711 305 739 328 et
754 301 805 328 mel
831 302 955 330 comedat
969 303 1058 329 omnis
1070 322 1078 333 ,

292 344 337 379 qui
351 344 496 372 derelictus
511 344 595 373 fuerit
617 345 644 372 in
660 350 742 374 terra.
762 355 772 372 ι
792 346 948 375 Extremam
964 355 1080 382 pauper-

289 395 375 417 tatem
390 395 417 417 et
429 390 547 425 inopiam
562 391 604 418 his
617 391 790 425 subindicat;
808 395 861 421 uno
875 393 956 422 etiam
964 399 994 421 et
1008 394 1078 421 rari-

294 440 374 463 tatem
389 436 515 463 frumenti
536 437 570 466 ad
586 437 676 464 cibum
692 439 889 472 praestandum.
915 438 980 466 Nam
1005 439 1077 474 quod

291 488 344 508 non
364 481 443 508 boum
460 489 566 516 greges,
595 482 642 510 sed
655 490 735 510 unam
753 487 855 510 tantum
873 491 983 511 vaccam
997 485 1079 511 hoino

292 527 438 560 possideat.
454 533 481 554 et
494 528 565 562 quod
583 535 637 555 non
650 528 732 561 ovile,
758 530 805 556 sed
819 530 886 557 duas
900 535 1003 558 tantum
1015 538 1079 558 oves

290 573 364 605 alat.
388 578 515 600 extrema:
540 573 622 601 fuerit
657 574 754 609 inopize
779 581 989 610 argumentum;
1014 577 1078 611 quin

286 619 370 646 etiam
385 621 455 654 quod
470 621 592 648 residuus
606 620 632 647 in
647 624 718 648 terra
728 621 843 656 populus
859 623 955 657 butyro
975 627 1078 650 tantum

289 670 316 692 et
331 666 409 693 melle
425 666 513 693 alatur
523 688 529 699 ,
545 666 569 692 id
586 665 684 695 famem
698 667 776 702 panis
789 667 921 695 declarat.
935 668 983 696 llic
996 675 1078 703 porro

289 717 347 740 erat
372 713 484 747 populus
500 714 550 740 sub
566 712 678 741 Godolia
691 733 699 746 ,
717 721 798 748 quem
823 715 857 742 ob
876 715 1003 742 frumenti
1033 723 1079 749 pe-

289 758 415 791 nuriam.
440 759 535 793 exiguo
560 766 688 793 pecorum
707 759 778 787 laete
800 764 828 788 et
851 760 949 795 butyro
973 760 999 787 iu
1025 761 1076 787 ali-

289 807 409 833 mentum
435 810 546 830 usurum
569 804 734 838 prsenuutiat
761 813 767 830 :
796 805 921 832 universa
947 805 1076 840 regione,

288 849 323 875 ob
338 849 455 877 virorqu
467 850 630 883 paucitatem
644 849 670 876 in
680 850 816 876 desertum
830 855 857 876 et
872 850 898 876 in
910 849 1003 884 spinas
1015 857 1077 876 cou-

289 901 377 922 versa.

325 999 405 1028 Vens.
422 999 469 1026 23.
494 1008 503 1024 ι
527 999 562 1027 Et
573 1004 626 1026 erit
642 999 668 1026 iu
684 1000 728 1027 die
743 1000 788 1027 illa
801 1021 810 1033 ,
824 1001 913 1028 omnis
937 1001 1014 1028 locus
1029 1000 1074 1027 ubi

288 1046 388 1074 fuerint
412 1045 484 1073 mille
500 1046 583 1074 vinea:
596 1065 603 1077 ,
631 1045 705 1073 inille
727 1046 873 1079 siclorum,
891 1047 917 1074 in
938 1047 1074 1074 desertum

287 1093 342 1120 erit
355 1097 382 1122 et
403 1093 430 1120 in
453 1092 570 1127 spinam.
595 1101 604 1118 ι
625 1092 702 1125 Quod
722 1093 803 1127 igitur
829 1098 901 1120 terra
928 1093 1028 1120 inculte
1047 1098 1074 1120 et

286 1139 372 1174 spinis
387 1137 486 1166 referta
512 1139 548 1165 sit
561 1158 569 1170 ,
586 1137 723 1166 frtuuenlo
738 1139 864 1171 carebit;
889 1147 977 1174 neque
993 1139 1075 1166 homo

285 1185 331 1220 qui
347 1185 470 1212 residuus
483 1185 537 1212 erit
551 1204 558 1217 ,
572 1188 676 1211 natura?
691 1185 851 1218 cougruenti
866 1185 938 1215 cibo,
954 1190 1001 1212 aut
1012 1185 1076 1213 vino

286 1231 432 1263 nutrietur,
463 1230 516 1257 imo
529 1226 619 1264 potius
637 1229 710 1256 lacte
722 1250 730 1262 ,
744 1231 852 1266 butyro,
864 1237 891 1258 et
910 1231 1008 1265 melle;
1026 1232 1074 1259 iis~

286 1283 338 1310 que
354 1284 406 1303 non
423 1284 438 1303 a
455 1283 600 1310 numeroso
627 1275 707 1303 buunt
724 1283 806 1311 grege
818 1295 826 1308 ,
844 1284 932 1310 neque
948 1276 982 1303 ab
997 1278 1076 1304 ovili-

286 1323 336 1350 bus
350 1322 537 1356 congregatis,
563 1321 609 1349 Sed
624 1328 657 1347 ex
672 1321 768 1348 ovibus
784 1323 946 1356 quihusdam
966 1327 993 1350 et
1015 1324 1075 1350 ani-

285 1367 401 1394 malibus
415 1366 530 1394 miseris.
545 1365 611 1393 Nam
625 1366 694 1393 alius
711 1373 743 1393 ex
759 1375 811 1393 una
827 1367 922 1394 bucula
933 1386 942 1398 ,
958 1367 1026 1394 alius
1042 1377 1073 1394 ex

285 1412 390 1440 duabus
404 1413 499 1440 ovibus
512 1413 537 1439 id
549 1411 732 1439 'iuutuabitur.

321 1516 402 1544 Vens.
488 1526 497 1542 ι
529 1516 561 1543 Ει
575 1516 666 1544 omnis
686 1523 763 1544 mons
786 1521 878 1544 aratus
891 1517 1024 1550 arabitur,
1046 1524 1072 1544 et

285 1571 338 1590 hun
355 1564 443 1590 veniet
457 1563 520 1590 illuc
538 1563 639 1590 timor:
656 1564 709 1591 erit
730 1563 802 1589 enim
825 1571 840 1589 a
857 1563 965 1591 deserto
979 1569 1006 1591 et
1020 1565 1071 1598 spi-

1125 1563 1172 1590 καὶ
1196 1562 1226 1589 οὑ
1259 1562 1296 1598 μὴ
1326 1561 1428 1597 ἐπέλθῃ
1457 1563 1516 1588 ἐκεῖ
1540 1561 1621 1595 φόϐος
1642 1570 1648 1575 ·

286 1609 328 1635 nis
344 1608 370 1634 in
386 1615 484 1643 pascua
503 1608 568 1636 ovis.
589 1617 598 1633 ι

577 1662 693 1690 CAPUT
710 1661 776 1689 Vill.

319 1721 403 1748 Vsus.
423 1721 446 1748 l.
465 1731 473 1747 ι
495 1721 528 1747 Et
539 1721 607 1747 dixit
623 1720 752 1748 Dominus
772 1721 805 1749 ad
829 1728 889 1753 me,
914 1720 997 1749 Sume
1022 1721 1070 1747 tihi

283 1767 381 1794 librum
398 1775 496 1795 novum
510 1768 641 1801 grandem
659 1776 665 1794 :
679 1772 705 1794 et
730 1767 819 1794 scribe
834 1767 860 1794 in
881 1767 927 1793 illo
941 1767 1009 1802 stylo
1022 1767 1070 1793 ho-

283 1814 373 1841 minis.
393 1822 402 1839 ι
417 1812 564 1848 Postquam
581 1812 660 1838 Iluem
686 1812 813 1839 narrandi
836 1811 899 1837 fecit
920 1818 951 1838 ea
971 1818 1030 1845 qua-
1044 1810 1069 1837 in

282 1859 438 1888 memoratis
450 1859 544 1887 diebus
558 1859 648 1885 futura
665 1862 740 1890 sunt,
758 1857 946 1885 narrationem
964 1857 997 1884 de
1009 1863 1068 1884 (ιι-ιιι

282 1905 468 1933 Emmanuelis
480 1904 606 1931 resumit.
619 1903 706 1938 Super
717 1910 770 1937 quo
789 1902 880 1929 dmuui
896 1901 982 1930 David
999 1908 1069 1935 pra!-

281 1958 388 1985 ceptum
405 1955 464 1979 erat
477 1972 484 1982 ,
499 1955 528 1977 ut
546 1949 737 1977 iucantatiuuis
756 1948 814 1976 loco
827 1947 1007 1975 Eunnanuelis
1021 1954 1069 1974 uo-

282 2005 343 2024 iuen
369 1998 525 2028 invocaret;
548 1996 629 2029 idque
649 2003 710 2022 cum
737 2002 783 2029 spe
808 2002 839 2022 ac
865 1993 961 2021 ﬁducia
975 2012 982 2025 ,
998 1993 1069 2029 quod

281 2043 340 2078 ejus
354 2049 404 2076 ope
423 2042 456 2068 ab
473 2041 678 2069 imminentibus
695 2041 800 2068 duobus
816 2040 927 2074 regibus
946 2039 1067 2067 liberau-

281 2089 314 2115 da
330 2087 374 2115 sit.
389 2087 456 2121 Quia
478 2094 542 2116 vero
563 2087 654 2114 docuit
670 2086 872 2114 Eunnanuelem
896 2085 972 2113 illum
987 2105 995 2116 ,
1011 2090 1069 2112 stn-

281 2134 397 2169 pendam
408 2138 436 2160 et
449 2132 482 2159 ab
494 2132 612 2159 humana
626 2137 722 2159 natura
738 2133 853 2159 alienam
866 2132 1068 2167 generationem

282 2180 436 2207 habiturqu
455 2186 515 2206 esse
531 2187 538 2205 :
555 2186 617 2206 nam
632 2186 663 2206 ex
678 2179 834 2212 incorrupta
849 2177 936 2212 puella
951 2197 959 2209 ,
974 2182 1002 2204 et
1014 2178 1055 2203 vir

283 2225 344 2258 giue
357 2223 459 2259 nuptiis
472 2228 582 2258 experte
597 2224 753 2251 nasciturus
773 2227 829 2250 erat
841 2231 848 2254 ς
861 2222 1004 2250 admodum
1022 2231 1068 2250 ue-

282 2279 328 2298 t‘US
344 2271 402 2298 ario
417 2270 546 2297 Dominus
558 2290 565 2302 ,
588 2271 633 2297 hic
646 2291 653 2303 ,
676 2277 728 2297 non
745 2271 834 2298 Achaz
847 2290 855 2303 ,
874 2277 961 2304 neque
975 2269 1065 2296 domui

280 2316 365 2349 .lndze,
378 2317 425 2343 sed
444 2316 494 2350 ipsi
509 2315 557 2342 soli
573 2316 720 2350 prophetm,
738 2315 897 2350 mysterium
916 2315 1007 2341 arcani
1020 2322 1067 2341 or—

279 2368 322 2389 tus
335 2362 518 2390 Enuuauuclis
533 2362 634 2389 revelat
653 2370 660 2388 :
678 2361 813 2395 quomodo
827 2360 930 2388 scilicet
947 2360 1066 2387 futurum

279 2410 316 2435 sit
333 2413 362 2435 ut
377 2409 452 2444 virgo
482 2408 509 2434 in
529 2413 605 2435 utero
628 2407 764 2441 concipiat
780 2411 807 2434 et
822 2406 909 2441 pariat
922 2406 1014 2433 lilium.
1034 2406 1066 2433 Ut

279 2454 369 2488 itaque
385 2462 415 2480 ea
431 2461 490 2488 qua:
507 2453 539 2479 ad
556 2452 757 2480 Eiumauuelcm
775 2453 946 2486 spectabant,
962 2459 1014 2478 non
1031 2451 1063 2477 ad

277 2501 398 2527 ninnium
416 2506 497 2526 aures
520 2503 721 2533 spargerentur.
747 2498 793 2525 sed
813 2497 903 2529 potius
923 2499 948 2524 in
967 2505 1066 2525 arcana

279 2547 395 2581 quatiant
422 2546 554 2581 scriptura
582 2549 778 2576 servarentur,
804 2544 882 2578 jubet
907 2544 1065 2579 prophetarit

280 2593 329 2620 sibi
345 2600 453 2620 sumere
468 2597 570 2619 tomum
588 2599 688 2618 novum
708 2595 734 2617 et
749 2598 875 2625 magnum
891 2610 898 2622 ,
915 2591 971 2617 sive
982 2609 989 2622 ,
1012 2599 1020 2614 ι
1040 2590 1067 2616 li-

279 2639 378 2672 brum,
408 2649 417 2666 ι
435 2647 482 2666 seu
495 2660 503 2671 ,
522 2647 531 2664 ι
559 2637 743 2665 membranam
758 2657 765 2669 ,
787 2646 796 2662 ι
814 2644 860 2664 seu
879 2645 889 2662 ι
911 2636 1035 2663 volumen
1055 2645 1064 2661 ι

280 2685 428 2711 secundum
453 2685 596 2719 reliquos,
621 2693 631 2709 ‹
661 2683 734 2720 siylo
753 2683 891 2716 hominis,
918 2691 927 2708 ι
955 2682 980 2709 id
1004 2687 1065 2714 est,

280 2736 407 2756 consueta
431 2735 458 2756 et
483 2735 545 2758 nota
570 2730 727 2758 hominibus
750 2729 882 2762 scriptura
900 2737 906 2755 :
923 2734 963 2756 est
986 2728 1065 2762 quip-

281 2783 313 2809 pe
329 2775 380 2802 alia
398 2775 444 2802 [)ci
468 2776 606 2811 Scriptura
631 2784 684 2804 non
710 2775 780 2810 styln
794 2775 912 2802 hominis
934 2779 1043 2801 exm-nta
1058 2794 1064 2805 ,

241 2815 246 2825 ’
281 2821 328 2848 sed
344 2822 442 2850 virtute
459 2822 503 2849 Dei
521 2823 612 2855 Verbi,
631 2831 682 2858 qua
700 2822 796 2858 dignm
812 2821 839 2850 in
860 2822 929 2849 libro
944 2822 1005 2848 vitae
1020 2821 1065 2848 de-

282 2868 385 2895 scribit.

1130 256 1244 291 δάμαλιν
1257 255 1326 291 βοῶν
1347 256 1395 282 καὶ
1417 256 1464 283 δύο
1487 256 1622 292 πρόϐατα.
1640 256 1696 283 Καὶ
1709 257 1786 283 ἔσται
1802 257 1857 284 ἀπὸ
1871 257 1913 284 τοῦ

1130 302 1254 330 πλεῖστον
1269 304 1356 329 ποιεῖν
1372 302 1453 336 γάλα,
1473 301 1602 337 βούτυρον
1616 302 1664 329 καὶ
1681 302 1744 338 μέλι
1754 304 1850 338 φαγεῖν
1863 304 1914 336 πᾶς

1129 348 1144 373 ὁ
1158 347 1347 381 καταλειφθεὶς
1360 348 1405 374 ἐπὶ
1420 347 1469 383 τὴν
1484 348 1546 383 γῆν.
1570 357 1580 374 ι
1607 348 1749 383 Πτωχείαν
1760 357 1790 375 τε
1806 349 1855 381 καὶ
1867 357 1913 375 πε-

1130 395 1189 421 νίαν
1203 394 1427 429 ὑπερϐάλλουσαν
1440 394 1590 420 αἰνίττεται
1599 393 1644 421 διὰ
1653 394 1756 421 τούτων
1769 403 1774 410 ’
1791 394 1860 423 ἀλλὰ
1869 395 1913 422 καὶ

1130 439 1231 466 ἔνδειαν
1249 439 1296 466 καὶ
1310 438 1406 465 σπάνιν
1419 438 1468 474 τῆς
1476 438 1530 465 ἀπὸ
1541 438 1589 466 τοῦ
1606 439 1678 466 σίτου
1693 440 1807 475 τροφῆς·
1821 440 1852 468 τὸ
1862 441 1913 477 γὰρ

1131 485 1168 520 μὴ
1184 485 1252 519 βοῶν
1265 485 1376 519 ἀγέλας,
1401 485 1465 520 μίαν
1481 485 1509 512 δὲ
1529 485 1614 520 μόνην
1633 485 1746 520 δάμαλιν
1767 486 1913 522 κεκτῆσθαι

1129 530 1283 565 ἄνθρωπον,
1311 522 1357 556 xei
1379 529 1410 556 τὸ
1435 529 1472 566 μὴ
1495 530 1620 565 ποίμνιον
1645 529 1800 565 προϐάτων,
1824 530 1872 557 δύο
1885 531 1913 558 δὲ

1129 576 1254 611 πρόϐατα
1268 576 1339 611 μόνα
1352 575 1474 611 τρέφειν,
1489 575 1538 610 τῆς
1550 575 1667 611 ἐσχάτης
1682 575 1716 602 ἂν
1729 576 1834 610 γένοιτο
1846 578 1913 603 ἀπο-

1130 622 1189 657 ρίας
1204 621 1337 656 σύμϐολον
1352 629 1359 636 ⁸
1376 621 1445 649 ἀλλὰ
1460 620 1508 648 καὶ
1520 621 1551 648 τὸ
1564 620 1688 657 βουτύρῳ
1703 622 1851 657 τρέφεσθαι
1869 622 1914 650 καὶ

1131 666 1218 700 μέλιτι
1232 665 1320 692 πάντα
1340 666 1386 692 τὸν
1411 665 1626 700 καταλειφθέντα
1643 666 1691 692 ἐπὶ
1707 667 1756 701 τῆς
1771 667 1822 701 γῆς
1841 666 1913 698 λαὸν,

1129 711 1207 746 λιμὸν
1223 711 1305 746 ἄρτου
1322 710 1496 746 παρίστησιν.
1521 708 1605 742 Οὗτος
1616 710 1645 737 δὲ
1657 708 1691 746 ἦν
1711 712 1726 737 ὀ
1742 711 1790 738 ἐπὶ
1802 708 1852 739 ιτοῦ
1868 712 1887 739 Γ
1888 720 1914 738 ο-

1129 756 1213 782 δολίου
1225 756 1300 788 λαὸς,
1315 756 1344 783 ὃν
1358 756 1401 783 διὰ
1415 755 1532 792 ἀπορίαν
1542 756 1592 791 τῆς
1602 756 1656 782 ἀπὸ
1670 757 1745 783 σίτου
1760 757 1866 793 τροφῆς
1884 759 1913 784 ιν

1131 802 1291 837 βραχυτάτῳ
1314 801 1480 837 θρεμμάτων
1503 802 1620 837 γάλακτι
1645 802 1692 829 καὶ
1712 802 1834 839 βουτὺρῳ
1848 812 1913 839 τρα-

1130 848 1264 882 φήσεσθαι
1303 848 1507 883 προαγορεύει,
1535 848 1584 883 τῆς
1612 847 1703 885 χώρας
1733 849 1842 885 ἁπάσης
1875 851 1914 882 εἰς

1127 894 1223 929 χέρσον
1241 894 1287 920 καὶ
1307 893 1427 920 ἄκανθαν
1446 893 1490 921 διὰ
1513 894 1618 929 ἀνδρῶν
1641 894 1760 930 ἐρημίαν
1781 895 1914 932 μεταὸλη-

1128 940 1231 975 θείσης.

1164 1007 1172 1023 ι
1193 997 1248 1024 Καὶ
1258 997 1334 1023 Errat
1345 997 1375 1024 ὲν
1388 997 1422 1032 τῇ
1437 996 1528 1032 ἡμέρᾳ
1541 997 1643 1032 ἐκείνῃ,
1657 998 1712 1029 πᾶς
1725 997 1806 1030 τόπος
1821 994 1851 1025 οὓ
1867 998 1914 1024 ἐὰν

1126 1040 1176 1069 ὦσι
1190 1043 1275 1078 χίλιαι
1290 1043 1418 1078 ἄμπελοι,
1440 1042 1533 1077 χιλίων
1547 1042 1657 1075 σίκλων,
1674 1044 1714 1075 εις
1732 1043 1828 1078 χέρσον
1841 1043 1916 1071 {cov-

1126 1098 1170 1116 ται
1187 1090 1234 1115 καὶ
1247 1090 1287 1122 εἰς
1307 1090 1439 1116 ἄκανθαν.
1468 1098 1478 1114 ι
1506 1089 1609 1116 Οὐκοῦν
1624 1089 1667 1116 διὰ
1687 1090 1721 1116 τὸ
1738 1090 1834 1126 χέρσον
1846 1089 1913 1118 εἶναι

1125 1135 1174 1170 τὴν
1188 1135 1240 1170 γῆν
1263 1135 1308 1161 καὶ
1320 1134 1446 1161 ἀκανθῶν
1475 1134 1578 1170 πλήρη,
1599 1136 1671 1162 σῖτον
1685 1135 1734 1170 οὺχ
1749 1135 1805 1168 ἔξει
1821 1144 1827 1150 ·
1853 1136 1912 1163 οὐδὲ

1126 1182 1295 1217 τραφήσεται
1312 1181 1344 1215 τῇ
1370 1180 1441 1207 κατὰ
1456 1180 1537 1215 φύσιν
1555 1180 1698 1217 ἄνθρωπος
1721 1183 1809 1217 τροφῇ
1836 1191 1914 1218 περι-

1125 1227 1257 1262 λειφθεὶς,
1284 1227 1341 1254 ἀλλ’
1355 1227 1417 1254 οὐδὲ
1434 1227 1497 1262 οῐνῳ
1520 1229 1650 1263 χρήσεται
1664 1248 1671 1260 ,
1694 1227 1810 1262 γάλακτι
1824 1228 1851 1254 δὲ
1868 1229 1915 1255 καὶ

1126 1274 1261 1310 βουτύρῳ,
1278 1274 1326 1300 καὶ
1342 1273 1430 1308 μέλιτι
1443 1281 1449 1288 ·
1468 1273 1516 1299 καὶ
1534 1273 1650 1306 τούτοις,
1665 1274 1716 1301 οὐκ
1729 1275 1783 1301 ἀπὸ
1796 1274 1913 1310 πλήθους

1125 1320 1225 1356 ἀγέλης
1241 1319 1319 1354 βοῶν,
1343 1319 1397 1346 οὐδ’
1410 1319 1464 1346 ἀπὸ
1487 1319 1620 1354 ποιμνίων
1637 1320 1780 1355 προϐάτων
1800 1329 1914 1354 συναγο-

1127 1367 1228 1401 μένοις,
1251 1366 1349 1397 άλλ¹ὲξ
1363 1365 1482 1392 εὐτελῶν
1502 1365 1549 1392 καὶ
1568 1365 1685 1401 οἰκτρῶν
1704 1365 1790 1398 ζώων.
1819 1367 1848 1393 '0
1864 1366 1914 1402 μὲν

1125 1413 1179 1449 γάρ
1195 1421 1237 1444 τις
1252 1413 1305 1439 ἀπὸ
1321 1413 1385 1447 μιᾶς
1402 1411 1554 1447 δαμάλεως,
1567 1412 1582 1438 ό
1600 1411 1629 1438 δὲ
1642 1412 1696 1439 ἀπὸ
1708 1412 1756 1439 δύο
1770 1412 1913 1448 προὸάτων

1126 1460 1188 1494 ποιή
1193 1467 1267 1485 σεται
1280 1458 1377 1484 ταῦτα.

1165 1526 1173 1541 ι
1195 1516 1251 1542 Καὶ
1275 1516 1328 1542 πᾶν
1355 1515 1417 1550 ὅρος
1442 1514 1643 1551 ὴροτριωμένον
1669 1514 1913 1551 ἀροτριωθήσεται,

1679 1561 1757 1589 ἔσται
1781 1561 1835 1598 γὰρ
1859 1561 1915 1589 ἀπὸ

1122 1611 1170 1645 τῆς
1191 1609 1288 1645 χέρσου
1304 1609 1350 1635 καὶ
1367 1608 1488 1644 ἀκάνθης
1504 1609 1543 1640 εἰς
1561 1608 1686 1644 βόσκημα
1700 1607 1846 1643 προϐάτου.
1867 1617 1876 1633 ι

1385 1665 1581 1692 ΚΕΦΑΔΑΙΟΝ
1607 1667 1648 1693 Η¹.

1160 1732 1168 1747 ι
1187 1722 1240 1748 Καὶ
1266 1719 1326 1747 εἷπε
1344 1721 1446 1757 Κύριος
1461 1723 1529 1757 πρὸς
1546 1722 1591 1757 μὲ,
1615 1722 1689 1749 Λάϐε
1711 1721 1816 1758 σεαυτῷ
1831 1722 1915 1758 τόμον

1121 1769 1212 1795 καινὸν
1228 1768 1325 1802 μέγαν,
1340 1768 1386 1794 καὶ
1398 1767 1501 1802 γράψον
1521 1769 1561 1799 εἰς
1583 1768 1663 1795 αὑτὸν
1678 1767 1790 1803 γραφίδι
1809 1767 1914 1803 ἀνθρώ-

1121 1823 1181 1841 που.
1198 1824 1207 1840 ι
1222 1814 1386 1845 Συντελέσας
1399 1815 1413 1840 ὁ
1426 1813 1504 1847 λόγος
1520 1814 1553 1840 τὰ
1566 1814 1735 1849 γενησόμενα
1747 1815 1777 1841 ὲν
1795 1814 1854 1846 ταῖς
1865 1823 1913 1841 κα-

1119 1858 1306 1894 ταλεχθείσαις
1325 1859 1458 1894 ἡμέραις.
1481 1859 1703 1894 ὲπαναλαμὸάνει
1719 1859 1767 1895 τὴν
1788 1859 1915 1895 διήγησιν

1120 1905 1168 1940 τὴν
1183 1905 1246 1939 περὶ
1258 1904 1308 1939 τῆς
1322 1905 1474 1938 γεννήσεως
1488 1903 1535 1930 τοῦ
1556 1903 1738 1940 Ἐμμανουήλ·
1752 1905 1816 1940 περὶ
1831 1900 1861 1930 οὗ
1873 1903 1916 1940 τῷ

1120 1951 1186 1986 οἴκῳ
1212 1949 1294 1976 Δαυῒδ
1316 1949 1514 1985 παρεκελεύετο
1529 1949 1589 1976 ἀντὶ
1609 1949 1715 1985 ἐπῳδῆς
1731 1950 1762 1976 τὺ
1779 1950 1826 1978 τοῦ
1850 1951 1915 1985 Ἐμ-

1121 1997 1240 2032 μανουὴλ
1267 1996 1455 2023 ἐπικαλεῖσθαι
1477 1996 1580 2031 ὖνομα,
1604 1995 1769 2031 θαρσοῦντος
1792 1996 1839 2022 καὶ
1867 2005 1915 2022 πι-

1121 2042 1259 2074 στεύοντος
1271 2043 1303 2069 δι’
1317 2041 1400 2068 αὐτοῦ
1415 2041 1585 2076 σωθήσεσθαι
1601 2042 1654 2068 ἀπὸ
1666 2042 1720 2068 τῶν
1733 2041 1913 2077 ἐπικειμένων

1120 2090 1210 2121 αὐτοῖς
1222 2089 1269 2116 δύο
1290 2088 1431 2124 βασιλέων.
1460 2087 1568 2124 Ἐπειδὴ
1581 2088 1610 2114 δὲ
1622 2088 1726 2121 ἐδίδαξε
1745 2088 1789 2115 τὸν
1809 2089 1915 2123 Ἐμμα-

1120 2135 1201 2170 νουὴλ
1215 2135 1294 2169 ξένην
1310 2135 1372 2161 τινὰ
1388 2134 1435 2161 καὶ
1459 2134 1602 2170 ἀλλοτρίαν
1624 2135 1673 2169 τῆς
1689 2134 1789 2169 θνητῆς
1805 2134 1914 2168 φύσεως

1120 2181 1190 2213 ἕξειν
1203 2181 1339 2216 γέννησιν·
1364 2180 1395 2213 ἐξ
1413 2180 1578 2218 ἀδιαφθόρου
1601 2180 1656 2216 γὰρ
1678 2180 1796 2212 νεάνιδος
1818 2180 1866 2207 κιιὶ⁴
1882 2180 1914 2212 ἐξ

1120 2227 1306 2262 ἀπειρογάμου
1331 2226 1466 2262 παρθένου
1488 2226 1676 2263 τεχθήσεσθαι,
1697 2226 1799 2261 σφόδρα
1828 2226 1914 2260 ἀναγ-

1122 2274 1206 2306 καίως
1223 2275 1252 2300 έν
1264 2273 1368 2305 τούτοις
1385 2273 1474 2305 αὐτοῖς
1487 2273 1502 2299 ὁ
1516 2273 1627 2308 Κύριος,
1640 2273 1689 2299 οὐκ
1706 2271 1745 2299 ἔτι
1756 2271 1796 2307 τῷ
1817 2272 1912 2307 Ἀχὰζ,

1121 2319 1182 2346 οὐδὲ
1199 2318 1237 2354 τῷ
1251 2319 1318 2353 οἴκῳ
1347 2318 1442 2350 Ἰούδα,
1471 2318 1528 2346 ἀλλ’
1548 2317 1623 2354 αὐτῷ
1637 2318 1709 2353 μόνῳ
1722 2317 1761 2352 τῷ
1783 2318 1915 2354 προφήτῃ

1119 2367 1149 2392 τὸ
1162 2367 1309 2402 μυστήριον
1322 2365 1509 2392 ἀποκαλύπτει
1522 2365 1572 2400 τῆς
1588 2364 1744 2400 ἀπορρήτου
1758 2365 1914 2400 γεννήσεως

1120 2411 1164 2438 τοῦ
1182 2410 1363 2446 Ἐμμανουήλ·
1374 2411 1448 2442 ὅπως
1460 2411 1476 2444 ἡ
1489 2410 1623 2445 παρθένος
1635 2411 1663 2436 ὲν
1676 2410 1774 2445 γαστρὶ
1787 2409 1913 2445 λήψεται,

1118 2457 1165 2484 καὶ
1179 2457 1284 2490 τέξεται
1295 2457 1363 2484 υἱόν.
1381 2456 1427 2483 ’⁶Ιν”
1444 2455 1490 2483 οὖν
1501 2456 1536 2482 τὰ
1550 2456 1614 2491 περὶ
1628 2455 1676 2482 τοῦ
1684 2455 1856 2491 Ἐμμανουήλ
1872 2455 1914 2491 μὴ

1117 2503 1156 2533 εἰς
1173 2502 1222 2533 τὰς
1240 2502 1348 2529 πάντων
1368 2501 1452 2533 ἀκοὰς
1471 2500 1525 2527 τῶν
1541 2509 1607 2527 ποτε
1624 2501 1746 2536 χωρήσῃ,
1762 2499 1913 2535 φυλαχθείη

1117 2548 1145 2573 δὲ
1163 2548 1264 2583 μᾶλλον
1286 2549 1316 2575 ὲν
1338 2548 1486 2584 ἀπορρήτῳ
1509 2547 1612 2584 γραφῇ·
1639 2545 1854 2581 παρακελεύεται
1871 2545 1914 2581 τῷ

1118 2595 1245 2630 προφήτῃ
1260 2593 1351 2620 λαϐεῖν
1365 2592 1454 2628 ἑαυτῷ
1475 2593 1556 2628 τόμον
1578 2592 1680 2622 καινὸν,
1700 2592 1796 2626 μέγαν,
1807 2591 1823 2626 ἦ
1834 2590 1916 2617 (τεῦ.

1119 2647 1175 2673 χος,
1182 2639 1212 2673 »ἢ
1223 2639 1406 2674 «διφθέρωμα,
1413 2647 1422 2664 ι
1459 2637 1614 2672 ικεφαλίδα,
1623 2647 1631 2663 ι
1642 2637 1779 2669 κατάτοὺς
1788 2636 1912 2667 λοιπούς·

1121 2696 1130 2710 ι
1146 2685 1257 2720 γραφίδι
1270 2684 1423 2720 ἀνθρώπου,
1438 2693 1447 2709 ι
1460 2683 1593 2715 τουτέστι,
1609 2685 1641 2719 τῇ
1658 2682 1766 2718 συνήθει
1784 2683 1829 2709 καὶ
1839 2691 1916 2716 -γνω-

1120 2730 1247 2767 ριζομένῃ
1272 2730 1425 2765 ἀνθρώποις
1447 2731 1548 2766 γραφῇ·
1563 2728 1633 2756 εἶναι
1657 2729 1711 2765 γὰρ
1739 2728 1821 2764 ἄλλην
1841 2728 1915 2755 Θεοῦ

1119 2777 1238 2812 Γραφὴν,
1267 2777 1297 2803 οὐ
1320 2776 1431 2812 γραφίδι
1457 2775 1602 2813 ἀνθρώπου
1630 2775 1817 2810 γραφομένην,
1842 2775 1916 2802 ἀλλὰ

1118 2823 1231 2858 δυνάμει
1245 2821 1312 2848 Θεοῦ
1327 2823 1422 2856 Λόγου,
1444 2824 1505 2854 τοὺς
1527 2823 1616 2856 ἀξίους
1638 2822 1866 2857 ἀπογραφομένην
1883 2823 1915 2847 ὲν

1121 2869 1203 2899 ϐίϐλῳ
1217 2868 1332 2900 ζώντων.
