2059 3215
274 175 326 204 MS

608 173 740 202 EUSEBll
760 173 998 202 CAESARIENSIS
1018 174 1093 202 (ll‘P.
1115 174 1205 202 PARS
1220 174 1268 202 ‘Ill.
1289 189 1322 195 —
1343 174 1552 202 EXEGETICA.

1852 175 1904 201 1H

273 235 392 268 regionis
416 238 484 265 tunc,
512 234 655 262 Nobiscum
691 235 771 262 Deus.
792 245 801 261 ι
829 235 890 262 ll:rc
911 243 1019 270 quoque
1036 236 1053 262 in

1114 235 1144 262 τὸ
1158 236 1257 267 πλάτος
1273 235 1322 271 τῆς
1336 234 1426 271 χώρας
1451 244 1508 266 σου,
1527 234 1594 261 Μεθ’
1606 234 1683 270 ήμῶν
1703 235 1718 260 ὀ
1733 233 1809 264 Θεός.
1822 243 1831 259 ι
1849 234 1904 259 Καὶ

260 281 366 307 .eodem
385 279 567 306 Emmanuclis
582 286 741 315 argumento
761 281 888 307 insistunt
903 290 908 307 :
926 281 1059 314 incipiunt

271 325 344 352 enim
368 325 403 352 ab
427 325 620 357 Emmanncle,
655 326 726 359 quod
748 326 897 360 signiﬁcat,
923 327 1057 353 nobiscum

274 373 352 403 Deus,
374 373 518 406 cognoscite
531 377 635 406 gentes;
659 380 691 399 ac
715 380 822 399 rursum
839 373 864 399 in
882 372 934 399 line
947 377 1057 400 senten-

271 417 332 443 tiae:
349 426 358 442 ι
381 416 413 443 Ει
437 424 526 443 sermo
549 425 627 451 quem
653 417 798 452 loquemiui
828 426 881 446 non
901 424 1008 446 maneat
1030 419 1056 446 in

272 463 357 494 vobis,
384 463 447 497 quia
469 463 607 490 nobiscum
632 463 724 491 Deus:
746 473 755 490 ι
774 464 871 492 iterum
900 465 1057 492 Emmanuel

271 509 359 535 dictus
372 514 425 538 est.
441 509 587 543 Postquam
608 517 674 544 ergo
689 511 818 544 propheta
834 515 997 538 memoratos
1009 511 1055 538 ho-

272 556 358 582 mines
378 561 546 591 coarguerat,
568 558 638 591 quod
657 557 817 588 uoluissent,
843 558 967 585 invocato
991 557 1056 584 Em-

271 604 540 643 mantlelehinimicis
558 606 712 640 superiores
733 605 859 637 evadere,
882 605 939 640 ipse
959 612 991 632 ex
1007 613 1054 632 sua

269 655 297 676 et
311 651 351 676 sui
367 650 495 677 similium
523 659 637 686 persona
665 651 866 679 Emmanuelem
892 652 1001 679 invocat
1016 652 1055 679 di-

269 700 332 720 cens
343 703 349 720 ἒ

304 738 386 765 Vens.
402 739 429 771 9,
448 739 491 766 10.
509 749 516 765 ι
530 739 674 767 Nobiscum
689 740 769 767 Deus.
785 740 946 776 Cognoscite
961 747 1055 777 gentes

268 787 293 809 et
309 783 459 815 vincimini,
481 789 509 810 et
533 783 624 811 audite
643 792 729 820 usque
742 785 775 812 ad
787 790 937 813 extremum
954 791 1032 813 terrm
1047 795 1054 812 :

268 829 313 863 qui
329 828 416 856 fortes
431 829 531 861 fuistis,
544 830 681 857 vincimini
700 839 707 856 :
726 838 787 857 nam
810 831 831 859 si
851 831 949 859 iterum
972 831 1055 860 fortes

269 874 340 905 sitis,
353 875 450 901 iterum
465 875 607 902 vinccmiui
623 883 630 901 ι
657 882 684 903 et
701 878 722 903 si
742 876 886 904 consilium
901 878 1010 909 iueatis,
1029 878 1054 904 id

270 921 411 955 dissipabit
435 921 563 948 Dominus
587 931 595 948 :
621 926 647 948 et
669 924 787 949 ,verbnm
812 923 882 958 quod
907 923 1052 957 loquentiui

269 974 322 994 non
337 967 455 994 manebit
471 967 496 993 in
513 967 598 1000 vobis,
613 968 675 1002 quia
694 968 832 996 nobiscum
848 969 929 997 Deus.
945 980 954 996 ι
967 969 1051 1003 Quem

268 1021 333 1041 vero
351 1014 539 1048 cognoscetis?
560 1014 649 1048 Ipsum
671 1013 875 1042 Emmanuelem
894 1025 902 1044 :
918 1024 980 1042 nam
1006 1024 1053 1051 po-

267 1059 347 1094 pulus
360 1067 392 1086 ex
413 1059 621 1087 circumcisione
641 1068 728 1095 neque
743 1061 872 1095 cognovit
891 1062 989 1096 ipsum.
1006 1069 1052 1088 ne-

266 1112 319 1139 que
344 1105 493 1136 intellexit,
519 1112 605 1138 neque
631 1106 780 1140 prophetizc
805 1105 916 1134 credere
943 1106 1050 1133 voluit:

269 1152 316 1177 sed
332 1158 380 1177 nec
402 1151 486 1178 victus
501 1156 553 1181 est.
568 1158 617 1178 nec
632 1155 766 1186 prmcepto
788 1159 818 1178 se
842 1151 974 1179 subdidit.
999 1151 1052 1179 Vos

267 1202 357 1223 autem
370 1201 473 1232 gentes,
494 1197 619 1224 notitiam
639 1197 707 1230 ejus,
728 1198 772 1231 qui
792 1197 817 1224 in
839 1198 979 1231 prophetia
999 1197 1052 1224 fer—

262 1246 321 1272 tur,
342 1242 471 1276 accipite.
485 1246 567 1276 atque
587 1242 644 1270 haec
668 1242 858 1277 intelligentes,
880 1243 962 1270 nolite
983 1243 1054 1270 relu-

265 1289 352 1318 ctari;
377 1288 425 1314 sed
452 1288 590 1315 viucimiui
612 1289 743 1323 superati.
766 1288 863 1316 Audite
889 1294 1052 1324 praeceptum

266 1341 315 1361 vos
333 1340 438 1365 omnes,
463 1333 507 1368 qui
531 1341 616 1369 usque
631 1334 664 1360 ad
680 1339 831 1362 extremum
849 1340 928 1363 terra:
947 1335 1054 1362 habita-

267 1380 301 1408 tis
317 1387 367 1407 :ac
379 1380 402 1407 si
417 1380 462 1413 qui
477 1379 503 1406 in
518 1380 593 1407 vobis
608 1379 692 1407 fortes
705 1387 738 1407 ac
758 1384 893 1414 potentes.
909 1381 992 1408 verbo
1009 1389 1053 1408 ce-

262 1426 323 1453 dite
339 1425 404 1452 victi
421 1429 447 1452 et
464 1425 600 1459 superati;
628 1425 709 1460 idque
723 1425 853 1453 alacriter
876 1427 959 1461 agite,
976 1427 1052 1462 gnari

265 1472 317 1499 etsi
329 1470 478 1504 nolueritis,
496 1470 537 1498 vel
555 1470 654 1498 invitos
667 1471 832 1505 superandos
846 1479 915 1500 esse.
939 1473 1014 1506 Quod
1031 1474 1052 1500 si

267 1518 314 1545 Dei
329 1517 442 1545 consilio
454 1521 644 1552 repugnantes,
664 1519 803 1546 machinas
818 1519 947 1554 quasdam
962 1525 988 1546 et
1013 1520 1054 1546 in.

264 1563 350 1591 sidias
365 1562 517 1590 struxeritis
528 1567 622 1590 contra
638 1563 748 1590 verbum
760 1571 775 1590 a
791 1571 844 1598 quo
858 1564 1008 1596 vocamini;
1025 1569 1055 1590 ut

267 1609 359 1636 inania
376 1608 495 1643 aggressi
507 1608 665 1643 arguemini.
680 1607 742 1635 Haec
763 1616 841 1643 porro
853 1609 977 1642 dicimus,
991 1609 1053 1644 quia

267 1655 407 1681 nobiscum
424 1653 591 1680 Emmanuel.

304 1699 385 1726 Vens.
401 1699 444 1726 ll.
465 1708 473 1724 ι
495 1698 540 1726 Sic
556 1699 622 1726 dicit
638 1698 766 1726 Dominus
782 1699 871 1726 manui
890 1698 952 1726 forti
970 1707 976 1725 :
997 1698 1053 1727 Non

266 1747 453 1780 obsequuntur
466 1745 583 1772 iucessui
604 1745 629 1771 in
651 1745 692 1772 via
709 1745 797 1779 populi
814 1745 904 1780 hujus.
925 1745 1055 1772 ITransit

266 1799 330 1827 ergo
347 1793 381 1819 ad
394 1791 533 1819 Iudaicum
548 1791 673 1827 populum
685 1812 692 1824 ,
712 1792 852 1825 ipsumque
872 1797 900 1818 ut
913 1791 974 1819 l‘orti
998 1799 1055 1818 ma-

267 1839 312 1866 nui
329 1838 531 1873 immorigerum
544 1838 676 1872 coarguit.
694 1836 761 1864 Nam
776 1837 809 1863 ab
825 1837 867 1864 illa
882 1838 978 1869 vocati,
992 1845 1053 1864 cum

266 1883 378 1919 obsequi
395 1883 569 1918 oportuisset,
588 1882 623 1909 illi
640 1887 734 1910 contra
761 1890 813 1909 nnn
830 1882 1054 1917 obtemperabant

267 1937 298 1956 ac
314 1929 545 1958 contradicebsut.
568 1928 606 1956 Ne
627 1928 733 1960 dicatis,
758 1928 855 1963 inquit,
881 1928 977 1956 durum
995 1935 1054 1956 esse

267 1982 429 2013 sermonem,
456 1974 527 2009 quod
550 1978 673 2008 oporteat
694 1973 842 2001 abscedere
864 1981 879 2001 a
906 1973 947 2000 via
964 1973 1052 2009 populi

267 2021 365 2056 hujus:
386 2028 448 2047 nam
463 2020 506 2047 hic
519 2020 624 2054 quidem
640 2019 752 2054 populus
770 2020 865 2046 durum
889 2019 962 2046 illum
978 2019 1053 2046 3381i-

268 2073 342 2101 mat;
356 2075 405 2094 vos
427 2074 491 2094 vero
512 2066 558 2101 qui
576 2066 744 2093 abscessislis
769 2074 784 2092 ιι
802 2066 843 2092 via
859 2066 948 2100 populi
964 2065 1052 2098 hujus,

268 2121 302 2140 nc
317 2113 414 2140 dicatis
429 2113 499 2139 hunc
516 2118 576 2138 esse
591 2111 688 2138 durum
705 2119 711 2136 :
732 2110 803 2145 quod
819 2110 840 2137 si
859 2110 877 2137 ii
893 2118 925 2137 ex
942 2110 993 2137 isto
1007 2118 1054 2143 po-

268 2159 331 2193 pulo
352 2158 397 2192 qui
417 2156 548 2184 increduli
570 2161 646 2188 sunt,
663 2156 775 2182 insidias
797 2155 873 2183 vobis
893 2157 1051 2187 struxeriut,

266 2208 359 2238 utpote
380 2202 427 2238 qui
444 2201 607 2234 defeceritis,
632 2207 659 2229 at
685 2209 732 2228 vos
757 2201 880 2228 litltorem
904 2207 996 2228 eorum
1021 2209 1053 2227 ne

269 2249 397 2281 limeatis,
415 2255 462 2275 nec
482 2248 516 2275 ab
531 2247 583 2275 illis
595 2247 662 2282 pulsi
674 2246 872 2274 conturbemini
889 2254 897 2272 :
913 2245 1052 2280 solumque

268 2297 410 2324 Dominum
426 2296 554 2321 virtutum
569 2297 661 2321 sancte
682 2293 812 2326 colentes,
826 2300 885 2320 eum
904 2292 1050 2320 timendum

267 2344 345 2369 Vobis
368 2341 496 2369 ascribite
526 2348 533 2366 :
555 2347 617 2367 nam
645 2349 653 2365 ι
677 2340 782 2367 initium
809 2338 948 2374 sapientia:
972 2339 1053 2365 timor

268 2389 372 2417 Domitii
389 2389 426 2421 ³³,
447 2397 456 2413 ι
473 2395 520 2422 per
536 2395 614 2421 quem
640 2386 778 2414 hominum
793 2390 879 2413 metus
893 2386 981 2413 omnis
1005 2387 1053 2412 cli-

268 2436 394 2462 minatur.

302 2480 384 2508 νεεδ,
402 2480 444 2508 12.
463 2489 472 2506 ι
495 2479 637 2506 Dominum
653 2479 739 2513 ipsum
757 2477 935 2508 sanctitlcate.
958 2481 985 2504 et
997 2476 1054 2511 Ipse

266 2525 319 2552 erit
342 2525 422 2551 timor
448 2529 509 2550 tuus
528 2531 535 2549 :
560 2527 588 2551 et
613 2523 635 2549 si
654 2523 681 2549 in
700 2523 757 2558 ipso
773 2522 904 2553 conﬁdas,
929 2522 981 2549 erit
1007 2523 1053 2549 tibi

266 2571 457 2598 sanctiﬁcatio.
477 2579 486 2596 ι
502 2569 529 2597 Si
548 2577 622 2604 ergo.
647 2569 695 2600 ait,
718 2569 744 2595 in
774 2569 833 2603 ipso
850 2567 984 2601 conﬁdas,
1002 2568 1054 2594 erit

268 2619 315 2646 tibi
331 2619 356 2644 in
383 2616 637 2648 sanctiﬁcationem,
654 2616 688 2642 ita
712 2620 741 2642 ut
757 2622 888 2650 corporeo
904 2615 1052 2642 sanctitlcio

268 2673 320 2692 non
339 2665 408 2691 ultra
421 2671 512 2700 egeas.
528 2663 714 2691 Sanctiﬁcium
732 2668 821 2691 autem
840 2664 910 2698 apud
925 2662 1052 2690 llebrmos

266 2711 413 2737 vocabatur
431 2710 558 2744 templum
573 2709 636 2737 olim
650 2709 721 2743 apud
735 2709 795 2736 illos
811 2709 1051 2742 consistens,ejus-

265 2761 318 2789 que
333 2754 471 2782 interiora.
488 2755 547 2783 Tibi
562 2756 651 2790 itaque
669 2755 702 2783 ab
715 2754 770 2782 illis
783 2755 870 2790 pulso,
887 2754 933 2782 sed
955 2755 980 2782 in
998 2754 1050 2782 Do-

266 2800 338 2828 mino
355 2800 511 2832 conﬁdenti.
536 2801 713 2829 sanctiﬁcium
729 2800 791 2830 erit.
815 2808 867 2829 non
885 2807 1046 2836 corporeum

300 2899 323 2916 ⁸³
338 2899 407 2927 l’sal.
423 2907 466 2932 cx,
486 2900 529 2926 10.

1072 911 1090 937 Β

1109 281 1195 308 ταῦτα
1210 281 1259 316 τῆς
1287 281 1350 316 περὶ
1365 281 1411 307 τοῦ
1435 280 1608 316 Ἐμμανουήλ
1627 279 1717 315 ἔχεται
1731 279 1883 311 ὑποθέσεως
1894 288 1902 294 ·

1108 328 1221 362 ἄρχεται
1233 327 1298 362 γοῦν
1315 327 1369 354 ἀπὸ
1384 326 1429 354 τοῦ
1451 326 1634 363 Ἑμμανουὴλ,
1652 327 1720 363 ὅπερ
1735 327 1803 358 ἐστὶ,
1823 336 1832 352 ε
1843 326 1903 361 μεθ’

1109 373 1185 408 ἡμῶν
1196 374 1210 399 6
1226 373 1292 404 Θεός
1303 381 1309 386 ·
1321 373 1406 407 γνῶτε
1424 372 1488 407 ἔθνη
1497 381 1503 388 δ
1518 382 1527 397 ι
1545 372 1591 399 καὶ
1604 370 1680 404 αὖθις
1693 372 1760 407 πρὸς
1776 371 1815 407 τῷ
1833 371 1903 398 τέλει

1107 418 1146 452 τῷ
1160 418 1285 452 λέγεσθαι
1297 426 1304 434 ⁸
1325 427 1334 443 ι
1346 418 1401 445 Καὶ
1411 418 1489 452 λόγον
1500 418 1529 444 ὃν
1548 418 1580 444 ἂν
1597 418 1742 454 λαλήσητε,
1758 418 1788 444 οὑ
1803 418 1840 453 μὴ
1853 418 1904 452 ὲμ-

1096 464 1187 500 ίμείνῃ
1204 465 1232 491 ἐν
1248 464 1322 499 ὑμῖν,
1340 465 1381 491 ὃτι
1407 464 1467 499 μεθ’
1478 464 1556 500 ήμῶν
1572 465 1586 491 6
1604 464 1685 496 Θεὸς·
1698 474 1706 490 ι
1729 463 1903 500 Ἐμμανουήλ

1108 508 1187 535 πάλιν
1198 509 1314 545 εἴρηται.
1333 509 1476 543 Διελέγξας
1486 509 1575 536 τοίνυν
1595 510 1608 535 6
1621 509 1764 544 προφήτης
1778 509 1842 540 τοὺς
1856 509 1903 544 δη-

1107 554 1252 587 λωθέντας,
1273 555 1314 581 ὅτι
1336 555 1372 590 μὴ
1391 554 1585 590 ἐϐουλήθησαν,
1602 555 1830 590 ἐπικαλεσάμενοι
1855 555 1902 581 τὸν

1114 601 1294 636 Ἐμμανουήλ,
1313 601 1454 636 κρείττους
1474 601 1598 635 γενέσθαι
1621 601 1674 628 τῶν
1690 601 1836 636 πολεμίων,
1853 601 1903 628 αὐ-

1107 647 1151 678 τὸς
1167 646 1336 673 ἐπικαλεῖται
1352 647 1397 674 τὸν
1416 648 1587 683 Ἐμμανουὴλ
1613 647 1643 680 ἐξ
1669 647 1733 673 ίδίου
1753 647 1901 682 προσώπου

1107 691 1218 718 καὶτῶν
1231 691 1305 727 αὑτῷ
1318 692 1527 728 παραπλησίων,
1544 692 1645 726 λέγων·
1833 707 1837 712 -

1145 748 1155 762 ‹
1167 737 1233 764 Μεθ’
1251 737 1329 773 ήμῶν
1343 739 1357 764 6
1378 737 1454 769 Θεός.
1471 738 1558 764 Γνῶτε
1573 738 1636 773 ἔθνη
1653 739 1700 765 καὶ
1712 737 1837 773 ἡττᾶσθε.
1853 738 1902 764 καὶ

1107 783 1276 810 ὲπακούσατε
1293 784 1344 815 ἕως
1361 785 1476 819 ἐσχάτου
1483 786 1533 819 τῆς
1547 785 1607 819 γῆς,
1620 783 1759 819 ισχυκότες
1771 784 1899 819 ἡττᾶσθε,

1106 827 1154 854 ἐὰν
1169 827 1224 863 γὰρ
1235 828 1314 854 πάλιν
1333 829 1470 864 ίσχύσητε.
1489 829 1568 856 πάλιν
1583 828 1768 864 ἡττηθήσεσθε
1778 837 1784 844 ·
1803 828 1849 854 καὶ
1866 828 1901 863 ήν

1107 873 1140 900 ἂν
1154 873 1333 908 βουλεύσησθε
1351 874 1456 910 βουλὴν,
1471 875 1641 901 διασκεδάσει
1659 874 1761 910 Κύριος
1771 883 1777 889 ·
1792 875 1838 901 καὶ
1853 873 1900 900 λό-

1105 927 1152 952 γον
1167 919 1197 945 ὃν
1208 919 1255 946 ἐὰν
1270 920 1416 955 λαλήσητε,
1430 920 1460 946 οὑ
1476 921 1513 955 μὴ
1528 920 1643 956 ἐμμείνῃ
1656 920 1685 946 ὲν
1696 921 1770 955 ὑμῖν,
1786 919 1825 946 ὅτι
1840 917 1900 954 μεθ’

1106 965 1183 1000 ήμῶν
1200 966 1214 991 6
1235 965 1312 997 Θεὸς.
1329 975 1337 991 i
1360 966 1426 993 Τίνα
1449 965 1478 992 δὲ
1499 965 1606 1000 γνῶτε;
1624 964 1709 992 Αὑτὸν
1728 965 1773 992 τὸν
1792 965 1899 999 Ἐμμα-

1105 1011 1200 1047 νουήλ·
1217 1011 1230 1037 6
1246 1011 1300 1047 γὰρ
1326 1011 1358 1038 ἐκ
1381 1011 1531 1047 περιτομῆς
1558 1011 1621 1043 λαὸς
1633 1011 1695 1038 οὔτε
1714 1011 1784 1045 ἔγνω
1807 1010 1899 1041 αὑτὸν,

1105 1057 1166 1084 οὔτε
1191 1057 1317 1092 συνῆκεν.
1334 1057 1396 1084 οὔτε
1413 1057 1556 1084 πιστεῦσαι
1575 1057 1711 1093 ἠϐουλήθη
1738 1058 1771 1093 τῇ
1793 1066 1900 1093 προφη-

1105 1103 1179 1138 τείᾳ·
1191 1102 1248 1130 ἀλλ’
1266 1103 1327 1130 οὑδὲ
1343 1102 1445 1138 ἡττήθη
1460 1103 1519 1129 οὑδὲ
1535 1103 1657 1138 ὑπετάγη
1668 1103 1708 1138 τῷ
1722 1105 1900 1140 προστάγμα-

1105 1157 1140 1175 τι.
1161 1149 1254 1183 Ὑμεῖς
1270 1148 1298 1175 δὲ
1323 1149 1356 1175 τὰ
1367 1148 1442 1184 ἔθνη,
1455 1148 1554 1182 γνῶσιν
1565 1149 1712 1176 ἀναλάϐετε
1728 1149 1774 1176 τοῦ
1791 1158 1898 1186 προφη-

1105 1195 1261 1231 τευομὲνου.
1278 1195 1324 1221 καὶ
1351 1194 1473 1226 συνέντες
1489 1195 1570 1228 αὑτὰ,
1586 1195 1624 1231 μὴ
1643 1195 1758 1230 τολμᾶτε
1773 1196 1897 1223 ἀνθίστα-

1107 1241 1167 1268 σθαι
1177 1250 1183 1256 ·
1198 1240 1308 1268 νικᾶςθε
1324 1240 1352 1267 δὲ
1371 1240 1529 1276 ἡττώμενοι.
1549 1241 1732 1268 Ἐπακούσατε
1746 1242 1774 1268 δὲ
1787 1242 1835 1268 καὶ
1850 1241 1899 1268 τοῦ

1107 1287 1317 1323 προστάγματος
1341 1288 1420 1322 ὑμεῖς
1449 1287 1547 1319 πάντες
1560 1288 1584 1314 οἱ
1603 1287 1698 1323 μέχρις
1720 1288 1833 1324 ἐσχάτου
1847 1287 1899 1322 τῆς

1106 1333 1158 1368 γῆς
1183 1333 1338 1364 οἰκοῦντες·
1359 1333 1386 1359 οἵ
1400 1341 1429 1358 τε
1447 1334 1475 1359 ὲν
1498 1333 1562 1368 ὑμῖν
1581 1333 1686 1368 ἰσχυροὶ
1710 1335 1757 1360 καὶ
1779 1334 1896 1364 δυνατοὶ,

1107 1382 1296 1416 παραχωρεῖτε
1307 1380 1346 1416 τῷ
1359 1381 1439 1417 λόγῳ,
1456 1381 1600 1416 νικώμενοι
1615 1382 1662 1409 καὶ
1672 1382 1832 1418 ἡττώμενοι,
1851 1384 1899 1409 καὶ

1106 1425 1185 1453 τοῦτο
1200 1426 1316 1461 πράξετε
1330 1426 1487 1462 προθύμως,
1505 1427 1614 1460 εἰδότες,
1630 1428 1681 1459 ὅτι,
1699 1429 1749 1455 κᾶν
1765 1428 1801 1464 μὴ
1817 1428 1897 1464 θέλη-

1106 1479 1148 1503 τε,
1160 1472 1274 1504 ἄκοντες
1297 1472 1490 1508 ἡττηθήσεσθε.
1506 1474 1537 1500 El
1552 1472 1580 1500 δὲ
1596 1473 1785 1509 ἀνθιστάμενοι
1800 1476 1833 1510 τῇ
1849 1474 1897 1501 τοῦ

1107 1515 1173 1542 Θεοῦ
1187 1516 1321 1552 βουλήσει,
1337 1518 1462 1552 μηχανάς
1476 1527 1561 1550 τινας,
1580 1519 1626 1545 καὶ
1639 1519 1784 1551 ἐπιϐουλὰς
1799 1519 1896 1555 τυρεύε

1108 1570 1151 1589 ετε
1172 1564 1243 1589 κατά
1257 1563 1304 1589 τοῦ
1322 1563 1467 1595 καλοῦντος
1486 1564 1558 1598 ὑμᾶς
1579 1564 1668 1598 λόγου,
1688 1565 1897 1600 ματαιοπονοῦν-

1082 1609 1088 1617 ⁴
1105 1617 1151 1640 τες
1171 1609 1372 1645 ἐλεγχθήσεσθε.
1396 1610 1488 1637 Ταῦτα
1504 1611 1532 1637 δέ
1548 1619 1646 1646 φαμεν,
1664 1612 1725 1638 ἐπεὶ
1742 1611 1801 1647 μεθ’
1817 1612 1896 1647 ήμῶν

1071 2267 1090 2292 ll

1105 1655 1178 1680 ἐστιν
1199 1656 1213 1681 6
1235 1655 1408 1691 Ἐμμανουήλ

1143 1709 1152 1725 ι
1165 1699 1243 1726 (Ιῦτω
1254 1700 1328 1734 λέγει
1341 1700 1443 1736 Κύριος
1455 1702 1486 1737 τῇ
1499 1702 1596 1738 ισχυρᾷ
1610 1702 1692 1738 χειρὶ,
1708 1702 1850 1730 ἀπειθοῦσι
1861 1703 1895 1739 τῇ

1105 1746 1203 1782 πορείᾳ
1220 1747 1269 1781 τῆς
1283 1746 1344 1773 ὁδοῦ
1366 1746 1413 1773 τοῦ
1430 1747 1493 1773 λαοῦ
1518 1747 1613 1774 τούτου
1637 1757 1646 1773 ›
1666 1747 1831 1775 Μεταϐαίνει
1849 1747 1896 1776 οὖν

1104 1792 1150 1818 ἐπὶ
1163 1792 1208 1818 τὸν
1220 1792 1274 1818 τῶν
1293 1792 1426 1819 Ἰουδαίων
1448 1791 1521 1825 λαὸν,
1541 1793 1658 1828 ἐλέγχων
1674 1793 1753 1820 αὑτὸν
1765 1794 1803 1826 ὡς
1817 1795 1896 1820 ἀπει-

1105 1837 1202 1864 θοῦντα
1218 1839 1249 1873 τῇ
1268 1838 1365 1874 ἰσχυρᾷ
1378 1838 1449 1874 χειρί
1460 1847 1467 1853 ·
1490 1837 1649 1874 καλούμενοι
1667 1840 1721 1875 γὰρ
1738 1840 1784 1866 ὑπ’
1799 1840 1893 1875 αὐτῆς,

1104 1883 1162 1910 δέον
1173 1884 1328 1915 ὑπακούειν,
1342 1885 1365 1911 οἱ
1382 1884 1411 1911 δὲ
1424 1884 1551 1919 ἠπείθουν
1568 1885 1615 1911 καὶ
1627 1885 1779 1920 ἀντέλεγον.
1798 1886 1843 1921 Μὴ
1859 1886 1895 1912 εἵ-

1104 1937 1184 1965 πητε,
1199 1929 1276 1965 φησὶ,
1300 1929 1416 1965 σκληρὸν
1440 1928 1509 1956 εἶναι
1535 1930 1580 1956 τὸν
1595 1929 1683 1964 λόγον,
1708 1930 1754 1957 τὸν
1769 1930 1831 1965 περὶ
1846 1929 1893 1956 τοῦ

1105 1975 1255 2010 ἀποστῆναι
1270 1975 1325 2002 δεῖν
1345 1975 1395 2010 τῆς
1409 1976 1520 2011 πορείας
1535 1975 1581 2002 τοῦ
1601 1976 1665 2002 λαοῦ
1680 1976 1774 2003 τούτου
1784 1985 1791 1992 ⁶
1806 1977 1820 2002 6
1839 1976 1894 2012 γὰρ

1104 2016 1167 2052 λαὸς
1183 2018 1259 2053 οὗτος
1274 2021 1390 2057 σκληρὸν
1402 2022 1482 2048 αὑτὸν
1502 2021 1605 2056 νομίζει
1618 2030 1624 2036 ·
1642 2022 1719 2057 ὑμεῖς
1733 2021 1770 2053 δὲ,
1788 2022 1811 2048 οἱ
1826 2022 1896 2048 ἀπο-

1105 2067 1216 2098 στάντες
1230 2067 1278 2102 τῆς
1294 2067 1407 2103 πορείας
1420 2067 1466 2094 τοῦ
1478 2066 1542 2093 λαοῦ
1554 2066 1660 2099 τούτου,
1676 2067 1712 2102 μὴ
1728 2067 1825 2103 λέγητε
1837 2067 1895 2094 τοῦ-

1103 2120 1149 2138 τον
1165 2110 1234 2139 εἶναι
1250 2112 1366 2148 σκληρόν
1376 2121 1383 2127 ·
1400 2113 1423 2139 εἰ
1439 2113 1466 2139 δὲ
1479 2112 1678 2139 ἐπιϐουλεύοιεν
1692 2113 1756 2148 ὑμῖν
1771 2113 1809 2145 ὡς
1823 2114 1892 2139 ἀπο-

1105 2159 1209 2190 στᾶσιν,
1225 2159 1248 2185 οἱ
1265 2158 1312 2185 τοῦ
1326 2158 1389 2185 λαοῦ
1404 2158 1483 2184 αὑτοῦ
1494 2158 1614 2190 ἄπιστοι,
1629 2158 1685 2185 ἀλλ’
1695 2159 1772 2194 ὑμεῖς
1784 2159 1829 2185 τὸν
1847 2159 1894 2193 φά.

1104 2203 1150 2230 ϐον
1162 2203 1250 2230 αὑτῶν
1267 2203 1304 2239 μὴ
1320 2203 1466 2238 φοϐηθῆτε,
1476 2203 1542 2239 μηδὲ
1559 2203 1728 2239 ταράσσεσθε
1744 2203 1788 2230 ὑπ’
1805 2203 1894 2230 αὐτῶν

1104 2250 1286 2285 ἐλαυνόμενοι,
1300 2250 1378 2285 μόνον
1392 2249 1420 2275 δὲ
1433 2250 1478 2276 τὸν
1490 2249 1591 2285 Κύριον
1602 2249 1656 2276 τῶν
1669 2249 1807 2285 δυνάμεων
1817 2249 1895 2284 ἁγιά-

1105 2294 1196 2326 ζοντες
1207 2295 1391 2331 ὲπιγράφεσθε
1406 2296 1510 2326 ἑαυτοῖς
1521 2295 1602 2330 φόϐον
1611 2303 1619 2311 ·
1638 2305 1647 2320 ι
1658 2295 1728 2330 ἀρχὴ
1741 2304 1750 2320 ι
1767 2294 1820 2330 γὰρ
1833 2304 1842 2319 ι
1852 2302 1894 2320 σον

1106 2340 1170 2374 φίας
1184 2339 1265 2374 φόϐος
1280 2340 1399 2375 Κυρίου·
1414 2349 1422 2364 ι
1451 2340 1498 2366 καὶ
1514 2339 1557 2367 διὰ
1584 2339 1677 2366 τούτου
1695 2340 1749 2372 πᾶς
1770 2340 1784 2366 6
1801 2339 1831 2371 ἐξ
1845 2340 1893 2365 ἁν-

1106 2385 1222 2421 ορώπων
1238 2385 1417 2413 ἀπελαύνεται
1436 2385 1526 2420 φόϐος.

1145 2485 1154 2502 ι
1165 2477 1266 2512 Κύριον
1281 2477 1362 2504 αὑτὸν
1378 2477 1519 2511 ἁγιάσατε,
1533 2476 1579 2503 καὶ
1596 2476 1676 2507 αὐτὸς
1693 2475 1768 2502 ἔσται
1785 2484 1830 2501 σου
1846 2475 1894 2509 φό-

1107 2523 1154 2555 ϐος
1165 2531 1171 2538 ·
1187 2523 1234 2550 καὶ
1245 2523 1293 2549 ἐὰν
1309 2523 1352 2550 ἐπ’
1367 2522 1440 2558 αὑτῷ
1457 2521 1593 2554 πεποιθὼς
1605 2520 1647 2558 ᾗς,
1668 2522 1743 2548 ἔσται
1757 2530 1797 2547 σοι
1811 2522 1850 2552 είς
1863 2522 1894 2547 ἁ-

1107 2569 1220 2604 γίασμα.
1238 2578 1248 2595 t
1277 2569 1339 2596 Ἐὰν
1355 2566 1400 2595 οὖν
1417 2569 1460 2595 ἐπ’
1483 2568 1568 2603 αὐτῷ,
1594 2569 1669 2604 φησὶ,
1690 2567 1826 2599 πεποιθὼς
1847 2565 1892 2604 ᾗς,

1103 2616 1184 2646 αὐτὸς
1203 2615 1280 2642 ἔσται
1301 2623 1341 2641 σοι
1362 2616 1402 2646 εἰς
1413 2615 1538 2649 άγίασμα
1552 2615 1589 2646 ὡς
1604 2615 1704 2650 μηκέτι
1728 2613 1831 2640 δεῖσθαι
1843 2613 1893 2640 cf:

1103 2661 1259 2696 σωματικοῦ
1289 2661 1467 2696 άγιάσματος.
1491 2661 1626 2696 Ἃγίασμα
1645 2661 1673 2688 δὲ
1691 2660 1813 2687 ἐκαλεῖτο
1826 2659 1892 2694 παρ’

1107 2707 1243 2742 Ἑϐραίοις
1263 2707 1276 2733 6
1294 2706 1377 2732 πάλαι
1396 2705 1532 2739 συνεστὼς
1556 2707 1619 2742 παρ’
1633 2707 1724 2737 αὐτοῖς
1750 2705 1827 2736 νεὼς,
1845 2705 1893 2731 καὶ

1100 2753 1195 2779 τούτου
1210 2752 1243 2779 τὰ
1254 2752 1396 2779 ἐνδοτάτω.
1420 2753 1516 2780 Ἔσται
1536 2762 1578 2780 σοι
1594 2753 1684 2779 τοίνυν
1695 2752 1734 2788 τῷ
1748 2751 1893 2785 ἐλαυνομέ-

1100 2808 1137 2826 νω
1149 2799 1194 2825 ὑπ’
1209 2798 1329 2832 ἐκείνων,
1348 2799 1487 2827 πεποιθότι
1509 2800 1537 2827 δὲ
1560 2799 1606 2826 ἐπὶ
1620 2798 1731 2834 Κύριον,
1758 2797 1890 2832 ἁγίασμα,
