2059 3215
151 220 205 247 “5

592 217 844 252 Cbnntauraam
864 223 897 251 IN
913 223 1041 252 lSAlAM.
1061 242 1082 246 _
1112 225 1187 253 car.
1207 225 1272 254 vni.
1735 237 1782 264 ηε.

150 264 226 312 οὺίὸ
242 279 396 313 σωματικος
415 280 492 313 νεὼς,
506 281 562 307 ἀλλ’
580 282 660 314 αὐτὸς
677 282 691 308 ὁ
703 281 808 316 Κύριος
826 282 930 316 ἁγιάζω

998 281 1144 317 templum;
1172 291 1265 311 verum
1291 285 1348 319 ipse
1372 285 1510 321 Dominus,
1534 291 1579 324 qui
1605 295 1630 318 te
1658 301 1790 324 sanciunt.

152 332 194 354 σε,
209 323 256 351 ἐὰν
271 325 408 358 πεποιθὼς
426 325 459 362 ᾖς
472 327 515 353 ἐπ’
530 327 620 354 αὐτόν.
642 327 688 354 Διὸ
711 327 794 363 μηδὲν
811 327 944 362 φοϐούμε-

149 378 196 400 νος
209 370 255 396 τὸν
269 370 331 396 ναὸν
343 371 446 403 τοῦτον,
462 372 596 408 ἀναχώρει
609 373 692 400 αὑτοῦ
703 382 709 388 ·
729 372 838 399 πίστευε
854 373 882 399 δὲ
897 372 943 402 κάι

150 415 245 451 θάρσει
262 415 301 452 τῷ
317 416 355 452 σῷ
367 417 441 452 φόϐῳ
451 425 457 432 ·
479 417 549 451 ἕξεις
559 418 613 453 γὰρ
623 418 703 445 αὐτὸν
718 418 850 454 ἁγίασμα.
868 427 876 443 t
887 419 942 445 Καὶ

150 464 199 498 οὐχ
213 463 250 495 ὡς
269 463 342 490 λίθου
357 466 550 501 προσκόμματι
569 465 766 502 συναντήσεσθε
783 465 867 501 αὐτῷ,
882 465 941 491 οὐδὲ

149 510 188 542 ὡς
202 510 304 545 πέτρας
317 510 470 546 πτώματος.
486 522 494 537 ι
516 513 595 548 Ὁρᾷς
609 513 681 544 ὅπως
691 512 772 540 αὑτὸν
781 512 826 538 τὸν
840 511 941 548 Κύριον

149 555 222 582 λίθον
236 557 448 592 προσκόμματος
464 559 508 584 καὶ
523 559 624 594 πέτραν
639 559 787 586 σκανδάλου
799 559 938 595 όνομάζει;

149 602 196 628 καὶ
212 601 331 629 τοιοῦτον
348 603 398 638 μὲν
412 603 519 631 ἔσεσθαι
536 605 616 632 αὐτόν
634 614 699 640 φησι
709 607 764 638 τοῖς
776 606 940 641 καθημένοις

148 648 177 673 ἐν
199 647 387 684 Ἰερουσαλὴμ,
407 649 453 675 καὶ
482 652 538 682 τοῖς
548 650 623 677 δυσὶν
642 652 726 683 οἴκοις
742 652 848 688 Ἰσραήλ
859 662 865 668 ·
883 655 939 685 τοῖς

147 693 176 718 δὲ
193 693 232 724 είς
245 693 324 720 αὐτὸν
338 696 546 722 πεπιστευκόσιν
558 697 680 732 ἀγίασμα
694 698 937 726 ἕσεσθαιδιδάσκει.

148 738 210 770 Πῶς
222 737 267 765 οὖν
278 739 387 773 ἐγένετο
398 740 470 773 λίθος
482 742 691 778 προσκόμματος
703 744 750 769 καὶ
761 743 849 779 πέτρα
862 753 938 771 nato

147 784 227 811 δαλου
240 786 296 817 τοῖς
310 786 464 821 εἰρημένοις
486 787 656 824 Ἐμμανουήλ
669 797 676 821 ;
691 788 735 815 διὰ
751 789 799 824 τῆς
816 790 847 816 ὲκ
865 790 938 825 Παρ-

148 829 225 856 θένου
241 831 374 866 κυήσεως.
392 832 470 859 Ὅθεν
492 834 539 860 καὶ
553 835 567 860 ό
584 834 654 866 θεῖος
671 835 832 867 Ἀπόστολος
852 836 938 863 ταῦτα,

147 875 279 903 ζιδάσκων
291 877 393 912 ἔλεγεν,
412 888 421 903 t
433 879 568 912 Ἰουδαίοις
585 881 633 916 μὲν
648 881 805 913 σκάνδαλον,
825 882 936 917 Ἕλλησι

147 920 175 946 δὲ
189 922 288 956 μωρία,
306 933 314 948 ι
345 924 376 950 Οί
391 923 480 950 τοίνυν
503 925 679 958 ἀπειθοῦντες
694 928 726 962 τῇ
744 929 841 963 ἰσχυρᾷ
864 929 936 963 χειρὶ

147 968 249 1003 Κυρίου
262 968 340 1004 ἔσχον
356 970 437 996 αὑτὸν
456 970 529 998 λίθον
546 973 758 1008 προσκόμματος
773 974 820 1000 καὶ
834 974 936 1010 πέτραν

147 1013 286 1047 πτώσεως,
305 1016 341 1053 μὴ
359 1017 423 1044 ὄντα
439 1019 471 1053 τῇ
497 1017 576 1052 φύσει
593 1019 711 1046 τοιοῦτον
723 1028 729 1035 ·
746 1021 802 1052 τοῖς
815 1021 869 1056 γὰρ
892 1030 936 1048 πι-

149 1059 288 1088 στεύουσιν
303 1063 341 1094 εἰς
356 1063 436 1089 αὐτὸν
448 1064 572 1099 ἀγίασμα
588 1066 727 1100 τυγχάνει.
750 1067 829 1098 Τίνες
841 1067 886 1100 δέ;
904 1069 934 1094 Ol

149 1102 228 1137 οἶκοι,
249 1103 333 1139 εἶπεν,
353 1107 459 1140 Ἰακὼϐ,
473 1109 521 1135 καὶ
535 1109 595 1146 οὐχὶ
610 1110 624 1136 ό
638 1108 720 1142 οἶκος.
738 1110 789 1137 Δύο
798 1112 851 1148 γὰρ
866 1110 934 1148 ἦσαν

149 1148 218 1178 οἶκοι
236 1152 352 1188 Ἰσραὴλ,
374 1151 414 1185 εἷς
430 1154 478 1189 μὲν
493 1155 507 1181 ό
526 1155 580 1181 τῶν
595 1156 623 1181 ἐν
636 1157 727 1188 αὐτοῖς
743 1157 890 1193 ἀρχόντων,
907 1159 935 1184 E-

147 1198 262 1231 τεροςδὲ
284 1199 299 1225 ό
316 1199 370 1226 τῶν
387 1201 555 1236 ἀρχομένων.
569 1202 679 1234 Τούτοις
695 1201 723 1229 δὲ
735 1205 792 1236 τοῖς
808 1204 882 1231 δυσὶν
897 1205 934 1231 οῖ’-

146 1252 212 1275 κοις,
225 1244 323 1281 δηλαδὴ
335 1245 440 1282 ἁθρόως
452 1247 490 1282 τῷ
501 1247 554 1283 ὅλῳ
568 1248 639 1275 ἔθνει
652 1249 764 1285 ἄρχουσί
781 1259 811 1276 τε
828 1251 874 1277 καὶ
889 1251 934 1288 ἀρ-

144 1290 277 1325 χομένοις,
301 1292 345 1318 τὸν
374 1293 474 1328 Κύριον
491 1295 530 1326 εὶς
553 1295 655 1330 παγίδα
672 1297 719 1323 καὶ
732 1297 772 1330 εις
788 1297 932 1325 σκάνδαλον

143 1335 186 1362 Eas
193 1336 251 1363 :Baf
263 1346 356 1373 φησιν.

179 1438 189 1454 ‹
202 1429 267 1456 Τότε
281 1432 391 1467 φανεροὶ
406 1432 512 1460 ἔσονται
525 1435 549 1460 οί
566 1436 775 1472 σφραγιζόμενοι
793 1438 839 1464 τὸν
851 1439 931 1474 νόμον

139 1474 189 1501 τοῦ
208 1476 244 1511 μὴ
261 1477 365 1511 μαθεῖν.
383 1488 391 1503 ι
408 1479 438 1505 Οἱ
450 1480 504 1515 γὰρ
522 1480 552 1506 τὸ
564 1481 728 1516 Εὐαγγέλιον
743 1484 931 1521 παραδεξάμε-

139 1527 191 1550 νοι,
205 1520 250 1546 καὶ
267 1521 315 1556 ζῇν
330 1522 513 1559 δεδιδαγμένοι
525 1526 594 1552 κατὰ
611 1527 659 1562 τὴν
672 1529 767 1563 καινὴν
783 1529 929 1567 Διαθήκην,

139 1564 236 1602 ὥσπερ
251 1568 384 1602 σφραγῖδα
396 1570 535 1603 ἐπιθέντες
545 1572 583 1607 τῷ
598 1573 682 1609 νόμῳ,
696 1564 868 1603 ἀποτίθενται
882 1564 931 1604 αὺ-

138 1610 196 1643 τὸν,
211 1611 258 1638 ατε
270 1613 360 1640 οὐκέτι
373 1614 438 1642 ὄντα
451 1616 583 1652 χρήσιμον
599 1617 642 1645 διὰ
654 1619 702 1655 τὴν
716 1621 762 1647 τοῦ
778 1623 929 1657 κρείττονος

136 1657 289 1692 παράθεσιν
299 1667 306 1674 ·
322 1661 346 1686 οἱ
361 1660 447 1693 αὐτοὶ,
462 1661 581 1697 δηλονότι
592 1665 615 1691 οἱ
629 1664 659 1691 τὸ
674 1666 836 1701 Εὐαγγέλιον
844 1677 932 1706 παρα-

134 1702 288 1738 δεξάμενοι,
304 1705 353 1741 τὴν
373 1706 418 1733 διὰ
442 1708 558 1743 Χριστοῦ
584 1712 776 1746 περιμένοντες
800 1702 891 1752 χάριν,
904 1718 930 1743 ἐ-

135 1747 227 1785 peior

177 1803 187 1818 ι
199 1795 280 1822 Μενῶ
292 1796 393 1833 Κύριον
403 1799 448 1826 τὸν
462 1800 670 1837 ἀποστρέψαντα
683 1805 713 1831 τὸ
724 1806 870 1841 πρόσωπον
885 1809 929 1835 αὺ-

132 1839 186 1865 τοῦ
208 1841 263 1867 ἀπὸ
283 1842 331 1869 τοῦ
345 1843 420 1871 οἴκου
441 1845 549 1880 Ἰακὼϐ,
564 1849 609 1875 καὶ
626 1850 761 1884 πεποιθὼς
775 1852 871 1889 ἔσομαι
885 1855 928 1882 ἐπ’

133 1884 224 1919 αὐτῷ.
239 1895 249 1911 ι

176 1939 185 1955 ι
199 1930 263 1957 Ἰδοὺ
281 1931 335 1966 ἐγὼ
349 1934 395 1960 καὶ
415 1935 450 1962 τὰ
465 1937 569 1969 παιδία,
585 1939 602 1966 a
619 1949 662 1975 μοι
677 1941 775 1970 ἔδωκεν
794 1945 808 1971 ὁ
827 1946 901 1978 Θεὸς.
915 1957 924 1973 ι

131 1975 177 2002 Τὰ
191 1976 239 2010 μὲν
254 1975 300 2004 οὖν
322 1979 452 2007 Ἰουδαϊκὰ
469 1982 561 2010 παιδία
579 1986 721 2020 σωματικὰ
733 1987 761 2020 ἐξ
774 1988 869 2025 ἀνδρὸς
880 1975 927 2019 ita).

131 2022 282 2054 γυναικός·
294 2023 328 2050 τὰ
341 2024 369 2050 δὲ
381 2026 450 2053 αὐτὰ
473 2027 520 2053 τοῦ
536 2028 620 2055 ταῦτα
641 2032 854 2066 χρηματίζοντος
871 2037 927 2062 Κυ-

132 2066 195 2100 ρίου
213 2077 221 2092 t
233 2068 284 2094 οὐκ
338 2070 453 2105 αἵματος
462 2073 522 2100 οὐδὲ
537 2075 568 2101 ἐκ
580 2074 730 2111 θελήματος
743 2080 851 2115 σαρκὸς,
869 2082 926 2108 ἀλλ’

128 2112 166 2138 ὲκ
180 2112 246 2139 Θεοῦ
263 2115 455 2152 ἐγεννήθησαν,
469 2128 478 2143 ι
494 2119 540 2146 τοῦ
555 2121 660 2158 Πατρὸς
676 2125 788 2152 τοιαῦτα
799 2127 872 2162 αὑτῷ
883 2128 924 2156 δε-

127 2157 205 2193 δωρη
210 2158 290 2193 μένου
304 2161 386 2188 τέκνα
395 2171 401 2177 ·
419 2164 516 2198 μηκέτι
526 2166 565 2202 τῷ
575 2166 617 2194 διὰ
632 2169 770 2203 Μωῡσέως
780 2157 925 2210 προσέχον-

128 2211 166 2229 τα
180 2203 264 2239 νόμῳ,
288 2205 345 2233 ἀλλ’
359 2208 446 2235 εἰδότα
462 2212 618 2247 περιμένειν
634 2215 679 2242 τὸν
695 2203 926 2253 ΚύριονΙκαὶῃείς

498 2242 504 2246 .
528 2242 533 2247 .
708 2242 730 2243 κν
759 2242 791 2245 -νν
811 2242 856 2246 ---·
884 2242 923 2253 --ν

103 2242 112 2253 ⁸
128 2249 214 2275 αὑτὸν
230 2252 396 2280 πεποιθέναι.
416 2265 425 2280 t
435 2256 490 2282 Καὶ
503 2257 577 2285 ἐσται
592 2261 631 2292 εἰς
647 2242 744 2297 σημεῖα
761 2265 807 2292 καὶ
823 2267 923 2302 τέρατα

127 2294 217 2322 πολλὰ
233 2298 262 2324 ὲν
273 2297 311 2332 τῷ
322 2299 389 2336 οἴκῳ
409 2301 516 2337 Ἰσραὴλ
533 2305 608 2340 παρὰ
630 2294 731 2344 Κυρίου
747 2294 870 2344 Σαϐαὼθ,
893 2313 922 2345 ὃς
941 2321 960 2348 ο

127 2343 256 2368 κατοικεῖ
270 2344 298 2370 ὲν
312 2345 350 2380 τῷ
362 2345 419 2381 ope:
434 2347 512 2375 Σιών.
527 2359 536 2375 ι
555 2351 590 2377 Ἦ
608 2353 654 2379 καὶ
672 2353 768 2387 ἄλλως,
788 2357 824 2383 Οὐ
842 2359 921 2393 μόνον

125 2386 167 2413 τὰ
183 2388 272 2415 παιδία
286 2390 379 2424 ταῦτα,
394 2394 469 2429 φησι,
485 2396 517 2422 ἐκ
529 2395 596 2423 Θεοῦ
612 2407 656 2433 μοι
673 2401 830 2436 παραδόξως
850 2403 921 2431 δέδο-

124 2441 188 2463 ται,
204 2433 272 2461 ἀλλὰ
283 2436 329 2462 καὶ
342 2438 408 2464 ἄλλα
424 2440 534 2468 πλεῖστα
550 2445 650 2478 σημεῖα
671 2433 719 2472 καί
730 2433 830 2482 τέρατα
841 2451 919 2486 γενή-

124 2487 208 2505 σεται
231 2481 260 2506 ὲν
281 2481 320 2516 τῷ
333 2483 400 2518 οἴκῳ
424 2485 530 2523 Ἰσραὴλ
552 2489 622 2516 κατὰ
637 2491 701 2523 τοὺς
715 2481 918 2531 προφητευομέ-

124 2533 192 2556 νους
204 2525 326 2560 χρόνους.
366 2531 369 2533 ‘

167 2578 178 2594 ε
192 2570 246 2596 Καὶ
264 2570 312 2597 ἐὰν
326 2573 422 2600 εῑπωσι
437 2576 502 2612 πρὸς
517 2579 599 2613 ὑμᾶς,
616 2581 759 2617 Φωνήσατε
786 2584 848 2616 τοὺς
863 2586 916 2612 ἀπὸ

122 2615 180 2650 τῆς
191 2616 244 2651 γῆς
258 2618 423 2652 φωνοῦντας,
446 2623 491 2649 καὶ
505 2625 567 2656 τοὺς
587 2615 821 2663 ἐγγαστριμύθους
844 2632 868 2658 οἳ
884 2633 915 2659 ἐκ

122 2661 178 2695 τῆς
193 2662 296 2695 κοιλίας
311 2665 439 2699 φωνοῦσι,
460 2668 509 2694 οὐκ
521 2669 595 2702 ἔθνος
609 2672 677 2707 πρὸς
695 2673 761 2701 Θεὸν
775 2676 858 2703 αὐτοῦ
869 2679 915 2705 ὲκ-

123 2706 275 2742 ζητήσουσι
290 2710 353 2745 περὶ
366 2710 421 2737 τῶν
437 2711 542 2744 ζώντων
556 2716 618 2749 τοὺς
627 2719 740 2754 νεκρούς
749 2729 756 2735 '
771 2721 852 2757 νόμον
861 2724 914 2760 γὰρ

142 2752 148 2760 ,
180 2751 192 2760 η
217 2752 242 2760 ,λ
320 2755 346 2760 __
443 2757 453 2760 ..

122 2752 167 2783 εὶς
179 2751 302 2787 βοήθειαν
319 2755 428 2788 ἔδωκεν,
442 2757 484 2784 ἵνα
505 2760 626 2794 εἴπωσιν,
641 2751 696 2799 Οὐδ(
711 2766 748 2797 ὡς
760 2751 836 2802 ῥῆμα
852 2751 914 2796 τοῦζ

122 2805 166 2826 το,
185 2799 248 2833 περὶ
263 2796 293 2826 οὗ
308 2801 357 2828 οὐκ
371 2801 427 2829 ἔστι
440 2803 514 2839 δῶρα
526 2805 613 2833 δοῦναι
632 2811 694 2845 περ).
708 2812 801 2840 αὐτοῦ.
815 2824 824 2840 ι
843 2815 912 2851 Προ-

182 2842 188 2850 .
236 2842 251 2851 τ
287 2847 293 2851 .
310 2846 318 2851 .
333 2847 338 2851 .
425 2849 428 2851 -

669 2842 673 2845 γ
868 2842 873 2851 ι

123 2842 212 2869 ειπὼν
221 2842 267 2871 οὖν
282 2847 296 2872 ὁ
310 2846 388 2881 λόγος
403 2849 435 2876 τὰ
449 2851 512 2886 περὶ
533 2851 586 2879 τῶν
600 2856 710 2884 παιδίων
726 2859 770 2886 τοῦ
785 2861 910 2898 Χριστοῦ,

127 2931 148 2946 ’³
173 2931 180 2958 Ι
197 2934 258 2961 Cor.
274 2936 337 2966 1,95
385 2938 407 2958 δι
425 2938 502 2967 Joan.
523 2949 541 2973 ι,
559 2942 600 2971 1⁵5.

997 327 1086 359 ellicit,
1120 328 1140 355 si
1168 333 1256 356 tamen
1279 330 1315 357 illi
1331 332 1462 360 conﬁdas.
1493 334 1555 362 ldeo
1578 335 1629 364 hoc
1655 340 1789 374 templum.

997 373 1064 400 nihil
1087 374 1292 409 pertimescens,
1313 377 1428 407 abscede
1444 381 1477 408 ab
1502 381 1547 409 illo
1565 392 1572 409 :
1595 385 1691 418 crede,
1710 373 1742 413 iet
1755 387 1782 414 in

996 419 1093 446 timore
1109 424 1154 447 tuo
1171 421 1276 449 conlide
1300 431 1307 449 :

996 464 1118 493 habebis.
1140 475 1150 492 ι
1168 466 1261 501 Neque
1275 468 1307 495 ad
1322 477 1384 496 eum
1400 471 1477 505 quasi
1494 473 1526 499 ad
1543 478 1646 508 petram
1662 477 1781 505 scandali

994 512 1144 545 accedeti<,
1173 523 1258 550 neque
1270 516 1346 550 quasi
1359 518 1393 544 ad
1417 524 1519 552 petram
1534 521 1627 548 ruinae.
1648 532 1657 547 ι
1676 521 1779 555 Videu‘,

994 561 1127 593 quomodo
1142 562 1228 596 ipsum
1246 562 1388 591 Duntintttn
1408 565 1522 599 lapidem
1548 569 1668 595 scandali
1691 575 1716 596 et
1732 578 1779 603 pe-

995 609 1063 632 tram
1078 607 1199 635 scaudali
1223 610 1378 643 nuncupet?
1400 611 1481 646 Atqui
1509 612 1586 640 ἱΙΙιιιιι
1607 615 1688 642 talem
1708 617 1780 643 l'utu—

995 659 1052 678 rum
1068 654 1229 687 pramuntiat
1246 655 1288 687 iis,
1306 656 1350 691 qui
1370 657 1395 684 in
1411 657 1571 694 Jerusalem,
1593 666 1621 688 et
1635 662 1660 688 in
1676 662 1780 690 duabtts

993 698 1100 726 Israelis
1119 699 1245 728 domibus
1273 702 1438 736 considunt;
1463 709 1491 732 at
1514 712 1610 734 contra
1630 708 1656 735 in
1678 716 1708 736 se
1723 717 1780 738 cre-

992 745 1118 772 dentibus
1135 747 1313 775 sanctiﬁcitnn
1340 748 1397 777 fore
1420 749 1507 779 docet.
1532 752 1673 786 Quomodo
1696 756 1779 790 igitur

992 790 1150 818 Emmanuel
1166 791 1209 819 ille
1225 794 1384 821 memoratis
1407 794 1564 824 hominibus
1581 798 1669 827 factus
1683 806 1724 828 est
1741 802 1779 828 la-

991 836 1031 870 pis
1043 837 1164 865 scandali
1178 843 1205 865 et
1217 845 1293 873 petra
1311 841 1430 868 scandali
1443 842 1454 868 7
1467 851 1514 877 per
1530 843 1647 879 Virginis
1660 854 1777 881 parttnn.

990 881 1080 915 Quare
1099 883 1206 912 divinus
1220 885 1365 920 Apostolus
1386 886 1443 914 haec
1461 889 1563 918 docens
1581 892 1681 925 aiebat,
1709 903 1717 919 ι
1733 893 1780 921 Ju—

991 929 1055 956 dzeis
1083 930 1194 965 quidem
1218 933 1388 967 scandalum,
1420 936 1548 969 gentibus
1571 944 1662 967 autem
1690 941 1779 968 stulti-

954 970 973 996 Β
991 975 1025 1001 tia
1045 975 1077 1002 ⁵⁵.
1095 986 1104 1001 ›
1126 976 1176 1010 Qui
1200 985 1264 1012 ergo
1281 979 1344 1007 forti
1370 983 1460 1009 manui
1483 984 1589 1012 Domini
1611 986 1777 1023 iunnorigeri

991 1020 1109 1055 fueram,
1128 1022 1202 1049 illum
1221 1024 1246 1050 in
1260 1024 1374 1060 lapidem
1391 1029 1512 1056 scandali
1527 1035 1554 1057 et
1571 1036 1674 1065 petram
1693 1020 1778 1062 ruinae

989 1067 1152 1100 habuerunt,
1180 1076 1241 1097 cum
1267 1076 1364 1102 natura
1388 1074 1450 1102 talis
1477 1076 1590 1104 minime
1605 1085 1696 1106 esset:
1714 1088 1776 1109 nam

989 1111 1014 1138 in
1040 1118 1070 1139 se
1093 1114 1268 1144 credentibus
1291 1118 1474 1146 sanctiﬁcium
1493 1126 1543 1149 est.
1566 1124 1682 1155 Quinam
1713 1132 1776 1153 vero

989 1157 1170 1191 iili?Domus,
1194 1161 1294 1196 inquit,
1320 1163 1371 1191 illa:
1385 1163 1484 1198 Iacob,
1512 1175 1566 1194 non
1593 1167 1690 1196 domus
1719 1170 1775 1198 illa.

990 1204 1051 1230 Ilua:
1067 1204 1168 1240 quippe
1184 1206 1280 1235 domus
1295 1208 1405 1237 lsraelis
1428 1217 1523 1245 eram;
1542 1213 1593 1240 alia
1611 1215 1776 1251 principum.

987 1249 1156 1278 subditorum
1172 1251 1235 1279 alia.
1262 1253 1370 1282 Duabus
1392 1263 1474 1290 porro
1493 1258 1567 1286 hisce
1589 1249 1726 1294 domibus,
1749 1262 1779 1290 id

987 1300 1039 1327 cst,
1055 1295 1189 1324 universae
1207 1299 1288 1326 simul
1301 1302 1385 1335 genti,
1406 1307 1458 1328 tam
1480 1304 1666 1339 principibus,
1692 1315 1781 1342 quam

986 1341 1113 1374 subditis,
1128 1342 1271 1372 Dominum
1285 1346 1310 1373 in
1324 1346 1450 1381 laqueum
1466 1355 1491 1376 et
1505 1350 1530 1376 in
1545 1353 1704 1379 scandalum
1717 1353 1774 1381 fon:

986 1386 1132 1420 signiﬁcat.

1022 1442 1103 1472 Vsus.
1124 1445 1167 1474 l6.
1191 1456 1200 1472 ι
1213 1447 1288 1476 Tunc
1307 1450 1442 1478 manifesti
1462 1458 1542 1478 erant
1567 1454 1612 1488 qui
1629 1455 1774 1490 obsignant.

985 1487 1084 1522 legem,
1099 1497 1133 1516 ne
1152 1491 1290 1519 discant.)
1319 1493 1386 1521 Nam
1408 1497 1452 1530 qui
1476 1487 1655 1532 Evangelium
1681 1487 1774 1528 s-ttscc‘

985 1538 1092 1568 perunt,
1108 1540 1134 1563 et
1147 1536 1192 1570 qui
1216 1539 1365 1567 secundum
1385 1539 1489 1569 Novum
1507 1542 1711 1572 Testamentum
1732 1547 1772 1572 \i-

985 1586 1048 1606 vere
1065 1580 1236 1615 didicerunt,
1260 1585 1337 1618 quasi
1366 1587 1484 1621 sigillum
1509 1589 1680 1624 impatientes
1707 1592 1770 1626 legi,

986 1625 1072 1658 ipsam
1093 1627 1243 1662 deportant,
1255 1631 1318 1665 quia
1338 1632 1374 1659 ob
1390 1633 1530 1663 meliorem
1548 1636 1694 1669 invectam,
1716 1646 1783 1666 non.

983 1671 1099 1705 amplius
1127 1674 1202 1701 utilis
1221 1680 1264 1702 est
1290 1686 1296 1703 :
1317 1677 1397 1704 iidem
1423 1680 1485 1714 ipsi,
1511 1681 1636 1710 videlicet
1667 1684 1697 1715 ii.
1724 1685 1770 1719 qui

984 1715 1158 1750 Evangelium
1187 1726 1385 1756 susceperunt.
1411 1726 1526 1760 gratiam
1551 1735 1600 1760 per
1629 1715 1768 1757 Christum

981 1761 1121 1790 ferendam
1136 1771 1325 1800 exspectantes
1339 1769 1446 1798 dicent:

1019 1807 1100 1837 Vens.
1122 1810 1166 1838 l7.
1199 1821 1208 1838 ι
1222 1811 1394 1848 Exspectabo
1409 1817 1572 1851 Dominum,
1595 1822 1642 1855 qui
1670 1824 1779 1852 avertit,

981 1853 1078 1882 fariem
1095 1863 1172 1884 suam
1191 1866 1205 1885 a
1219 1859 1299 1887 dmno
1311 1861 1407 1896 Jacob,
1423 1868 1452 1891 et
1465 1853 1638 1894 conﬁdam‘in
1652 1875 1695 1895 eo.
1709 1879 1719 1894 ι

1016 1946 1095 1975 Vens.
1119 1949 1163 1977 l8.
1187 1959 1196 1976 ι
1210 1949 1281 1980 Ecce
1307 1961 1357 1987 ego
1369 1959 1396 1981 et
1418 1955 1492 1989 pueri
1517 1957 1581 1991 mei,
1601 1966 1672 1993 quos
1693 1960 1775 1988 dedit

979 1994 1043 2021 mihi
1069 1995 1151 2023 Deus.
1167 2005 1176 2022 ι
1202 1996 1306 2026 Iudaici
1324 2000 1433 2034 quidem
1452 2002 1529 2036 pueri
1546 2005 1671 2038 corporei
1689 2011 1763 2039 sunt,

977 2047 1010 2066 ex
1027 2040 1084 2067 viro
1096 2047 1123 2068 et
1135 2042 1249 2070 muliere
1261 2052 1268 2076 ;
1281 2046 1357 2078 pueri
1377 2054 1441 2074 vero
1455 2048 1560 2076 Domini
1572 2050 1617 2084 qui
1630 2051 1688 2079 liam
1701 2060 1764 2079 ora-

977 2086 1036 2113 enla
1051 2087 1149 2120 lnndit,
1165 2098 1174 2114 ι
1187 2097 1240 2116 non
1261 2098 1294 2118 ex
1313 2094 1502 2128 sanguinibus,
1519 2103 1608 2130 neque
1622 2106 1655 2127 ex
1669 2100 1763 2126 volun-

977 2136 1032 2158 tate
1046 2134 1147 2168 carnis,
1168 2135 1216 2162 sed
1239 2144 1272 2163 ex
1296 2137 1350 2165 Deo
1375 2140 1430 2166 nati
1451 2145 1514 2168 sunt
1530 2142 1553 2157 ”
1568 2150 1575 2168 :
1591 2151 1600 2168 ι
1618 2142 1698 2171 Patre
1713 2145 1763 2179 ipsi

977 2178 1044 2206 tales
1060 2181 1141 2208 dante
1154 2181 1234 2215 ﬁlios,
1248 2183 1294 2218 qui
1307 2191 1360 2212 non
1376 2186 1447 2213 ultra
1469 2188 1567 2222 Moysis
1592 2190 1644 2224 legi
1671 2178 1763 2218 atten-

975 2224 1051 2258 dant,
1077 2226 1125 2253 sed
1150 2227 1240 2255 sciant
1261 2235 1423 2264 exspectare
1445 2231 1589 2261 Dominum
1610 2240 1638 2263 et
1654 2236 1680 2263 in
1703 2239 1763 2271 ipso

975 2271 1124 2300 conﬁdere.
1157 2282 1166 2298 ι
1180 2273 1213 2300 Ει
1231 2279 1312 2302 erunt
1334 2275 1360 2302 in
1379 2277 1454 2312 signa
1480 2283 1508 2306 et
1532 2281 1652 2316 prodigia
1678 2283 1761 2310 multa

977 2316 1002 2343 in
1018 2317 1099 2344 domo
1112 2317 1196 2345 Israel
1220 2327 1235 2346 a
1260 2321 1377 2349 Domino.
1395 2323 1525 2357 Sabaoth,
1549 2327 1595 2360 qui
1610 2327 1712 2355 habitat
1734 2330 1760 2356 in

974 2367 1066 2389 monte
1081 2360 1156 2391 Sion.
1173 2375 1181 2388 ι
1205 2365 1269 2392 Sive
1283 2366 1338 2396 alio
1349 2369 1439 2401 modo,
1453 2378 1505 2397 non
1522 2371 1548 2398 hi
1564 2377 1666 2400 tantum
1683 2377 1760 2409 pueri

973 2416 987 2434 a
1004 2408 1058 2435 Deo
1076 2409 1141 2437 tnilti
1163 2411 1327 2440 mirabiliter
1347 2414 1401 2442 dati
1424 2422 1503 2450 sunt;
1529 2419 1576 2445 sed
1600 2408 1688 2446 etiam
1705 2420 1760 2448 alia

972 2456 1086 2488 plurima
1099 2457 1176 2492 signa
1193 2464 1220 2486 et.
1236 2461 1361 2497 prodigia
1383 2464 1446 2491 lient
1466 2466 1491 2491 in
1511 2466 1685 2495 domolsracl
1704 2476 1761 2502 quo

975 2506 1096 2537 tempore
1111 2503 1136 2532 in
1152 2506 1295 2540 prophetia
1313 2509 1471 2536 eluit-tiatur

1006 2593 1088 2622 Vens.
1107 2596 1151 2629 l9,
1172 2597 1217 2625 ‘20.
1242 2607 1252 2623 ι
1267 2599 1299 2626 Ει
1315 2608 1375 2627 cum
1391 2601 1510 2629 dixerint
1525 2604 1558 2630 ad
1573 2611 1620 2631 vos
1636 2614 1642 2631 :
1659 2605 1757 2635 Vat-ate

970 2646 1027 2673 eos,
1041 2642 1087 2676 qui
1103 2649 1137 2669 ex
1160 2648 1232 2671 terra
1254 2647 1452 2681 vociferantur,
1479 2654 1505 2676 et
1526 2651 1756 2687 engastrimytbos

970 2686 1014 2718 qui
1038 2693 1071 2713 ex
1093 2692 1188 2716 ventre
1208 2689 1356 2724 loquuntur
1373 2701 1447 2721 :non
1473 2694 1589 2729 populus
1610 2697 1643 2724 ad
1670 2686 1754 2726 Deum

968 2739 1046 2758 suum
1065 2734 1210 2767 exquirent
1228 2736 1261 2763 de
1279 2737 1347 2764 vivis
1368 2746 1381 2764 a
1405 2740 1520 2767 mortuis
1534 2750 1541 2768 :
1555 2741 1639 2776 legem
1656 2745 1755 2780 quippe

969 2775 995 2802 in
1023 2776 1153 2804 auxilium
1174 2779 1259 2813 dedit,
1279 2786 1306 2808 ut
1328 2782 1436 2814 dicant,
1457 2783 1512 2812 Non
1536 2775 1607 2814 sicut
1627 2775 1678 2816 hoc
1694 2775 1755 2818 tie-r-

968 2821 1045 2854 bunt,
1076 2822 1110 2850 de
1138 2831 1191 2858 quo
1224 2834 1278 2854 non
1304 2827 1368 2854 licet
1390 2828 1459 2856 dona
1480 2831 1580 2860 dare.»
1606 2833 1756 2870 Postquam

967 2866 1048 2900 igitur
1069 2867 1101 2896 de
1126 2870 1216 2904 pueris
1233 2871 1334 2901 Christi
1352 2873 1456 2903 locutus
1480 2876 1584 2913 fuerat,
1608 2866 1704 2916 nempe
1719 2882 1764 2913 du,

1330 423 1417 458 ipsum
1440 426 1539 461 quippe
1559 427 1585 454 in
1602 431 1782 458 sanctiticium
1826 442 1830 447 η
