2059 3215
258 206 309 233 N7

594 204 729 232 EUSEBII
747 204 986 233 CASSARIENSIS
1005 205 1082 233 OPP.
1101 205 1190 233 PARS
1210 205 1254 232 lli.
1275 219 1310 224 —
1330 204 1536 233 EXISGETICA.

1841 207 1894 234 H8

259 264 387 302 apostolis
408 268 437 292 et
456 263 596 298 discipulis
625 263 693 299 ejus,
723 271 829 292 necnon
857 267 890 292 de
912 265 997 299 signis
1017 271 1044 291 ct

1108 265 1168 299 ,ἐγω
1178 265 1209 300 δὴ
1224 264 1279 291 τῶν
1295 264 1452 291 ἀποστόλων
1467 265 1514 291 καὶ
1530 264 1659 300 μαθητῶν
1676 265 1768 297 αὐτοῦ,
1786 266 1849 301 περί
1863 276 1893 293 τε

259 311 400 347 prodigiis,
418 317 478 344 qua:
498 317 545 343 per
559 316 607 336 ens
623 309 694 336 edita
719 314 793 339 sunt,
819 309 897 344 queis
923 310 1045 346 gentium

258 358 366 384 mentio
377 356 448 383 facta
465 360 523 387 cst;
542 356 598 383 haec
616 361 816 389 consequenter
828 357 907 384 docet
920 356 1046 390 populum

260 410 359 430 novum
369 407 395 429 et
413 407 548 429 recentem
567 410 598 429 ex
614 402 741 436 gentibus
756 410 769 429 a
789 402 898 430 Christo
914 403 1046 430 constitu-

259 453 417 483 tum,quem
428 449 463 475 ita
479 447 536 475 fere
548 448 711 482 alloquitur:
728 448 790 475 Ilaec
803 449 908 480 audite,
924 449 1046 484 discipuli

261 495 333 526 mei,
364 495 408 529 qui
445 501 461 521 ιι
489 493 630 529 gentilium
671 494 814 529 multiplici
856 495 1048 529 superstitione

263 541 386 568 translati
406 541 484 568 estis.
513 539 541 567 Si
563 540 609 574 qui
625 547 658 567 ex
673 540 706 567 iis
723 540 768 575 qui
785 540 861 567 vobis
874 540 936 567 olim
952 539 1008 567 noti
1021 545 1048 567 et

260 587 411 614 familiares
426 590 505 614 erant
517 606 524 619 ,
542 586 603 613 sive
616 591 718 620 patres,
733 586 791 613 sive
805 585 913 621 cognati
925 606 933 617 ,
953 593 1001 613 vos
1015 587 1048 612 all

260 633 404 667 pristinum
418 633 595 666 repetendum
609 639 731 658 errorem
751 631 874 664 invitent.
899 637 929 659 ut
946 632 980 659 ab
997 631 1050 659 illis

260 678 397 706 adhibitas
416 678 609 710 divinationes,
633 677 742 705 oracula
759 685 790 704 ac.
806 678 904 705 similia
921 679 946 705 in
964 679 1050 706 admi-

261 724 368 751 ratione
381 723 505 751 habeatis
516 743 524 755 ,
545 730 579 750 ne
598 730 691 751 eorum
706 723 819 751 consilio
832 723 1026 758 obtemperetis
1042 735 1048 752 :

261 778 296 797 ne
310 769 446 797 ntiremlni
463 770 602 796 damtonas
618 777 651 798 ex
667 775 764 797 ventre
782 769 920 796 hominum
936 769 1049 804 loquen-

263 822 313 847 tes,
329 823 398 851 quos
415 819 513 842 vocant
529 815 678 851 Pythonas,
692 823 780 851 neque
791 823 838 843 eos
846 816 934 851 quiex
949 816 1051 851 pratsti-

262 862 313 896 giis
339 861 500 896 quibusdam
523 862 556 889 de
579 866 650 889 terra
672 862 821 890 ascendere
846 868 989 898 putantur;
1005 863 1051 890 sed

251 909 349 936 solum
368 909 510 936 Dominum
526 913 644 935 vestrum
657 908 749 936 colite.
764 907 830 935 Nam
845 909 866 935 si
886 915 981 942 gentes
997 909 1052 935 sin-

263 953 343 988 gulae,
367 954 418 981 etsi
436 960 530 980 errore
543 953 640 985 ductae,
656 960 704 980 suo
719 958 812 980 tantcn
828 954 881 980 Deo
894 953 1050 984 adhaerent,
1069 949 1088 977 li

263 1001 329 1036 quid
348 1000 419 1028 aliud
436 1001 469 1028 iis
481 1001 623 1034 agendum.
649 1001 694 1035 qui
717 1008 808 1027 veram
823 1000 948 1028 notitiam
964 1008 1046 1027 acce-

264 1049 372 1080 perunt,
398 1052 479 1080 quatit
507 1050 536 1072 ul.
558 1045 641 1073 Deum
658 1054 735 1072 suum
762 1051 898 1080 quaram,
925 1053 1013 1080 neque
1038 1053 1053 1071 α

265 1092 391 1124 mortuis,
409 1092 463 1119 vita
479 1092 588 1128 penitus
602 1088 687 1124 orbis;
703 1093 837 1131 curiosius
854 1093 1005 1127 inquirant,
1027 1100 1054 1120 et

264 1139 438 1166 sciscitcntur
459 1138 494 1166 de
516 1139 600 1166 rebus
622 1139 655 1166 ad
678 1139 755 1165 vivos
777 1138 981 1172 spectantibus?
1007 1139 1052 1166 Dei

267 1185 360 1219 itaque
382 1185 495 1212 verbum
511 1189 539 1212 et
558 1185 643 1219 legem
659 1185 844 1219 evangelicum
868 1186 957 1212 datam
979 1187 1055 1212 vobis

264 1231 292 1257 in
308 1230 438 1258 auxilium
454 1231 538 1261 nat-ti.
557 1238 588 1258 ex
614 1231 669 1265 ipsa
692 1231 791 1257 discite
813 1238 981 1266 Quaecunque
998 1231 1054 1257 vul-

266 1277 312 1309 tis,
332 1281 361 1303 et
384 1276 454 1304 hanc
478 1276 620 1303 sectentini
638 1286 645 1302 :
662 1277 723 1310 quia
745 1277 804 1303 ﬁeri
829 1278 933 1312 nequit,
955 1283 984 1304 ut
1012 1277 1055 1304 ille

265 1322 344 1349 donis
355 1329 369 1349 a
384 1329 449 1350 vero
465 1323 646 1349 ditnoveatur.

1099 310 1153 337 τῶν
1166 309 1286 346 σημείων
1300 310 1347 337 καὶ
1358 310 1413 336 τῶν
1427 311 1548 346 τεράτων
1557 311 1610 338 τῶν
1622 311 1847 339 ἐπιτελεσθέντων
1860 314 1894 340 δι’

1101 356 1202 383 αὐτῶν·
1215 356 1249 384 δι’
1261 353 1298 385 ὧν
1311 356 1357 383 καὶ
1379 357 1395 391 ἡ
1413 357 1509 392 κλῆσις
1523 357 1668 391 γεγένηται
1686 359 1739 384 τῶν
1752 358 1846 390 ἐθνῶν,
1863 359 1893 385 ἀ-

1101 403 1236 433 κολούθως
1250 402 1297 429 τὸν
1311 402 1371 429 νέον
1387 402 1434 429 καὶ
1448 403 1540 430 καινὸν
1556 403 1627 432 λαὸν.
1642 404 1686 430 τὸν
1704 404 1734 439 ἐξ
1753 405 1837 438 ἐθνῶν
1850 406 1896 433 διὰ

1101 448 1218 485 Χριστοῦ
1236 449 1370 476 συστάντα
1391 449 1510 476 διδάσκει
1523 449 1557 476 τὰ
1577 451 1755 486 προκείμενα,
1772 451 1810 483 ὡς
1826 451 1896 487 πρὸς

1101 496 1200 527 αὐτοὺς
1215 494 1317 529 λέγων·
1338 494 1482 522 Ἀκούσατε
1499 495 1595 527 ταῦτα,
1612 497 1635 522 οἱ
1651 496 1712 531 ἐμοὶ
1727 497 1855 528 διδακτοὶ,
1869 498 1894 524 οἱ

1102 542 1150 577 τῆς
1164 541 1218 567 τῶν
1238 541 1322 567 ἐθνῶν
1339 541 1469 568 πολυθέου
1487 542 1590 577 πλάνης
1608 542 1804 577 μεταθέμενοι·
1818 543 1845 569 εῑ
1853 552 1895 570 τι-

1101 595 1146 619 νες
1162 587 1216 613 τῶν
1232 587 1315 616 πάλαι
1332 586 1478 622 γνωρίμων
1496 587 1559 622 ὑμῖν
1572 588 1618 614 καὶ
1634 587 1765 623 συνήθων,
1781 588 1798 623 ἢ
1811 589 1895 615 πατέ-

1103 642 1159 669 pag,
1178 632 1195 667 ἢ
1217 633 1368 666 συγγενεῖς,
1393 632 1576 669 παρακαλοῖεν
1591 634 1662 668 ὑμᾶς
1688 635 1826 662 ἐπανιέναι
1849 636 1896 662 ἐπὶ

1103 681 1151 716 τὴν
1169 680 1306 716 προτέραν
1327 680 1441 716 πλάνην,
1464 679 1613 715 θαυμάζειν
1627 689 1655 706 τε
1670 680 1719 712 τὰς
1732 681 1785 707 ἀπὸ
1802 681 1897 716 δαιμόσ

1104 736 1155 753 νων
1173 727 1238 762 παρ’
1260 727 1351 758 αὐτοῖς
1368 726 1580 761 ἐπιτελουμένας
1607 727 1736 762 μαντείας
1759 727 1806 753 καὶ
1829 736 1897 762 χρη-

1105 772 1200 807 σμοὺς,
1214 772 1260 799 καὶ
1277 772 1311 798 τὰ
1327 772 1453 799 τοιαῦτα·
1472 772 1509 807 μὴ
1526 773 1651 800 πείθεσθε
1665 775 1698 809 τῇ
1715 773 1816 800 τούτων
1828 783 1898 808 συμ-

1104 818 1187 854 ϐουλῇ
1199 826 1206 832 '
1224 817 1260 852 μὴ
1277 817 1432 852 θαυμάζετε
1454 818 1584 853 δαίμονας
1604 819 1658 845 ἀπὸ
1678 819 1780 850 κοιλίας
1793 819 1898 855 ἀνθρώ-

1105 873 1164 891 πων
1179 864 1345 898 φωνοῦντας,
1361 864 1424 895 τοὺς
1442 863 1656 899 ὀνομαζομένους
1670 864 1809 896 Πύθωνας,
1831 865 1897 900 μηδὲ

1105 911 1168 942 τοὺς
1178 911 1231 937 ἀπο
1244 910 1295 945 γῆς
1308 910 1379 937 κατά
1391 918 1465 941 τινας
1479 910 1609 945 γοητικὰς
1625 911 1720 946 τέχνας
1735 910 1838 937 ἀνιέναι
1855 919 1900 937 νοη

1105 958 1267 993 μιζομὲνονς
1280 966 1286 972 ·
1303 958 1348 983 τὺν
1363 957 1392 983 δὲ
1413 956 1504 984 αὐτῶν
1521 956 1622 992 Κύριον
1641 957 1720 992 μόνον
1741 957 1896 992 περιέπετε.

1103 1004 1134 1030 Εἰ
1147 1004 1200 1040 γὰρ
1213 1003 1327 1030 ἕκαστον
1341 1003 1426 1036 ἔθνος,
1441 1003 1530 1029 καίτοι
1548 1003 1773 1038 πεπλανημένως,
1786 1004 1860 1037 ὅμως
1871 1003 1895 1030 δ’

1103 1047 1149 1075 οὖν
1163 1049 1210 1075 τοῦ
1223 1049 1289 1075 ἰδίου
1305 1047 1371 1074 Θεοῦ
1385 1047 1542 1083 περιέχεται
1552 1056 1559 1064 δ
1575 1048 1637 1079 τοὺς
1649 1048 1697 1082 τὴν
1711 1048 1818 1083 ἀπλανῆ
1832 1047 1899 1082 γ’νῶη

1105 1106 1146 1124 σιν
1163 1097 1315 1132 εἰληφότας,
1333 1097 1361 1122 τί
1377 1096 1428 1132 χρὴ
1445 1097 1585 1132 πράττειν,
1601 1097 1617 1131 ἢ
1647 1096 1692 1122 τὸν
1714 1096 1818 1122 ἑαυτῶν
1832 1095 1899 1122 Θεὸν

1104 1143 1253 1179 ἐπιζητεῖν,
1272 1144 1317 1169 καὶ
1337 1142 1373 1178 μὴ
1389 1143 1453 1174 τοὺς
1468 1143 1580 1178 νεκροὺς
1591 1142 1836 1177 πολυπραγμονεῖν,
1851 1147 1899 1176 μη·

1106 1189 1134 1216 δὲ
1162 1189 1267 1225 ἐρωτᾷν
1294 1188 1358 1223 περὶ
1386 1188 1556 1224 πραγμάτων
1581 1187 1699 1220 ζώντων,
1723 1187 1786 1219 τοὺς
1809 1188 1899 1222 πάσης

1107 1235 1182 1268 ζωῆς
1195 1233 1409 1269 ἐστερημένους
1429 1234 1555 1268 Ἔχοντες
1567 1232 1613 1260 οὖν
1625 1234 1670 1260 τὸν
1683 1234 1730 1260 τοῦ
1744 1233 1810 1260 Θεοῦ
1821 1233 1899 1267 λόγον

1108 1281 1155 1308 καὶ
1171 1282 1252 1317 νόμον
1261 1281 1307 1307 τὸν
1320 1281 1505 1315 εὐαγγελικὺν,
1521 1281 1560 1312 εἰς
1575 1280 1697 1316 βοήθειαν
1714 1281 1777 1315 ὑμῖν
1793 1280 1900 1315 δεδομέ-

1108 1333 1162 1357 νον,
1180 1325 1210 1357 ὲξ
1219 1325 1300 1352 αὐτοῦ
1314 1325 1461 1360 μανθάνετε
1473 1326 1536 1360 περὶ
1549 1322 1586 1351 ὧν
1597 1326 1630 1352 Ξιν
1640 1325 1767 1357 ἐθέλοιτε,
1779 1326 1825 1352 καὶ
1839 1324 1900 1351 τοῦ-

264 1376 304 1403 τῳ
319 1371 460 1405 στοιχεῑτε,
476 1370 536 1396 ἐπεὶ
550 1369 588 1405 μὴ
608 1367 663 1397 οἶόν
675 1371 704 1397 τέ
717 1370 791 1397 ἐστιν
814 1371 892 1398 αὑτὸν
905 1371 1000 1408 δώροις
1016 1371 1143 1407 ἐκστῆναι
1155 1372 1203 1399 τοῦ
1221 1371 1346 1408 ἀληθοῦς.

303 1416 385 1445 Vens.
405 1416 450 1443 2i.
474 1426 483 1442 ι
499 1417 531 1443 ΕΙ.
553 1417 641 1444 veniet
656 1425 737 1452 super
756 1425 805 1444 vos
821 1418 880 1444 dira
905 1418 991 1446 fames
1005 1429 1011 1445 :
1027 1426 1055 1446 et

266 1463 320 1490 erit
338 1467 367 1490 ut
379 1463 526 1494 esurialis.
547 1463 684 1493 delebilis.
703 1468 731 1490 et
752 1464 921 1492 maledicetis
940 1465 1055 1500 principi

265 1513 293 1534 et
309 1508 404 1543 patriis
420 1507 522 1542 legibus
539 1516 546 1535 :
563 1513 590 1535 et
610 1509 753 1543 respicient
775 1509 802 1536 itt
822 1509 921 1537 cmlum
935 1516 1027 1544 supra.
1045 1519 1054 1535 ι

266 1553 334 1580 Cum
365 1560 430 1588 ergo
453 1553 513 1588 quis
525 1553 624 1580 divina:
644 1552 711 1588 legis
724 1558 909 1587 transgressor
924 1561 955 1580 ac
970 1555 1058 1582 deser-

269 1605 310 1626 tor
342 1598 455 1627 eﬂ'eetus
489 1599 558 1631 erit,
588 1599 614 1626 in
639 1599 830 1627 olfendiculutn
859 1600 991 1627 deductus
1024 1600 1058 1627 ab

269 1646 303 1674 iis
319 1646 364 1680 qui
377 1645 488 1674 oracula
504 1650 533 1673 el
544 1646 727 1673 dannoniaeas
739 1646 923 1674 divinationes
937 1652 1056 1682 praeten-

269 1693 346 1724 dunt,
359 1692 431 1719 hunc
446 1691 531 1718 fames
549 1691 750 1720 rationabiliutn
762 1692 884 1720 ciborum
901 1694 1056 1727 occupabit,

269 1745 374 1765 necnon
402 1745 531 1765 excessus
560 1738 659 1765 mentis
685 1742 713 1765 et
739 1737 881 1765 iracundia
900 1747 904 1763 :
923 1744 1004 1773 atque
1032 1739 1057 1765 in

270 1784 443 1820 blasphemas
465 1783 646 1819 cogitationes
680 1783 803 1814 incidet.
830 1783 995 1811 maledicens
1019 1784 1057 1810 illi

272 1830 336 1857 olim
357 1830 412 1864 regi
442 1837 512 1861 suo.
531 1837 612 1864 quem
640 1829 719 1855 deum
746 1836 824 1856 suum
848 1830 971 1856 vocabat.
1002 1839 1010 1854 ι
1027 1829 1058 1856 Et

270 1885 322 1904 non
343 1876 486 1911 perplexas
511 1876 564 1903 erit
585 1876 630 1911 qui
657 1876 682 1903 in
705 1876 827 1910 angustia
852 1880 893 1903 est
915 1883 1000 1910 usque
1025 1877 1058 1902 ad

271 1928 388 1957 tempus.
404 1932 413 1948 ›

571 1966 689 1995 CAPUT
714 1964 759 1994 IX.

305 2014 388 2041 νεεδ.
412 2015 437 2041 1.
466 2024 474 2040 ι
489 2014 547 2041 lloc
571 2015 687 2046 primunt
717 2013 800 2040 bibe:
820 2013 873 2040 cito
899 2013 960 2045 fac.
986 2013 1060 2048 regio

269 2061 391 2088 Zabulon
400 2066 427 2087 et
440 2066 511 2087 terra
524 2059 743 2094 Nephtbaiiut,et
759 2059 847 2086 caeteri
863 2059 908 2093 qui
925 2059 1058 2086 maritima

270 2113 298 2134 et
316 2111 391 2133 lraus
406 2105 563 2136 Iordanem,
577 2105 687 2133 Galilaza
700 2105 829 2139 gentium.
847 2115 856 2130 ι
876 2105 1016 2132 Vuileuitn
1033 2110 1061 2132 ttt

272 2155 299 2184 ii.
318 2154 364 2189 qtti
382 2160 480 2188 magna
501 2152 630 2179 salutaris
655 2152 700 2178 Dei
726 2151 860 2179 adventus
879 2151 938 2179 luce
957 2153 1060 2187 dignati

272 2205 345 2234 sunt,
358 2200 478 2230 fructum
495 2199 664 2227 rationabilis
688 2204 767 2234 potus
781 2199 909 2233 operibus
936 2199 1059 2227 reddant.

272 2249 363 2276 Primo
392 2247 484 2282 itaque
510 2245 630 2274 Galilatis
654 2245 755 2272 bonum
777 2245 901 2272 nutttium
927 2245 1059 2273 declarat.

1147 1430 1156 1443 ι
1168 1419 1224 1446 Καὶ
1237 1419 1296 1454 ἥξει
1324 1419 1366 1453 ἐφ’
1380 1419 1451 1454 ὑμᾶς
1467 1417 1573 1454 σκληρὰ
1597 1417 1689 1453 λιμάς’
1710 1419 1757 1444 καὶ
1773 1417 1849 1444 ἔσται
1862 1417 1900 1449 ὡς

1111 1465 1142 1492 ἂν
1158 1465 1317 1500 πεινάσητε,
1343 1464 1530 1500 λυπηθήσεσθε
1552 1465 1612 1495 καί,
1636 1463 1728 1495 κακῶς
1743 1464 1828 1498 ὲρεῖτε
1855 1460 1899 1490 τὸν

1110 1511 1238 1546 ἄρχοντα,
1259 1510 1306 1537 καὶ
1325 1510 1359 1537 τὰ
1376 1511 1478 1547 πάτρια
1490 1519 1496 1524 ·
1513 1511 1561 1536 καὶ
1587 1509 1780 1544 ἁναδλέψονται
1797 1510 1836 1540 είς
1855 1509 1900 1535 τὸν

1111 1557 1224 1593 οὐρανὸν
1240 1557 1305 1584 ἄνω.
1322 1565 1331 1582 t
1348 1557 1432 1584 Ὅταν
1446 1554 1491 1583 οὖν
1503 1556 1663 1592 παραϐάτης
1679 1556 1783 1591 γένοιτό
1795 1564 1837 1586 τις
1854 1555 1901 1581 τοῦ

1112 1601 1183 1628 θείου
1205 1600 1298 1637 νόμου,
1326 1602 1373 1628 καὶ
1397 1602 1552 1636 ἀποστάτης
1577 1601 1670 1632 αὑτοῦ,
1699 1600 1901 1632 σκανδαλισθεὶς

1110 1648 1163 1675 ὑπὸ
1176 1648 1230 1674 τῶν
1247 1649 1310 1680 τοὺς
1326 1649 1467 1684 χρησμοὺς
1480 1648 1527 1674 καὶ
1541 1648 1590 1679 τὰς
1607 1647 1734 1683 μαντείας
1746 1646 1794 1678 τὰς
1808 1646 1901 1681 δαιμο-

1109 1693 1188 1726 νικὰς
1208 1693 1424 1731 προϊσχομένων,
1449 1693 1526 1728 λιμὸς
1539 1693 1647 1728 τροφῶν
1671 1691 1786 1726 λογικῶν
1806 1691 1900 1718 τοῦτον

1108 1739 1270 1772 διαδέξεται,
1290 1740 1338 1766 καὶ
1362 1739 1501 1771 ἔκστασις,
1524 1739 1572 1765 καὶ
1587 1738 1774 1774 παροξυσμός·
1798 1737 1844 1764 καὶ
1860 1737 1901 1768 εἰς

1111 1786 1286 1821 βλασφήμους
1299 1786 1459 1820 ἐμπεσεῖται
1478 1785 1633 1820 λογισμοὺς,
1649 1783 1842 1820 καταρώμενος
1855 1782 1902 1809 τδν

1110 1831 1193 1858 πάλαι
1208 1830 1319 1866 βασιλέα
1343 1830 1436 1862 αὐτοῦ,
1455 1830 1485 1856 ὃν
1508 1830 1554 1856 καὶ
1569 1830 1628 1856 θεὸν
1646 1829 1742 1856 ἑαυτοῦ
1765 1829 1899 1864 ὠνόμαζε.

1112 1888 1121 1903 ι
1137 1880 1190 1905 Καὶ
1207 1878 1257 1904 οὒκ
1270 1877 1474 1913 ἀπορηθήσεται
1484 1877 1498 1902 ὸ
1511 1877 1540 1903 ὲν
1557 1876 1720 1912 οτενοχῳρία
1731 1875 1768 1902 ὢν
1779 1876 1831 1907 ἓως
1842 1884 1902 1902 και-

1129 1932 1169 1950 OU.
1183 1933 1192 1949 ι

1112 1932 1169 1959 PN.
1183 1933 1192 1949 ι
1379 1966 1578 1995 ΚΕΦΑΛΑῙΟΝ
1594 1965 1631 1992 8’.

1149 2025 1157 2040 ι
1168 2013 1254 2041 Τοῦτο
1266 2013 1373 2049 πρῶτον
1391 2005 1455 2039 ’πίε9
1468 2013 1535 2047 ταχὺ
1550 2013 1631 2044 ποίει,
1657 2011 1732 2047 χώρα
1748 2009 1901 2042 Ζαϐουλὼν,

1112 2062 1128 2097 ἡ
1153 2061 1189 2096 γῆ
1206 2059 1376 2095 Νεφθαλεὶμ,
1394 2059 1442 2086 καὶ
1455 2059 1479 2086 οἰ
1493 2058 1581 2087 λοιποὶ
1602 2058 1627 2084 οἱ
1640 2058 1687 2093 τὴν
1704 2057 1837 2092 παραλίαν
1854 2056 1903 2085 καὶ

1112 2108 1200 2143 πέραν
1224 2106 1270 2133 τοῦ
1290 2105 1433 2141 Ἰορδάνου,
1449 2104 1577 2131 Γαλιλαία
1598 2104 1652 2131 τῶν
1668 2103 1760 2130 ἐθνῶν.
1776 2112 1784 2127 ι
1805 2102 1903 2128 Βούλει

1112 2161 1156 2179 ται
1167 2151 1221 2188 γὰρ
1236 2151 1268 2178 δι’
1291 2150 1379 2186 ἔργων
1396 2150 1440 2177 τὸν
1468 2149 1571 2185 καρπον
1585 2148 1631 2175 τοῦ
1648 2147 1757 2182 λογικοῦ
1783 2147 1903 2182 πόματος

1113 2198 1266 2226 ἀποδιδόναι
1283 2198 1345 2229 τοὺς
1362 2196 1579 2229 καταξιωθέντας
1604 2194 1652 2222 τοῦ
1670 2193 1788 2230 μεγάλου
1815 2191 1903 2226 φωτὸς

1112 2245 1161 2280 τῆς
1177 2243 1311 2279 σωτηρίου
1335 2242 1502 2277 θεοφανείας.
1520 2241 1630 2277 Πρῶτον
1654 2239 1699 2268 οὖν
1715 2241 1770 2270 τοῖς
1786 2239 1831 2265 ἐπὶ
1853 2238 1903 2273 τῆς
1943 2240 1952 2251 ⁶

272 2295 323 2322 Par
342 2294 443 2329 quippe
460 2297 520 2320 erat
537 2292 675 2327 regionem
695 2291 767 2319 illam
785 2299 837 2319 non
860 2292 967 2320 silentio
991 2301 1045 2327 pra:

1115 2290 1258 2322 Γαλιλαίας
1274 2289 1489 2324 εὐαγγελίζεται.
1506 2287 1580 2314 Ἔδει
1594 2287 1649 2322 γὰρ
1672 2286 1737 2322 μηδὲ
1748 2285 1796 2321 τὴν
1810 2283 1903 2319 χώραν

272 2339 365 2370 terire,
399 2339 424 2366 in
457 2345 510 2372 qua
545 2336 706 2364 Emmanuel
737 2336 763 2364 itt
797 2344 846 2363 suo
877 2337 910 2363 ad
940 2336 1062 2365 homines

272 2386 387 2412 adventu
415 2392 507 2411 moras
533 2384 655 2411 facturus
684 2388 757 2410 erat.
785 2382 867 2418 Regio
889 2388 979 2410 autent
1004 2389 1062 2410 erat

273 2432 383 2459 Galilata
397 2451 405 2462 .
423 2432 476 2458 imo
490 2430 572 2457 etiam
591 2435 664 2457 trans
680 2428 827 2457 Iordanem
843 2434 902 2456 erat
917 2429 973 2456 haec
988 2429 1063 2456 Gali-

274 2479 333 2510 lgea,
360 2478 386 2505 iu
413 2485 467 2514 qua
489 2477 662 2512 frequentius
689 2481 815 2503 versatus
843 2475 967 2503 Christus
995 2481 1059 2502 est:

276 2533 358 2560 quare
373 2524 519 2552 salutarem
537 2528 628 2559 pottttn
644 2528 671 2550 et
686 2523 772 2550 lucem
786 2523 844 2556 ejus
861 2522 958 2549 incolis
976 2522 1063 2557 primo

277 2571 427 2599 annuntiat.
458 2568 544 2604 Hujus
570 2577 651 2604 porro
682 2568 781 2596 viviiici
806 2573 887 2602 potus
917 2567 1062 2603 imaginem

275 2618 439 2645 .sensibiliter
461 2617 586 2644 exhibuit
609 2615 750 2647 Servator,
773 2615 891 2649 quando,
919 2614 1020 2650 nuptiis
1037 2614 1062 2640 in

272 2665 344 2692 Cana
360 2664 480 2693 Galikeaa
498 2661 654 2691 celebratis.
666 2661 781 2696 primum
795 2661 954 2687 miraculum
969 2659 1063 2691 edidit,

273 2720 349 2746 aqua:
362 2711 466 2738 scilicet
481 2710 507 2736 in
524 2710 615 2736 viuum
629 2708 816 2735 mutationem.

311 2802 394 2829 Vens.
411 2801 440 2828 Ξ.
461 2811 470 2828 ε
490 2800 623 2835 Populus,
642 2799 688 2835 qui
704 2798 862 2826 ambulabat
886 2798 913 2824 in
937 2795 1064 2829 tenebris,

276 2850 344 2876 vidit
373 2849 460 2876 lucem
487 2855 634 2882 magnam:
664 2847 822 2874 habitantes
851 2845 878 2871 in
907 2843 1016 2878 regione
1040 2847 1067 2869 et

276 2897 372 2922 umbra
408 2895 514 2926 mortis.
543 2894 588 2921 lux
615 2893 767 2928 splendebit
797 2899 878 2926 super
906 2897 963 2916 vos.
995 2898 1004 2913 ι
1034 2888 1066 2915 Et

277 2942 343 2969 alias
358 2941 476 2979 quidem
502 2941 529 2968 in
553 2940 671 2967 tenebris
695 2939 822 2974 agebant,
848 2936 893 2971 qui
921 2940 1064 2969 anteqnatu

1114 2336 1318 2370 ἀποσιωπῆσαι,
1337 2334 1396 2361 xui)”
1408 2335 1441 2369 ἣν
1452 2335 1501 2366 τὰς
1521 2332 1660 2368 διατριϐὰς
1675 2330 1805 2358 ποιεῖσθαι
1819 2330 1905 2365 ἤμελ-

1115 2382 1160 2408 λεν
1172 2381 1326 2417 ἀνθρώποις
1345 2380 1487 2415 ἐπιφανεὶς
1501 2381 1515 2407 ὁ
1536 2377 1716 2415 Ἐμμανουήλ.
1740 2377 1772 2402 Ἦ
1784 2375 1812 2402 δὲ
1827 2374 1904 2410 χώρα

1115 2426 1148 2463 ἦν
1162 2427 1288 2454 Γαλιλαία
1298 2435 1304 2441 ·
1319 2426 1386 2453 ἀλλὰ
1401 2427 1447 2452 καὶ
1464 2425 1549 2461 πέραν
1562 2425 1608 2451 τοῦ
1629 2423 1760 2459 Ἰορδάνου
1775 2420 1904 2456 τυγχάνει

1116 2475 1132 2510 ὴ
1151 2473 1278 2500 Γαλιλαία
1295 2471 1374 2507 αὓτη,
1393 2473 1421 2498 ὲν
1437 2469 1515 2508 ᾗτὰς
1537 2471 1663 2500 πλείστας
1680 2468 1825 2504 ἐποιήσατο
1845 2466 1903 2492 δια-

1114 2519 1209 2556 τριϐὰς
1226 2520 1240 2546 ό
1255 2518 1372 2554 Χριστός
1383 2527 1389 2533 ·
1403 2518 1442 2544 διὸ
1454 2518 1534 2544 ποτὸν
1555 2517 1698 2552 σωτήριον,
1720 2514 1766 2541 καὶ
1780 2513 1836 2548 φῶς
1854 2512 1905 2547 μὲ-

1114 2574 1150 2599 γα
1166 2566 1222 2596 τοῖς
1235 2565 1264 2590 ὲν
1279 2565 1346 2598 αὐτῇ
1363 2561 1566 2596 εὐαγγελίζεται
1582 2561 1710 2596 πρώτοις.
1723 2558 1777 2585 Τοῦ
1789 2557 1817 2584 δὲ
1835 2557 1905 2589 ζωο-

1114 2611 1190 2637 ποιοῦ
1204 2610 1300 2637 τούτου
1315 2608 1398 2636 ποτοῦ
1415 2607 1507 2635 εἰκόνα
1523 2607 1651 2642 παρεῖχεν
1665 2606 1679 2632 ὁ
1698 2604 1793 2640 Σωτὴρ
1809 2603 1902 2638 αἰσθη-

1113 2656 1176 2688 τῶς,
1190 2655 1308 2692 ὁπηνίκα
1325 2654 1414 2690 γάμου
1430 2652 1639 2687 συντελουμένου
1654 2652 1683 2678 ὲν
1702 2650 1777 2677 Κανᾶ
1788 2650 1837 2684 τῆς
1851 2649 1903 2674 1‘s.-

1114 2703 1229 2735 λιλαίας,
1253 2702 1365 2738 πρῶτον,
1374 2699 1523 2736 παράδοξον
1540 2699 1696 2735 εἰργάσατο,
1714 2696 1763 2732 τὴν
1778 2695 1824 2722 τοῦ
1842 2694 1905 2721 ὕδα-

1115 2757 1159 2780 τος
1171 2750 1211 2780 εἰς
1219 2746 1290 2774 οῐνον
1305 2745 1465 2782 μεταϐολήν.

1158 2804 1167 2819 ι
1179 2794 1207 2820 '0
1214 2792 1376 2827 λαὺςοκαθή
1381 2800 1459 2827 μενος
1479 2792 1507 2817 ἐν
1523 2791 1612 2817 σκότει
1629 2787 1682 2816 εἶδε
1696 2788 1752 2824 φῶς
1777 2787 1848 2824 μέγα
1859 2795 1866 2801 ·
1879 2785 1905 2812 oi

1121 2837 1308 2869 κατοικοῦντες
1323 2837 1352 2863 ἐν
1367 2836 1443 2872 χώρᾳ
1453 2837 1500 2863 καὶ
1517 2837 1581 2871 σκιᾷ
1590 2835 1715 2866 θανάτου,
1730 2833 1788 2868 φῶς
1803 2831 1905 2867 λάμψει

1119 2886 1162 2920 ἐφ’
1179 2885 1260 2920 ὑμᾶς.
1278 2893 1287 2909 ι
1307 2883 1361 2910 Καὶ
1375 2882 1462 2914 ἄλλως
1475 2882 1503 2908 δὲ
1513 2883 1540 2908 ὲν
1556 2881 1645 2908 σκότει
1660 2880 1804 2914 ἐτύγχανον
1820 2879 1843 2905 οἱ
1853 2878 1905 2913 πρὸ

1118 2933 1167 2968 τῆς
1184 2930 1357 2969 ἐπιλάμψεως
1376 2929 1423 2956 τοῦ
1440 2927 1557 2965 Χριστοῦ
1578 2928 1606 2954 ὲν
1619 2926 1740 2966 ἀγνωσία
1756 2926 1830 2956 Vliets;
1860 2924 1904 2950 τςῦ
