2059 3215
248 215 298 244 151

586 213 719 242 EUSEBII
740 213 977 242 CESARIENSIS
995 214 1071 242 OPP.
1092 214 1180 242 PARS
1199 213 1242 241 lll.
1262 230 1297 235 —
1316 213 1521 242 EKEGETICA.

1822 212 1874 239 152

249 278 276 301 et
297 274 374 309 quasi
401 273 542 309 vectigalia
569 274 748 309 exposcebat,
774 275 900 302 nimirum
925 280 1033 308 peccata

1087 275 1186 310 ψυχάςς
1200 275 1247 302 καὶ
1260 275 1359 310 φόρους
1375 274 1469 310 ὥσπερ
1481 273 1613 305 ἀπαιτῶν,
1632 273 1681 306 τὰς
1707 275 1876 310 χορηγουμέ-

249 327 308 354 qua
338 319 373 346 illi
401 319 589 346 admittebant.
617 320 732 347 Historia
758 327 820 347 vero
848 319 952 347 Madian
974 328 1035 355 spe-

249 371 327 392 rtaus
342 369 431 392 exstat
448 365 473 391 in
497 364 565 391 libro
581 363 705 392 ludit-um
722 373 729 390 :
751 371 896 401 uarratque
915 373 1036 401 tempore

249 409 394 442 Gedeonis,
410 410 533 438 inimicos
546 418 598 438 non
615 410 746 438 instructa
767 419 902 439 armorum
916 413 974 440 acie
993 421 1035 439 su-

244 461 358 490 peratos
382 455 485 489 fuisse,
511 456 557 483 sed
595 457 698 483 occulta
714 476 722 487 .
746 457 873 484 invisibili
898 463 924 485 et
945 459 1034 485 divina

249 501 360 528 virtute.
384 501 429 528 Sic
447 501 547 535 itaque,
565 501 678 536 perimle
694 505 776 535 atque
792 501 946 528 Madianitis
961 501 1034 529 acci-

249 547 300 578 dit,
316 547 409 574 hostes
424 547 530 574 occulta
546 554 627 574 manu
642 547 760 582 superati
777 553 854 578 sunt:
871 554 952 582 atque
966 555 1036 576 nunc

248 594 287 620 ait
300 593 457 629 dissipatam
474 593 558 622 fuisse
570 594 675 629 virgam
691 595 829 622 exactoris
851 595 968 628 diaboli,
986 603 1036 622 nec

249 648 303 668 non
322 641 437 667 aliorum
455 640 501 675 qui
521 648 582 668 cum
601 649 634 668 eo
657 642 761 669 animas
784 641 924 668 hominum
942 641 1035 675 exige-

249 686 327 712 bant.
341 685 418 713 Alius
432 693 496 713 vero
512 693 565 715 non
581 687 758 721 exigendum,
781 687 839 719 sed,
863 687 1036 722 inobsequen-

249 732 326 762 tium,
351 731 430 759 dixit.

287 787 297 803 ι
315 777 381 810 Quia
411 785 518 805 omnem
543 777 671 805 amictum
689 777 752 805 dolo
767 778 922 810 collectum,
938 781 968 806 et
990 785 1036 805 ve-

249 824 406 851 stimentum
428 831 490 851 curn
519 824 733 851 commutatione
759 824 906 851 restituent
931 828 958 851 et
989 832 1037 850 cu-

249 871 340 904 pient,
358 871 380 897 si
399 870 465 897 liaut
490 870 553 904 igne
573 870 716 897 combusti.
738 879 749 896 ι
767 869 834 903 Quia
856 878 916 898 cum
941 870 1036 897 diabo-

250 916 292 943 lus
307 921 432 943 ornatum
452 918 550 945 anima:
566 922 594 945 et
617 917 745 944 amictum
770 917 844 951 ejus,
867 922 948 950 atque
965 917 1037 943 tuui—

1085 329 1132 352 νας
1145 320 1234 347 αὐτῶν
1246 321 1391 356 ἁμαρτίας.
1408 321 1505 347 Κεῖται
1516 320 1544 346 δὲ
1555 321 1572 356 ή
1596 321 1660 356 περὶ
1687 320 1753 354 τῆςι
1762 320 1876 355 Μαδιὰμ

1087 367 1191 402 ἱστορία
1203 367 1232 393 ἐν
1247 368 1305 398 τοῖς
1322 368 1446 403 Κριταίς.
1461 368 1626 404 περιέχουσα
1641 367 1679 399 ὠς
1693 367 1740 394 ἐπὶ
1757 365 1805 392 τοῦ
1827 366 1876 392 Γε-

1084 411 1152 438 δεὼν
1163 412 1212 447 οὐχ
1224 411 1315 438 ὃπλων
1340 412 1491 448 παρατάξει
1515 414 1668 448 νενίκηνται
1690 414 1714 439 οἱ
1740 412 1874 446 πολέμιοι,

1085 457 1143 484 ἀλλ’
1159 458 1256 491 ἀφανεῖ
1263 458 1310 484 καὶ
1325 458 1442 494 ἀοράτῳ,
1460 459 1507 485 καὶ
1533 459 1609 495 θεῖκῇ
1629 459 1751 494 δυνάμει.
1782 457 1876 490 Οὕτως

1085 498 1131 527 οὖν
1143 500 1181 532 ὡς
1192 501 1239 528 ἐπὶ
1255 503 1311 534 τοῖς
1327 503 1439 538 Μαδιάμ
1451 503 1614 539 ἐνικήθησαν
1628 505 1652 530 οἱ
1668 503 1790 538 πολέμιοι
1803 502 1875 538 χειρὶ

1085 545 1218 581 κρυῳαίᾳ,
1235 547 1281 573 καὶ
1297 547 1344 573 νῦν
1361 556 1426 582 φησι
1441 548 1627 580 διεσκεδάσοαι
1642 549 1690 584 τὴν
1712 548 1808 584 ῥάϐδον
1827 546 1874 574 τοῦ

1086 591 1264 624 ἀπαιτοῦντος
1276 592 1410 626 διαῦόλου,
1430 594 1541 621 καὶτῶν
1555 595 1604 621 σὺν
1619 593 1692 630 αὐτῷ
1707 594 1756 625 τὰς
1785 593 1877 629 ψυχὰς

1085 637 1138 663 τῶν
1151 637 1302 674 ἀνθρώπων
1327 640 1546 675 ἐκπρασσόντων.
1572 641 1684 678 Ἕτερος
1696 640 1724 667 δὲ
1736 640 1766 667 οὐ
1793 650 1802 665 ‹
1821 639 1878 667 τῶν

1085 683 1272 713 ἀπαιτούντων
1286 695 1296 711 ι
1320 685 1383 721 ἔφη,
1408 686 1476 714 ἀλλὰ
1507 697 1516 712 ι
1535 687 1589 714 τῶν
1616 687 1820 715 ἀπειθούντων)
1837 684 1879 715 εἷα

1086 738 1146 756 πῖν.

1123 776 1200 810 (Ott
1213 778 1303 804 πᾶσαν
1320 779 1415 813 στολὴν
1431 779 1649 815 ἐπισυνηγμένην
1662 780 1738 815 δόλῳ,
1751 779 1798 806 καὶ
1813 779 1878 815 ἱμά-

1084 831 1141 849 τιον
1156 824 1225 858 μετὰ
1239 824 1410 860 καταλλαγῆς
1425 826 1592 858 ἀποτίσουσι,
1608 827 1653 852 καὶ
1669 826 1837 862 θελήσουσιν,
1851 827 1876 853 εἰ

1085 868 1209 902 ἐγένοντο
1242 869 1432 905 πυρίκαυστοι.
1455 881 1464 896 ι
1503 871 1612 908 Ἐπειδὴ
1638 872 1683 898 τὸν
1712 872 1812 906 κόσμον
1825 871 1877 906 τῆς

1085 914 1174 950 ψυχῆς
1203 916 1251 942 καὶ
1282 916 1331 952 τὴν
1354 918 1450 954 στολὴν
1479 918 1575 953 αὐτῆς,
1595 918 1641 944 τόν
1669 926 1698 944 τε
1716 917 1765 953 τῆς
1789 917 1878 953 ἀρχῆς

248 970 307 989 cam
322 963 507 997 principatus,
532 971 584 998 qua
609 963 781 995 induebatur,
802 962 874 990 illam
899 963 1033 997 captivam

1087 960 1198 995 χιτῶνα,
1210 961 1239 988 ὃν
1255 963 1441 998 περιεϐάλετο,
1467 964 1585 1000 συλήσας
1601 965 1614 991 ὁ
1627 964 1758 996 διάϐολος,
1772 964 1816 991 ὅτε
1829 965 1879 990 αὺ-

250 1007 362 1040 ducens.
380 1007 548 1042 diripuisset,
571 1008 670 1035 nudam
695 1007 768 1034 illam
794 1014 825 1035 ac
848 1008 948 1034 foedam
971 1007 1034 1034 reli-

247 1055 323 1088 quit:
342 1054 400 1088 ejus
420 1055 482 1081 item
507 1055 639 1087 comites,
660 1055 823 1082 adversariae
835 1058 982 1088 potestates
1001 1053 1035 1080 ab

247 1107 280 1127 ea
305 1101 435 1128 tributum
451 1101 607 1135 exigebant,
628 1100 692 1128 dolo
717 1105 743 1127 et
759 1099 865 1127 fallacia
887 1104 981 1127 contra
1004 1099 1035 1126 il-

248 1148 302 1175 lam
317 1153 444 1179 utentes;
463 1148 526 1182 jure
549 1153 690 1175 exactores
715 1147 774 1174 illos
798 1146 888 1174 omnia
913 1147 1035 1181 persolu-

249 1199 325 1221 turos
340 1202 400 1222 esse
415 1194 480 1221 dicit
505 1194 625 1229 Spiritus
653 1193 842 1229 prophetictts,
869 1193 912 1220 his
932 1193 1033 1224 verbis.

251 1249 261 1266 ι
281 1240 394 1268 Omnem
418 1241 546 1268 amictum
573 1240 634 1267 dolo
659 1240 815 1271 collectum,
838 1246 865 1268 et
886 1239 1035 1267 vestimen-

250 1291 304 1312 tum
329 1294 391 1313 cum
417 1287 633 1314 commutatione
657 1286 809 1313 restituent.
834 1296 844 1312 ι
870 1285 951 1312 Iidem
971 1293 1035 1313 vero

250 1331 300 1366 ipsi
317 1333 363 1367 qui
381 1332 445 1358 olim
461 1333 498 1358 ah
513 1333 656 1359 animabus
670 1332 809 1358 hominum
826 1332 966 1368 vectigalia
987 1339 1036 1359 ex-

249 1384 404 1412 poscerent,
426 1378 517 1405 omnia
543 1379 568 1404 iu
599 1383 749 1407 memorato
771 1384 892 1413 tempore
920 1378 1033 1405 soluturi

249 1431 309 1451 esse
323 1424 461 1451 dicuntur.

286 1469 366 1497 Vens.
381 1470 408 1496 6.
428 1479 436 1494 ι
458 1470 525 1503 Quia
544 1470 672 1505 parvulus
695 1476 775 1498 natus
791 1476 829 1498 est
848 1470 938 1502 nobis,
960 1475 988 1497 et
1004 1470 1036 1497 li-

250 1516 302 1543 lius
315 1516 395 1542 datus
413 1522 454 1544 est
477 1517 574 1543 nobis:
599 1516 676 1550 cujus
697 1517 866 1552 principatus
886 1517 974 1544 iactus
994 1521 1036 1544 est

249 1569 330 1596 super
355 1564 496 1589 humerum
522 1563 589 1597 ejus.
621 1563 653 1590 Et
679 1564 823 1590 vocabitur
841 1571 939 1591 nomen
965 1564 1034 1598 ejus,

249 1609 339 1642 magni
361 1608 469 1636 consilii
490 1610 612 1644 angelus.
630 1610 768 1636 Adducam
784 1610 855 1636 enim
873 1617 967 1644 pacetn
989 1618 1036 1636 su-

250 1664 301 1691 per
317 1657 465 1691 principes,
479 1664 571 1691 pacem
586 1662 614 1684 et
627 1657 771 1685 sanitatem
788 1657 847 1692 ipsi.
867 1666 877 1683 ι
897 1657 1034 1690 Quosnam

250 1703 388 1737 principes
407 1708 549 1734 memorat.
571 1703 623 1730 nisi
645 1710 692 1730 eos
714 1703 760 1738 qui
778 1704 812 1730 ab
829 1703 888 1738 ipso
909 1703 942 1730 ad
964 1704 1037 1737 priu-

249 1750 369 1784 cipattun
395 1750 421 1777 in
448 1750 569 1777 Ecclesia
604 1751 753 1785 gerendum
782 1750 923 1777 consliluti
953 1749 1037 1776 sunt?

250 1795 402 1830 Discipulos
417 1796 478 1823 dico
491 1800 516 1822 et
532 1796 673 1830 apostolos
690 1796 785 1830 ipsius.
811 1803 917 1823 necnon
942 1803 1036 1822 eormn

250 1849 299 1876 per
324 1845 409 1868 totum
426 1842 521 1869 orbem
548 1849 732 1874 successores,
758 1842 858 1875 quibus
879 1841 970 1867 datiuu
995 1845 1037 1867 est

249 1891 280 1913 ut
300 1894 365 1913 Sana
381 1893 471 1914 mente
493 1892 595 1918 essent,
621 1893 647 1913 et
674 1895 767 1921 parem
791 1890 885 1913 lltlIlllO
904 1886 1034 1915 colerent,

249 1941 311 1961 cum
337 1933 403 1968 ipsis
418 1933 531 1966 diceret,
551 1943 561 1959 ι
578 1932 677 1960 Pacem
702 1940 789 1960 meam
816 1935 851 1960 do
872 1933 961 1965 vobis,
986 1939 1036 1967 pa-

249 1988 308 2007 cem
335 1987 422 2006 meam
452 1979 576 2014 relinquo
606 1979 693 2006 vobis.
730 1978 842 2013 Magnus
869 1978 1036 2013 principatus

249 2022 319 2056 ejus,
335 2027 363 2049 et
382 2023 457 2057 pacis
473 2024 531 2058 ejus
559 2031 612 2049 non
637 2024 692 2049 erit
716 2023 777 2050 ﬂuis
791 2023 824 2050 ⁸⁷,
843 2032 852 2049 ι
880 2022 1035 2050 Secundum

250 2067 464 2096 'l'heodotionem
488 2077 569 2100 vero,
588 2079 597 2094 ι
613 2070 691 2097 Pacis
706 2069 765 2104 ejus
792 2077 846 2097 non
868 2069 922 2096 erit
942 2070 1036 2096 termi-

250 2122 310 2142 nus.
337 2125 346 2140 ι
365 2113 488 2147 Quantus
505 2121 588 2148 porro
611 2115 692 2141 fuerit
708 2114 779 2150 ejus,
801 2114 847 2149 qui
868 2114 894 2141 in
918 2115 1036 2149 prophe—

251 2160 289 2186 tia
308 2159 405 2192 fertur,
421 2159 591 2194 principatus
608 2160 752 2195 intelligas,
774 2161 796 2187 si
816 2160 963 2187 Ecclesiam
978 2160 1037 2193 ejus

251 2206 278 2233 in
303 2210 362 2233 toto
387 2205 455 2232 orbe
481 2206 659 2232 constitutam
687 2206 861 2239 consideres;
886 2206 934 2234 sed
951 2206 1037 2233 multo

249 2251 337 2285 magis
355 2249 378 2277 si
402 2249 445 2277 his
464 2251 498 2276 de
523 2250 569 2277 illo
582 2250 705 2284 Apostoli
729 2250 891 2278 testimoniis
915 2252 1036 2277 animum

250 2297 397 2329 adhibeas,
419 2295 518 2331 quibus
544 2295 600 2328 ait,
629 2305 639 2322 ι
671 2295 825 2323 Secundum
848 2297 1034 2331 operationem
1052 2309 1074 2341 ι)

249 2344 379 2378 potentia:
395 2343 504 2370 virtutis
524 2343 595 2378 ejus,
611 2350 692 2378 quam
708 2348 836 2378 operatus
857 2348 897 2370 est
913 2343 940 2370 in
954 2343 1036 2370 Chri-

249 2395 302 2421 sto,
319 2389 455 2416 suscitans
470 2388 545 2415 illutn
560 2396 574 2415 a
594 2389 720 2421 mortuis,
735 2394 763 2416 et
778 2389 947 2416 constituens
962 2389 1036 2416 illum

249 2435 276 2462 in
291 2434 404 2462 dextera
427 2442 474 2462 sua
494 2435 521 2462 in
540 2434 710 2466 ctelestibus,
732 2442 813 2470 supra
836 2443 944 2462 outnem
961 2435 1038 2470 prin-

248 2481 366 2516 cipatum
388 2485 416 2508 et
435 2485 600 2516 potestatem
624 2487 651 2509 et
672 2482 801 2508 virtutem
826 2485 854 2508 et
874 2481 1038 2509 dominatio-

249 2535 321 2560 nem,
344 2532 370 2555 et
391 2535 472 2562 supra
491 2535 571 2555 omne
590 2535 688 2555 nomen
710 2528 781 2559 quod
803 2528 959 2554 nominatur
970 2527 1004 2554 ⁵⁸.
1024 2536 1033 2553 ι

249 2573 287 2600 lta
312 2580 427 2608 magnus
452 2579 494 2600 est
517 2572 670 2600 Salvatoris
694 2572 780 2600 nostri
802 2572 988 2607 principatus,
1009 2576 1037 2598 et

248 2619 323 2654 pacis
341 2619 402 2654 ejus‘
424 2627 476 2646 non
495 2624 537 2646 est
564 2619 643 2648 ﬁnis:
665 2627 725 2646 nam
749 2617 969 2650 interminabilis,
991 2625 1036 2644 se-

249 2667 367 2694 nectutis
380 2673 479 2701 expers
494 2670 521 2692 et
537 2665 790 2699 incircumscriptus
809 2664 854 2692 ille
873 2669 935 2691 est:
950 2672 1035 2698 quare

247 2713 350 2739 dictum
368 2717 421 2744 est.
443 2721 453 2738 ι
477 2712 588 2739 Orietur
607 2712 634 2739 in
662 2712 756 2739 diebus
781 2711 866 2746 ipsius
886 2711 990 2746 justitia
1009 2717 1036 2738 et

247 2757 415 2784 abundantia
434 2759 510 2792 pacis
527 2758 561 2786 ⁸⁸.
578 2768 587 2784 ι

286 2803 368 2830 Vsus.
384 2803 410 2828 7.
427 2812 436 2828 ι
453 2804 541 2838 Super
555 2804 681 2832 thronum
698 2804 781 2832 David
795 2809 822 2831 et
836 2812 949 2839 regnum
965 2804 1034 2839 ejus,

247 2851 280 2878 ad
302 2850 473 2884 dirigoudum
492 2850 574 2884 illud,
602 2856 629 2878 et
650 2850 876 2886 patrociuandum
901 2850 924 2877 ei
948 2850 974 2877 in
992 2849 1036 2883 ju-

279 2955 298 2970 ³⁷
319 2950 396 2979 Joan.
415 2951 523 2984 x1527.

1088 1005 1136 1041 τὴν
1153 1006 1307 1042 ὑποχείριον
1326 1007 1423 1041 ἔλαϐε,
1448 1010 1555 1045 γυμνὴν
1582 1009 1666 1045 αὐτὴν
1689 1009 1736 1036 καὶ
1761 1009 1880 1045 αἰσχρὰν

1089 1051 1271 1087 κατέστησενε
1290 1054 1319 1080 ατ
1332 1062 1361 1080 τε
1380 1055 1428 1081 σὺν
1451 1054 1526 1090 αὐτῷ
1542 1054 1670 1090 δυνάμεις
1691 1055 1878 1090 ἀντικείμεναι

1088 1097 1252 1134 ὲξὲπραττον
1265 1099 1359 1136 αὐτὴν,
1376 1100 1444 1136 δόλῳ
1459 1101 1505 1127 καὶ
1521 1101 1612 1138 ἀπάτῃ
1630 1103 1689 1129 κατ’
1702 1101 1785 1136 αὐτῆς
1806 1100 1881 1137 χρὼε

1090 1154 1168 1181 μεναι
1181 1155 1188 1162 ο
1216 1146 1304 1173 πάντα
1325 1146 1436 1179 εἰκότως
1466 1147 1604 1174 ἀποτίσειν
1629 1147 1737 1181 λέγεται
1755 1146 1809 1172 ὑπὸ
1830 1145 1878 1172 τοῦ

1089 1192 1257 1227 προφητικοῦ
1282 1191 1447 1227 πνεύματος,
1465 1194 1610 1229 φήσαντος,
1636 1193 1676 1219 ὅτι
1701 1192 1732 1227 δὴ
1763 1191 1881 1218 ιΠᾶσαν

1090 1236 1183 1272 στολὴν
1196 1237 1415 1274 ὲπισυνηγμένην
1428 1238 1505 1274 δόλῳ,
1517 1239 1563 1266 καὶ
1581 1239 1687 1277 ἱμάτιον
1700 1237 1768 1272 μετὰ
1780 1237 1879 1264 καταλ-

1088 1283 1173 1320 λαγῆς
1184 1285 1366 1312 ἀποτίσουσιν.
1384 1295 1392 1310 ι
1412 1286 1443 1325 φὶ
1460 1286 1536 1313 αὐτοὶ
1550 1286 1577 1312 δὲ
1589 1283 1661 1312 οὗτοι
1677 1287 1702 1312 οἱ
1727 1286 1810 1312 πάλαι
1829 1285 1880 1317 τὰς

1088 1331 1143 1357 τῶν
1182 1331 1332 1366 ἀνθρώπιον
1366 1331 1456 1366 ψυχὰς
1483 1332 1685 1368 ὲκπρᾶισσοντες
1710 1331 1880 1358 ἀποτιννύειν

1089 1375 1209 1410 λέγονται
1222 1377 1308 1403 πάντα
1326 1378 1354 1403 ἐν
1370 1377 1409 1412 τῷ
1421 1377 1576 1413 δηλουμένῳ
1592 1377 1688 1414 καιρῷ.

1127 1478 1136 1495 t
1153 1470 1213 1496 ’Ὁτι
1228 1469 1332 1496 παιδίον
1349 1470 1480 1505 ἐγεννήθη
1497 1470 1571 1505 ἡμῖν,
1586 1469 1643 1501 υἱὸς
1653 1470 1699 1497 καὶ
1713 1469 1789 1505 ἐδόοη
1802 1470 1878 1504 ἡμῖν,

1089 1513 1119 1542 οὗ
1133 1517 1149 1551 ή
1166 1516 1238 1551 ἀρχὴ
1253 1515 1369 1551 ἐγενήθη
1385 1516 1431 1542 ἐπὶ
1446 1515 1492 1542 τοῦ
1503 1515 1577 1551 ὤμου
1592 1516 1686 1542 αὐτοῦ’
1700 1515 1747 1543 καὶ
1757 1515 1879 1542 καλεῖται.

1089 1563 1120 1589 τὸ
1132 1563 1216 1597 δνομα
1232 1562 1314 1589 αὑτοῦ
1334 1563 1453 1598 μεγάλης
1469 1563 1567 1598 βουλῆς
1585 1562 1710 1597 ἄγγελος.
1734 1560 1807 1594 Ἀξω
1823 1561 1879 1597 γὰρ

1090 1610 1202 1645 εἰρήνην
1215 1610 1260 1636 ἐπὶ
1279 1610 1341 1641 τοὺς
1353 1610 1494 1644 ἄρχοντας,
1512 1609 1622 1644 εἰρήνην
1639 1610 1686 1635 καὶ
1700 1609 1803 1642 ὑγίειαν
1830 1608 1879 1634 αὺ-

1087 1655 1135 1691 τῷ.
1158 1665 1167 1681 ι
1187 1655 1282 1687 Ποὶους
1295 1655 1322 1681 δέ
1335 1664 1417 1690 φησιν
1437 1655 1579 1690 ἄρχοντας,
1600 1655 1616 1690 ἢ
1644 1656 1706 1687 τοὺς
1725 1655 1771 1681 ὑπ’
1795 1654 1878 1681 αὑτοῦ

1087 1702 1181 1736 ἄρχειν
1196 1701 1245 1735 τῆς
1267 1700 1429 1735 Ἐκκλησίας
1444 1699 1525 1726 αὑτοῦ
1544 1699 1780 1734 καθεσταμένους;
1800 1700 1879 1734 Λέγω

1086 1746 1117 1782 δὴ
1133 1745 1256 1781 μαθητὰς
1280 1745 1362 1772 αὐτοῦ
1380 1745 1426 1771 καὶ
1443 1745 1617 1777 ἀποστόλους,
1636 1745 1698 1776 τούς
1708 1753 1738 1771 τε
1756 1745 1805 1781 τὴν
1819 1744 1881 1771 τοὺ-

1087 1799 1140 1817 των
1152 1790 1274 1825 διαδοχὴν
1288 1789 1503 1826 ὑποδεξαμένους
1518 1790 1579 1817 καθ’
1595 1791 1659 1826 ὅλης
1681 1791 1730 1826 τῆς
1751 1790 1879 1825 οἰκουμέ-

1087 1845 1145 1872 νης,
1163 1834 1204 1868 οἷς
1220 1836 1308 1871 ψυχῆς
1321 1837 1426 1870 ὑγίειαν
1441 1836 1487 1863 καὶ
1502 1836 1612 1872 εἰρήνην
1629 1836 1700 1871 ἔχειν
1714 1835 1781 1872 πρὸς
1795 1835 1878 1871 ἀλλή-

1087 1882 1148 1914 λους
1162 1882 1298 1917 ἐδωρεῖτο,
1317 1883 1346 1908 ἐν
1361 1881 1402 1913 οἷς
1418 1882 1485 1918 πρὸς
1501 1883 1598 1914 αὐτοὺς
1609 1882 1716 1917 ἔλεγεν·
1736 1892 1745 1908 α
1759 1882 1880 1918 Εἰρήνην

1086 1928 1136 1963 τὴν
1149 1926 1218 1962 ἐμήν
1247 1927 1343 1963 δίδωμι
1370 1928 1451 1962 ὑμῖν,
1474 1928 1586 1964 εἰρήνην
1609 1927 1657 1964 τὴν
1685 1928 1754 1963 ἐμὴν
1777 1927 1880 1962 ἀφίημι

1088 1973 1161 2008 ὑμῖν.
1175 1973 1287 2008 Μεγάλη
1304 1975 1321 2009 ἡ
1336 1973 1407 2009 ἀρχὴ
1425 1972 1518 2005 αὐτοῦ,
1535 1974 1582 2000 καὶ
1667 1974 1778 2009 εἰρήνης
1795 1973 1879 2000 αὑτοῦ

1087 2019 1136 2046 οὑκ
1155 2018 1229 2045 ἔσται
1243 2018 1328 2050 τέλος.
1343 2029 1352 2045 i
1370 2018 1448 2045 Κατά
1464 2018 1529 2053 γοῦν
1541 2019 1587 2045 τὴν
1601 2019 1777 2051 Θεοδοτίωνα,
1794 2028 1803 2044 ι
1822 2019 1878 2054 Τῆς

1088 2065 1198 2100 εἰρήνης
1212 2065 1294 2091 αὐτοῦ
1308 2065 1359 2091 οὐχ
1372 2065 1447 2091 ἕσται
1463 2065 1558 2100 πέρας.
1578 2074 1587 2090 ι
1617 2065 1733 2099 Nmis-2:;
1747 2064 1775 2091 δὲ
1804 2065 1879 2095 ὅπως

1089 2111 1194 2146 μεγάλη
1207 2111 1301 2145 γέγονε
1317 2111 1365 2137 τοῦ
1381 2111 1620 2147 προφητευομένου
1636 2111 1652 2146 ή
1665 2111 1745 2146 ἁρχὴ,
1755 2111 1805 2146 τὴν
1817 2110 1882 2137 καθ“

1087 2157 1151 2192 ὅλης
1163 2157 1212 2192 τῆς
1225 2157 1387 2192 οἰκουμένης
1409 2157 1571 2192 Ἐκκλησίαν
1588 2157 1671 2184 αὑτοῦ
1687 2157 1796 2193 Θεωρῶν
1808 2165 1815 2172 ⁸
1832 2158 1879 2183 καὶ

1088 2202 1128 2229 ἔτι
1144 2202 1242 2237 μᾶλλον
1259 2203 1410 2238 ἐπιστήσας
1423 2204 1482 2234 ταῖς
1496 2202 1544 2229 τοῦ
1567 2203 1727 2229 Ἀποστόλου
1742 2203 1806 2239 περὶ
1829 2203 1878 2230 αὐ-

1087 2248 1134 2275 τοῦ
1149 2249 1322 2284 μαρτυρίαις,
1336 2249 1368 2276 δι’
1382 2246 1418 2276 ὧν
1434 2257 1510 2284 φησι,
1539 2258 1546 2274 ι
1575 2248 1653 2275 Κατὰ
1668 2248 1717 2284 τὴν
1741 2249 1880 2284 ἐνέργειαν

1089 2294 1136 2322 τοῦ
1149 2295 1267 2331 κράτους
1282 2296 1332 2331 τῆς
1350 2295 1440 2331 ἰσχύος
1455 2295 1554 2327 αὑτοῦ,
1569 2296 1602 2331 ἥν
1618 2296 1768 2331 ἐνήργησεν
1783 2296 1812 2322 ὲν
1841 2295 1882 2330 τῷ

1088 2341 1207 2376 Χριστῷ,
1225 2341 1334 2376 ὲγείρας
1342 2342 1425 2368 αὑτὸν
1440 2342 1473 2368 ἐκ
1487 2342 1591 2378 νεκρῶν
1606 2343 1653 2368 καὶ
1664 2342 1778 2374 καθίσας
1799 2341 1880 2368 αὑτὸν

1089 2387 1118 2412 ἐν
1131 2385 1206 2421 δεξιᾷ
1220 2386 1301 2413 αὐτοῦ
1317 2386 1345 2412 ὲν
1358 2388 1415 2418 τοῖς
1425 2387 1607 2422 ἐπουρανίοις,
1635 2386 1762 2422 ὑπεράνω
1790 2387 1881 2421 πάσης

1088 2432 1175 2468 ἀρχῆς
1192 2433 1238 2459 καὶ
1260 2432 1383 2465 ἐξουσίας
1397 2453 1404 2464 ,
1422 2433 1468 2459 καὶ
1487 2433 1627 2467 δυνάμεως
1641 2432 1688 2459 καὶ
1709 2432 1879 2468 κυριότητος,

1089 2479 1136 2505 καὶ
1153 2478 1253 2510 παντὸς
1264 2478 1394 2513 ὀνόματος
1411 2479 1623 2514 ὀνομαζομένου.
1644 2488 1653 2503 ι
1673 2478 1751 2505 Οὕτω
1775 2478 1879 2514 μεγάλη

1090 2525 1106 2559 ή
1121 2524 1167 2551 τοῦ
1187 2525 1312 2559 Σωτῆρος
1328 2525 1405 2560 ἡμῶν
1418 2525 1499 2560 ἀρχὴ,
1517 2525 1564 2551 καὶ
1584 2526 1635 2560 τῆς
1661 2526 1772 2561 εἰρήνης
1799 2526 1880 2552 αὑτοῦ

1087 2573 1137 2598 οὐκ
1154 2572 1211 2599 ἔστι
1225 2572 1317 2603 τέλος·
1336 2571 1513 2606 ἁτελεύτητος
1537 2571 1591 2606 γὰρ
1617 2571 1665 2598 καὶ
1691 2572 1803 2607 ἀγήρως
1834 2573 1882 2599 καὶ

1088 2619 1277 2655 ἀπερίγραφος
1293 2619 1362 2654 αὕτη
1377 2618 1504 2653 τυγχάνει
1514 2627 1520 2632 ·
1533 2618 1573 2644 διὸ
1588 2618 1726 2645 λέλεκται*
1747 2629 1756 2644 ι
1777 2619 1883 2645 Ἀνατε-

1088 2666 1129 2692 λεῖ
1145 2666 1174 2692 ἐν
1192 2665 1380 2701 ταῖςὴμέραις
1410 2664 1493 2691 αὑτοῦ
1521 2665 1676 2700 δικαιοσύνη
1704 2664 1751 2692 καὶ
1780 2664 1882 2699 πλῆῡος

1090 2713 1211 2748 εἰρήνης.
1229 2722 1238 2737 ι

1123 2766 1132 2782 ι
1161 2757 1222 2782 Ἑπὶ
1235 2756 1280 2782 τὴν
1297 2756 1391 2791 θρόνον
1405 2756 1487 2783 Δαυῒδ
1501 2756 1547 2782 καὶ
1565 2756 1614 2792 τὴν
1635 2757 1771 2792 βασιλείαν
1786 2757 1880 2788 αὐτοῦ,

1090 2804 1262 2840 κατορθῶσαι
1274 2803 1369 2838 αὐτὴν,
1386 2804 1432 2830 καὶ
1448 2804 1640 2831 ἀντιλαϐέσθαι
1655 2804 1684 2830 ὲν
1703 2804 1817 2840 κρίματι
1835 2804 1882 2830 καὶ

1089 2852 1118 2876 ἐν
1133 2849 1298 2885 δικαιοσύνῃ.
1324 2849 1389 2876 ’Λπδ
1409 2849 1456 2876 τοῦ
1480 2850 1527 2877 νῦν
1557 2850 1603 2876 καὶ
1625 2850 1663 2882 εἰς
1687 2849 1734 2877 τὸν
1761 2850 1844 2878 αιῶνα
1867 2851 1881 2876 ὁ

562 2951 584 2968 ⁸⁸
600 2950 771 2987 Epiri-sfw
783 2951 826 2978 "ll.
841 2951 862 2968 "
879 2951 948 2979 Psal.
969 2959 1043 2982 Lxxt.
1061 2951 1086 2981 Ἰ.
