2059 3215
154 209 206 238 155

625 210 880 240 COMMENTARIA
900 212 933 240 ΙΝ
954 212 1083 242 ISAIAM.
1104 205 1138 234 ξ-
1156 211 1234 241 CAP.
1255 212 1300 240 lX.

1734 214 1786 241 154

152 267 234 303 ζῆλος
249 267 352 304 Κυρίου
370 267 482 294 Σαϐαὼθ
508 268 615 304 ποιήσει
648 269 745 296 ταῦτα.
765 279 774 295 ι
808 269 891 306 Τήρει
919 270 945 297 δὲ

1000 271 1072 299 dicio
1098 275 1125 299 et
1147 270 1175 298 in
1190 269 1308 304 iustitia.
1332 269 1438 297 Amodo
1452 273 1480 297 et
1509 269 1536 296 in
1556 268 1685 297 sazculum
1712 270 1786 298 zelus

154 313 277 349 ἀκριϐῶς
292 314 366 345 ὅπως
385 314 434 340 οὐκ
459 314 566 350 εἴρηται
589 314 806 351 καθεσθήσεσθαι
828 316 875 343 sm
899 316 945 343 τὸν

154 360 249 396 θρόνον
265 359 346 386 Δαυῖδ
363 360 541 392 ἁπλῶς,ὰλλὰ
554 361 601 387 καὶ
615 361 661 387 ἐπὶ
678 361 728 397 τὴν
744 362 881 397 βασιλείαν
897 363 946 389 αὺ-

154 402 213 433 τοῦ,
228 403 399 439 κατορθῶσαι
413 404 496 440 αὑτήν
507 413 513 420 -
531 405 609 440 ἡμῶν
627 407 890 441 προσυπακουόντων
914 407 946 434 τὸ

155 449 231 484 ἥξειν
244 449 325 476 αὑτὸν
340 451 386 476 ἐπὶ
400 450 438 485 τῷ
455 451 626 487 κατορθῶσαι
640 451 687 478 τὸν
697 452 790 487 θρόνον
804 452 886 479 Δαυῖδ
898 454 945 481 καὶ

156 496 204 532 τὴν
211 496 314 532 σκηνὴν
324 498 507 524 πεπτωκυῖαν.
516 497 625 533 Ἐπειδὴ
636 498 691 534 γὰρ
700 498 888 534 κατέστραπτο
899 499 945 526 καὶ

157 541 296 578 καθῄρητο
311 543 328 578 ἡ
341 542 464 577 βασιλεία
479 542 560 569 Δαυτδ
573 543 627 572 ἀπὸ
642 544 696 570 τῶν
713 543 817 579 χρόνων
838 543 889 579 τῆς
905 545 945 576 είς

156 588 304 615 Βαϐυλῶνα
324 589 510 624 αἰχμαλωσίας
526 589 572 616 τοῦ
589 590 654 617 λαοῦ
667 599 674 605 ·
696 588 765 626 ἦσαν
787 591 815 617 δὲ
837 599 945 627 προφη-

155 635 227 660 τεῖαι
243 633 418 666 θεσπίζουσαι
430 635 475 661 τὸν
493 634 587 670 θρόνον
608 635 689 662 Δαυτδ
704 636 864 672 διαλάμψειν
887 646 944 671 φω-

155 679 203 711 τὸς
217 678 330 715 ἡλιακοῦ
345 679 422 714 δίκην
436 679 497 706 καθ’
512 679 576 715 ὅλης
598 679 649 714 τῆς
674 681 834 716 οἰκουμένης
847 688 854 695 ·
879 680 946 707 ταύ-

156 733 207 761 την
217 725 303 761 αὐτὴν
320 725 432 761 ἐλήλυθε
460 725 508 761 τὴν
536 726 702 760 ἐπαγγελίαν
729 726 888 762 πληρῶσαι·
912 728 945 753 ὲκ

157 771 314 807 σπέρματος
329 771 378 806 μὲν
389 771 469 798 Δαυῖδ
483 771 552 798 κατὰ
566 772 654 808 σάρκα
667 772 843 808 γεννώμενος,
859 781 944 799 κατα-

156 816 272 852 λάμπων
282 817 309 843 δὲ
325 817 374 849 τὰς
384 817 438 844 τῶν
455 817 606 854 ἀνθρώπων
620 818 707 853 ψυχάς
716 827 722 834 ⁸
746 819 793 846 καὶ
806 818 855 854 τὴν
870 818 945 853 βασι-

155 863 231 890 λείαν
241 863 324 890 αὑτοῦ
339 863 480 899 κρατύνων
496 864 540 891 διὰ
553 865 661 891 πάντων
675 865 729 891 τῶν
745 864 806 891 καθ’
820 865 884 900 ὃλην
895 865 944 900 τὴν

155 910 318 945 οἰκουμένην
332 909 426 936 ἐθνῶν.
451 910 495 936 Ἐν
504 910 609 942 τούτοις
623 911 677 946 γὰρ
692 911 738 937 τὸν
757 911 850 946 θρόνον
863 911 944 937 Δαυῖδ

998 317 1104 346 Domini
1125 317 1246 345 Sabaoth
1273 315 1357 344 faciet
1380 316 1447 343 haec.
1466 325 1476 342 ι
1493 315 1627 344 Observes
1648 320 1786 348 accurate,

997 371 1050 391 non
1067 362 1229 398 simpliciter
1245 362 1349 390 dictum
1369 361 1452 389 fuisse
1472 362 1559 396 ipsum
1577 362 1603 388 in
1619 361 1717 388 throno
1735 360 1787 388 Da-

995 411 1041 438 vid
1056 417 1194 439 sessurum
1214 415 1295 441 esse,
1317 408 1364 436 sed
1380 408 1461 435 etiam
1488 415 1569 442 super
1593 414 1705 441 regnum
1727 407 1785 442 ejus

996 457 1030 483 ad
1049 455 1199 491 regendum
1214 453 1296 486 illud;
1314 454 1392 481 nobis
1405 453 1630 481 subaudientibus
1642 457 1785 480 venturum

996 502 1071 529 illum
1090 509 1151 529 esse
1176 501 1209 528 ad
1229 501 1437 528 restaurandum
1461 499 1587 526 thronum
1614 498 1737 531 Davidis,
1758 503 1786 525 et

997 548 1203 575 tabernaculum
1223 547 1291 581 ejus,
1304 547 1375 581 quod
1394 547 1497 582 lapsum
1517 546 1615 573 fuerat.
1631 536 1698 578 Quia
1712 545 1785 572 enim

996 602 1011 621 a
1029 594 1198 630 temporibus
1221 593 1394 629 Babylonica
1420 592 1589 627 captivitatis
1606 598 1730 619 eversmn
1759 593 1787 616 et

996 641 1131 668 sublatum
1158 640 1248 667 fuerat
1273 646 1387 674 regnum
1416 638 1547 669 Davidis,
1580 645 1611 664 ac
1638 636 1787 671 prophetia:

995 687 1122 718 aderant,
1137 693 1197 721 quae
1222 686 1443 713 vaticinabantur
1462 685 1590 711 thronum
1613 682 1723 710 Davidis
1743 689 1788 709 so—

995 732 1060 758 laris
1077 731 1187 758 luminis
1211 731 1298 759 instar
1323 730 1521 758 illustraturnm
1544 736 1606 756 esse
1632 732 1718 755 totum
1740 734 1787 754 or.-

995 778 1076 810 bem;
1093 778 1165 805 hanc
1189 776 1235 805 ille
1256 776 1464 811 promissionem
1481 773 1621 809 impletum
1644 773 1734 806 venit,
1752 780 1786 800 ex

995 824 1100 851 semine
1123 823 1233 859 quidem
1264 823 1347 850 David
1373 821 1522 850 secundum
1553 826 1664 847 carnem
1685 825 1785 849 natus.

996 869 1100 896 animas
1120 873 1208 896 autem
1235 868 1376 895 hominum
1408 865 1584 897 illuminans,
1617 872 1649 892 ac
1674 871 1784 898 regnum

996 914 1054 949 ejus
1071 913 1140 948 apud
1168 921 1264 940 omnes
1293 913 1376 940 totius
1394 912 1469 939 orbis
1494 915 1588 946 gentes
1609 910 1784 937 conﬁrmans.

155 955 329 992 διωρθώσατο
345 976 353 988 ,
388 955 464 991 παρὰ
497 956 632 988 Ἰουδαίοις
662 956 864 992 καθῃρημένον.
890 956 944 982 Καὶ

997 946 1023 986 In
1050 946 1095 986 his
1118 959 1219 994 quippe
1244 965 1358 993 regnum
1389 956 1499 983 Davidis
1519 955 1624 987 erexit,
1650 962 1665 980 a
1685 953 1786 981 Judteis

155 1001 234 1030 τοῦτο
252 1001 369 1038 ἔπραξεν
380 1002 434 1028 ἀπὸ
448 1001 493 1028 τοῦ
509 1002 556 1029 νῦν
571 1003 618 1029 καὶ
647 1003 687 1034 είς
711 1002 754 1028 τὸν
765 1001 851 1028 αίῶνα
864 1010 871 1017 ·
897 1001 944 1028 τοῦ

158 1048 218 1084 μὲν,
235 1046 302 1074 (ἀπὸ
311 1047 357 1073 τοῦ
372 1047 446 1079 vium
463 1048 641 1083 σημαίνοντος
655 1048 742 1083 ἀρχὴν
756 1048 853 1083 χρόνου
881 1048 946 1083 ὡρι-

158 1093 271 1129 σμένην,
279 1093 312 1119 δι’
327 1091 360 1129 ἧς
371 1094 384 1120 ὁ
398 1093 491 1130 καιρὸς
507 1093 633 1129 ἐδηλοῦτο
645 1094 694 1129 τῆς
723 1095 762 1125 είς
786 1093 945 1130 ἀνθρώπους

158 1139 305 1174 ἐπιδημίας
323 1139 403 1166 αὑτοῦ
418 1148 425 1155 ·
454 1140 502 1166 τοῦ
526 1140 564 1171 δὲ,
595 1149 604 1166 ι
626 1140 666 1171 εἱς
692 1139 737 1167 τὸν
758 1139 853 1171 αἰῶνα,
869 1149 878 1165 ι
896 1139 945 1175 τὴν

158 1185 270 1216 ἄπειρον
283 1186 329 1212 καὶ
353 1186 451 1221 διαρκῆ
472 1186 610 1221 βασιλείαν
634 1186 716 1213 αὑτοῦ
744 1186 944 1221 παριστῶντος.

157 1230 294 1266 Τηρητέω
314 1231 354 1262 δὲ,
385 1232 423 1263 ὡς
440 1233 457 1266 ὴ
489 1231 538 1266 μὲν
564 1231 659 1266 πρώτη
684 1231 749 1266 περὶ
777 1231 824 1257 τοῦ
840 1239 946 1266 προφη-

155 1277 299 1312 τευομὲνου
313 1277 464 1313 πρόρρησις
482 1278 513 1303 ὲκ
531 1277 669 1312 Παρθένου
691 1276 870 1312 τεχθήσεσθαι
898 1277 946 1303 αὺ-

155 1324 202 1350 τὸν
215 1323 324 1359 ὲδήλου·
350 1325 367 1359 ἡ
388 1323 416 1349 δὲ
433 1323 557 1359 δευτέρα,
577 1323 676 1350 ὡσανεὶ
694 1323 871 1358 ζητουμένου,
888 1322 946 1354 πῶς

156 1369 232 1396 ἔσται
247 1369 337 1401 τοῦτο,
352 1369 398 1396 τὸν
409 1369 510 1405 Κύριον
520 1369 613 1405 εἰσῆγε
624 1368 746 1403 λέγοντα,
765 1379 773 1394 ι
788 1368 844 1394 Καὶ
863 1376 948 1404 προσ-

154 1415 238 1450 ῆλθον
272 1415 341 1451 πρὸς
357 1415 406 1450 τὴν
426 1415 581 1450 προφῆτιν·
609 1415 656 1441 καὶ
682 1415 711 1442 ὲν
735 1415 835 1449 γαστρὶ
857 1413 946 1446 ἕλαὸε,

155 1461 202 1488 καὶ
216 1461 308 1488 ἔτεκεν
320 1461 386 1487 υίόνο
404 1470 413 1486 ι
425 1462 442 1496 ἡ
454 1461 483 1488 δὲ
502 1461 580 1496 τρίτη
600 1460 692 1487 οὐκέτι
707 1461 870 1496 μνημονεύει
881 1461 949 1496 κυή-

155 1516 226 1540 σεως
248 1507 426 1543 παρθενικῆς,
443 1506 504 1533 οὐδὲ
525 1506 572 1533 τοῦ
591 1506 692 1542 τρόπου
720 1506 771 1540 τῆς
791 1505 862 1532 κατὰ
882 1506 948 1532 Θεὸν

154 1553 306 1588 παραδόξου
337 1552 496 1588 συλλήψεως
510 1560 516 1567 ·
546 1551 593 1579 ἅτε
627 1551 659 1587 δὴ
696 1551 949 1587 προμεμαθηκότων

153 1597 233 1633 ἡμῶν
257 1597 359 1628 ταῦτα,
375 1598 439 1632 περὶ
465 1596 512 1623 τοῦ
540 1596 634 1628 παιδὸς
660 1596 744 1623 αὑτοῦ
771 1595 946 1632 διεξέρχεται,

153 1631 319 1670 παιδεύουσα
334 1631 459 1678 ἡμᾶςγτὰ
470 1643 612 1680 ἀπόρρητα
629 1644 678 1678 τῆς
694 1642 759 1678 περὶ
784 1631 867 1669 αὐτοῦ
886 1643 945 1669 θεο-
959 1631 979 1659 C

152 1691 257 1725 λογίας·
272 1690 357 1717 ταῦτα
382 1689 411 1717 δὲ
425 1690 514 1717 πάντα
534 1690 597 1725 περὶ
616 1689 664 1716 τοῦ
685 1689 812 1725 τυχόντος
838 1689 944 1716 παιδίου

152 1736 291 1770 λέγεσθαι,
305 1736 355 1762 οὐκ
373 1733 431 1763 οῖδα
448 1736 507 1768 πῶς
522 1736 683 1771 συστήσαιεν
696 1737 721 1762 οἱ
733 1736 766 1763 ἐκ
783 1737 943 1772 περιτομῆς,

154 1781 193 1817 μὴ
209 1781 365 1817 βουλόμενοι
382 1781 583 1816 παραδέξασθαι
597 1782 642 1809 τὸν
664 1782 797 1818 ἡμέτερον
820 1782 943 1818 Σωτῆρα,

152 1825 178 1862 ᾦ
191 1829 227 1855 τὰ
238 1828 306 1863 ἔργα
320 1829 461 1863 μαρτυρεῖ,
478 1828 525 1854 καὶ
540 1828 595 1854 τῶν
616 1829 812 1864 πραγμάτωνὴ
834 1828 945 1860 ἔκϐασις

155 1874 218 1904 τοὺς
233 1873 329 1907 λόγους
346 1873 582 1909 ὲπισφραγίζεται.
609 1884 619 1900 ‹
651 1875 735 1910 Ζῆλος
759 1875 862 1910 Κυρίου
891 1875 945 1901 Σαη

153 1918 231 1946 ὃαὼθ
247 1919 354 1954 ποιήσει
370 1918 468 1945 ταῦτα.
490 1929 499 1944 ›
515 1919 594 1951 (loto;
608 1920 703 1956 ζῆλος,
722 1920 738 1956 ἢ
753 1920 784 1947 ὃν
809 1921 945 1956 ἐζήλωσεν

153 1963 258 1999 ἀγαθὸν
274 1965 322 1991 καὶ
346 1964 421 1999 αὐτῷ
441 1964 590 2000 πρέποντα,
610 1966 651 1997 εἱς
671 1965 701 1991 τὸ
729 1966 813 1993 σῶσαι
841 1967 945 1998 πάντας

151 2010 218 2042 τοὺς
234 2010 287 2036 ὑπὸ
312 2010 359 2037 τοῦ
375 2010 500 2037 διαϐόλου
522 2011 837 2045 καταδυναπευοέντας,
849 2013 895 2040 καὶ
907 2013 946 2044 είς

153 2055 288 2091 ἀθεότητα
302 2057 520 2092 κατασυρένταςς

193 2205 202 2221 ι
216 2196 336 2222 Θάνατον
366 2195 509 2222 ἀπέστειλε
546 2195 647 2231 Κύριος
674 2197 719 2223 ἐπὶ
758 2195 871 2228 Ἰακὼό,
898 2197 946 2223 καὶ

152 2240 234 2277 ἦλθεν
249 2243 296 2269 ἐπὶ
315 2243 440 2277 Ἰσραήλ·
466 2243 513 2269 καὶ
537 2243 686 2277 γνώσονται
707 2243 760 2274 πᾶς
775 2244 788 2269 ὁ
812 2242 876 2274 λαὸς
898 2243 944 2269 τοῦ

160 2287 289 2323 Ἐφραῒμ,
318 2288 364 2315 καὶ
383 2289 407 2314 οἱ
424 2288 572 2324 καθήμενοι
589 2290 617 2315 ὲν
641 2289 783 2325 Σαμαρείᾳ
798 2290 838 2323 ἐφ’
868 2289 944 2325 ὕϐρει

154 2335 202 2361 καὶ
218 2335 305 2370 ὑψηλῇ
318 2335 426 2371 καρδίᾳ,
454 2336 591 2369 λέγοντες·
610 2335 719 2362 Πλινθοι
749 2336 941 2363 πεπτώκασιν·

153 2380 222 2407 ἀλλὰ
233 2380 310 2407 δεῦτε
324 2381 496 2416 λαξεύσωμεν
512 2381 603 2413 λίθους
619 2401 626 2412 ,
643 2382 690 2408 καὶ
706 2382 833 2417 κόψωμεν
858 2391 942 2408 συκα-

156 2426 262 2463 μίνους,
280 2426 326 2452 καὶ
336 2427 457 2462 κὲδρους,
473 2427 520 2453 καὶ
529 2427 751 2463 οἰκοδομησωμεν
763 2427 868 2459 ἑαυτοῖς
876 2427 944 2463 πύρ-

152 2481 212 2507 γον.
226 2481 235 2498 r
259 2472 336 2499 Ἤτοι
356 2474 380 2499 οί
404 2473 452 2508 τὴν
482 2474 638 2510 Σαμάρειαν
667 2474 814 2505 οἰκοῦντες,
838 2474 944 2510 Ἰσραὴλ

151 2517 378 2554 χρηματίζοντες,
390 2518 437 2545 καὶ
453 2519 517 2550 λαός
535 2519 582 2546 τοῦ
601 2519 722 2555 Ἐυραῖμ
738 2520 942 2555 ὀνομαζόμενοι,

151 2564 196 2591 διὰ
209 2563 240 2590 τὸ
254 2563 444 2599 βασιλευθῆναι
457 2565 509 2591 ὑπὸ
518 2565 573 2591 τῶν
586 2566 618 2592 ὲκ
631 2565 719 2600 φυλῆς
743 2565 789 2592 τοῦ
813 2566 942 2601 Ἐφραῖμ,

152 2609 330 2646 χλευάζοντες
349 2610 401 2636 καὶ
431 2610 640 2643 ἐξευτελίζοντες
668 2611 718 2646 τὴν
751 2611 943 2647 Ἰερουσαλὴμ,

152 2655 273 2687 πλίνθοις
302 2655 405 2690 ταύτην
431 2656 547 2689 ἔφασκον
574 2657 793 2692 οἰκοδομεῖσθαι,
822 2658 869 2684 καὶ
894 2657 943 2690 τὰς

153 2702 254 2736 στέγας
277 2703 348 2737 ἔχειν
373 2712 382 2727 ε
404 2702 458 2728 ἀπὸ
474 2703 630 2738 συκαμίνων
645 2714 655 2728 ν
683 2703 699 2739 ἦ
733 2713 741 2728 ι
756 2704 914 2738 συκομόρων
931 2713 940 2728 ι

152 2749 225 2777 κατὰ
239 2749 301 2782 τοὺς
312 2750 422 2781 λοιποὺς
435 2749 615 2784 ἐρμηνευτάς.
629 2749 686 2776 Εἶθ’
702 2750 738 2782 ὡς
756 2749 833 2776 αὐτοὶ
844 2749 945 2784 βελτίο·

152 2804 188 2823 να
203 2795 278 2822 πόλιν
294 2795 547 2826 κατασκευάσοντες
559 2815 566 2826 ,
583 2795 782 2830 ἐπηγγέλλοντο
801 2795 845 2822 διὰ
864 2794 944 2822 λίθων

154 2842 257 2874 ξυστῶν
276 2842 323 2869 καὶ
338 2842 441 2877 κέδρων
460 2842 656 2876 οίκοδομήσειν,
676 2842 724 2868 καὶ
734 2842 794 2868 ἀντὶ
815 2840 863 2868 τοῦ
879 2841 944 2868 ναοῦ

152 2888 201 2913 τοῦ
225 2887 254 2914 ὲν
280 2887 458 2923 Ἰερουσαλὴμ
482 2887 586 2922 πύργον
610 2887 714 2919 ἑαυτοῖς
731 2888 893 2923 ἀναστήσειν
916 2888 944 2912 ὲν

154 2933 314 2967 Σαμαρείᾳ·
343 2934 382 2960 διὸ
408 2937 452 2961 καὶ
487 2933 578 2965 ἐπειδὴ
608 2933 718 2960 τοιαῦτα
746 2934 944 2967 τετολμήκασιν

995 1005 1141 1033 sublatum.
1165 1004 1197 1031 Et
1210 1004 1262 1032 hoc
1279 1003 1406 1038 praestitit
1421 1003 1456 1030 ab
1481 1002 1533 1029 hoc
1555 1006 1677 1036 tempore
1698 1007 1785 1033 usque

995 1052 1022 1078 in
1042 1050 1186 1082 saeculum;
1204 1049 1240 1076 ita
1257 1054 1286 1076 ut
1302 1048 1378 1080 illud,
1397 1056 1407 1074 ε
1423 1047 1538 1079 amodo,
1562 1056 1571 1072 ι
1589 1046 1695 1072 initium
1716 1050 1786 1071 tem—

995 1096 1068 1131 poris
1083 1096 1223 1123 deﬁnitum
1243 1094 1389 1130 signiﬁcet,
1412 1100 1466 1127 quo
1482 1097 1589 1127 tempus
1603 1092 1660 1126 ejus
1683 1091 1716 1118 ad
1738 1091 1786 1118 ho—

996 1144 1081 1171 mines
1097 1143 1230 1170 adventus
1248 1141 1422 1173 declaratur;
1437 1139 1502 1167 illud
1519 1143 1621 1170 autem,
1643 1147 1653 1163 ι
1671 1138 1697 1165 in
1712 1144 1786 1164 sem-

996 1191 1147 1225 piternum,
1171 1197 1181 1214 ι
1197 1187 1332 1215 inﬁnitum
1353 1193 1386 1213 ac
1410 1190 1573 1221 perpetuum
1596 1191 1710 1218 regnum
1729 1183 1786 1216 ejus

996 1235 1127 1263 declarat.
1147 1233 1353 1262 Observandum
1373 1236 1463 1259 autem
1482 1235 1536 1262 est,
1562 1230 1677 1265 primam
1698 1229 1732 1256 de
1753 1236 1786 1256 eo

996 1281 1041 1315 qui
1064 1281 1090 1308 in
1115 1280 1256 1315 prophetia
1281 1279 1382 1310 fertur,
1407 1277 1629 1312 praedictionem,
1653 1275 1727 1302 illum
1753 1281 1785 1300 ex

998 1326 1107 1362 Virgine
1131 1325 1296 1353 nasciturum
1319 1331 1380 1350 esse
1400 1322 1559 1356 declarare;
1574 1319 1721 1348 secundam
1742 1327 1787 1346 ve-

998 1380 1038 1403 ro,
1062 1380 1094 1399 ac
1113 1372 1136 1399 si
1163 1375 1318 1406 quaeratur,
1345 1377 1400 1405 quo
1421 1374 1503 1403 pacto
1530 1368 1555 1395 id
1581 1367 1701 1394 futurum
1732 1366 1786 1396 sit,

998 1420 1085 1455 ipsum
1107 1417 1250 1445 Dominum
1285 1416 1326 1443 sic
1352 1416 1508 1450 loquentem
1546 1414 1686 1444 inducere,
1722 1420 1730 1437 ι
1754 1410 1787 1438 Ει

999 1464 1101 1492 accessi
1120 1463 1153 1490 ad
1179 1462 1400 1498 prophetissam:
1421 1465 1449 1488 et
1465 1461 1490 1488 in
1511 1466 1588 1487 utero
1612 1457 1734 1492 accepit.
1761 1461 1788 1484 et

999 1509 1105 1545 peperit
1115 1508 1230 1540 Filium;
1252 1517 1261 1534 ι
1286 1507 1393 1534 tertiam
1417 1511 1524 1537 autem,
1545 1505 1696 1540 virgineum
1722 1510 1787 1537 par-

1001 1561 1057 1582 tum
1076 1563 1128 1583 non
1147 1554 1219 1582 ultra
1237 1560 1400 1586 memorare,
1417 1558 1505 1586 neque
1520 1551 1629 1579 modum
1647 1551 1789 1584 stupenda

1001 1601 1074 1628 illius
1090 1599 1238 1627 secundum
1263 1597 1347 1625 Deum
1376 1596 1573 1631 conceptionia,
1591 1599 1684 1630 utpote
1710 1594 1788 1622 nobis

997 1647 1068 1674 hanc
1092 1653 1149 1674 rem
1171 1645 1227 1679 jam
1243 1644 1365 1676 edoctis;
1391 1644 1439 1670 sed
1455 1643 1488 1669 de
1514 1641 1585 1669 Filio
1604 1641 1689 1675 ipsius
1705 1639 1786 1667 verba

999 1694 1109 1723 facere.
1138 1698 1242 1725 nosque
1268 1690 1292 1716 in
1323 1688 1465 1724 theologia!
1493 1687 1551 1720 ejus
1576 1687 1685 1714 arcanis
1709 1685 1787 1713 insti-

998 1744 1085 1765 tuere.
1110 1737 1247 1764 Caeterum
1270 1736 1363 1762 nescio
1385 1741 1440 1768 quo
1464 1738 1544 1768 pacto
1565 1733 1582 1759 ii
1607 1732 1652 1767 qui
1677 1739 1710 1759 ex
1735 1732 1788 1758 cir-

996 1784 1165 1812 cumcisione
1181 1786 1252 1815 sunt,
1277 1781 1334 1808 haec
1360 1780 1392 1808 de
1418 1779 1522 1814 vulgari
1547 1785 1630 1813 puero
1656 1777 1708 1805 dici
1732 1781 1789 1804 sta-

997 1834 1088 1862 tuant,
1105 1829 1229 1856 nolentes
1243 1828 1390 1855 admittere
1405 1825 1577 1853 Salvatorem
1591 1828 1728 1855 nostrum,
1743 1823 1787 1850 cui

997 1878 1054 1912 ipsa
1067 1883 1149 1911 opera
1170 1874 1356 1902 testimonium
1375 1872 1508 1904 atterunt,
1533 1878 1593 1899 cum
1613 1875 1727 1897 eventus
1744 1876 1789 1896 re-

998 1931 1057 1950 rmn
1081 1928 1222 1950 sermones
1254 1919 1388 1953 obsignet.
1411 1927 1420 1944 ι
1439 1917 1518 1945 Zelus
1540 1916 1645 1944 Domini
1668 1915 1787 1943 Sabaoth

997 1970 1077 1997 l'aciet
1095 1969 1164 1995 haec.
1187 1976 1197 1992 ι
1219 1966 1285 2000 Quis
1301 1966 1376 1993 zelus
1397 1965 1448 1992 nisi
1467 1964 1511 1992 ille
1531 1964 1618 1991 bonus
1638 1967 1666 1990 et
1689 1962 1789 1989 conde-

997 2023 1071 2048 cens,
1094 2022 1149 2049 quo
1167 2014 1212 2042 ille
1232 2014 1361 2041 incensus
1378 2016 1430 2042 cst,
1451 2011 1483 2038 ad
1508 2010 1623 2036 salutem
1647 2008 1682 2035 iis
1701 2007 1790 2035 omni-

998 2063 1048 2090 bus
1063 2061 1224 2097 parandam,
1249 2061 1294 2094 qui
1313 2059 1363 2086 sub
1387 2058 1507 2086 dominio
1531 2056 1631 2084 diaboli
1651 2060 1746 2087 erant,
1761 2059 1789 2081 et

998 2109 1024 2136 in
1042 2108 1209 2143 impietatem
1237 2104 1369 2142 pertracti
1393 2103 1524 2132 fuerant?

1034 2200 1115 2228 Vens.
1139 2198 1218 2227 8-10.
1234 2207 1243 2225 ι
1262 2197 1377 2225 Mortem
1394 2197 1469 2224 misit
1483 2195 1613 2224 Dominus
1634 2200 1715 2229 super
1741 2191 1788 2221 Ja-

998 2245 1060 2279 cob,
1084 2250 1111 2272 et
1138 2246 1214 2272 venit
1241 2251 1325 2278 super
1346 2243 1452 2270 Israel:
1477 2246 1505 2269 et
1529 2244 1675 2276 cognoscet
1700 2238 1787 2266 omnis

998 2293 1114 2328 populus
1137 2291 1289 2326 Ephraim,
1321 2293 1349 2316 et
1374 2288 1420 2323 qui
1447 2288 1543 2315 sedent
1564 2286 1591 2314 in
1615 2286 1738 2313 Samaria
1761 2283 1788 2310 in

999 2337 1163 2365 contumelia
1179 2340 1207 2363 et
1228 2335 1284 2362 alto
1300 2334 1393 2366 corde,
1418 2334 1559 2360 dicentes:
1585 2331 1695 2358 Lateres
1717 2330 1789 2356 Ceci-

999 2385 1115 2416 derunt;
1137 2383 1184 2411 sed
1208 2382 1310 2414 venite.
1327 2381 1449 2408 dolemus
1464 2379 1576 2414 lapides,
1603 2383 1630 2405 et
1653 2376 1788 2404 cmdamus

999 2431 1154 2467 sycaminos
1169 2434 1197 2457 et
1213 2429 1321 2460 cedros,
1337 2432 1364 2454 et
1376 2427 1543 2454 aediﬁcamus
1557 2424 1636 2451 nobis
1651 2422 1758 2450 turrim.
1775 2431 1786 2447 ιι

999 2478 1026 2504 ld
1047 2483 1098 2509 est,
1119 2477 1137 2503 ii
1163 2476 1209 2510 qui
1237 2475 1388 2503 Samariam
1420 2472 1554 2502 incolunt|
1581 2469 1662 2498 Israel
1683 2475 1787 2496 nuncu-

997 2525 1064 2559 pati,
1086 2529 1113 2550 et
1127 2522 1242 2557 populus
1260 2521 1388 2556 Ephraim
1404 2518 1506 2550 vocati,
1527 2517 1589 2551 quia
1613 2515 1722 2550 regibus
1737 2513 1786 2540 tri-

997 2572 1047 2597 bus
1073 2569 1200 2604 Ephraim
1223 2569 1324 2595 subditi
1346 2571 1440 2598 erant,
1462 2565 1605 2592 irridentes
1622 2566 1649 2588 et
1672 2559 1787 2593 vilipen-

997 2616 1093 2643 dentes
1107 2614 1271 2644 Jerusalem,
1289 2614 1373 2648 ipsam
1392 2620 1424 2638 ex
1443 2610 1573 2638 lateribus
1594 2610 1727 2633 structam
1746 2604 1787 2631 di-

995 2660 1111 2691 cebant,
1137 2666 1169 2686 ac
1190 2658 1294 2692 tegulas
1320 2657 1419 2684 habere
1442 2663 1474 2682 ea:
1492 2653 1645 2689 sycamiuis,
1665 2651 1722 2678 sive
1743 2657 1787 2677 se-

995 2704 1113 2731 cundum
1133 2704 1251 2738 reliquos
1268 2703 1441 2740 interpretes.
1459 2706 1490 2726 ea:
1508 2697 1670 2733 sycamoris,
1689 2695 1785 2722 factas.

997 2750 1097 2777 Deinde
1111 2757 1190 2780 vero,
1207 2756 1240 2776 ac
1262 2749 1284 2776 si
1307 2749 1344 2775 illi
1368 2745 1584 2782 praestantiorem
1604 2742 1697 2770 urbem
1713 2747 1786 2769 stru-

998 2796 1068 2823 cturi
1084 2799 1193 2827 essent,
1215 2801 1275 2822 eam
1292 2802 1324 2821 cx
1341 2793 1435 2820 incisis
1450 2789 1585 2825 lapidibus
1598 2793 1626 2816 et
1643 2795 1676 2815 ex
1696 2788 1787 2814 cedris

997 2849 1028 2869 se
1050 2841 1234 2869 :cdillcaluros
1258 2846 1320 2867 esse
1346 2837 1564 2873 pollicebantur:
1587 2841 1614 2862 et
1642 2833 1734 2868 templi
1759 2833 1785 2859 in

996 2886 1146 2914 Jerusalem
1164 2885 1262 2912 stantis
1281 2885 1354 2916 loco,
1382 2885 1478 2910 turrim
1504 2882 1555 2909 sibi
1573 2881 1742 2908 excitaturus
1759 2879 1785 2904 in

998 2931 1138 2965 Samaria;
1159 2930 1220 2959 ideo
1237 2929 1300 2965 quia
1317 2929 1354 2956 illi
1375 2930 1401 2956 in
1421 2933 1523 2956 tantam
1542 2925 1727 2961 arrogantiam
1741 2931 1787 2953 vc-
