  <div class='ocr_page' id='page_1' title='image "/cluster/home/n/w/nwhite01/storage/ocr_20150623/24/njp.32101077772513/086.png"; bbox 0 0 2059 3215; ppageno 0'>
   <div class='ocr_carea' id='block_1_1' title="bbox 166 211 216 238">
    <p class='ocr_par' dir='ltr' id='par_1_1' title="bbox 166 211 216 238">
     <span class='ocr_line' id='line_1_1' title="bbox 166 211 216 238; baseline 0 -1"><span class='ocrx_word' id='word_1_1' title='bbox 166 211 216 238; x_wconf 78' lang='grc'><strong>157</strong></span> 
     </span>
    </p>
   </div>
   <div class='ocr_carea' id='block_1_2' title="bbox 648 206 1306 240">
    <p class='ocr_par' dir='ltr' id='par_1_2' title="bbox 648 206 1306 240">
     <span class='ocr_line' id='line_1_2' title="bbox 648 206 1306 240; baseline -0.009 0"><span class='ocrx_word' id='word_1_2' title='bbox 648 211 900 240; x_wconf 70' lang='lat' dir='ltr'><strong>COMMENTABIA</strong></span> <span class='ocrx_word' id='word_1_3' title='bbox 920 211 953 239; x_wconf 89' lang='lat' dir='ltr'><strong>IN</strong></span> <span class='ocrx_word' id='word_1_4' title='bbox 973 210 1102 238; x_wconf 72' lang='lat' dir='ltr'><strong>lSAlAM.</strong></span> <span class='ocrx_word' id='word_1_5' title='bbox 1123 224 1157 231; x_wconf 89' lang='lat'><strong><em>—</em></strong></span> <span class='ocrx_word' id='word_1_6' title='bbox 1175 208 1251 237; x_wconf 78' lang='lat' dir='ltr'><strong>CAP.</strong></span> <span class='ocrx_word' id='word_1_7' title='bbox 1272 206 1306 234; x_wconf 78' lang='grc' dir='ltr'><strong>Χ.</strong></span> 
     </span>
    </p>
   </div>
   <div class='ocr_carea' id='block_1_3' title="bbox 1738 203 1790 231">
    <p class='ocr_par' dir='ltr' id='par_1_3' title="bbox 1738 203 1790 231">
     <span class='ocr_line' id='line_1_3' title="bbox 1738 203 1790 231; baseline 0 -2"><span class='ocrx_word' id='word_1_8' title='bbox 1738 204 1751 231; x_wconf 81' lang='lat' dir='ltr'><strong>l</strong></span> <span class='ocrx_word' id='word_1_9' title='bbox 1757 203 1790 230; x_wconf 71' lang='lat'><strong>58</strong></span> 
     </span>
    </p>
   </div>
   <div class='ocr_carea' id='block_1_4' title="bbox 161 260 952 308">
    <p class='ocr_par' dir='ltr' id='par_1_4' title="bbox 161 268 949 308">
     <span class='ocr_line' id='line_1_4' title="bbox 161 268 949 308; baseline 0.003 -13"><span class='ocrx_word' id='word_1_10' title='bbox 161 270 208 296; x_wconf 76' lang='grc' dir='ltr'><strong>καὶ</strong></span> <span class='ocrx_word' id='word_1_11' title='bbox 233 268 310 295; x_wconf 71' lang='grc' dir='ltr'>ἔσται</span> <span class='ocrx_word' id='word_1_12' title='bbox 332 270 346 295; x_wconf 84' lang='grc' dir='ltr'><strong>ό</strong></span> <span class='ocrx_word' id='word_1_13' title='bbox 370 269 433 300; x_wconf 80' lang='grc' dir='ltr'>λαὸς</span> <span class='ocrx_word' id='word_1_14' title='bbox 453 269 491 301; x_wconf 85' lang='grc' dir='ltr'>ὡς</span> <span class='ocrx_word' id='word_1_15' title='bbox 515 271 756 305; x_wconf 81' lang='grc' dir='ltr'>κατακεκαυμένος</span> <span class='ocrx_word' id='word_1_16' title='bbox 780 271 833 298; x_wconf 73' lang='grc' dir='ltr'>ὑπὸ</span> <span class='ocrx_word' id='word_1_17' title='bbox 854 271 949 308; x_wconf 83' lang='grc' dir='ltr'>πυρός.</span> 
     </span>
    </p>
   </div>
   <div class='ocr_carea' id='block_1_5' title="bbox 1002 260 1791 308">
    <p class='ocr_par' dir='ltr' id='par_1_5' title="bbox 1003 260 1791 296">
     <span class='ocr_line' id='line_1_5' title="bbox 1003 260 1791 296; baseline -0.013 0"><span class='ocrx_word' id='word_1_18' title='bbox 1003 270 1081 296; x_wconf 81' lang='lat' dir='ltr'><strong>busta</strong></span> <span class='ocrx_word' id='word_1_19' title='bbox 1099 273 1141 296; x_wconf 85' lang='lat' dir='ltr'><strong>est</strong></span> <span class='ocrx_word' id='word_1_20' title='bbox 1156 267 1282 294; x_wconf 84' lang='lat' dir='ltr'><strong>universa</strong></span> <span class='ocrx_word' id='word_1_21' title='bbox 1300 269 1383 294; x_wconf 81' lang='lat' dir='ltr'><strong>terra,</strong></span> <span class='ocrx_word' id='word_1_22' title='bbox 1393 266 1420 289; x_wconf 84' lang='lat' dir='ltr'><strong>et</strong></span> <span class='ocrx_word' id='word_1_23' title='bbox 1434 262 1488 288; x_wconf 86' lang='lat' dir='ltr'><strong>erit</strong></span> <span class='ocrx_word' id='word_1_24' title='bbox 1508 260 1621 295; x_wconf 84' lang='lat' dir='ltr'><strong>populus</strong></span> <span class='ocrx_word' id='word_1_25' title='bbox 1635 260 1712 294; x_wconf 82' lang='lat' dir='ltr'><strong>quasi</strong></span> <span class='ocrx_word' id='word_1_26' title='bbox 1729 267 1791 287; x_wconf 87' lang='lat' dir='ltr'><strong>suc-</strong></span> 
     </span>
    </p>
   </div>
   <div class='ocr_carea' id='block_1_6' title="bbox 162 315 950 352">
    <p class='ocr_par' dir='ltr' id='par_1_6' title="bbox 162 315 950 352">
     <span class='ocr_line' id='line_1_6' title="bbox 162 315 950 352; baseline 0.004 -11"><span class='ocrx_word' id='word_1_27' title='bbox 162 315 322 351; x_wconf 74' lang='grc' dir='ltr'>’Λνορωπος</span> <span class='ocrx_word' id='word_1_28' title='bbox 339 316 384 341; x_wconf 82' lang='grc' dir='ltr'>τὸν</span> <span class='ocrx_word' id='word_1_29' title='bbox 400 315 512 350; x_wconf 78' lang='grc' dir='ltr'>ἀδελφὸν</span> <span class='ocrx_word' id='word_1_30' title='bbox 529 316 611 342; x_wconf 76' lang='grc' dir='ltr'>αὑτοῦ</span> <span class='ocrx_word' id='word_1_31' title='bbox 627 317 678 343; x_wconf 79' lang='grc' dir='ltr'><strong>οὐκ</strong></span> <span class='ocrx_word' id='word_1_32' title='bbox 691 317 805 352; x_wconf 69' lang='grc' dir='ltr'>ἐλεήσει·</span> <span class='ocrx_word' id='word_1_33' title='bbox 822 317 890 344; x_wconf 69' lang='grc' dir='ltr'>ἀλλὰ</span> <span class='ocrx_word' id='word_1_34' title='bbox 903 318 950 344; x_wconf 75' lang='grc' dir='ltr'>ἐκ·</span> 
     </span>
    </p>
   </div>
   <div class='ocr_carea' id='block_1_7' title="bbox 161 360 950 397">
    <p class='ocr_par' dir='ltr' id='par_1_7' title="bbox 161 360 950 397">
     <span class='ocr_line' id='line_1_7' title="bbox 161 360 950 397; baseline 0.004 -10"><span class='ocrx_word' id='word_1_35' title='bbox 161 361 248 388; x_wconf 80' lang='grc' dir='ltr'>κλινεῖ</span> <span class='ocrx_word' id='word_1_36' title='bbox 262 361 302 392; x_wconf 76' lang='grc' dir='ltr'><strong>είς</strong></span> <span class='ocrx_word' id='word_1_37' title='bbox 316 361 350 388; x_wconf 85' lang='grc' dir='ltr'>τὰ</span> <span class='ocrx_word' id='word_1_38' title='bbox 364 360 449 393; x_wconf 76' lang='grc' dir='ltr'>δεξιὰ,</span> <span class='ocrx_word' id='word_1_39' title='bbox 464 361 505 388; x_wconf 79' lang='grc' dir='ltr'>ὅτι</span> <span class='ocrx_word' id='word_1_40' title='bbox 522 362 644 390; x_wconf 79' lang='grc' dir='ltr'>πεινάσει</span> <span class='ocrx_word' id='word_1_41' title='bbox 657 363 704 389; x_wconf 81' lang='grc' dir='ltr'>καὶ</span> <span class='ocrx_word' id='word_1_42' title='bbox 719 363 834 397; x_wconf 76' lang='grc' dir='ltr'><strong>φάγεται</strong></span> <span class='ocrx_word' id='word_1_43' title='bbox 851 364 882 390; x_wconf 76' lang='grc' dir='ltr'><strong>ἐκ</strong></span> <span class='ocrx_word' id='word_1_44' title='bbox 897 364 950 390; x_wconf 86' lang='grc' dir='ltr'><strong>τῶν</strong></span> 
     </span>
    </p>
   </div>
   <div class='ocr_carea' id='block_1_8' title="bbox 160 406 950 445">
    <p class='ocr_par' dir='ltr' id='par_1_8' title="bbox 160 406 950 445">
     <span class='ocr_line' id='line_1_8' title="bbox 160 406 950 445; baseline 0.004 -12"><span class='ocrx_word' id='word_1_45' title='bbox 160 406 324 442; x_wconf 77' lang='grc' dir='ltr'>ἀριστερῶν,</span> <span class='ocrx_word' id='word_1_46' title='bbox 350 408 398 434; x_wconf 75' lang='grc' dir='ltr'>καὶ</span> <span class='ocrx_word' id='word_1_47' title='bbox 422 409 453 433; x_wconf 84' lang='grc' dir='ltr'><strong>οὐ</strong></span> <span class='ocrx_word' id='word_1_48' title='bbox 478 407 515 443; x_wconf 77' lang='grc' dir='ltr'>μὴ</span> <span class='ocrx_word' id='word_1_49' title='bbox 538 408 681 444; x_wconf 73' lang='grc' dir='ltr'><strong>ἐμπλησθῇ</strong></span> <span class='ocrx_word' id='word_1_50' title='bbox 699 409 842 445; x_wconf 75' lang='grc' dir='ltr'>ἄνθρωπος</span> <span class='ocrx_word' id='word_1_51' title='bbox 865 409 950 436; x_wconf 76' lang='grc' dir='ltr'>ἔσθων</span> 
     </span>
    </p>
   </div>
   <div class='ocr_carea' id='block_1_9' title="bbox 160 452 950 491">
    <p class='ocr_par' dir='ltr' id='par_1_9' title="bbox 160 452 950 491">
     <span class='ocr_line' id='line_1_9' title="bbox 160 452 950 491; baseline 0.006 -13"><span class='ocrx_word' id='word_1_52' title='bbox 160 452 209 483; x_wconf 81' lang='grc' dir='ltr'>τὰς</span> <span class='ocrx_word' id='word_1_53' title='bbox 225 453 329 488; x_wconf 79' lang='grc' dir='ltr'><strong>σάρκας</strong></span> <span class='ocrx_word' id='word_1_54' title='bbox 345 452 392 479; x_wconf 77' lang='grc' dir='ltr'>τοῦ</span> <span class='ocrx_word' id='word_1_55' title='bbox 415 453 555 489; x_wconf 80' lang='grc' dir='ltr'>βραχίονος</span> <span class='ocrx_word' id='word_1_56' title='bbox 572 454 666 481; x_wconf 67' lang='grc' dir='ltr'>αὐτοῦ.</span> <span class='ocrx_word' id='word_1_57' title='bbox 683 455 802 489; x_wconf 73' lang='grc' dir='ltr'>Φαγεται</span> <span class='ocrx_word' id='word_1_58' title='bbox 818 455 873 491; x_wconf 88' lang='grc' dir='ltr'>γὰρ</span> <span class='ocrx_word' id='word_1_59' title='bbox 890 456 950 483; x_wconf 86' lang='grc' dir='ltr'><strong>Μα-</strong></span> 
     </span>
    </p>
   </div>
   <div class='ocr_carea' id='block_1_10' title="bbox 161 496 951 537">
    <p class='ocr_par' dir='ltr' id='par_1_10' title="bbox 161 496 951 537">
     <span class='ocr_line' id='line_1_10' title="bbox 161 496 951 537; baseline 0.01 -16"><span class='ocrx_word' id='word_1_60' title='bbox 161 496 263 531; x_wconf 79' lang='grc' dir='ltr'>νασσῆς</span> <span class='ocrx_word' id='word_1_61' title='bbox 278 496 325 522; x_wconf 80' lang='grc' dir='ltr'><strong>τοῦ</strong></span> <span class='ocrx_word' id='word_1_62' title='bbox 349 497 479 532; x_wconf 69' lang='grc' dir='ltr'>Ἑτρραϊμ,</span> <span class='ocrx_word' id='word_1_63' title='bbox 493 499 541 524; x_wconf 77' lang='grc' dir='ltr'><strong>καὶ</strong></span> <span class='ocrx_word' id='word_1_64' title='bbox 558 499 677 534; x_wconf 73' lang='grc' dir='ltr'>Ἑφραῖμ</span> <span class='ocrx_word' id='word_1_65' title='bbox 690 500 736 526; x_wconf 77' lang='grc' dir='ltr'>τοῦ</span> <span class='ocrx_word' id='word_1_66' title='bbox 750 501 895 537; x_wconf 78' lang='grc' dir='ltr'>Μανασσῆ,</span> <span class='ocrx_word' id='word_1_67' title='bbox 910 503 951 529; x_wconf 85' lang='grc' dir='ltr'><strong>ὅτι</strong></span> 
     </span>
    </p>
   </div>
   <div class='ocr_carea' id='block_1_11' title="bbox 161 541 952 578">
    <p class='ocr_par' dir='ltr' id='par_1_11' title="bbox 161 541 952 578">
     <span class='ocr_line' id='line_1_11' title="bbox 161 541 952 578; baseline 0.01 -12"><span class='ocrx_word' id='word_1_68' title='bbox 161 541 220 576; x_wconf 76' lang='grc' dir='ltr'>ἃμα</span> <span class='ocrx_word' id='word_1_69' title='bbox 233 541 444 577; x_wconf 82' lang='grc' dir='ltr'>πολιορκήσουσι</span> <span class='ocrx_word' id='word_1_70' title='bbox 458 543 503 569; x_wconf 78' lang='grc' dir='ltr'>τὸν</span> <span class='ocrx_word' id='word_1_71' title='bbox 521 543 632 570; x_wconf 79' lang='grc' dir='ltr'>Ἰούδαν.</span> <span class='ocrx_word' id='word_1_72' title='bbox 658 546 718 571; x_wconf 78' lang='grc' dir='ltr'>Ἐπὶ</span> <span class='ocrx_word' id='word_1_73' title='bbox 738 545 844 578; x_wconf 82' lang='grc' dir='ltr'><strong>τούτοις</strong></span> <span class='ocrx_word' id='word_1_74' title='bbox 869 548 952 575; x_wconf 81' lang='grc' dir='ltr'>πᾶσιν</span> 
     </span>
    </p>
   </div>
   <div class='ocr_carea' id='block_1_12' title="bbox 160 585 949 629">
    <p class='ocr_par' dir='ltr' id='par_1_12' title="bbox 160 585 949 629">
     <span class='ocr_line' id='line_1_12' title="bbox 160 585 949 629; baseline 0.008 -16"><span class='ocrx_word' id='word_1_75' title='bbox 160 588 211 614; x_wconf 74' lang='grc' dir='ltr'><strong>οὐκ</strong></span> <span class='ocrx_word' id='word_1_76' title='bbox 226 588 389 624; x_wconf 71' lang='grc' dir='ltr'><strong>ἀπεστράφη</strong></span> <span class='ocrx_word' id='word_1_77' title='bbox 412 590 426 615; x_wconf 77' lang='grc' dir='ltr'>ὁ</span> <span class='ocrx_word' id='word_1_78' title='bbox 448 588 544 625; x_wconf 80' lang='grc' dir='ltr'>Θυμδς.</span> <span class='ocrx_word' id='word_1_79' title='bbox 561 590 617 616; x_wconf 81' lang='grc' dir='ltr'>ἀλλ’</span> <span class='ocrx_word' id='word_1_80' title='bbox 636 590 675 617; x_wconf 74' lang='grc' dir='ltr'><strong>ἐτι</strong></span> <span class='ocrx_word' id='word_1_81' title='bbox 699 593 716 626; x_wconf 83' lang='grc' dir='ltr'>ὴ</span> <span class='ocrx_word' id='word_1_82' title='bbox 737 592 797 628; x_wconf 72' lang='grc' dir='ltr'>χεὶρ</span> <span class='ocrx_word' id='word_1_83' title='bbox 817 585 916 629; x_wconf 70' lang='grc' dir='ltr'>ὑψηλή.</span> <span class='ocrx_word' id='word_1_84' title='bbox 940 604 949 619; x_wconf 72' lang='grc' dir='ltr'><strong>ι</strong></span> 
     </span>
    </p>
   </div>
   <div class='ocr_carea' id='block_1_13' title="bbox 165 634 951 673">
    <p class='ocr_par' dir='ltr' id='par_1_13' title="bbox 165 634 951 673">
     <span class='ocr_line' id='line_1_13' title="bbox 165 634 951 673; baseline 0.008 -14"><span class='ocrx_word' id='word_1_85' title='bbox 165 634 211 665; x_wconf 79' lang='grc' dir='ltr'>Ὧς</span> <span class='ocrx_word' id='word_1_86' title='bbox 227 634 412 669; x_wconf 78' lang='grc' dir='ltr'>ὲπαναστῆναι</span> <span class='ocrx_word' id='word_1_87' title='bbox 431 634 546 669; x_wconf 75' lang='grc' dir='ltr'>ἀδελφὺν</span> <span class='ocrx_word' id='word_1_88' title='bbox 568 635 689 671; x_wconf 81' lang='grc' dir='ltr'><strong>ἀδελφῷ,</strong></span> <span class='ocrx_word' id='word_1_89' title='bbox 707 638 754 663; x_wconf 83' lang='grc' dir='ltr'><strong>καὶ</strong></span> <span class='ocrx_word' id='word_1_90' title='bbox 777 637 880 673; x_wconf 75' lang='grc' dir='ltr'>μηδένα</span> <span class='ocrx_word' id='word_1_91' title='bbox 904 639 951 665; x_wconf 84' lang='grc' dir='ltr'>τοῦ</span> 
     </span>
    </p>
   </div>
   <div class='ocr_carea' id='block_1_14' title="bbox 160 679 953 720">
    <p class='ocr_par' dir='ltr' id='par_1_14' title="bbox 160 679 953 720">
     <span class='ocr_line' id='line_1_14' title="bbox 160 679 953 720; baseline 0.006 -14"><span class='ocrx_word' id='word_1_92' title='bbox 160 679 247 712; x_wconf 75' lang='grc' dir='ltr'>πέλας</span> <span class='ocrx_word' id='word_1_93' title='bbox 262 680 410 714; x_wconf 77' lang='grc' dir='ltr'>φείσασθαι</span> <span class='ocrx_word' id='word_1_94' title='bbox 422 689 428 695; x_wconf 94' lang='grc'><strong>·</strong></span> <span class='ocrx_word' id='word_1_95' title='bbox 446 681 551 712; x_wconf 77' lang='grc' dir='ltr'>πάντας</span> <span class='ocrx_word' id='word_1_96' title='bbox 566 681 593 708; x_wconf 81' lang='grc' dir='ltr'><strong>δὲ</strong></span> <span class='ocrx_word' id='word_1_97' title='bbox 608 682 733 718; x_wconf 84' lang='grc' dir='ltr'>ἀλλήλοις</span> <span class='ocrx_word' id='word_1_98' title='bbox 750 684 904 720; x_wconf 77' lang='grc' dir='ltr'>χρήσασθαι</span> <span class='ocrx_word' id='word_1_99' title='bbox 915 685 953 717; x_wconf 86' lang='grc' dir='ltr'>ὼς</span> 
     </span>
    </p>
   </div>
   <div class='ocr_carea' id='block_1_15' title="bbox 161 726 952 766">
    <p class='ocr_par' dir='ltr' id='par_1_15' title="bbox 161 726 952 766">
     <span class='ocr_line' id='line_1_15' title="bbox 161 726 952 766; baseline 0.006 -14"><span class='ocrx_word' id='word_1_100' title='bbox 161 726 319 761; x_wconf 75' lang='grc' dir='ltr'>πολεμίοις’</span> <span class='ocrx_word' id='word_1_101' title='bbox 342 726 380 758; x_wconf 85' lang='grc' dir='ltr'>ὡς</span> <span class='ocrx_word' id='word_1_102' title='bbox 396 727 435 758; x_wconf 78' lang='grc' dir='ltr'>εὶς</span> <span class='ocrx_word' id='word_1_103' title='bbox 455 727 581 754; x_wconf 81' lang='grc' dir='ltr'>τοσοῦτον</span> <span class='ocrx_word' id='word_1_104' title='bbox 604 728 711 755; x_wconf 80' lang='grc' dir='ltr'><strong>ἐλάσειν</strong></span> <span class='ocrx_word' id='word_1_105' title='bbox 730 730 952 766; x_wconf 69' lang='grc' dir='ltr'><strong>ἀναφλεγομένην</strong></span> 
     </span>
    </p>
   </div>
   <div class='ocr_carea' id='block_1_16' title="bbox 161 772 952 812">
    <p class='ocr_par' dir='ltr' id='par_1_16' title="bbox 161 772 952 812">
     <span class='ocr_line' id='line_1_16' title="bbox 161 772 952 812; baseline 0.006 -13"><span class='ocrx_word' id='word_1_106' title='bbox 161 773 253 804; x_wconf 75' lang='grc' dir='ltr'>αὐτοῖς</span> <span class='ocrx_word' id='word_1_107' title='bbox 275 772 324 808; x_wconf 69' lang='grc' dir='ltr'>τὴν</span> <span class='ocrx_word' id='word_1_108' title='bbox 343 772 412 807; x_wconf 81' lang='grc' dir='ltr'>πρὸς</span> <span class='ocrx_word' id='word_1_109' title='bbox 428 773 554 808; x_wconf 82' lang='grc' dir='ltr'>ἀλλήλοις</span> <span class='ocrx_word' id='word_1_110' title='bbox 571 775 675 807; x_wconf 79' lang='grc' dir='ltr'><strong>στάσιν,</strong></span> <span class='ocrx_word' id='word_1_111' title='bbox 692 776 738 803; x_wconf 74' lang='grc' dir='ltr'><strong>καὶ</strong></span> <span class='ocrx_word' id='word_1_112' title='bbox 754 777 801 803; x_wconf 82' lang='grc' dir='ltr'>τὸν</span> <span class='ocrx_word' id='word_1_113' title='bbox 819 777 952 812; x_wconf 75' lang='grc' dir='ltr'>ἐμφύλιον</span> 
     </span>
    </p>
   </div>
   <div class='ocr_carea' id='block_1_17' title="bbox 160 818 953 859">
    <p class='ocr_par' dir='ltr' id='par_1_17' title="bbox 160 818 953 859">
     <span class='ocr_line' id='line_1_17' title="bbox 160 818 953 859; baseline 0.008 -15"><span class='ocrx_word' id='word_1_114' title='bbox 160 818 289 853; x_wconf 69' lang='grc' dir='ltr'>πόλεμον,</span> <span class='ocrx_word' id='word_1_115' title='bbox 303 818 341 850; x_wconf 85' lang='grc' dir='ltr'>ὡς</span> <span class='ocrx_word' id='word_1_116' title='bbox 356 819 401 845; x_wconf 80' lang='grc' dir='ltr'><strong>καὶ</strong></span> <span class='ocrx_word' id='word_1_117' title='bbox 417 819 465 850; x_wconf 72' lang='grc' dir='ltr'>τὰς</span> <span class='ocrx_word' id='word_1_118' title='bbox 477 819 523 845; x_wconf 83' lang='grc' dir='ltr'>δύο</span> <span class='ocrx_word' id='word_1_119' title='bbox 536 820 632 854; x_wconf 77' lang='grc' dir='ltr'>φυλὰς,</span> <span class='ocrx_word' id='word_1_120' title='bbox 643 821 693 857; x_wconf 84' lang='grc' dir='ltr'><strong>τὴν</strong></span> <span class='ocrx_word' id='word_1_121' title='bbox 705 821 753 848; x_wconf 77' lang='grc' dir='ltr'>τοῦ</span> <span class='ocrx_word' id='word_1_122' title='bbox 772 823 890 859; x_wconf 78' lang='grc' dir='ltr'>Ἐφραῖμ</span> <span class='ocrx_word' id='word_1_123' title='bbox 905 824 953 850; x_wconf 77' lang='grc' dir='ltr'>καὶ</span> 
     </span>
    </p>
   </div>
   <div class='ocr_carea' id='block_1_18' title="bbox 159 862 953 903">
    <p class='ocr_par' dir='ltr' id='par_1_18' title="bbox 159 862 953 903">
     <span class='ocr_line' id='line_1_18' title="bbox 159 862 953 903; baseline 0.01 -14"><span class='ocrx_word' id='word_1_124' title='bbox 159 862 210 898; x_wconf 76' lang='grc' dir='ltr'><strong>τὴν</strong></span> <span class='ocrx_word' id='word_1_125' title='bbox 220 862 266 889; x_wconf 75' lang='grc' dir='ltr'>τοῦ</span> <span class='ocrx_word' id='word_1_126' title='bbox 278 863 424 899; x_wconf 78' lang='grc' dir='ltr'>Μανασσῆ,</span> <span class='ocrx_word' id='word_1_127' title='bbox 437 864 466 897; x_wconf 82' lang='grc' dir='ltr'>ἐξ</span> <span class='ocrx_word' id='word_1_128' title='bbox 483 864 542 896; x_wconf 82' lang='grc' dir='ltr'>ἐνὸς</span> <span class='ocrx_word' id='word_1_129' title='bbox 557 866 659 901; x_wconf 83' lang='grc' dir='ltr'>πατρὸς</span> <span class='ocrx_word' id='word_1_130' title='bbox 672 868 818 903; x_wconf 75' lang='grc' dir='ltr'>γενομένας</span> <span class='ocrx_word' id='word_1_131' title='bbox 830 869 877 896; x_wconf 83' lang='grc' dir='ltr'><strong>τοῦ</strong></span> <span class='ocrx_word' id='word_1_132' title='bbox 898 870 953 897; x_wconf 86' lang='grc' dir='ltr'><strong>Ἰω-</strong></span> 
     </span>
    </p>
   </div>
   <div class='ocr_carea' id='block_1_19' title="bbox 160 909 952 950">
    <p class='ocr_par' dir='ltr' id='par_1_19' title="bbox 160 909 952 950">
     <span class='ocr_line' id='line_1_19' title="bbox 160 909 952 950; baseline 0.011 -15"><span class='ocrx_word' id='word_1_133' title='bbox 160 910 226 944; x_wconf 73' lang='grc' dir='ltr'>σὴφ,</span> <span class='ocrx_word' id='word_1_134' title='bbox 249 909 300 936; x_wconf 58' lang='lat' dir='ltr'><strong>om</strong></span> <span class='ocrx_word' id='word_1_135' title='bbox 317 909 366 943; x_wconf 84' lang='grc' dir='ltr'>τὴν</span> <span class='ocrx_word' id='word_1_136' title='bbox 388 910 473 946; x_wconf 74' lang='grc' dir='ltr'>αὐτὴν</span> <span class='ocrx_word' id='word_1_137' title='bbox 497 912 576 944; x_wconf 80' lang='grc' dir='ltr'>ὖντας</span> <span class='ocrx_word' id='word_1_138' title='bbox 595 912 743 947; x_wconf 86' lang='grc' dir='ltr'>βασιλείαν,</span> <span class='ocrx_word' id='word_1_139' title='bbox 768 915 833 950; x_wconf 83' lang='grc' dir='ltr'>μίαν</span> <span class='ocrx_word' id='word_1_140' title='bbox 851 915 879 943; x_wconf 80' lang='grc' dir='ltr'><strong>δέ</strong></span> <span class='ocrx_word' id='word_1_141' title='bbox 905 917 952 943; x_wconf 78' lang='grc' dir='ltr'><strong>καὶ</strong></span> 
     </span>
    </p>
   </div>
   <div class='ocr_carea' id='block_1_20' title="bbox 159 947 989 996">
    <p class='ocr_par' dir='ltr' id='par_1_20' title="bbox 159 947 989 996">
     <span class='ocr_line' id='line_1_20' title="bbox 159 947 989 996; baseline 0.01 -15"><span class='ocrx_word' id='word_1_142' title='bbox 159 956 211 990; x_wconf 75' lang='grc' dir='ltr'><strong>τὴν</strong></span> <span class='ocrx_word' id='word_1_143' title='bbox 224 955 308 991; x_wconf 81' lang='grc' dir='ltr'>αὐτὴν</span> <span class='ocrx_word' id='word_1_144' title='bbox 331 956 410 982; x_wconf 75' lang='grc' dir='ltr'>πόλιν</span> <span class='ocrx_word' id='word_1_145' title='bbox 428 957 568 989; x_wconf 71' lang='grc' dir='ltr'><strong>οἰκοῦντας</strong></span> <span class='ocrx_word' id='word_1_146' title='bbox 579 959 746 994; x_wconf 82' lang='grc' dir='ltr'><strong>Σαμάρειαν⁷</strong></span> <span class='ocrx_word' id='word_1_147' title='bbox 759 947 887 996; x_wconf 62' lang='grc' dir='ltr'>ἀλλήλαις</span> <span class='ocrx_word' id='word_1_148' title='bbox 905 963 953 988; x_wconf 79' lang='grc' dir='ltr'>ἐπ·</span> <span class='ocrx_word' id='word_1_149' title='bbox 970 947 989 974; x_wconf 72' lang='grc' dir='ltr'><strong><em>Β</em></strong></span> 
     </span>
    </p>
   </div>
   <div class='ocr_carea' id='block_1_21' title="bbox 160 1000 949 1041">
    <p class='ocr_par' dir='ltr' id='par_1_21' title="bbox 160 1000 949 1041">
     <span class='ocr_line' id='line_1_21' title="bbox 160 1000 949 1041; baseline 0.008 -13"><span class='ocrx_word' id='word_1_150' title='bbox 160 1000 320 1036; x_wconf 78' lang='grc' dir='ltr'>αναστῆναι,</span> <span class='ocrx_word' id='word_1_151' title='bbox 335 1002 382 1028; x_wconf 74' lang='grc' dir='ltr'><strong>καὶ</strong></span> <span class='ocrx_word' id='word_1_152' title='bbox 394 1003 457 1034; x_wconf 81' lang='grc' dir='ltr'>τοὺς</span> <span class='ocrx_word' id='word_1_153' title='bbox 474 1003 594 1037; x_wconf 81' lang='grc' dir='ltr'>ἀλλήλων</span> <span class='ocrx_word' id='word_1_154' title='bbox 609 1004 753 1040; x_wconf 80' lang='grc' dir='ltr'>βραχίονας</span> <span class='ocrx_word' id='word_1_155' title='bbox 767 1009 949 1041; x_wconf 83' lang='grc' dir='ltr'>καταφαγεῖν·</span> 
     </span>
    </p>
   </div>
   <div class='ocr_carea' id='block_1_22' title="bbox 164 1047 950 1088">
    <p class='ocr_par' dir='ltr' id='par_1_22' title="bbox 164 1047 950 1088">
     <span class='ocr_line' id='line_1_22' title="bbox 164 1047 950 1088; baseline 0.006 -14"><span class='ocrx_word' id='word_1_156' title='bbox 164 1047 264 1083; x_wconf 80' lang='grc' dir='ltr'>μηκέτι</span> <span class='ocrx_word' id='word_1_157' title='bbox 288 1048 335 1083; x_wconf 83' lang='grc' dir='ltr'>μὲν</span> <span class='ocrx_word' id='word_1_158' title='bbox 362 1048 540 1083; x_wconf 76' lang='grc' dir='ltr'><strong>σχολάζοντας</strong></span> <span class='ocrx_word' id='word_1_159' title='bbox 560 1050 599 1085; x_wconf 84' lang='grc' dir='ltr'>τῷ</span> <span class='ocrx_word' id='word_1_160' title='bbox 621 1051 690 1077; x_wconf 69' lang='grc' dir='ltr'>κατὰ</span> <span class='ocrx_word' id='word_1_161' title='bbox 724 1051 804 1078; x_wconf 76' lang='grc' dir='ltr'>Ἰούδα</span> <span class='ocrx_word' id='word_1_162' title='bbox 832 1054 950 1088; x_wconf 76' lang='grc' dir='ltr'>πολέμῳ,</span> 
     </span>
    </p>
   </div>
   <div class='ocr_carea' id='block_1_23' title="bbox 166 1093 952 1135">
    <p class='ocr_par' dir='ltr' id='par_1_23' title="bbox 166 1093 952 1135">
     <span class='ocr_line' id='line_1_23' title="bbox 166 1093 952 1135; baseline 0.008 -17"><span class='ocrx_word' id='word_1_163' title='bbox 166 1093 234 1129; x_wconf 80' lang='grc' dir='ltr'><strong>μηδέ</strong></span> <span class='ocrx_word' id='word_1_164' title='bbox 249 1094 282 1128; x_wconf 82' lang='grc' dir='ltr'>τῇ</span> <span class='ocrx_word' id='word_1_165' title='bbox 298 1093 438 1130; x_wconf 64' lang='grc' dir='ltr'>πολιορκίᾳ.</span> <span class='ocrx_word' id='word_1_166' title='bbox 453 1095 503 1129; x_wconf 82' lang='grc' dir='ltr'><strong>τῆς</strong></span> <span class='ocrx_word' id='word_1_167' title='bbox 522 1095 709 1135; x_wconf 81' lang='grc' dir='ltr'>Ἰερουσαλὴμ,</span> <span class='ocrx_word' id='word_1_168' title='bbox 728 1097 787 1123; x_wconf 82' lang='grc' dir='ltr'>καθ’</span> <span class='ocrx_word' id='word_1_169' title='bbox 806 1098 908 1124; x_wconf 77' lang='grc' dir='ltr'>ἑαυτῶν</span> <span class='ocrx_word' id='word_1_170' title='bbox 923 1099 952 1124; x_wconf 82' lang='grc' dir='ltr'><strong>δέ</strong></span> 
     </span>
    </p>
   </div>
   <div class='ocr_carea' id='block_1_24' title="bbox 165 1139 951 1179">
    <p class='ocr_par' dir='ltr' id='par_1_24' title="bbox 165 1139 951 1179">
     <span class='ocr_line' id='line_1_24' title="bbox 165 1139 951 1179; baseline 0.006 -13"><span class='ocrx_word' id='word_1_171' title='bbox 165 1139 348 1174; x_wconf 74' lang='grc' dir='ltr'>ἀκονήσαντας</span> <span class='ocrx_word' id='word_1_172' title='bbox 357 1140 389 1166; x_wconf 82' lang='grc' dir='ltr'>τὰ</span> <span class='ocrx_word' id='word_1_173' title='bbox 401 1140 504 1167; x_wconf 74' lang='grc' dir='ltr'>ἑαυτῶν</span> <span class='ocrx_word' id='word_1_174' title='bbox 513 1141 587 1177; x_wconf 79' lang='grc' dir='ltr'>ξίφη,</span> <span class='ocrx_word' id='word_1_175' title='bbox 600 1142 711 1174; x_wconf 73' lang='grc' dir='ltr'>ἑαυτοὺς</span> <span class='ocrx_word' id='word_1_176' title='bbox 722 1143 951 1179; x_wconf 76' lang='grc' dir='ltr'><strong>διαχειρίσασθαι,</strong></span> 
     </span>
    </p>
   </div>
   <div class='ocr_carea' id='block_1_25' title="bbox 164 1184 571 1221">
    <p class='ocr_par' dir='ltr' id='par_1_25' title="bbox 164 1184 571 1221">
     <span class='ocr_line' id='line_1_25' title="bbox 164 1184 571 1221; baseline 0.007 -10"><span class='ocrx_word' id='word_1_177' title='bbox 164 1184 212 1211; x_wconf 80' lang='grc' dir='ltr'>καὶ</span> <span class='ocrx_word' id='word_1_178' title='bbox 227 1185 256 1217; x_wconf 78' lang='grc' dir='ltr'>ἐξ</span> <span class='ocrx_word' id='word_1_179' title='bbox 270 1185 419 1221; x_wconf 80' lang='grc' dir='ltr'>ἀνθρώπων</span> <span class='ocrx_word' id='word_1_180' title='bbox 432 1187 571 1220; x_wconf 73' lang='grc' dir='ltr'>ἀφανίσαι.</span> 
     </span>
    </p>
   </div>
   <div class='ocr_carea' id='block_1_26' title="bbox 434 1234 679 1263">
    <p class='ocr_par' dir='ltr' id='par_1_26' title="bbox 434 1234 679 1263">
     <span class='ocr_line' id='line_1_26' title="bbox 434 1234 679 1263; baseline 0.004 -2"><span class='ocrx_word' id='word_1_181' title='bbox 434 1234 630 1261; x_wconf 69' lang='grc' dir='ltr'><strong>ΚΕΦΑΛΑΙΟΝ</strong></span> <span class='ocrx_word' id='word_1_182' title='bbox 652 1236 679 1263; x_wconf 86' lang='grc' dir='ltr'><strong>Ι’.</strong></span> 
     </span>
    </p>
   </div>
   <div class='ocr_carea' id='block_1_27' title="bbox 200 1278 952 1319">
    <p class='ocr_par' dir='ltr' id='par_1_27' title="bbox 200 1278 952 1319">
     <span class='ocr_line' id='line_1_27' title="bbox 200 1278 952 1319; baseline 0.007 -15"><span class='ocrx_word' id='word_1_183' title='bbox 200 1287 209 1303; x_wconf 71' lang='grc' dir='ltr'><strong>ε</strong></span> <span class='ocrx_word' id='word_1_184' title='bbox 230 1278 297 1305; x_wconf 82' lang='grc' dir='ltr'>Οὐαὶ</span> <span class='ocrx_word' id='word_1_185' title='bbox 316 1280 374 1310; x_wconf 85' lang='grc' dir='ltr'>τοῖς</span> <span class='ocrx_word' id='word_1_186' title='bbox 400 1279 535 1314; x_wconf 69' lang='grc' dir='ltr'>γράφουσι</span> <span class='ocrx_word' id='word_1_187' title='bbox 557 1281 698 1316; x_wconf 80' lang='grc' dir='ltr'>πονηρίαν·</span> <span class='ocrx_word' id='word_1_188' title='bbox 723 1282 874 1317; x_wconf 79' lang='grc' dir='ltr'>γράφοντες</span> <span class='ocrx_word' id='word_1_189' title='bbox 898 1283 952 1319; x_wconf 71' lang='grc' dir='ltr'>γὰρ</span> 
     </span>
    </p>
   </div>
   <div class='ocr_carea' id='block_1_28' title="bbox 162 1324 949 1364">
    <p class='ocr_par' dir='ltr' id='par_1_28' title="bbox 162 1324 949 1364">
     <span class='ocr_line' id='line_1_28' title="bbox 162 1324 949 1364; baseline 0.008 -15"><span class='ocrx_word' id='word_1_190' title='bbox 162 1324 294 1359; x_wconf 75' lang='grc' dir='ltr'>πονηρίαν</span> <span class='ocrx_word' id='word_1_191' title='bbox 325 1325 487 1359; x_wconf 73' lang='grc' dir='ltr'>γράφουσιν·</span> <span class='ocrx_word' id='word_1_192' title='bbox 513 1325 682 1358; x_wconf 76' lang='grc' dir='ltr'>ἐκκλίνοντες</span> <span class='ocrx_word' id='word_1_193' title='bbox 706 1327 796 1363; x_wconf 85' lang='grc' dir='ltr'>κρίσιν</span> <span class='ocrx_word' id='word_1_194' title='bbox 825 1329 949 1364; x_wconf 68' lang='grc' dir='ltr'>πτωχῶν.</span> 
     </span>
    </p>
   </div>
   <div class='ocr_carea' id='block_1_29' title="bbox 162 1368 951 1408">
    <p class='ocr_par' dir='ltr' id='par_1_29' title="bbox 162 1368 951 1408">
     <span class='ocr_line' id='line_1_29' title="bbox 162 1368 951 1408; baseline 0.009 -14"><span class='ocrx_word' id='word_1_195' title='bbox 162 1368 331 1404; x_wconf 76' lang='grc' dir='ltr'>ἁρπάζοντες</span> <span class='ocrx_word' id='word_1_196' title='bbox 348 1370 434 1404; x_wconf 81' lang='grc' dir='ltr'>κρῖμα</span> <span class='ocrx_word' id='word_1_197' title='bbox 447 1371 570 1406; x_wconf 80' lang='grc' dir='ltr'>πενήτων</span> <span class='ocrx_word' id='word_1_198' title='bbox 580 1370 627 1397; x_wconf 82' lang='grc' dir='ltr'>τοῦ</span> <span class='ocrx_word' id='word_1_199' title='bbox 643 1371 708 1398; x_wconf 86' lang='grc' dir='ltr'>λαοῦ</span> <span class='ocrx_word' id='word_1_200' title='bbox 725 1381 786 1408; x_wconf 66' lang='grc' dir='ltr'>μουη</span> <span class='ocrx_word' id='word_1_201' title='bbox 799 1372 868 1400; x_wconf 83' lang='grc' dir='ltr'>ὥστε</span> <span class='ocrx_word' id='word_1_202' title='bbox 882 1372 951 1402; x_wconf 82' lang='grc' dir='ltr'>εἶναι</span> 
     </span>
    </p>
   </div>
   <div class='ocr_carea' id='block_1_30' title="bbox 161 1414 952 1455">
    <p class='ocr_par' dir='ltr' id='par_1_30' title="bbox 161 1414 952 1455">
     <span class='ocr_line' id='line_1_30' title="bbox 161 1414 952 1455; baseline 0.008 -15"><span class='ocrx_word' id='word_1_203' title='bbox 161 1414 255 1446; x_wconf 77' lang='grc' dir='ltr'>αὐτοῖς</span> <span class='ocrx_word' id='word_1_204' title='bbox 271 1415 358 1450; x_wconf 72' lang='grc' dir='ltr'>χήραν</span> <span class='ocrx_word' id='word_1_205' title='bbox 372 1415 412 1446; x_wconf 85' lang='grc' dir='ltr'><strong>είς</strong></span> <span class='ocrx_word' id='word_1_206' title='bbox 426 1414 590 1452; x_wconf 83' lang='grc' dir='ltr'>διαρπαγὴν,</span> <span class='ocrx_word' id='word_1_207' title='bbox 608 1417 655 1444; x_wconf 73' lang='grc' dir='ltr'><strong>καὶ</strong></span> <span class='ocrx_word' id='word_1_208' title='bbox 669 1418 786 1453; x_wconf 80' lang='grc' dir='ltr'>ὀρφανὸν</span> <span class='ocrx_word' id='word_1_209' title='bbox 802 1420 841 1451; x_wconf 76' lang='grc' dir='ltr'><strong>εἰς</strong></span> <span class='ocrx_word' id='word_1_210' title='bbox 856 1428 952 1455; x_wconf 81' lang='grc' dir='ltr'>προνο-</span> 
     </span>
    </p>
   </div>
   <div class='ocr_carea' id='block_1_31' title="bbox 164 1459 952 1502">
    <p class='ocr_par' dir='ltr' id='par_1_31' title="bbox 164 1459 952 1502">
     <span class='ocr_line' id='line_1_31' title="bbox 164 1459 952 1502; baseline 0.011 -17"><span class='ocrx_word' id='word_1_211' title='bbox 164 1461 227 1496; x_wconf 75' lang='grc' dir='ltr'>μήν.</span> <span class='ocrx_word' id='word_1_212' title='bbox 250 1469 260 1487; x_wconf 68' lang='grc' dir='ltr'><strong>ι</strong></span> <span class='ocrx_word' id='word_1_213' title='bbox 283 1459 336 1486; x_wconf 83' lang='grc' dir='ltr'>Τοῦ</span> <span class='ocrx_word' id='word_1_214' title='bbox 360 1460 526 1496; x_wconf 80' lang='grc' dir='ltr'>καλουμένου</span> <span class='ocrx_word' id='word_1_215' title='bbox 542 1460 589 1489; x_wconf 71' lang='grc' dir='ltr'><strong>οὖν</strong></span> <span class='ocrx_word' id='word_1_216' title='bbox 617 1463 733 1500; x_wconf 78' lang='grc' dir='ltr'>Ἰσραὴλ,</span> <span class='ocrx_word' id='word_1_217' title='bbox 750 1465 822 1500; x_wconf 73' lang='grc' dir='ltr'>λέγω</span> <span class='ocrx_word' id='word_1_218' title='bbox 845 1466 878 1502; x_wconf 83' lang='grc' dir='ltr'><strong>δὴ</strong></span> <span class='ocrx_word' id='word_1_219' title='bbox 904 1467 952 1494; x_wconf 76' lang='grc' dir='ltr'>τοῦ</span> 
     </span>
    </p>
   </div>
   <div class='ocr_carea' id='block_1_32' title="bbox 163 1506 952 1547">
    <p class='ocr_par' dir='ltr' id='par_1_32' title="bbox 163 1506 952 1547">
     <span class='ocr_line' id='line_1_32' title="bbox 163 1506 952 1547; baseline 0.01 -15"><span class='ocrx_word' id='word_1_220' title='bbox 163 1506 230 1532; x_wconf 78' lang='grc' dir='ltr'>λαοῦ</span> <span class='ocrx_word' id='word_1_221' title='bbox 240 1506 294 1533; x_wconf 78' lang='grc' dir='ltr'><strong>τῶν</strong></span> <span class='ocrx_word' id='word_1_222' title='bbox 317 1507 449 1534; x_wconf 78' lang='grc' dir='ltr'>Ἰουδαίων</span> <span class='ocrx_word' id='word_1_223' title='bbox 466 1508 495 1534; x_wconf 86' lang='grc' dir='ltr'><strong>ἐν</strong></span> <span class='ocrx_word' id='word_1_224' title='bbox 513 1508 655 1547; x_wconf 80' lang='grc' dir='ltr'>Σαμαρείᾳ</span> <span class='ocrx_word' id='word_1_225' title='bbox 668 1510 888 1546; x_wconf 75' lang='grc' dir='ltr'>βασιλευομένου,</span> <span class='ocrx_word' id='word_1_226' title='bbox 906 1515 952 1540; x_wconf 77' lang='grc' dir='ltr'><strong>καὶ</strong></span> 
     </span>
    </p>
   </div>
   <div class='ocr_carea' id='block_1_33' title="bbox 161 1551 950 1594">
    <p class='ocr_par' dir='ltr' id='par_1_33' title="bbox 161 1551 950 1594">
     <span class='ocr_line' id='line_1_33' title="bbox 161 1551 950 1594; baseline 0.011 -17"><span class='ocrx_word' id='word_1_227' title='bbox 161 1551 249 1578; x_wconf 75' lang='grc' dir='ltr'>ταῦτα</span> <span class='ocrx_word' id='word_1_228' title='bbox 261 1552 327 1588; x_wconf 76' lang='grc' dir='ltr'>πρὸς</span> <span class='ocrx_word' id='word_1_229' title='bbox 340 1554 396 1584; x_wconf 84' lang='grc' dir='ltr'>τοῖς</span> <span class='ocrx_word' id='word_1_230' title='bbox 408 1553 552 1588; x_wconf 77' lang='grc' dir='ltr'>προτέροις</span> <span class='ocrx_word' id='word_1_231' title='bbox 567 1555 581 1580; x_wconf 89' lang='grc' dir='ltr'><strong>ό</strong></span> <span class='ocrx_word' id='word_1_232' title='bbox 591 1555 687 1590; x_wconf 87' lang='grc' dir='ltr'>παρὼν</span> <span class='ocrx_word' id='word_1_233' title='bbox 698 1556 776 1590; x_wconf 84' lang='grc' dir='ltr'>λόγος</span> <span class='ocrx_word' id='word_1_234' title='bbox 792 1561 950 1594; x_wconf 81' lang='grc' dir='ltr'>κατηγορεῖ,</span> 
     </span>
    </p>
   </div>
   <div class='ocr_carea' id='block_1_34' title="bbox 162 1598 951 1635">
    <p class='ocr_par' dir='ltr' id='par_1_34' title="bbox 162 1598 951 1635">
     <span class='ocr_line' id='line_1_34' title="bbox 162 1598 951 1635; baseline 0.006 -11"><span class='ocrx_word' id='word_1_235' title='bbox 162 1598 275 1627; x_wconf 76' lang='grc' dir='ltr'>φάσκων</span> <span class='ocrx_word' id='word_1_236' title='bbox 294 1598 390 1629; x_wconf 80' lang='grc' dir='ltr'>αὐτοὺς</span> <span class='ocrx_word' id='word_1_237' title='bbox 406 1598 476 1633; x_wconf 84' lang='grc' dir='ltr'>πρὸς</span> <span class='ocrx_word' id='word_1_238' title='bbox 493 1598 550 1634; x_wconf 75' lang='grc' dir='ltr'>ἔριν</span> <span class='ocrx_word' id='word_1_239' title='bbox 566 1600 613 1626; x_wconf 76' lang='grc' dir='ltr'><strong>καὶ</strong></span> <span class='ocrx_word' id='word_1_240' title='bbox 636 1600 803 1634; x_wconf 73' lang='grc' dir='ltr'>φιλονεικίαν</span> <span class='ocrx_word' id='word_1_241' title='bbox 823 1602 877 1629; x_wconf 86' lang='grc' dir='ltr'><strong>τῶν</strong></span> <span class='ocrx_word' id='word_1_242' title='bbox 902 1603 951 1635; x_wconf 84' lang='grc' dir='ltr'>τὰς</span> 
     </span>
    </p>
   </div>
   <div class='ocr_carea' id='block_1_35' title="bbox 161 1643 952 1682">
    <p class='ocr_par' dir='ltr' id='par_1_35' title="bbox 161 1643 952 1682">
     <span class='ocr_line' id='line_1_35' title="bbox 161 1643 952 1682; baseline 0.006 -12"><span class='ocrx_word' id='word_1_243' title='bbox 161 1643 271 1678; x_wconf 83' lang='grc' dir='ltr'>ἀληθεῖς</span> <span class='ocrx_word' id='word_1_244' title='bbox 292 1643 339 1670; x_wconf 80' lang='grc' dir='ltr'>τοῦ</span> <span class='ocrx_word' id='word_1_245' title='bbox 362 1644 430 1671; x_wconf 83' lang='grc' dir='ltr'>Θεοῦ</span> <span class='ocrx_word' id='word_1_246' title='bbox 454 1644 622 1680; x_wconf 83' lang='grc' dir='ltr'>προφητείας</span> <span class='ocrx_word' id='word_1_247' title='bbox 646 1647 879 1682; x_wconf 84' lang='grc' dir='ltr'>παραγραφόντων</span> <span class='ocrx_word' id='word_1_248' title='bbox 903 1648 952 1680; x_wconf 81' lang='grc' dir='ltr'>τὰς</span> 
     </span>
    </p>
   </div>
   <div class='ocr_carea' id='block_1_36' title="bbox 161 1688 952 1729">
    <p class='ocr_par' dir='ltr' id='par_1_36' title="bbox 161 1688 952 1729">
     <span class='ocr_line' id='line_1_36' title="bbox 161 1688 952 1729; baseline 0.008 -15"><span class='ocrx_word' id='word_1_249' title='bbox 161 1688 413 1725; x_wconf 74' lang='grc' dir='ltr'>ψευδοπροφητείας</span> <span class='ocrx_word' id='word_1_250' title='bbox 424 1689 589 1717; x_wconf 80' lang='grc' dir='ltr'>συντάττειν.</span> <span class='ocrx_word' id='word_1_251' title='bbox 602 1688 693 1718; x_wconf 83' lang='grc' dir='ltr'>Ἦσαν</span> <span class='ocrx_word' id='word_1_252' title='bbox 706 1692 782 1726; x_wconf 78' lang='grc' dir='ltr'>γοῦν,</span> <span class='ocrx_word' id='word_1_253' title='bbox 798 1690 869 1728; x_wconf 84' lang='grc' dir='ltr'>ἦσαν</span> <span class='ocrx_word' id='word_1_254' title='bbox 885 1693 952 1729; x_wconf 79' lang='grc' dir='ltr'>ψευ-</span> 
     </span>
    </p>
   </div>
   <div class='ocr_carea' id='block_1_37' title="bbox 161 1735 952 1775">
    <p class='ocr_par' dir='ltr' id='par_1_37' title="bbox 161 1735 952 1775">
     <span class='ocr_line' id='line_1_37' title="bbox 161 1735 952 1775; baseline 0.009 -14"><span class='ocrx_word' id='word_1_255' title='bbox 161 1735 330 1770; x_wconf 69' lang='grc' dir='ltr'>δοπροφῆται</span> <span class='ocrx_word' id='word_1_256' title='bbox 353 1735 484 1769; x_wconf 80' lang='grc' dir='ltr'>πλεῖστοι,</span> <span class='ocrx_word' id='word_1_257' title='bbox 508 1737 564 1763; x_wconf 77' lang='grc' dir='ltr'>ὅσοι</span> <span class='ocrx_word' id='word_1_258' title='bbox 588 1738 617 1764; x_wconf 87' lang='grc' dir='ltr'><strong>ἐν</strong></span> <span class='ocrx_word' id='word_1_259' title='bbox 643 1738 682 1773; x_wconf 80' lang='grc' dir='ltr'>τῷ</span> <span class='ocrx_word' id='word_1_260' title='bbox 714 1739 822 1775; x_wconf 77' lang='grc' dir='ltr'>Ἰσραὴλ</span> <span class='ocrx_word' id='word_1_261' title='bbox 843 1741 952 1768; x_wconf 80' lang='grc' dir='ltr'>ἐναντία</span> 
     </span>
    </p>
   </div>
   <div class='ocr_carea' id='block_1_38' title="bbox 162 1781 952 1821">
    <p class='ocr_par' dir='ltr' id='par_1_38' title="bbox 162 1781 952 1821">
     <span class='ocr_line' id='line_1_38' title="bbox 162 1781 952 1821; baseline 0.01 -15"><span class='ocrx_word' id='word_1_262' title='bbox 162 1781 353 1816; x_wconf 76' lang='grc' dir='ltr'>φθεγγόμενοι,</span> <span class='ocrx_word' id='word_1_263' title='bbox 370 1782 415 1808; x_wconf 77' lang='grc' dir='ltr'>καὶ</span> <span class='ocrx_word' id='word_1_264' title='bbox 428 1783 537 1809; x_wconf 81' lang='grc' dir='ltr'>ἐναντία</span> <span class='ocrx_word' id='word_1_265' title='bbox 552 1784 702 1818; x_wconf 70' lang='grc' dir='ltr'>γράφοντες</span> <span class='ocrx_word' id='word_1_266' title='bbox 716 1787 771 1815; x_wconf 85' lang='grc' dir='ltr'>τοῖς</span> <span class='ocrx_word' id='word_1_267' title='bbox 783 1786 894 1821; x_wconf 75' lang='grc' dir='ltr'><strong>ἀληθέσι</strong></span> <span class='ocrx_word' id='word_1_268' title='bbox 904 1787 952 1814; x_wconf 86' lang='grc' dir='ltr'>τοῦ</span> 
     </span>
    </p>
   </div>
   <div class='ocr_carea' id='block_1_39' title="bbox 162 1826 954 1866">
    <p class='ocr_par' dir='ltr' id='par_1_39' title="bbox 162 1826 954 1866">
     <span class='ocr_line' id='line_1_39' title="bbox 162 1826 954 1866; baseline 0.01 -15"><span class='ocrx_word' id='word_1_269' title='bbox 162 1826 231 1852; x_wconf 77' lang='grc' dir='ltr'>Θεοῦ</span> <span class='ocrx_word' id='word_1_270' title='bbox 242 1827 412 1862; x_wconf 54' lang='grc' dir='ltr'>προφήταιςρ</span> <span class='ocrx_word' id='word_1_271' title='bbox 419 1829 452 1853; x_wconf 80' lang='grc' dir='ltr'>Οἱ</span> <span class='ocrx_word' id='word_1_272' title='bbox 462 1827 490 1854; x_wconf 76' lang='grc' dir='ltr'><strong>δὲ</strong></span> <span class='ocrx_word' id='word_1_273' title='bbox 498 1826 574 1855; x_wconf 76' lang='grc' dir='ltr'>αὐτοὶ</span> <span class='ocrx_word' id='word_1_274' title='bbox 583 1830 631 1856; x_wconf 74' lang='grc' dir='ltr'><strong>καὶ</strong></span> <span class='ocrx_word' id='word_1_275' title='bbox 641 1831 802 1866; x_wconf 67' lang='grc' dir='ltr'>συγγραφὰς</span> <span class='ocrx_word' id='word_1_276' title='bbox 813 1832 954 1860; x_wconf 83' lang='grc' dir='ltr'>ἐποιοῦντο</span> 
     </span>
    </p>
   </div>
   <div class='ocr_carea' id='block_1_40' title="bbox 164 1872 954 1915">
    <p class='ocr_par' dir='ltr' id='par_1_40' title="bbox 164 1872 954 1915">
     <span class='ocr_line' id='line_1_40' title="bbox 164 1872 954 1915; baseline 0.01 -17"><span class='ocrx_word' id='word_1_277' title='bbox 164 1872 348 1908; x_wconf 81' lang='grc' dir='ltr'>παρανόμους,</span> <span class='ocrx_word' id='word_1_278' title='bbox 369 1874 416 1900; x_wconf 76' lang='grc' dir='ltr'><strong>καὶ</strong></span> <span class='ocrx_word' id='word_1_279' title='bbox 438 1874 528 1908; x_wconf 82' lang='grc' dir='ltr'>πάσης</span> <span class='ocrx_word' id='word_1_280' title='bbox 551 1876 682 1910; x_wconf 80' lang='grc' dir='ltr'>πονηρίας</span> <span class='ocrx_word' id='word_1_281' title='bbox 700 1878 815 1912; x_wconf 79' lang='grc' dir='ltr'>μεστάς·</span> <span class='ocrx_word' id='word_1_282' title='bbox 835 1878 954 1915; x_wconf 76' lang='grc' dir='ltr'>πένητας</span> 
     </span>
    </p>
   </div>
   <div class='ocr_carea' id='block_1_41' title="bbox 163 1918 953 1957">
    <p class='ocr_par' dir='ltr' id='par_1_41' title="bbox 163 1918 953 1957">
     <span class='ocr_line' id='line_1_41' title="bbox 163 1918 953 1957; baseline 0.009 -12"><span class='ocrx_word' id='word_1_283' title='bbox 163 1918 289 1953; x_wconf 77' lang='grc' dir='ltr'>οἰκτροὺς</span> <span class='ocrx_word' id='word_1_284' title='bbox 302 1918 540 1951; x_wconf 83' lang='grc' dir='ltr'>κατεδυνάστευον,</span> <span class='ocrx_word' id='word_1_285' title='bbox 553 1920 704 1957; x_wconf 79' lang='grc' dir='ltr'>βιαζόμενοί</span> <span class='ocrx_word' id='word_1_286' title='bbox 718 1932 746 1949; x_wconf 78' lang='grc' dir='ltr'><strong>τε</strong></span> <span class='ocrx_word' id='word_1_287' title='bbox 762 1924 953 1952; x_wconf 79' lang='grc' dir='ltr'>ἐπλεονέκτουν</span> 
     </span>
    </p>
   </div>
   <div class='ocr_carea' id='block_1_42' title="bbox 162 1964 953 2001">
    <p class='ocr_par' dir='ltr' id='par_1_42' title="bbox 162 1964 953 2001">
     <span class='ocr_line' id='line_1_42' title="bbox 162 1964 953 2001; baseline 0.01 -12"><span class='ocrx_word' id='word_1_288' title='bbox 162 1964 363 1998; x_wconf 80' lang='grc' dir='ltr'>ἁπεριστάτους</span> <span class='ocrx_word' id='word_1_289' title='bbox 384 1965 519 2000; x_wconf 70' lang='grc' dir='ltr'>ὁρῳανοὺς</span> <span class='ocrx_word' id='word_1_290' title='bbox 534 1966 580 1992; x_wconf 75' lang='grc' dir='ltr'><strong>καὶ</strong></span> <span class='ocrx_word' id='word_1_291' title='bbox 602 1967 699 2001; x_wconf 76' lang='grc' dir='ltr'>χήρας.</span> <span class='ocrx_word' id='word_1_292' title='bbox 723 1968 864 2001; x_wconf 73' lang='grc' dir='ltr'>Τοιούτους</span> <span class='ocrx_word' id='word_1_293' title='bbox 883 1971 905 1996; x_wconf 80' lang='grc' dir='ltr'><strong>δ⁴</strong></span> <span class='ocrx_word' id='word_1_294' title='bbox 920 1970 953 1997; x_wconf 81' lang='grc' dir='ltr'>ἂν</span> 
     </span>
    </p>
   </div>
   <div class='ocr_carea' id='block_1_43' title="bbox 162 2009 952 2048">
    <p class='ocr_par' dir='ltr' id='par_1_43' title="bbox 162 2009 952 2048">
     <span class='ocr_line' id='line_1_43' title="bbox 162 2009 952 2048; baseline 0.009 -13"><span class='ocrx_word' id='word_1_295' title='bbox 162 2009 251 2040; x_wconf 76' lang='grc' dir='ltr'>εἴποις</span> <span class='ocrx_word' id='word_1_296' title='bbox 263 2009 310 2036; x_wconf 76' lang='grc' dir='ltr'>καὶ</span> <span class='ocrx_word' id='word_1_297' title='bbox 326 2010 390 2041; x_wconf 81' lang='grc' dir='ltr'>τοὺς</span> <span class='ocrx_word' id='word_1_298' title='bbox 403 2010 447 2036; x_wconf 77' lang='grc' dir='ltr'><strong>διὰ</strong></span> <span class='ocrx_word' id='word_1_299' title='bbox 469 2010 613 2046; x_wconf 79' lang='grc' dir='ltr'>μοχθηρῶν</span> <span class='ocrx_word' id='word_1_300' title='bbox 631 2014 855 2048; x_wconf 79' lang='grc' dir='ltr'>συγγραμμάτων</span> <span class='ocrx_word' id='word_1_301' title='bbox 870 2016 952 2043; x_wconf 76' lang='grc' dir='ltr'>εἰσέτι</span> 
     </span>
    </p>
   </div>
   <div class='ocr_carea' id='block_1_44' title="bbox 163 2055 951 2096">
    <p class='ocr_par' dir='ltr' id='par_1_44' title="bbox 163 2055 951 2096">
     <span class='ocr_line' id='line_1_44' title="bbox 163 2055 951 2096; baseline 0.009 -15"><span class='ocrx_word' id='word_1_302' title='bbox 163 2055 211 2081; x_wconf 80' lang='grc' dir='ltr'>καὶ</span> <span class='ocrx_word' id='word_1_303' title='bbox 223 2055 271 2082; x_wconf 81' lang='grc' dir='ltr'>νῦν</span> <span class='ocrx_word' id='word_1_304' title='bbox 282 2055 494 2091; x_wconf 72' lang='grc' dir='ltr'>διαστρέφοντας</span> <span class='ocrx_word' id='word_1_305' title='bbox 508 2056 563 2083; x_wconf 85' lang='grc' dir='ltr'>τῶν</span> <span class='ocrx_word' id='word_1_306' title='bbox 576 2058 777 2094; x_wconf 79' lang='grc' dir='ltr'>ἀκεραιοτέρων</span> <span class='ocrx_word' id='word_1_307' title='bbox 788 2059 837 2091; x_wconf 86' lang='grc' dir='ltr'>τὰς</span> <span class='ocrx_word' id='word_1_308' title='bbox 853 2060 951 2096; x_wconf 79' lang='grc' dir='ltr'>ψυχάς.</span> 
     </span>
    </p>
   </div>
   <div class='ocr_carea' id='block_1_45' title="bbox 202 2101 951 2143">
    <p class='ocr_par' dir='ltr' id='par_1_45' title="bbox 202 2101 951 2143">
     <span class='ocr_line' id='line_1_45' title="bbox 202 2101 951 2143; baseline 0.009 -16"><span class='ocrx_word' id='word_1_309' title='bbox 202 2110 212 2127; x_wconf 81' lang='grc' dir='ltr'>ι</span> <span class='ocrx_word' id='word_1_310' title='bbox 234 2101 288 2128; x_wconf 80' lang='grc' dir='ltr'>Καὶ</span> <span class='ocrx_word' id='word_1_311' title='bbox 300 2101 327 2127; x_wconf 85' lang='grc' dir='ltr'><strong>τί</strong></span> <span class='ocrx_word' id='word_1_312' title='bbox 341 2102 500 2137; x_wconf 73' lang='grc' dir='ltr'>ποιήσουσιν</span> <span class='ocrx_word' id='word_1_313' title='bbox 513 2103 542 2129; x_wconf 76' lang='grc' dir='ltr'><strong>ἐν</strong></span> <span class='ocrx_word' id='word_1_314' title='bbox 562 2105 595 2139; x_wconf 77' lang='grc' dir='ltr'>τῇ</span> <span class='ocrx_word' id='word_1_315' title='bbox 612 2104 705 2140; x_wconf 67' lang='grc' dir='ltr'><strong>ἡμέρᾳ.</strong></span> <span class='ocrx_word' id='word_1_316' title='bbox 719 2105 767 2141; x_wconf 82' lang='grc' dir='ltr'>τῆς</span> <span class='ocrx_word' id='word_1_317' title='bbox 783 2106 951 2143; x_wconf 78' lang='grc' dir='ltr'>ἑπισκοπῆς;</span> 
     </span>
    </p>
   </div>
   <div class='ocr_carea' id='block_1_46' title="bbox 164 2146 954 2190">
    <p class='ocr_par' dir='ltr' id='par_1_46' title="bbox 164 2146 954 2190">
     <span class='ocr_line' id='line_1_46' title="bbox 164 2146 954 2190; baseline 0.011 -18"><span class='ocrx_word' id='word_1_318' title='bbox 164 2147 182 2182; x_wconf 81' lang='grc' dir='ltr'>ὴ</span> <span class='ocrx_word' id='word_1_319' title='bbox 196 2146 249 2183; x_wconf 86' lang='grc' dir='ltr'>γὰρ</span> <span class='ocrx_word' id='word_1_320' title='bbox 265 2147 354 2182; x_wconf 73' lang='grc' dir='ltr'>θλίψις</span> <span class='ocrx_word' id='word_1_321' title='bbox 367 2148 432 2183; x_wconf 82' lang='grc' dir='ltr'>ὑμῖν</span> <span class='ocrx_word' id='word_1_322' title='bbox 447 2149 587 2184; x_wconf 64' lang='grc' dir='ltr'>πόρρωθεν</span> <span class='ocrx_word' id='word_1_323' title='bbox 599 2149 669 2185; x_wconf 74' lang='grc' dir='ltr'>ἥξει.</span> <span class='ocrx_word' id='word_1_324' title='bbox 686 2152 741 2178; x_wconf 75' lang='grc' dir='ltr'><strong>Καὶ</strong></span> <span class='ocrx_word' id='word_1_325' title='bbox 754 2153 821 2190; x_wconf 75' lang='grc' dir='ltr'>πρὸς</span> <span class='ocrx_word' id='word_1_326' title='bbox 832 2154 890 2180; x_wconf 81' lang='grc' dir='ltr'>τίνα</span> <span class='ocrx_word' id='word_1_327' title='bbox 907 2162 954 2180; x_wconf 86' lang='grc' dir='ltr'>κα-</span> 
     </span>
    </p>
   </div>
   <div class='ocr_carea' id='block_1_47' title="bbox 162 2193 953 2236">
    <p class='ocr_par' dir='ltr' id='par_1_47' title="bbox 162 2193 953 2236">
     <span class='ocr_line' id='line_1_47' title="bbox 162 2193 953 2236; baseline 0.01 -18"><span class='ocrx_word' id='word_1_328' title='bbox 162 2193 329 2227; x_wconf 72' lang='grc' dir='ltr'>ταφεύξεσθε</span> <span class='ocrx_word' id='word_1_329' title='bbox 337 2194 385 2221; x_wconf 81' lang='grc' dir='ltr'>τοῦ</span> <span class='ocrx_word' id='word_1_330' title='bbox 398 2194 579 2230; x_wconf 70' lang='grc' dir='ltr'>βαηθηθῆναις</span> <span class='ocrx_word' id='word_1_331' title='bbox 595 2197 642 2223; x_wconf 74' lang='grc' dir='ltr'><strong>καὶ</strong></span> <span class='ocrx_word' id='word_1_332' title='bbox 654 2196 705 2223; x_wconf 80' lang='grc' dir='ltr'>ποῦ</span> <span class='ocrx_word' id='word_1_333' title='bbox 717 2198 892 2233; x_wconf 81' lang='grc' dir='ltr'>καταλείψετε</span> <span class='ocrx_word' id='word_1_334' title='bbox 903 2199 953 2236; x_wconf 79' lang='grc' dir='ltr'>τὴν</span> 
     </span>
    </p>
   </div>
   <div class='ocr_carea' id='block_1_48' title="bbox 162 2238 952 2280">
    <p class='ocr_par' dir='ltr' id='par_1_48' title="bbox 162 2238 952 2280">
     <span class='ocr_line' id='line_1_48' title="bbox 162 2238 952 2280; baseline 0.01 -15"><span class='ocrx_word' id='word_1_335' title='bbox 162 2238 240 2272; x_wconf 76' lang='grc' dir='ltr'>δόξαν</span> <span class='ocrx_word' id='word_1_336' title='bbox 249 2239 335 2275; x_wconf 82' lang='grc' dir='ltr'>ὑμῶν,</span> <span class='ocrx_word' id='word_1_337' title='bbox 347 2240 395 2267; x_wconf 75' lang='grc' dir='ltr'>τοῦ</span> <span class='ocrx_word' id='word_1_338' title='bbox 406 2241 444 2276; x_wconf 80' lang='grc' dir='ltr'>μὴ</span> <span class='ocrx_word' id='word_1_339' title='bbox 452 2242 583 2277; x_wconf 76' lang='grc' dir='ltr'>ἐμπεσεῖν</span> <span class='ocrx_word' id='word_1_340' title='bbox 595 2243 635 2274; x_wconf 82' lang='grc' dir='ltr'>εἰς</span> <span class='ocrx_word' id='word_1_341' title='bbox 648 2243 816 2280; x_wconf 70' lang='grc' dir='ltr'>ἀπαγωγηνς</span> <span class='ocrx_word' id='word_1_342' title='bbox 833 2255 841 2270; x_wconf 76' lang='grc' dir='ltr'><strong>ι</strong></span> <span class='ocrx_word' id='word_1_343' title='bbox 863 2246 952 2273; x_wconf 79' lang='grc' dir='ltr'>Ἀπει-</span> 
     </span>
    </p>
   </div>
   <div class='ocr_carea' id='block_1_49' title="bbox 1002 305 1790 348">
    <p class='ocr_par' dir='ltr' id='par_1_49' title="bbox 1002 305 1790 348">
     <span class='ocr_line' id='line_1_49' title="bbox 1002 305 1790 348; baseline -0.01 -7"><span class='ocrx_word' id='word_1_344' title='bbox 1002 322 1099 343; x_wconf 77' lang='lat' dir='ltr'><strong>census</strong></span> <span class='ocrx_word' id='word_1_345' title='bbox 1109 315 1143 341; x_wconf 86' lang='lat' dir='ltr'><strong>ab</strong></span> <span class='ocrx_word' id='word_1_346' title='bbox 1158 314 1228 348; x_wconf 70' lang='lat' dir='ltr'><strong>igne.</strong></span> <span class='ocrx_word' id='word_1_347' title='bbox 1247 311 1332 338; x_wconf 80' lang='lat' dir='ltr'><strong>Ilotno</strong></span> <span class='ocrx_word' id='word_1_348' title='bbox 1344 307 1438 336; x_wconf 86' lang='lat' dir='ltr'><strong>fratris</strong></span> <span class='ocrx_word' id='word_1_349' title='bbox 1450 307 1492 334; x_wconf 90' lang='lat' dir='ltr'><strong>sui</strong></span> <span class='ocrx_word' id='word_1_350' title='bbox 1514 314 1567 334; x_wconf 89' lang='lat' dir='ltr'><strong>non</strong></span> <span class='ocrx_word' id='word_1_351' title='bbox 1594 305 1766 333; x_wconf 86' lang='lat' dir='ltr'><strong>miserebitur</strong></span> <span class='ocrx_word' id='word_1_352' title='bbox 1780 313 1790 333; x_wconf 72' lang='lat' dir='ltr'><strong>z</strong></span> 
     </span>
    </p>
   </div>
   <div class='ocr_carea' id='block_1_50' title="bbox 1001 353 1788 389">
    <p class='ocr_par' dir='ltr' id='par_1_50' title="bbox 1001 353 1788 389">
     <span class='ocr_line' id='line_1_50' title="bbox 1001 353 1788 389; baseline -0.014 -1"><span class='ocrx_word' id='word_1_353' title='bbox 1001 361 1049 388; x_wconf 87' lang='lat' dir='ltr'><strong>sed</strong></span> <span class='ocrx_word' id='word_1_354' title='bbox 1066 359 1213 387; x_wconf 90' lang='lat' dir='ltr'><strong>declinabit</strong></span> <span class='ocrx_word' id='word_1_355' title='bbox 1227 358 1261 384; x_wconf 81' lang='lat' dir='ltr'><strong>ad</strong></span> <span class='ocrx_word' id='word_1_356' title='bbox 1276 357 1427 386; x_wconf 79' lang='lat' dir='ltr'><strong>dexteram,</strong></span> <span class='ocrx_word' id='word_1_357' title='bbox 1445 353 1508 389; x_wconf 80' lang='lat' dir='ltr'><strong>quia</strong></span> <span class='ocrx_word' id='word_1_358' title='bbox 1526 353 1637 383; x_wconf 85' lang='lat' dir='ltr'><strong>esuriet,</strong></span> <span class='ocrx_word' id='word_1_359' title='bbox 1654 356 1682 378; x_wconf 89' lang='lat' dir='ltr'><strong>et</strong></span> <span class='ocrx_word' id='word_1_360' title='bbox 1697 358 1788 379; x_wconf 70' lang='lat' dir='ltr'><strong>mme-</strong></span> 
     </span>
    </p>
   </div>
   <div class='ocr_carea' id='block_1_51' title="bbox 1001 396 1789 435">
    <p class='ocr_par' dir='ltr' id='par_1_51' title="bbox 1001 396 1789 435">
     <span class='ocr_line' id='line_1_51' title="bbox 1001 396 1789 435; baseline -0.014 -2"><span class='ocrx_word' id='word_1_361' title='bbox 1001 405 1045 432; x_wconf 85' lang='lat' dir='ltr'><strong>det</strong></span> <span class='ocrx_word' id='word_1_362' title='bbox 1057 413 1071 432; x_wconf 84' lang='lat' dir='ltr'><strong>a</strong></span> <span class='ocrx_word' id='word_1_363' title='bbox 1091 403 1220 435; x_wconf 83' lang='lat' dir='ltr'><strong>sinistris.</strong></span> <span class='ocrx_word' id='word_1_364' title='bbox 1237 406 1329 429; x_wconf 92' lang='lat' dir='ltr'><strong>etnon</strong></span> <span class='ocrx_word' id='word_1_365' title='bbox 1348 399 1518 427; x_wconf 82' lang='lat' dir='ltr'><strong>saturabitur</strong></span> <span class='ocrx_word' id='word_1_366' title='bbox 1540 398 1621 424; x_wconf 89' lang='lat' dir='ltr'><strong>homo</strong></span> <span class='ocrx_word' id='word_1_367' title='bbox 1643 396 1789 424; x_wconf 83' lang='lat' dir='ltr'><strong>comedens</strong></span> 
     </span>
    </p>
   </div>
   <div class='ocr_carea' id='block_1_52' title="bbox 1001 441 1789 479">
    <p class='ocr_par' dir='ltr' id='par_1_52' title="bbox 1001 441 1789 479">
     <span class='ocr_line' id='line_1_52' title="bbox 1001 441 1789 479; baseline -0.015 0"><span class='ocrx_word' id='word_1_368' title='bbox 1001 457 1098 479; x_wconf 79' lang='lat' dir='ltr'><strong>carnes</strong></span> <span class='ocrx_word' id='word_1_369' title='bbox 1135 447 1239 476; x_wconf 76' lang='lat' dir='ltr'><strong>brachii</strong></span> <span class='ocrx_word' id='word_1_370' title='bbox 1277 447 1328 473; x_wconf 87' lang='lat' dir='ltr'><strong>sui.</strong></span> <span class='ocrx_word' id='word_1_371' title='bbox 1366 443 1513 472; x_wconf 83' lang='lat' dir='ltr'><strong>Devorabit</strong></span> <span class='ocrx_word' id='word_1_372' title='bbox 1541 444 1614 469; x_wconf 88' lang='lat' dir='ltr'><strong>enim</strong></span> <span class='ocrx_word' id='word_1_373' title='bbox 1651 441 1789 468; x_wconf 76' lang='lat' dir='ltr'><strong>Hanasses</strong></span> 
     </span>
    </p>
   </div>
   <div class='ocr_carea' id='block_1_53' title="bbox 1003 485 1790 531">
    <p class='ocr_par' dir='ltr' id='par_1_53' title="bbox 1003 485 1790 531">
     <span class='ocr_line' id='line_1_53' title="bbox 1003 485 1790 531; baseline -0.014 -8"><span class='ocrx_word' id='word_1_374' title='bbox 1003 495 1141 531; x_wconf 87' lang='lat' dir='ltr'><strong>Ephraim,</strong></span> <span class='ocrx_word' id='word_1_375' title='bbox 1159 500 1186 522; x_wconf 89' lang='lat' dir='ltr'><strong>et</strong></span> <span class='ocrx_word' id='word_1_376' title='bbox 1200 492 1329 528; x_wconf 79' lang='lat' dir='ltr'><strong>Ephraim</strong></span> <span class='ocrx_word' id='word_1_377' title='bbox 1354 491 1510 522; x_wconf 72' lang='lat' dir='ltr'><strong>Manassen,</strong></span> <span class='ocrx_word' id='word_1_378' title='bbox 1530 489 1594 523; x_wconf 88' lang='lat' dir='ltr'><strong>quia</strong></span> <span class='ocrx_word' id='word_1_379' title='bbox 1611 486 1692 514; x_wconf 84' lang='lat' dir='ltr'><strong>simul</strong></span> <span class='ocrx_word' id='word_1_380' title='bbox 1717 485 1790 513; x_wconf 83' lang='lat' dir='ltr'><strong>obsi-</strong></span> 
     </span>
    </p>
   </div>
   <div class='ocr_carea' id='block_1_54' title="bbox 1002 533 1788 570">
    <p class='ocr_par' dir='ltr' id='par_1_54' title="bbox 1002 533 1788 570">
     <span class='ocr_line' id='line_1_54' title="bbox 1002 533 1788 570; baseline -0.014 -1"><span class='ocrx_word' id='word_1_381' title='bbox 1002 543 1102 570; x_wconf 85' lang='lat' dir='ltr'><strong>debnnt</strong></span> <span class='ocrx_word' id='word_1_382' title='bbox 1113 540 1223 568; x_wconf 85' lang='lat' dir='ltr'><strong>Jndam.</strong></span> <span class='ocrx_word' id='word_1_383' title='bbox 1244 540 1273 566; x_wconf 91' lang='lat' dir='ltr'><strong>in</strong></span> <span class='ocrx_word' id='word_1_384' title='bbox 1289 538 1331 565; x_wconf 86' lang='lat' dir='ltr'><strong>his</strong></span> <span class='ocrx_word' id='word_1_385' title='bbox 1346 537 1471 565; x_wconf 85' lang='lat' dir='ltr'><strong>omnibus</strong></span> <span class='ocrx_word' id='word_1_386' title='bbox 1488 543 1541 562; x_wconf 92' lang='lat' dir='ltr'><strong>non</strong></span> <span class='ocrx_word' id='word_1_387' title='bbox 1558 542 1656 561; x_wconf 82' lang='lat' dir='ltr'><strong>aversa</strong></span> <span class='ocrx_word' id='word_1_388' title='bbox 1674 539 1715 560; x_wconf 88' lang='lat' dir='ltr'><strong>est</strong></span> <span class='ocrx_word' id='word_1_389' title='bbox 1730 533 1768 559; x_wconf 83' lang='lat' dir='ltr'><strong>ira</strong></span> <span class='ocrx_word' id='word_1_390' title='bbox 1780 550 1788 564; x_wconf 85' lang='lat'><strong>,</strong></span> 
     </span>
    </p>
   </div>
   <div class='ocr_carea' id='block_1_55' title="bbox 1002 579 1790 615">
    <p class='ocr_par' dir='ltr' id='par_1_55' title="bbox 1002 579 1790 615">
     <span class='ocr_line' id='line_1_55' title="bbox 1002 579 1790 615; baseline -0.014 0"><span class='ocrx_word' id='word_1_391' title='bbox 1002 589 1048 615; x_wconf 81' lang='lat' dir='ltr'><strong>sed</strong></span> <span class='ocrx_word' id='word_1_392' title='bbox 1065 587 1153 615; x_wconf 86' lang='lat' dir='ltr'><strong>adhuc</strong></span> <span class='ocrx_word' id='word_1_393' title='bbox 1171 593 1267 612; x_wconf 85' lang='lat' dir='ltr'><strong>manus</strong></span> <span class='ocrx_word' id='word_1_394' title='bbox 1282 583 1401 611; x_wconf 81' lang='lat' dir='ltr'><strong>excelsa.</strong></span> <span class='ocrx_word' id='word_1_395' title='bbox 1424 592 1434 609; x_wconf 69' lang='grc' dir='ltr'><strong>ι</strong></span> <span class='ocrx_word' id='word_1_396' title='bbox 1452 583 1491 610; x_wconf 86' lang='lat' dir='ltr'><strong>ita</strong></span> <span class='ocrx_word' id='word_1_397' title='bbox 1511 586 1541 609; x_wconf 86' lang='lat' dir='ltr'><strong>ut</strong></span> <span class='ocrx_word' id='word_1_398' title='bbox 1556 582 1679 615; x_wconf 72' lang='lat' dir='ltr'><strong>insurgat</strong></span> <span class='ocrx_word' id='word_1_399' title='bbox 1705 579 1790 605; x_wconf 78' lang='lat' dir='ltr'><strong>frater</strong></span> 
     </span>
    </p>
   </div>
   <div class='ocr_carea' id='block_1_56' title="bbox 1003 629 1790 664">
    <p class='ocr_par' dir='ltr' id='par_1_56' title="bbox 1003 629 1790 664">
     <span class='ocr_line' id='line_1_56' title="bbox 1003 629 1790 664; baseline -0.013 -3"><span class='ocrx_word' id='word_1_400' title='bbox 1003 635 1029 661; x_wconf 92' lang='lat' dir='ltr'><strong>in</strong></span> <span class='ocrx_word' id='word_1_401' title='bbox 1042 634 1163 664; x_wconf 87' lang='lat' dir='ltr'><strong>fratrem,</strong></span> <span class='ocrx_word' id='word_1_402' title='bbox 1181 639 1214 658; x_wconf 90' lang='lat' dir='ltr'><strong>ac</strong></span> <span class='ocrx_word' id='word_1_403' title='bbox 1232 637 1312 657; x_wconf 80' lang='lat' dir='ltr'><strong>nemo</strong></span> <span class='ocrx_word' id='word_1_404' title='bbox 1329 629 1452 664; x_wconf 76' lang='lat' dir='ltr'><strong>proximo</strong></span> <span class='ocrx_word' id='word_1_405' title='bbox 1467 635 1517 655; x_wconf 86' lang='lat' dir='ltr'><strong>suo</strong></span> <span class='ocrx_word' id='word_1_406' title='bbox 1541 631 1636 661; x_wconf 85' lang='lat' dir='ltr'><strong>parcat</strong></span> <span class='ocrx_word' id='word_1_407' title='bbox 1653 634 1660 652; x_wconf 86' lang='lat'><strong>:</strong></span> <span class='ocrx_word' id='word_1_408' title='bbox 1678 631 1790 652; x_wconf 61' lang='lat' dir='ltr'><strong>omnes-</strong></span> 
     </span>
    </p>
   </div>
   <div class='ocr_carea' id='block_1_57' title="bbox 1002 672 1790 715">
    <p class='ocr_par' dir='ltr' id='par_1_57' title="bbox 1002 672 1790 715">
     <span class='ocr_line' id='line_1_57' title="bbox 1002 672 1790 715; baseline -0.014 -8"><span class='ocrx_word' id='word_1_409' title='bbox 1002 687 1056 715; x_wconf 89' lang='lat' dir='ltr'><strong>que</strong></span> <span class='ocrx_word' id='word_1_410' title='bbox 1071 683 1162 706; x_wconf 90' lang='lat' dir='ltr'><strong>mutuo</strong></span> <span class='ocrx_word' id='word_1_411' title='bbox 1177 681 1261 712; x_wconf 75' lang='lat' dir='ltr'><strong>agant</strong></span> <span class='ocrx_word' id='word_1_412' title='bbox 1272 681 1301 703; x_wconf 79' lang='grc' dir='ltr'>ιιι</span> <span class='ocrx_word' id='word_1_413' title='bbox 1318 675 1437 707; x_wconf 87' lang='lat' dir='ltr'><strong>inimici,</strong></span> <span class='ocrx_word' id='word_1_414' title='bbox 1451 674 1488 701; x_wconf 89' lang='lat' dir='ltr'><strong>ita</strong></span> <span class='ocrx_word' id='word_1_415' title='bbox 1501 679 1530 700; x_wconf 89' lang='lat' dir='ltr'><strong>ut</strong></span> <span class='ocrx_word' id='word_1_416' title='bbox 1543 677 1637 700; x_wconf 83' lang='lat' dir='ltr'><strong>coorta</strong></span> <span class='ocrx_word' id='word_1_417' title='bbox 1651 677 1678 699; x_wconf 91' lang='lat' dir='ltr'><strong>et</strong></span> <span class='ocrx_word' id='word_1_418' title='bbox 1692 672 1790 697; x_wconf 77' lang='lat' dir='ltr'><strong>ardens</strong></span> 
     </span>
    </p>
   </div>
   <div class='ocr_carea' id='block_1_58' title="bbox 1004 718 1790 757">
    <p class='ocr_par' dir='ltr' id='par_1_58' title="bbox 1004 718 1790 757">
     <span class='ocr_line' id='line_1_58' title="bbox 1004 718 1790 757; baseline -0.013 -5"><span class='ocrx_word' id='word_1_419' title='bbox 1004 725 1076 752; x_wconf 88' lang='lat' dir='ltr'><strong>inter</strong></span> <span class='ocrx_word' id='word_1_420' title='bbox 1101 728 1230 757; x_wconf 87' lang='lat' dir='ltr'><strong>utrosque</strong></span> <span class='ocrx_word' id='word_1_421' title='bbox 1259 721 1369 752; x_wconf 84' lang='lat' dir='ltr'><strong>seditio,</strong></span> <span class='ocrx_word' id='word_1_422' title='bbox 1390 725 1417 746; x_wconf 87' lang='lat' dir='ltr'><strong>et</strong></span> <span class='ocrx_word' id='word_1_423' title='bbox 1433 719 1514 746; x_wconf 80' lang='lat' dir='ltr'><strong>civile</strong></span> <span class='ocrx_word' id='word_1_424' title='bbox 1545 718 1645 746; x_wconf 84' lang='lat' dir='ltr'><strong>bellum</strong></span> <span class='ocrx_word' id='word_1_425' title='bbox 1658 724 1690 744; x_wconf 87' lang='lat' dir='ltr'><strong>eo</strong></span> <span class='ocrx_word' id='word_1_426' title='bbox 1706 723 1790 750; x_wconf 85' lang='lat' dir='ltr'><strong>usque</strong></span> 
     </span>
    </p>
   </div>
   <div class='ocr_carea' id='block_1_59' title="bbox 1002 762 1789 803">
    <p class='ocr_par' dir='ltr' id='par_1_59' title="bbox 1002 762 1789 803">
     <span class='ocr_line' id='line_1_59' title="bbox 1002 762 1789 803; baseline -0.015 -5"><span class='ocrx_word' id='word_1_427' title='bbox 1002 770 1101 803; x_wconf 82' lang='lat' dir='ltr'><strong>veniat,</strong></span> <span class='ocrx_word' id='word_1_428' title='bbox 1115 774 1145 796; x_wconf 94' lang='lat' dir='ltr'><strong>ut</strong></span> <span class='ocrx_word' id='word_1_429' title='bbox 1155 770 1215 795; x_wconf 79' lang='lat' dir='ltr'><strong>dine</strong></span> <span class='ocrx_word' id='word_1_430' title='bbox 1228 767 1279 794; x_wconf 70' lang='lat' dir='ltr'><strong>illa:</strong></span> <span class='ocrx_word' id='word_1_431' title='bbox 1300 766 1385 793; x_wconf 89' lang='lat' dir='ltr'><strong>tribus</strong></span> <span class='ocrx_word' id='word_1_432' title='bbox 1399 765 1525 799; x_wconf 76' lang='lat' dir='ltr'><strong>prraim</strong></span> <span class='ocrx_word' id='word_1_433' title='bbox 1540 769 1568 790; x_wconf 83' lang='lat' dir='ltr'><strong>et</strong></span> <span class='ocrx_word' id='word_1_434' title='bbox 1584 762 1736 793; x_wconf 70' lang='lat' dir='ltr'><strong>Mansisses,</strong></span> <span class='ocrx_word' id='word_1_435' title='bbox 1756 768 1789 787; x_wconf 79' lang='lat' dir='ltr'><strong>ex</strong></span> 
     </span>
    </p>
   </div>
   <div class='ocr_carea' id='block_1_60' title="bbox 1003 808 1790 850">
    <p class='ocr_par' dir='ltr' id='par_1_60' title="bbox 1003 808 1790 850">
     <span class='ocr_line' id='line_1_60' title="bbox 1003 808 1790 850; baseline -0.015 -7"><span class='ocrx_word' id='word_1_436' title='bbox 1003 824 1056 844; x_wconf 89' lang='lat' dir='ltr'><strong>uno</strong></span> <span class='ocrx_word' id='word_1_437' title='bbox 1070 821 1146 850; x_wconf 81' lang='lat' dir='ltr'><strong>patre</strong></span> <span class='ocrx_word' id='word_1_438' title='bbox 1156 814 1257 848; x_wconf 67' lang='lat' dir='ltr'><strong>Ioseph</strong></span> <span class='ocrx_word' id='word_1_439' title='bbox 1267 818 1347 844; x_wconf 71' lang='lat' dir='ltr'><strong>orne,</strong></span> <span class='ocrx_word' id='word_1_440' title='bbox 1363 819 1395 838; x_wconf 90' lang='lat' dir='ltr'><strong>ac</strong></span> <span class='ocrx_word' id='word_1_441' title='bbox 1420 810 1469 838; x_wconf 73' lang='lat' dir='ltr'><strong>sub</strong></span> <span class='ocrx_word' id='word_1_442' title='bbox 1482 810 1578 837; x_wconf 78' lang='lat' dir='ltr'><strong>eodem</strong></span> <span class='ocrx_word' id='word_1_443' title='bbox 1591 815 1674 842; x_wconf 73' lang='lat' dir='ltr'><strong>regno</strong></span> <span class='ocrx_word' id='word_1_444' title='bbox 1690 808 1790 841; x_wconf 74' lang='lat' dir='ltr'><strong>degen-</strong></span> 
     </span>
    </p>
   </div>
   <div class='ocr_carea' id='block_1_61' title="bbox 1005 851 1792 896">
    <p class='ocr_par' dir='ltr' id='par_1_61' title="bbox 1005 851 1792 896">
     <span class='ocr_line' id='line_1_61' title="bbox 1005 851 1792 896; baseline -0.015 -7"><span class='ocrx_word' id='word_1_445' title='bbox 1005 869 1054 893; x_wconf 85' lang='lat' dir='ltr'><strong>tes,</strong></span> <span class='ocrx_word' id='word_1_446' title='bbox 1068 866 1149 896; x_wconf 83' lang='lat' dir='ltr'><strong>atque</strong></span> <span class='ocrx_word' id='word_1_447' title='bbox 1165 868 1246 887; x_wconf 88' lang='lat' dir='ltr'><strong>unam</strong></span> <span class='ocrx_word' id='word_1_448' title='bbox 1260 859 1441 892; x_wconf 80' lang='lat' dir='ltr'><strong>eamdemque</strong></span> <span class='ocrx_word' id='word_1_449' title='bbox 1456 856 1551 883; x_wconf 80' lang='lat' dir='ltr'><strong>urbem</strong></span> <span class='ocrx_word' id='word_1_450' title='bbox 1579 853 1730 881; x_wconf 84' lang='lat' dir='ltr'><strong>incolentes</strong></span> <span class='ocrx_word' id='word_1_451' title='bbox 1741 851 1792 879; x_wconf 81' lang='lat' dir='ltr'><strong>Sa-</strong></span> 
     </span>
    </p>
   </div>
   <div class='ocr_carea' id='block_1_62' title="bbox 1004 898 1791 939">
    <p class='ocr_par' dir='ltr' id='par_1_62' title="bbox 1004 898 1791 939">
     <span class='ocr_line' id='line_1_62' title="bbox 1004 898 1791 939; baseline -0.014 -4"><span class='ocrx_word' id='word_1_452' title='bbox 1004 907 1130 939; x_wconf 82' lang='lat' dir='ltr'><strong>mariam,</strong></span> <span class='ocrx_word' id='word_1_453' title='bbox 1142 911 1236 933; x_wconf 84' lang='lat' dir='ltr'><strong>contra</strong></span> <span class='ocrx_word' id='word_1_454' title='bbox 1255 912 1285 932; x_wconf 86' lang='lat' dir='ltr'><strong>se</strong></span> <span class='ocrx_word' id='word_1_455' title='bbox 1302 909 1395 931; x_wconf 84' lang='lat' dir='ltr'><strong>mutuo</strong></span> <span class='ocrx_word' id='word_1_456' title='bbox 1414 904 1567 936; x_wconf 72' lang='lat' dir='ltr'><strong>insnrgant,</strong></span> <span class='ocrx_word' id='word_1_457' title='bbox 1581 908 1613 928; x_wconf 79' lang='lat' dir='ltr'><strong>ac</strong></span> <span class='ocrx_word' id='word_1_458' title='bbox 1629 899 1740 926; x_wconf 74' lang='lat' dir='ltr'><strong>brachia</strong></span> <span class='ocrx_word' id='word_1_459' title='bbox 1750 898 1791 924; x_wconf 90' lang='lat' dir='ltr'><strong>in-</strong></span> 
     </span>
    </p>
   </div>
   <div class='ocr_carea' id='block_1_63' title="bbox 1004 946 1792 984">
    <p class='ocr_par' dir='ltr' id='par_1_63' title="bbox 1004 946 1792 984">
     <span class='ocr_line' id='line_1_63' title="bbox 1004 946 1792 984; baseline -0.013 -4"><span class='ocrx_word' id='word_1_460' title='bbox 1004 954 1088 980; x_wconf 81' lang='lat' dir='ltr'><strong>vicem</strong></span> <span class='ocrx_word' id='word_1_461' title='bbox 1103 952 1243 984; x_wconf 83' lang='lat' dir='ltr'><strong>devorent,</strong></span> <span class='ocrx_word' id='word_1_462' title='bbox 1260 950 1332 978; x_wconf 85' lang='lat' dir='ltr'><strong>bello</strong></span> <span class='ocrx_word' id='word_1_463' title='bbox 1343 954 1438 977; x_wconf 78' lang='lat' dir='ltr'><strong>contra</strong></span> <span class='ocrx_word' id='word_1_464' title='bbox 1453 948 1550 976; x_wconf 68' lang='lat' dir='ltr'><strong>ludam</strong></span> <span class='ocrx_word' id='word_1_465' title='bbox 1566 946 1730 977; x_wconf 79' lang='lat' dir='ltr'><strong>.inferendo,</strong></span> <span class='ocrx_word' id='word_1_466' title='bbox 1759 951 1792 971; x_wconf 83' lang='lat' dir='ltr'><strong>ae</strong></span> 
     </span>
    </p>
   </div>
   <div class='ocr_carea' id='block_1_64' title="bbox 1002 991 1792 1031">
    <p class='ocr_par' dir='ltr' id='par_1_64' title="bbox 1002 991 1792 1031">
     <span class='ocr_line' id='line_1_64' title="bbox 1002 991 1792 1031; baseline -0.013 -5"><span class='ocrx_word' id='word_1_467' title='bbox 1002 999 1135 1026; x_wconf 77' lang='lat' dir='ltr'><strong>obsidioni</strong></span> <span class='ocrx_word' id='word_1_468' title='bbox 1150 996 1353 1031; x_wconf 70' lang='lat' dir='ltr'><strong>Hierosolymm,</strong></span> <span class='ocrx_word' id='word_1_469' title='bbox 1363 1003 1415 1022; x_wconf 88' lang='lat' dir='ltr'><strong>non</strong></span> <span class='ocrx_word' id='word_1_470' title='bbox 1430 995 1497 1021; x_wconf 85' lang='lat' dir='ltr'><strong>ultra</strong></span> <span class='ocrx_word' id='word_1_471' title='bbox 1509 998 1647 1024; x_wconf 81' lang='lat' dir='ltr'><strong>vacantes,</strong></span> <span class='ocrx_word' id='word_1_472' title='bbox 1662 991 1709 1018; x_wconf 85' lang='lat' dir='ltr'><strong>sed</strong></span> <span class='ocrx_word' id='word_1_473' title='bbox 1723 997 1792 1017; x_wconf 85' lang='lat' dir='ltr'><strong>con-</strong></span> 
     </span>
    </p>
   </div>
   <div class='ocr_carea' id='block_1_65' title="bbox 1004 1040 1791 1078">
    <p class='ocr_par' dir='ltr' id='par_1_65' title="bbox 1004 1040 1791 1078">
     <span class='ocr_line' id='line_1_65' title="bbox 1004 1040 1791 1078; baseline -0.01 -6"><span class='ocrx_word' id='word_1_474' title='bbox 1004 1051 1044 1072; x_wconf 86' lang='lat' dir='ltr'><strong>tra</strong></span> <span class='ocrx_word' id='word_1_475' title='bbox 1061 1052 1090 1072; x_wconf 76' lang='lat' dir='ltr'><strong>se</strong></span> <span class='ocrx_word' id='word_1_476' title='bbox 1105 1049 1198 1071; x_wconf 87' lang='lat' dir='ltr'><strong>mutuo</strong></span> <span class='ocrx_word' id='word_1_477' title='bbox 1209 1044 1312 1078; x_wconf 71' lang='lat' dir='ltr'><strong>gladios</strong></span> <span class='ocrx_word' id='word_1_478' title='bbox 1325 1047 1466 1074; x_wconf 82' lang='lat' dir='ltr'><strong>acuentes,</strong></span> <span class='ocrx_word' id='word_1_479' title='bbox 1479 1046 1508 1068; x_wconf 91' lang='lat' dir='ltr'><strong>ut</strong></span> <span class='ocrx_word' id='word_1_480' title='bbox 1518 1049 1547 1068; x_wconf 83' lang='lat' dir='ltr'><strong>se</strong></span> <span class='ocrx_word' id='word_1_481' title='bbox 1560 1040 1715 1067; x_wconf 85' lang='lat' dir='ltr'><strong>vulneribus</strong></span> <span class='ocrx_word' id='word_1_482' title='bbox 1727 1046 1791 1066; x_wconf 88' lang='lat' dir='ltr'><strong>con-</strong></span> 
     </span>
    </p>
   </div>
   <div class='ocr_carea' id='block_1_66' title="bbox 1002 1089 1263 1119">
    <p class='ocr_par' dir='ltr' id='par_1_66' title="bbox 1002 1089 1263 1119">
     <span class='ocr_line' id='line_1_66' title="bbox 1002 1089 1263 1119; baseline -0.011 0"><span class='ocrx_word' id='word_1_483' title='bbox 1002 1091 1094 1119; x_wconf 78' lang='lat' dir='ltr'><strong>iieiant</strong></span> <span class='ocrx_word' id='word_1_484' title='bbox 1106 1098 1136 1118; x_wconf 75' lang='lat' dir='ltr'><strong>ac.</strong></span> <span class='ocrx_word' id='word_1_485' title='bbox 1146 1089 1263 1117; x_wconf 81' lang='lat' dir='ltr'><strong>deleant.</strong></span> 
     </span>
    </p>
   </div>
   <div class='ocr_carea' id='block_1_67' title="bbox 1308 1234 1478 1263">
    <p class='ocr_par' dir='ltr' id='par_1_67' title="bbox 1308 1234 1478 1263">
     <span class='ocr_line' id='line_1_67' title="bbox 1308 1234 1478 1263; baseline 0 0"><span class='ocrx_word' id='word_1_486' title='bbox 1308 1235 1424 1263; x_wconf 85' lang='lat' dir='ltr'><strong>CAPUT</strong></span> <span class='ocrx_word' id='word_1_487' title='bbox 1443 1234 1478 1263; x_wconf 80' lang='grc' dir='ltr'><strong>Χ.</strong></span> 
     </span>
    </p>
   </div>
   <div class='ocr_carea' id='block_1_68' title="bbox 1040 1285 1790 1318">
    <p class='ocr_par' dir='ltr' id='par_1_68' title="bbox 1040 1285 1790 1318">
     <span class='ocr_line' id='line_1_68' title="bbox 1040 1285 1790 1318; baseline -0.009 -1"><span class='ocrx_word' id='word_1_488' title='bbox 1040 1290 1120 1318; x_wconf 74' lang='lat' dir='ltr'><strong>Vsus.</strong></span> <span class='ocrx_word' id='word_1_489' title='bbox 1141 1288 1200 1316; x_wconf 75' lang='lat' dir='ltr'><strong>i-2.</strong></span> <span class='ocrx_word' id='word_1_490' title='bbox 1230 1297 1239 1314; x_wconf 81' lang='grc' dir='ltr'><strong>ι</strong></span> <span class='ocrx_word' id='word_1_491' title='bbox 1261 1288 1306 1316; x_wconf 61' lang='lat' dir='ltr'><strong>Var</strong></span> <span class='ocrx_word' id='word_1_492' title='bbox 1333 1286 1517 1315; x_wconf 81' lang='lat' dir='ltr'><strong>scribentibus</strong></span> <span class='ocrx_word' id='word_1_493' title='bbox 1543 1285 1698 1312; x_wconf 84' lang='lat' dir='ltr'><strong>malitiam:</strong></span> <span class='ocrx_word' id='word_1_494' title='bbox 1728 1291 1790 1311; x_wconf 85' lang='lat' dir='ltr'><strong>nam</strong></span> 
     </span>
    </p>
   </div>
   <div class='ocr_carea' id='block_1_69' title="bbox 1002 1331 1791 1368">
    <p class='ocr_par' dir='ltr' id='par_1_69' title="bbox 1002 1331 1791 1368">
     <span class='ocr_line' id='line_1_69' title="bbox 1002 1331 1791 1368; baseline -0.009 -5"><span class='ocrx_word' id='word_1_495' title='bbox 1002 1337 1163 1368; x_wconf 81' lang='lat' dir='ltr'><strong>scribentes,</strong></span> <span class='ocrx_word' id='word_1_496' title='bbox 1181 1335 1311 1361; x_wconf 89' lang='lat' dir='ltr'><strong>malitiam</strong></span> <span class='ocrx_word' id='word_1_497' title='bbox 1322 1333 1445 1360; x_wconf 87' lang='lat' dir='ltr'><strong>scribunt</strong></span> <span class='ocrx_word' id='word_1_498' title='bbox 1459 1341 1465 1358; x_wconf 88' lang='lat'><strong><em>:</em></strong></span> <span class='ocrx_word' id='word_1_499' title='bbox 1481 1331 1647 1359; x_wconf 85' lang='lat' dir='ltr'><strong>declinantes</strong></span> <span class='ocrx_word' id='word_1_500' title='bbox 1660 1331 1791 1365; x_wconf 87' lang='lat' dir='ltr'><strong>judicium</strong></span> 
     </span>
    </p>
   </div>
   <div class='ocr_carea' id='block_1_70' title="bbox 1003 1376 1790 1416">
    <p class='ocr_par' dir='ltr' id='par_1_70' title="bbox 1003 1376 1790 1416">
     <span class='ocr_line' id='line_1_70' title="bbox 1003 1376 1790 1416; baseline -0.008 -8"><span class='ocrx_word' id='word_1_501' title='bbox 1003 1389 1163 1416; x_wconf 80' lang='lat' dir='ltr'><strong>pauperum,</strong></span> <span class='ocrx_word' id='word_1_502' title='bbox 1181 1380 1318 1415; x_wconf 79' lang='lat' dir='ltr'><strong>rapientes</strong></span> <span class='ocrx_word' id='word_1_503' title='bbox 1332 1379 1463 1413; x_wconf 84' lang='lat' dir='ltr'><strong>judicium</strong></span> <span class='ocrx_word' id='word_1_504' title='bbox 1483 1378 1593 1412; x_wconf 90' lang='lat' dir='ltr'><strong>inopum</strong></span> <span class='ocrx_word' id='word_1_505' title='bbox 1611 1376 1702 1411; x_wconf 88' lang='lat' dir='ltr'><strong>populi</strong></span> <span class='ocrx_word' id='word_1_506' title='bbox 1715 1376 1790 1408; x_wconf 83' lang='lat' dir='ltr'><strong>mei;</strong></span> 
     </span>
    </p>
   </div>
   <div class='ocr_carea' id='block_1_71' title="bbox 1003 1421 1791 1459">
    <p class='ocr_par' dir='ltr' id='par_1_71' title="bbox 1003 1421 1791 1459">
     <span class='ocr_line' id='line_1_71' title="bbox 1003 1421 1791 1459; baseline -0.009 -5"><span class='ocrx_word' id='word_1_507' title='bbox 1003 1427 1039 1454; x_wconf 87' lang='lat' dir='ltr'><strong>ita</strong></span> <span class='ocrx_word' id='word_1_508' title='bbox 1056 1432 1085 1453; x_wconf 90' lang='lat' dir='ltr'><strong>ut</strong></span> <span class='ocrx_word' id='word_1_509' title='bbox 1099 1426 1134 1453; x_wconf 84' lang='lat' dir='ltr'><strong>sit</strong></span> <span class='ocrx_word' id='word_1_510' title='bbox 1153 1426 1204 1454; x_wconf 89' lang='lat' dir='ltr'><strong>illis</strong></span> <span class='ocrx_word' id='word_1_511' title='bbox 1225 1426 1306 1452; x_wconf 82' lang='lat' dir='ltr'><strong>vidua</strong></span> <span class='ocrx_word' id='word_1_512' title='bbox 1320 1425 1347 1452; x_wconf 90' lang='lat' dir='ltr'><strong>in</strong></span> <span class='ocrx_word' id='word_1_513' title='bbox 1369 1424 1501 1459; x_wconf 82' lang='lat' dir='ltr'><strong>rapinam,</strong></span> <span class='ocrx_word' id='word_1_514' title='bbox 1514 1428 1541 1449; x_wconf 84' lang='lat' dir='ltr'><strong>et</strong></span> <span class='ocrx_word' id='word_1_515' title='bbox 1552 1422 1691 1457; x_wconf 80' lang='lat' dir='ltr'><strong>orpitanus</strong></span> <span class='ocrx_word' id='word_1_516' title='bbox 1707 1421 1733 1449; x_wconf 86' lang='lat' dir='ltr'><strong>in</strong></span> <span class='ocrx_word' id='word_1_517' title='bbox 1749 1421 1791 1449; x_wconf 88' lang='lat' dir='ltr'><strong>di-</strong></span> 
     </span>
    </p>
   </div>
   <div class='ocr_carea' id='block_1_72' title="bbox 1004 1466 1792 1506">
    <p class='ocr_par' dir='ltr' id='par_1_72' title="bbox 1004 1466 1792 1506">
     <span class='ocr_line' id='line_1_72' title="bbox 1004 1466 1792 1506; baseline -0.006 -7"><span class='ocrx_word' id='word_1_518' title='bbox 1004 1473 1165 1506; x_wconf 89' lang='lat' dir='ltr'><strong>reptionem.</strong></span> <span class='ocrx_word' id='word_1_519' title='bbox 1183 1482 1192 1498; x_wconf 80' lang='lat' dir='ltr'><strong>r</strong></span> <span class='ocrx_word' id='word_1_520' title='bbox 1212 1471 1288 1498; x_wconf 91' lang='lat' dir='ltr'><strong>illum</strong></span> <span class='ocrx_word' id='word_1_521' title='bbox 1306 1471 1433 1498; x_wconf 80' lang='lat' dir='ltr'><strong>Israelem</strong></span> <span class='ocrx_word' id='word_1_522' title='bbox 1451 1469 1567 1501; x_wconf 90' lang='lat' dir='ltr'><strong>dictum,</strong></span> <span class='ocrx_word' id='word_1_523' title='bbox 1590 1468 1716 1495; x_wconf 81' lang='lat' dir='ltr'><strong>videlicet</strong></span> <span class='ocrx_word' id='word_1_524' title='bbox 1743 1466 1792 1494; x_wconf 79' lang='lat' dir='ltr'><strong>Ju-</strong></span> 
     </span>
    </p>
   </div>
   <div class='ocr_carea' id='block_1_73' title="bbox 1003 1514 1793 1553">
    <p class='ocr_par' dir='ltr' id='par_1_73' title="bbox 1003 1514 1793 1553">
     <span class='ocr_line' id='line_1_73' title="bbox 1003 1514 1793 1553; baseline -0.005 -8"><span class='ocrx_word' id='word_1_525' title='bbox 1003 1519 1110 1546; x_wconf 86' lang='lat' dir='ltr'><strong>daicum</strong></span> <span class='ocrx_word' id='word_1_526' title='bbox 1123 1518 1250 1553; x_wconf 82' lang='lat' dir='ltr'><strong>populum</strong></span> <span class='ocrx_word' id='word_1_527' title='bbox 1276 1525 1358 1552; x_wconf 74' lang='lat' dir='ltr'><strong>regno</strong></span> <span class='ocrx_word' id='word_1_528' title='bbox 1380 1515 1514 1544; x_wconf 77' lang='lat' dir='ltr'><strong>Samarize</strong></span> <span class='ocrx_word' id='word_1_529' title='bbox 1533 1515 1681 1546; x_wconf 83' lang='lat' dir='ltr'><strong>subditum,</strong></span> <span class='ocrx_word' id='word_1_530' title='bbox 1697 1515 1730 1542; x_wconf 93' lang='lat' dir='ltr'><strong>de</strong></span> <span class='ocrx_word' id='word_1_531' title='bbox 1750 1514 1793 1541; x_wconf 69' lang='lat' dir='ltr'><strong>bis</strong></span> 
     </span>
    </p>
   </div>
   <div class='ocr_carea' id='block_1_74' title="bbox 1003 1561 1791 1599">
    <p class='ocr_par' dir='ltr' id='par_1_74' title="bbox 1003 1561 1791 1599">
     <span class='ocr_line' id='line_1_74' title="bbox 1003 1561 1791 1599; baseline -0.008 -7"><span class='ocrx_word' id='word_1_532' title='bbox 1003 1565 1078 1597; x_wconf 86' lang='lat' dir='ltr'><strong>item,</strong></span> <span class='ocrx_word' id='word_1_533' title='bbox 1098 1569 1196 1599; x_wconf 65' lang='lat' dir='ltr'><strong>praster</strong></span> <span class='ocrx_word' id='word_1_534' title='bbox 1210 1571 1242 1590; x_wconf 87' lang='lat' dir='ltr'><strong>ea</strong></span> <span class='ocrx_word' id='word_1_535' title='bbox 1256 1570 1316 1598; x_wconf 75' lang='lat' dir='ltr'><strong>qua:</strong></span> <span class='ocrx_word' id='word_1_536' title='bbox 1331 1561 1455 1597; x_wconf 85' lang='lat' dir='ltr'><strong>superius</strong></span> <span class='ocrx_word' id='word_1_537' title='bbox 1481 1566 1630 1589; x_wconf 80' lang='lat' dir='ltr'><strong>memorata</strong></span> <span class='ocrx_word' id='word_1_538' title='bbox 1643 1565 1716 1591; x_wconf 90' lang='lat' dir='ltr'><strong>sttnt,</strong></span> <span class='ocrx_word' id='word_1_539' title='bbox 1744 1567 1791 1587; x_wconf 82' lang='lat' dir='ltr'><strong>ac-</strong></span> 
     </span>
    </p>
   </div>
   <div class='ocr_carea' id='block_1_75' title="bbox 1003 1604 1791 1644">
    <p class='ocr_par' dir='ltr' id='par_1_75' title="bbox 1003 1604 1791 1644">
     <span class='ocr_line' id='line_1_75' title="bbox 1003 1604 1791 1644; baseline -0.006 -8"><span class='ocrx_word' id='word_1_540' title='bbox 1003 1614 1080 1637; x_wconf 78' lang='lat' dir='ltr'><strong>cusat</strong></span> <span class='ocrx_word' id='word_1_541' title='bbox 1095 1609 1248 1644; x_wconf 79' lang='lat' dir='ltr'><strong>Scriptura,</strong></span> <span class='ocrx_word' id='word_1_542' title='bbox 1264 1608 1368 1640; x_wconf 74' lang='lat' dir='ltr'><strong>dicens.</strong></span> <span class='ocrx_word' id='word_1_543' title='bbox 1382 1616 1429 1635; x_wconf 86' lang='lat' dir='ltr'><strong>eos</strong></span> <span class='ocrx_word' id='word_1_544' title='bbox 1440 1609 1475 1635; x_wconf 88' lang='lat' dir='ltr'><strong>ob</strong></span> <span class='ocrx_word' id='word_1_545' title='bbox 1483 1607 1681 1634; x_wconf 80' lang='lat' dir='ltr'><strong>contentionem</strong></span> <span class='ocrx_word' id='word_1_546' title='bbox 1691 1604 1718 1633; x_wconf 79' lang='lat' dir='ltr'><strong>et</strong></span> <span class='ocrx_word' id='word_1_547' title='bbox 1733 1605 1791 1632; x_wconf 83' lang='lat' dir='ltr'><strong>dis-</strong></span> 
     </span>
    </p>
   </div>
   <div class='ocr_carea' id='block_1_76' title="bbox 1003 1651 1792 1690">
    <p class='ocr_par' dir='ltr' id='par_1_76' title="bbox 1003 1651 1792 1690">
     <span class='ocr_line' id='line_1_76' title="bbox 1003 1651 1792 1690; baseline -0.008 -7"><span class='ocrx_word' id='word_1_548' title='bbox 1003 1655 1182 1690; x_wconf 86' lang='lat' dir='ltr'><strong>ceptationem</strong></span> <span class='ocrx_word' id='word_1_549' title='bbox 1208 1662 1313 1686; x_wconf 86' lang='lat' dir='ltr'><strong>eorum,</strong></span> <span class='ocrx_word' id='word_1_550' title='bbox 1328 1653 1374 1689; x_wconf 86' lang='lat' dir='ltr'><strong>qui</strong></span> <span class='ocrx_word' id='word_1_551' title='bbox 1390 1652 1468 1681; x_wconf 83' lang='lat' dir='ltr'><strong>veras</strong></span> <span class='ocrx_word' id='word_1_552' title='bbox 1484 1653 1530 1680; x_wconf 85' lang='lat' dir='ltr'><strong>Dei</strong></span> <span class='ocrx_word' id='word_1_553' title='bbox 1543 1652 1699 1688; x_wconf 82' lang='lat' dir='ltr'><strong>prophetias</strong></span> <span class='ocrx_word' id='word_1_554' title='bbox 1715 1651 1792 1678; x_wconf 83' lang='lat' dir='ltr'><strong>adul-</strong></span> 
     </span>
    </p>
   </div>
   <div class='ocr_carea' id='block_1_77' title="bbox 1005 1697 1790 1733">
    <p class='ocr_par' dir='ltr' id='par_1_77' title="bbox 1005 1697 1790 1733">
     <span class='ocr_line' id='line_1_77' title="bbox 1005 1697 1790 1733; baseline -0.005 -6"><span class='ocrx_word' id='word_1_555' title='bbox 1005 1701 1139 1733; x_wconf 84' lang='lat' dir='ltr'><strong>terabant,</strong></span> <span class='ocrx_word' id='word_1_556' title='bbox 1159 1699 1228 1726; x_wconf 83' lang='lat' dir='ltr'><strong>falsa</strong></span> <span class='ocrx_word' id='word_1_557' title='bbox 1244 1699 1373 1726; x_wconf 87' lang='lat' dir='ltr'><strong>vaticinia</strong></span> <span class='ocrx_word' id='word_1_558' title='bbox 1389 1698 1571 1726; x_wconf 87' lang='lat' dir='ltr'><strong>comminisci.</strong></span> <span class='ocrx_word' id='word_1_559' title='bbox 1592 1697 1674 1724; x_wconf 83' lang='lat' dir='ltr'><strong>Erant</strong></span> <span class='ocrx_word' id='word_1_560' title='bbox 1688 1697 1790 1730; x_wconf 80' lang='lat' dir='ltr'><strong>itaque,</strong></span> 
     </span>
    </p>
   </div>
   <div class='ocr_carea' id='block_1_78' title="bbox 1004 1743 1790 1781">
    <p class='ocr_par' dir='ltr' id='par_1_78' title="bbox 1004 1743 1790 1781">
     <span class='ocr_line' id='line_1_78' title="bbox 1004 1743 1790 1781; baseline -0.005 -8"><span class='ocrx_word' id='word_1_561' title='bbox 1004 1751 1082 1781; x_wconf 73' lang='lat' dir='ltr'><strong>erant</strong></span> <span class='ocrx_word' id='word_1_562' title='bbox 1106 1745 1350 1781; x_wconf 63' lang='lat' dir='ltr'><strong>pseudopropheta:</strong></span> <span class='ocrx_word' id='word_1_563' title='bbox 1374 1744 1461 1777; x_wconf 89' lang='lat' dir='ltr'><strong>multi,</strong></span> <span class='ocrx_word' id='word_1_564' title='bbox 1487 1745 1513 1770; x_wconf 82' lang='lat' dir='ltr'><strong>in</strong></span> <span class='ocrx_word' id='word_1_565' title='bbox 1531 1743 1630 1771; x_wconf 84' lang='lat' dir='ltr'><strong>israele</strong></span> <span class='ocrx_word' id='word_1_566' title='bbox 1654 1743 1790 1770; x_wconf 79' lang='lat' dir='ltr'><strong>contraria</strong></span> 
     </span>
    </p>
   </div>
   <div class='ocr_carea' id='block_1_79' title="bbox 1003 1788 1790 1827">
    <p class='ocr_par' dir='ltr' id='par_1_79' title="bbox 1003 1788 1790 1827">
     <span class='ocr_line' id='line_1_79' title="bbox 1003 1788 1790 1827; baseline -0.006 -8"><span class='ocrx_word' id='word_1_567' title='bbox 1003 1793 1144 1827; x_wconf 84' lang='lat' dir='ltr'><strong>loquentes</strong></span> <span class='ocrx_word' id='word_1_568' title='bbox 1160 1796 1186 1819; x_wconf 88' lang='lat' dir='ltr'><strong>et</strong></span> <span class='ocrx_word' id='word_1_569' title='bbox 1197 1792 1335 1818; x_wconf 83' lang='lat' dir='ltr'><strong>comraria</strong></span> <span class='ocrx_word' id='word_1_570' title='bbox 1361 1791 1513 1818; x_wconf 85' lang='lat' dir='ltr'><strong>scribentes</strong></span> <span class='ocrx_word' id='word_1_571' title='bbox 1538 1790 1582 1821; x_wconf 81' lang='lat' dir='ltr'><strong>iis,</strong></span> <span class='ocrx_word' id='word_1_572' title='bbox 1600 1789 1727 1823; x_wconf 65' lang='lat' dir='ltr'><strong>quie‘veri</strong></span> <span class='ocrx_word' id='word_1_573' title='bbox 1744 1788 1790 1815; x_wconf 88' lang='lat' dir='ltr'><strong>Dei</strong></span> 
     </span>
    </p>
   </div>
   <div class='ocr_carea' id='block_1_80' title="bbox 1003 1833 1791 1872">
    <p class='ocr_par' dir='ltr' id='par_1_80' title="bbox 1003 1833 1791 1872">
     <span class='ocr_line' id='line_1_80' title="bbox 1003 1833 1791 1872; baseline -0.005 -9"><span class='ocrx_word' id='word_1_574' title='bbox 1003 1838 1141 1872; x_wconf 60' lang='lat' dir='ltr'><strong>prophetae</strong></span> <span class='ocrx_word' id='word_1_575' title='bbox 1160 1837 1312 1864; x_wconf 82' lang='lat' dir='ltr'><strong>tradebant.</strong></span> <span class='ocrx_word' id='word_1_576' title='bbox 1326 1836 1409 1862; x_wconf 88' lang='lat' dir='ltr'><strong>iidem</strong></span> <span class='ocrx_word' id='word_1_577' title='bbox 1426 1841 1491 1862; x_wconf 87' lang='lat' dir='ltr'><strong>vero</strong></span> <span class='ocrx_word' id='word_1_578' title='bbox 1508 1835 1557 1868; x_wconf 85' lang='lat' dir='ltr'><strong>ipsi</strong></span> <span class='ocrx_word' id='word_1_579' title='bbox 1570 1835 1670 1868; x_wconf 81' lang='lat' dir='ltr'><strong>scripta</strong></span> <span class='ocrx_word' id='word_1_580' title='bbox 1687 1833 1791 1859; x_wconf 78' lang='lat' dir='ltr'><strong>nefaria</strong></span> 
     </span>
    </p>
   </div>
   <div class='ocr_carea' id='block_1_81' title="bbox 1003 1879 1792 1916">
    <p class='ocr_par' dir='ltr' id='par_1_81' title="bbox 1003 1879 1792 1916">
     <span class='ocr_line' id='line_1_81' title="bbox 1003 1879 1792 1916; baseline -0.008 -6"><span class='ocrx_word' id='word_1_581' title='bbox 1003 1883 1130 1915; x_wconf 83' lang='lat' dir='ltr'><strong>edebant,</strong></span> <span class='ocrx_word' id='word_1_582' title='bbox 1145 1887 1171 1910; x_wconf 88' lang='lat' dir='ltr'><strong>et</strong></span> <span class='ocrx_word' id='word_1_583' title='bbox 1183 1882 1258 1909; x_wconf 93' lang='lat' dir='ltr'><strong>omni</strong></span> <span class='ocrx_word' id='word_1_584' title='bbox 1281 1881 1458 1916; x_wconf 78' lang='lat' dir='ltr'><strong>improbitate</strong></span> <span class='ocrx_word' id='word_1_585' title='bbox 1479 1881 1580 1908; x_wconf 84' lang='lat' dir='ltr'><strong>referta</strong></span> <span class='ocrx_word' id='word_1_586' title='bbox 1600 1889 1607 1906; x_wconf 87' lang='lat'><strong>:</strong></span> <span class='ocrx_word' id='word_1_587' title='bbox 1625 1880 1650 1906; x_wconf 91' lang='lat' dir='ltr'><strong>in</strong></span> <span class='ocrx_word' id='word_1_588' title='bbox 1677 1879 1792 1905; x_wconf 88' lang='lat' dir='ltr'><strong>miseros</strong></span> 
     </span>
    </p>
   </div>
   <div class='ocr_carea' id='block_1_82' title="bbox 1003 1925 1791 1964">
    <p class='ocr_par' dir='ltr' id='par_1_82' title="bbox 1003 1925 1791 1964">
     <span class='ocr_line' id='line_1_82' title="bbox 1003 1925 1791 1964; baseline -0.004 -10"><span class='ocrx_word' id='word_1_589' title='bbox 1003 1935 1137 1964; x_wconf 87' lang='lat' dir='ltr'><strong>pauperes</strong></span> <span class='ocrx_word' id='word_1_590' title='bbox 1154 1928 1320 1955; x_wconf 87' lang='lat' dir='ltr'><strong>dominatum</strong></span> <span class='ocrx_word' id='word_1_591' title='bbox 1338 1927 1514 1958; x_wconf 77' lang='lat' dir='ltr'><strong>exercebant,</strong></span> <span class='ocrx_word' id='word_1_592' title='bbox 1541 1934 1573 1953; x_wconf 90' lang='lat' dir='ltr'><strong>ac</strong></span> <span class='ocrx_word' id='word_1_593' title='bbox 1598 1925 1731 1953; x_wconf 80' lang='lat' dir='ltr'><strong>violenter</strong></span> <span class='ocrx_word' id='word_1_594' title='bbox 1743 1932 1791 1952; x_wconf 79' lang='lat' dir='ltr'><strong>su-</strong></span> 
     </span>
    </p>
   </div>
   <div class='ocr_carea' id='block_1_83' title="bbox 1004 1970 1792 2007">
    <p class='ocr_par' dir='ltr' id='par_1_83' title="bbox 1004 1970 1792 2007">
     <span class='ocr_line' id='line_1_83' title="bbox 1004 1970 1792 2007; baseline -0.004 -7"><span class='ocrx_word' id='word_1_595' title='bbox 1004 1974 1141 2007; x_wconf 81' lang='lat' dir='ltr'><strong>perbeque</strong></span> <span class='ocrx_word' id='word_1_596' title='bbox 1156 1974 1273 2007; x_wconf 68' lang='lat' dir='ltr'><strong>agebant</strong></span> <span class='ocrx_word' id='word_1_597' title='bbox 1287 1973 1312 1999; x_wconf 94' lang='lat' dir='ltr'><strong>in</strong></span> <span class='ocrx_word' id='word_1_598' title='bbox 1327 1973 1464 2007; x_wconf 84' lang='lat' dir='ltr'><strong>urpbanos</strong></span> <span class='ocrx_word' id='word_1_599' title='bbox 1479 1977 1506 1998; x_wconf 89' lang='lat' dir='ltr'><strong>et</strong></span> <span class='ocrx_word' id='word_1_600' title='bbox 1521 1971 1617 1998; x_wconf 79' lang='lat' dir='ltr'><strong>viduas</strong></span> <span class='ocrx_word' id='word_1_601' title='bbox 1642 1970 1792 2005; x_wconf 82' lang='lat' dir='ltr'><strong>patmcinio</strong></span> 
     </span>
    </p>
   </div>
   <div class='ocr_carea' id='block_1_84' title="bbox 1003 2019 1793 2054">
    <p class='ocr_par' dir='ltr' id='par_1_84' title="bbox 1003 2019 1793 2054">
     <span class='ocr_line' id='line_1_84' title="bbox 1003 2019 1793 2054; baseline -0.003 -6"><span class='ocrx_word' id='word_1_602' title='bbox 1003 2024 1139 2048; x_wconf 79' lang='lat' dir='ltr'><strong>carentes.</strong></span> <span class='ocrx_word' id='word_1_603' title='bbox 1158 2019 1237 2046; x_wconf 81' lang='lat' dir='ltr'><strong>Tales</strong></span> <span class='ocrx_word' id='word_1_604' title='bbox 1249 2020 1311 2046; x_wconf 86' lang='lat' dir='ltr'><strong>item</strong></span> <span class='ocrx_word' id='word_1_605' title='bbox 1328 2020 1432 2047; x_wconf 80' lang='lat' dir='ltr'><strong>dixeris</strong></span> <span class='ocrx_word' id='word_1_606' title='bbox 1444 2028 1500 2052; x_wconf 90' lang='lat' dir='ltr'><strong>eos,</strong></span> <span class='ocrx_word' id='word_1_607' title='bbox 1522 2019 1567 2053; x_wconf 90' lang='lat' dir='ltr'><strong>qui</strong></span> <span class='ocrx_word' id='word_1_608' title='bbox 1584 2019 1665 2046; x_wconf 80' lang='lat' dir='ltr'><strong>hodie</strong></span> <span class='ocrx_word' id='word_1_609' title='bbox 1683 2026 1793 2054; x_wconf 83' lang='lat' dir='ltr'><strong>perver-</strong></span> 
     </span>
    </p>
   </div>
   <div class='ocr_carea' id='block_1_85' title="bbox 1004 2065 1648 2100">
    <p class='ocr_par' dir='ltr' id='par_1_85' title="bbox 1004 2065 1648 2100">
     <span class='ocr_line' id='line_1_85' title="bbox 1004 2065 1648 2100; baseline -0.003 -8"><span class='ocrx_word' id='word_1_610' title='bbox 1004 2066 1041 2092; x_wconf 82' lang='lat' dir='ltr'><strong>sis</strong></span> <span class='ocrx_word' id='word_1_611' title='bbox 1055 2065 1165 2100; x_wconf 85' lang='lat' dir='ltr'><strong>scriptis</strong></span> <span class='ocrx_word' id='word_1_612' title='bbox 1181 2065 1375 2100; x_wconf 80' lang='lat' dir='ltr'><strong>simpliciorum</strong></span> <span class='ocrx_word' id='word_1_613' title='bbox 1392 2065 1497 2091; x_wconf 81' lang='lat' dir='ltr'><strong>animas</strong></span> <span class='ocrx_word' id='word_1_614' title='bbox 1513 2070 1648 2091; x_wconf 78' lang='lat' dir='ltr'><strong>evertunt.</strong></span> 
     </span>
    </p>
   </div>
   <div class='ocr_carea' id='block_1_86' title="bbox 1040 2109 1791 2145">
    <p class='ocr_par' dir='ltr' id='par_1_86' title="bbox 1040 2109 1791 2145">
     <span class='ocr_line' id='line_1_86' title="bbox 1040 2109 1791 2145; baseline 0 -8"><span class='ocrx_word' id='word_1_615' title='bbox 1040 2110 1120 2137; x_wconf 76' lang='lat' dir='ltr'><strong>Vens.</strong></span> <span class='ocrx_word' id='word_1_616' title='bbox 1138 2111 1197 2140; x_wconf 74' lang='grc'><strong>5-4.</strong></span> <span class='ocrx_word' id='word_1_617' title='bbox 1218 2118 1229 2135; x_wconf 73' lang='grc' dir='ltr'><strong>ε</strong></span> <span class='ocrx_word' id='word_1_618' title='bbox 1248 2110 1280 2137; x_wconf 83' lang='lat' dir='ltr'><strong>Et</strong></span> <span class='ocrx_word' id='word_1_619' title='bbox 1290 2111 1353 2145; x_wconf 85' lang='lat' dir='ltr'><strong>quid</strong></span> <span class='ocrx_word' id='word_1_620' title='bbox 1367 2110 1468 2137; x_wconf 77' lang='lat' dir='ltr'><strong>facient</strong></span> <span class='ocrx_word' id='word_1_621' title='bbox 1484 2111 1511 2136; x_wconf 88' lang='lat' dir='ltr'><strong>in</strong></span> <span class='ocrx_word' id='word_1_622' title='bbox 1538 2111 1581 2137; x_wconf 83' lang='lat' dir='ltr'><strong>die</strong></span> <span class='ocrx_word' id='word_1_623' title='bbox 1603 2109 1791 2137; x_wconf 75' lang='lat' dir='ltr'><strong>visitationisl</strong></span> 
     </span>
    </p>
   </div>
   <div class='ocr_carea' id='block_1_87' title="bbox 1003 2156 1792 2192">
    <p class='ocr_par' dir='ltr' id='par_1_87' title="bbox 1003 2156 1792 2192">
     <span class='ocr_line' id='line_1_87' title="bbox 1003 2156 1792 2192; baseline 0 -8"><span class='ocrx_word' id='word_1_624' title='bbox 1003 2165 1065 2184; x_wconf 88' lang='lat' dir='ltr'><strong>nam</strong></span> <span class='ocrx_word' id='word_1_625' title='bbox 1078 2157 1214 2184; x_wconf 85' lang='lat' dir='ltr'><strong>tribulatio</strong></span> <span class='ocrx_word' id='word_1_626' title='bbox 1234 2157 1309 2184; x_wconf 89' lang='lat' dir='ltr'><strong>vobis</strong></span> <span class='ocrx_word' id='word_1_627' title='bbox 1325 2165 1340 2183; x_wconf 94' lang='lat' dir='ltr'><strong>e</strong></span> <span class='ocrx_word' id='word_1_628' title='bbox 1352 2157 1498 2192; x_wconf 81' lang='lat' dir='ltr'><strong>longinquo</strong></span> <span class='ocrx_word' id='word_1_629' title='bbox 1513 2157 1612 2183; x_wconf 84' lang='lat' dir='ltr'><strong>veniet.</strong></span> <span class='ocrx_word' id='word_1_630' title='bbox 1627 2156 1658 2183; x_wconf 84' lang='lat' dir='ltr'><strong>Et</strong></span> <span class='ocrx_word' id='word_1_631' title='bbox 1670 2157 1702 2183; x_wconf 87' lang='lat' dir='ltr'><strong>ad</strong></span> <span class='ocrx_word' id='word_1_632' title='bbox 1715 2156 1792 2192; x_wconf 81' lang='lat' dir='ltr'><strong>cujus</strong></span> 
     </span>
    </p>
   </div>
   <div class='ocr_carea' id='block_1_88' title="bbox 1003 2201 1789 2237">
    <p class='ocr_par' dir='ltr' id='par_1_88' title="bbox 1003 2201 1789 2237">
     <span class='ocr_line' id='line_1_88' title="bbox 1003 2201 1789 2237; baseline 0 -9"><span class='ocrx_word' id='word_1_633' title='bbox 1003 2203 1132 2229; x_wconf 77' lang='lat' dir='ltr'><strong>auxilium</strong></span> <span class='ocrx_word' id='word_1_634' title='bbox 1158 2202 1340 2237; x_wconf 76' lang='lat' dir='ltr'><strong>confugietis?</strong></span> <span class='ocrx_word' id='word_1_635' title='bbox 1356 2202 1385 2229; x_wconf 85' lang='lat' dir='ltr'><strong>Et</strong></span> <span class='ocrx_word' id='word_1_636' title='bbox 1415 2202 1460 2229; x_wconf 88' lang='lat' dir='ltr'><strong>ubi</strong></span> <span class='ocrx_word' id='word_1_637' title='bbox 1492 2202 1650 2237; x_wconf 86' lang='lat' dir='ltr'><strong>relinquetis</strong></span> <span class='ocrx_word' id='word_1_638' title='bbox 1675 2201 1789 2237; x_wconf 77' lang='lat' dir='ltr'><strong>gloriam</strong></span> 
     </span>
    </p>
   </div>
   <div class='ocr_carea' id='block_1_89' title="bbox 1003 2248 1793 2281">
    <p class='ocr_par' dir='ltr' id='par_1_89' title="bbox 1003 2248 1793 2281">
     <span class='ocr_line' id='line_1_89' title="bbox 1003 2248 1793 2281; baseline -0.003 -5"><span class='ocrx_word' id='word_1_639' title='bbox 1003 2255 1131 2281; x_wconf 82' lang='lat' dir='ltr'><strong>vestram,</strong></span> <span class='ocrx_word' id='word_1_640' title='bbox 1149 2256 1182 2277; x_wconf 87' lang='lat' dir='ltr'><strong>ne</strong></span> <span class='ocrx_word' id='word_1_641' title='bbox 1193 2249 1297 2276; x_wconf 85' lang='lat' dir='ltr'><strong>cadatis</strong></span> <span class='ocrx_word' id='word_1_642' title='bbox 1312 2249 1337 2276; x_wconf 89' lang='lat' dir='ltr'><strong>in</strong></span> <span class='ocrx_word' id='word_1_643' title='bbox 1350 2248 1559 2276; x_wconf 66' lang='lat' dir='ltr'><strong>abiluctiouem?</strong></span> <span class='ocrx_word' id='word_1_644' title='bbox 1574 2258 1583 2274; x_wconf 80' lang='grc' dir='ltr'><strong>ι</strong></span> <span class='ocrx_word' id='word_1_645' title='bbox 1603 2248 1793 2275; x_wconf 77' lang='lat' dir='ltr'><strong>Comtninatur</strong></span> 
     </span>
    </p>
   </div>
   <div class='ocr_carea' id='block_1_90' title="bbox 163 2284 952 2330">
    <p class='ocr_par' dir='ltr' id='par_1_90' title="bbox 163 2284 950 2324">
     <span class='ocr_line' id='line_1_90' title="bbox 163 2284 950 2324; baseline 0.011 -14"><span class='ocrx_word' id='word_1_646' title='bbox 163 2284 205 2311; x_wconf 75' lang='grc' dir='ltr'>λεῐ</span> <span class='ocrx_word' id='word_1_647' title='bbox 217 2285 302 2313; x_wconf 82' lang='grc' dir='ltr'>τοίνυν</span> <span class='ocrx_word' id='word_1_648' title='bbox 316 2286 430 2318; x_wconf 77' lang='grc' dir='ltr'>ἐκείνοις</span> <span class='ocrx_word' id='word_1_649' title='bbox 442 2287 455 2313; x_wconf 68' lang='grc' dir='ltr'><strong><em>ὁ</em></strong></span> <span class='ocrx_word' id='word_1_650' title='bbox 467 2288 635 2323; x_wconf 77' lang='grc' dir='ltr'>προφητικὸς</span> <span class='ocrx_word' id='word_1_651' title='bbox 647 2289 724 2324; x_wconf 79' lang='grc' dir='ltr'>λόγος</span> <span class='ocrx_word' id='word_1_652' title='bbox 737 2291 858 2324; x_wconf 77' lang='grc' dir='ltr'>φάσκων·</span> <span class='ocrx_word' id='word_1_653' title='bbox 873 2302 883 2317; x_wconf 75' lang='grc' dir='ltr'><strong>ι</strong></span> <span class='ocrx_word' id='word_1_654' title='bbox 895 2293 950 2319; x_wconf 81' lang='grc' dir='ltr'><strong>Καὶ</strong></span> 
     </span>
    </p>
   </div>
   <div class='ocr_carea' id='block_1_91' title="bbox 1002 2284 1789 2330">
    <p class='ocr_par' dir='ltr' id='par_1_91' title="bbox 1003 2292 1789 2330">
     <span class='ocr_line' id='line_1_91' title="bbox 1003 2292 1789 2330; baseline -0.004 -8"><span class='ocrx_word' id='word_1_655' title='bbox 1003 2303 1068 2330; x_wconf 74' lang='lat' dir='ltr'><strong>ergo</strong></span> <span class='ocrx_word' id='word_1_656' title='bbox 1086 2295 1119 2322; x_wconf 87' lang='lat' dir='ltr'><strong>iis</strong></span> <span class='ocrx_word' id='word_1_657' title='bbox 1133 2295 1306 2329; x_wconf 82' lang='lat' dir='ltr'><strong>propheticus</strong></span> <span class='ocrx_word' id='word_1_658' title='bbox 1330 2302 1420 2322; x_wconf 85' lang='lat' dir='ltr'><strong>sermo</strong></span> <span class='ocrx_word' id='word_1_659' title='bbox 1444 2295 1560 2321; x_wconf 86' lang='lat' dir='ltr'><strong>dicens:</strong></span> <span class='ocrx_word' id='word_1_660' title='bbox 1580 2303 1589 2318; x_wconf 76' lang='grc' dir='ltr'><strong>ι</strong></span> <span class='ocrx_word' id='word_1_661' title='bbox 1611 2293 1642 2320; x_wconf 87' lang='lat' dir='ltr'><strong>Et</strong></span> <span class='ocrx_word' id='word_1_662' title='bbox 1657 2293 1721 2327; x_wconf 85' lang='lat' dir='ltr'><strong>quid</strong></span> <span class='ocrx_word' id='word_1_663' title='bbox 1748 2292 1789 2319; x_wconf 87' lang='lat' dir='ltr'><strong>fa-</strong></span> 
     </span>
    </p>
   </div>
   <div class='ocr_carea' id='block_1_92' title="bbox 163 2330 952 2374">
    <p class='ocr_par' dir='ltr' id='par_1_92' title="bbox 163 2330 952 2374">
     <span class='ocr_line' id='line_1_92' title="bbox 163 2330 952 2374; baseline 0.01 -18"><span class='ocrx_word' id='word_1_664' title='bbox 163 2330 190 2356; x_wconf 77' lang='grc' dir='ltr'><strong>τί</strong></span> <span class='ocrx_word' id='word_1_665' title='bbox 206 2331 359 2366; x_wconf 78' lang='grc' dir='ltr'>ποιήσουσιν</span> <span class='ocrx_word' id='word_1_666' title='bbox 375 2332 403 2358; x_wconf 84' lang='grc' dir='ltr'><strong>ἐν</strong></span> <span class='ocrx_word' id='word_1_667' title='bbox 418 2334 451 2368; x_wconf 82' lang='grc' dir='ltr'>τῇ</span> <span class='ocrx_word' id='word_1_668' title='bbox 467 2333 558 2369; x_wconf 78' lang='grc' dir='ltr'>ἡμέρᾳ</span> <span class='ocrx_word' id='word_1_669' title='bbox 566 2334 615 2368; x_wconf 82' lang='grc' dir='ltr'><strong>τῆς</strong></span> <span class='ocrx_word' id='word_1_670' title='bbox 625 2335 803 2371; x_wconf 78' lang='grc' dir='ltr'>ἐπισκοπῆς,»</span> <span class='ocrx_word' id='word_1_671' title='bbox 814 2337 875 2364; x_wconf 72' lang='grc' dir='ltr'>καθ’</span> <span class='ocrx_word' id='word_1_672' title='bbox 889 2338 922 2373; x_wconf 80' lang='grc' dir='ltr'>ῆν</span> <span class='ocrx_word' id='word_1_673' title='bbox 936 2340 952 2374; x_wconf 79' lang='grc' dir='ltr'>ἡ</span> 
     </span>
    </p>
   </div>
   <div class='ocr_carea' id='block_1_93' title="bbox 165 2375 953 2418">
    <p class='ocr_par' dir='ltr' id='par_1_93' title="bbox 165 2375 953 2418">
     <span class='ocr_line' id='line_1_93' title="bbox 165 2375 953 2418; baseline 0.013 -16"><span class='ocrx_word' id='word_1_674' title='bbox 165 2375 254 2410; x_wconf 73' lang='grc' dir='ltr'>θλίψις</span> <span class='ocrx_word' id='word_1_675' title='bbox 269 2378 314 2404; x_wconf 70' lang='grc' dir='ltr'>καὶ</span> <span class='ocrx_word' id='word_1_676' title='bbox 328 2378 344 2412; x_wconf 91' lang='grc' dir='ltr'><strong>ἡ</strong></span> <span class='ocrx_word' id='word_1_677' title='bbox 360 2379 430 2406; x_wconf 75' lang='grc' dir='ltr'>κατὰ</span> <span class='ocrx_word' id='word_1_678' title='bbox 444 2379 546 2406; x_wconf 78' lang='grc' dir='ltr'>τούτοιν</span> <span class='ocrx_word' id='word_1_679' title='bbox 561 2380 629 2416; x_wconf 82' lang='grc' dir='ltr'>ὀργὴ</span> <span class='ocrx_word' id='word_1_680' title='bbox 646 2381 785 2418; x_wconf 77' lang='grc' dir='ltr'>πόρρωθεν</span> <span class='ocrx_word' id='word_1_681' title='bbox 797 2383 875 2418; x_wconf 61' lang='lat' dir='ltr'><strong>ﬁget;</strong></span> <span class='ocrx_word' id='word_1_682' title='bbox 892 2385 953 2412; x_wconf 87' lang='grc' dir='ltr'><strong>Μα-</strong></span> 
     </span>
    </p>
   </div>
   <div class='ocr_carea' id='block_1_94' title="bbox 167 2421 953 2464">
    <p class='ocr_par' dir='ltr' id='par_1_94' title="bbox 167 2421 953 2464">
     <span class='ocr_line' id='line_1_94' title="bbox 167 2421 953 2464; baseline 0.011 -16"><span class='ocrx_word' id='word_1_683' title='bbox 167 2421 237 2457; x_wconf 73' lang='grc' dir='ltr'>κρὰν</span> <span class='ocrx_word' id='word_1_684' title='bbox 251 2422 304 2458; x_wconf 80' lang='grc' dir='ltr'>γὰρ</span> <span class='ocrx_word' id='word_1_685' title='bbox 320 2421 402 2450; x_wconf 78' lang='grc' dir='ltr'>οὖσαν</span> <span class='ocrx_word' id='word_1_686' title='bbox 419 2424 503 2460; x_wconf 76' lang='grc' dir='ltr'>αὐτήν</span> <span class='ocrx_word' id='word_1_687' title='bbox 514 2434 591 2460; x_wconf 73' lang='grc' dir='ltr'>φησι,</span> <span class='ocrx_word' id='word_1_688' title='bbox 605 2426 650 2454; x_wconf 75' lang='grc' dir='ltr'><strong>διὰ</strong></span> <span class='ocrx_word' id='word_1_689' title='bbox 666 2427 697 2452; x_wconf 81' lang='grc' dir='ltr'>τὸ</span> <span class='ocrx_word' id='word_1_690' title='bbox 711 2428 909 2456; x_wconf 81' lang='grc' dir='ltr'>ἀπελαύνεσθαι</span> <span class='ocrx_word' id='word_1_691' title='bbox 924 2430 953 2464; x_wconf 79' lang='grc' dir='ltr'>ἐξ</span> 
     </span>
    </p>
   </div>
   <div class='ocr_carea' id='block_1_95' title="bbox 164 2467 952 2510">
    <p class='ocr_par' dir='ltr' id='par_1_95' title="bbox 164 2467 952 2510">
     <span class='ocr_line' id='line_1_95' title="bbox 164 2467 952 2510; baseline 0.014 -18"><span class='ocrx_word' id='word_1_692' title='bbox 164 2467 232 2503; x_wconf 70' lang='grc' dir='ltr'>ἐμοῦ</span> <span class='ocrx_word' id='word_1_693' title='bbox 242 2467 288 2494; x_wconf 75' lang='grc' dir='ltr'>τοῦ</span> <span class='ocrx_word' id='word_1_694' title='bbox 297 2468 372 2495; x_wconf 82' lang='grc' dir='ltr'>Θεοῦ·</span> <span class='ocrx_word' id='word_1_695' title='bbox 381 2470 466 2505; x_wconf 71' lang='grc' dir='ltr'>ὑμεῖς,</span> <span class='ocrx_word' id='word_1_696' title='bbox 475 2468 498 2498; x_wconf 80' lang='grc' dir='ltr'>ὦ</span> <span class='ocrx_word' id='word_1_697' title='bbox 512 2470 595 2504; x_wconf 74' lang='grc' dir='ltr'>οὗτοι,</span> <span class='ocrx_word' id='word_1_698' title='bbox 604 2473 672 2508; x_wconf 78' lang='grc' dir='ltr'>πρὸς</span> <span class='ocrx_word' id='word_1_699' title='bbox 680 2473 726 2505; x_wconf 84' lang='grc' dir='ltr'><strong>οὓς</strong></span> <span class='ocrx_word' id='word_1_700' title='bbox 734 2475 819 2505; x_wconf 77' lang='grc' dir='ltr'>ταῦτα</span> <span class='ocrx_word' id='word_1_701' title='bbox 835 2475 952 2510; x_wconf 77' lang='grc' dir='ltr'>λέγεται,</span> 
     </span>
    </p>
   </div>
   <div class='ocr_carea' id='block_1_96' title="bbox 164 2513 948 2555">
    <p class='ocr_par' dir='ltr' id='par_1_96' title="bbox 164 2513 948 2555">
     <span class='ocr_line' id='line_1_96' title="bbox 164 2513 948 2555; baseline 0.013 -16"><span class='ocrx_word' id='word_1_702' title='bbox 164 2513 259 2548; x_wconf 79' lang='grc' dir='ltr'>ὥσπερ</span> <span class='ocrx_word' id='word_1_703' title='bbox 277 2514 428 2550; x_wconf 77' lang='grc' dir='ltr'>βιαζόμενοι</span> <span class='ocrx_word' id='word_1_704' title='bbox 449 2517 508 2544; x_wconf 79' lang='grc' dir='ltr'>καθ’</span> <span class='ocrx_word' id='word_1_705' title='bbox 526 2519 629 2545; x_wconf 79' lang='grc' dir='ltr'>ἑαυτῶν</span> <span class='ocrx_word' id='word_1_706' title='bbox 645 2519 730 2555; x_wconf 81' lang='grc' dir='ltr'>αὐτὴν</span> <span class='ocrx_word' id='word_1_707' title='bbox 747 2521 948 2549; x_wconf 81' lang='grc' dir='ltr'>ἐπεσπάσασθε·</span> 
     </span>
    </p>
   </div>
   <div class='ocr_carea' id='block_1_97' title="bbox 162 2557 949 2603">
    <p class='ocr_par' dir='ltr' id='par_1_97' title="bbox 162 2557 949 2603">
     <span class='ocr_line' id='line_1_97' title="bbox 162 2557 949 2603; baseline 0.014 -19"><span class='ocrx_word' id='word_1_708' title='bbox 162 2557 198 2595; x_wconf 81' lang='grc' dir='ltr'>ἧς</span> <span class='ocrx_word' id='word_1_709' title='bbox 213 2559 388 2596; x_wconf 73' lang='grc' dir='ltr'>ἐπελθούσης,</span> <span class='ocrx_word' id='word_1_710' title='bbox 403 2562 447 2588; x_wconf 74' lang='grc' dir='ltr'>ἐπὶ</span> <span class='ocrx_word' id='word_1_711' title='bbox 461 2563 521 2590; x_wconf 81' lang='grc' dir='ltr'>τίνα</span> <span class='ocrx_word' id='word_1_712' title='bbox 536 2565 739 2599; x_wconf 76' lang='grc' dir='ltr'>καταφεύξεσϐε</span> <span class='ocrx_word' id='word_1_713' title='bbox 749 2566 797 2593; x_wconf 76' lang='grc' dir='ltr'>τοῦ</span> <span class='ocrx_word' id='word_1_714' title='bbox 813 2567 949 2603; x_wconf 85' lang='grc' dir='ltr'>βοηθηθῆ-</span> 
     </span>
    </p>
   </div>
   <div class='ocr_carea' id='block_1_98' title="bbox 163 2606 947 2650">
    <p class='ocr_par' dir='ltr' id='par_1_98' title="bbox 163 2606 947 2650">
     <span class='ocr_line' id='line_1_98' title="bbox 163 2606 947 2650; baseline 0.014 -19"><span class='ocrx_word' id='word_1_715' title='bbox 163 2614 223 2638; x_wconf 82' lang='grc' dir='ltr'>ν;ιι;</span> <span class='ocrx_word' id='word_1_716' title='bbox 250 2615 261 2631; x_wconf 74' lang='grc' dir='ltr'><strong>ι</strong></span> <span class='ocrx_word' id='word_1_717' title='bbox 282 2606 344 2633; x_wconf 76' lang='grc' dir='ltr'><strong>Ἐπὶ</strong></span> <span class='ocrx_word' id='word_1_718' title='bbox 358 2607 426 2633; x_wconf 75' lang='grc' dir='ltr'>πᾶσι</span> <span class='ocrx_word' id='word_1_719' title='bbox 446 2608 550 2642; x_wconf 83' lang='grc' dir='ltr'>τούτοις</span> <span class='ocrx_word' id='word_1_720' title='bbox 570 2611 619 2638; x_wconf 74' lang='grc' dir='ltr'><strong>οὐκ</strong></span> <span class='ocrx_word' id='word_1_721' title='bbox 643 2612 807 2648; x_wconf 68' lang='grc' dir='ltr'>ἀπεστράφη</span> <span class='ocrx_word' id='word_1_722' title='bbox 825 2614 841 2649; x_wconf 82' lang='grc' dir='ltr'>ἡ</span> <span class='ocrx_word' id='word_1_723' title='bbox 863 2615 947 2650; x_wconf 82' lang='grc' dir='ltr'>ὀργή·</span> 
     </span>
    </p>
   </div>
   <div class='ocr_carea' id='block_1_99' title="bbox 164 2651 948 2695">
    <p class='ocr_par' dir='ltr' id='par_1_99' title="bbox 164 2651 948 2695">
     <span class='ocr_line' id='line_1_99' title="bbox 164 2651 948 2695; baseline 0.014 -18"><span class='ocrx_word' id='word_1_724' title='bbox 164 2652 220 2678; x_wconf 81' lang='grc' dir='ltr'>ἀλλ’</span> <span class='ocrx_word' id='word_1_725' title='bbox 235 2651 276 2678; x_wconf 73' lang='grc' dir='ltr'>ἔτι</span> <span class='ocrx_word' id='word_1_726' title='bbox 291 2653 307 2687; x_wconf 90' lang='grc' dir='ltr'><strong>ή</strong></span> <span class='ocrx_word' id='word_1_727' title='bbox 321 2653 382 2688; x_wconf 77' lang='grc' dir='ltr'>χεὶρ</span> <span class='ocrx_word' id='word_1_728' title='bbox 398 2653 497 2690; x_wconf 71' lang='grc' dir='ltr'>ὑψηλή.</span> <span class='ocrx_word' id='word_1_729' title='bbox 514 2665 524 2681; x_wconf 74' lang='grc' dir='ltr'><strong>ι</strong></span> <span class='ocrx_word' id='word_1_730' title='bbox 545 2657 743 2692; x_wconf 83' lang='grc' dir='ltr'>Ἐπιμενόντων</span> <span class='ocrx_word' id='word_1_731' title='bbox 757 2659 811 2695; x_wconf 89' lang='grc' dir='ltr'>γὰρ</span> <span class='ocrx_word' id='word_1_732' title='bbox 826 2661 881 2693; x_wconf 84' lang='grc' dir='ltr'>τοῖς</span> <span class='ocrx_word' id='word_1_733' title='bbox 899 2661 948 2687; x_wconf 86' lang='grc' dir='ltr'>αὑ-</span> 
     </span>
    </p>
   </div>
   <div class='ocr_carea' id='block_1_100' title="bbox 164 2698 948 2740">
    <p class='ocr_par' dir='ltr' id='par_1_100' title="bbox 164 2698 948 2740">
     <span class='ocr_line' id='line_1_100' title="bbox 164 2698 948 2740; baseline 0.011 -17"><span class='ocrx_word' id='word_1_734' title='bbox 164 2698 220 2729; x_wconf 86' lang='grc' dir='ltr'>τοῖς</span> <span class='ocrx_word' id='word_1_735' title='bbox 237 2698 395 2733; x_wconf 80' lang='grc' dir='ltr'>ἁτοπήμασι</span> <span class='ocrx_word' id='word_1_736' title='bbox 408 2698 463 2726; x_wconf 84' lang='grc' dir='ltr'><strong>τῶν</strong></span> <span class='ocrx_word' id='word_1_737' title='bbox 479 2699 522 2727; x_wconf 82' lang='grc' dir='ltr'>διὰ</span> <span class='ocrx_word' id='word_1_738' title='bbox 536 2702 582 2728; x_wconf 80' lang='grc' dir='ltr'>τοῦ</span> <span class='ocrx_word' id='word_1_739' title='bbox 597 2703 676 2738; x_wconf 72' lang='grc' dir='ltr'>λόγου</span> <span class='ocrx_word' id='word_1_740' title='bbox 692 2706 948 2740; x_wconf 75' lang='grc' dir='ltr'>κατηγορουμένων,</span> 
     </span>
    </p>
   </div>
   <div class='ocr_carea' id='block_1_101' title="bbox 164 2741 966 2785">
    <p class='ocr_par' dir='ltr' id='par_1_101' title="bbox 164 2741 966 2785">
     <span class='ocr_line' id='line_1_101' title="bbox 164 2741 966 2785; baseline 0.015 -18"><span class='ocrx_word' id='word_1_741' title='bbox 164 2742 308 2769; x_wconf 78' lang='grc' dir='ltr'>ἀκόλουθον</span> <span class='ocrx_word' id='word_1_742' title='bbox 321 2741 356 2778; x_wconf 84' lang='grc' dir='ltr'>ἦν</span> <span class='ocrx_word' id='word_1_743' title='bbox 370 2743 417 2771; x_wconf 76' lang='grc' dir='ltr'>καὶ</span> <span class='ocrx_word' id='word_1_744' title='bbox 427 2744 476 2779; x_wconf 83' lang='grc' dir='ltr'><strong>τὴν</strong></span> <span class='ocrx_word' id='word_1_745' title='bbox 487 2747 546 2772; x_wconf 76' lang='grc' dir='ltr'>κατ’</span> <span class='ocrx_word' id='word_1_746' title='bbox 558 2748 647 2775; x_wconf 74' lang='grc' dir='ltr'>αὐτῶν</span> <span class='ocrx_word' id='word_1_747' title='bbox 660 2750 819 2785; x_wconf 80' lang='grc' dir='ltr'>παράμονον</span> <span class='ocrx_word' id='word_1_748' title='bbox 826 2751 949 2784; x_wconf 77' lang='grc' dir='ltr'>γίνεσθαι</span> <span class='ocrx_word' id='word_1_749' title='bbox 958 2754 966 2765; x_wconf 90' lang='grc'><em>·’</em></span> 
     </span>
    </p>
   </div>
   <div class='ocr_carea' id='block_1_102' title="bbox 164 2789 929 2825">
    <p class='ocr_par' dir='ltr' id='par_1_102' title="bbox 164 2789 929 2825">
     <span class='ocr_line' id='line_1_102' title="bbox 164 2789 929 2825; baseline 0.001 0"><span class='ocrx_word' id='word_1_750' title='bbox 164 2789 259 2825; x_wconf 74' lang='grc' dir='ltr'>ὀργήν·</span> <span class='ocrx_word' id='word_1_751' title='bbox 924 2811 929 2817; x_wconf 95' lang='lat'><strong><em>-</em></strong></span> 
     </span>
    </p>
   </div>
   <div class='ocr_carea' id='block_1_103' title="bbox 203 2830 959 2879">
    <p class='ocr_par' dir='ltr' id='par_1_103' title="bbox 203 2830 959 2879">
     <span class='ocr_line' id='line_1_103' title="bbox 203 2830 959 2879; baseline 0.012 -16"><span class='ocrx_word' id='word_1_752' title='bbox 203 2846 212 2862; x_wconf 70' lang='grc' dir='ltr'><strong>ι</strong></span> <span class='ocrx_word' id='word_1_753' title='bbox 230 2837 296 2865; x_wconf 76' lang='grc' dir='ltr'>Οὐαὶ</span> <span class='ocrx_word' id='word_1_754' title='bbox 316 2839 477 2876; x_wconf 75' lang='grc' dir='ltr'>Ἀσσυρίοις,</span> <span class='ocrx_word' id='word_1_755' title='bbox 495 2841 511 2876; x_wconf 78' lang='grc' dir='ltr'>ἡ</span> <span class='ocrx_word' id='word_1_756' title='bbox 530 2841 626 2876; x_wconf 68' lang='grc' dir='ltr'>ῥάϐδος</span> <span class='ocrx_word' id='word_1_757' title='bbox 646 2843 692 2869; x_wconf 77' lang='grc' dir='ltr'>τοῦ</span> <span class='ocrx_word' id='word_1_758' title='bbox 717 2843 804 2879; x_wconf 82' lang='grc' dir='ltr'>Θυμοῦ</span> <span class='ocrx_word' id='word_1_759' title='bbox 821 2853 881 2879; x_wconf 80' lang='grc' dir='ltr'>μου·</span> <span class='ocrx_word' id='word_1_760' title='bbox 899 2830 959 2872; x_wconf 12' lang='grc' dir='ltr'>καὶῑ</span> 
     </span>
    </p>
   </div>
   <div class='ocr_carea' id='block_1_104' title="bbox 164 2883 948 2926">
    <p class='ocr_par' dir='ltr' id='par_1_104' title="bbox 164 2883 948 2926">
     <span class='ocr_line' id='line_1_104' title="bbox 164 2883 948 2926; baseline 0.01 -16"><span class='ocrx_word' id='word_1_761' title='bbox 164 2883 234 2919; x_wconf 80' lang='grc' dir='ltr'>ὀργή</span> <span class='ocrx_word' id='word_1_762' title='bbox 251 2885 324 2912; x_wconf 84' lang='grc' dir='ltr'>ἐστιν</span> <span class='ocrx_word' id='word_1_763' title='bbox 335 2887 365 2913; x_wconf 89' lang='grc' dir='ltr'><strong>ἐν</strong></span> <span class='ocrx_word' id='word_1_764' title='bbox 377 2887 436 2918; x_wconf 81' lang='grc' dir='ltr'>ταῖς</span> <span class='ocrx_word' id='word_1_765' title='bbox 450 2887 544 2923; x_wconf 71' lang='grc' dir='ltr'>χερσὶν</span> <span class='ocrx_word' id='word_1_766' title='bbox 556 2887 656 2917; x_wconf 81' lang='grc' dir='ltr'>αὐτῶν.</span> <span class='ocrx_word' id='word_1_767' title='bbox 672 2890 726 2925; x_wconf 79' lang='grc' dir='ltr'><strong>Τὴν</strong></span> <span class='ocrx_word' id='word_1_768' title='bbox 741 2891 827 2926; x_wconf 86' lang='grc' dir='ltr'>ὀργήν</span> <span class='ocrx_word' id='word_1_769' title='bbox 840 2896 890 2926; x_wconf 68' lang='grc' dir='ltr'><strong>μου</strong></span> <span class='ocrx_word' id='word_1_770' title='bbox 906 2892 948 2924; x_wconf 67' lang='grc' dir='ltr'>εἰς</span> 
     </span>
    </p>
   </div>
   <div class='ocr_carea' id='block_1_105' title="bbox 164 2928 948 2972">
    <p class='ocr_par' dir='ltr' id='par_1_105' title="bbox 164 2928 948 2972">
     <span class='ocr_line' id='line_1_105' title="bbox 164 2928 948 2972; baseline 0.011 -18"><span class='ocrx_word' id='word_1_771' title='bbox 164 2928 239 2961; x_wconf 67' lang='grc' dir='ltr'>ἔθνος</span> <span class='ocrx_word' id='word_1_772' title='bbox 263 2930 361 2965; x_wconf 77' lang='grc' dir='ltr'>ἄνομον</span> <span class='ocrx_word' id='word_1_773' title='bbox 383 2932 533 2966; x_wconf 78' lang='grc' dir='ltr'>ἀποστελῶ,</span> <span class='ocrx_word' id='word_1_774' title='bbox 555 2934 602 2961; x_wconf 82' lang='grc' dir='ltr'>καὶ</span> <span class='ocrx_word' id='word_1_775' title='bbox 621 2934 660 2969; x_wconf 84' lang='grc' dir='ltr'>τῷ</span> <span class='ocrx_word' id='word_1_776' title='bbox 681 2934 737 2972; x_wconf 78' lang='grc' dir='ltr'>λαῷ</span> <span class='ocrx_word' id='word_1_777' title='bbox 754 2935 812 2971; x_wconf 83' lang='grc' dir='ltr'>ἐμῷ</span> <span class='ocrx_word' id='word_1_778' title='bbox 828 2936 948 2970; x_wconf 66' lang='grc' dir='ltr'>συψῖάξω</span> 
     </span>
    </p>
   </div>
   <div class='ocr_carea' id='block_1_106' title="bbox 1001 2340 1791 2376">
    <p class='ocr_par' dir='ltr' id='par_1_106' title="bbox 1001 2340 1791 2376">
     <span class='ocr_line' id='line_1_106' title="bbox 1001 2340 1791 2376; baseline -0.004 -8"><span class='ocrx_word' id='word_1_779' title='bbox 1001 2342 1074 2368; x_wconf 87' lang='lat' dir='ltr'><strong>cient</strong></span> <span class='ocrx_word' id='word_1_780' title='bbox 1093 2341 1120 2368; x_wconf 90' lang='lat' dir='ltr'><strong>in</strong></span> <span class='ocrx_word' id='word_1_781' title='bbox 1136 2341 1180 2368; x_wconf 86' lang='lat' dir='ltr'><strong>die</strong></span> <span class='ocrx_word' id='word_1_782' title='bbox 1192 2342 1368 2374; x_wconf 75' lang='lat' dir='ltr'><strong>visitationis,</strong></span> <span class='ocrx_word' id='word_1_783' title='bbox 1387 2351 1395 2368; x_wconf 77' lang='grc' dir='ltr'><strong>ι</strong></span> <span class='ocrx_word' id='word_1_784' title='bbox 1410 2349 1463 2376; x_wconf 86' lang='lat' dir='ltr'><strong>qua</strong></span> <span class='ocrx_word' id='word_1_785' title='bbox 1480 2340 1618 2368; x_wconf 80' lang='lat' dir='ltr'><strong>tribulatio</strong></span> <span class='ocrx_word' id='word_1_786' title='bbox 1634 2345 1659 2366; x_wconf 85' lang='lat' dir='ltr'><strong>et</strong></span> <span class='ocrx_word' id='word_1_787' title='bbox 1678 2341 1717 2366; x_wconf 88' lang='lat' dir='ltr'><strong>ira</strong></span> <span class='ocrx_word' id='word_1_788' title='bbox 1732 2347 1791 2374; x_wconf 86' lang='lat' dir='ltr'><strong>pro-</strong></span> 
     </span>
    </p>
   </div>
   <div class='ocr_carea' id='block_1_107' title="bbox 1002 2385 1791 2421">
    <p class='ocr_par' dir='ltr' id='par_1_107' title="bbox 1002 2385 1791 2421">
     <span class='ocr_line' id='line_1_107' title="bbox 1002 2385 1791 2421; baseline -0.003 -7"><span class='ocrx_word' id='word_1_789' title='bbox 1002 2387 1045 2414; x_wconf 91' lang='lat' dir='ltr'><strong>cul</strong></span> <span class='ocrx_word' id='word_1_790' title='bbox 1062 2387 1127 2421; x_wconf 87' lang='lat' dir='ltr'><strong>ipsis</strong></span> <span class='ocrx_word' id='word_1_791' title='bbox 1137 2387 1246 2414; x_wconf 78' lang='lat' dir='ltr'><strong>veniet?</strong></span> <span class='ocrx_word' id='word_1_792' title='bbox 1261 2387 1327 2414; x_wconf 80' lang='lat' dir='ltr'><strong>Nam</strong></span> <span class='ocrx_word' id='word_1_793' title='bbox 1340 2395 1402 2414; x_wconf 92' lang='lat' dir='ltr'><strong>cum</strong></span> <span class='ocrx_word' id='word_1_794' title='bbox 1417 2394 1448 2414; x_wconf 86' lang='lat' dir='ltr'><strong>ea</strong></span> <span class='ocrx_word' id='word_1_795' title='bbox 1472 2386 1565 2420; x_wconf 87' lang='lat' dir='ltr'><strong>procul</strong></span> <span class='ocrx_word' id='word_1_796' title='bbox 1581 2386 1706 2418; x_wconf 80' lang='lat' dir='ltr'><strong>exsistat,</strong></span> <span class='ocrx_word' id='word_1_797' title='bbox 1728 2385 1791 2420; x_wconf 86' lang='lat' dir='ltr'><strong>quia</strong></span> 
     </span>
    </p>
   </div>
   <div class='ocr_carea' id='block_1_108' title="bbox 1003 2431 1791 2468">
    <p class='ocr_par' dir='ltr' id='par_1_108' title="bbox 1003 2431 1791 2468">
     <span class='ocr_line' id='line_1_108' title="bbox 1003 2431 1791 2468; baseline -0.001 -9"><span class='ocrx_word' id='word_1_798' title='bbox 1003 2433 1060 2466; x_wconf 80' lang='lat' dir='ltr'><strong>ipsa</strong></span> <span class='ocrx_word' id='word_1_799' title='bbox 1078 2441 1093 2460; x_wconf 86' lang='lat' dir='ltr'><strong>a</strong></span> <span class='ocrx_word' id='word_1_800' title='bbox 1108 2441 1150 2460; x_wconf 85' lang='lat' dir='ltr'><strong>tne</strong></span> <span class='ocrx_word' id='word_1_801' title='bbox 1164 2433 1220 2460; x_wconf 85' lang='lat' dir='ltr'><strong>Deo</strong></span> <span class='ocrx_word' id='word_1_802' title='bbox 1234 2433 1372 2461; x_wconf 82' lang='lat' dir='ltr'><strong>eliminata</strong></span> <span class='ocrx_word' id='word_1_803' title='bbox 1389 2437 1450 2466; x_wconf 84' lang='lat' dir='ltr'><strong>est;</strong></span> <span class='ocrx_word' id='word_1_804' title='bbox 1463 2441 1512 2460; x_wconf 86' lang='lat' dir='ltr'><strong>vos</strong></span> <span class='ocrx_word' id='word_1_805' title='bbox 1529 2441 1604 2466; x_wconf 80' lang='lat' dir='ltr'><strong>sane,</strong></span> <span class='ocrx_word' id='word_1_806' title='bbox 1621 2433 1721 2468; x_wconf 88' lang='lat' dir='ltr'><strong>quibus</strong></span> <span class='ocrx_word' id='word_1_807' title='bbox 1732 2431 1791 2459; x_wconf 70' lang='lat' dir='ltr'><strong>htec</strong></span> 
     </span>
    </p>
   </div>
   <div class='ocr_carea' id='block_1_109' title="bbox 1003 2479 1788 2514">
    <p class='ocr_par' dir='ltr' id='par_1_109' title="bbox 1003 2479 1788 2514">
     <span class='ocr_line' id='line_1_109' title="bbox 1003 2479 1788 2514; baseline -0.005 -8"><span class='ocrx_word' id='word_1_808' title='bbox 1003 2479 1140 2512; x_wconf 87' lang='lat' dir='ltr'><strong>dicuntur,</strong></span> <span class='ocrx_word' id='word_1_809' title='bbox 1155 2480 1232 2514; x_wconf 88' lang='lat' dir='ltr'><strong>quasi</strong></span> <span class='ocrx_word' id='word_1_810' title='bbox 1251 2480 1275 2506; x_wconf 87' lang='lat' dir='ltr'><strong>vi</strong></span> <span class='ocrx_word' id='word_1_811' title='bbox 1297 2485 1406 2506; x_wconf 86' lang='lat' dir='ltr'><strong>utentes</strong></span> <span class='ocrx_word' id='word_1_812' title='bbox 1426 2483 1522 2506; x_wconf 85' lang='lat' dir='ltr'><strong>contra</strong></span> <span class='ocrx_word' id='word_1_813' title='bbox 1539 2486 1587 2506; x_wconf 92' lang='lat' dir='ltr'><strong>vos</strong></span> <span class='ocrx_word' id='word_1_814' title='bbox 1617 2480 1699 2512; x_wconf 87' lang='lat' dir='ltr'><strong>ipsos,</strong></span> <span class='ocrx_word' id='word_1_815' title='bbox 1728 2485 1788 2503; x_wconf 82' lang='lat' dir='ltr'><strong>eam</strong></span> 
     </span>
    </p>
   </div>
   <div class='ocr_carea' id='block_1_110' title="bbox 1003 2523 1789 2561">
    <p class='ocr_par' dir='ltr' id='par_1_110' title="bbox 1003 2523 1789 2561">
     <span class='ocr_line' id='line_1_110' title="bbox 1003 2523 1789 2561; baseline -0.001 -10"><span class='ocrx_word' id='word_1_816' title='bbox 1003 2526 1171 2553; x_wconf 83' lang='lat' dir='ltr'><strong>altraxistis:</strong></span> <span class='ocrx_word' id='word_1_817' title='bbox 1192 2533 1244 2560; x_wconf 85' lang='lat' dir='ltr'><strong>qua</strong></span> <span class='ocrx_word' id='word_1_818' title='bbox 1262 2526 1482 2561; x_wconf 83' lang='lat' dir='ltr'><strong>superveniente.</strong></span> <span class='ocrx_word' id='word_1_819' title='bbox 1505 2525 1538 2552; x_wconf 85' lang='lat' dir='ltr'><strong>ad</strong></span> <span class='ocrx_word' id='word_1_820' title='bbox 1562 2525 1641 2559; x_wconf 80' lang='lat' dir='ltr'><strong>Cujus</strong></span> <span class='ocrx_word' id='word_1_821' title='bbox 1659 2523 1789 2550; x_wconf 60' lang='lat' dir='ltr'><strong>auxilium</strong></span> 
     </span>
    </p>
   </div>
   <div class='ocr_carea' id='block_1_111' title="bbox 1002 2571 1790 2607">
    <p class='ocr_par' dir='ltr' id='par_1_111' title="bbox 1002 2571 1790 2607">
     <span class='ocr_line' id='line_1_111' title="bbox 1002 2571 1790 2607; baseline -0.001 -11"><span class='ocrx_word' id='word_1_822' title='bbox 1002 2571 1187 2607; x_wconf 78' lang='lat' dir='ltr'><strong>confugietis?</strong></span> <span class='ocrx_word' id='word_1_823' title='bbox 1205 2581 1213 2598; x_wconf 82' lang='grc' dir='ltr'><strong>ι</strong></span> <span class='ocrx_word' id='word_1_824' title='bbox 1231 2573 1318 2606; x_wconf 82' lang='lat' dir='ltr'><strong>Super</strong></span> <span class='ocrx_word' id='word_1_825' title='bbox 1343 2572 1385 2599; x_wconf 84' lang='lat' dir='ltr'><strong>bis</strong></span> <span class='ocrx_word' id='word_1_826' title='bbox 1409 2571 1534 2598; x_wconf 84' lang='lat' dir='ltr'><strong>omnibus</strong></span> <span class='ocrx_word' id='word_1_827' title='bbox 1552 2579 1604 2598; x_wconf 85' lang='lat' dir='ltr'><strong>non</strong></span> <span class='ocrx_word' id='word_1_828' title='bbox 1623 2577 1720 2596; x_wconf 77' lang='lat' dir='ltr'><strong>aversa</strong></span> <span class='ocrx_word' id='word_1_829' title='bbox 1747 2573 1790 2595; x_wconf 88' lang='lat' dir='ltr'><strong>est</strong></span> 
     </span>
    </p>
   </div>
   <div class='ocr_carea' id='block_1_112' title="bbox 1003 2616 1789 2649">
    <p class='ocr_par' dir='ltr' id='par_1_112' title="bbox 1003 2616 1789 2649">
     <span class='ocr_line' id='line_1_112' title="bbox 1003 2616 1789 2649; baseline -0.003 -6"><span class='ocrx_word' id='word_1_830' title='bbox 1003 2617 1061 2649; x_wconf 87' lang='lat' dir='ltr'><strong>ira;</strong></span> <span class='ocrx_word' id='word_1_831' title='bbox 1076 2619 1122 2645; x_wconf 85' lang='lat' dir='ltr'><strong>sed</strong></span> <span class='ocrx_word' id='word_1_832' title='bbox 1137 2618 1226 2645; x_wconf 87' lang='lat' dir='ltr'><strong>adhuc</strong></span> <span class='ocrx_word' id='word_1_833' title='bbox 1238 2626 1332 2645; x_wconf 80' lang='lat' dir='ltr'><strong>inamts</strong></span> <span class='ocrx_word' id='word_1_834' title='bbox 1348 2618 1465 2645; x_wconf 86' lang='lat' dir='ltr'><strong>excelsa.</strong></span> <span class='ocrx_word' id='word_1_835' title='bbox 1478 2627 1487 2643; x_wconf 76' lang='grc' dir='ltr'><strong>ι</strong></span> <span class='ocrx_word' id='word_1_836' title='bbox 1499 2618 1563 2644; x_wconf 85' lang='lat' dir='ltr'><strong>Nam</strong></span> <span class='ocrx_word' id='word_1_837' title='bbox 1579 2616 1665 2649; x_wconf 74' lang='lat' dir='ltr'><strong>iisqui</strong></span> <span class='ocrx_word' id='word_1_838' title='bbox 1678 2616 1703 2641; x_wconf 88' lang='lat' dir='ltr'><strong>in</strong></span> <span class='ocrx_word' id='word_1_839' title='bbox 1719 2623 1789 2649; x_wconf 74' lang='lat' dir='ltr'><strong>prte-</strong></span> 
     </span>
    </p>
   </div>
   <div class='ocr_carea' id='block_1_113' title="bbox 1003 2662 1790 2696">
    <p class='ocr_par' dir='ltr' id='par_1_113' title="bbox 1003 2662 1790 2696">
     <span class='ocr_line' id='line_1_113' title="bbox 1003 2662 1790 2696; baseline 0 -7"><span class='ocrx_word' id='word_1_840' title='bbox 1003 2663 1072 2690; x_wconf 82' lang='lat' dir='ltr'><strong>senti</strong></span> <span class='ocrx_word' id='word_1_841' title='bbox 1087 2669 1261 2695; x_wconf 86' lang='lat' dir='ltr'><strong>accusantur,</strong></span> <span class='ocrx_word' id='word_1_842' title='bbox 1277 2665 1370 2691; x_wconf 67' lang='lat' dir='ltr'><strong>eadem</strong></span> <span class='ocrx_word' id='word_1_843' title='bbox 1384 2665 1410 2691; x_wconf 91' lang='lat' dir='ltr'><strong>in</strong></span> <span class='ocrx_word' id='word_1_844' title='bbox 1426 2663 1594 2690; x_wconf 79' lang='lat' dir='ltr'><strong>absurditate</strong></span> <span class='ocrx_word' id='word_1_845' title='bbox 1609 2662 1790 2696; x_wconf 81' lang='lat' dir='ltr'><strong>permanenti-</strong></span> 
     </span>
    </p>
   </div>
   <div class='ocr_carea' id='block_1_114' title="bbox 1005 2708 1751 2744">
    <p class='ocr_par' dir='ltr' id='par_1_114' title="bbox 1005 2708 1751 2744">
     <span class='ocr_line' id='line_1_114' title="bbox 1005 2708 1751 2744; baseline 0.001 -9"><span class='ocrx_word' id='word_1_846' title='bbox 1005 2708 1065 2741; x_wconf 80' lang='lat' dir='ltr'><strong>bUs,</strong></span> <span class='ocrx_word' id='word_1_847' title='bbox 1076 2716 1246 2744; x_wconf 81' lang='lat' dir='ltr'><strong>consequens</strong></span> <span class='ocrx_word' id='word_1_848' title='bbox 1257 2715 1327 2741; x_wconf 82' lang='lat' dir='ltr'><strong>crat,</strong></span> <span class='ocrx_word' id='word_1_849' title='bbox 1346 2715 1375 2736; x_wconf 91' lang='lat' dir='ltr'><strong>ut</strong></span> <span class='ocrx_word' id='word_1_850' title='bbox 1391 2711 1430 2737; x_wconf 87' lang='lat' dir='ltr'><strong>ira</strong></span> <span class='ocrx_word' id='word_1_851' title='bbox 1444 2716 1551 2744; x_wconf 81' lang='lat' dir='ltr'><strong>quoque</strong></span> <span class='ocrx_word' id='word_1_852' title='bbox 1570 2714 1751 2743; x_wconf 79' lang='lat' dir='ltr'><strong>pernmneret.</strong></span> 
     </span>
    </p>
   </div>
   <div class='ocr_carea' id='block_1_115' title="bbox 1037 2844 1787 2881">
    <p class='ocr_par' dir='ltr' id='par_1_115' title="bbox 1037 2844 1787 2881">
     <span class='ocr_line' id='line_1_115' title="bbox 1037 2844 1787 2881; baseline 0.001 -10"><span class='ocrx_word' id='word_1_853' title='bbox 1037 2844 1119 2872; x_wconf 77' lang='lat' dir='ltr'><strong>Vsus.</strong></span> <span class='ocrx_word' id='word_1_854' title='bbox 1132 2844 1190 2873; x_wconf 79' lang='lat'><strong>5-6.</strong></span> <span class='ocrx_word' id='word_1_855' title='bbox 1206 2855 1215 2871; x_wconf 83' lang='grc' dir='ltr'><strong>ι</strong></span> <span class='ocrx_word' id='word_1_856' title='bbox 1233 2845 1278 2873; x_wconf 64' lang='lat' dir='ltr'><strong>Vae</strong></span> <span class='ocrx_word' id='word_1_857' title='bbox 1291 2846 1422 2881; x_wconf 76' lang='lat' dir='ltr'><strong>Assyriis,</strong></span> <span class='ocrx_word' id='word_1_858' title='bbox 1442 2845 1524 2881; x_wconf 68' lang='lat' dir='ltr'><strong>virgae</strong></span> <span class='ocrx_word' id='word_1_859' title='bbox 1550 2846 1650 2872; x_wconf 72' lang='lat' dir='ltr'><strong>furoris</strong></span> <span class='ocrx_word' id='word_1_860' title='bbox 1668 2847 1718 2873; x_wconf 76' lang='lat' dir='ltr'><strong>Inei</strong></span> <span class='ocrx_word' id='word_1_861' title='bbox 1736 2855 1743 2874; x_wconf 91' lang='lat'><strong>:</strong></span> <span class='ocrx_word' id='word_1_862' title='bbox 1760 2851 1787 2873; x_wconf 89' lang='lat' dir='ltr'><strong>ct</strong></span> 
     </span>
    </p>
   </div>
   <div class='ocr_carea' id='block_1_116' title="bbox 1003 2891 1785 2926">
    <p class='ocr_par' dir='ltr' id='par_1_116' title="bbox 1003 2891 1785 2926">
     <span class='ocr_line' id='line_1_116' title="bbox 1003 2891 1785 2926; baseline 0 -8"><span class='ocrx_word' id='word_1_863' title='bbox 1003 2892 1042 2919; x_wconf 85' lang='lat' dir='ltr'><strong>ira</strong></span> <span class='ocrx_word' id='word_1_864' title='bbox 1061 2897 1103 2919; x_wconf 87' lang='lat' dir='ltr'><strong>est</strong></span> <span class='ocrx_word' id='word_1_865' title='bbox 1121 2893 1147 2918; x_wconf 91' lang='lat' dir='ltr'><strong>in</strong></span> <span class='ocrx_word' id='word_1_866' title='bbox 1164 2893 1286 2920; x_wconf 86' lang='lat' dir='ltr'><strong>manibus</strong></span> <span class='ocrx_word' id='word_1_867' title='bbox 1303 2899 1407 2919; x_wconf 85' lang='lat' dir='ltr'><strong>eorum.</strong></span> <span class='ocrx_word' id='word_1_868' title='bbox 1425 2891 1493 2918; x_wconf 79' lang='lat' dir='ltr'><strong>Iram</strong></span> <span class='ocrx_word' id='word_1_869' title='bbox 1522 2899 1609 2919; x_wconf 77' lang='lat' dir='ltr'><strong>meum</strong></span> <span class='ocrx_word' id='word_1_870' title='bbox 1627 2893 1653 2918; x_wconf 90' lang='lat' dir='ltr'><strong>in</strong></span> <span class='ocrx_word' id='word_1_871' title='bbox 1678 2897 1785 2926; x_wconf 77' lang='lat' dir='ltr'><strong>gentem</strong></span> 
     </span>
    </p>
   </div>
   <div class='ocr_carea' id='block_1_117' title="bbox 1004 2936 1784 2975">
    <p class='ocr_par' dir='ltr' id='par_1_117' title="bbox 1004 2936 1784 2975">
     <span class='ocr_line' id='line_1_117' title="bbox 1004 2936 1784 2975; baseline 0 -11"><span class='ocrx_word' id='word_1_872' title='bbox 1004 2937 1123 2974; x_wconf 85' lang='lat' dir='ltr'><strong>iniquam</strong></span> <span class='ocrx_word' id='word_1_873' title='bbox 1137 2936 1251 2970; x_wconf 82' lang='lat' dir='ltr'><strong>mittant,</strong></span> <span class='ocrx_word' id='word_1_874' title='bbox 1265 2941 1291 2965; x_wconf 88' lang='lat' dir='ltr'><strong>ct</strong></span> <span class='ocrx_word' id='word_1_875' title='bbox 1305 2937 1402 2972; x_wconf 86' lang='lat' dir='ltr'><strong>populo</strong></span> <span class='ocrx_word' id='word_1_876' title='bbox 1420 2944 1479 2965; x_wconf 88' lang='lat' dir='ltr'><strong>meo</strong></span> <span class='ocrx_word' id='word_1_877' title='bbox 1494 2938 1648 2975; x_wconf 72' lang='lat' dir='ltr'><strong>prmcipiam</strong></span> <span class='ocrx_word' id='word_1_878' title='bbox 1665 2943 1692 2964; x_wconf 90' lang='lat' dir='ltr'><strong>ut</strong></span> <span class='ocrx_word' id='word_1_879' title='bbox 1704 2936 1784 2965; x_wconf 78' lang='lat' dir='ltr'><strong>faciat</strong></span> 
     </span>
    </p>
   </div>
  </div>
