2059 3215
155 183 205 212 161

634 175 884 205 COMMENTARlA
907 175 939 202 IN
959 173 1085 201 ISAIAM.
1106 188 1140 194 —
1158 172 1235 200 CAP.
1255 172 1288 201 Χ.

1739 172 1791 199 {Ui

154 241 306 277 οίκητόρων
320 239 458 270 ἀσεϐείας.
471 237 576 265 Οὐκοῦν
589 237 661 264 κατὰ
673 236 719 263 τον
730 236 776 263 τοῦ
788 236 893 263 δικαίου
909 235 951 261 λό-

1015 239 1084 261 ales.
1098 233 1181 266 Igitur
1194 233 1342 261 secundum
1358 232 1496 267 aequitatis
1515 231 1598 266 leges.
1621 239 1670 267 par
1681 237 1722 259 est
1743 240 1792 260 eos

154 299 203 325 γον
221 290 268 316 καὶ
286 290 351 320 τοὺς
375 289 403 314 ἐν
419 290 451 323 τῇ
473 286 649 323 Ἰερουσαλὴμ
667 286 740 317 εἰκὸς
765 285 950 320 παραδοθήσε-

157 335 219 363 σθαι
231 336 265 370 τῇ
280 334 324 369 ἴσῃ
339 333 494 368 πολιορκίᾳ,
510 332 547 364 ὡς
559 332 594 359 τὰ
613 331 715 366 ἀδελφὰ
729 328 950 366 μεταχειριζομέ-

156 390 218 413 νους
231 381 288 412 τοῖς
303 379 337 406 τὰ
355 379 538 414 προλεχθέντα
552 378 708 405 πεπονθόσι.

196 436 205 451 ι
224 426 279 453 Καὶ
294 426 380 456 ἔσται,
399 425 463 451 ὅταν
480 424 625 459 συντελέσῃ
643 423 744 459 Κύριος
765 423 854 450 πάντα
868 421 952 448 ποιῶν

159 474 188 500 ἐν
208 471 246 506 τῷ
268 471 325 506 ὄρει
340 470 408 497 Σιὼν
424 471 470 497 καὶ
490 469 678 506 Ἰερουσαλὴμ,
699 468 883 502 ἐπισκέψομαι
906 467 953 493 ἐπὶ

158 519 204 545 τὸν
215 516 276 544 νοῦν
288 517 334 543 τὸν
349 517 451 551 μέγαν,”
465 516 511 542 ἐπὶ
528 516 573 542 τὸν
585 515 703 551 ἄρχοντα
715 514 769 540 τῶν
791 513 952 549 Ἀσσυρίων,

159 565 207 591 καὶ
223 564 269 590 ἐπὶ
289 563 320 589 τὸ
341 562 406 597 ῦψος
426 563 475 598 τῆς
497 562 575 597 δόξης
594 562 648 588 τῶν
665 560 813 596 ὀφθαλμῶν
828 560 921 587 αὑτοῦ.
942 570 950 583 ι

166 609 333 640 ’Δκολούθως
344 608 388 635 διὰ
400 607 453 635 τῶν
466 607 654 643 προκειμένων
668 606 812 638 διδάσκων,
827 606 867 632 ὅτι
885 606 954 637 τέως

162 657 211 693 μὲν
239 655 376 690 Ἀσσύριοι
392 654 439 680 καὶ
452 655 466 680 ὁ
480 654 582 680 τούτων
600 654 702 690 ἄρχων,
728 653 752 679 εί
772 653 820 679 καὶ
841 652 955 679 τοιαῦτα

160 703 239 729 ὁποῖα
261 700 408 736 δεδήλωται
439 699 687 736 ἁπηυοαδιάσαντο,
716 699 764 734 τὴν
798 698 955 734 Σαμάρειαν

160 748 317 784 ὑποχείριον
346 745 525 782 πεποιημένοι
551 746 599 772 καὶ
620 745 670 780 τὴν
699 744 853 780 Δαμασκὸν,
882 744 956 779 ὅμως

160 794 250 828 ἕξουσι
265 793 295 819 τὸ
310 792 449 828 ἐνδόσιμον
468 792 516 818 τοῦ
532 791 629 827 χρόνου
647 791 728 827 μέχρι
744 790 842 826 καιροῦ
863 799 936 821 τινος
947 798 954 805 ⁶

164 839 223 876 μεθ’
240 839 268 866 ὃν
282 837 385 865 οὐκέτι
410 839 573 874 συστήσεται
592 833 680 863 αὐτῶν
700 837 716 872 ἡ
734 836 817 872 ἀρχὴ,
841 835 891 871 τῆς
907 844 958 870 μα-

163 887 232 922 κρᾶς
247 886 294 912 καὶ
306 883 468 916 πολυτελοῦς
489 883 627 919 βασιλείας
644 884 684 915 είς
706 883 736 909 τὸ
753 882 884 913 παντελὲς
905 890 955 907 κα-

161 931 395 967 ταλυοησομένης.

201 986 211 1003 t
233 974 301 1003 Εἷπε
314 975 378 1011 γὰρ,
395 976 423 1001 ἐν
445 975 477 1010 τῇ
494 974 565 1009 ίσχύῖ
582 974 698 1009 ποιήσω,
714 973 761 999 καὶ
784 973 812 998 ἐν
829 973 861 1008 τῇ
878 971 959 1006 σοφίᾳ

163 1022 214 1058 τῆς
229 1022 361 1053 συνέσεως
373 1021 464 1056 ἀψελῶ
475 1021 537 1056 ὅρια
551 1019 647 1051 ἐθνῶν,
659 1019 706 1045 καὶ
718 1018 766 1053 τὴν
782 1019 857 1053 ἰσχὺν
871 1017 960 1045 αὐτῶν

166 1068 353 1105 προνομεύσω.
372 1077 380 1094 ι
408 1067 454 1103 Μὴ
477 1066 539 1098 δοὺς
557 1065 612 1102 γὰρ
636 1065 715 1098 δόξαν
737 1063 776 1100 τῷ
800 1064 869 1099 Θεῷ,
892 1063 959 1098 μηδὲ

166 1115 354 1150 λογισάμενος,
369 1115 408 1141 ὅτι
423 1114 437 1140 ὁ
454 1113 507 1140 τῶν
523 1112 590 1139 ὅλων
613 1111 678 1142 Θεὸς
694 1111 776 1142 αὐτὸς
790 1107 823 1146 ἦν
845 1111 859 1136 ὁ
872 1117 961 1144 παρα-

167 1163 230 1194 δοὺς
241 1161 314 1197 αὐτῷ
328 1162 372 1188 καὶ
383 1161 427 1187 τὸν
446 1158 555 1194 Ἰσραὴλ
571 1159 617 1185 καὶ
634 1157 680 1184 τὸν
698 1156 812 1188 Ἰούδαν,
828 1155 874 1182 καὶ
891 1154 960 1181 παν-

168 1218 216 1240 τας
232 1209 293 1240 τοὺς
314 1207 447 1243 τιμωρίας
471 1205 573 1237 ἀξίους,
595 1204 665 1239 μέγα
683 1203 827 1238 ἐφρόνησε,
853 1202 972 1236 διανοη-.

167 1254 224 1286 θεὶς
241 1253 288 1280 καὶ
309 1253 377 1288 πρὸς
402 1251 496 1278 ἐαυτὸν
523 1249 618 1282 εἰπὼν,
643 1249 714 1276 κατὰ
734 1248 778 1275 τὸν
802 1247 959 1283 Σύμμαχον,

168 1309 179 1326 1
204 1300 248 1326 Ἐν
263 1300 296 1335 τῇ
310 1299 423 1334 δυνάμει
439 1298 488 1333 τῆς
504 1297 593 1333 χειρδς
607 1296 734 1331 ἐποίησα,
751 1304 760 1320 ι
778 1293 872 1321 καὶτὰ
885 1293 959 1328 ἑξῆς.

206 1355 215 1371 t
237 1346 291 1372 Καὶ
307 1345 389 1372 σείσω
404 1344 494 1375 πόλεις
508 1341 732 1377 κατοικουμένας,
750 1341 796 1367 καὶ
809 1340 858 1376 τὴν
872 1341 963 1367 οἰκου-

167 1393 252 1429 μένην
268 1392 332 1427 ὃλην
347 1391 540 1426 καταλήψομαι
560 1391 594 1425 τῇ
612 1388 684 1426 χειρὶ
704 1387 741 1420 ὡς
768 1387 888 1418 νοσσιὰν,
914 1387 962 1413 καὶ

166 1439 206 1471 ὼς
219 1438 453 1473 καταλελειμμένα
468 1437 509 1463 tbi
525 1436 599 1471 ἀρᾶν
619 1435 666 1462 καὶ
688 1435 737 1460 οὐκ
757 1434 830 1460 ἔστιν
851 1432 881 1464 ὃς
903 1433 960 1459 δια-

167 1485 296 1519 φεύξεταί
314 1493 358 1519 με,
375 1484 391 1519 ἢ
409 1483 524 1519 ἀντείπῃ
543 1491 597 1517 μοι.
613 1481 658 1516 Μὴ
673 1479 869 1514 δοξασθήσεται
885 1478 961 1514 ἀξίνη

169 1533 232 1559 ἄνευ
247 1531 293 1558 τοῦ
316 1531 480 1561 κόπτοντος;
497 1529 513 1565 ἢ
532 1528 705 1564 ὑψωθήσεται
722 1526 810 1562 πρίων
833 1525 897 1552 ἄνευ
914 1524 962 1550 τοῦ

169 1578 293 1610 ἕλκοντος
310 1576 400 1608 αὐτὸν,
419 1576 456 1607 ὡς
470 1575 502 1602 ἄν
518 1584 559 1607 τις
576 1574 629 1610 ἄρῃ
651 1573 746 1609 ῥάϐδον
798 1571 890 1618 ξύλον;
908 1571 964 1618 Καὶ
978 1589 999 1618 C

169 1625 218 1660 οὺχ
225 1624 321 1656 οὕτως,
332 1622 389 1649 ἀλλ’
401 1621 545 1648 ἀποστελεῖ
558 1619 659 1655 Κύριος
668 1617 781 1645 Σαϐαὼθ
793 1618 834 1649 εἰς
849 1616 899 1652 τὴν
914 1615 963 1651 σὴν

168 1672 252 1707 τιμὴν
276 1670 399 1706 ἀτιμίαν,
416 1669 463 1696 καὶ
483 1668 523 1699 είς
539 1667 589 1702 τὴν
613 1666 661 1702 σὴν
685 1665 762 1698 δόξαν
780 1664 835 1700 πῦρ
851 1664 964 1699 καιόμε-

170 1725 215 1744 νον
231 1716 408 1752 καυθήσεται.
431 1724 440 1740 ›
460 1713 532 1750 Πρὸς
547 1712 642 1739 τοῦτον
668 1711 713 1738 τὸν
735 1710 909 1745 ὑπερήφανον
923 1709 968 1736 λο-

169 1762 279 1797 γισμὸν,
308 1760 363 1786 εἴτε
391 1768 433 1791 τις
467 1757 644 1792 ἀντικειμένη
667 1755 780 1791 δύναμις
808 1754 965 1789 ἐτύγχανεν,

169 1807 265 1843 ὥσπερ
280 1808 294 1833 ὁ
308 1807 398 1842 ἄρχων
414 1804 554 1840 βασιλείας
568 1802 691 1838 Περσῶν,
710 1802 756 1828 καὶ
772 1803 785 1828 ὁ
802 1801 896 1837 ἄρχων
917 1800 967 1836 βα-

172 1852 276 1883 σιλείας
299 1852 408 1886 Μήδων,
435 1849 483 1876 καὶ
506 1849 520 1876 ὁ
543 1849 635 1884 ἄρχων
652 1847 790 1883 βασιλείας
814 1846 965 1882 Ἑλλήνων*

171 1897 244 1924 οὕτω
255 1895 309 1931 γὰρ
322 1895 391 1922 εῐποι
407 1894 439 1921 ἄν
453 1903 495 1924 τις
509 1893 556 1920 καὶ
569 1893 688 1928 ἄρχοντα
704 1892 843 1927 βασιλείας
866 1893 964 1919 Ἀσσυ-

172 1942 240 1979 ρίων
255 1940 394 1976 γεγονέναι
404 1939 466 1966 τινὰ
476 1939 520 1965 τὸν
534 1938 761 1972 ἀλαζονευόμενον
782 1937 887 1969 καὶτὰς
903 1946 969 1974 προ-

172 1988 304 2024 κειμένας
316 1986 408 2021 φωνᾶς
421 1984 607 2020 φθεγξάμενον
619 1991 626 1998 °
648 1983 705 2010 εἴτε
718 1980 764 2010 οὖν
780 1983 848 2019 πρὸς
863 1982 967 2016 τοῦτον,

173 2035 228 2061 εἴτε
238 2033 307 2069 πρὸς
317 2033 363 2059 τὸν
376 2031 557 2058 Βαϐυλωνίων
567 2029 680 2065 βασιλέα
691 2029 736 2056 τὸν
749 2029 970 2066 πολιορκήσαντα

172 2081 222 2117 τὴν
230 2078 469 2116 Ἰερουσαλὴμ,καὶ
477 2078 522 2104 τὸν
531 2077 593 2104 ναὸν
603 2076 794 2112 ἐμπρήσαντα,
805 2075 892 2102 πάντα
899 2083 928 2101 τε
936 2075 970 2101 τὰ

172 2127 248 2163 αὺτῷ
273 2125 357 2161 σκεύη
381 2125 441 2160 ἱερὰ
464 2124 512 2151 καὶ
535 2123 698 2158 ἀναθήματα
719 2121 823 2153 ἑλόντα,
848 2121 895 2148 καὶ
914 2122 970 2152 τοῖς

173 2173 255 2200 αὑτοῦ
275 2170 394 2202 εἰδώλοις
409 2169 541 2196 ἀναθέντα
558 2170 587 2195 ἐν
609 2168 677 2204 αὐτῇ
704 2167 854 2199 Βαϐυλῶνι,
874 2167 970 2202 ὥσπερ

174 2217 247 2245 δεινὰ
264 2217 311 2244 καὶ
327 2214 532 2251 ἀπονενοημένα
547 2214 720 2250 τολμήσαντα
735 2214 833 2246 εἰπεῖν,
851 2213 968 2249 ἀποκρί-

1001 279 1047 314 qui
1065 279 1091 306 in
1104 277 1302 314 Hierosolymis
1318 279 1417 313 degunt
1430 278 1487 312 pari
1499 278 1634 305 obsidioni
1648 283 1674 305 et
1688 279 1793 306 excidio

1003 325 1082 357 tradi,
1097 325 1161 359 quia
1179 325 1228 359 ipsi
1248 325 1322 359 paria
1338 324 1383 357 iis,
1401 323 1446 358 qui
1464 323 1522 358 jam
1546 329 1695 351 memorata
1721 325 1792 359 passi

1002 375 1076 401 sunt,
1097 375 1301 405 perpetrarunt.

1037 415 1180 443 VERS.12.
1208 425 1217 441 ‹
1234 415 1268 443 Et
1287 416 1357 447 erit,
1388 423 1450 443 cum
1479 415 1632 450 impleverit
1661 415 1793 443 Dominus

1003 463 1093 490 omnia
1115 462 1204 489 facere
1218 461 1244 488 in
1271 466 1363 489 monte
1383 461 1447 489 Sion
1464 467 1491 488 et
1509 462 1535 488 in
1553 462 1714 494 Jerusalem,
1729 461 1795 489 visi-

1006 511 1068 537 tabo
1080 514 1198 537 mentem
1215 516 1354 544 magnam,
1378 509 1528 543 principem
1554 509 1739 544 Assyriorum,
1767 513 1796 536 ct

1005 555 1197 583 celsitudinem
1224 554 1318 589 gloriae
1336 554 1477 581 oculorum
1505 554 1574 588 ejus.
1594 565 1602 579 ι
1622 554 1669 582 [Iis
1696 562 1795 582 conse-

1005 608 1121 636 quenter
1132 601 1220 633 docet,
1230 601 1357 635 Assyrios
1370 601 1477 627 tamiem
1489 606 1516 628 et
1527 610 1619 628 eorum
1633 601 1796 635 principem,

1005 647 1055 673 etsi
1071 654 1130 673 cum
1151 646 1207 678 tali,
1220 646 1357 680 qualijutn
1380 645 1547 673 declaratum
1564 651 1617 678 est,
1642 647 1796 681 arrogantia

1006 692 1120 728 egerint,
1140 692 1294 719 Samariam
1312 695 1338 719 et
1362 692 1525 719 Damascum
1553 693 1730 728 subegerint.
1757 698 1796 720 la-

1008 746 1067 766 men
1085 739 1119 766 ad
1135 743 1240 766 certum
1268 745 1354 772 usque
1375 738 1521 764 terminum
1538 746 1648 765 usuram
1666 739 1797 773 temporis

1007 786 1166 818 habituros;
1194 792 1247 819 quo
1262 785 1367 819 elapso.
1384 785 1527 818 imperium
1546 793 1639 812 eorum
1657 793 1709 812 non
1727 785 1795 811 ultra

1009 831 1149 861 consistet,
1167 830 1295 857 diuturno
1316 830 1362 860 illo
1384 838 1415 857 ac
1429 830 1536 858 ﬂorenti
1551 831 1665 864 imperio
1677 830 1799 858 funditus

1009 883 1114 903 everso.

1045 966 1129 995 Vens.
1150 967 1194 994 15,
1215 976 1224 993 ι
1245 967 1316 993 Dixit
1329 967 1413 1000 enim,
1429 967 1456 995 ln
1474 967 1636 996 fortitudine
1649 967 1800 999 fueiam,et

1010 1013 1036 1039 in
1056 1014 1190 1047 sapientia
1209 1013 1360 1047 prudentiae
1373 1020 1440 1040 mea:
1456 1013 1579 1040 auferam
1595 1016 1725 1041 terminos
1735 1022 1800 1049 geu-

1012 1059 1088 1089 tium.
1102 1063 1126 1086 et
1137 1059 1322 1086 fortitudinem
1332 1066 1429 1086 earum
1441 1059 1597 1086 devastabo.
1611 1069 1620 1085 ι
1635 1060 1688 1086 Deo
1701 1060 1801 1094 quippe

1012 1105 1123 1140 gloriam
1140 1113 1193 1131 non
1210 1104 1345 1138 tribuens,
1359 1112 1447 1139 neque
1469 1112 1562 1132 secum
1582 1109 1710 1140 reputans
1737 1106 1799 1132 titti-

1010 1161 1152 1180 versurum
1165 1152 1249 1179 Deum
1262 1160 1333 1184 esse,
1349 1153 1394 1187 qui
1411 1153 1459 1187 ipsi
1474 1158 1500 1180 et
1513 1153 1639 1181 lsraelem
1655 1153 1802 1185 etJudant,

1011 1203 1038 1225 et
1053 1206 1148 1225 otnnes
1162 1197 1230 1224 alios
1253 1198 1386 1232 supplicio
1412 1198 1507 1234 dignos
1528 1199 1697 1232 tradiderat;
1717 1199 1801 1226 altum

1012 1243 1146 1277 sapiebat,
1157 1242 1293 1277 cogitans.
1307 1248 1335 1269 et
1351 1243 1384 1270 ad
1403 1243 1523 1278 seipsunt
1536 1243 1639 1275 dicens,
1652 1246 1799 1271 seettndnut

1013 1288 1217 1323 Symmachum,
1239 1296 1248 1313 ι
1265 1286 1294 1314 In
1306 1288 1408 1315 virtute
1425 1295 1521 1315 manus
1535 1287 1597 1321 feci,
1618 1297 1627 1315 ι
1645 1293 1701 1316 etc.

1048 1333 1129 1361 Vsus.
1145 1333 1239 1360 14-16.
1264 1342 1273 1359 ‹
1293 1333 1324 1359 Ει
1349 1334 1528 1373 commovebo
1544 1334 1626 1361 urbes
1643 1334 1779 1362 habitatus
1795 1355 1802 1367 ,

1013 1385 1040 1408 et
1053 1380 1213 1419 universum
1227 1379 1319 1407 orhent
1331 1379 1561 1414 comprehendam
1577 1387 1657 1407 manu
1674 1381 1750 1415 qttasi
1764 1382 1803 1407 ni-

1014 1426 1088 1456 dum,
1101 1424 1213 1459 etquasi
1228 1431 1279 1452 ova
1293 1424 1423 1452 derelicta
1435 1424 1555 1452 auferam
1572 1432 1579 1451 :
1596 1430 1623 1452 et
1638 1433 1691 1453 non
1705 1429 1747 1453 est
1758 1427 1804 1460 qui

1015 1471 1126 1506 ed‘ngiat
1140 1479 1194 1503 tne,
1211 1476 1257 1498 aut
1269 1470 1439 1498 contradicat
1467 1471 1544 1498 mihi.
1562 1470 1688 1506 Nunquid
1705 1471 1805 1507 gloria-

1015 1518 1086 1545 bitur
1101 1514 1206 1545 seettris
1227 1517 1286 1545 sine
1301 1517 1441 1545 czedente?
1461 1523 1509 1544 aut
1530 1518 1693 1545 exaltabitur
1716 1525 1804 1550 serra,

1016 1565 1073 1592 sine
1089 1564 1213 1590 trahente
1228 1563 1311 1597 illam,
1329 1567 1359 1589 ut
1385 1564 1445 1598 quis
1460 1562 1556 1591 efferat
1584 1563 1687 1598 virgam
1704 1569 1751 1591 aut
1772 1564 1804 1590 li-

1017 1609 1122 1645 gnum?
1141 1610 1175 1636 At
1191 1617 1243 1636 non
1263 1609 1312 1642 sic,
1329 1609 1375 1636 sed
1391 1609 1480 1636 mittet
1499 1609 1628 1636 Dominus
1646 1609 1766 1636 Sabaoth
1779 1610 1806 1636 in

1018 1658 1147 1684 honorem
1161 1660 1234 1683 tuam
1250 1655 1436 1690 ignominiam,
1448 1659 1476 1682 et
1487 1655 1513 1682 in
1525 1655 1638 1691 gloriam
1649 1660 1722 1682 tttum
1738 1655 1808 1690 ignis

1017 1703 1178 1729 comburens
1193 1701 1366 1729 accendelur.
1385 1710 1395 1727 ›
1411 1700 1450 1727 Ad
1467 1701 1537 1729 hanc
1551 1700 1693 1735 superbam
1703 1702 1808 1735 cogitu-

1017 1747 1136 1779 tionem;
1164 1747 1220 1774 sive
1246 1754 1276 1774 ea
1306 1745 1448 1780 cujusdam
1471 1746 1635 1773 adversarta:
1666 1747 1807 1780 potestatis

1019 1792 1110 1825 fuerit,
1121 1792 1209 1827 quaiis
1221 1795 1280 1820 erat
1296 1792 1421 1827 princeps
1433 1793 1508 1826 regni
1524 1791 1681 1823 Persarum,
1695 1796 1722 1817 cl.
1734 1792 1807 1826 prin-

1018 1846 1084 1874 ceps
1098 1839 1173 1874 regni
1189 1837 1340 1871 Medorum,
1356 1843 1383 1865 et
1397 1838 1523 1872 princeps
1535 1836 1610 1872 regni
1624 1836 1780 1864 Graecorum
1794 1844 1802 1863 :

1019 1885 1058 1912 sic
1075 1885 1147 1912 enim
1177 1884 1314 1919 quispiam
1344 1884 1445 1911 dixerit
1477 1890 1539 1910 esse
1564 1882 1714 1918 principem
1731 1883 1807 1918 regni

1018 1929 1203 1965 Assyriorum,
1221 1934 1382 1963 arroganter
1397 1933 1533 1964 agentem,
1557 1932 1637 1962 atque
1661 1928 1710 1956 has
1724 1935 1806 1955 voces

1019 1976 1187 2004 emittentem
1202 1983 1209 2008 ;
1232 1975 1291 2002 sive
1307 1974 1340 2002 ad
1355 1975 1438 2006 hunc,
1451 1974 1573 2008 inquam,
1590 1974 1650 2001 sive
1667 1974 1700 2000 ad
1716 1981 1806 2010 regem

1019 2021 1240 2057 Babyloniorum,
1260 2021 1306 2056 qui
1325 2020 1540 2055 Hierosolymam
1562 2019 1678 2052 obsedit,
1694 2025 1721 2047 et
1741 2026 1808 2048 tem-

1019 2069 1093 2104 plutn
1112 2068 1244 2101 incendit.
1259 2072 1286 2095 et
1300 2067 1392 2095 omnia
1408 2073 1486 2094 sacra
1500 2074 1562 2094 vasa
1579 2066 1637 2101 ejus
1652 2070 1679 2094 et
1696 2065 1810 2094 donaria

1021 2114 1144 2147 abstulit,
1161 2122 1192 2142 ac
1214 2114 1239 2141 in
1269 2114 1325 2149 ipsa
1340 2113 1477 2148 Babylone
1494 2112 1571 2140 idolis
1591 2112 1647 2140 suis
1664 2120 1810 2140 consecra-

1021 2161 1078 2193 vit;
1098 2165 1192 2195 utpote
1207 2160 1252 2194 qui
1265 2159 1356 2195 gravia
1374 2164 1401 2186 et
1421 2159 1514 2186 insana
1531 2158 1654 2193 proferre
1669 2166 1751 2186 ausus
1763 2165 1808 2186 es-

1022 2213 1073 2239 set,
1082 2209 1228 2242 respondet
1238 2206 1414 2242 propheticus
1422 2212 1529 2232 sermo:
1543 2204 1654 2236 Deinde,
1667 2205 1811 2231 oomnimn

179 2273 248 2291 θεται
263 2262 396 2298 φάσκωνὸ
407 2249 575 2296 προξρητικὺς
586 2259 675 2294 λόγος·
687 2256 819 2294 Εἴτα,(16)
833 2256 855 2285 ὦ
867 2259 960 2285 πάντω

1015 2270 1016 2273 η
1029 2253 1200 2286 stultissime,
1216 2260 1268 2280 non
1281 2251 1357 2279 vides
1367 2259 1419 2278 non
1427 2258 1507 2286 posse
1519 2251 1647 2283 securim,
1664 2249 1739 2277 nullo
1747 2257 1813 2285 ope-

173 2309 368 2344 ἀφρονέστατε,
383 2308 413 2334 οὐ
426 2307 553 2342 συνορᾷς,
568 2306 608 2332 ὅτι
623 2305 686 2332 οὒτε
702 2305 785 2338 πέλυξ
797 2305 892 2331 ἑαυτόν
904 2313 969 2331 ποτε

176 2355 313 2390 κινήσειεν
330 2355 376 2380 ἐπὶ
393 2353 481 2389 κοπὴν
502 2351 591 2384 ξύλου,
611 2351 649 2387 μὴ
670 2351 764 2386 ἐτέρου
782 2350 969 2386 ἐνεργοῦντος,

178 2400 239 2427 οὔτε
255 2401 341 2436 πρίων
357 2400 437 2426 διέλοι
451 2399 484 2426 ἂν
497 2398 530 2425 τὰ
545 2398 613 2433 πρὸς
629 2397 711 2424 αὐτοῦ
732 2397 896 2432 πριζόμενα,
916 2405 969 2432 μη-

177 2447 252 2478 δενὸς
271 2447 402 2478 ἕλκοντος,
429 2445 490 2472 οὐδὲ
510 2444 608 2481 ῥάϐδος
632 2443 741 2478 τύψειεν
762 2443 794 2470 ἄν
816 2451 885 2475 τινα,
908 2442 969 2468 οὐδὲ

178 2494 257 2528 ξύλον
270 2492 394 2528 πλήξειεν
409 2491 568 2528 αὐτομάτως
585 2490 761 2526 κινούμενον;
776 2488 836 2525 Χρὴ
852 2489 879 2515 δὲ
894 2488 968 2523 λογί-

179 2542 288 2572 σασθαι,
303 2541 344 2566 ὅτι
356 2539 416 2567 οὒτε
433 2549 473 2567 σοι
483 2541 598 2576 διακόνῳ
609 2539 666 2566 ὄντι
679 2539 729 2573 τῆς
742 2536 789 2563 τοῦ
801 2536 869 2563 Θεοῦ
885 2535 969 2572 ὀργῆς

176 2586 296 2622 τοσαύτη
311 2586 402 2621 παρῆν
416 2585 539 2621 δύναμις,
555 2585 592 2618 ὡς
612 2584 717 2621 μυρίων
731 2581 814 2609 ἐθνῶν
831 2589 970 2615 κατακρα-

177 2634 271 2670 τῆσαι,
289 2633 337 2660 καὶ
360 2632 454 2659 τούσδε
476 2632 523 2667 μὲν
546 2632 667 2662 κόπτειν,
693 2629 802 2664 ἐτέρους
814 2627 843 2653 δὲ
866 2627 968 2658 παίειν,

179 2681 271 2712 ’πόλεις
284 2689 314 2707 τε
344 2679 407 2711 ὔλας
422 2677 703 2714 ἐξανδραποδίζεσθαι,
718 2675 765 2702 καὶ
782 2674 865 2710 μυρία
879 2672 968 2708 πλήθη

179 2725 431 2763 καταστρωννύναι,
449 2724 548 2755 παντὸς
564 2723 682 2758 πρίονος,
700 2721 747 2748 καὶ
764 2719 905 2750 πελέκυος,
923 2718 969 2744 καὶ

181 2774 279 2810 ῥάϐδον
294 2773 396 2809 χείρονι
408 2769 556 2806 γενομένῳ,
570 2770 594 2796 εί
607 2769 643 2805 μὴ
655 2768 721 2799 Θεὸς
735 2764 768 2802 ἦν
780 2767 794 2792 ὁ
806 2766 837 2801 τῇ
852 2765 884 2800 σῇ
897 2763 968 2800 χειρὶ

217 2844 274 2880 (l6)
295 2843 343 2871 llic.
358 2841 466 2880 Eusebii
485 2841 662 2880 interpretere
680 2839 736 2880 fere
758 2837 813 2873 agit
827 2836 969 2880 dilet‘Dny-

182 2871 243 2907 mtis
253 2871 272 2907 ι’
283 2886 344 2907 nam
357 2880 398 2906 sic
413 2877 505 2908 habet,
523 2885 532 2901 ι
550 2871 573 2902 0
591 2874 749 2902 stultissime
764 2871 968 2908 tuortaliutn....

182 2906 318 2948 quomodo
334 2913 355 2941 si
368 2912 472 2941 securis
491 2906 624 2946 glorietur
641 2914 735 2937 contra
749 2916 809 2936 eum
828 2906 874 2942 qui
891 2913 971 2934 sucu:

1022 2307 1107 2334 rente,
1122 2301 1156 2328 ad
1173 2300 1276 2336 lignum
1294 2300 1451 2327 caedendum
1465 2306 1495 2326 se
1508 2305 1635 2330 movere;
1651 2304 1738 2332 neque
1753 2305 1812 2324 ser-

1021 2356 1078 2376 ram
1095 2347 1167 2382 ligna
1194 2347 1284 2381 posita
1308 2353 1413 2377 secare.
1429 2344 1536 2373 nemine
1558 2344 1704 2376 trahente;
1724 2350 1812 2382 neque

1022 2394 1125 2428 virgam
1143 2392 1294 2427 quempiam
1311 2394 1464 2426 percutere,
1479 2396 1565 2423 neqtte
1581 2388 1685 2423 lignum
1712 2391 1809 2421 suopte

1024 2444 1095 2467 motu
1108 2438 1232 2474 quemvis
1249 2436 1372 2464 caedere?
1383 2435 1561 2471 Cogitandum
1569 2441 1634 2461 sane
1643 2437 1712 2464 erat,
1724 2439 1812 2467 neque

1024 2485 1082 2517 tibi,
1100 2485 1148 2512 irce
1162 2484 1207 2511 Dei
1224 2483 1359 2514 ministro.
1382 2482 1461 2508 talem
1479 2480 1599 2508 adfuisse
1626 2481 1786 2514 potestatem
1800 2498 1808 2509 ,

1024 2536 1052 2558 ut
1066 2530 1185 2557 inﬁnitas
1203 2533 1297 2564 gentes
1312 2529 1446 2558 domares,
1469 2532 1556 2561 neque
1577 2529 1606 2551 ut
1620 2523 1686 2550 alios
1700 2521 1810 2557 quidem

1024 2577 1153 2608 cederes,
1166 2574 1233 2602 alios
1244 2578 1409 2609 percuteres,
1420 2571 1544 2599 civitates
1557 2570 1674 2604 integras
1689 2567 1811 2601 captiuis

1022 2625 1146 2655 duceres,
1163 2631 1194 2650 ac
1213 2623 1384 2650 innumeram
1411 2618 1612 2647 multitudinem
1633 2621 1788 2652 protereres
1801 2635 1810 2650 ,

1022 2671 1117 2706 quavis
1128 2668 1312 2701 serra,securi
1325 2670 1352 2693 et
1368 2666 1443 2701 virga
1460 2663 1600 2691 acerbior:
1616 2663 1667 2690 nisi
1681 2661 1752 2688 Deus
1769 2662 1812 2689 his

1024 2705 1162 2750 suppliciis
1176 2714 1272 2748 dignos
1287 2711 1333 2739 tibi
1351 2710 1518 2738 tradidisset.
1535 2706 1612 2735 Nunc
1639 2713 1720 2741 porro
1743 2705 1811 2734 nihil

1023 2768 1116 2789 eorum
1138 2759 1272 2794 cogitans,
1290 2757 1358 2784 altos
1372 2755 1483 2789 spiritus
1499 2752 1610 2788 cepisti;
1625 2752 1661 2779 ita
1675 2757 1703 2778 ut
1718 2756 1743 2778 te
1758 2759 1812 2777 nta-

1026 2833 1076 2860 ritn
1092 2835 1177 2862 tenet,
1188 2835 1215 2857 et
1234 2836 1309 2856 serra
1327 2831 1419 2855 contra
1432 2824 1506 2852 illum
1525 2832 1539 2852 a
1554 2832 1608 2860 quo
1624 2824 1741 2852 trahitur
1757 2831 1764 2850 :
1783 2825 1813 2850 et

1025 2869 1125 2898 dicunt,
1142 2875 1150 2891 I
1167 2871 1220 2893 etc.
