2059 3215
275 139 327 167 163

597 137 731 167 EUSEBII
749 137 1085 166 CJ‘ISARIENSISDPP.
1106 137 1195 166 PARS
1214 138 1258 166 Ill.
1278 153 1313 158 —
1332 137 1537 166 EXEGETICA.

1848 140 1900 167 164

273 206 353 233 gnum
368 198 442 226 illam
453 203 573 230 mentem
584 205 649 226 esse
661 202 782 233 putares.
799 196 858 224 Non
877 197 949 224 enim
967 205 1055 231 paceu‘

1112 197 1250 233 παραδοὺς
1264 197 1327 228 τοὺς
1342 197 1444 223 τούτων
1458 197 1559 230 ἀξίους.
1576 197 1644 224 Νυνὶ
1655 197 1683 224 δὲ
1699 198 1801 226 τούτων
1816 198 1900 234 μηδὲν

273 244 348 272 illam
364 244 421 277 Del,
439 251 500 279 que
511 249 630 272 mentem
642 250 750 270 euntem
764 247 909 277 exsuperat
921 243 957 270 ob
969 242 1061 270 oculos

273 290 411 325 ponebas:
436 289 484 316 sed
498 295 524 316 te
536 289 656 316 omnium
680 288 826 314 maximum
844 295 904 315 esse
925 293 1012 321 ratus,
1029 295 1060 315 ac

273 334 398 370 superbis
414 335 502 362 oculis
529 340 624 361 contra
643 335 726 361 Deum
750 334 848 366 elatus,
868 333 988 368 gentium
1006 339 1060 361 ter-

273 381 362 408 minos
373 380 540 408 c0nl'undere
554 380 690 414 cogitasti,
712 387 780 414 quos
803 379 923 406 deﬁnivit
941 379 1011 407 Deus
1033 385 1060 406 et

272 425 384 460 pulchre
411 425 557 456 ordinavit,
578 434 587 450 ι
603 425 717 458 Quando
734 427 880 460 separabat
904 425 1060 454 Altissimus

272 478 377 506 gentes,
393 477 420 498 ιιι
433 471 627 498 disseminabat
640 471 710 499 lllios
723 471 828 505 Adam;
846 473 988 500 constituit
1004 478 1059 500 ter-

272 516 360 543 minos
389 518 508 551 gentium
539 516 687 543 secundum
718 524 860 544 numerum
900 518 1058 551 augelowm

272 560 320 588 Dei
336 562 369 589 ‘°.
393 571 403 587 ι
426 561 466 588 Tu
489 568 553 588 \‘ero
574 561 706 596 sapientia
735 567 764 589 et
788 563 888 590 erranti
919 557 1059 598 prudentia

272 612 324 634 tua
333 608 482 634 arbitratus
500 615 531 634 es
543 615 623 643 posse
640 613 667 635 te
681 615 696 634 a
715 609 770 635 Deo
786 609 870 643 probe
895 610 1059 637 canstitutos

273 653 402 679 terminos
419 652 471 680 alio
492 652 652 684 transferre,
665 658 746 688 atque
761 658 844 680 totum
857 654 951 681 orbem
962 655 1057 682 ditioni

271 703 324 726 tute
339 698 472 734 subigere.
493 698 559 725 Nam
582 698 731 732 aestimasti,
748 700 884 726 neminem
907 700 940 726 iis
952 701 1058 735 prospi-

269 751 332 772 cere
345 744 387 772 vel
411 744 589 780 patrocinari,
620 744 761 779 Deumque
786 745 908 772 homines
929 747 976 780 qui
995 751 1058 774 sunt

269 799 352 826 super
367 796 465 818 terram
483 790 549 817 nihil
566 797 662 817 curare
677 799 684 816 :
708 791 884 824 Quamobrem
902 797 998 826 gentes
1012 800 1058 819 or—

269 838 311 865 bis
327 836 458 867 universi.
475 837 551 871 quasi
566 836 652 870 pullos
674 837 807 868 desertos.
833 843 880 864 ant
894 846 945 865 ova
960 839 1056 866 dereli-

179 869 182 872 ⁴
209 884 212 889 ’
268 887 323 913 cla.
337 888 363 909 te
375 869 516 917 capturum
532 869 658 916 opinatus
677 889 718 908 es.
742 883 857 916 Oportet
873 884 955 918 igitur
981 890 1054 912 recta
1072 878 1091 905 Β

269 927 434 962 cogitatione
457 932 563 961 putare,
595 931 621 953 te
641 934 675 953 ne
696 934 743 954 eos
760 929 868 962 quidem
893 937 962 964 quos
992 931 1055 957 sub-

265 974 356 1007 egisti.
373 973 433 1000 sine
447 977 511 999 nutu
536 971 583 999 Dei
602 972 748 1000 domuisse.
775 973 852 1002 Unde
866 982 983 1009 namque
1007 977 1054 1003 tibi

269 1019 329 1045 talis
343 1023 463 1053 potestas
485 1018 627 1050 adfuisset,
648 1020 700 1047 nisi
720 1021 790 1047 Deus
817 1021 843 1047 id
863 1021 1053 1056 permisisset,

267 1073 354 1100 neque
365 1071 391 1092 te
405 1071 434 1092 ut
449 1065 629 1094 instrttmento
655 1067 689 1094 ad
715 1067 922 1101 castigationem
944 1072 972 1095 et
991 1076 1055 1103 sup-

266 1111 376 1146 plicium
391 1118 495 1143 eorum.
512 1112 558 1145 qui
569 1113 741 1147 correptione
755 1118 782 1140 et
794 1113 973 1141 conversione
987 1122 1055 1149 opus

265 1155 413 1187 habebant.
423 1164 487 1184 usus
502 1157 619 1184 fuisset?

303 1201 385 1229 Vens.
403 1201 447 1234 l7,
471 1201 513 1228 l8.
531 1211 540 1227 ι
557 1202 589 1229 Et
600 1202 653 1230 erit
666 1202 756 1230 lumen
769 1202 851 1231 Israel
870 1203 897 1231 in
912 1205 1012 1240 ignem.
1027 1210 1054 1232 et

266 1246 449 1274 sanctiﬁcabit
460 1246 534 1274 illum
545 1248 571 1275 in
582 1247 644 1283 igne
660 1254 755 1277 urente
768 1258 775 1277 :
786 1254 812 1277 et
826 1251 965 1278 devorahit
976 1253 1052 1286 quasi

266 1292 358 1319 fenum
374 1292 480 1320 silvam.
494 1292 522 1320 In
540 1293 585 1321 illa
607 1294 649 1322 die
664 1296 872 1329 exsdnguentur
890 1302 1006 1330 montes,
1028 1302 1054 1323 et

266 1336 352 1364 colles
370 1342 397 1364 et
414 1337 501 1365 silvae.
517 1347 527 1363 ι
546 1338 606 1373 Ipse
623 1339 669 1374 qui
686 1339 751 1368 olim
763 1341 891 1375 populum
904 1349 981 1369 suum
996 1341 1055 1369 illu-

267 1382 388 1411 minabat
400 1383 469 1411 Deus
482 1404 489 1417 ,
511 1389 539 1412 et
561 1385 751 1413 sanctiﬂcabat
764 1387 838 1414 illum
851 1407 859 1420 ,
875 1387 924 1414 tibi
938 1389 1054 1422 superbo

268 1429 338 1464 ignis
351 1429 466 1457 effectus
480 1434 532 1457 est.
558 1430 612 1458 Pro
630 1430 677 1458 illo
693 1437 782 1459 autem
796 1451 805 1464 ,
824 1441 833 1458 ι
853 1432 886 1460 Et
899 1433 1053 1460 sanctiﬁca-

267 1474 307 1501 bit
323 1474 396 1501 illum
412 1474 439 1502 in
454 1475 515 1510 igne
534 1480 640 1506 urente.
659 1485 668 1502 ι
689 1475 869 1511 Symmachus
882 1498 890 1511 ,
910 1487 919 1503 ι
935 1477 968 1505 Ει
991 1486 1054 1506 san-

267 1525 327 1547 ctus
344 1520 403 1554 ejus
416 1520 441 1547 in
459 1520 605 1551 ﬂammam.
626 1531 637 1548 ι
659 1521 726 1549 Nam
741 1523 803 1555 tibi,
819 1523 918 1558 inquit,
929 1525 1051 1560 Assyrio,

238 1584 241 1588 .
265 1565 313 1600 qui
331 1565 413 1600 impie
427 1569 454 1593 et
472 1566 578 1596 tumide
591 1567 711 1602 cogitare
728 1575 811 1595 ausus
824 1576 863 1601 es,
879 1574 990 1597 sanctus
1015 1569 1054 1597 ls-

267 1611 335 1644 rael,
346 1617 373 1639 et
382 1612 428 1648 qui
444 1612 508 1640 olim
522 1612 579 1646 ejus
598 1613 642 1640 lux
659 1612 719 1646 fuit,
738 1614 764 1641 in
777 1613 912 1642 llatnmam
928 1620 955 1643 et
966 1615 1055 1651 ignem

266 1657 373 1684 evadet.
383 1655 503 1685 Collibus
518 1664 592 1692 vero,
609 1659 748 1687 montibus
762 1664 790 1686 et
808 1659 895 1692 silvis,
909 1667 925 1687 e
942 1667 972 1687 re
984 1668 1056 1688 com-

266 1706 346 1737 parat
360 1702 432 1730 illam
447 1703 620 1738 Assyriorum
638 1703 857 1738 multitudinem;
870 1704 952 1733 duces
966 1710 1054 1732 autem

268 1755 371 1779 eorum.
383 1753 411 1775 et
424 1748 469 1784 qui
488 1749 550 1776 aliis
565 1753 709 1783 praeerant,
724 1750 894 1784 quasicolles
907 1756 935 1779 et
949 1757 1055 1780 montes

267 1794 343 1820 dicit.
364 1793 417 1821 Sed
443 1794 482 1822 illi
502 1795 611 1830 quidem
633 1797 861 1832 exstinguentur;
886 1797 913 1824 id
930 1802 994 1830 est.
1016 1798 1054 1826 illi

267 1839 335 1866 olim
348 1847 445 1875 graves
459 1845 488 1867 et
501 1840 644 1874 ardentes,
661 1841 703 1869 vel
718 1842 807 1873 inviti,
824 1842 914 1878 frigidi
927 1845 1052 1872 evadent.

268 1884 340 1913 Mors
354 1886 455 1921 quippe
468 1885 528 1913 illos
543 1887 686 1915 devorabit
697 1907 706 1920 ,
722 1892 827 1916 tantum
840 1896 893 1916 non
907 1894 936 1917 et
949 1890 1054 1917 animas

268 1938 330 1958 cum
344 1931 504 1967 corporibus
518 1933 676 1962 absumens.
689 1933 765 1968 Quod
784 1939 872 1963 autem
891 1936 988 1964 anima:
999 1945 1053 1964 non

269 1984 323 2004 una
344 1985 408 2005 cum
423 1979 583 2013 corporibus
599 1978 739 2014 tollantur,
757 1982 856 2016 cuique
880 1982 1053 2010 manifestum

267 2028 310 2051 est
327 2024 419 2058 :quod
439 2024 536 2051 animae
551 2025 708 2053 ﬁrmitatem
726 2026 890 2055 subindicat.
914 2027 981 2056 Cum
1006 2028 1054 2056 sil-

267 2076 329 2095 vam
348 2069 432 2102 dicit.
458 2070 656 2098 multitudinem
680 2079 740 2106 quae
762 2080 823 2099 cum
847 2080 910 2108 rege
926 2073 1052 2109 Assyrio-

268 2121 328 2140 rum
345 2118 405 2141 erat
416 2114 527 2142 denotat
545 2124 553 2142 :
568 2116 722 2143 Carmelum
737 2124 820 2150 vero,
833 2123 863 2145 ut
873 2118 912 2145 ait
930 2118 1054 2153 Symma-

268 2159 335 2187 cbus
346 2180 354 2194 ,
376 2159 434 2194 ejus
451 2160 558 2189 divitias
576 2167 715 2197 nuncupat
726 2182 735 2194 .
760 2169 863 2190 necnon
878 2163 1028 2198 voluptates
1043 2172 1051 2192 :

268 2213 328 2240 quae
343 2205 506 2234 absumenda
528 2206 593 2234 dicit
610 2207 645 2235 ab
660 2207 756 2236 ultrice
774 2208 896 2244 praedicti
911 2209 982 2244 ignis
994 2210 1052 2238 vio-
1068 2227 1090 2254 ο

267 2250 359 2278 lentia.

304 2341 386 2371 Vsus.
405 2343 417 2370 ί
423 2343 450 2371 9.
467 2354 478 2370 ι
496 2343 529 2371 Et
541 2344 682 2373 devorabit
697 2345 731 2373 ab
744 2346 833 2373 anima
848 2354 933 2382 usque
947 2348 981 2375 ad
995 2355 1053 2375 car-

267 2396 315 2417 nes
331 2398 338 2417 :
356 2389 451 2428 egerit
465 2390 510 2425 qui
525 2389 608 2426 fugiet
618 2391 696 2426 quasi
713 2391 818 2427 fugiens
832 2400 846 2419 a
857 2392 964 2421 ﬂamma
976 2402 1052 2421 uren-

266 2439 302 2461 te.
323 2428 620 2471 relinquentur
638 2444 671 2464 ex
688 2437 753 2471 ipsis
767 2445 896 2465 numerus
912 2443 990 2466 erunt
1002 2459 1009 2471 ,
1025 2445 1053 2467 et

268 2487 335 2515 puer
345 2479 445 2508 scribet
460 2488 517 2508 eos.
539 2490 549 2507 I
568 2479 636 2509 Cum
654 2481 726 2515 haec.
741 2482 839 2518 inquit.
857 2484 970 2519 Assyrio
984 2492 1051 2512 cou~

267 2526 390 2561 tigerint,
407 2525 452 2554 ille
464 2526 525 2561 fuga
538 2533 567 2554 se
578 2527 719 2562 proripiet,
733 2532 813 2562 atque
825 2535 920 2556 omnes
934 2529 979 2564 qui
991 2537 1050 2557 cum

266 2571 312 2598 illo
326 2576 427 2605 erunt,
451 2571 566 2607 idipsum
588 2577 679 2607 agent.
703 2573 781 2606 Quod
804 2573 828 2600 si
848 2573 956 2608 quidam
973 2575 1051 2609 pauci

267 2615 465 2651 relinquantur,
492 2622 531 2644 tot
545 2622 646 2651 erunt,
670 2622 700 2645 ut
716 2619 802 2653 possit
823 2620 910 2652 quivis
924 2620 1051 2654 puerulus

267 2661 374 2688 illorum
392 2670 533 2690 numerum
551 2663 660 2699 assequi
674 2683 682 2696 ,
704 2671 737 2691 ac
751 2664 854 2698 scripto
871 2666 1030 2700 eonsignare
1043 2687 1050 2698 ,

267 2707 369 2741 reliqua
394 2709 565 2736 multitudine
587 2709 620 2737 de
639 2708 729 2736 medio
751 2709 866 2737 sublata.
886 2709 947 2738 Hac
962 2716 990 2738 et
1008 2719 1052 2739 se-

266 2751 383 2781 cundum
403 2751 520 2780 litteram
540 2759 568 2781 et
581 2754 728 2782 secundum
745 2759 864 2782 mentem
879 2755 950 2784 dicta
966 2761 1050 2788 sunt;

301 2840 325 2855 "
341 2841 419 2869 Dent.
439 2849 524 2874 sun,
547 2842 574 2870 8.

1110 242 1298 278 λογισάμενος,
1317 243 1422 278 ἐπῆρας
1435 243 1559 274 σεαυτὸν,
1581 243 1619 274 ὡς
1640 243 1785 270 ὑπολαϐεῖν
1801 243 1901 272 σαυτὸν

1110 287 1179 316 εἷναι
1195 289 1240 316 τὸν
1265 289 1351 324 μέγαν
1367 289 1440 315 νοῦν.
1466 290 1503 316 Ub
1521 289 1575 325 γὰρ
1592 289 1653 316 ἔθου
1676 290 1729 326 πρὸ
1751 289 1900 326 ὀφθαλμῶν

1110 337 1158 372 τὴν
1174 337 1285 372 εἰρήνην
1301 335 1348 362 τοῦ
1363 335 1429 362 Θεοῦ
1446 336 1494 371 τὴν
1510 337 1696 372 ὑπερέχουσαν
1714 337 1804 364 πάντα
1819 337 1899 365 νοῦν·

1111 382 1156 408 καὶ
1177 382 1284 408 πάντων
1307 381 1435 416 μέγιστον
1462 381 1577 417 νομίσας
1601 379 1670 409 εἶναι
1689 382 1795 415 ἑαυτὸν,
1812 382 1900 419 ὑπερ-

1110 426 1222 462 ηφάνοις
1230 426 1258 452 δὲ
1272 425 1420 460 ὀφθαλμοῖς
1437 426 1620 462 κατεπαρθεὶς
1635 426 1682 453 τοῦ
1699 427 1779 459 Θεοῦ,
1795 427 1900 465 διενοήο

1109 471 1159 506 θης
1181 472 1214 498 τὰ
1229 473 1292 507 ὅρια
1309 471 1364 498 τῶν
1379 471 1464 498 ἐθνῶν
1482 473 1615 507 συγχέειν,
1637 473 1655 499 ἃ
1673 474 1686 500 ὁ
1702 473 1768 506 Θεὸς
1789 473 1900 510 διώρισε

1109 518 1156 544 καὶ
1168 518 1273 551 διέταξε
1290 518 1389 550 καλῶς,
1401 528 1409 543 ι
1417 519 1480 545 Ὅτε
1491 519 1642 554 διεμέριζεν
1649 520 1712 555 ἔθνη
1727 521 1741 547 ὁ
1758 521 1900 556 ’Υψιποῇ

1108 564 1145 595 ὡς
1159 564 1311 599 διέσπειρεν
1326 564 1400 595 υἱοὺς
1419 564 1512 600 ’Λδάμ-
1530 566 1643 601 ἔστησεν
1653 566 1715 602 ὅρια
1729 567 1814 594 ἐθνῶν
1828 567 1900 594 κατὰ

1109 609 1224 645 ἀριθμὸν
1239 610 1362 644 ἀγγέλων
1377 610 1454 636 Θεοῦ.
1467 620 1475 636 ι
1491 611 1527 638 Σὺ
1539 611 1568 638 δὲ
1582 613 1615 646 τῇ
1632 612 1745 639 σεαυτοῦ
1759 612 1841 649 σοφίᾳ
1851 613 1900 640 καὶ

1107 657 1140 691 τῇ
1154 656 1349 692 πεπλανημένη
1367 656 1472 683 συνέσει
1489 657 1581 693 ᾠήθης
1596 657 1726 685 δύνασθαι
1743 659 1898 694 μεταθεῖναι

1110 701 1159 735 μὲν
1184 702 1247 733 τοὺς
1264 702 1318 728 ὑπὸ
1341 701 1388 728 τοῦ
1412 702 1479 728 Θεοῦ
1503 700 1533 729 εὖ
1557 702 1782 739 διατεταγμένους
1805 705 1896 740 ὄρους,

1109 747 1261 782 ὑποχείριον
1285 747 1314 774 δὲ
1349 747 1438 783 σαυτῷ
1462 748 1511 784 τὴν
1535 749 1697 785 οἰκουμένην
1721 750 1896 786 ποιήσασθαι.

1108 793 1216 827 Μηδένα
1240 793 1295 829 γὰρ
1321 795 1422 829 ὲῳρᾴν
1449 795 1515 830 μηδὲ
1542 795 1795 831 ἀντιλαμϐάνεσθαι,
1829 797 1898 832 μηδι

1108 837 1167 872 Θεῷ
1182 838 1288 872 μέλλειν
1304 838 1358 865 τῶν
1383 839 1428 865 ἐπὶ
1449 840 1499 875 γῆς
1520 840 1670 875 ἀνθρώπων
1696 841 1836 876 ἑνόμισαςσ
1856 841 1898 869 διὸ

1106 883 1200 919 ὧσπερ
1226 884 1341 910 νεοττῶν
1367 886 1487 920 ἐρήμων,
1512 885 1527 921 ῆ
1547 885 1607 912 ὡῶν
1629 887 1895 923 καταλελειμμένων,

1106 929 1239 960 ὑπέλαϐες
1257 931 1403 966 κρατήσειν
1419 931 1472 957 τῶν
1486 932 1531 957 ἐπὶ
1547 932 1598 967 τῆς
1618 933 1780 969 οἰκουμένης
1797 934 1892 961 ἐθνῶν.

1105 976 1150 1001 Δεῖ
1160 973 1206 1001 οὖν
1223 975 1296 1011 ὀρθῷ
1309 976 1430 1012 λογισμῷ
1445 977 1629 1013 διανοηθῆναι,
1641 979 1682 1005 ὄτι
1695 980 1740 1006 καὶ
1753 979 1842 1006 αὐτῶν
1856 977 1896 1007 ὧν

1105 1020 1270 1055 ἐκράτησας,
1295 1021 1345 1047 οῦκ
1374 1022 1437 1048 ἄνευ
1469 1022 1537 1049 Θεοῦ
1563 1023 1696 1059 νεύματος
1725 1026 1894 1061 περιεγένου.

1105 1066 1189 1094 Πόθεν
1204 1067 1258 1102 γάρ
1276 1075 1316 1093 σοι
1334 1067 1425 1103 παρῆν
1438 1068 1551 1104 τοιαύτη
1568 1069 1687 1103 ἐξουσία,
1706 1072 1743 1107 μὴ
1762 1072 1810 1098 τοῦ
1826 1072 1898 1100 θεοῦ·

1106 1112 1358 1147 συγκεχωρηκότος,
1374 1114 1421 1139 καὶ
1436 1113 1530 1150 ὥσπερ
1546 1115 1653 1151 ὀργάνῳ
1667 1116 1841 1153 χρησαμένου
1853 1126 1896 1144 σοι

1104 1156 1150 1182 ἐπὶ
1163 1156 1296 1192 τιμωρίαν
1311 1157 1359 1184 καὶ
1369 1158 1478 1185 κόλασιν
1491 1159 1546 1186 τῶν
1559 1161 1724 1197 ἐπιστροφῆς
1744 1163 1894 1198 δεομένων;

1145 1212 1154 1228 ι
1171 1203 1226 1229 Καὶ
1239 1203 1315 1230 ἔσται
1327 1203 1357 1230 τὸ
1370 1203 1428 1238 φῶς
1441 1204 1488 1231 τοῦ
1506 1205 1613 1242 Ἰσραὴλ
1627 1208 1667 1239 εἰς
1681 1207 1746 1244 πῦρ,
1757 1210 1804 1236 καὶ
1818 1210 1895 1244 ἅγιά·
1918 1219 1920 1221 ·

1105 1257 1146 1276 σει
1159 1249 1240 1276 αὐτὸν
1260 1251 1288 1275 ἐν
1305 1251 1372 1286 πυρὶ
1389 1251 1541 1287 καιομένῳ·
1556 1253 1603 1279 καὶ
1625 1255 1810 1289 καταφάγεται
1829 1255 1895 1283 ὡσεὶ

1104 1296 1202 1331 χόρτον
1219 1295 1267 1331 τὴν
1286 1296 1362 1331 ὓλην.
1378 1298 1417 1333 Τῇ
1438 1298 1529 1333 ἡμέρᾳ
1543 1299 1634 1335 ἐκείνῃ
1660 1300 1894 1337 ἀποσϐεσθήσεται

1103 1341 1138 1367 τὰ
1150 1341 1201 1376 ὅρη
1215 1343 1262 1368 καὶ
1272 1342 1296 1368 οἱ
1310 1342 1408 1377 βουνοὶ,
1425 1343 1471 1369 καὶ
1487 1345 1511 1370 οί
1525 1343 1631 1379 δρυμοί.
1648 1355 1656 1370 ι
1675 1346 1759 1378 Αὐτὸς
1777 1347 1793 1373 ὁ
1811 1347 1894 1375 πάλαι

1105 1387 1230 1420 φωτίζων
1243 1387 1288 1414 τὸν
1301 1388 1399 1414 ἑαυτοῦ
1416 1388 1478 1416 λαὸν
1492 1390 1567 1423 Θεὸς,
1586 1391 1633 1418 καὶ
1654 1393 1775 1426 ἁγιάζων
1792 1395 1875 1421 αὑτὸν
1885 1415 1892 1428 ,

1095 1433 1147 1470 ’σοὶ
1168 1432 1207 1468 τῷ
1229 1427 1395 1470 ῦπερηφάνῳ
1416 1436 1555 1471 γινόμενος
1580 1436 1646 1473 πῦρ.
1683 1439 1754 1465 Ἀντὶ
1777 1440 1806 1466 δὲ
1828 1441 1892 1473 τοῦ,

1108 1485 1116 1501 ι
1135 1477 1190 1503 Καὶ
1205 1478 1315 1512 ἁγιάσει
1330 1480 1411 1505 αὑτὸν
1429 1480 1457 1506 ὲν
1475 1481 1541 1516 πυρὶ
1565 1483 1711 1519 καιομένῳ,
1727 1493 1737 1509 ι
1752 1485 1766 1510 ὁ
1783 1484 1894 1521 Σύμμα-

1107 1531 1170 1556 χος,
1197 1532 1206 1548 ι
1227 1525 1282 1551 Καὶ
1304 1525 1319 1551 ὁ
1339 1525 1416 1559 ᾶγιος
1438 1526 1519 1553 αὐτοῦ
1546 1529 1584 1559 εἰς
1611 1528 1706 1563 φλόγα.
1730 1539 1740 1555 ι
1756 1529 1802 1557 Σοὶ
1823 1530 1892 1568 γὰρ,

1107 1569 1184 1604 φησὶ,
1201 1569 1240 1606 τῷ
1264 1571 1406 1607 Ἀσσυρίῳ,
1422 1571 1506 1608 ἀσεϐῆ
1522 1574 1569 1600 καὶ
1581 1574 1722 1611 ὑπέρογκα
1734 1575 1892 1611 λογίσασθαι

1106 1615 1294 1651 τετολμηκότι,
1305 1617 1319 1643 ὁ
1330 1617 1406 1651 ἅγιος
1425 1619 1541 1655 Ἰσραὴλ,
1557 1620 1603 1646 καὶ
1616 1621 1630 1647 ό
1647 1621 1730 1648 πάλαι
1742 1622 1799 1657 φῶς
1811 1623 1892 1650 αὑτοῦ

1107 1660 1236 1694 γεγονὼς,
1254 1663 1294 1694 εἰς
1309 1663 1395 1697 φλόγα
1418 1665 1464 1691 καὶ
1480 1666 1520 1697 εἰς
1541 1666 1596 1702 πῦρ
1610 1668 1761 1703 γενήσεται.
1784 1668 1893 1702 Βουνοτς

1106 1707 1134 1734 δὲ
1150 1708 1196 1734 καὶ
1212 1708 1286 1743 δρεσι
1300 1710 1346 1736 καὶ
1359 1710 1469 1746 δρυμοῖς
1484 1712 1644 1748 παρεικάζει
1654 1713 1752 1746 καλῶς,
1768 1714 1892 1751 αὐτήντε

1106 1751 1160 1778 τῶν
1182 1753 1332 1789 ’Δσσυρίων
1351 1755 1466 1790 πληθὺν,
1485 1756 1532 1783 καὶ
1547 1758 1610 1789 τοὺς
1623 1759 1788 1794 ι’,γουμένους
1807 1760 1892 1795 αὐτῆς

1106 1798 1152 1824 καὶ
1166 1798 1220 1825 τῶν
1235 1799 1322 1826 ἄλλων
1333 1800 1524 1836 ὑπερέχοντας,
1538 1802 1662 1840 καθάπερ
1678 1804 1787 1840 βουνοὺς
1799 1805 1814 1841 ἢ
1830 1805 1892 1842 ὅρη.

1113 1843 1182 1869 Ἀλλ’
1194 1842 1266 1871 οὗτοι
1279 1845 1328 1881 μὲν
1342 1846 1602 1883 ἀποσϐεσθήσονται,
1615 1852 1762 1883 τουτέστιν,
1773 1851 1797 1878 οι
1809 1851 1892 1878 πάλαι

1105 1889 1187 1916 δεινοὶ
1202 1891 1248 1917 καὶ
1267 1891 1373 1927 θερμοὶ,
1396 1894 1442 1920 καὶ
1459 1895 1506 1930 οὐχ
1521 1895 1628 1927 ἑκόντες
1643 1896 1889 1932 καταψυγήσονται.

1106 1935 1301 1971 Καταφάγεται
1319 1938 1373 1974 γὰρ
1390 1935 1488 1972 αὐτοὺς
1503 1940 1518 1967 ό
1537 1940 1664 1973 θάνατος,
1688 1943 1827 1978 μονονουχὶ
1845 1943 1892 1970 καὶ

1105 1980 1193 2016 ψυχὰς
1209 1982 1335 2010 δαπανῶν
1352 1985 1399 2012 καὶ
1413 1986 1502 2021 σῶμα,
1520 1987 1580 2014 ’Ότι
1599 1987 1648 2022 μὲν
1661 1987 1716 2023 γὰρ
1741 1989 1772 2015 οὺ
1796 1997 1891 2016 συναν-

1105 2026 1220 2062 ῄρηνται
1235 2030 1290 2060 τοῖς
1303 2029 1425 2065 σώμασιν
1435 2032 1565 2067 αίψυχαὶ,
1579 2033 1658 2060 παντί
1673 2043 1711 2070 τῳ
1725 2035 1809 2070 σαφές
1821 2036 1889 2063 ἐστι·

1106 2073 1272 2108 ὑπεμφαίνει
1286 2075 1314 2102 δὲ
1327 2075 1412 2111 δήπου
1426 2078 1457 2104 τὸ
1468 2078 1518 2113 τῆς
1529 2078 1618 2114 ψυχῆς
1632 2079 1767 2112 εὐσθενὲς.
1784 2082 1891 2117 Δρυμὸν

1103 2119 1132 2145 δὲ
1155 2120 1250 2154 λέγων,
1276 2122 1310 2148 τὰ
1331 2122 1419 2159 πλήθη
1436 2124 1469 2151 τὰ
1493 2125 1541 2151 σὺν
1557 2125 1596 2160 τῷ
1621 2125 1724 2160 βασιλεί
1743 2126 1891 2165 Ἀσσυρίων

1103 2164 1192 2200 δηλοῖ·
1210 2166 1358 2202 Κάρμηλον
1371 2169 1409 2202 δὲ,
1425 2169 1462 2201 ὡς
1474 2171 1487 2196 ὁ
1502 2170 1648 2207 Σύμμαχος
1659 2181 1736 2209 φησι,
1749 2174 1795 2201 τὸν
1809 2175 1890 2202 πλοῦ-

1104 2217 1149 2236 τον
1170 2211 1253 2237 αὑτοῦ
1274 2212 1320 2239 καὶ
1336 2213 1385 2249 τὴν
1405 2211 1524 2251 ’τρυφὴν,
1546 2216 1618 2252 ἅπερ
1639 2218 1726 2245 πάντα
1749 2220 1891 2253 ἀναλωθή-

1106 2255 1199 2282 σεσθαί
1224 2266 1305 2293 φησιν
1331 2260 1383 2286 ὑπὸ
1412 2262 1461 2297 τῆς
1483 2261 1646 2298 κολαπικῆς
1670 2264 1812 2300 δυνάμεως
1841 2267 1888 2294 τοῦ

1105 2303 1297 2338 προλεχθέντος
1307 2306 1400 2341 πυρὸς.

1143 2359 1150 2373 ι
1170 2350 1223 2376 Καὶ
1244 2352 1430 2385 καταφάγεται
1449 2353 1503 2380 ἀπὺ
1524 2353 1612 2389 ψυχῆς
1627 2354 1679 2386 ἕως
1701 2355 1820 2392 σαρκῶν,
1844 2357 1889 2385 καὶ

1103 2394 1178 2421 ἔσται
1191 2396 1206 2422 ὁ
1219 2396 1336 2430 φεύγων,
1354 2398 1392 2429 ὡς
1401 2399 1416 2425 ὁ
1428 2400 1534 2434 φεύγων
1547 2402 1601 2428 ἀπὸ
1623 2402 1721 2436 φλογὸς
1732 2403 1888 2438 καιομένης.

1103 2441 1158 2467 Καὶ
1183 2442 1206 2467 οἱ
1232 2443 1457 2478 καταλειφθέντες
1469 2446 1517 2472 ἀπ’
1533 2447 1622 2474 αὐτῶν
1635 2447 1750 2484 ἀριθμὸς
1772 2449 1888 2481 ἔσονται,

1105 2487 1151 2512 καὶ
1165 2487 1268 2514 παιδίον
1279 2489 1378 2523 γράψει
1396 2490 1503 2523 αὐτούς.
1521 2502 1530 2517 ι
1551 2493 1686 2525 Ἐπειδὰν,
1708 2495 1783 2530 φησὶ,
1805 2494 1888 2522 ταῦτα

1104 2530 1143 2567 τῷ
1163 2531 1296 2569 ’Δσσυρίῳ
1312 2534 1412 2570 σλμὸῇ,
1428 2535 1541 2572 δρασμῷ
1562 2539 1733 2574 χρησάμενος
1753 2540 1888 2574 φεύξεται,

1105 2576 1171 2603 οἵτε
1193 2578 1241 2604 σὺν
1262 2579 1336 2614 αὐτῷ
1361 2581 1459 2613 πάντες
1475 2582 1554 2609 τοῦτο
1568 2585 1725 2620 πράξουσιν.
1746 2587 1778 2613 Εἰ
1794 2586 1822 2613 δέ
1839 2596 1888 2614 mu

1106 2620 1217 2656 βραχεῖς
1231 2631 1301 2655 τινες
1314 2626 1528 2661 καταλειφθεῖεν,
1548 2630 1667 2656 τοσοῦτοι
1685 2631 1800 2663 ἔσονται,
1819 2633 1888 2660 ὥστε

1104 2664 1233 2694 δῦνασοαι
1247 2670 1294 2695 καὶ
1308 2670 1338 2696 τὸ
1349 2671 1428 2706 τυχὸν
1445 2673 1548 2701 παιδίον
1562 2675 1606 2701 τὸν
1614 2676 1729 2712 ἀριθμὸν
1741 2678 1831 2704 αὐτῶν
1844 2688 1888 2706 πε-

1106 2712 1236 2760 ριλαϐεῖν,
1255 2716 1302 2741 καὶ
1312 2719 1405 2753 γραφῇ
1423 2720 1599 2755 παραδοῦναι,
1611 2721 1658 2749 τοῦ
1668 2722 1761 2751 λοιποῦ
1772 2724 1889 2760 πλήθους

1105 2759 1283 2792 ἀπολωλότος.
1300 2761 1392 2790 Ταῦτα
1408 2765 1454 2792 καὶ
1467 2767 1534 2802 πρὸς
1551 2767 1622 2801 λέξιν
1635 2768 1742 2805 εἴρηται
1762 2770 1809 2798 καὶ
1820 2759 1890 2807 γπρὺς
