2059 3215
170 166 222 194 165

639 162 890 192 (ΖΟΜΜΕΝΤΑΝΑ
909 162 942 189 ΙΝ
961 161 1088 190 ISAIAM.
1107 177 1140 184 -—
1156 162 1232 189 CAP.
1254 162 1287 189 Χ.

1747 164 1795 191 166

169 225 303 253 διάνοιαν·
326 223 394 260 πρὸς
418 223 467 258 μὲν
482 223 566 255 λεςιν,
587 222 762 258 ἀνηνεγμένα
775 221 822 248 ἐπὶ
838 221 886 248 τὸν
900 221 957 248 Να-

1018 221 1157 248 menmium
1174 220 1291 248 litteram
1310 219 1432 255 quidem,
1456 221 1479 248 si
1499 221 1534 247 ad
1548 220 1795 250 Nabuchodonoso-

169 270 380 306 σουχοδονόσορ,
406 269 451 295 τὸν
475 269 656 305 ἐμπρήσαντα
677 267 724 294 τὸν
752 267 829 297 ναὸν.
837 267 885 294 καὶ
909 267 958 302 τὴν

170 317 248 344 πόλιν
259 325 267 332 ο
286 316 354 352 πρὸς
362 316 389 342 δὲ
404 315 533 346 διάνοιαν,
549 314 596 341 ἐπὶ
609 314 659 349 τὴν
674 313 866 349 ἀντικειμένην
879 313 959 339 δύνα-

173 372 229 399 μ⁴ν’
247 360 280 398 ἧς
300 362 334 389 ’⁵⁸
353 361 503 401 λελεγμένα
531 362 560 387 έν
581 361 614 395 τῇ
636 360 790 396 προφητείᾳ
809 359 958 394 meo-mc.

171 407 311 445 καθῃρέθη
335 406 432 434 αὐτίκα
449 407 465 442 ἡ
481 405 535 432 τῶν
558 405 687 432 ἐναντίων
706 404 856 440 ’Δσσυρίων
877 404 960 430 δυνα-

174 454 262 481 στεία.

212 509 222 525 ι
237 499 292 526 Καὶ
307 497 382 524 ἔσται
398 499 427 523 ὲν
441 497 474 532 τῇ
491 496 584 532 ἡμέρᾳ
612 496 720 533 ἐκείνῃ,
736 495 826 522 οὐκέτι
846 502 961 530 προσιε-

173 546 284 582 θήσεται
298 544 329 571 τὺ
356 542 537 575 καταλειφθὲν
569 541 686 578 Ἰσραὴλ.
710 541 757 568 καὶ
780 541 806 568 οἰ
830 540 962 572 σωθέντες

172 591 220 618 τοῦ
239 588 337 617 Ἰακὼϐ
351 587 442 615 οὐκέτι
456 587 492 622 μὴ
507 586 666 618 πεποιθότες
681 583 747 613 ὦσιν
764 586 813 612 ἐπὶ
824 587 886 617 τοὺς
902 585 960 612 ἀδι-

173 638 310 673 κήσαντας
334 634 443 666 αὐτοὺς,
465 633 533 660 ἀλλὰ
550 633 656 659 ἔσονται
670 632 831 664 πεποιθότες
852 632 897 659 ἐπὶ
915 631 962 658 τὸν

172 681 239 708 θεὸν
249 681 294 707 τὸν
312 680 388 713 ἅγιον
400 678 447 705 τοῦ
463 677 570 713 Ἰσραὴλ
583 678 616 713 τῇ
629 677 753 712 ἀληθείᾳ.
770 677 823 704 Καὶ
842 676 916 703 ἐσται
931 676 963 702 τὸ

173 725 351 760 καταλειφθὶν
371 723 419 750 τοῦ
443 723 540 750 Ἰακὼὸ
557 723 602 749 ἐπὶ
619 723 685 750 Θεὸν
711 723 847 758 ἰσχύοντα.
866 732 875 747 ι
893 723 962 757 Φησὶ

173 767 211 808 τῷ
228 771 328 807 καιρῷ.
344 770 405 797 καθ’
421 770 450 796 ὃν
466 769 555 796 πάντα
573 768 609 795 τὰ
626 768 808 804 προλεχθέντα
825 768 895 795 κατὰ
914 769 961 795 τοῦ

173 817 338 853 δηλωθέντος
345 815 475 851 ἄρχοντος
486 814 540 841 τῶν
557 814 706 849 Ἀσσυρίων
721 813 754 840 δι’
768 813 856 849 ἔργων
874 814 963 850 χωρή-

174 872 256 894 σειεν,
281 863 305 889 οἰ
325 860 544 897 περιλειφθέντες
559 859 606 887 τοῦ
623 859 961 894 αἰχμαλωτισθέντοςιλαοῦ

1009 274 1065 293 rem
1088 265 1252 301 referantur.
1266 266 1312 301 qui
1331 265 1460 300 templum
1484 266 1605 294 incendit
1630 272 1657 294 et
1679 268 1792 300 urbem;

1010 312 1157 339 secundum
1179 316 1295 339 mentem
1319 319 1393 344 vero,
1410 313 1432 339 si
1447 312 1480 338 ad
1493 316 1655 346 potestatem
1668 314 1794 340 adversa-

1011 357 1089 389 riam,
1105 364 1166 391 quae
1183 364 1243 384 cum
1259 364 1301 388 ea.
1317 365 1378 392 qua:
1394 358 1420 384 in
1439 357 1578 392 prophetia
1595 357 1797 392 feruntur,per-

1011 409 1089 436 pessa
1115 406 1199 433 esset,
1227 401 1445 430 adversariorum
1469 403 1644 438 Assyriorum
1674 404 1794 437 potentia

1011 448 1154 476 coniestim
1167 447 1272 475 sublata
1288 453 1341 475 est.

1045 493 1128 521 Vens.
1140 492 1186 524 20,
1198 492 1243 520 21.
1260 502 1269 517 ι
1285 492 1317 520 Ει
1334 493 1386 520 erit
1401 492 1428 519 in
1445 493 1489 519 die
1503 492 1558 526 illa,
1576 500 1628 520 non
1643 492 1712 520 ultra
1728 493 1798 527 adji-

1011 539 1098 566 cietur
1113 539 1248 565 residuum
1262 537 1353 569 lsrael.
1367 543 1396 565 et
1412 538 1456 572 qui
1473 539 1541 565 salvi
1552 539 1650 566 fuerim
1662 546 1697 566 ex
1713 539 1798 567 Jacob

1012 593 1065 612 non
1081 585 1151 612 ultra
1179 585 1306 612 llduciam
1319 585 1457 612 habebunt
1472 586 1497 612 in
1513 585 1574 613 illos
1587 586 1639 619 ,qui
1656 593 1686 612 se
1698 586 1797 621 injuria

1012 630 1177 663 aﬁecerunt;
1200 632 1247 658 sed
1273 631 1397 658 ﬁduciam
1417 631 1554 659 habebunt
1579 632 1606 659 in
1631 632 1686 660 Deo
1702 637 1799 660 sancto

1012 678 1095 705 Israel
1109 678 1136 704 in
1151 677 1277 706 veritate.
1299 677 1332 704 Et
1346 678 1398 704 erit
1415 678 1552 706 residuum
1567 678 1650 706 Jacob
1666 679 1692 706 in
1713 679 1797 706 Deum

1012 722 1120 751 lortem.
1151 732 1162 749 ι
1191 723 1250 757 Quo
1275 729 1407 758 tempore,
1429 724 1535 759 inquit,
1558 725 1686 759 prtedicta
1708 726 1798 752 omnia

1012 774 1106 796 contra
1131 774 1309 797 memoratum
1334 770 1484 805 principem
1504 771 1676 806 Assyriorum
1690 791 1699 804 ,
1718 779 1800 806 opere

1013 814 1239 848 complebuntur;
1263 814 1309 849 qui
1334 823 1367 841 ex
1382 813 1535 842 Judzcorum
1559 816 1657 851 populo
1674 816 1700 843 in
1715 817 1799 851 capti-

1013 861 1123 888 vitatem
1141 860 1259 887 abducto
1283 861 1384 888 residui
1403 866 1493 894 erunt,
1508 862 1542 889 ab
1565 862 1673 888 inimica
1691 863 1802 896 regione

173 909 228 936 τῶν
245 908 389 939 Ἰουδαίων,
405 907 456 942 τῆς
473 906 606 942 πολεμίας
626 905 718 941 χώρας
733 905 869 941 ἐλεύθεροι
883 906 961 940 γενό-

1018 907 1090 934 iberi
1107 907 1263 938 tendentes.
1286 912 1313 934 et
1328 908 1353 934 in
1373 909 1508 942 propriam
1527 911 1640 940 reversi,
1662 916 1715 935 non
1731 909 1800 935 ultra

175 963 261 991 μενοι,
274 955 322 981 καὶ
337 955 376 985 εἰς
386 953 435 989 τὴν
447 953 549 980 οἰκείαν
561 952 762 984 ἐπανελθόντες,
771 951 863 978 οὐκέτι
876 960 963 988 προσ-

175 1002 281 1034 έξουσιν
303 997 344 1033 οἷς
364 999 448 1026 πάλαι
460 1000 603 1035 προσεῖχον
624 998 733 1034 δαίμοσι
755 1000 893 1034 πονηροῖς,
907 1000 963 1031 τοῖς

175 1048 225 1079 τὰς
235 1047 323 1082 ψυχὰς
336 1047 424 1073 αὐτῶν
435 1045 586 1081 ἠδικηκόσι,
596 1046 642 1071 καὶ
653 1046 760 1072 πάντων
772 1045 862 1076 αὐτοῖς
871 1045 963 1072 κακῶν

178 1093 275 1125 αἰτίοις
293 1092 446 1127 γενομένοις
457 1101 463 1107 ·
478 1092 546 1119 ἀλλὰ
559 1092 599 1127 τῷ
611 1091 672 1127 Θεῷ
690 1091 782 1118 λοιπὸν
801 1090 962 1126 προσέξουσι

181 1139 263 1174 μόνῳ,
281 1138 329 1165 ἆτε
352 1138 474 1173 λυτρωτῇ
498 1136 545 1162 καὶ
569 1136 676 1171 Σωτῆρι
701 1135 791 1162 αὐτῶν
817 1134 962 1169 γενομένῳ.

186 1183 349 1219 Ἐπληροῦτο
360 1183 388 1210 δὲ
399 1183 446 1209 καὶ
458 1182 544 1208 ταῦτα
556 1181 624 1216 πρὸς
644 1180 716 1214 λέξιν
731 1180 801 1207 κατὰ
817 1179 907 1215 Κῦρον
919 1179 965 1206 τὸν

178 1229 289 1265 Περσῶν
306 1228 426 1264 βασιλέα,
441 1228 471 1259 ὃς
487 1228 591 1259 πάντας
609 1227 694 1261 ἀνῆκε
703 1227 766 1257 τοὺς
777 1226 806 1252 ὲν
819 1227 852 1261 τῇ
864 1226 965 1260 αἰχμα-

176 1275 260 1311 λωσίᾳ
284 1275 427 1306 Ἰουδαίους
438 1283 444 1289 ·
465 1274 526 1300 καθ’
537 1274 567 1301 ὃν
592 1272 688 1308 καιρὸν
703 1273 729 1299 οἱ
745 1272 809 1307 περὶ
822 1271 868 1298 τὸν
884 1273 966 1307 Ζορο-

176 1321 268 1352 ϐάβελ,
293 1321 340 1348 καὶ
362 1320 464 1355 Ἰησοῦν
477 1320 522 1346 τδν
544 1318 591 1346 τοῦ
611 1318 736 1345 Ἰωσεδὲκ
759 1318 806 1345 τὸν
824 1318 900 1354 ἰερέα
921 1318 966 1345 τὸν

179 1366 276 1402 μέγαν,
290 1366 316 1392 οῖ
330 1375 360 1392 τι
376 1366 435 1401 ἅμα
447 1365 486 1401 τῷ
499 1365 611 1400 Ἔσδρᾳ,
626 1365 672 1391 καὶ
685 1363 800 1399 Νεεμίᾳ,
812 1364 861 1398 τῆς
879 1363 964 1390 Βαϐυ-

176 1412 261 1443 λῶνος
280 1411 484 1444 ἐπανελθόντες,
499 1411 544 1437 τὸν
559 1411 622 1438 ναὸν
638 1410 762 1446 ἤγειραν,
775 1409 877 1445 καίτὴν
889 1410 967 1436 πόλιν

177 1457 262 1492 αὐτὴν
275 1457 459 1484 ἀνεκτίσαντο.
847 1488 849 1491 ι

215 1512 225 1528 ι
245 1503 298 1529 Καὶ
311 1502 358 1528 ἐὰν
378 1502 490 1536 γένηται
501 1502 514 1528 ό
530 1501 593 1533 λαὸς
614 1501 722 1537 Ἰσραὴλ
732 1501 769 1533 ὡς
782 1501 799 1537 ἡ
817 1501 907 1536 ἄμμος
918 1500 966 1535 τῆς

176 1547 332 1582 θαλάσσης,“
349 1547 379 1573 τὸ
394 1547 568 1582 κατάλειμμα
593 1546 683 1573 αὐτῶν
697 1546 860 1582 σωθήσεται.
885 1555 893 1572 ι
912 1545 966 1580 Τὴν

178 1595 314 1630 ἄχρηστον
332 1593 435 1628 πληθὺν
454 1593 468 1619 ὁ
481 1593 559 1627 λόγος
572 1593 699 1628 σημαίνει
722 1592 769 1619 τοῦ
792 1592 895 1624 ἔθνους,
914 1592 968 1618 τῶν
982 1590 1002 1619 C

181 1640 249 1676 μετὰ
272 1639 321 1676 τὴν
342 1639 471 1666 ἐπάνοδον
487 1639 536 1674 τὴν
555 1638 610 1665 ἀπὸ
625 1637 783 1669 Βαϐυλῶνος
801 1637 967 1673 οἰκησάντων

178 1686 226 1722 τὴν
243 1685 334 1721 χώραν
350 1685 429 1720 μέχρι
441 1684 496 1711 τῶν
516 1682 676 1719 Ῥωμαϊκῶν
692 1683 809 1718 χρόνων·
826 1679 898 1709 οὗτοι
915 1681 969 1716 γὰρ

178 1730 247 1768 ἦσαν
260 1732 297 1763 ὡς
308 1733 325 1767 ἡ
336 1731 427 1767 ἄμμος
441 1730 490 1766 τῆς
502 1729 649 1765 θαλάσσης,
661 1728 689 1762 ἐξ
705 1725 742 1756 ὧν
756 1728 842 1764 μόνων
854 1726 968 1762 διεσώθη

170 1779 209 1815 ’τὸ
225 1777 415 1813 κατάλειμμα·
432 1777 457 1803 οἰ
478 1776 507 1809 ἐξ
525 1775 614 1802 αὐτῶν
629 1775 668 1806 εἰς
689 1775 735 1801 τὸν
751 1774 868 1810 Χριστὸν
889 1781 970 1799 πεπι-

181 1823 323 1854 στευκότες
338 1822 457 1858 μαθηταὶ
471 1821 553 1848 αὑτοῦ
568 1822 613 1848 καὶ
628 1820 782 1853 ἀπόστολοι,
799 1819 845 1846 καὶ
861 1820 971 1853 εὐαγγε-

183 1869 254 1895 cui.
263 1869 383 1903 Ψάμμος
392 1868 446 1903 γὰρ
454 1867 591 1902 θαλάσσης
601 1867 632 1893 τὸ
644 1866 691 1902 μὲν
701 1865 801 1902 πλῆθος
812 1865 970 1901 ἀναρίθμη-

181 1922 228 1940 τον
239 1913 294 1948 ἔχει
306 1922 312 1928 ·
327 1913 412 1944 ἄλλως
426 1912 453 1939 δὲ
462 1913 595 1948 ἄχρηστος
613 1912 728 1947 ὑπάρχει
742 1912 808 1947 πρὸς
823 1912 968 1946 γεωργίαν.

188 1960 313 1988 Ἐπειδὰν
335 1957 381 1986 οὗν
394 1961 408 1985 ὁ
425 1958 498 1990 λαὸς,
512 1958 604 1994 φησὶν,
623 1957 731 1993 Ἰσραὴλ
755 1958 793 1988 εἰς
808 1956 909 1992 πλῆθος
924 1957 970 1984 ἀν-

182 2005 331 2042 αρίθμητον
343 2005 422 2041 χυθῇ,
434 2005 570 2040 ἄχρηστον
578 2003 606 2030 δὲ
616 2003 729 2039 γένηται
739 2004 767 2029 ὲν
781 2003 814 2038 τῇ
824 2002 894 2029 κατὰ
905 2002 971 2028 Θεὸν

182 2052 366 2089 καρποφορίᾳ,
383 2050 533 2086 τηνικαῦτα
553 2050 583 2076 τὸ
606 2050 655 2085 μὲν
680 2048 780 2084 πλῆθος
806 2048 895 2075 αὐτῶν
919 2048 971 2074 ἁπ-

182 2097 299 2126 ολεῐται·
332 2097 410 2133 μόνον
441 2096 473 2132 δὴ
499 2096 529 2122 τὸ
556 2095 732 2130 κατάλειμμα
763 2093 853 2120 αὐτῶν
884 2093 971 2128 σωθή-

183 2151 269 2170 σεται.

221 2200 230 2216 ι
256 2191 316 2217 ’Ὁτι
331 2190 410 2224 λόγον
425 2188 644 2224 συν-τετμημένον
655 2189 757 2225 Κύριος
770 2189 877 2225 ποιήσει
892 2188 920 2214 ὲν
937 2189 969 2223 τῇ

183 2237 328 2274 οἰκουμένῃ
341 2236 399 2273 ὅλῃ.
420 2246 429 2261 ι
444 2236 540 2271 Σαφῶς
551 2236 605 2272 ἄρα
618 2235 648 2262 τὸ
662 2235 827 2270 Εὑαγγέλιον
843 2234 892 2270 τῆς
903 2235 971 2261 Και-

184 2281 232 2315 νῆς
245 2281 354 2317 ᾐνίξατο
366 2281 549 2317 Διαθήκης,ὲν
561 2280 608 2316 ὅλῃ
619 2281 652 2315 τῇ
666 2279 811 2316 οἰκουμένῃ
825 2278 970 2315 κηρυχθέν.

185 2327 322 2362 Συντετμη
327 2327 406 2362 μένος
424 2326 478 2362 γὰρ
489 2324 524 2362 ἦν
535 2326 549 2352 ό
564 2326 642 2359 λόγος
655 2325 669 2351 ό
684 2323 868 2359 εὐαγγελικὺς,
883 2323 922 2358 τῷ
934 2323 971 2358 μὴ

186 2371 320 2407 περιέχειν
337 2372 424 2399 πάντα
436 2372 470 2399 τὰ
485 2370 561 2407 παρὰ
570 2370 610 2406 τῷ
624 2371 727 2405 Μωῦσῇ
743 2368 969 2405 παραγγέλματα.

187 2416 247 2443 Τῶν
259 2416 286 2443 δὲ
298 2417 483 2452 προκειμένων
501 2416 590 2452 ῥητῶν
607 2415 743 2451 μέμνηται
759 2416 806 2441 καὶ
818 2416 832 2441 ό
849 2414 972 2440 Ἀπόστο-

185 2461 242 2493 λος,
260 2461 352 2488 τοῦτον
368 2463 453 2497 λέγων
469 2463 514 2489 τὸν
525 2462 625 2498 τρόπον
636 2469 642 2476 '
656 2472 665 2487 ι
683 2462 712 2487 'O
730 2461 842 2492 Ἡσαΐας
856 2460 884 2486 δὲ
896 2459 970 2493 λέγει

187 2508 257 2544 ὑπὲρ
276 2507 322 2533 τοῦ
345 2508 466 2544 Ἰσραήλ·
494 2508 556 2535 Ἐὰν
609 2507 624 2533 ὁ
638 2506 755 2542 ἀριθμὸς
773 2506 826 2532 τῶν
840 2504 905 2532 υἰῶν
923 2504 971 2531 τοῦ

191 2553 299 2589 Ἰσραὴλ
317 2553 355 2584 ὡς
374 2554 390 2589 ὴ
413 2555 503 2589 ἅμμος
521 2554 571 2588 τῆς
593 2553 741 2588 θαλάσσης,
763 2551 794 2578 τὸ
815 2551 972 2585 ὑπόλειμμα

187 2600 349 2634 σωθήσεται.
380 2599 466 2632 Λόγον
500 2599 553 2634 γὰρ
585 2597 719 2625 συντελῶν
745 2597 791 2624 καὶ
825 2597 971 2631 συντέμνον

185 2647 294 2681 ποιήσει
312 2644 414 2680 Κύριος
430 2645 476 2670 ἐπὶ
487 2645 536 2680 τῆς
551 2645 611 2680 γῆς.
630 2655 638 2670 ι

224 2702 233 2717 ι
257 2692 305 2718 Διὰ
323 2691 401 2718 τοῦτο
417 2691 479 2717 τάδε
496 2691 567 2724 λέγει
583 2691 683 2726 Κύριος
706 2689 837 2717 Σαῦαὼθ’
856 2689 901 2724 Μὴ
922 2697 970 2722 φο-

186 2740 244 2770 ϐοῦ,
261 2740 274 2765 ό
291 2738 354 2770 λαός
369 2746 430 2773 μου,
448 2738 472 2763 οἰ
490 2737 678 2769 κατοικοῦντες
698 2738 726 2763 ὲν
743 2735 822 2768 Σιὼν,
836 2735 890 2762 ἀπὸ
909 2735 969 2761 ’Λσ‹

187 2785 295 2821 capturi,
306 2785 344 2811 ὃτι
358 2786 386 2810 ὲν
401 2783 491 2819 ῥάϐδῳ
514 2783 625 2816 πατάξει
636 2791 675 2810 σε’
691 2782 797 2818 πληγὴν
809 2782 864 2816 γὰρ
879 2782 973 2815 ἐπάγω

221 2889 243 2904 "
262 2890 336 2917 llom.
356 2897 382 2917 Ix
408 2889 452 2916 ‘27.

1014 953 1155 980 attendent
1181 953 1234 985 iis,
1256 953 1354 987 quibus
1377 959 1456 981 antea
1480 955 1600 981 animum
1626 955 1802 987 adhibebant,

1013 999 1184 1027 daemonibus
1197 1000 1334 1033 malignis,
1349 1001 1396 1035 qui
1419 1002 1524 1028 animas
1542 1009 1607 1029 suas
1624 1001 1760 1035 laeserant,
1776 1007 1803 1029 et

1014 1045 1134 1072 omnium
1154 1045 1207 1072 sibi
1221 1045 1352 1072 malorum
1364 1054 1446 1074 causa
1462 1047 1586 1080 fuerant;
1603 1048 1648 1074 sed
1671 1048 1728 1075 Deo
1745 1053 1802 1074 tan-

1015 1091 1074 1118 dem
1092 1091 1142 1118 soli
1162 1091 1382 1126 applicabuntur,
1397 1097 1490 1126 utpote
1513 1092 1559 1126 qui
1581 1093 1735 1127 redemptor
1752 1093 1802 1120 sibi

1015 1141 1041 1162 et
1060 1135 1190 1163 Servator
1209 1135 1323 1164 etl'ectus
1346 1136 1392 1163 sit.
1410 1135 1471 1163 Hac
1485 1144 1550 1162 vero
1564 1136 1653 1171 reipsa
1669 1136 1802 1171 completa

1015 1187 1076 1210 sunt
1100 1182 1163 1218 Cyri
1193 1181 1338 1210 Persarum
1364 1183 1435 1217 regis
1462 1187 1594 1216 tempore,
1625 1182 1670 1216 qui
1697 1181 1804 1210 Iudaeos

1015 1236 1109 1255 omnes
1124 1229 1151 1255 in
1164 1228 1323 1261 captivitate
1337 1233 1448 1263 agentes
1463 1228 1579 1261 remisit,
1604 1236 1666 1255 cum
1687 1227 1804 1254 Zoroha-

1017 1274 1070 1307 bel.
1086 1274 1165 1302 Jesus
1188 1275 1259 1302 ﬁlius
1277 1274 1391 1302 losedec
1411 1273 1546 1300 Sacerdos
1565 1281 1689 1308 magum,
1707 1279 1734 1300 et
1757 1273 1804 1307 qui

1016 1329 1077 1348 cum
1089 1321 1173 1348 Esdra
1189 1325 1216 1348 et
1226 1320 1357 1347 Nebemia
1372 1323 1461 1352 erant,
1479 1326 1512 1346 ex
1528 1318 1665 1354 Babylone
1683 1318 1805 1351 reversi,

1017 1366 1146 1402 templum
1163 1367 1335 1398 excitarunt,
1359 1366 1508 1400 urbemque
1525 1365 1611 1400 ipsam
1633 1369 1807 1392 restaurave-

1020 1418 1092 1441 runt.

1054 1505 1137 1533 Vens.
1151 1504 1198 1532 22.
1217 1513 1226 1531 ι
1243 1504 1277 1532 Et
1291 1503 1314 1531 si
1332 1503 1416 1531 fuerit
1430 1502 1545 1538 populus
1560 1501 1644 1530 Israel
1660 1501 1730 1529 sicut
1746 1509 1808 1528 arc-

1020 1559 1052 1578 na
1069 1550 1163 1584 maris,
1180 1550 1317 1578 residuum
1331 1548 1391 1583 ejus
1407 1549 1568 1576 salvabitur.
1584 1556 1594 1574 I
1618 1547 1806 1575 Promiscuam

1019 1603 1047 1624 et
1059 1597 1182 1625 inutilem
1199 1596 1287 1630 gentis
1302 1595 1500 1622 multitudinem
1514 1614 1522 1627 ,
1540 1601 1600 1628 quae
1615 1597 1675 1627 post
1691 1593 1806 1620 reditum

1020 1651 1052 1671 ex
1067 1642 1204 1678 Babylone
1221 1649 1309 1676 usque
1323 1641 1355 1667 ad
1375 1640 1503 1669 Romana
1522 1643 1642 1674 tempora
1668 1639 1808 1674 regionem

1021 1689 1154 1722 incoluit,
1185 1688 1287 1716 indicat
1314 1687 1493 1723 propheticus
1516 1693 1607 1713 sermo
1630 1694 1637 1712 :
1660 1685 1686 1712 hi
1710 1685 1810 1719 quippe

1020 1737 1098 1760 erant
1108 1732 1181 1759 sicut
1197 1739 1280 1758 arena
1297 1731 1379 1758 maris
1392 1750 1398 1762 ,
1414 1737 1529 1764 quorum
1548 1729 1686 1757 residuum
1703 1735 1808 1757 tantum

1020 1777 1133 1805 salutem
1164 1780 1338 1804 consecutum
1365 1781 1417 1802 est.
1444 1775 1475 1802 lii
1494 1782 1574 1809 porro
1599 1783 1632 1802 cx
1656 1774 1709 1801 illis
1731 1779 1809 1801 erant

1020 1823 1066 1857 qui
1083 1816 1109 1849 in
1125 1822 1264 1849 Christum
1280 1821 1467 1853 crediderunt,
1500 1820 1625 1854 discipuli
1649 1820 1717 1854 ejus,
1745 1827 1808 1854 apo-

1021 1868 1084 1896 stoli
1105 1872 1133 1895 et
1150 1867 1335 1902 evangelistam
1354 1866 1421 1893 Nam
1437 1874 1520 1893 arena
1537 1866 1620 1893 maris
1635 1867 1810 1894 multitudine

1021 1910 1130 1946 quidem
1150 1911 1367 1942 innumerabilis,
1384 1918 1476 1936 verum
1506 1910 1610 1937 inutilis
1625 1914 1669 1937 est
1685 1911 1718 1937 ad
1736 1912 1809 1946 agri-

1020 1957 1166 1985 culturam.
1179 1956 1246 1984 Cum
1268 1963 1333 1991 ergo
1348 1955 1461 1990 populus
1479 1955 1572 1987 lsrael,
1590 1956 1688 1991 inquit,
1701 1956 1727 1983 in
1742 1957 1810 1984 mul-

1023 2003 1165 2031 titudinem
1188 2003 1361 2030 innumeram
1377 2001 1490 2029 dillusus
1512 2002 1603 2033 fuerit,
1623 2002 1659 2029 ita
1675 2007 1763 2030 tamen
1782 2008 1812 2030 ut

1022 2049 1123 2076 inutilis
1142 2049 1177 2076 sit
1193 2049 1226 2076 ad
1240 2048 1357 2076 fructum
1379 2049 1527 2076 secundum
1546 2048 1629 2075 Deum
1644 2047 1808 2080 ferendum;

1022 2100 1084 2122 tunc
1099 2094 1242 2122 multitudo
1255 2094 1363 2130 quidem
1377 2101 1470 2120 corum
1488 2093 1599 2128 peribit,
1625 2101 1657 2121 ac
1675 2094 1739 2121 sola:
1753 2093 1811 2128 eius

1023 2141 1142 2174 reliquiae
1155 2139 1268 2167 salutem
1287 2143 1499 2174 consequentur.

1057 2186 1138 2214 Vens.
1165 2186 1210 2213 25.
1240 2195 1250 2212 ι
1279 2185 1346 2219 Quia
1373 2186 1486 2213 verbum
1513 2185 1701 2214 abhreviatum
1730 2186 1812 2214 faciet

1024 2233 1154 2260 Dominus
1169 2233 1195 2260 in
1212 2233 1336 2259 universa
1360 2238 1442 2259 terra.
1459 2242 1467 2257 ν
1484 2232 1659 2267 Ενιιιιιςειίιιιη
1677 2231 1743 2259 Νονί
1758 2232 1811 2259 'l‘e-

1025 2277 1151 2304 stamenti
1169 2277 1241 2304 clare
1264 2277 1419 2304 suhiudicat
1432 2297 1439 2309 ,
1457 2277 1528 2312 quod
1545 2278 1571 2303 in
1594 2277 1719 2304 universa
1738 2282 1810 2304 terra

1026 2324 1200 2359 praedicatum
1220 2328 1270 2351 est.
1288 2324 1481 2351 Abbrevialum
1499 2324 1597 2359 quippe
1618 2327 1678 2351 erat
1699 2323 1810 2350 verbmn

1025 2368 1210 2403 evangelicum
1225 2389 1232 2401 ,
1257 2369 1328 2402 quod
1357 2368 1450 2409 omnia
1475 2368 1576 2404 Moysis
1601 2374 1734 2404 praecepta
1756 2375 1810 2394 non

1024 2414 1263 2449 complecteretur.
1281 2413 1343 2441 Haec
1359 2414 1431 2441 dicta
1457 2418 1653 2441 conuncmorat
1676 2413 1812 2448 apostolus

1025 2461 1067 2488 his
1088 2461 1178 2488 verbis
1193 2460 1226 2493 ⁶¹,
1245 2469 1255 2485 ι
1273 2460 1373 2488 lesaias
1401 2465 1490 2487 autem
1513 2460 1578 2487 dicit
1604 2461 1638 2486 de
1660 2460 1740 2486 Israel
1759 2458 1809 2486 :Si

1024 2504 1106 2532 fuerit
1135 2513 1264 2532 numerus
1296 2505 1412 2532 ﬁliorum
1444 2504 1527 2531 Israel
1557 2511 1684 2538 tanquam
1724 2511 1809 2530 arena

1025 2551 1128 2583 maris,
1154 2551 1274 2584 reliquiae
1299 2550 1380 2577 salva:
1408 2549 1484 2578 lient.
1509 2549 1627 2577 Verbum
1646 2548 1718 2575 enim
1742 2555 1808 2574 con-

1024 2603 1173 2630 summatis,
1190 2601 1216 2623 et
1240 2596 1401 2623 ahbrevians
1421 2595 1550 2622 Dominus
1565 2594 1646 2621 faciet
1662 2601 1743 2628 super
1758 2599 1811 2620 ter-

1024 2650 1092 2669 ram.
1112 2651 1121 2668 D

1060 2686 1142 2715 Vens.
1158 2687 1206 2714 24.
1224 2686 1395 2721 ιΡτοριει-σει
1427 2685 1484 2713 lmc
1508 2684 1574 2712 dicit
1604 2684 1733 2712 Dominus
1755 2684 1807 2712 Sa-

1024 2733 1116 2765 baoth,
1133 2733 1191 2760 Noli
1211 2733 1318 2765 timere.
1334 2732 1430 2767 popule
1453 2739 1540 2764 incus,
1553 2731 1600 2765 qui
1627 2731 1755 2758 habitatis
1780 2732 1807 2759 in

1026 2779 1103 2813 Sion,
1124 2779 1158 2807 ab
1174 2779 1304 2813 Assyriis,
1318 2778 1380 2813 quia
1405 2778 1432 2805 in
1449 2778 1524 2812 virga
1538 2777 1672 2813 percutiet
1686 2781 1732 2805 te:
1746 2777 1806 2814 pla-
