2059 3215
284 147 337 176 I67

619 145 755 175 EUSEBII
773 147 1013 176 CAESARlENSlS
1031 147 1107 176 οπερ.
1128 147 1217 175 PARS
1235 146 1279 176 Ill.
1299 162 1333 167 —-
1354 146 1564 176 EXEGETICA.

1866 150 1919 180 IBS

284 213 345 238 eam
360 206 434 232 enini
451 205 577 233 inducam
601 213 681 240 super
695 211 732 237 te.
747 211 775 232 ut
795 207 888 233 videas
903 206 973 233 viam
989 191 1068 241 [Egy-

1126 206 1173 232 ὲπὶ
1191 206 1234 237 σὲ,
1253 205 1300 232 τσῦ
1320 205 1385 232 ἰδεῖν
1403 204 1461 232 ὁδὸν
1478 205 1628 239 Αἰγύπτου.
1652 215 1661 230 ι
1683 204 1814 241 Παραιλεῖ
1829 207 1920 234 τοίνυν

283 250 356 285 pii.)
376 249 508 278 Hortatur
531 250 627 285 itaque
652 258 685 278 ne
713 252 807 278 timeat
829 252 958 287 Assyrios
981 260 988 278 :
1013 259 1075 278 nam

283 299 427 322 venturum
451 295 560 329 quidem
588 296 626 321 ait
646 303 740 322 eorum
761 302 850 330 regem
875 301 902 322 et
923 296 1075 323 Jerusalem

283 346 502 376 oppugnaturum
516 348 587 372 esse,
602 345 630 367 ιιι
645 340 704 374 ejus
721 341 815 368 incolae
835 340 944 368 brevem
968 341 1074 377 plagun

283 386 470 420 experiantur,
486 393 535 414 ceu
554 386 628 420 virga
650 385 788 420 percussi;
812 390 840 412 at
861 385 935 413 illuni
959 393 989 414 re
1007 386 1076 413 infe-

283 438 326 459 cta
342 431 489 468 fugientem
504 439 676 459 reversurum
690 439 762 458 esse.
782 431 848 464 Qua:
862 431 929 459 sane
941 432 1074 467 completa

283 483 357 510 sunt,
374 478 488 505 Ezechia
505 477 560 504 lilio
584 477 676 504 Achaz
699 477 724 504 itt
747 476 895 505 Jerusalem
919 482 1069 513 regnante:

282 525 329 558 qui
346 526 387 551 vir
403 524 454 559 fuit
469 532 521 551 nmt
542 524 612 557 patri
631 524 747 556 similis,
763 527 811 552 sed
825 525 914 558 justus
935 529 963 552 et
984 526 1074 552 omni-

283 571 362 598 tnode
376 571 530 605 religiosus.
547 570 603 597 Etsi
622 570 714 605 igitur,
731 577 773 597 me
789 570 815 597 id
830 571 1014 604 permittente,
1027 579 1073 598 rex

281 624 378 644 eorum
395 618 420 644 in
441 623 467 644 te
492 618 643 651 irrumpat,
678 620 797 643 attamen
821 617 854 644 ad
876 617 1073 652 correptioncm

283 667 389 690 tantum
407 663 483 698 virga
498 663 634 698 percutiet
650 667 686 695 te,
710 669 764 689 non
788 669 850 689 cum
873 662 970 698 gladiis
985 668 1012 689 ct
1027 663 1074 689 Ita-

283 707 334 733 stis
347 707 447 734 bellico
463 715 539 734 more
555 707 644 734 victor
671 707 758 733 irritet
783 705 810 732 in
838 711 874 734 te.
901 706 965 734 llaec
992 714 1074 742 porro

282 751 368 786 virgis
385 751 486 779 inﬂicta
501 751 548 778 tibi
568 751 644 786 plaga
663 759 716 778 non
737 755 836 785 praeter
853 751 987 779 ratioaem
1005 752 1072 778 erit:

281 791 394 825 causam
406 797 506 833 quippe
517 805 567 825 cur
583 797 696 832 Assyrio
709 805 869 825 concessum
884 798 920 825 sit
936 802 965 824 ut
981 799 1073 824 mode-

280 848 341 870 rata
363 849 389 871 te
415 843 493 878 plaga
522 843 636 877 alliciat,
658 851 711 871 non
737 845 845 878 ignores
867 847 995 878 oportet:
1010 843 1072 877 quia

281 889 354 915 enint
377 888 428 915 viae
445 889 472 915 in
487 887 635 923 Egyptum
654 889 743 916 denuo
757 895 783 916 te
799 888 971 920 commisisti,
987 887 1073 915 idolo—
1088 883 1110 911 Β

280 934 367 961 intrize
390 934 491 961 Achazi
521 939 642 969 tetnpore
664 934 788 966 deditus;
806 935 866 962 ideo
894 942 942 961 vos
967 934 1071 970 Assyrii

282 979 363 1014 virga:
378 979 488 1011 tradidi,
505 984 533 1006 ut
557 981 591 1006 ad
612 987 706 1006 sanant
732 985 850 1006 tuentem
872 984 900 1007 et
916 982 1073 1006 conversio-

280 1032 342 1051 nem
357 1025 523 1052 reducerem.

315 1179 398 1207 Vsus.
411 1180 457 1213 25,
474 1180 519 1207 26.
542 1190 550 1205 ι
563 1180 658 1208 Adhuc
673 1181 745 1208 enim
776 1180 926 1216 paululum.
939 1186 965 1208 et
977 1189 1070 1209 cessa-

279 1225 321 1252 bit
337 1226 376 1252 ira
391 1234 398 1252 :
413 1225 491 1252 furor
511 1230 600 1253 autem
619 1234 695 1254 nteus
709 1234 790 1261 super
804 1227 946 1254 consilium
963 1234 1067 1254 eorum.

279 1270 313 1299 Et
337 1272 479 1299 suscitabit
506 1272 577 1299 Deus
605 1280 686 1307 super
710 1280 758 1300 eos
785 1274 934 1300 secundum
962 1273 1068 1308 plagam

279 1319 396 1346 Madiatn
415 1320 442 1347 in
455 1319 514 1347 loco
532 1320 713 1349 tribulationis
728 1330 735 1347 :
748 1325 775 1348 et
791 1320 868 1348 furor
881 1321 939 1356 ejus
952 1321 979 1348 in
997 1322 1068 1349 viant

276 1365 312 1392 ad
331 1371 417 1397 mare,
434 1366 460 1393 in
480 1366 551 1392 viain
577 1365 696 1401 Egypti.
713 1375 723 1392 ›
743 1366 770 1393 Si
789 1367 899 1401 quidem
915 1367 992 1394 vobis
1006 1375 1067 1394 cum

281 1417 344 1445 rege
361 1416 452 1438 vestro
466 1410 580 1437 Ezccltia
597 1411 630 1438 ad
650 1411 789 1438 meliorem
806 1410 912 1446 frugem
930 1417 1069 1439 reverten-

282 1456 366 1489 tibus,
379 1463 412 1483 ac
428 1455 512 1483 Deum
527 1456 747 1491 agnascentibus,
761 1456 910 1491 indignatio
930 1464 988 1484 mea
1002 1465 1068 1485 con-

278 1507 320 1528 tra
339 1508 389 1528 vos
406 1508 520 1528 accensa
544 1500 681 1528 cessabit:
697 1509 738 1529 me
753 1506 842 1528 autent
863 1507 962 1529 vestra:
985 1503 1066 1530 saluti

278 1546 479 1581 patrocinante,
499 1547 627 1582 Assyrius
646 1547 761 1581 turpiter
776 1555 825 1582 per
840 1552 959 1575 vestram
977 1550 1065 1584 regio-
1081 1566 1103 1597 ο

277 1600 352 1624 nem,
366 1599 470 1627 perque
490 1597 596 1619 vestras
617 1593 699 1620 urbes
714 1593 809 1627 fugiet,
829 1601 844 1621 a
860 1593 921 1622 loco
937 1595 963 1621 in
977 1594 1066 1622 locum

275 1645 338 1666 sese
353 1638 415 1673 fuga
433 1639 597 1666 subduceris.

312 1696 395 1724 νεεδ.
409 1696 562 1723 27-55.ιΕι
578 1697 631 1724 erit
643 1697 669 1723 in
685 1697 728 1724 die
745 1697 788 1724 illa
803 1706 810 1724 :
823 1698 960 1727 auferetur
971 1698 1066 1734 jugum

274 1744 335 1779 ejtts
346 1744 381 1772 ab
401 1745 514 1772 humero
527 1749 582 1777 tuo,
596 1749 624 1772 et
638 1744 721 1772 timor
736 1744 795 1780 ejus
806 1753 888 1780 super
906 1750 942 1780 te,
960 1751 987 1772 et
1005 1753 1067 1773 cor-

274 1796 417 1825 rumpetur
436 1790 530 1826 jugutn
555 1790 590 1817 ab
610 1791 733 1818 humeris
755 1792 865 1820 vestris.
882 1791 980 1820 Veniet
992 1793 1065 1820 enim

276 1838 303 1865 in
321 1838 458 1865 civitatein
473 1837 569 1872 Anga’,
595 1841 623 1865 et
638 1837 769 1865 transibit
789 1838 816 1864 in
841 1837 982 1874 Maggetlo,
997 1843 1025 1866 et
1038 1839 1065 1866 itt

274 1883 415 1911 Machmas
432 1887 514 1918 ponet
535 1890 600 1910 vasa
623 1890 682 1910 sua.
703 1882 738 1910 Et
764 1883 890 1911 transibit
913 1884 1022 1917 vallem,
1038 1890 1066 1912 et

272 1930 364 1957 veniet
388 1931 414 1956 in
440 1929 532 1965 Angae.
549 1928 644 1957 Timor
659 1929 847 1964 apprehendet
861 1929 944 1957 Rama
964 1931 1065 1958 civita-

274 1980 328 2003 tem
350 1975 427 2002 Sani.
450 1975 548 2010 Fugiet
571 1975 626 2002 filia
649 1975 761 2008 Gallim,
777 1975 902 2003 audietur
915 1976 940 2003 itt
958 1975 1063 2004 Laisa:

273 2021 400 2048 audietur
417 2021 443 2048 iit
467 2020 617 2048 Anathoth.
641 2020 675 2047 Et
692 2021 832 2055 obstupuit
852 2020 1013 2055 Madebena,
1036 2027 1063 2048 et

272 2067 442 2095 habitatores
456 2066 561 2094 Gibbir.
579 2066 764 2094 Consolamini
776 2067 857 2095 hodie
867 2067 894 2094 in
908 2067 950 2095 via
963 2073 991 2095 ut
1007 2077 1064 2095 ma-

273 2119 347 2141 neat.
367 2113 551 2140 Consolamini
576 2121 657 2140 manu
680 2119 810 2147 montem,
828 2115 913 2142 ﬁliam
937 2114 1015 2148 Sion,
1033 2120 1060 2142 et

272 2159 357 2187 colles
376 2159 403 2186 itt
427 2158 588 2187 Jerusalem.
608 2159 678 2187 Ecce
700 2159 856 2187 dominator
872 2160 1002 2188 Dominus
1014 2160 1060 2188 Sa-

271 2204 355 2232 baoth
382 2204 559 2233 conturbabit
585 2204 717 2240 gloriosos
742 2213 804 2233 cum
832 2205 1004 2238 fortitudine,
1035 2213 1062 2234 et

271 2249 373 2278 excelsi
395 2249 492 2284 injuria
506 2253 694 2283 conterentur,
709 2254 737 2277 et
753 2250 978 2278 humiliabuntur.
991 2261 1000 2277 ι
1020 2251 1059 2278 Tu
1078 2244 1098 2271 Β

273 2296 382 2331 quippe,
397 2295 436 2322 ait
456 2295 502 2322 ille
522 2296 649 2331 politilunt
673 2303 753 2323 suum
779 2295 931 2331 alloquens,
950 2297 1019 2324 liber
1032 2302 1059 2324 et

271 2341 345 2369 omni
365 2345 437 2368 metu
463 2347 563 2368 vacuus
581 2342 655 2368 eris:
672 2340 720 2375 qtti
747 2348 811 2369 vero
830 2340 962 2376 fugiebat,
985 2342 1060 2377 prius

270 2387 563 2427 veniWivitatetn
586 2387 685 2422 Angte;
709 2387 773 2414 inde
787 2394 852 2414 vero
868 2387 951 2415 alium
975 2389 1002 2415 in
1024 2388 1060 2415 lo-

270 2383 563 2507 veniﬁivitatem
586 2387 685 2422 Angte;
709 2387 773 2414 inde
787 2394 852 2414 vero
868 2387 951 2415 alium
975 2389 1002 2415 in
1024 2388 1059 2415 lo-

268 2435 349 2462 cum‘
447 2432 562 2469 igrabit;
589 2433 679 2467 ibique
714 2432 902 2469 defatigatus,
933 2435 1059 2462 sarcinas

270 2484 352 2507 nonet
365 2487 378 2507 ε
444 2487 451 2505 ι
469 2479 566 2506 deinde
584 2479 667 2506 istittc
687 2479 740 2506 alio
767 2480 904 2507 Iransibit.
923 2480 994 2507 unde
1010 2489 1058 2507 ve-

269 2484 352 2515 ponet
365 2479 429 2507 sius
444 2487 451 2505 ι
469 2479 566 2506 deinde
584 2479 667 2506 istinc
687 2479 740 2506 alio
767 2480 904 2513 Iransibit,
923 2480 994 2507 unde
1010 2489 1058 2507 ve-

269 2527 326 2553 niet
341 2526 368 2553 in
383 2526 477 2554 urbem
489 2533 570 2561 quam
590 2531 691 2553 vocant
705 2525 797 2553 Saulis
813 2534 820 2552 :
836 2531 926 2561 postea
943 2533 1009 2553 vero
1030 2527 1055 2553 itt

271 2573 353 2600 alium
367 2573 455 2602 locum
471 2583 478 2602 :
493 2580 576 2610 atque
591 2575 631 2602 sic
645 2575 761 2610 turpiter
771 2566 805 2602 de
820 2575 910 2602 medio
929 2574 1056 2607 tolletur;

270 2625 318 2645 vos
331 2624 420 2646 autem
433 2619 653 2652 consulabimini,
663 2624 688 2646 et
699 2619 825 2647 solatium
836 2619 987 2654 accipietis,
1004 2626 1055 2646 non

268 2665 383 2699 amplius
406 2666 578 2701 Assyriorum
601 2666 667 2701 jugo
683 2665 793 2693 subditi.
809 2665 846 2693 Ut
868 2666 941 2693 enim
967 2666 1000 2693 ab
1015 2666 1057 2692 in-

267 2715 382 2745 gruente
398 2710 496 2746 illaque
518 2712 594 2739 brevi
613 2711 788 2746 correptione
808 2719 862 2738 non
879 2711 995 2746 fugiant,
1008 2712 1054 2738 sed

267 2761 456 2790 permaneant,
482 2766 492 2782 t
505 2757 700 2790 Consolamini,
715 2767 724 2784 ι
746 2757 795 2791 ait,
821 2766 830 2782 ι
847 2757 930 2784 filiam
947 2757 1026 2792 Sion,
1043 2766 1052 2783 ι

266 2801 392 2828 videlicet
410 2801 576 2831 habitatores
591 2802 756 2831 Jerusalem.

1129 251 1166 286 μὴ
1188 251 1329 284 φοδείσθαι
1353 250 1415 281 τοὺς
1436 250 1611 286 Ἀσσυρίουςο
1628 250 1704 286 ἥξειν
1721 251 1771 287 μὲν
1791 251 1847 288 γὰρ
1871 253 1921 281 καὶ

1127 297 1352 333 ἐπιστρατεύσειν
1375 297 1446 323 κατὰ
1467 298 1517 332 τῆς
1539 297 1717 333 Ἰερουσαλὴμ
1745 298 1791 325 τὸν
1816 296 1921 326 τούτων

1127 344 1250 379 βασιλέα,
1266 344 1333 380 πρὸς
1349 343 1379 369 τὸ
1399 343 1528 379 βραχείας
1546 343 1710 379 πειραθῆναι
1725 344 1834 380 πληγῆς
1854 346 1919 378 τοὺς

1127 389 1155 414 ὲν
1176 389 1245 424 αὐτῇ
1267 388 1478 420 κατοικοῦντας,
1503 388 1598 425 ὥσπερ
1622 388 1713 425 ῥάϐδῳ
1733 389 1917 425 παιομένους·

1126 435 1267 470 ἄπρακτον
1283 434 1311 461 δὲ
1329 435 1409 462 αὑτὸν
1427 435 1621 471 ὑποστρέψειν,
1647 437 1718 472 φυγῇ
1735 435 1918 472 χρησάμενον.

1133 481 1299 517 Ἐπληροῦτο
1320 482 1348 508 δὲ
1375 482 1421 509 καὶ
1444 482 1531 509 ταῦτα
1543 482 1590 509 ἐπὶ
1610 482 1731 514 Ἐζεκίου
1755 481 1814 509 υίοῦ
1835 481 1920 517 Ἀχάς

1127 526 1314 562 βασιλεύοντος
1331 528 1360 554 ὲν
1381 527 1567 563 Ἰερουσαλὴμ,
1587 527 1684 564 ἀνδρὸς
1709 527 1871 564 γενομένου,
1886 527 1919 554 οὐ

1127 571 1198 598 κατὰ
1223 572 1269 598 τὸν
1289 572 1408 607 πατέρα,
1428 572 1532 598 δικαίου
1551 571 1579 598 δὲ
1596 568 1693 604 ἄλλως,
1707 573 1755 598 καὶ
1777 570 1919 606 θεοφιλοῦς

1126 619 1197 646 κατά
1214 620 1302 647 πάντα
1315 620 1424 656 τρόπον.
1443 620 1474 647 Ei
1488 620 1534 646 καὶ
1549 620 1583 646 τὰ
1601 620 1719 655 μάλιστα
1737 617 1799 652 οὖν,
1822 619 1917 656 φησὶν,

1125 665 1192 701 ἐμοῦ
1212 666 1414 701 ἐπιτρέποντος,
1433 667 1480 693 καὶ
1494 667 1523 693 ὲν
1541 666 1581 692 :oi
1593 665 1766 693 ἐπελεύσεται
1782 665 1796 691 ὁ
1813 665 1918 693 τούτων

1126 714 1265 749 βασιλεὺς,
1276 717 1351 751 ὅμως
1363 716 1392 742 ὲν
1416 716 1506 752 ῥάϐδῳ
1521 709 1718 752 ἐπιστρεπτικῇ
1742 715 1859 749 πατάξει
1873 723 1916 747 σε,

1127 761 1184 788 ἀλλ’
1201 762 1232 788 οὐ
1248 761 1363 797 ξίφεσιν.
1376 762 1437 788 οὐδὲ
1449 762 1543 797 δόρασι
1554 761 1673 798 πολέμου
1688 762 1763 797 νόμῳ
1774 762 1917 797 κρατήσας

1125 807 1331 840 ὲπεξελεύσεταί
1351 817 1402 836 σοι.
1424 808 1478 835 Καὶ
1498 808 1566 843 αὓτη
1584 808 1612 835 δὲ
1630 809 1646 844 ἡ
1665 808 1708 835 διὰ
1724 808 1822 844 ῥάϐδου
1843 807 1917 836 κατὰ

1126 852 1173 879 σοῦ
1190 852 1281 888 πληγὴ
1297 852 1346 879 οὐκ
1361 852 1437 878 ἔσται
1453 852 1624 888 παράλογος·
1644 851 1675 879 τὸ
1690 853 1744 888 γὰρ
1761 853 1847 880 αἴτιον
1865 852 1915 880 τοῦ

1125 898 1335 934 συγχωρηθῆναι
1364 899 1409 925 τὸν
1442 899 1583 935 Ἀσσύριον
1619 899 1790 936 πεπεισμένη
1821 898 1914 935 πληγῇ

1123 943 1277 977 χρήσασθαι
1297 943 1367 970 κατὰ
1381 943 1428 969 σοῦ
1443 944 1481 979 μὴ
1497 944 1588 977 ἀγνόει
1599 953 1605 959 ·
1628 943 1722 980 ἐπειδὴ
1739 943 1794 980 γὰρ
1809 945 1843 980 τῇ
1860 943 1916 979 ὀδῷ

1123 989 1259 1023 Αἰγύπτου
1277 990 1357 1017 πάλιν
1380 990 1493 1017 σεαυτὸν
1515 991 1679 1022 ἐκδέδωκας,
1707 990 1916 1027 είδωλολατρείᾳ

1123 1035 1318 1071 προσεσχηκὼς
1331 1036 1402 1062 κατὰ
1412 1036 1474 1068 τοὺς
1493 1036 1606 1072 χρόνους
1624 1036 1716 1072 Ἀχὰς,
1727 1036 1822 1063 τούτου
1833 1037 1915 1072 χάριν

1122 1081 1194 1117 ὑμᾶς
1209 1083 1241 1116 τῇ
1257 1081 1347 1117 ῥάϐδῳ
1363 1081 1410 1108 τοῦ
1432 1081 1574 1117 Ἀσσυρίου
1597 1081 1776 1116 παραδέδωκα
1795 1082 1836 1113 είς
1859 1090 1913 1109 σω-

1123 1127 1271 1162 φρονισμὸν
1286 1127 1333 1153 καὶ
1343 1127 1521 1162 ἐπιστροφήν.

1159 1182 1169 1198 t
1189 1173 1250 1200 Ἔτι
1266 1173 1320 1209 γὰρ
1335 1173 1433 1208 μικρὸν
1448 1175 1496 1200 καὶ
1507 1173 1642 1200 παύσεται
1657 1174 1674 1209 ἡ
1689 1174 1776 1210 ὀργή⁸
1793 1173 1846 1200 όδὲ
1863 1173 1915 1200 θυ-

1122 1220 1171 1255 μός
1189 1228 1240 1254 μου
1257 1220 1304 1246 ἐπὶ
1318 1220 1368 1255 τὴν
1391 1219 1488 1255 βουλὴν
1502 1220 1602 1247 αὐτῶν.
1627 1221 1682 1247 Καὶ
1699 1222 1790 1256 ἐγερεῖ
1808 1222 1823 1248 δ
1846 1220 1914 1252 Θεὸς

1120 1267 1163 1292 ἐπ’
1172 1266 1270 1298 αὐτοὺς
1277 1265 1347 1293 κατὰ
1354 1265 1403 1302 τὴν
1418 1265 1525 1301 πληγὴν
1537 1266 1650 1301 Μαδιάμ
1659 1267 1687 1293 ἐν
1698 1267 1775 1302 τόπῳ
1785 1266 1911 1302 θλίψεως·

1120 1311 1167 1337 καὶ
1183 1312 1197 1338 ό
1214 1311 1298 1347 θυμὸς
1310 1310 1392 1338 αὑτοῦ
1410 1312 1442 1346 τῇ
1458 1310 1510 1346 ὁδῷ
1523 1313 1556 1347 τῇ
1570 1311 1642 1338 κατὰ
1654 1312 1803 1346 θάλασσαν,
1815 1313 1856 1344 είς
1863 1311 1913 1348 τὴν

1119 1357 1178 1384 ὁδὸν
1203 1358 1251 1393 τὴν
1276 1359 1339 1385 κατ’
1351 1359 1500 1393 Αἴγυπτον.
1520 1369 1529 1384 ι
1556 1359 1773 1386 Μεταὸαλόντων
1788 1358 1838 1394 μὲν
1853 1358 1910 1394 γὰρ

1119 1403 1197 1438 ὑμῶν
1214 1404 1260 1430 ἐπὶ
1274 1403 1309 1431 τὰ
1323 1405 1450 1440 κρείττω,
1474 1405 1521 1432 καὶ
1547 1405 1594 1432 τὸν
1615 1405 1682 1432 Θεὸν
1704 1403 1911 1439 ὲπεγνωκότων,

1119 1448 1177 1484 ἃμα
1189 1449 1228 1485 τῷ
1237 1450 1362 1486 ὑμετέρῳ
1375 1450 1480 1485 βασιλεῖ
1499 1451 1618 1487 Ἐζεκίᾳ.
1631 1452 1678 1478 καὶ
1693 1453 1709 1487 ὴ
1725 1451 1912 1487 ἀγανάκτησις

1121 1505 1171 1531 μου
1189 1497 1205 1531 ἡ
1227 1496 1288 1524 καθ’
1305 1497 1382 1532 ὑμῶν
1402 1497 1551 1525 παύσεται-
1569 1498 1636 1534 ὲ.μοῦ
1657 1498 1685 1525 δὲ
1703 1499 1754 1534 τῆς
1775 1499 1912 1535 ὑμετέρας

1120 1542 1256 1578 σωτηρίας
1288 1542 1539 1579 ὑπερασπίζοντας,
1569 1542 1696 1577 φεύξεται
1724 1544 1738 1570 ὁ
1769 1542 1912 1579 Ἀσσύριος

1119 1587 1292 1623 ἀσχημόνως,
1315 1588 1359 1615 διὰ
1377 1588 1428 1624 τῆς
1448 1588 1584 1624 ὑμετέρας
1601 1588 1692 1624 χώρας
1715 1588 1762 1615 καὶ
1787 1588 1833 1615 διὰ
1856 1587 1912 1616 τῶν

1119 1634 1260 1669 ὑμετέρων
1272 1634 1375 1661 πόλεων
1388 1635 1469 1662 τόπον
1485 1636 1517 1661 ὲκ
1528 1634 1611 1661 τόπου
1626 1634 1822 1671 διαδιδράσκωτ

1156 1708 1165 1724 t
1185 1699 1240 1726 Καὶ
1257 1699 1333 1726 ἔσται
1353 1700 1383 1726 ὲν
1405 1701 1438 1736 τῇ
1456 1700 1550 1736 ἡμέρᾳ.
1575 1700 1679 1736 ἐκείνῃ,
1694 1699 1911 1736 ἀφαιρεθήσεται

1119 1744 1223 1779 όζυγὺς
1238 1745 1320 1772 αὑτοῦ
1338 1746 1392 1772 ἀπὸ
1405 1746 1452 1773 τοῦ
1472 1745 1547 1782 ὤμου
1566 1755 1624 1778 σου,
1640 1747 1687 1774 καὶ
1701 1747 1715 1773 ὁ
1726 1746 1808 1781 φόϐος
1827 1746 1910 1774 αὐτοῦ

1117 1790 1163 1816 ἐπὶ
1175 1789 1234 1822 σοῦ,
1252 1791 1298 1817 καὶ
1315 1791 1555 1828 καταφθαρήσεται
1567 1792 1581 1818 ό
1595 1791 1677 1826 ζυγὸς
1691 1793 1746 1819 ἀπὸ
1761 1792 1816 1819 τῶν
1826 1791 1910 1827 ὤμων

1118 1836 1205 1871 ὑμῶν.
1221 1835 1298 1869 Ἥξει
1315 1837 1369 1873 γὰρ
1382 1838 1422 1869 εἰς
1432 1837 1482 1873 τὴν
1496 1838 1573 1864 πόλιν
1593 1838 1700 1872 Ἀγγαὶ,
1718 1838 1765 1865 καὶ
1778 1838 1910 1874 παρελεύ-

1118 1890 1195 1909 σεται
1208 1883 1248 1914 είς
1266 1882 1412 1917 Μαγγεδὼ,
1429 1883 1476 1910 καὶ
1491 1884 1520 1910 ὲν
1533 1883 1653 1920 Μαχμὰς
1676 1883 1753 1919 θήσει
1767 1884 1801 1911 τὰ
1823 1884 1908 1920 σκεύη

1116 1927 1209 1957 αὐτοῦ,
1240 1928 1296 1955 Καὶ
1313 1929 1511 1964 παρελεύσεται
1530 1930 1677 1966 φάραγγα,
1707 1930 1754 1956 καὶ
1776 1930 1837 1966 ἥξει
1869 1931 1909 1962 είς

1122 1972 1229 2007 Ἀγγαί.
1239 1973 1323 2005 Φόϐος
1338 1974 1454 2009 λήψεται
1477 1974 1566 2010 Ῥαμὰ
1578 1974 1656 2002 πόλιν
1667 1974 1762 2002 Σαούλ.
1777 1975 1907 2008 Φεύξεται

1116 2018 1239 2055 θυγάτηρ
1254 2018 1390 2054 Γαλλείμ·
1409 2020 1593 2048 ἐπακούσεται
1617 2021 1646 2048 ἐν
1669 2021 1768 2054 Λαῖσὰ,
1784 2021 1906 2049 ἐπακού-

1116 2076 1191 2095 σεται
1208 2069 1236 2095 ὲν
1250 2068 1380 2097 Ἀναθὼθ.
1397 2070 1451 2096 Καὶ
1461 2069 1557 2105 ἐξέστη
1572 2069 1728 2107 Μαδεῶῃνὰ,
1741 2071 1788 2098 καὶ
1804 2072 1828 2098 oi
1839 2080 1907 2104 κατ-

1114 2114 1253 2146 οικοῦντες
1273 2114 1394 2151 Γιδϐείρ.
1410 2115 1596 2151 Παρακαλείτε
1615 2117 1734 2153 τήμερον
1749 2118 1778 2144 ἐν
1791 2116 1845 2153 ὁδῷ
1859 2117 1906 2144 τοῦ

1115 2161 1215 2194 μεῖναι.
1237 2161 1427 2196 Παρακαλεῖτε
1443 2163 1476 2197 τῇ
1491 2162 1564 2198 χειρὶ
1579 2162 1609 2189 τὸ
1624 2163 1687 2199 ὅρος
1699 2163 1748 2199 τὴν
1768 2164 1906 2201 θυγατέρα

1113 2205 1193 2236 Σιὼν,
1210 2206 1257 2232 καὶ
1273 2207 1297 2232 οἱ
1314 2206 1404 2241 βουνοὶ
1418 2207 1441 2234 οἱ
1455 2208 1483 2234 ἐν
1498 2208 1683 2245 Ἰερουσαλήμ.
1702 2210 1767 2237 Ἰδοὺ
1783 2211 1797 2236 ὁ
1811 2210 1907 2238 δεσπό-

1112 2259 1162 2286 της
1173 2251 1273 2287 Κύριος
1290 2251 1403 2279 Σαϐαὼθ
1418 2254 1597 2289 συνταράσσει
1610 2256 1674 2287 τοὺς
1688 2255 1811 2288 ἐνδόξους
1837 2257 1905 2292 μετὰ

1115 2297 1218 2332 ἰσχύος·
1240 2298 1287 2324 καὶ
1303 2299 1327 2324 οἱ
1342 2297 1439 2334 ὑψηλοὶ
1454 2300 1485 2335 τῇ
1501 2299 1580 2336 ὑὸρει
1604 2293 1839 2337 ουντριὸἠσονται,
1858 2303 1905 2330 καὶ

1112 2343 1371 2380 ταπεινωθήσονται.
1389 2355 1397 2370 ι
1413 2344 1447 2372 Σὺ
1467 2346 1516 2381 μὲν
1529 2344 1586 2379 οὖν,
1607 2347 1688 2384 φησὶν
1701 2347 1770 2383 πρὸς
1785 2347 1830 2374 τὸν
1841 2347 1904 2375 λαὸν

1112 2389 1206 2421 αὑτοῦ,
1226 2389 1276 2426 έσῃ
1291 2387 1435 2427 ἐλεύθερος
1450 2392 1496 2419 καὶ
1510 2393 1610 2424 παντὸς
1625 2393 1836 2429 ἀπηλλαγμένος
1857 2394 1904 2429 φό-

1112 2435 1176 2462 6ου’
1193 2437 1208 2462 ὸ
1224 2436 1253 2463 δὲ
1273 2437 1393 2471 φεύγων,
1411 2438 1543 2474 πρότερον
1562 2438 1612 2474 μὲν
1627 2439 1688 2474 ἥξει
1705 2441 1745 2471 είς
1761 2441 1811 2475 τὴν
1827 2439 1903 2466 πόλιν

1117 2481 1213 2515 Ἀγγαί
1223 2490 1229 2496 ·
1250 2479 1309 2508 εἶτα
1325 2483 1429 2509 ἐκεῖθεν
1441 2483 1638 2518 παρελεύσεται
1649 2485 1689 2516 είς
1703 2485 1796 2521 ἕτερον
1809 2485 1900 2517 τόπον,

1111 2528 1158 2554 καὶ
1169 2528 1320 2563 ἀποκαμὼν
1344 2529 1461 2557 ἐνταῦθα
1477 2530 1511 2556 τὰ
1525 2530 1608 2566 σκεύη
1619 2530 1702 2557 αὑτοῦ
1718 2531 1884 2566 ἀποϐήσεται
1893 2539 1899 2545 ·

1110 2573 1205 2600 ἔπειτα
1221 2574 1379 2610 διαϐήσεται
1406 2575 1531 2602 ἐντεῦθεν
1553 2576 1685 2612 (innixa-3'
1711 2577 1839 2604 κάκεῖθεν
1861 2579 1901 2609 είς

1109 2620 1159 2655 τὴν
1182 2621 1350 2656 καλουμένην
1379 2621 1457 2648 πόλιν
1479 2622 1579 2648 Σαούλ’
1599 2621 1659 2650 εἶτα
1680 2625 1719 2656 εἰς
1746 2625 1839 2660 ἕτερον
1856 2625 1900 2652 τό-

1110 2675 1176 2692 πον·
1205 2668 1252 2693 καὶ
1282 2667 1368 2699 οὕτως
1396 2667 1572 2703 ἀσχημονῶν,
1602 2670 1710 2705 ἀφανὴς
1737 2671 1899 2706 γενήσεται·

1109 2712 1187 2747 ὑμεῖς
1199 2713 1227 2740 δὲ
1239 2713 1513 2750 παρακαληθήσεσθε,
1523 2716 1570 2742 καὶ
1579 2716 1754 2751 παραμυθίας
1761 2716 1899 2750 τεύξεσθε,

1111 2759 1208 2794 μηκέτι
1229 2760 1404 2795 ὑποκείμενοι
1423 2760 1461 2796 τῷ
1472 2760 1546 2796 ζυγῴ
1562 2762 1615 2788 τῶν
1636 2762 1796 2797 Ἀσσυρίων.
1816 2763 1899 2799 Ὑπὲρ

1109 2805 1161 2841 γὰρ
1175 2805 1223 2832 τοῦ
1240 2806 1277 2842 μὴ
1296 2806 1407 2840 φεύγειν
1424 2807 1471 2834 καὶ
1488 2809 1632 2844 καρτερεῖν
1648 2809 1698 2844 τὴν
1716 2809 1785 2844 πρὸς
1809 2808 1900 2843 ὀλίγον
1921 2821 1926 2825 -

266 2846 482 2882 επελευσομένην
508 2848 640 2880 παιδείαν,
667 2858 675 2874 ι
702 2847 906 2883 Παρακαλείτε,
932 2857 940 2872 ι
966 2849 1049 2883 φησι,
1074 2857 1084 2874 ι
1102 2849 1152 2884 τὴν
1169 2850 1304 2886 θυγατέρα
1337 2852 1417 2884 Σιὼν,
1433 2863 1442 2878 ι
1477 2853 1576 2889 δηλαδὴ
1593 2853 1655 2885 τοὺς
1675 2854 1847 2888 ἐνοικοῦντας
1866 2855 1899 2891 τῇ

280 2891 458 2929 ιερουσαλημ.
480 2892 483 2895 ’
