2059 3215
143 178 195 206 N39

610 179 857 208 COMMENTARIA
880 179 913 206 IN
934 179 1058 207 ISAIAM.
1081 196 1112 200 —-
1133 179 1207 207 CAP.
1230 179 1275 207 ΧΙ.

1714 181 1765 208 HO

181 244 191 261 ι
211 235 266 261 Καὶ
282 234 426 264 πεσοῦνται
443 237 466 264 ei
486 237 583 273 ὑψηλοὶ
603 238 739 274 μαχαίρᾳ-
758 239 772 265 ὁ
789 238 816 265 δὲ
841 239 924 265 Λίῦα-

1013 236 1094 264 Vens.
1110 237 1154 265 54.
1173 246 1181 262 ι
1198 237 1227 264 Et
1259 236 1353 264 cadent
1376 238 1475 264 excelsi
1500 237 1586 271 gladio
1626 236 1765 266 .Libanus

141 290 187 314 νος
199 282 246 309 σὺν
265 282 317 314 τοῖς
336 282 446 318 ὑψηλοῖς
466 285 599 311 πεσεῖται.
618 294 627 310 ι
644 284 714 321 Ἥρα
731 285 758 311 δέ
775 293 833 320 μοι.
849 285 929 316 ὅσους

141 327 190 354 καὶ
203 326 299 359 ὁσάκις
319 327 436 363 ὑψηλοὺς
450 328 590 364 ὠνόμασεν
601 337 608 344 ·
625 326 661 356 ὧν
684 329 713 356 τὸ
733 328 860 365 σύστημα
888 329 928 364 τῷ

141 372 261 408 Λιϐάνῳ,
281 373 326 400 καὶ
342 374 402 405 ταῖς
418 374 446 400 ὲν
459 374 533 409 αὐτῷ
546 374 726 409 ύψηλοτάταις
739 375 845 410 κέδροις
874 375 928 409 ὰφ-

141 420 238 455 ομοιοῖ.
249 418 293 446 Διὺ
308 419 413 455 είρηται
424 420 555 455 ἀλλαχοῦ·
575 430 584 446 ι
601 419 677 448 Εἶδον
685 420 731 447 τὸν
745 421 830 457 άσεόῆ
845 421 930 456 ὑπερ-

142 465 292 501 υψούμενον
330 466 377 492 καὶ
412 466 589 502 ἐπαιρόμενον
609 466 647 499 ὡς
673 467 723 498 τὰς
751 467 861 502 κέδρους
881 467 929 495 τοῦ

142 511 277 539 Λιϐάνου⁴
303 520 313 537 ι
331 512 377 538 καὶ
403 511 432 538 ὲν
455 512 540 548 ἑτέρῳ
564 512 662 540 πάλιν·
683 522 693 538 ι
720 512 797 548 Φωνὴ
825 512 928 549 Κυρίου

143 556 332 592 συντρίϐοντος
357 557 480 592 κέδρους,
508 557 555 584 καὶ
582 557 718 593 συντρίϐει
743 557 845 593 Κύριος
880 558 930 590 τὰς

142 603 254 638 κέδρους
279 602 325 628 τοῦ
347 603 478 630 Λιϐάνου·
504 603 552 630 καὶ
567 604 692 631 λεπτυνετ
714 603 798 636 αὑτὰς
820 604 858 636 ὡς
883 603 929 631 τὸν

143 649 244 685 μόσχον
257 648 303 675 τὸν
316 648 439 675 Λίὸανον.
461 659 470 674 ι

402 694 601 722 ΚΕΦᾹΛΔΙΟΝ
619 696 671 722 IA'.

183 751 191 766 ι
211 741 268 767 Καὶ
293 739 462 774 ἐξελεύσεται
485 741 581 776 ῥάϐδος
595 741 627 767 ὲκ
648 742 697 777 τῆς
714 741 792 777 ῥίζης
814 740 926 773 Ἰεσσαὶ,

142 786 190 814 καὶ
219 786 298 818 ἄνθος
328 786 361 813 ὲκ
385 786 435 821 τῆς
460 780 538 822 ῥίζης
563 786 737 822 ἀναϐήσεται.
762 797 771 813 ι
794 786 856 818 Πῶς
873 787 928 814 τῶν

142 831 351 868 προειρημένων
370 831 496 858 ἁπάντων
513 831 588 858 ἐσται
607 831 736 868 συντρισὴ
752 832 800 858 καὶ
814 832 926 864 πτῶσις,

143 878 309 914 παρίστησιν
331 877 410 912 ἑξῆς,
434 878 466 904 ὲκ
489 877 567 913 ῥίζης
594 878 693 905 Ἰεσσαὶ
717 877 927 914 προελεύσεσθαι

132 923 242 958 ¹ὸάσὸον
255 922 392 956 Θεσπίζων
401 932 408 938 ·
424 923 485 958 ἥτις
498 923 603 958 ράὃδος,
618 923 722 955 πάντας
733 924 795 955 τοὺς
812 923 930 959 ὑψηλοὺς

144 962 322 1004 συπρίψασαῖ,
354 967 528 995 ταπεινώσει.
554 968 600 995 Διὸ
628 968 825 1004 ἑπισυνῆπται·
845 978 854 994 ι
876 969 930 995 Καὶ

144 1013 316 1048 ἐξελεύσεται
334 1014 432 1050 ράὃδος
444 1014 477 1041 ὲκ
492 1014 542 1049 τῆς
562 1014 640 1049 ῥίζης
660 1015 768 1041 Ἰεσσαί.
786 1024 795 1040 ι
819 1015 891 1042 ’Λντὶ
901 1015 930 1042 δὲ

144 1059 205 1091 τοῦ,
226 1069 235 1085 ι
253 1061 285 1087 ὲκ
299 1060 348 1095 τῆς
362 1059 450 1096 ῥίζης,
466 1070 475 1086 ι
491 1074 524 1079 -
541 1069 551 1085 ι
570 1060 624 1086 ἀπὸ
636 1059 739 1096 κορμοῦ
750 1070 759 1086 ι
779 1060 930 1096 συμφώνως

146 1105 323 1140 ἡρμήνευσαν
345 1106 368 1131 οἱ
383 1105 480 1132 λοιποί.
503 1105 559 1131 Καὶ
581 1104 635 1141 γὰρ
659 1103 726 1143 ἦνή
750 1106 820 1141 φυλὴ
847 1105 894 1133 καὶ¹
913 1106 930 1142 ἠ

148 1150 252 1184 πατριὰ
266 1149 294 1183 ἐξ
305 1148 338 1186 ἦς
349 1150 482 1186 προῆλθεν
494 1151 508 1176 ὁ
524 1150 628 1186 Σωτὴρ,
646 1150 738 1185 ὥσπερ
754 1159 796 1182 τις
812 1151 929 1187 κορμὸς,

148 1197 248 1232 μηκέτι
268 1197 379 1229 κλάδους
400 1197 480 1233 ἔχων,
499 1197 542 1224 διὰ
562 1197 592 1223 τὺ
609 1198 793 1225 ἐκλελοιπέναι
810 1199 874 1230 τοὺς
899 1198 931 1224 ὲκ

144 1242 271 1278 διαδοχῆς
296 1243 378 1271 Δαυτδ
395 1244 521 1279 βασιλέας
547 1244 614 1280 μετὰ
639 1244 688 1280 τὴν
715 1245 755 1276 είς
779 1244 926 1271 Βαϐυλῶνα

144 1288 347 1324 αἰχμαλωσίαν·
370 1289 411 1316 διό
435 1298 478 1326 μοι
506 1289 579 1316 δοκεί
593 1289 696 1325 κορμὺς
718 1289 875 1325 ὠνομάσθαι
901 1289 932 1316 τὸ

143 1335 215 1362 κατά
231 1335 320 1371 σάρκα
335 1335 414 1370 γένος
421 1336 468 1362 τοῦ
476 1335 568 1367 Δαυῖδ,
582 1332 612 1362 οὗ
621 1335 733 1371 ὀπατὴρ
746 1333 780 1371 ἦν
793 1337 807 1362 ὁ
823 1334 931 1362 Ἰεσσαί.

144 1380 198 1408 Τὸν
222 1381 316 1416 χρόνον
337 1381 427 1409 τοίνυν
455 1381 515 1408 καθ’
530 1381 560 1408 ὃν
584 1382 617 1409 τὰ
642 1381 830 1418 προειρημένα
844 1381 931 1413 ἔσται,

143 1426 288 1461 παριστὰς,
315 1427 442 1454 συνάπτει
459 1427 507 1462 τὴν
521 1428 560 1460 είς
573 1427 732 1463 ἀνθρώπους
749 1428 864 1463 πάροδον
883 1428 931 1454 τοῦ

143 1471 263 1508 Χριστοῦ
280 1473 383 1508 σφόδρα
403 1472 548 1508 εὐκαίρως.
578 1472 685 1508 Ἐπειδὴ
705 1472 760 1508 γάρ
776 1473 933 1508 προεδίδαξε

142 1517 187 1543 διὰ
204 1517 257 1544 τῶν
273 1517 427 1553 ἐμπροσθεν
445 1518 479 1545 τά
497 1518 561 1555 περὶ
573 1518 624 1554 τῆς
641 1519 672 1545 ὲκ
683 1518 821 1554 Παρθένου
838 1519 934 1553 γεννή-

980 287 1071 309 autem
1089 289 1148 309 cum
1165 281 1278 310 excelsis
1294 283 1384 308 cadet.
1400 293 1409 307 ι
1431 282 1496 309 Vide
1509 282 1575 309 mihi
1599 290 1678 317 quam
1693 291 1764 318 saipc

979 334 1005 355 et
1022 329 1127 362 quoties
1140 327 1264 355 excelsos
1281 327 1412 359 nominet,
1425 335 1540 363 quorum
1557 333 1658 355 ecetnm
1681 328 1764 355 Liba-

980 381 1014 401 no
1025 378 1052 401 et
1066 373 1124 407 ejus
1135 372 1274 400 altissimis
1287 373 1376 400 cedris
1389 373 1505 400 similem
1522 373 1597 400 dicit.
1618 372 1709 407 Quare
1723 373 1764 400 di-

979 425 1052 447 ctum
1079 423 1120 446 est
1146 418 1209 446 alibi
1223 419 1265 446 "2
1283 428 1292 444 ‹
1309 417 1367 445 Vidi
1387 419 1497 453 impiutn
1514 418 1764 454 superexaltatum.

978 469 1007 492 et
1029 465 1161 492 elevatum
1188 464 1257 492 sicut
1281 464 1376 491 cedrus
1401 463 1513 497 Libani;
1529 474 1538 490 ι
1571 468 1598 491 et
1621 463 1687 491 alias
1714 463 1766 490 ite-

980 518 1038 538 rum
1049 510 1072 526 "
1088 518 1094 536 :
1112 519 1121 535 ι
1141 508 1200 537 Vox
1212 509 1316 537 Domini
1331 509 1527 546 confringentis
1543 510 1650 542 ccdros,
1662 515 1689 536 et
1705 516 1768 537 cuu-

979 555 1074 590 l'ringit
1101 554 1228 582 Dominus
1245 555 1340 582 cedros
1357 554 1452 582 Libani
1467 563 1474 581 :
1490 559 1518 582 et
1534 555 1700 582 comminuet
1718 561 1767 581 eas

980 605 1107 635 tanquam
1120 601 1231 628 vitulum
1247 599 1388 628 Libanum.
1403 610 1412 627 I

1285 692 1402 721 CAPUT
1421 691 1466 720 ΧΙ.

1015 738 1098 767 Vens.
1108 740 1134 767 l.
1155 748 1165 766 ι
1181 739 1214 767 Et
1226 739 1381 773 egredietur
1393 739 1465 774 virga
1479 739 1512 766 de
1531 740 1622 767 radice
1632 739 1726 774 Jessm,
1741 746 1770 770 et

979 783 1027 813 llos
1051 787 1084 813 de
1108 786 1199 813 radice
1225 786 1365 812 ascendet.
1377 794 1386 811 ι
1405 784 1464 817 Quo
1478 790 1556 820 pacto
1573 786 1766 820 prtedictornm

979 832 1100 859 omnium
1115 832 1245 859 contritio
1261 835 1287 858 et
1304 831 1380 858 ruina
1402 831 1490 858 futura
1510 831 1546 858 sit.
1567 831 1665 859 deinde
1684 832 1770 859 det-la-

981 881 1042 909 rat;
1058 885 1090 904 ex
1107 877 1202 903 radice
1225 875 1309 904 Jessa:
1327 876 1493 910 prodituram
1508 877 1610 911 virgam
1627 885 1687 905 esse
1702 877 1770 904 vati-

983 922 1078 950 cinans
1094 931 1100 950 :
1115 930 1175 957 qua:
1187 922 1260 957 virga
1280 930 1375 950 omnes
1396 923 1525 950 sublimes
1543 927 1665 950 conteret
1681 929 1708 951 et
1720 923 1770 950 hu-

983 967 1108 995 miliabit.
1135 967 1224 1001 Quare
1251 967 1364 995 subdit:
1383 977 1391 993 ί
1409 968 1440 995 Et
1466 969 1623 1003 egredietur
1639 969 1715 1004 virga
1737 970 1769 996 de

982 1013 1072 1041 radice
1089 1013 1182 1041 Jessaa.
1200 1023 1209 1040 ι
1229 1013 1281 1041 Pro
1300 1014 1346 1041 illo
1367 1019 1466 1046 autem,
1484 1023 1493 1040 ι
1522 1015 1555 1042 de
1584 1016 1685 1048 radice,
1698 1025 1707 1042 ι
1726 1024 1768 1043 re-

982 1059 1048 1094 liqui
1080 1067 1175 1088 omnes
1204 1059 1378 1094 interpretes,
1405 1068 1443 1087 ta
1463 1066 1558 1088 trunco
1574 1071 1583 1087 ι
1617 1067 1768 1089 verterunt.

982 1105 1090 1133 Etenim
1116 1106 1203 1133 tribus
1225 1110 1253 1133 et
1276 1106 1388 1139 familia,
1406 1114 1439 1134 ex
1452 1114 1504 1142 qua
1521 1107 1645 1134 Salvator
1656 1108 1768 1142 prodiit,

983 1157 1032 1178 ceu
1049 1151 1159 1185 quidam
1178 1157 1290 1179 truncus
1303 1156 1372 1185 erat,
1393 1152 1435 1186 qui
1452 1153 1568 1179 nomlmn
1591 1159 1681 1180 ramos
1702 1154 1769 1180 emi-

983 1201 1070 1228 serat,
1085 1197 1148 1231 quia
1163 1201 1222 1231 post
1248 1197 1435 1232 captivitatem
1450 1198 1476 1224 in
1489 1197 1638 1233 Babylone,
1654 1206 1687 1226 ex
1704 1206 1769 1226 suc-

982 1243 1107 1270 cessione
1136 1242 1244 1270 Davidis
1269 1250 1347 1278 reges
1373 1243 1549 1275 del'eeerant',
1579 1243 1642 1270 ideo
1663 1243 1770 1270 videtur

984 1287 1050 1314 mihi
1070 1293 1181 1315 truncus
1197 1288 1288 1315 vocari
1313 1296 1398 1323 genus
1424 1288 1534 1315 Davidis
1547 1289 1698 1316 secundum
1713 1296 1769 1316 car-

983 1341 1055 1364 nem,
1071 1333 1148 1368 cujus
1168 1338 1246 1368 pater
1260 1338 1319 1360 erat
1340 1332 1435 1361 Jesste.
1460 1333 1577 1368 Tempus
1606 1333 1698 1368 itaque
1716 1341 1770 1368 quo

986 1378 1029 1405 illa
1046 1379 1123 1414 prius
1139 1384 1289 1406 memorata
1318 1378 1406 1405 l'utura
1425 1384 1491 1406 sunt
1507 1379 1660 1412 declarans,
1676 1381 1770 1406 admo-

987 1424 1050 1451 dum
1065 1429 1217 1459 opportune
1231 1424 1331 1451 Christi
1345 1424 1379 1451 ad
1400 1424 1524 1452 homines
1541 1426 1686 1452 adventum
1706 1425 1770 1452 sub-

982 1470 1082 1506 jungit.
1097 1470 1164 1504 Quia
1187 1470 1259 1498 enim
1288 1471 1315 1497 in
1330 1471 1544 1505 praecedentibus
1557 1478 1589 1499 ea
1602 1478 1662 1505 quae
1675 1471 1709 1498 ad
1724 1478 1769 1498 or—

985 1521 1040 1544 ttun
1054 1524 1086 1543 ex
1106 1516 1215 1552 Virgine
1238 1515 1398 1552 spectabant
1420 1516 1579 1550 edocuerat,
1595 1521 1676 1552 atque
1690 1524 1769 1544 voca—

145 1570 224 1594 σεως,
235 1563 284 1594 τάς
296 1572 324 1590 τε
337 1563 497 1599 ἐπωνύμους
509 1563 692 1600 προσηγορίας
708 1562 762 1590 τῶν
774 1563 930 1600 ὲπινοουμέ-

987 1563 1049 1590 bula
1067 1563 1250 1598 intelligibilcs
1272 1563 1332 1598 ejus
1356 1564 1471 1590 virtutes
1486 1563 1633 1590 indicantia
1655 1564 1770 1598 protule-

144 1617 198 1635 νων
213 1610 241 1634 ἐν
250 1609 323 1644 αὺτῷ
336 1609 487 1645 δυνάμεων,
502 1609 657 1642 ἀκολούθως
675 1610 720 1636 ἐπὶ
731 1609 777 1636 τοῦ
788 1609 930 1644 παρόντος,

145 1652 176 1686 ἐξ
194 1654 286 1681 ὁποίου
304 1655 407 1689 γένους,
430 1656 478 1682 καὶ
505 1655 585 1687 ποίας
608 1655 696 1690 φυλῆς
725 1655 931 1691 προελεύσεται,

143 1699 225 1725 ὁποῖὰ
240 1707 269 1725 τε
284 1699 452 1736 κατορθώσει
469 1701 486 1737 ἠ
504 1701 545 1732 είς
569 1700 731 1737 ἀνθρώπους
759 1701 840 1729 αὐτοῦ
861 1702 932 1738 πάρ-

143 1744 214 1777 οδος,
232 1747 432 1781 ιιιροαναφωνεῖ.

183 1801 193 1818 ί
216 1793 271 1820 Καὶ
290 1793 475 1819 ἀναπαύσεται
492 1793 535 1820 ἐπ’
547 1793 630 1820 αὑτὸν
650 1793 763 1830 Πνεῦμα
782 1793 829 1820 τοῦ
851 1793 930 1825 Θεοῦ,

144 1838 256 1873 πνεῦμα
281 1838 375 1872 σοφίας
401 1839 447 1865 καὶ
473 1839 615 1872 συνέσεως,
641 1839 751 1874 πνεῦμα
771 1840 868 1876 βουλῆς
885 1840 932 1867 καὶ

146 1883 251 1919 ἰσχύος,
273 1884 382 1919 πνεῦμα
397 1884 524 1918 γνώσεως
546 1886 592 1911 καὶ
614 1886 770 1918 εὺσεὸείας·
795 1887 932 1922 ἐμπλήσει

145 1930 229 1956 αὐτὸν
239 1929 347 1964 πνεῦμα
362 1929 445 1964 φόὸου
458 1928 536 1956 Θεοῦ.
546 1930 583 1956 Ob
592 1931 661 1957 κατὰ
673 1931 722 1966 τὴν
735 1931 813 1965 δόξαν
826 1933 930 1968 κρινεῖ,

144 1975 205 2002 οὐδὲ
220 1976 290 2002 κατὰ
309 1976 359 2010 τὴν
380 1974 475 2001 λαλιὰν
493 1974 605 2009 ἐλέγξει.
626 1985 635 2001 ι
650 1975 762 2012 Εὖροιεν
782 1977 836 2013 γὰρ
854 1977 886 2004 ἂν
906 1978 931 2004 oi.

145 2020 268 2052 θέλοντες
276 2021 350 2052 ὅπως
359 2021 373 2047 ὸ
386 2020 482 2057 Σωτὴρ
494 2020 572 2056 ήμῶν
586 2021 632 2047 καὶ¹
645 2021 746 2058 Κύριος
759 2022 789 2048 οὺ
803 2022 872 2049 κατὰ
884 2023 932 2058 τὴν

145 2065 223 2097 δόξαν
237 2065 337 2102 ἔκρινε.
351 2066 472 2102 Μηδενὺς
484 2066 538 2102 γὰρ
548 2066 690 2101 πρόσωπον
703 2066 848 2102 λαμϐάνων
864 2067 886 2102 (l
892 2067 930 2102 6),

146 2111 243 2147 ἧλεγχε
258 2113 305 2138 σὺν
317 2111 459 2148 παρρησίᾳ
474 2112 557 2147 πολλῇ
574 2111 638 2138 ποτὲ
657 2111 707 2148 μὲν
722 2113 785 2144 τοὺς
796 2121 914 2149 γραμμα

143 2159 200 2189 τεῖς
213 2158 259 2184 καὶ
270 2158 443 2194 Φαρισαίους,
462 2158 526 2184 ποτὲ
542 2158 570 2184 δὲ
584 2159 646 2190 τοὺς
662 2159 800 2195 ἀρχιερεῖς
809 2159 882 2186 ἔνδον
901 2160 930 2187 ἐν

144 2204 184 2239 τῷ
200 2203 266 2239 ναῷ,
279 2201 320 2235 οἷς
342 2205 389 2231 καὶ
415 2204 523 2238 ἔλεγεν*
541 2214 549 2231 ι
574 2204 734 2240 Ἀρθήσεται
753 2205 889 2241 ἀφ’ὐμῶν
912 2207 929 2242 ὴ

145 2249 278 2285 βασιλεία,
292 2250 339 2277 καὶ
351 2250 491 2286 δοθήσεται
506 2250 575 2277 ἔθνει
593 2250 714 2277 ποιοῦντι
727 2251 790 2283 τοὺς
805 2252 929 2287 καρποὺς
947 2264 966 2290 ο

143 2296 238 2331 αὐτῆς.
259 2305 269 2322 ι
292 2296 360 2322 Ἀλλ’
369 2296 428 2323 οὐδὲ
439 2296 508 2323 κατὰ
522 2296 570 2331 τὴν
585 2296 678 2323 λαλιάν
693 2297 806 2332 ήλεγχεν
816 2306 823 2312 ·
838 2298 863 2324 οἱ
880 2297 930 2333 μὲν

142 2340 199 2375 γὰρ
215 2341 366 2376 προσῄεσαν
374 2341 450 2378 αὐτῷ
464 2342 588 2375 λέγοντες
598 2351 605 2358 ο
622 2352 630 2368 ι
645 2342 803 2375 Διδάσκαλε,
815 2343 925 2378 οἴδαμεν

143 2385 186 2412 δτι
205 2385 306 2421 ἀληθὴς
322 2384 356 2417 εἶ,
374 2396 383 2412 ι
402 2387 449 2413 καὶ
461 2387 495 2413 τὰ
507 2386 580 2422 ἑξῆς.
600 2387 630 2413 '0
642 2387 669 2413 δὲ
685 2388 715 2414 οὺ
732 2387 803 2414 κατὰ
817 2387 866 2422 τὴν
879 2387 927 2414 λα-

142 2430 205 2457 λιὰν
219 2430 307 2457 αὐτῶν
321 2431 418 2468 ἧλεγχε
429 2441 436 2448 ’
451 2432 491 2459 διὸ
510 2432 589 2464 εἰδὼς
606 2433 654 2465 τὰς
671 2433 802 2470 πονηρίας
825 2433 925 2466 αὐτῶν,

142 2476 234 2512 ἔλεγε·
251 2486 260 2502 ι
279 2477 311 2503 Τί
328 2486 362 2512 με
376 2478 528 2514 πειράζετε,
545 2478 707 2515 ύποκριταίς
723 2489 732 2504 ι

180 2575 190 2592 t
211 2565 292 2593 Ἀλλὰ
310 2567 398 2603 κρινεῖ
419 2568 538 2603 ταπεινῷ
552 2568 653 2604 κρίσιν,
674 2569 720 2596 καὶ
736 2568 840 2603 ἐλέγξει
866 2570 929 2601 τοὺς

142 2613 284 2644 ταπεινοὺς
295 2613 345 2647 τῆς
357 2611 418 2647 γῆς,
430 2613 475 2640 καὶ
490 2613 605 2646 Δκατάξει
620 2614 669 2650 τὴν
682 2614 733 2649 γῆν
749 2614 788 2650 τῷ
801 2614 872 2650 λόγῳ
883 2614 929 2641 τοῦ

143 2657 276 2692 στόματος
289 2657 382 2684 αὑτοῦ.
407 2666 417 2683 ι
439 2657 554 2693 Νοήσυις
567 2658 595 2685 δὲ
609 2659 650 2690 τὸ,
670 2669 679 2685 ι
697 2659 814 2692 Πατάξει
826 2661 876 2696 γῆν
891 2660 932 2696 τῷ

141 2701 213 2738 λόγῳ
233 2702 278 2729 τοῦ
295 2703 429 2738 στόματος
445 2701 538 2734 αὑτοῦ,
562 2712 572 2729 ι
595 2703 642 2730 καὶ
657 2703 754 2735 ἄλλως,
779 2704 932 2737 ἐπακούσας

177 2758 282 2786 "Psal.
311 2766 405 2791 um,
422 2757 468 2786 55.
507 2758 530 2774 "
546 2758 615 2786 Psal.
638 2768 735 2790 xxvnt.
754 2761 781 2787 5.

176 2819 233 2855 (16)
250 2818 429 2855 Hieronymus
441 2819 475 2846 ad
490 2819 560 2846 hunc
569 2820 656 2847 locum
667 2821 706 2849 sic
721 2820 816 2850 Latine
829 2822 922 2850 Graeca

144 2855 294 2892 transmitt,
310 2863 329 2892 ι.
343 2854 446 2892 Nullius
465 2862 538 2892 enim
553 2862 700 2892 personam
724 2857 822 2892 accipit
837 2859 862 2885 in
875 2858 922 2892 ju—

143 2890 214 2918 dicio
228 2898 234 2917 :
247 2890 295 2916 sed
313 2888 419 2916 Scribis
435 2894 463 2917 et
479 2890 623 2917 I’barisaais
640 2898 671 2918 ac
688 2888 856 2927 principibus
875 2888 922 2921 lo-

281 2936 417 2968 PATROL.
431 2938 491 2968 (in.
509 2938 627 2969 XXIV.

819 2761 843 2776 “
858 2761 952 2789 Matth.
971 2770 1027 2795 χχι,
1045 2763 1089 2790 45.

985 1613 1043 1642 rat;
1058 1613 1255 1644 consequenter
1269 1609 1296 1636 in
1312 1610 1437 1644 praesenti
1453 1617 1506 1643 quo
1520 1617 1552 1637 ex
1577 1617 1675 1644 genere
1689 1614 1716 1637 et
1734 1617 1768 1636 ex

984 1662 1036 1689 qua
1054 1655 1137 1687 tribu,
1155 1663 1215 1689 qua:
1242 1663 1324 1690 opera
1356 1656 1414 1690 ejus
1439 1656 1472 1682 ad
1500 1655 1624 1683 homines
1638 1656 1770 1683 adventus

983 1701 1106 1729 editurus
1121 1702 1167 1735 sit,
1179 1703 1353 1737 praenuntiat.

1018 1793 1100 1820 Vens.
1116 1794 1144 1826 2,
1159 1793 1187 1822 5.
1207 1803 1216 1821 ι
1231 1793 1262 1822 Ει
1286 1795 1436 1829 requiescet
1463 1802 1544 1829 super
1566 1802 1628 1822 cum
1652 1794 1769 1830 Spiritus

985 1839 1044 1873 Dei,
1071 1841 1182 1874 spiritus
1211 1841 1352 1874 sapientia:
1372 1846 1400 1868 et
1428 1841 1626 1875 intelligentim,
1652 1841 1767 1875 spiritum

983 1885 1090 1913 consilii
1104 1891 1131 1913 et
1148 1886 1325 1916 fortitudinis.
1340 1887 1452 1921 spiritus
1465 1887 1586 1913 scientia
1605 1891 1632 1913 et
1649 1887 1769 1921 pietatis.

983 1932 1107 1966 Replebit
1121 1939 1183 1959 eum
1208 1932 1320 1967 Spiritus
1348 1932 1452 1960 timoris
1468 1931 1527 1959 Dei.
1546 1931 1604 1959 Non
1620 1932 1763 1959 secundm

982 1978 1138 2012 opinionem
1163 1977 1313 2010 iudicabit,
1340 1984 1428 2011 neque
1460 1977 1608 2004 secundum
1636 1977 1769 2011 loquelam

982 2026 1111 2056 arguet.»
1137 2021 1229 2049 Cuivis
1257 2021 1357 2049 volenti
1388 2021 1469 2049 l‘acile
1492 2027 1533 2049 est
1563 2022 1769 2057 deprehendere

982 2075 1036 2101 quo
1050 2072 1129 2102 pacto
1142 2067 1270 2095 Salvator
1283 2073 1310 2095 et
1329 2067 1460 2095 Dominus
1477 2073 1580 2099 noster,
1600 2076 1653 2095 non
1670 2075 1770 2095 secun»

981 2113 1044 2140 dum
1059 2113 1214 2148 opinionem
1231 2113 1381 2148 judicabat.
1407 2113 1511 2141 Nullius
1536 2115 1609 2143 enim
1626 2122 1768 2149 personam

981 2159 1129 2194 accipiens,
1146 2161 1226 2187 modo
1250 2150 1361 2187 Scribat;
1382 2165 1408 2187 et
1434 2159 1599 2193 Pharismos,
1616 2168 1677 2188 tnox
1694 2169 1769 2188 surn-

982 2212 1040 2231 mos
1053 2205 1195 2239 pontiliccs
1219 2205 1245 2232 is
1271 2206 1370 2240 templo
1388 2205 1502 2232 lidenter
1517 2207 1658 2240 arguebat,
1670 2207 1770 2240 quibus

981 2250 1062 2277 etiam
1092 2253 1149 2279 litec
1178 2252 1286 2279 dieebat
1303 2260 1309 2277 :
1328 2261 1337 2277 ι
1349 2252 1494 2280 Auferetur
1508 2260 1523 2279 a
1542 2253 1618 2280 vobis
1644 2261 1768 2287 regnum,

983 2301 1011 2323 et
1028 2297 1136 2324 dabitur
1152 2297 1226 2332 genti
1245 2297 1356 2325 facienti
1385 2297 1491 2325 l'ruetns
1505 2298 1562 2331 ejus
1572 2297 1604 2324 “.
1618 2307 1627 2324 ι
1645 2297 1698 2324 Sed
1717 2306 1767 2324 nec

983 2343 1129 2369 secundum
1144 2342 1277 2378 loquelam
1292 2344 1424 2378 arguebat
1439 2352 1446 2371 :
1462 2352 1524 2370 nam
1544 2344 1590 2371 alii
1606 2345 1692 2378 ipsum
1711 2344 1769 2370 adi-

981 2389 1045 2415 bant
1069 2388 1189 2416 dicentes
1218 2397 1225 2416 :
1257 2398 1267 2415 ι
1284 2389 1433 2424 Magister,
1459 2390 1562 2417 scimus
1588 2390 1652 2424 quia
1686 2396 1768 2416 verax

981 2441 1011 2461 es
1030 2433 1065 2465 ",
1081 2442 1090 2459 ι
1108 2439 1162 2460 etc.
1179 2433 1226 2461 Ille
1243 2442 1306 2462 vero
1331 2442 1384 2461 non
1410 2435 1559 2462 secundum
1574 2435 1709 2469 loquelam
1722 2442 1768 2461 eu-

982 2485 1040 2504 rum
1054 2479 1184 2512 arguebat
1198 2485 1205 2504 :
1221 2485 1307 2513 quare
1321 2487 1423 2514 gnarus
1450 2479 1560 2506 malitiae
1586 2487 1681 2506 curtum
1696 2479 1768 2506 dicc-

984 2523 1051 2551 bat:
1069 2533 1078 2548 ι
1097 2524 1166 2557 Quid
1180 2531 1222 2551 me
1241 2526 1362 2557 tentatis,
1379 2526 1545 2560 hypocritae?
1559 2534 1568 2551 ι

1014 2566 1096 2596 Vens.
1113 2569 1142 2596 4.
1161 2579 1170 2595 ι
1186 2569 1239 2597 Sed
1257 2569 1390 2604 judicabit
1406 2570 1498 2596 humili
1518 2569 1664 2603 judicium,
1679 2573 1707 2596 et
1722 2576 1767 2595 nr-

977 2620 1041 2650 μοι
1058 2615 1173 2643 lmmiles
1190 2620 1278 2648 terrae,
1296 2620 1322 2642 et
1339 2617 1475 2650 percutiet
1489 2621 1588 2644 terram
1606 2614 1689 2641 verbo
1710 2615 1767 2641 oris

978 2661 1033 2688 sui.
1048 2670 1057 2687 ι
1079 2661 1144 2688 lllnd
1164 2666 1268 2695 autem,
1299 2671 1308 2687 ι
1326 2662 1464 2690 Percutict
1489 2667 1589 2689 terram
1612 2660 1693 2688 verbo
1710 2661 1767 2687 oris

980 2707 1032 2736 sui.
1058 2717 1067 2733 ι
1096 2707 1239 2741 intelliges,
1263 2707 1286 2735 si
1315 2709 1410 2735 audias
1434 2715 1496 2735 eum
1519 2707 1583 2735 alibi
1616 2707 1765 2740 dicentem,

1129 2764 1151 2779 "
1167 2762 1264 2790 Matth.
1282 2771 1350 2797 xxtt,
1366 2763 1406 2791 16.

976 2825 1102 2858 quitur...
1139 2824 1278 2858 Auferen"
1305 2833 1321 2851 α
1348 2822 1431 2854 vobis.
1458 2831 1469 2848 ι
1499 2827 1526 2850 et
1558 2827 1675 2854 αξιοι-ιι,
1705 2827 1766 2857 qua

976 2867 1045 2895 pene
1061 2861 1094 2887 ad
1111 2862 1222 2887 verbum
1238 2860 1283 2887 ille
1296 2858 1480 2892 prosecuitur.

1582 2942 1606 2983 ὓ.
