2059 3215
291 178 338 205 ΠΙ

625 177 761 206 EUSEBII
780 177 1018 206 CESARIENSIS
1037 178 1111 206 OPP.
1133 179 1223 206 PARS
1242 179 1285 208 Ill.
1306 195 1340 202 -—-
1360 179 1565 208 EXECETICA.

1872 183 1922 210 17!

291 250 300 265 σ
319 238 408 266 Nolite
425 241 520 272 putare
533 237 605 272 quod
619 238 741 265 venerim
757 245 850 272 pacem
873 238 980 264 mittere
995 245 1069 271 sttpel

1128 239 1210 266 αὐτοῦ
1226 239 1361 273 λέγοντος,
1379 249 1388 265 ι
1404 240 1449 276 Μὴ
1466 240 1607 276 νομίσητε,
1626 241 1668 268 ὅτι
1683 238 1765 277 ἦλθον
1779 242 1870 278 βαλεῖν
1883 246 1922 271 sl-

290 291 406 312 terram;
423 292 476 311 non
495 283 554 311 veni
571 291 664 318 pacem
679 285 797 316 mittere,
814 285 860 311 sed
878 284 996 320 gladium
1013 285 1048 312 “.
1064 295 1073 312 ι

288 331 399 359 Gladius
413 337 502 358 autem
519 336 580 358 erat
593 332 705 359 verbum
722 330 778 358 oris
807 331 875 366 ejus.
900 339 954 366 quo
976 336 1076 359 terram

287 383 314 403 et
328 383 450 404 terrenos
475 384 579 408 eorum,
602 376 648 411 qui
665 377 691 403 in
705 376 791 410 ipsum
816 377 1000 409 crediderant,
1013 385 1076 404 sen-

287 430 335 450 sus
351 424 383 450 de
400 423 488 450 medio
505 423 625 450 tollebat.
653 432 662 448 ‹
678 422 713 450 Ει
728 423 755 450 in
771 423 868 457 spiritu
882 431 930 455 per
949 423 1019 451 labia
1035 424 1076 451 ia—

287 469 402 496 terlicict
427 469 549 503 impium.
571 478 580 494 ι
604 467 749 494 lnterlicict
775 468 899 502 impium,
924 468 1019 496 atheos
1044 476 1077 496 ac

287 515 383 549 impios
397 515 532 541 danuoucs
546 514 572 540 iu
587 514 683 548 spiritu
703 514 847 548 increpans
857 519 885 541 et
901 515 997 550 procul
1014 515 1074 542 abi-

286 570 352 596 gens
368 563 451 589 verbo
468 570 515 596 per
528 561 597 588 labia
615 561 700 594 ipsius
713 560 839 595 prolato;
864 561 900 588 ita
920 566 948 588 ut
964 561 1000 588 illi
1016 561 1075 588 cla-

286 614 360 637 ment
376 615 403 636 et
423 609 524 639 dicant,
545 618 553 634 ι
570 607 638 642 Quid
651 606 728 633 nobis
749 612 777 634 et
797 608 857 640 tibi,
872 607 922 635 Fili
939 608 1008 635 Dei?
1029 615 1075 635 ve-

285 655 349 683 nisti
373 659 437 682 ante
466 660 573 688 tempus
587 661 714 690 torquere
741 662 800 681 uos.
830 653 959 680 Not-imus
974 658 1000 680 te
1013 654 1073 688 quis

283 704 332 736 sis,
347 707 458 730 sanctus
472 702 518 729 Dei
534 702 566 728 ".
583 711 592 727 ι

318 748 402 775 Vens.
419 748 445 776 5.
468 757 476 773 ι
490 748 523 774 Ηι
543 748 595 775 erit
614 748 718 782 justitia
743 747 849 774 cinctus
869 747 975 773 lumbos
997 753 1071 778 suos,

282 800 310 822 et
328 795 443 822 veritate
459 794 670 822 circumvolutus
686 794 770 821 latera
785 801 843 821 sua.
862 804 871 820 ι
887 793 1070 826 Quemadmo-

282 842 347 868 dum
370 840 441 868 enim
465 847 511 867 rex
528 848 596 866 zona
616 848 708 873 aurea,
733 844 761 868 et
782 839 918 875 lapidibus
945 839 1072 873 pretiosis

283 886 474 922 prmciugitur,
489 886 528 913 sic
549 890 575 913 et
595 886 619 913 ei
636 886 682 920 qui
708 886 733 912 in
756 886 896 920 prophetia
915 885 1003 912 fertur
1023 893 1070 911 zo-

283 941 346 961 nam
364 932 628 966 assignatjustitiam
645 937 672 958 et
684 932 838 959 veritatem.
850 931 972 958 Hisitem
989 931 1070 958 Verbi

282 979 370 1007 deitas
387 979 496 1014 intelligi
518 984 617 1014 potest.
640 978 699 1014 Ipse
712 979 810 1013 quippe
830 983 890 1005 erat
904 977 1024 1011 iustitia,
1041 981 1071 1004 ut

282 1027 363 1055 docet
376 1026 520 1060 Apostolus
546 1026 588 1053 his
612 1026 713 1057 verbis,
737 1035 746 1050 ι
761 1024 811 1058 Qui
828 1024 915 1051 factus
930 1029 973 1051 est
993 1024 1070 1051 nobis

281 1073 415 1108 sapientia
430 1081 445 1100 a
467 1072 531 1102 Deo.
550 1072 653 1106 justitia
669 1078 779 1106 quoque
794 1074 821 1097 et
835 1069 1027 1100 sanctiﬁcatio.
1044 1073 1070 1095 et

281 1118 433 1153 redemptio
444 1117 477 1144 “.
492 1126 502 1143 ι
523 1117 581 1151 Ipse
597 1123 705 1151 quoque
724 1114 854 1142 Servator
866 1115 894 1142 in
913 1114 1071 1149 Evangeliis

281 1163 383 1190 dixisse
391 1162 531 1193 scribitur,
544 1171 553 1187 ‹
570 1161 624 1196 Ego
637 1169 697 1187 sum
708 1161 764 1192 lux,
773 1160 909 1187 et'vcritas
918 1165 944 1187 et
954 1160 1006 1186 vita
1018 1159 1067 1186 ⁸⁸.»

281 1208 344 1236 Haec
369 1209 462 1244 igitur.
481 1207 581 1235 veritas
597 1207 701 1234 scilicet
718 1211 746 1233 et
764 1205 871 1239 iustitia
889 1206 958 1240 ejus,
974 1206 1019 1240 qui
1036 1213 1069 1232 ex

281 1255 374 1282 radice
396 1254 481 1282 Jesste
502 1253 652 1288 prodierat,
683 1252 907 1287 constringebant
933 1251 1019 1279 latera
1043 1256 1071 1279 et

281 1300 387 1328 lumbos
401 1301 428 1326 in
447 1299 521 1334 regio
540 1303 568 1326 et
591 1298 702 1325 militari
723 1298 838 1331 habitu,
857 1305 983 1325 sermone
1013 1297 1071 1331 ejus

281 1353 376 1374 contra
390 1346 510 1374 occultos
521 1351 548 1374 et
568 1343 718 1372 invisibiles
737 1345 828 1372 hostes
845 1347 1004 1379 apparatum
1021 1343 1070 1370 de-

281 1394 412 1422 olarautc.

317 1482 400 1510 Vens.
417 1482 443 1510 6.
467 1492 477 1508 ι
492 1482 526 1509 Ει
545 1481 624 1510 simul
653 1485 744 1516 pascet
769 1480 847 1516 lupus
860 1488 922 1508 cum
941 1487 1021 1516 agno,
1042 1485 1069 1508 et

281 1529 382 1564 pardus
397 1535 458 1555 cum
474 1529 549 1555 haedo
568 1528 730 1556 accubabit:
745 1532 772 1555 et
787 1528 898 1560 vitulus,
915 1532 942 1554 et
965 1532 1069 1560 taurus,

281 1580 308 1602 et
322 1577 363 1603 leo
377 1575 458 1603 simul
473 1580 598 1610 pascant,
614 1579 641 1603 et
660 1581 727 1610 puer
741 1574 870 1610 parvulus
885 1579 948 1610 aget
963 1582 1026 1602 eos:
1042 1578 1070 1601 et

1132 286 1215 321 ρήνην
1240 286 1286 312 ἐπὶ
1300 286 1348 321 τὴν
1363 286 1425 321 γῆν·
1443 288 1492 313 οὐκ
1508 285 1589 322 ἦλθον
1606 287 1696 323 βαλεῖν
1712 290 1833 325 εἰρήνην,
1853 290 1922 320 ἀλλά

1132 331 1278 367 μάχαιραν.
1297 341 1306 357 ι
1319 331 1448 367 Μάχαιρα
1459 331 1488 358 δὲ
1501 330 1535 367 ἦν
1549 333 1563 359 ὁ
1573 332 1650 367 λόγος
1662 333 1710 360 τοῦ
1725 335 1857 370 στόματος
1874 337 1922 364 αὐ-

1130 376 1187 409 τοῦ,
1201 376 1234 402 δι’
1246 373 1277 403 οὗ
1291 376 1340 413 τὴν
1356 377 1408 412 γῆν
1424 377 1471 404 καὶ
1484 377 1517 404 τὰ
1532 377 1620 414 γεώδη
1641 380 1803 416 φρονήματα
1816 381 1871 408 τῶν
1881 384 1923 414 εις

1129 422 1209 448 αὑτὸν
1228 422 1447 449 πεπιστευκότων
1462 423 1567 459 ἀνῄρει.
1588 433 1597 448 ι
1621 425 1675 450 Καὶ
1691 425 1720 451 ἐν
1734 426 1922 462 πνεύματιδιά

1129 468 1239 503 χειλέων
1266 468 1355 495 ἀνελεῖ
1375 469 1470 504 ἀσεϐῆ.
1493 479 1502 495 ι
1516 462 1627 496 ’Ἁνελεῖ
1639 471 1728 498 τοίνυν
1744 472 1840 508 ἀσεϐῆ,
1865 475 1922 506 τοῖς

1129 513 1218 545 ἀθέοις
1236 514 1282 540 καὶ
1294 514 1404 541 ἀσεϐέσι
1418 514 1542 549 δαίμοσιν
1558 516 1693 551 ἐπιτιμῶν
1717 517 1756 552 τῷ
1773 518 1920 554 πνεύματι,

1129 559 1176 587 καὶ
1189 559 1298 596 μακρὰν
1308 559 1406 591 αὐτοὺς
1418 559 1539 587 ἐλαύνων
1551 560 1589 596 τῷ
1598 560 1643 588 διὰ
1650 561 1704 588 τῶν
1714 561 1824 597 χειλέων
1838 563 1920 590 αὑτοῦ

1129 606 1324 642 προφερομένῳ
1338 606 1418 641 λόγῳ·
1437 606 1474 638 ὡς
1488 606 1553 642 βοᾷν
1571 607 1669 638 αὐτοὺς
1682 607 1729 634 καὶ
1745 608 1843 642 λέγειν·
1858 618 1868 634 ι
1888 609 1921 638 Τί

1127 653 1192 688 ἡμῖν
1209 653 1256 680 καὶ
1282 654 1334 686 σοι,
1351 652 1399 679 Υἱὲ
1414 652 1460 679 τοῦ
1474 652 1558 685 Θεοῦ;
1582 650 1663 688 ἦλθες
1684 654 1737 689 πρὸ
1753 654 1850 690 καιροῦ
1873 655 1921 690 βα-

1128 698 1233 725 σανίσαι
1247 699 1329 740 ἡμᾶς.
1343 699 1459 735 Οἴδαμεν
1473 707 1501 725 σε
1515 699 1557 730 τίς
1574 697 1608 731 εἶ,
1625 701 1640 726 ὁ
1653 699 1730 734 ἀγιος
1745 700 1792 736 τοῦ
1807 701 1888 728 Θεοῦ.
1906 711 1917 728 ι

1165 753 1174 769 ι
1186 745 1241 771 Καὶ
1250 745 1325 771 ἔσται
1336 744 1492 781 δικαιοσύνῃ
1504 745 1657 781 ὲζωσμένος
1664 746 1712 782 τὴν
1727 747 1812 781 ὀσφὺν
1823 747 1918 791 αύτοῦ,

1126 789 1172 816 καὶ
1189 790 1302 826 ἀληθείᾳ
1315 790 1457 826 είλημένος
1470 791 1519 823 τὰς
1539 791 1659 827 πλευρὰς
1678 791 1772 820 αὑτοῦ.
1787 802 1797 819 ι
1812 789 1920 829 Ὥσπερ

1125 836 1179 872 γὰρ
1197 836 1322 871 βασιλεὺς
1339 837 1409 873 ζώνῃ
1421 839 1508 873 χρυσῇ
1524 838 1570 864 καὶ
1580 837 1662 870 λίθοις
1679 832 1837 866 πολυτελέσι
1849 839 1920 872 ζὼνι

1125 891 1213 913 νυται,
1222 882 1268 909 τὸν
1279 883 1360 910 αὑτὸν
1368 883 1468 919 τρόπον
1483 884 1530 910 καὶ
1541 883 1580 919 τῷ
1590 885 1821 920 προφητευομένῳ
1829 884 1919 922 ζώνην

1088 921 1110 949 Β
1122 928 1247 964 ἀφορίζει
1261 929 1310 964 τὴν
1323 928 1496 965 δκαιοσύνην
1518 929 1564 956 καὶ
1584 930 1632 966 τὴν
1644 929 1782 966 ἀλήθειαν.
1800 930 1918 958 Δυνατὺν

1122 974 1150 1000 δὲ
1164 974 1207 1001 διὰ
1226 975 1327 1001 τούτων
1342 975 1389 1002 καὶ
1408 975 1457 1011 τὴν
1482 975 1595 1011 θεότητα
1616 975 1663 1002 τοῦ
1680 976 1767 1010 Λόγου
1786 971 1915 1004 νοεῖσθαι·

1122 1021 1202 1052 αὑτὸς
1211 1020 1265 1056 γὰρ
1279 1019 1312 1056 ἦν
1328 1022 1344 1057 ἡ
1358 1021 1526 1057 δικαιοσύνη,
1536 1021 1573 1053 ὡς
1586 1021 1705 1049 διδάσκει
1719 1022 1805 1057 λέγων
1815 1023 1917 1051 611:6-

1123 1066 1224 1098 στολος·
1243 1077 1252 1093 ι
1273 1066 1322 1099 ’ος
1337 1067 1452 1104 ἐγενήθη
1470 1068 1536 1103 ἡμῖν
1554 1068 1634 1102 σοφία
1648 1068 1702 1095 ἀπὸ
1715 1068 1794 1101 Θεοῦ,
1810 1069 1916 1096 δικαιο-

1123 1113 1189 1148 σύνη
1203 1122 1233 1139 τε
1254 1114 1300 1140 καὶ
1316 1114 1458 1149 ἁγιασμὸς,
1472 1115 1518 1141 καὶ
1527 1114 1723 1151 ἀπολύτρωσις.
1741 1125 1750 1141 ι
1770 1115 1825 1142 Καὶ
1835 1116 1916 1148 αὐτὸς

1121 1158 1150 1184 δὲ
1163 1160 1177 1185 ὁ
1189 1158 1283 1196 Σωτὴρ
1300 1161 1329 1186 ἐν
1351 1160 1528 1194 Εύαγγελίοις
1554 1160 1674 1196 εἰρηκὼς
1696 1161 1914 1198 ἀναγέγραπται,

1125 1214 1134 1230 α
1144 1202 1145 1207 ¹
1156 1205 1225 1240 Ἐγώ
1245 1207 1301 1241 είμι
1316 1206 1346 1232 τὺ
1360 1206 1427 1241 φῶς,
1439 1207 1487 1234 καὶ
1499 1209 1516 1242 ἡ
1529 1207 1653 1243 ἀλήθεια,
1665 1208 1738 1243 καὶὴ
1751 1207 1817 1244 ζωή.
1838 1218 1847 1234 ι
1861 1204 1917 1235 Αὖ-

1121 1258 1166 1277 ται
1183 1251 1273 1278 τοίνυν
1288 1253 1303 1287 ὴ
1317 1251 1430 1288 ἀλήθεια
1451 1253 1497 1279 καὶ
1512 1254 1528 1288 ἡ
1550 1252 1708 1290 δικαιοσύνη
1728 1253 1774 1280 τὸν
1789 1255 1820 1280 ὲκ
1837 1254 1917 1291 ῥίζης

1129 1296 1227 1324 Ἰεσσαὶ
1243 1306 1437 1334 περιεσφιγγον
1449 1299 1567 1335 πλευρὰς
1583 1301 1628 1327 καὶ
1645 1301 1730 1335 ὀσφὺν
1746 1301 1775 1328 ὲν
1783 1301 1916 1337 βασιλικῷ

1122 1343 1168 1370 καὶ
1192 1344 1222 1370 ἐν
1246 1344 1433 1381 στρατιωτικῷ
1459 1347 1588 1381 σχήματι,
1601 1346 1632 1372 τὸ
1646 1347 1716 1374 κατά
1734 1346 1788 1374 τῶν
1803 1348 1916 1382 ἀφανῶν

1122 1389 1168 1415 καὶ
1184 1389 1308 1425 ἀοράτων
1327 1389 1464 1417 πολεμίων
1485 1391 1652 1427 παράστημα
1666 1391 1749 1418 αὐτοῦ
1767 1392 1916 1428 ἐμφαίνον-

1122 1442 1166 1465 τος
1178 1434 1225 1460 τοῦ
1243 1434 1334 1468 λόγου.

1160 1489 1169 1505 ι
1187 1481 1242 1507 Και
1267 1481 1526 1517 συμόοσκηθήσεται
1549 1481 1631 1514 λύκος
1657 1483 1725 1518 μετά
1747 1483 1839 1519 ἀρνὸς.
1866 1485 1915 1512 καὶ

1122 1527 1255 1563 πάρδαλις
1270 1528 1506 1556 συναναπαὺσεται
1527 1529 1624 1565 ἐρίφῳ·
1640 1530 1688 1556 καὶ
1707 1531 1851 1566 μοσχάριον
1867 1532 1914 1558 καὶ

1121 1574 1220 1610 ταῦρος
1244 1574 1291 1601 καὶ
1316 1574 1384 1601 λέων
1401 1575 1460 1610 ἅμα
1485 1575 1709 1611 βοσκηθήσονται,
1734 1577 1781 1603 καὶ
1807 1577 1914 1604 παιδίον

280 1622 329 1649 bos
342 1627 369 1650 et
384 1629 464 1649 ursus
479 1630 530 1648 una
549 1628 707 1656 pascentur,
723 1625 751 1648 et
769 1620 849 1648 catuli
865 1628 959 1648 eorum
989 1620 1069 1648 simul

1122 1607 1218 1657 μικρὸν
1233 1621 1291 1653 ἄξει
1304 1621 1411 1653 αὐτούς·
1422 1607 1471 1648 καὶ
1482 1607 1545 1657 βοῦς
1625 1622 1726 1658 ἄρκτος
1741 1623 1798 1659 ἃμα
1815 1623 1914 1660 βοσκη-

280 1673 372 1700 erunt,
399 1672 427 1694 et
449 1667 491 1695 leo
515 1667 591 1701 quasi
621 1668 669 1693 bos
690 1667 817 1694 comedet
840 1666 942 1702 paleas.
967 1675 977 1693 ι
1000 1665 1067 1700 Lupi

280 1715 389 1750 quidem
401 1715 471 1742 inter
486 1714 610 1742 homines
629 1718 690 1740 sunt
704 1713 755 1740 viri
769 1718 882 1749 rapaces
895 1722 902 1741 :
918 1720 932 1739 a
948 1712 1069 1748 nequitia

280 1767 345 1787 vero
362 1767 410 1787 sua
424 1759 594 1793 resipiscenl,
620 1758 657 1785 ita
680 1762 709 1785 ut
731 1766 792 1786 cum
821 1758 897 1793 agnis
911 1757 1021 1785 mitibus
1043 1763 1071 1784 et

279 1806 429 1834 mansuetis
443 1812 538 1832 eorum
554 1803 651 1831 anima:
668 1803 718 1832 sub
734 1812 787 1831 uno
799 1803 926 1831 Ecclesia:
940 1803 1005 1831 ovili
1021 1803 1069 1830 de-

278 1858 353 1890 gant.
369 1853 423 1880 Alii
438 1859 504 1881 vero
521 1853 600 1888 longe
614 1853 799 1885 immaniores,
815 1857 896 1887 atque
919 1852 1069 1879 vehemen-

280 1906 322 1928 ter
338 1899 443 1928 eﬂ‘erati
459 1899 519 1932 viri,
533 1899 599 1934 nihil
613 1907 626 1925 a
648 1898 741 1934 pardis
754 1898 952 1933 discrepantes,
972 1897 1069 1925 bellua:

280 1946 448 1973 ferocitatem
464 1945 640 1979 tlepoueutes,
655 1952 710 1971 una
723 1951 783 1970 cum
798 1943 882 1970 haedis
893 1943 1069 1978 simpliciori-

279 1992 329 2019 bus
342 2000 374 2019 ac
390 1991 541 2018 mitioribus
553 1989 937 2018 accubabunt.Aliiveroleoui
948 1988 1069 2016 moribus

278 2046 409 2075 perquam
427 2037 541 2068 similes.
556 2037 744 2065 crudelitatem
759 2041 785 2064 et
798 2037 975 2063 voracitatem
989 2043 1067 2063 suam

280 2089 428 2116 mutantes,
443 2092 495 2111 una
511 2091 572 2110 cum
590 2083 742 2110 infantibus
765 2082 892 2109 Ecclesiae
908 2089 1004 2109 recens
1024 2090 1069 2108 or—

280 2131 324 2162 tis,
341 2132 417 2165 quasl
436 2135 531 2156 taurus
545 2134 573 2156 ct
587 2129 687 2156 vitulus
708 2133 832 2163 pascenl,
847 2129 942 2155 eodem
958 2129 1018 2156 cibo
1033 2136 1066 2156 ex

278 2177 378 2204 divinis
403 2175 550 2210 Scripturis
573 2175 656 2209 petito
679 2179 796 2201 utentes.
827 2174 904 2207 Quod
932 2176 954 2202 si
973 2175 1067 2202 videas

278 2224 368 2259 regios
383 2223 456 2250 viros
471 2222 600 2256 dignitate
615 2226 642 2248 et
657 2221 816 2255 praestantia
836 2220 862 2247 in
881 2221 934 2248 hac
951 2221 1004 2247 vita
1017 2229 1064 2248 or-

1120 1667 1260 1704 θήσονται,
1290 1669 1337 1695 καὶ
1354 1669 1413 1704 ἅμα
1439 1669 1474 1696 τὰ
1497 1669 1592 1696 παιδία
1619 1670 1708 1696 αὐτῶν
1727 1670 1843 1703 ἔσονται,
1867 1672 1914 1698 καὶ

1119 1714 1188 1741 λέων
1203 1714 1240 1746 ὡς
1253 1714 1317 1750 βοῦς
1336 1715 1453 1749 φάγεται
1473 1715 1572 1751 ἄχυρα.
1596 1725 1605 1742 ι
1624 1716 1708 1743 Λύκοι
1724 1716 1772 1752 μὲν
1787 1714 1832 1743 οὖν
1846 1717 1871 1743 οἱ
1884 1718 1914 1743 έν

1118 1760 1271 1797 ἀνθρώποις
1280 1762 1454 1797 ἀρπακτικοί*
1466 1761 1646 1797 μεταϐαλοῦσι
1657 1763 1686 1789 δὲ
1693 1763 1741 1799 τῆς
1751 1763 1912 1801 μοχθηρίας,

1118 1806 1156 1838 ὡς
1180 1807 1248 1841 μετά
1274 1806 1365 1843 ἀρνῶν
1387 1807 1498 1842 ἡμέριον
1514 1807 1561 1834 καὶ
1576 1807 1672 1843 πράων
1685 1807 1734 1840 τὰς
1747 1808 1836 1843 ψυχὰς
1860 1808 1913 1834 ὑπό

1120 1852 1184 1888 μίαν
1203 1852 1365 1888 Ἐκκλησίαν
1381 1852 1571 1887 ἁγελάζεσθαι.
1582 1852 1673 1880 Ἀλλοι
1681 1853 1710 1880 δὲ
1723 1853 1856 1890 ὠμότεροι
1865 1854 1912 1880 καὶ

1119 1898 1220 1934 σφόδρα
1240 1899 1445 1934 ἀπηγριωμένα
1461 1899 1567 1935 ἄνδρες,
1592 1899 1668 1926 οὐδὲν
1683 1899 1841 1936 παρδάλεων
1855 1901 1912 1927 διας

1119 1944 1255 1980 φέροντες,
1275 1945 1305 1971 τὸ
1320 1944 1365 1971 τοῦ
1383 1944 1465 1980 θηρὸς
1481 1944 1596 1980 φοϐερὸν
1612 1945 1791 1981 ἀποθέμενοι,
1806 1945 1912 1981 ἐρίφοις

1118 1989 1176 2025 ἅμα
1192 1991 1247 2021 τοῖς
1259 1990 1452 2027 ἁπλουστέροις
1460 1991 1507 2017 καὶ
1520 1991 1722 2028 ἁκεραιοτὲροις
1739 1991 1911 2018 συναναπαύ-

1118 2045 1220 2064 σονται.
1243 2037 1298 2064 Καὶ
1321 2036 1408 2064 λέοντι
1424 2037 1453 2064 δὲ
1477 2038 1540 2070 τοὺς
1560 2039 1679 2074 τρόπους
1695 2038 1911 2074 παρεικασμένοι

1117 2082 1200 2115 ἄλλοι,
1215 2083 1245 2109 τὸ
1260 2083 1405 2119 ὠμόουμον
1420 2085 1467 2111 καὶ
1486 2085 1652 2121 σαρκοϐόρον
1670 2083 1735 2120 ἦθος
1747 2083 1910 2117 ἐναλλάξαν-

1117 2138 1172 2163 τες,
1185 2129 1252 2165 ὁμοῦ
1267 2132 1323 2162 τοῖς
1337 2131 1365 2157 ὲν
1381 2133 1414 2167 τῇ
1431 2131 1579 2167 Ἐκκλησία⁴
1594 2133 1723 2166 νεογνοῖς,
1736 2131 1831 2166 ὥσπερ
1845 2129 1911 2156 ταῦ-

1119 2183 1164 2210 ρος
1185 2176 1232 2202 καὶ
1253 2175 1362 2211 μόσχος,
1381 2176 1606 2212 βοσκηθήσονται,
1623 2177 1672 2213 τῆς
1693 2177 1778 2212 αὐτῆς
1797 2177 1830 2202 ὲκ
1855 2175 1909 2202 τῶν

1117 2221 1196 2249 θείων
1210 2221 1297 2257 λόγων
1320 2223 1534 2259 μεταληψόμενοι
1550 2224 1652 2259 τροφῆς
1679 2223 1745 2258 (17).
1771 2223 1803 2249 Εἰ
1816 2222 1846 2249 δὲ
1862 2222 1910 2248 καὶ

278 2276 367 2304 natos,
381 2270 409 2297 in
434 2268 554 2297 Ecclesia
579 2267 626 2294 Dei
651 2275 711 2294 cum
743 2267 908 2301 pauperibus
922 2275 954 2294 ex
974 2267 1064 2294 infima

1121 2267 1273 2302 βασιλικούς
1286 2278 1350 2296 ποτε
1361 2269 1469 2304 ἄνδρας,
1484 2269 1618 2305 ἀξιώματι
1632 2269 1678 2296 καὶ
1693 2269 1839 2304 ὑπεροχαῖς
1848 2268 1910 2299 ταῖς

277 2318 355 2353 plebe
372 2321 562 2351 congregatos,
586 2323 619 2343 ne
640 2315 774 2342 ctmcteris
799 2314 891 2342 dicere
913 2315 995 2341 etiam
1014 2314 1066 2341 hac

278 2365 385 2392 ratione
415 2362 552 2397 impletum
579 2368 639 2388 esse
653 2361 838 2396 Scripturam.
853 2359 954 2388 Omnes
974 2361 1067 2395 itaque

275 2412 330 2446 jam
345 2413 508 2437 memoratos
523 2409 609 2443 lupos,
622 2415 720 2442 agnos,
746 2407 856 2441 pardus,
882 2406 983 2438 haedos,
1010 2406 1066 2433 leo-

278 2466 336 2490 nes,
366 2456 464 2483 vitulos
491 2461 519 2482 et
548 2460 655 2486 tauros,
687 2459 716 2480 ut
746 2453 856 2484 dicitur,
881 2460 947 2488 puer
978 2452 1069 2480 infans

277 2509 348 2540 aget.
371 2500 438 2531 Illud
455 2507 544 2529 autem
573 2509 582 2526 I
598 2505 668 2535 aget,
686 2509 696 2526 ι
721 2499 801 2534 quasi
826 2507 835 2524 ι
852 2499 1038 2534 congregabit,
1055 2507 1064 2524 ι

276 2552 378 2580 dictum
388 2555 440 2578 est.
463 2547 542 2583 Quod
571 2547 627 2583 ipsa
651 2553 681 2573 re
705 2550 810 2581 gestum
835 2545 990 2580 perspicere
1005 2545 1068 2572 licet

277 2599 320 2630 iis,
332 2598 378 2633 qui
392 2595 538 2632 praesulum
553 2594 652 2620 multos
664 2593 757 2619 vident
775 2591 802 2618 in
819 2591 940 2619 Ecclesia
953 2591 1064 2623 Christi,

275 2644 310 2671 ob
337 2643 419 2671 animi
445 2640 649 2676 simplicitatem
672 2642 699 2666 et
723 2638 921 2669 innocentiam,
944 2636 1009 2664 nihil
1031 2636 1066 2662 ab

276 2689 424 2717 infantibus
439 2688 595 2722 discrepare
610 2695 617 2713 :
632 2685 682 2712 etsi
701 2689 791 2711 tatueu
808 2682 928 2718 przefecti
950 2683 1005 2709 sint
1018 2690 1065 2709 eo-

277 2743 346 2767 rum,
366 2735 411 2768 qui
432 2735 464 2761 ab
479 2734 552 2761 omni
569 2739 670 2767 genere
699 2732 725 2758 in
746 2738 828 2757 uttqu
853 2732 1064 2764 congregantur.

275 2782 341 2808 Cum
353 2789 434 2816 porro
449 2781 498 2814 ait,
528 2789 537 2806 ι
552 2780 586 2806 Et
599 2781 648 2807 bos
666 2785 695 2806 et
710 2785 789 2806 ursus
810 2781 955 2812 pascentur
985 2774 1066 2802 simul

1120 2315 1241 2342 κατὰτὸν
1257 2315 1312 2351 βίον
1323 2316 1530 2351 τετιμημένους,
1546 2316 1652 2343 Θεάσοιο
1665 2316 1693 2342 ἐν
1706 2316 1739 2351 τῇ
1762 2314 1909 2350 Ἐκκλησία

1119 2361 1166 2388 τοῦ
1179 2361 1258 2394 Θεοῦ,
1276 2362 1344 2397 μετά
1359 2362 1482 2398 πενήτων
1498 2362 1544 2389 καὶ
1563 2361 1679 2388 εὐτελῶν
1698 2361 1907 2396 συναγομένους,

1123 2407 1160 2442 μὴ
1171 2407 1244 2433 δκνει
1256 2407 1346 2441 λέγειν
1363 2408 1410 2434 καὶ
1423 2407 1494 2434 οὕτω
1510 2406 1704 2443 πεπληρῶσθαι
1721 2406 1770 2442 τὴν
1785 2407 1905 2442 Γραφήν.

1121 2452 1230 2483 Πάντας
1252 2452 1341 2479 τοίνυν
1363 2451 1430 2487 ὁμοῦ
1447 2453 1511 2484 τοὺς
1534 2451 1715 2483 ἀποδοθέντας
1738 2451 1837 2482 λύκους
1861 2452 1909 2478 καὶ

1120 2498 1215 2534 ἄρνας,
1231 2498 1278 2525 καὶ
1290 2498 1449 2534 παρδάλεις,
1465 2499 1512 2524 καὶ
1528 2497 1648 2533 ἐρίφους,
1663 2497 1709 2524 καὶ
1730 2496 1849 2530 λέοντας,
1862 2497 1909 2524 καὶ

1121 2544 1246 2580 μόσχους,
1258 2545 1306 2572 καὶ
1319 2544 1445 2580 ταύρους,
1463 2544 1568 2571 παιδίον
1578 2545 1674 2580 νήπιον
1687 2543 1762 2577 ἄξειν
1772 2543 1909 2570 Lelex-tat:

1119 2590 1156 2617 Τὸ
1166 2591 1204 2623 δὲ,
1225 2600 1234 2616 ι
1251 2591 1320 2624 ἄξει,
1341 2601 1351 2618 ›
1366 2591 1426 2618 ἀντὶ
1441 2590 1499 2622 τοῦ,
1514 2601 1523 2617 ι
1544 2591 1660 2624 συνάξει,
1679 2600 1689 2616 ι
1708 2590 1826 2624 λέγεται.
1844 2590 1909 2625 Ἐρ-

1118 2645 1159 2672 γῳ
1175 2637 1204 2664 δὲ
1229 2638 1287 2665 ἔστι
1316 2637 1484 2674 παραλαϐεῖν
1510 2638 1557 2664 καὶ
1578 2637 1666 2669 τοῦτο,
1690 2636 1810 2673 ὁρῶντας
1823 2637 1853 2662 ὲν
1874 2636 1908 2671 τῇ

1126 2682 1274 2719 Ἐκκλησία
1289 2682 1406 2719 Χριστοῦ
1425 2682 1489 2714 τοὺς
1508 2682 1649 2713 πλείστους
1662 2681 1716 2708 τῶν
1731 2680 1909 2717 προεστώτων

1120 2729 1153 2755 δι’
1167 2728 1305 2765 ἁπλότητα
1318 2729 1406 2764 ψυχῆς
1417 2729 1464 2756 καὶ
1481 2729 1598 2756 ἀκακίαν
1610 2727 1685 2754 οὐδὲν
1698 2728 1801 2763 νηπίων
1814 2727 1908 2762 διαφέ-

1121 2783 1226 2810 ρονταςθ
1241 2776 1315 2811 ὅμως
1327 2775 1349 2801 δ’
1363 2773 1410 2802 οὗν
1428 2775 1597 2810 ἡγουμένους
1614 2773 1667 2800 τῶν
1680 2774 1734 2800 ἀπὸ
1747 2772 1847 2805 παντὸς
1862 2773 1916 2807 γέ-“

311 2840 333 2856 ⁸⁸
349 2838 444 2866 Matth.
460 2847 488 2872 ι,
501 2839 547 2866 54.
584 2838 605 2854 ⁶“¹
622 2837 719 2865 Matth.
735 2843 797 2868 vut,
816 2834 861 2862 29.
905 2833 927 2848 ⁸⁸
943 2833 1026 2860 lCor.
1045 2833 1069 2866 t,’

1151 2832 1174 2848 "
1187 2832 1266 2860 Joan.
1281 2840 1336 2867 τιν,
1349 2831 1364 2859 6

311 2899 365 2933 (l7)
387 2897 463 2924 "llllC
487 2897 554 2926 item
584 2895 683 2928 locum,
710 2894 804 2930 paucis
834 2893 995 2927 immutatis,
1015 2892 1143 2927 exprimit
1170 2892 1361 2926 llicronvatus,
1389 2901 1405 2934 ἷι
1421 2891 1499 2926 Quod
1513 2890 1634 2926 quotidie
1658 2890 1798 2918 cernimus
1813 2888 1840 2917 in
1858 2887 1907 2916 Ec-

273 2933 368 2963 clcsiu.
381 2943 390 2960 ι
409 2937 467 2960 ctc.‘
