2059 3215
159 179 212 208 1⁷5

632 179 879 208 COMMENTARIA
902 177 934 205 IN
954 177 1080 206 ISAIAM.
1101 195 1134 199 —
1154 177 1230 206 CAP.
1250 177 1296 207 ΧΙ-

1732 170 1783 206 ,τι

156 246 220 269 νους
229 236 301 264 κατὰ
310 236 340 264 τὸ
349 237 416 264 αὐτὸ
426 238 625 273 συναγομένων.
635 237 726 265 Εἰπὼν
736 238 775 270 δὲ,
791 247 800 264 ι
816 237 872 265 Καὶ
885 236 946 272 βοῦς

998 241 1025 264 et
1038 245 1090 265 una
1105 241 1185 265 erunt
1198 237 1279 265 catuli
1295 243 1401 269 eorum,
1414 243 1424 262 ι
1444 236 1487 263 hic
1502 242 1609 270 quoque
1624 241 1780 263 mansueto-

157 283 206 311 καὶ
223 284 323 319 ἄρκτος
339 284 551 320 βοσκηθήσονται
565 285 633 320 ἅμα,
649 285 696 312 καὶ
713 285 771 321 ἅμα
788 285 895 312 ἔσονται
912 284 946 311 τὰ

158 329 253 357 παιδία
267 329 367 361 αὐτῶν,
382 339 396 356 ·)
412 330 550 357 κάνταῦθα
563 330 672 366 ἡμέρων
690 340 720 357 τε
747 331 793 358 καὶ
807 332 847 363 είς
860 339 947 366 γεωρ‹

157 377 221 412 γίαν
231 376 321 411 ψυχῆς
335 377 494 411 ἐπιτηδείων
516 377 632 413 ἀνδρῶν,
649 377 695 405 καί
707 377 794 404 ἄλλων
804 378 948 414 ἀπηγριω-

159 424 247 458 μένων
267 424 324 454 τοῖς
345 423 466 458 τρόποις,
489 424 539 459 τὴν
555 424 600 450 ἐπὶ
614 423 644 449 τὺ
655 424 720 450 αὐτὸ
737 425 878 451 κοινωνίαν
891 424 948 451 δια-

157 468 268 504 γράφει.
296 469 333 495 Σὺ
349 466 395 495 οὖν
420 469 553 495 πλουσίων
572 479 601 496 τε
614 469 660 496 καὶ
673 470 805 504 πενήτων,
822 470 948 506 πονηρῶν

156 524 186 542 τε
203 515 250 542 καὶ
264 514 372 549 ἀγαθῶν
386 513 482 547 παῖδας
494 515 564 551 ὀρῶν
580 517 828 552 συγκροτουμένους
839 517 884 543 ἐπὶ
898 517 947 553 τῆς

163 560 336 595 Ἐκκλησίας,
367 561 552 596 μαρτυρήσεις
578 562 610 596 τῇ
639 562 791 597 προφητείᾳ
819 562 944 600 φησὰσῃ,

160 616 169 632 ι
187 607 241 634 Καὶ
252 606 310 642 ἅμα
318 606 352 633 τὰ
367 606 459 633 παιδία
472 607 561 633 αὐτῶν
575 607 689 634 ἔσονται.
707 617 716 634 ι
742 608 771 634 '0
783 609 948 645 σαρκοϐόρος

156 652 246 679 τοίνυν
261 652 311 687 τὴν
323 650 402 686 φύσιν
416 652 493 684 λέων,
506 653 616 689 ἀχύροις
627 653 790 689 τρεφόμενος
807 655 946 690 ποηφάγου

158 696 228 730 ζώου
249 697 350 732 δίκην,.
363 697 504 733 ἄνθρωπος
518 697 550 724 ἂν
571 699 613 734 εἴη
630 698 710 726 πάλιν
737 699 872 735 θηριώδης
899 700 947 727 καὶ

158 742 275 778 ἀπηνὴς,
289 742 353 778 ψιλῇ
382 744 414 778 τῇ
435 743 504 776 λέξει
536 743 585 778 τῆς
603 744 676 775 Θείας
703 745 805 781 χαίρων
825 745 963 781 Γραφῆςη

164 788 195 817 ’θ
210 789 259 824 μὲν
273 789 326 826 γὰρ
351 789 488 816 λανθάνων
503 791 532 817 ὲν
557 791 708 827 ἀποκρύφῳ
730 791 800 823 νοῦς,
822 792 902 824 αὐτὸς
914 792 947 819 ἂν

159 835 200 871 εἴη
216 836 231 861 ὁ
247 835 332 871 πυρὸς
341 836 387 862 καὶ
401 835 415 861 ὁ
424 836 516 871 ψυχῶν
526 836 657 872 τρόφιμος
674 830 761 872 λόχος·
778 839 794 873 ἡ
811 837 839 864 δὲ
853 838 947 865 τοῦτον

159 881 357 918 περιϐάλλουσα
370 881 440 914 λέξις
456 882 485 909 τὸ
501 882 612 918 ἄχυρον.

197 937 206 954 ι
224 928 279 955 Καὶ
304 928 410 955 παιδίον
426 929 521 964 νήπιον
539 929 586 955 ἐπὶ
608 929 737 965 τρωγλῶν
754 930 884 962 ἀσπίδων,
901 931 948 957 κα)⁸

159 973 204 1000 ἐπὶ
216 973 310 1009 κοίτην
332 974 451 1008 ἐκγόνων
473 974 593 1000 ἀσπίδων
611 975 660 1010 τὴν
678 977 756 1011 χεῖρα
776 975 908 1002 ἐπιϐαλεῖ.
936 985 945 1002 ι

160 1018 238 1053 Τάχα
252 1018 281 1045 δὲ
293 1017 412 1054 τρῶγλαι
424 1019 471 1045 καὶ
485 1020 572 1045 κοῖται
587 1019 707 1046 ἀσπίδων
722 1020 769 1046 καὶ
779 1020 832 1046 τῶν
844 1019 949 1052 τούτοις

162 1063 336 1098 γεννημάτων
351 1061 405 1090 εἷεν
413 1063 445 1090 ἂν
453 1064 500 1090 καὶ
514 1064 546 1091 τὰ
555 1064 668 1099 σώματα
680 1064 734 1091 τῶν
749 1065 801 1092 ὑπὸ
814 1065 948 1100 δαιμόνων

165 1108 367 1143 ἐνοχλουμένων,
383 1106 424 1140 οἷς
447 1109 640 1144 ὲμιρωλεύοντα
666 1110 700 1137 τὰ
726 1111 879 1146 έρπυστικὰ
902 1111 949 1138 καὶ

165 1153 252 1179 ίοὸὄλα
263 1152 401 1188 πνεύματα
410 1154 574 1187 ὲκοιτάζετο,
584 1154 719 1190 τρώγλαις
729 1155 822 1191 ὥσπερ
831 1158 887 1187 τοῖς
901 1155 948 1183 τοῦ

162 1197 284 1232 σώματος
296 1198 482 1234 αἰσθητηρίοις
490 1198 627 1234 χρώμενα.
645 1200 735 1227 Ταῦτα
748 1201 776 1226 δὲ
790 1201 820 1227 τὸ
830 1201 947 1237 Χριστοῦ

161 1243 274 1275 παιδίον,
295 1244 366 1280 ἀνήρ
380 1253 421 1275 τις
435 1245 537 1277 ἁπλοῦς
553 1245 598 1271 καὶ
612 1246 660 1281 τὴν
676 1246 774 1273 κακίαν
796 1247 947 1283 νηπιάζων,

157 1289 191 1324 τῇ
204 1288 251 1315 τοῦ
265 1289 390 1325 Σωτῆρος
405 1290 555 1318 ἀπελαῦνον
570 1291 692 1326 δυνάμει,
711 1292 758 1327 τὴν
773 1294 851 1328 χεῖρα
866 1291 947 1320 αὑτοῦ

158 1334 297 1370 ἐπιτίθησι
324 1335 406 1370 μηδὲν
427 1339 584 1364 κακοποιεῖν
610 1337 771 1373 δυναμένοις
789 1339 832 1365 διὰ
852 1339 897 1365 τὸν
916 1339 948 1366 ἐκ

158 1378 238 1416 ῥίζης
270 1380 368 1408 Ἰεσσαὶ
395 1381 568 1417 προελθόντα·
584 1382 613 1415 ὃς
642 1383 764 1416 ἐξουσίαν
790 1385 874 1411 ἐδίδου
891 1386 948 1418 τοῖς

155 1425 240 1452 αὑτοῦ
259 1426 375 1459 παιδίοις
392 1429 486 1454 πατεῖν
510 1428 602 1455 ἐπάνω
626 1429 713 1464 ὄφεων
728 1431 774 1457 καὶ
799 1431 946 1466 σκορπίων,

155 1471 204 1498 καὶ
220 1472 265 1498 ἐπὶ
279 1473 368 1499 πᾶσαν
381 1473 430 1509 τὴν
441 1473 554 1509 δύναμιν
566 1474 613 1501 τοῦ
629 1475 735 1510 ἐχθροῦ.

194 1525 206 1542 ι
226 1517 280 1544 Καὶ
295 1518 326 1544 οὺ
349 1519 386 1554 μὴ
413 1521 635 1555 κακοποιήσουσι,
652 1521 711 1548 οὐδὲ
732 1521 769 1557 μὴ
789 1522 946 1558 δυνήσονται

153 1562 288 1590 ἀπολέσαι
313 1564 408 1591 οὐδένα
429 1566 475 1592 ἐπὶ
490 1566 521 1593 τὸ
540 1567 602 1603 ὅρος
614 1568 644 1594 τὸ
663 1569 740 1602 ἅγιόν
756 1577 814 1596 σου.
835 1579 844 1595 ι
862 1570 946 1597 Τοῦτο

151 1608 182 1635 δέ
195 1609 254 1635 ὲστι
264 1609 294 1636 τὺ
307 1610 370 1645 ὅρος
387 1610 416 1637 τὸ
429 1611 476 1638 καὶ
498 1612 543 1638 διὰ
555 1613 610 1639 τῶν
626 1613 779 1650 ἔμπροσθεν
796 1615 947 1651 δεδηλωμέ-

151 1661 211 1686 νον,
226 1654 275 1681 οὐκ
298 1654 361 1681 ἄλλο
372 1664 398 1681 τι
411 1655 440 1682 ὃν
458 1656 505 1683 τοῦ
525 1657 685 1692 ἐπουρανίου
706 1659 753 1685 καὶ
769 1659 946 1694 εὐαγγελικοῢ

150 1698 245 1734 λόγου,
261 1700 304 1734 ἐφ’
319 1696 349 1727 οὗ
364 1702 378 1727 ὁ
393 1699 467 1734 οἶκος
482 1702 528 1728 τοῦ
549 1703 627 1735 Θεοῦ,
639 1704 715 1740 καὶὴ
734 1705 882 1740 Ἐκκλησία
896 1706 946 1732 αύ-

149 1745 200 1772 τοῦ
212 1746 394 1782 ᾠκοδόμηται.
410 1748 468 1775 Ἰνα
476 1749 541 1783 γοῦν
553 1751 590 1785 μή
604 1759 645 1782 τις
657 1751 687 1777 τὸ
703 1751 820 1779 ἐνταῦθα
835 1752 948 1788 λεγόμε-

149 1799 199 1818 νον
222 1791 284 1826 ὅρος
299 1792 398 1829 νομίσῃ
409 1791 478 1820 εἶναι
491 1795 522 1821 τὸ
538 1795 566 1823 ἐν
583 1796 660 1831 μέρει
674 1797 774 1830 γωνίας
782 1798 832 1833 τῆς
845 1798 948 1825 Παλαι-

152 1837 251 1872 στίνης
270 1838 406 1870 Ἰουδαίοις
430 1840 642 1876 ὑπειλημμένον,
668 1843 793 1878 διασαφεῖ
813 1844 862 1880 τὴν
887 1845 946 1872 διὰ-

150 1890 232 1908 νοιαν
247 1881 310 1917 ἑξῆς
329 1883 474 1919 ἐπιφέρων·
490 1894 499 1910 ι
526 1886 588 1912 Ὅτι
603 1887 755 1923 ἐνεπλήσθη
773 1890 790 1924 ἡ
815 1889 947 1925 σύμπασα

148 1928 189 1963 γῆ
205 1927 252 1954 τοῦ
265 1928 366 1962 γνῶναι
380 1929 425 1956 τὸν
441 1930 553 1966 Κύριον,
571 1932 609 1964 ὡς
628 1932 700 1969 ὕδωρ
713 1934 780 1961 πολὺ
792 1936 947 1962 κατακαλύ-

147 1973 203 2008 ψαι
224 1972 374 2006 θαλάσσας·
393 1985 402 2000 ι
420 1975 491 2002 οὕτω
509 1978 650 2012 σημαίνων
671 1978 719 2014 τὴν
736 1980 795 2006 καθ’
810 1980 873 2016 ὅλης
898 1983 948 2017 τῆς

147 2019 317 2054 οἰκουμένης
334 2019 478 2056 ἱδρυμένην
505 2022 667 2058 Ἐκκλησίαν
685 2024 764 2057 Θεοῦ,
784 2026 831 2052 καὶ
847 2027 897 2063 τὴν
918 2028 947 2054 ὲν

147 2064 224 2099 αὐτῇ
238 2066 442 2102 κηρυττομένην
455 2067 554 2103 εὐσεϐῆ
565 2069 677 2102 γνῶσιν,
691 2070 740 2106 τὴν
752 2072 805 2098 πᾶν
820 2072 850 2099 τὸ
860 2073 947 2108 ἁλμυ-

147 2109 202 2146 ρὸν
216 2109 267 2145 τῆς
283 2111 382 2143 κακίας
399 2112 446 2139 τοῦ
468 2112 537 2148 βίου,
553 2113 648 2151 ὥσπερ
665 2116 754 2151 πολλῷ
777 2117 816 2153 τῷ
831 2118 946 2154 ῥεύματι

146 2156 386 2190 κατακλύζουσαν,
411 2159 459 2186 καὶ
480 2160 569 2187 πᾶσαν
588 2160 678 2198 ψυχῆς
704 2162 854 2200 μοχθηρίαν
879 2165 943 2192 ἀπο-

147 2202 350 2238 καθαίρουσαν.

190 2301 201 2317 ε
224 2292 279 2319 Καὶ
295 2292 370 2320 ἔσται
386 2294 415 2321 ἐν
433 2295 525 2332 ἐκείνῃ
539 2297 571 2331 τῇ
589 2296 682 2333 ἡμέρᾳ
695 2297 712 2332 ἡ
728 2297 789 2333 ῥίζα
808 2298 856 2325 τοῦ
876 2299 942 2326 Ἰεσ-
959 2273 982 2301 D

145 2338 212 2370 σαὶ,
225 2339 272 2364 καὶ
285 2340 298 2365 ὸ
321 2340 498 2376 ἀνιστάμενος
514 2342 607 2378 ἄρχειν
624 2342 718 2371 ἐθνῶν·
733 2343 776 2369 ἐπ’
792 2344 866 2380 αὑτῷ
879 2345 942 2381 ἔθνη

143 2381 287 2411 ὲλπιοῦσγ
302 2386 348 2411 καὶ
363 2385 437 2414 ἔσται
451 2389 468 2423 ἡ
491 2388 644 2420 ἀνάπαυσις
667 2389 749 2416 αὐτοῦ
763 2391 841 2426 τιμή.
859 2400 867 2416 ι
899 2391 943 2418 Ἐν

142 2428 246 2464 ἐκείνῃ
261 2427 307 2456 οὖν
325 2432 356 2466 τῇ
371 2432 472 2468 ἡμέρᾳ,
491 2433 571 2468 δῆλον
587 2435 615 2461 δὲ
630 2435 671 2461 ὃτι
692 2435 763 2462 κατὰ
778 2437 824 2463 τὸν
835 2445 942 2472 προφη-

140 2474 299 2510 τευόμενον
320 2477 423 2512 χρόνον,
440 2475 517 2512 οὗτος
541 2481 622 2513 αὐτὸς
637 2482 668 2508 ὲκ
684 2481 734 2516 τῆς
747 2482 824 2518 ῥίζης
845 2483 943 2510 Ἰεσσαὶ

141 2520 382 2556 ἀναστησόμενος,
399 2524 466 2557 μετὰ
474 2524 503 2550 τὸ
514 2526 671 2561 ἀναστῆναι,
684 2526 805 2562 δηλονότι
817 2528 885 2564 μετὰ
894 2529 943 2564 τὴν

141 2566 178 2592 ἐκ
191 2566 300 2602 νεκρῶν
317 2567 472 2601 ἀνάστασιν,
490 2570 538 2596 οὐκ
557 2572 688 2598 Ἰουδαίων
713 2572 788 2599 ἔσται
804 2573 941 2608 βασιλεὺς,

139 2611 209 2638 οὐδὲ
225 2610 321 2647 ὥσπερ
333 2612 414 2645 αὐτὸς
429 2614 533 2641 ὁΔαυῖδ
548 2616 612 2642 οἵτε
622 2616 716 2643 τούτου
736 2617 861 2653 διάδοχοι,
877 2618 942 2654 βρα-

140 2658 228 2693 χείας
250 2657 323 2690 τινὸς
339 2659 440 2692 γωνίας
454 2661 594 2696 κρατήσει,
612 2661 662 2698 τῆς
676 2663 699 2689 δ’
717 2663 875 2699 ἁπανταχοῦ
890 2665 942 2700 γῆς

139 2703 236 2739 ἄρξει.
254 2704 299 2730 Διὸ
311 2705 438 2740 οὐδαμῶς
461 2705 574 2734 θάνατον
591 2707 745 2744 ὑπογράφει
765 2710 857 2737 αὑτοῦ·
874 2710 941 2738 ἀνά-

139 2758 251 2777 παυσιν
263 2751 292 2777 δὲ
305 2751 442 2787 ὀνομάζει,
457 2753 504 2779 καὶ
518 2753 606 2787 δόξαν,
621 2755 668 2782 καὶ
683 2757 775 2791 τιμήν.
792 2756 876 2784 Τοῦτο
888 2756 942 2792 γὰρ

137 2795 177 2833 ἦν
194 2797 230 2824 τὸ
254 2797 329 2830 τέλος
353 2799 404 2834 τῆς
423 2800 470 2827 τοῦ
494 2801 619 2837 Σωτῆρος
632 2802 710 2838 ἡμῶν
724 2804 764 2835 είς
781 2803 941 2840 ἀνθρώπους

136 2842 315 2878 οίκανομίας·
343 2843 357 2870 ὃ
380 2843 411 2880 δὴ
433 2845 480 2871 καὶ
497 2845 579 2877 αὐτὸς
594 2847 608 2872 ὸ
622 2847 717 2884 Σωτὴρ
732 2847 810 2884 ἡμῶν
823 2849 940 2881 δεικνὺς.

139 2886 241 2922 ἔλεγεν
255 2888 284 2916 ὲν
293 2890 326 2925 τῇ
338 2890 405 2925 πρὸς
418 2891 462 2918 τὸν
478 2891 587 2927 Πατέρα
601 2892 676 2928 εὐχῇ·
688 2903 697 2919 ι
717 2893 817 2930 Πάτερ,
832 2894 941 2928 δόξασόν

998 292 1068 317 rum,
1086 288 1111 311 et
1129 285 1162 310 ad
1178 284 1276 310 anima:
1291 283 1485 318 agriculturam
1511 281 1675 310 idoneorum
1696 281 1783 308 homi-

998 337 1073 361 num,
1100 328 1270 362 aliorumque
1295 328 1418 354 moribus
1445 326 1629 359 eﬂ‘eratorum,
1659 333 1781 353 comnm-

997 375 1104 402 nionem
1121 374 1259 401 describit.
1290 374 1329 401 Tu
1356 381 1421 408 ergo
1445 373 1491 408 qui
1511 372 1621 400 divitum
1637 377 1664 400 et
1681 379 1784 406 paupe-

997 429 1068 454 rum,
1093 421 1277 454 improborum
1303 425 1330 447 et
1352 420 1484 447 bonorum
1515 419 1585 446 ﬁlios
1609 420 1634 446 in
1661 419 1780 447 Ecclesia

998 467 1125 495 collectos
1151 468 1234 499 vides,
1274 467 1422 502 prophetia:
1450 466 1634 493 testimonium
1664 465 1780 497 reddes,

998 521 1057 549 qua:
1071 514 1120 546 ait,
1143 523 1151 540 ι
1167 514 1199 540 Et
1210 512 1288 540 simul
1308 511 1390 540 catuli
1404 520 1497 539 eorum
1513 516 1602 539 erunt.
1625 521 1634 536 ι
1649 511 1704 538 Leo
1729 510 1781 538 ita-

998 554 1050 595 que
1075 564 1170 587 natura
1189 559 1359 591 carnivorus,
1384 558 1471 585 instar
1498 557 1625 584 animalis
1645 557 1780 584 herbivori

998 606 1072 641 palea
1095 606 1224 639 nutritus,
1246 605 1308 640 jure
1341 604 1477 631 habeatur
1495 611 1545 638 pro
1567 603 1676 630 homine
1695 602 1781 630 feraci

997 661 1028 680 ac
1042 653 1200 684 inlmmano,
1218 652 1262 686 qui
1280 651 1360 679 nu’das
1384 651 1482 677 divina:
1501 649 1647 685 Scriptum
1669 650 1779 679 lecti0ni

998 700 1122 735 gaudeat.
1149 699 1183 725 At
1202 698 1271 725 enim
1295 705 1371 725 mens
1391 697 1417 724 in
1443 696 1550 723 occulto
1569 696 1667 729 latens,
1691 696 1780 730 ipsum

999 746 1116 772 triticum
1132 752 1163 772 ac
1170 744 1282 772 verbum
1300 743 1442 770 animabus
1450 742 1554 769 alendis
1565 747 1675 777 aptum;
1690 742 1780 769 littera

997 799 1061 820 vero
1084 796 1199 819 mentem
1225 795 1253 818 et
1278 796 1388 817 scnsnm
1422 789 1615 823 complectens,
1640 789 1716 824 palea
1741 788 1783 815 fn-

997 840 1061 868 erit.

963 910 985 939 B
1034 928 1116 955 Vens.
1137 928 1163 956 8.
1181 937 1190 954 ι
1206 928 1238 956 Ει
1251 935 1317 963 puer
1337 927 1426 955 infans
1442 927 1468 954 in
1487 927 1619 955 foramina
1646 927 1780 962 aspidum,

999 977 1026 1000 et
1042 974 1067 1000 in
1088 973 1186 1000 cubilia
1211 973 1328 1000 filiorum
1357 973 1480 1006 aspidum
1508 980 1616 999 manum
1636 972 1749 1007 injiciet.
1768 982 1778 998 ι

1000 1019 1144 1047 Foramina
1161 1024 1189 1047 et
1209 1019 1306 1046 cubilia
1324 1020 1448 1054 aspidum
1465 1026 1497 1046 ac
1513 1019 1655 1054 progenies
1674 1026 1782 1050 eortnn,

1000 1065 1116 1093 fortasse
1137 1072 1252 1099 corpora
1278 1064 1380 1092 fuerint
1401 1073 1494 1092 eorum
1511 1065 1556 1099 qui
1577 1072 1592 1092 a
1613 1065 1782 1092 daemonibus

1001 1112 1150 1146 agitantur,
1168 1111 1212 1139 ubi
1228 1119 1277 1139 ceu
1293 1111 1319 1138 in
1336 1111 1454 1138 latibulis
1470 1115 1496 1138 et
1517 1110 1601 1138 foveis
1618 1110 1729 1145 reptiles
1743 1110 1781 1137 illi

999 1162 1027 1185 et
1043 1157 1167 1184 venenati
1183 1157 1294 1192 spiritus
1309 1157 1419 1189 cubant,
1435 1156 1575 1191 corporeis
1594 1156 1720 1184 sensibus
1733 1163 1782 1183 ceu

999 1203 1178 1231 foraminibus
1193 1207 1308 1230 utentes.
1337 1202 1391 1230 Hos
1415 1210 1497 1236 porro
1521 1209 1588 1237 puer
1613 1202 1725 1234 Christi,
1743 1202 1785 1229 vir

999 1251 1087 1286 quivis
1101 1251 1214 1286 simplex
1230 1255 1258 1278 et
1272 1250 1375 1277 malitia
1391 1250 1494 1282 infans,
1512 1250 1662 1278 Salvatoris
1684 1251 1785 1277 virtute

1001 1297 1145 1331 depellens.
1165 1305 1274 1324 manum
1290 1297 1366 1324 su'atn
1390 1297 1422 1324 iis
1444 1295 1543 1330 injicit,
1569 1296 1636 1324 nihil
1656 1296 1719 1323 mali
1739 1297 1782 1324 in-

1000 1343 1072 1371 ferre
1086 1343 1248 1374 valentibus.
1262 1348 1372 1378 propter
1391 1350 1452 1370 eum
1464 1343 1508 1378 qui
1533 1351 1563 1371 ex
1586 1343 1676 1370 radice
1697 1342 1782 1370 Jessze

998 1390 1108 1425 prodiit,
1138 1390 1183 1425 qui
1207 1394 1366 1424 potestatem
1393 1389 1455 1417 liliis
1472 1390 1527 1417 suis
1561 1389 1635 1416 dedit
1658 1389 1780 1416 calcandi

998 1443 1078 1471 supra
1102 1442 1242 1471 serpentes
1266 1442 1293 1464 οι
1321 1437 1494 1472 scorpiones,
1515 1441 1543 1463 εί
1564 1443 1643 1471 Supra
1672 1443 1780 1464 omnem

997 1480 1124 1507 virtutem
1142 1480 1253 1507 inimici.

1032 1525 1114 1553 Vens.
1128 1527 1155 1553 9.
1186 1526 1242 1553 «Et
1255 1534 1307 1553 non
1332 1526 1477 1559 nocebunt,
1504 1534 1553 1554 nec
1577 1531 1704 1561 poterunt
1718 1534 1778 1561 per-

998 1572 1062 1599 dere
1080 1579 1243 1606 quemquatn
1273 1572 1299 1599 in
1324 1577 1417 1600 monte
1443 1577 1538 1600 sancto
1568 1577 1624 1600 tuo.
1642 1581 1652 1598 ›
1677 1572 1725 1599 Hic
1739 1577 1781 1598 est

999 1625 1076 1645 mntis
1099 1617 1142 1645 ille
1163 1619 1288 1653 superius
1317 1624 1492 1651 memoratus,
1520 1625 1570 1645 nec
1599 1617 1679 1650 alius,
1699 1626 1780 1653 quam

998 1662 1108 1690 cmieste
1121 1668 1148 1690 et
1163 1663 1348 1698 evangelicum
1363 1664 1486 1697 verbum,
1502 1663 1528 1690 in
1543 1671 1596 1698 quo
1616 1665 1713 1691 dmnus
1733 1663 1779 1690 Dei

997 1713 1025 1736 et
1043 1709 1161 1736 Ecclesia
1177 1708 1235 1743 ejus
1250 1709 1383 1736 aedificata
1405 1713 1457 1736 est.
1485 1709 1523 1737 Ne
1546 1710 1608 1745 quis
1629 1709 1713 1745 igitur
1739 1710 1784 1737 hic

997 1760 1176 1781 memoratum
1193 1759 1321 1787 montem,
1335 1754 1409 1781 illutn
1427 1755 1541 1782 aestimet
1553 1762 1623 1788 esse,
1644 1764 1724 1791 quem
1735 1755 1783 1783 Ju-

997 1800 1048 1827 daei
1074 1800 1230 1834 opinantur.
1256 1800 1280 1826 in
1312 1800 1410 1835 angulo
1431 1800 1580 1828 Palmstinze
1603 1801 1696 1833 situm,
1719 1802 1782 1828 dicti

998 1851 1113 1873 mentent
1129 1846 1245 1880 explicat
1275 1853 1307 1873 ac
1335 1845 1484 1881 subjungit,
1508 1856 1517 1871 ε
1533 1846 1601 1879 Quia
1622 1847 1721 1881 repleta
1739 1845 1782 1873 est

998 1893 1122 1920 universa
1161 1898 1234 1920 terra
1265 1892 1418 1928 cognitione
1443 1893 1560 1926 Domini,
1595 1893 1632 1920 ita
1657 1898 1686 1920 ut
1711 1901 1780 1928 aqua

997 1939 1079 1966 multa
1095 1939 1201 1974 operiat
1217 1939 1322 1967 maria:
1339 1949 1349 1966 ι
1370 1940 1408 1967 sic
1428 1939 1552 1967 indicans
1570 1939 1718 1967 Ecclesiam
1733 1938 1779 1966 Dei

996 1993 1045 2020 per
1060 1990 1146 2012 totum
1157 1985 1250 2012 orbem
1266 1985 1428 2017 stabilitam,
1452 1985 1579 2020 piamque
1593 1986 1779 2021 cognitionem

997 2032 1023 2059 in
1046 2032 1089 2059 illa
1119 2031 1306 2066 prazdicatam,
1329 2039 1389 2066 quae
1408 2037 1492 2059 totam
1513 2032 1640 2067 nequitia:
1669 2031 1780 2066 hujusce

996 2079 1058 2106 vitae
1083 2078 1246 2113 salsuginem
1268 2085 1317 2106 ceu
1334 2085 1430 2113 magno
1447 2086 1579 2113 aquarum
1595 2077 1678 2106 fluctu
1700 2079 1781 2106 inun-

996 2125 1053 2157 det,
1072 2128 1100 2151 et
1117 2128 1198 2152 totam
1212 2123 1309 2151 anima:
1323 2124 1473 2159 nequitiam
1487 2129 1630 2159 expurget.

1031 2296 1114 2325 Vens.
1128 2295 1172 2324 £0.
1196 2305 1206 2322 ι
1221 2295 1254 2324 Et
1265 2297 1317 2324 erit
1331 2296 1358 2324 in
1375 2296 1418 2324 die
1431 2295 1475 2323 illa
1491 2295 1568 2323 radix
1582 2294 1676 2327 Jessas,
1690 2299 1719 2322 et
1731 2295 1779 2330 qui

997 2344 1116 2378 exsurgit
1137 2343 1273 2378 imperare
1289 2344 1435 2379 gentibus:
1452 2343 1477 2370 in
1496 2343 1554 2378 ipso
1571 2347 1664 2378 gentes
1687 2349 1781 2376 spera-

997 2390 1083 2417 bunt:
1104 2394 1132 2417 et
1158 2389 1211 2417 erit
1234 2390 1341 2424 requies
1365 2390 1423 2422 ejus
1449 2389 1567 2416 honor.»
1595 2388 1622 2415 In
1644 2388 1690 2416 illa
1716 2395 1782 2422 ergo

997 2435 1050 2467 die,
1072 2440 1102 2462 ut
1118 2435 1204 2471 palam
1228 2441 1286 2467 est,
1301 2436 1327 2462 in
1345 2440 1467 2470 tempore
1484 2443 1499 2462 a
1517 2434 1657 2470 prophetia
1676 2438 1779 2465 notato,

996 2481 1040 2510 hic
1054 2482 1112 2516 ipse
1127 2482 1172 2517 qui
1191 2489 1222 2509 ex
1242 2482 1332 2509 radice
1345 2481 1429 2509 Jessze
1445 2486 1619 2508 surrecturus
1635 2484 1688 2511 est,
1708 2485 1781 2514 post-

995 2535 1076 2563 quam
1098 2528 1265 2561 surrexerit,
1289 2528 1314 2555 id
1336 2533 1393 2559 est,
1412 2532 1473 2562 post
1496 2526 1723 2555 resurrectionem
1748 2533 1781 2554 ex

994 2575 1118 2606 nertuls,
1144 2581 1195 2600 non
1221 2573 1375 2602 Judteorum
1400 2581 1447 2600 rex
1472 2573 1538 2605 erit,
1565 2579 1653 2606 neque
1671 2572 1783 2606 perinde

994 2623 1074 2653 atque
1090 2619 1172 2645 David
1186 2618 1299 2655 ejusque
1318 2625 1502 2648 successores,
1521 2617 1548 2644 in
1565 2624 1649 2651 parvo
1663 2617 1780 2652 quodam

993 2664 1090 2700 angulo
1113 2664 1265 2700 imperabit,
1286 2664 1334 2692 sed
1352 2664 1379 2691 in
1399 2664 1553 2691 universam
1571 2667 1671 2690 terram
1696 2663 1783 2698 impe-

993 2711 1061 2737 rium
1076 2710 1216 2737 obtinebit.
1232 2709 1321 2743 Quare
1336 2717 1466 2744 nusquam
1480 2709 1539 2744 ejus
1553 2713 1667 2746 mortem
1681 2709 1782 2744 scripto

993 2755 1083 2788 tradit,
1095 2756 1142 2783 sed
1160 2755 1283 2790 requiem
1299 2760 1386 2789 vocat,
1401 2754 1512 2790 gloriam
1529 2759 1556 2782 et
1572 2754 1713 2782 honorem.
1730 2755 1781 2784 Hic

991 2802 1089 2837 quippe
1110 2801 1264 2830 Servatoris
1282 2802 1366 2829 nostri
1382 2808 1446 2836 erga
1473 2800 1597 2828 homines
1622 2802 1781 2829 ceconomias

992 2847 1053 2875 ﬁnis
1078 2853 1137 2876 erat
1161 2857 1168 2875 :
1194 2849 1264 2882 quod
1297 2848 1353 2882 ipse
1386 2846 1516 2875 Servator
1547 2847 1648 2875 indicat
1674 2847 1701 2875 in
1729 2855 1776 2874 sua

993 2895 1025 2924 ad
1049 2894 1156 2923 Patrem
1183 2895 1306 2923 oratione
1328 2895 1371 2923 his
1389 2893 1500 2922 verbis:
1521 2902 1531 2920 ι
1546 2893 1637 2927 Pater,
1659 2894 1777 2929 gloriﬂca
