2059 3215
288 185 339 214 "‘5

606 184 741 213 EUSEBll
761 185 1000 214 CESARIENSIS
1020 186 1094 215 OPP.
1115 187 1204 215 PARS
1223 187 1266 215 ΙΙΙ.
1286 202 1320 209 --
1341 187 1548 216 EXEGETICA.

1863 194 1915 222 Πὸ

287 250 331 270 me
354 242 438 278 gloria
464 248 544 276 quam
571 241 670 274 habui,
693 245 837 277 antequam
865 244 979 270 mundus
1003 248 1074 271 esset

1126 253 1158 279 με
1173 245 1206 280 τῇ
1222 243 1286 280 δόξῃ
1331 241 1402 279 εἶχον
1419 244 1471 280 πρὸ
1492 244 1538 271 τοῦ
1555 243 1600 271 τδν
1623 245 1726 281 κόσμον
1740 243 1820 281 εἶναι,
1839 252 1915 287 παρὰ

288 290 357 323 apud
378 294 415 316 te.
428 298 438 315 ι

323 335 403 363 Vens.
420 335 464 362 Η.
482 344 491 360 ι
506 334 540 361 Et
557 334 611 362 erit
625 334 651 360 in
667 333 710 361 die
732 333 792 366 illa,
808 333 917 368 adjiciet
943 334 1074 363 Dominus

287 382 428 410 ostemlcre
452 389 560 408 manum
585 387 677 411 suam,
699 379 732 407 ad
763 380 903 407 zelandum
936 381 1073 408 residuqu

287 428 395 463 populi,
420 427 491 463 quod
518 417 641 454 relictum
673 425 753 454 fuerit
776 427 810 453 ab
829 426 966 462 Assyriis,
990 431 1016 454 et
1041 427 1075 454 ab

286 473 402 509 Egypto
413 479 440 501 et
453 481 467 500 a
485 473 643 508 Babylonia,
659 478 686 500 et
706 472 739 499 ab
757 471 908 506 Ethiopia,
923 477 951 499 et
964 472 998 499 ab
1014 473 1075 500 Ela-

287 521 371 552 mitis,
391 519 465 547 etab
487 525 548 546 ortu
570 519 644 551 solis,
666 523 692 545 et
709 525 743 546 ex
766 518 876 545 Arabia.
899 518 966 551 Quia
993 518 1076 552 igitur

286 567 415 602 propheta
437 573 511 598 eum,
524 565 569 600 qui
584 572 615 592 ex
636 565 726 592 radice
746 563 830 591 Jessa:
855 570 948 599 surget
966 565 999 592 ad
1024 565 1076 591 im-

287 613 434 647 perandum
449 612 584 647 gentibus,
599 611 762 640 vaticinatus
776 615 829 643 est,
844 611 1007 646 adjecitque,
1022 619 1031 637 ι
1048 611 1074 638 in

286 666 348 687 eum
368 663 461 694 gentes
476 658 637 693 sperabunt;
653 667 662 684 ι
683 657 825 685 Judaicum
844 658 907 684 item
925 664 1011 691 genus
1029 665 1077 685 ne-

286 705 406 734 cessario
426 710 559 733 memorat
583 707 609 732 in
633 704 776 739 praesenti;
805 711 840 731 ne
865 704 926 738 quis
952 704 1075 738 suspica-

289 759 364 781 retur
377 761 451 785 eum,
467 753 513 788 qui
529 752 555 780 in
573 752 717 788 prophetia
739 750 836 783 fertur,
857 750 954 786 populo
969 758 1002 777 ex
1022 750 1075 778 cir-

287 801 455 829 cumcisione
479 799 548 827 nihil
568 798 695 826 utilitatis
722 797 866 825 allaturum
901 804 971 825 esse.
992 797 1076 825 Docet

287 847 389 882 itaque.
412 854 466 882 quo
484 851 564 881 pacto
586 855 595 871 ι
613 846 638 872 in
661 844 704 872 die
726 844 809 876 illa;i
829 843 855 871 id
876 848 933 876 est,
957 848 1076 878 tempore

287 895 418 921 adventus
440 892 486 928 qui
503 892 528 920 in
542 891 670 918 vaticinio
684 890 853 922 enuntiatur,
872 899 882 916 ι
897 890 1005 924 adiiciet
1022 890 1074 917 Do-

288 939 378 966 minus
398 937 540 965 oslendere
557 944 665 964 manum
688 943 776 969 snam,
792 936 825 963 ad
842 935 983 963 zelandnm
1007 935 1074 962 resi-
1090 924 1111 954 Β

287 985 369 1012 duum
385 983 486 1019 populi.
499 992 509 1010 ι
526 983 578 1011 Pro
591 990 645 1018 quo
665 982 779 1018 Aquila,
798 991 807 1007 ι
827 980 954 1015 Adjiciet,
976 981 1073 1016 inquit,

287 1030 416 1058 Dominus
436 1029 556 1057 secundo
571 1036 678 1056 manum
697 1036 785 1059 suam.
807 1028 840 1055 ad
864 1027 1004 1055 zelandum
1033 1034 1076 1054 re-

287 1077 394 1105 siduum
418 1076 510 1112 populi
535 1075 617 1108 sui“
639 1075 830 1111 Symmachus,
855 1083 864 1100 ι
879 1073 995 1109 Adjiciet
1020 1072 1074 1100 Do-

288 1123 377 1151 minus
394 1122 513 1150 secundo
536 1129 645 1148 manum
665 1129 754 1154 suam,
769 1121 801 1147 ad
819 1119 1012 1156 possidendum
1032 1126 1075 1147 re-

287 1170 395 1197 siduum
411 1168 502 1204 populi
516 1167 569 1196 sui.
582 1177 591 1194 ι
609 1168 841 1201 Quemadmodum
859 1167 932 1194 enim
946 1166 1074 1194 alllictum

286 1215 428 1244 Judaicum
443 1213 570 1250 populum
584 1213 667 1241 semel
682 1213 715 1240 ab
732 1213 907 1247 oppressione
931 1212 1074 1245 liberavit,

290 1267 370 1288 manu
394 1267 443 1287 sua
461 1258 624 1286 mirabiliqu
649 1257 784 1286 ell’ectrice
809 1266 857 1292 per
884 1257 1008 1294 Bloysenr
1024 1264 1074 1285 ex-

290 1311 386 1334 tensa:
402 1313 454 1340 qua
472 1312 553 1332 ntanu
573 1304 702 1339 stupenda
725 1304 768 1331 illa
785 1304 906 1339 prodigia
923 1304 950 1331 in
967 1303 1074 1339 Egypti

289 1352 400 1387 regione
422 1351 521 1384 edidit;
544 1351 639 1378 eodem
664 1351 743 1378 modo
768 1350 866 1377 iterum
888 1349 998 1385 adiiciet
1023 1357 1076 1376 ma-

289 1407 352 1427 num
369 1406 457 1429 suam,
477 1398 554 1433 quasi
571 1398 690 1425 secunda
708 1404 767 1424 Vice
784 1396 951 1424 mirabilibus
965 1396 1074 1424 edendis

287 1445 414 1480 operibus
429 1444 502 1474 illam
525 1451 655 1477 mavelis;
673 1448 701 1471 ut
722 1443 858 1471 residuum
877 1443 967 1478 populi
987 1441 1074 1478 possi-

288 1491 359 1525 deat,
374 1498 405 1518 ac
422 1491 541 1518 studiose
561 1494 713 1518 conservet.
739 1489 806 1516 Nam
824 1490 880 1516 sive
903 1490 930 1516 in
951 1488 1076 1525 Assyrio-

289 1546 348 1565 rnm
375 1538 503 1572 regione,
525 1538 584 1565 sive
608 1537 634 1564 itt
659 1536 791 1572 (Egypto,
820 1536 845 1563 in
871 1535 1022 1571 Babylone,
1047 1535 1074 1562 in

288 1584 439 1619 Ethiopia,
454 1584 479 1612 in
499 1583 674 1611 Elamitarmn
691 1588 773 1615 terra,
787 1591 819 1610 ac
835 1583 861 1610 in
877 1583 988 1617 reliquis
1000 1582 1073 1609 orbis
1088 1600 1109 1630 ο

288 1632 410 1667 partibus
423 1638 457 1659 ex
479 1631 588 1659 Judaica
604 1636 683 1666 gente
705 1631 815 1665 quidam
832 1630 946 1665 dispersi
960 1634 1071 1658 essent:

288 1686 321 1705 ex
333 1685 426 1705 eorum
443 1684 554 1705 numero
567 1684 614 1705 eos
633 1677 678 1712 qui
695 1677 722 1704 in
735 1676 874 1704 Christum
888 1676 1073 1708 crediderunt,

287 1731 320 1751 ac
340 1723 486 1751 secundum
513 1723 674 1751 electionem
701 1723 795 1757 gratiae
820 1722 957 1750 residuum
983 1721 1074 1750 edet-ti

287 1774 361 1802 sunt,
376 1769 461 1804 gloria
484 1768 640 1797 alliciendos
659 1774 687 1796 et
700 1769 821 1796 studiose
844 1772 993 1796 servandos
1013 1775 1074 1796 esse

287 1815 388 1843 dictum
410 1819 463 1843 est.
485 1814 562 1848 Quod
585 1822 651 1842 sane
672 1814 737 1850 ipsis
757 1814 885 1849 operibus
908 1814 1073 1842 declaratum

286 1865 347 1888 est:
363 1868 426 1888 nam
443 1867 490 1896 per
503 1860 651 1896 discipulos
669 1865 697 1887 et
713 1860 849 1895 apostolos
866 1860 961 1895 ipsius,
978 1868 1010 1889 ac
1025 1868 1073 1895 per

286 1907 355 1936 alios
370 1915 405 1936 ex
426 1906 536 1938 Judaeis,
558 1907 604 1942 qui
623 1907 723 1935 Christi
747 1907 856 1934 verbum
880 1912 1073 1941 susceperunt,

287 1955 409 1982 Ecclesia
428 1953 475 1981 Dei
495 1954 642 1981 constituta
662 1958 723 1982 est:
739 1961 789 1989 per
802 1961 849 1981 eos
864 1953 929 1982 item
953 1953 1073 1981 Ecclesia

287 2002 407 2036 gentium
422 2001 544 2029 onmium
568 2000 685 2033 coaluit,
708 2009 740 2028 ac
761 2000 894 2028 universis
918 2000 1075 2028 nationibus

288 2046 464 2082 Evangelium
487 2046 618 2074 traditum
641 2050 709 2074 est:
734 2047 789 2073 Deo
810 2046 906 2081 signis,
932 2046 1073 2082 prodigiis,

287 2093 425 2127 variisque
447 2092 591 2120 virtutibus
605 2099 647 2119 ac‘
660 2091 762 2127 Spiritu
784 2097 878 2119 sancto
900 2099 950 2127 per
971 2092 1074 2127 gratiae

286 2146 346 2166 rum
372 2138 518 2166 ditisiones
544 2138 728 2166 testimonium
757 2146 836 2165 suum
872 2138 998 2166 addente.
1021 2138 1074 2166 Eos

287 2189 377 2212 autem
394 2185 441 2219 qui
468 2185 578 2212 verbum
602 2184 707 2212 abillis
733 2185 908 2219 praedicatum
932 2191 1072 2218 accepere,

288 2231 339 2259 sub
359 2230 443 2259 tutela
467 2239 516 2258 sua
544 2230 614 2258 Deus
637 2231 757 2258 studiose
780 2230 868 2264 fovet,
889 2235 917 2259 et
941 2230 1075 2266 gloriosos

287 2278 358 2314 apud
375 2285 470 2306 omnes
485 2278 575 2305 eilieit.

325 2370 405 2398 Vsus.
420 2369 462 2398 12.
485 2378 495 2395 ί
511 2369 544 2397 Et
559 2369 657 2398 levabit
678 2369 784 2405 signum
801 2369 827 2397 in
847 2374 952 2404 gentes,
967 2375 995 2397 et
1009 2377 1074 2397 con-

286 2417 409 2452 gregabit
430 2415 549 2452 perditos
565 2415 656 2449 Israel,
672 2421 699 2443 et
715 2416 852 2450 dispersos
875 2415 942 2444 Iuda
960 2423 1074 2449 congre-

285 2463 359 2499 gabit
379 2470 414 2491 ex
437 2467 552 2498 quatuor
576 2463 626 2490 alis
652 2467 742 2490 terrae.
764 2462 797 2490 Et
829 2462 966 2490 auferetur
997 2461 1073 2489 zelus

285 2510 434 2546 Ephraitn,
466 2514 494 2537 et
527 2509 629 2537 inimici
667 2508 736 2536 Juda
775 2509 911 2543 peribunt.
944 2508 1072 2543 Ephraim

285 2565 337 2585 non
360 2556 529 2585 aamulabitur
551 2554 665 2588 ludam,
689 2560 717 2583 et
741 2554 826 2583 Judas
853 2562 907 2582 non
933 2554 1074 2587 tribulabit

284 2603 445 2639 Ephraim.»
467 2602 535 2630 Nam
560 2601 659 2630 Christi
686 2601 811 2636 discipttli
838 2600 871 2628 iis
888 2600 934 2635 qui
957 2607 990 2628 ex
1016 2600 1072 2628 cir-

284 2650 451 2677 cumcisione
470 2652 559 2680 erant,
575 2648 661 2684 primo
677 2646 866 2682 praedicantes,
882 2654 914 2674 ex
933 2646 999 2681 ipsis
1015 2654 1072 2680 eos,

284 2695 330 2730 qui
347 2695 532 2728 crediderunt,
549 2697 749 2729 congregarunt
763 2693 789 2720 in
807 2692 927 2720 Ecclesia
946 2692 1046 2720 Christi
1063 2702 1071 2721 :

284 2740 330 2776 qni
353 2748 421 2768 sane
435 2740 500 2768 olim
517 2741 664 2775 perierant,
686 2742 717 2766 ut
741 2737 871 2766 Servator
887 2737 1008 2765 declarat
1030 2737 1074 2765 his

285 2787 384 2820 verbis,
400 2795 410 2813 ι
425 2785 465 2815 Ite
476 2787 508 2815 ad
521 2793 596 2819 oves,
610 2793 669 2822 qua:
680 2785 818 2820 perierunt
829 2784 1072 2812 domuslsrael'°.i

284 2832 348 2860 Hac
376 2839 456 2868 porro
480 2832 606 2861 fecerunt
633 2832 660 2860 in
690 2835 808 2868 quatuor
834 2829 885 2859 alis
904 2829 961 2858 sive
988 2829 1074 2866 plagis

319 2924 342 2940 τ’
362 2922 456 2951 Matth.
472 2930 501 2956 ι,
515 2921 541 2949 6.

1125 291 1176 318 σοί.
1199 301 1208 316 ι

1162 347 1171 363 ι
1188 337 1245 363 Καὶ
1259 337 1334 364 ἐσται
1348 338 1381 372 τῇ
1397 337 1489 373 ἡμέρᾳ
1504 337 1607 375 ἐκείνῃ,
1621 340 1771 376 προσθήσει
1784 342 1799 368 ό
1814 342 1918 378 Κύριος

1124 383 1171 410 τοῦ
1187 383 1271 416 δεῖξαι
1287 382 1336 419 τὴν
1358 384 1436 419 χεῖρα
1460 384 1553 416 αὑτοῦ,
1579 385 1626 412 τοῦ
1646 386 1766 422 ζηλῶσαι
1779 387 1810 415 τὺ
1829 397 1916 415 κατα-

1124 429 1231 464 λειφθὲν
1248 430 1394 457 ὑπόλοιπον
1415 430 1463 457 τοῦ
1483 430 1560 463 λαοῦ,
1583 432 1597 458 ὃ
1619 432 1652 460 ἂν
1671 434 1838 470 καταλειφθῇ
1862 435 1918 462 ἀπὸ

1124 476 1179 503 τῶν
1203 476 1354 513 Ἀσσυρίων
1375 478 1424 504 καὶ
1443 478 1496 505 ἀπὸ
1515 479 1667 513 Αἰγύπτου,
1681 481 1727 507 καὶ
1754 481 1808 508 ἀπὸ
1825 482 1916 509 Βαϐυ-

1124 522 1232 555 λωνίας,
1254 523 1300 549 καὶ
1315 522 1368 550 ἀπὸ
1381 523 1533 556 Αἰθιοπίας,
1550 525 1597 552 καί¹
1616 525 1777 561 Ἐλαμιτῶν,
1793 527 1839 554 καὶ
1861 523 1917 555 ἀπὸ

1125 567 1199 604 ἡλίου
1220 567 1367 600 ἀνατολῶν,
1386 568 1433 594 καὶ
1452 568 1481 601 ἐξ
1509 569 1645 604 Ἀραϐίας.
1668 579 1677 596 ι
1700 571 1807 608 Ἐπειδὴ
1827 572 1917 599 τοίνυν

1124 615 1170 641 τὸν
1187 614 1364 650 ἀνιστάμενον
1379 616 1412 641 ὲκ
1429 615 1506 651 ῥίζης
1527 616 1626 643 Ἰεσσαὶ
1651 616 1744 653 ἄρξειν
1758 618 1813 644 τῶν
1830 618 1917 646 ἐθνῶν

1125 661 1267 688 ἐθέσπισεν
1279 662 1293 688 ό
1309 661 1461 697 προφήτης,
1474 661 1520 688 καὶ
1535 663 1684 698 ἐπήγαγεν,
1701 663 1741 690 ὅτι
1759 674 1768 690 ι
1791 664 1918 701 ὲπ¹αὺτῷ

1125 707 1189 744 έθνη
1211 707 1358 735 ἐλπιοῦσιν·
1377 717 1386 734 ι
1405 708 1563 742 ἀναγκαίως
1576 709 1622 736 καὶ
1639 709 1685 736 τοῦ
1705 710 1851 738 Ἰουδαῖκοῦ
1869 712 1916 746 γέ-

1125 761 1188 785 νους
1213 753 1348 789 μέμνηται
1372 753 1416 780 διὰ
1439 753 1486 780 τοῦ
1511 754 1701 790 προκειμένου,
1729 755 1797 792 πρὸς
1819 756 1850 783 τὸ
1877 758 1916 793 μὴ

1125 799 1268 827 ὑπολαϐεῖν
1280 799 1324 826 τὸν
1335 799 1571 836 προφητευόμενον
1597 801 1680 837 μηδὲν
1698 801 1848 839 ὠφελήσειν
1869 803 1916 830 τὸν

1126 849 1157 875 ὲκ
1169 847 1318 883 περιτομῆς
1333 847 1406 874 λαόν.
1426 847 1551 875 Διδάσκει
1567 848 1668 882 τοίνυν,
1683 848 1720 881 ὡς
1731 849 1760 877 ὲν
1777 851 1809 885 τῇ
1825 850 1917 887 ἡμέρᾳ

1127 894 1228 930 ἐκείνῃ,
1247 894 1385 921 τουτέστιν
1402 895 1430 921 ὲν
1446 894 1485 930 τῷ
1507 895 1595 930 χρόνῳ
1612 895 1663 930 τῆς
1684 896 1843 931 ἐπιφανείας
1866 897 1915 924 τοῦ

1125 940 1329 976 θεσπιζομένου,
1342 950 1352 967 ι
1374 941 1521 977 προσθήσει
1535 941 1635 978 Κύριος
1645 941 1693 968 τοῦ
1705 942 1789 974 δεῖξαι
1799 942 1847 979 τὴν
1862 944 1917 979 χεῖ-

1127 995 1159 1022 ρα
1177 985 1269 1019 αὐτοῦ,
1288 986 1336 1013 τοῦ
1358 986 1478 1022 ζηλῶσαι
1499 986 1529 1013 τὸ
1550 987 1727 1022 καταλειφθὲν
1743 988 1789 1014 τοῦ
1806 988 1881 1015 λαοῦ.
1902 998 1913 1014 ι

1131 1029 1243 1060 ’Δνθ”οὗ
1263 1033 1277 1059 ὸ
1305 1033 1354 1068 μὲν
1378 1032 1504 1065 Ἀκύλας,
1530 1043 1540 1058 ι
1557 1033 1730 1069 Προσθήσει,
1755 1034 1834 1070 φησὶ,
1859 1034 1916 1060 Κύ-

1126 1088 1183 1116 ριος
1193 1078 1317 1115 δεύτερον
1329 1079 1377 1115 τὴν
1395 1080 1473 1115 χεῖρα
1487 1078 1581 1110 αὑτοῦ,
1596 1079 1643 1106 τοῦ
1660 1079 1780 1115 ζηλῶσαι
1799 1080 1830 1107 τὸ
1847 1080 1915 1107 ὑπό-

1125 1126 1229 1161 λειμμα
1242 1124 1288 1151 τοῦ
1300 1123 1365 1151 λαοῦ
1382 1123 1474 1151 αὑτοῦ·
1496 1133 1506 1150 ι
1523 1124 1575 1151 est
1589 1123 1746 1159 Σύμμαχος,
1765 1133 1774 1150 ι
1793 1124 1914 1160 Προσθή-

1108 1177 1111 1181 ·
1125 1179 1167 1197 σει
1181 1170 1283 1206 Κύριος
1303 1170 1335 1197 ὲκ
1349 1169 1475 1206 δευτέρου
1490 1169 1540 1205 τὴν
1557 1171 1635 1206 χεῖρα
1659 1169 1742 1197 αὐτοῦ
1762 1170 1915 1205 κτήσασθαι

1124 1217 1155 1244 τὸ
1179 1217 1336 1252 ὑπόλειμμα
1350 1216 1396 1243 τοῦ
1419 1216 1485 1243 λαοῦ
1502 1215 1594 1244 αὑτοῦ.
1616 1225 1626 1242 ι
1639 1214 1754 1252 ’Ὥσπερ
1773 1216 1827 1253 γὰρ
1841 1217 1915 1250 ἅπαξ

1125 1263 1190 1290 ποτὲ
1209 1263 1238 1290 ἐν
1252 1262 1382 1298 Αἰγύπτῳ
1398 1261 1633 1298 καταπονούμενον
1644 1262 1690 1288 τὸν
1704 1262 1757 1289 τῶν
1780 1262 1914 1289 Ἰουδαίων

1124 1309 1187 1337 λαὸν
1201 1309 1371 1345 ἠλευθέρωσε
1378 1309 1428 1344 τῆς
1443 1309 1601 1340 κακώσεως,
1612 1309 1662 1344 τὴν
1675 1311 1754 1345 χεῖρα
1767 1309 1849 1336 αὑτοῦ
1866 1309 1915 1345 τὴν

1125 1365 1163 1384 πα
1167 1356 1336 1393 ραδοξοποιὸν
1344 1358 1387 1385 διὰ
1397 1357 1535 1388 Μωῦσέως
1550 1357 1784 1393 προστησάμενος,
1791 1356 1824 1382 δι’
1834 1352 1868 1392 ἧς
1878 1355 1913 1382 τὰ

1126 1403 1263 1440 παράδοξα
1271 1403 1396 1439 θαύματα
1402 1403 1548 1440 εἰργάσατο
1557 1403 1602 1430 ἐπὶ
1610 1403 1659 1439 τῆς
1666 1403 1803 1438 Αἰγύπτου
1812 1403 1913 1438 χώρας·

1124 1449 1170 1477 τὸν
1184 1450 1265 1477 αὑτὸν
1283 1451 1383 1485 τρόπον
1401 1450 1550 1486 προσθήσει
1566 1449 1646 1476 πάλιν
1664 1449 1714 1485 τὴν
1726 1450 1804 1485 χεῖρα
1820 1448 1913 1481 αὑτοῦ,

1125 1493 1220 1531 ὥσπερ
1227 1496 1259 1522 ἐκ
1266 1495 1392 1531 δευτέρου
1405 1494 1488 1522 κινῶν
1498 1494 1582 1529 αὐτὴν
1593 1494 1637 1521 διὰ
1648 1494 1805 1530 παραδόξων
1815 1494 1914 1530 ἔργων,

1125 1540 1195 1577 ὑπὲρ
1208 1541 1254 1568 τοῦ
1269 1541 1431 1576 κτήσασθαι,
1441 1540 1489 1567 καὶ
1498 1541 1617 1576 ζηλωτὸν
1632 1541 1742 1576 ποιῆσαι
1750 1541 1780 1567 τδ
1791 1541 1915 1568 καταλει-

1126 1585 1191 1620 φθὲν
1207 1586 1254 1613 τοῦ
1271 1585 1345 1613 λαοῦ.
1363 1586 1425 1613 Εἴτε
1435 1586 1491 1622 γὰρ
1500 1587 1529 1612 ὲν
1541 1587 1573 1622 τῇ
1587 1586 1640 1613 τῶν
1661 1587 1810 1623 Ἀσσυρίων
1827 1587 1913 1623 χώρᾳ,

1126 1633 1181 1659 εἴτε
1196 1633 1224 1658 ὲν
1236 1632 1376 1668 Αἰγύπτῳ,
1391 1633 1445 1659 εἴτε
1462 1634 1490 1659 ὲν
1504 1632 1654 1664 Βασυλῶνι,
1670 1633 1726 1659 εἴτε
1740 1633 1913 1669 ὲνΑίθιοπίᾳ,

1125 1677 1178 1704 εἴτε
1190 1678 1219 1704 ὲν
1231 1679 1264 1713 τῇ
1277 1679 1312 1714 γῇ
1320 1678 1373 1705 τῶν
1380 1705 1382 1710 ,
1390 1679 1549 1714 Ἐλαμιτῶν,
1562 1679 1617 1706 εἴτε
1627 1681 1660 1716 τῇ
1670 1679 1749 1715 λοιπῇ
1758 1680 1914 1716 οἰκουμένῃ,

1123 1723 1317 1760 διεσπαρμένοι
1330 1724 1402 1756 τινὲς
1415 1722 1485 1760 ἦσαν
1500 1725 1546 1752 τοῦ
1579 1725 1714 1752 Ἰουδαίων
1735 1725 1916 1763 ἔθνουςχτού-

1124 1777 1178 1796 των
1185 1769 1273 1796 αὐτῶν
1281 1770 1343 1801 τοὺς
1355 1770 1394 1801 είς
1410 1769 1455 1796 τὸν
1467 1770 1584 1805 Χριστὸν
1600 1771 1826 1802 πεπιστευκότας,
1839 1770 1915 1805 λείμ-

1127 1823 1165 1850 μα
1179 1815 1239 1842 κατ’
1257 1814 1372 1850 ἐκλογὴν
1392 1815 1504 1851 χάριτος
1527 1815 1701 1850 γενομένους,
1724 1815 1846 1847 δοξάσειν
1868 1815 1915 1842 καὶ

1125 1861 1249 1897 ποιήσειν
1262 1860 1398 1896 ζηλωτοὺς
1413 1861 1529 1897 είρηται.
1545 1862 1577 1888 Ὃ
1596 1861 1628 1897 δὴ
1646 1862 1692 1888 καὶ
1707 1861 1798 1897 ἔργοις
1810 1862 1915 1898 ἐδηλοῦ-

1124 1915 1164 1934 το·
1182 1907 1226 1934 διὰ
1237 1907 1291 1943 γὰρ
1305 1907 1359 1934 τῶν
1374 1907 1456 1934 αὐτοῦ
1474 1907 1602 1943 μαθητῶν
1618 1908 1666 1934 καὶ
1677 1909 1843 1941 ἀποστόλων,
1861 1909 1914 1935 τῶν

1124 1962 1155 1980 τε
1168 1952 1269 1980 λοιπῶν
1283 1953 1337 1980 τῶν
1347 1953 1376 1985 ἐξ
1392 1953 1526 1980 Ἰουδαίων
1541 1954 1587 1980 τὸν
1599 1955 1717 1990 Χριστοῦ
1733 1955 1812 1989 λόγον
1824 1963 1914 1992 παρα-

1124 1998 1302 2035 δεδεγμένων,
1318 2000 1335 2035 ή
1357 1999 1504 2035 Ἐκκλησία
1526 2000 1573 2027 τοῦ
1588 2001 1655 2027 Θεοῦ
1676 2000 1802 2036 συνέστη,
1827 2001 1874 2028 καὶ
1898 2001 1914 2036 ἡ

1132 2046 1279 2082 Ἐκκλησία
1292 2046 1346 2073 τῶν
1359 2045 1442 2073 ὲθνῶν
1452 2047 1579 2074 ἀπάντων
1587 2047 1620 2074 δι’
1635 2048 1723 2074 αὐτῶν
1737 2047 1914 2082 ἀπετελέσθη,

1126 2091 1217 2118 καὶτὸ
1234 2091 1398 2126 Εὐαγγέλιω
1422 2093 1488 2119 πᾶσι
1510 2092 1635 2119 διεδίδοτο
1654 2094 1710 2125 τοῖς
1735 2092 1833 2125 ἔθνεσι,
1853 2102 1915 2120 συν-

1125 2137 1375 2173 επιμαρτυροῦντος
1386 2136 1433 2163 τοῦ
1448 2135 1516 2163 Θεοῦ
1529 2137 1662 2173 σημείοις,
1679 2138 1726 2165 καὶ
1741 2138 1848 2173 τέρασι,
1867 2139 1913 2165 καὶ

1126 2182 1261 2214 ποικίλαις
1274 2183 1414 2218 δυνάμεσι,
1432 2182 1479 2210 καὶ
1493 2182 1652 2219 Πνεύματος
1667 2184 1746 2218 ἁγίου
1761 2187 1913 2220 μερισμοῖς·

1125 2229 1172 2261 οὓς
1188 2230 1235 2256 καὶ
1250 2229 1386 2266 ζηλωτοὺς
1400 2230 1414 2257 ὁ
1429 2229 1494 2262 Θεὸς
1508 2231 1604 2263 ἐποίει,
1620 2232 1666 2258 καὶ
1683 2231 1759 2267 παρὸ.
1772 2233 1855 2259 πᾶσιν
1871 2233 1914 2259 ὲν-

1091 2280 1112 2309 D
1126 2275 1228 2309 δόξους,
1244 2277 1306 2308 τοὺς
1330 2277 1376 2304 τὸν
1397 2277 1649 2313 καταγγελλόμενον
1669 2277 1716 2304 ὑπ’
1737 2278 1826 2305 αὐτῶν
1838 2278 1915 2313 λόγον

1129 2322 1374 2358 παραδεχομένους.

1166 2379 1175 2394 ι
1188 2369 1245 2396 Καὶ
1261 2369 1322 2404 διρεί
1345 2371 1457 2406 σημεῖον
1473 2371 1513 2402 εἰς
1524 2370 1558 2398 τὰ
1574 2371 1649 2407 ἔθνη,
1665 2372 1712 2399 καὶ
1732 2371 1840 2405 συνάξει
1856 2372 1915 2404 τοὺς

1127 2413 1311 2449 ἀπολομένους
1333 2414 1451 2451 Ἰσραὴλ,
1468 2416 1516 2442 καὶ
1528 2417 1591 2448 τοὺς
1601 2416 1816 2452 διεσπαρμένους
1834 2416 1916 2443 Ἰούδα

1128 2459 1236 2492 συνάξει
1258 2461 1290 2487 ἐκ
1313 2461 1367 2488 τῶν
1381 2461 1522 2496 τεσσάρων
1545 2462 1687 2498 πτερύγων
1709 2463 1759 2498 τῆς
1773 2462 1836 2497 γῆς.
1863 2462 1917 2489 Καὶ

1126 2506 1340 2543 ἀφαιρεθήσεται
1353 2508 1367 2534 ὁ
1384 2508 1464 2543 ζῆλος
1477 2508 1608 2544 Ἐφραῒμ,
1622 2509 1668 2535 καὶ
1680 2509 1704 2535 οἱ
1719 2508 1810 2545 ἐχθροὶ
1833 2508 1917 2535 Ἰούδα

1125 2551 1299 2579 ἀπολοῦνται.
1319 2552 1439 2588 Ἐςρραῖμ
1454 2553 1484 2579 ού
1498 2552 1613 2588 ζηλώσει
1630 2553 1739 2587 Ἰούδαν,
1753 2553 1799 2580 καὶ
1819 2553 1918 2585 Ἰούδας

1125 2597 1155 2624 ού
1181 2596 1269 2633 θλίψει
1299 2598 1427 2634 Ἐφραῖμ.
1443 2608 1453 2623 ι
1481 2597 1603 2634 Πρώτοις
1628 2599 1682 2634 γὰρ
1697 2598 1878 2634 κηρύττοντες
1893 2599 1917 2625 οἱ

1127 2644 1245 2680 Χριστοῦ
1264 2644 1381 2680 μαθηταὶ
1392 2646 1446 2676 τοῖς
1460 2645 1492 2672 ὲκ
1509 2646 1668 2682 περιτομῆς,
1683 2646 1797 2681 συνῆγον
1812 2646 1875 2678 τοὺς
1889 2645 1917 2679 ἐξ

1128 2691 1217 2718 αὐτῶν
1231 2692 1446 2724 πεπιστευκότας
1454 2692 1493 2724 είς
1500 2691 1549 2728 τὴν
1558 2692 1605 2719 τοῦ
1616 2693 1637 2719 Χ
1642 2692 1733 2728 ριστοῦ
1743 2691 1915 2727 Ἐκκλησίαν,

1128 2738 1211 2765 πάλαι
1225 2738 1305 2770 ὄντας
1325 2738 1519 2774 ἀπολομένους,
1534 2738 1594 2765 καθ’
1612 2739 1626 2765 ὂ
1642 2738 1780 2765 ἐδίδασκεν
1793 2738 1808 2764 ὁ
1824 2738 1918 2773 Σωτὴρ

1127 2785 1224 2820 λέγων·
1241 2795 1251 2811 ι
1266 2784 1417 2820 Πορεύεσθε
1437 2785 1505 2822 πρὸς
1521 2785 1554 2812 τὰ
1570 2785 1694 2821 πρόϐατα
1711 2784 1747 2812 τὰ
1761 2784 1918 2812 ἀπολωλότα

1127 2831 1202 2858 οἴκου
1223 2830 1341 2866 Ἰσραήλ.
1361 2840 1370 2856 ι
1385 2830 1478 2859 Ταῦτα
1491 2831 1519 2858 δὲ
1529 2831 1662 2867 ἔπραττον
1670 2831 1699 2858 ὲν
1714 2832 1774 2863 ταῖς
1788 2830 1918 2866 τέσσαρσι
