2059 3215
171 191 225 220 1⁸17

649 190 899 220 οθιιιιεΝτΑιυΑ
919 190 952 219 ΙΝ
971 191 1098 220 ISAIAM.
1117 209 1151 214 —
1169 192 1247 220 CAP.
1266 191 1313 220 X1.

1742 189 1794 217 178

171 251 287 287 πτέρυξι
302 250 352 287 τῆς
376 252 439 287 γῆς,
451 251 637 287 διατρέχοντες
651 251 783 288 ἀνατολὴν
805 252 852 279 καί
874 251 960 284 δύσιν,

1017 257 1110 279 terrae:
1127 252 1264 281 Orientem
1287 256 1315 279 et
1330 250 1514 282 Occidentem,
1531 249 1748 285 Septentrionem
1767 254 1794 276 et

170 296 272 332 ἄρκτον
295 296 343 322 καὶ
368 296 550 333 μεσημϐρίαν.
570 296 693 332 Πρώτοις
710 297 758 333 μὲν
785 295 831 324 οὖν
848 297 961 329 ἐκείνοις

173 341 344 377 μετεδίδοσαν
359 342 405 369 τοῦ
417 342 595 377 εὐαγγελικοῦ
612 343 702 377 λόγου,
722 343 817 370 ἔπειτα
838 345 894 375 τοῖς
907 344 962 370 λοι-

171 388 234 418 ποῖς
248 386 350 414 ἐθνεσιν
363 387 522 423 ἐκήρυττον.
539 388 584 415 Διὸ
601 388 732 416 λέλεκται·
752 399 761 415 ι
780 389 835 416 Καὶ
854 388 961 421 συνάξει

171 433 234 464 τοὺς
262 432 434 465 ἀπολωλότας
455 434 572 470 Ἰσραὴλ.
598 435 645 461 καὶ
667 435 730 467 τοὺς
749 435 962 471 διεσπαρμένους

178 479 273 506 Ἰούδα.
297 488 307 506 ι
324 479 371 511 Τίς
381 479 410 506 δὲ
430 479 538 514 συνάξει
552 480 568 516 ἢ
591 481 606 508 ό
624 481 800 513 ἀποστολικὺς
813 481 901 517 χορὸς,
916 481 932 517 ἢ
948 483 962 508 ὁ

171 523 205 550 δι’
219 523 308 551 αὐτῶν
322 524 522 560 κηρυττόμενος
535 526 567 552 ἐκ
583 525 660 561 ῥίζης
678 526 793 558 Ἰεσσαί;
811 526 962 561 Συνήγοντό

171 577 202 595 τε
226 569 279 595 ὑπὸ
311 569 375 605 μίαν
402 570 584 606 Ἐκκλησίαν,
608 570 699 598 οὐκέτι
723 570 875 604 διεστῶτες,
903 571 962 598 οὐδὲ

171 615 357 651 ἀφωρισμένοι
374 616 508 652 ἀλλήλων,
523 617 561 650 ὡς
576 617 607 644 τὸ
627 617 768 653 πρότερον.

211 671 220 687 ι
243 663 299 689 Καὶ
323 663 538 699 πετασθήσονται
560 664 590 690 ἐν
611 663 715 696 πλοίοις
731 664 898 699 ἀλλοφύλων,
916 664 963 692 θά-

172 706 274 734 λασσαν
285 709 344 744 ἅμα
356 709 594 744 προνομεύσουσιν.
615 721 626 735 ι
649 710 746 746 Ἐχρῆν
753 709 842 737 τοίνυν
853 710 961 743 αὐτοὺς,

172 753 207 780 τὰ
223 754 286 790 ἔθνη
297 754 534 790 περινοστοῦντας,
553 755 662 787 πάντως
675 764 725 784 που
747 755 794 783 καὶ
806 756 840 791 τῇ
858 755 903 782 διὰ
914 755 962 783 θα-

173 798 275 834 λάσσης
293 800 445 835 χρήσασθαι
462 800 570 836 πορείᾳ.
592 800 696 836 Ὠσπερ
716 798 763 827 οὖν
778 801 930 836 ῑπτάμενοι,
944 797 962 838 ᾗ

173 845 254 879 τάχος
272 845 317 871 καὶ
343 845 388 872 τὸν
412 845 455 872 διὰ
475 845 610 882 Θαλάττης
628 846 729 882 δρόμον
744 846 860 882 διήνυοψ
872 846 909 879 ὡς
933 847 963 874 ἐν

176 889 272 925 βραχεῖ
283 890 370 926 χρόνῳ
389 890 522 923 πλείστοις
539 891 627 918 ἔθνεσι
643 892 673 918 τὺ
693 891 962 928 Εὑαγγέλιον·κηρύ-

173 935 227 969 Eat.
249 936 303 963 Καὶ
317 936 381 963 ποτὲ
399 936 448 971 μὲν
463 936 599 972 διέτρεχον
617 937 712 973 πεζῆς,
729 938 794 964 ποτέ
808 938 837 964 δέ
858 938 902 965 διὰ
914 938 963 966 θα.-
978 931 1000 958 Β

173 982 286 1017 λάσσης”
306 983 358 1009 ούκ
377 982 514 1014 Ἰουδαίοις
537 983 673 1019 χρώμενοι
690 984 880 1020 κυϐερνήταις,
906 985 963 1011 ἀλλ’

175 1029 302 1064 ἀνδράσιν
316 1029 391 1056 οὒπω
407 1029 452 1056 τὸν
472 1030 589 1066 Χριστὸν
615 1031 868 1067 παραδεδεγμένοις.
886 1032 965 1059 Κατά

177 1075 254 1102 τοῦτο
268 1075 296 1102 δὲ
311 1075 357 1103 καὶ
372 1075 421 1111 τὴν
435 1077 769 1113 θάλασσανὲπρονόμευον,
783 1078 854 1105 οὕτω
867 1078 965 1114 σημαί-

179 1130 269 1154 νοντος
286 1122 332 1149 τοῦ
347 1122 426 1157 λόγου
447 1123 496 1155 τὰς
510 1123 618 1158 νήσους,
635 1123 669 1155 ἃς
691 1125 720 1150 ἐν
743 1124 850 1160 παρόδῳ
861 1124 966 1160 διερχό-

180 1175 265 1202 μενοι,
279 1167 341 1199 τοὺς
354 1169 382 1195 ἐν
396 1169 492 1201 αὑταῖς
512 1170 546 1204 τῇ
564 1169 690 1205 σωτηρίῳ
707 1169 908 1198 καθυπέταττον
921 1171 961 1198 δι-

177 1211 318 1248 δασκαλίξι.

211 1268 220 1284 ι
239 1260 293 1286 Καὶ
318 1260 382 1292 τοὺς
401 1260 447 1294 ἀφ’
467 1261 543 1295 ἡλίου
575 1261 721 1295 ἀνατολῶν,
735 1263 782 1289 καὶ
804 1262 964 1298 Ἰδουμαίαν,

175 1305 223 1331 καὶ
250 1306 296 1332 ἐπὶ
328 1307 417 1334 Μωὰό
444 1307 552 1343 πρῶτον
581 1307 632 1340 τὰς
664 1310 758 1345 χεῖρας
780 1308 964 1336 ἐπιϐαλοῦσιν.

176 1351 207 1378 Οἰ
233 1352 285 1378 υἱοὶ
317 1352 428 1388 Ἀμμὼν
458 1354 561 1390 πρῶτοι
583 1354 794 1382 ὑπακούσονται.
827 1365 837 1382 ι
865 1356 966 1392 Προνο-

178 1395 323 1431 μεύσουσιν
339 1395 395 1431 οὖν,
411 1399 502 1434 φησιν,
522 1401 546 1426 οἰ
569 1400 685 1436 Χριστοῦ
703 1401 823 1437 μαθηταὶ
839 1402 886 1428 καὶ
900 1402 965 1434 τοὺς

176 1442 224 1476 ἀφ’
237 1442 312 1478 ήλίου
337 1444 484 1472 ἀνατολῶν·
508 1445 675 1481 ἱστοροῦνται
691 1446 756 1480 γοῦν
782 1456 854 1480 τινες
875 1447 966 1475 αὐτῶν

179 1488 259 1524 μέχρι
274 1489 324 1524 τῆς
347 1490 459 1526 Περσῶν
485 1491 532 1518 καὶ
554 1492 640 1519 Ἰνδῶν
659 1492 841 1528 διεληλυθέναι
863 1493 964 1529 χώρας.

185 1534 292 1571 Ἐπειδὴ
305 1536 333 1563 δὲ
344 1536 451 1565 ἐδόκουν
472 1539 544 1565 κατὰ
559 1540 622 1571 τοὺς
633 1540 745 1575 χρόνους
761 1540 808 1567 τοῦ
825 1541 965 1577 προφήτου

184 1579 336 1615 Ἰδουμαῖοι,
353 1582 401 1610 καὶ
415 1584 570 1617 Μωαϐῖται,
593 1585 640 1611 καὶ
664 1585 839 1621 Ἀμμανῖται,
855 1586 889 1613 τὰ
901 1587 966 1622 περὶ

177 1624 225 1661 τὴν
243 1627 371 1656 Ἰουδαίαν
388 1629 521 1665 Ἀραϐικὰ
531 1630 606 1666 ἔθνη,
620 1631 738 1666 πολέμια
752 1631 800 1658 καὶ
814 1631 968 1667 ἐχθρὰτυγ-

176 1671 268 1706 χάνειν
282 1672 329 1700 τοῦ
354 1675 419 1710 παρ’
446 1675 587 1708 Ἰουδαίους
601 1677 770 1712 τιμωμένου,
796 1677 841 1704 διὰ
855 1678 904 1714 τὴν
921 1678 967 1705 ἐκ·

175 1725 258 1745 τοπον
272 1719 362 1746 αὐτῶν
377 1720 608 1755 εἰδωλολατρείαν·
625 1723 738 1755 εἰκότως
763 1723 864 1751 τούτων
880 1724 968 1751 αὐτῶν

177 1761 307 1798 ὀνομαστὶ
331 1765 440 1800 μνήμην
456 1767 470 1792 ὁ
483 1766 561 1800 λόγος
582 1768 741 1803 ἐποιήσατο,
761 1769 799 1801 ὼς
816 1769 863 1796 καὶ
879 1769 968 1796 αὐτῶν

178 1809 402 1844 παραδεξομένων
426 1812 474 1848 τὴν
491 1813 543 1840 ὑπὸ
556 1813 611 1841 τῶν
625 1815 780 1843 ἀποστόλων
799 1815 969 1852 κηρυχθησο-

180 1856 265 1892 μένην
280 1858 430 1886 εὐσέϐειαν.

217 1911 226 1927 ι
251 1903 305 1929 Καὶ
318 1904 456 1939 ἐρημώσει
475 1906 576 1942 Κύριος
595 1906 645 1942 τὴν
661 1908 798 1935 θάλασσαν
810 1908 962 1943 Αἰγύπτου,

179 1949 227 1975 καὶ
242 1949 367 1976 ἐπιϐαλεί
393 1950 442 1986 τὴν
466 1953 546 1987 χεῖρα
569 1952 651 1979 αὑτοῦ
667 1953 714 1980 ἐπὶ
733 1953 778 1981 τὸν
800 1955 922 1989 ποταμὸν
938 1955 968 1981 ὲν

178 1994 314 2030 πνεύματι
331 1995 420 2032 βιαίῳ.
443 2005 453 2022 ι
470 1997 608 2032 Αἴγυπτον
629 1998 682 2034 μὲν
700 1998 749 2034 τὴν
770 1999 901 2035 αἰσθητὴν
914 2000 968 2026 τῶν

178 2041 334 2075 Αἰγυπτίων
344 2042 435 2079 χώραν
452 2043 600 2078 ἀναγκαῖον
616 2044 773 2080 ὁμολογεῖν·
792 2045 927 2073 θάλασσαν
940 2046 969 2073 δέ

179 2087 266 2122 αὐτῆς
279 2089 325 2114 καὶ
340 2089 462 2125 ποταμὸν
481 2089 671 2126 ἀλληγορικῶς
698 2091 868 2126 ἐκδέχεσθαι·
897 2092 968 2129 ἅπερ

178 2134 260 2169 φησὶν
283 2135 509 2171 ἐρημωθήσεσθαι
531 2136 603 2164 κατὰ
621 2137 685 2169 τοὺς
714 2137 969 2173 προφητευομένους

178 2178 299 2215 χρόνους,
315 2181 345 2207 ἐν
368 2178 408 2213 οἷς
430 2181 597 2218 προσθήσειν
620 2183 728 2219 εἴρηται
754 2184 768 2210 ὁ
796 2183 899 2220 Κύριος
921 2183 967 2210 τοῦ

178 2223 262 2257 δεῖξαι
278 2225 328 2261 τὴν
339 2227 417 2262 χεῖρα
430 2227 522 2254 αὐτοῦ.
547 2228 580 2254 'll
599 2228 654 2263 γὰρ
671 2228 813 2265 προσθήκη
839 2237 968 2265 προγενο-

1013 299 1149 327 Meridiem
1168 304 1366 334 percurrentes.
1389 297 1444 326 Illis
1458 297 1548 332 itaque
1570 297 1658 332 primo
1680 302 1795 330 evange-

1012 343 1093 372 licum
1117 345 1228 372 verbum
1257 343 1445 375 tradiderunt,
1471 342 1569 371 deinde
1593 340 1704 375 reliquis
1727 347 1794 374 gen-

1013 391 1085 418 tibus
1107 391 1297 425 prtedicarunt.
1323 390 1502 425 Quamobrem
1525 389 1627 416 dictum
1652 392 1712 418 est,
1739 396 1748 412 ι
1764 385 1796 413 Et.

1012 437 1187 471 congregabit
1209 438 1326 471 perditos
1351 436 1449 467 Israel.
1473 439 1501 463 et
1527 435 1662 468 dispersos
1685 431 1791 460 Jutlma

1012 481 1078 515 Quis
1094 482 1277 516 congregabit,
1301 482 1350 510 nisi
1376 481 1539 517 apostolictts
1556 480 1667 511 chorus,
1692 479 1750 505 sive
1773 477 1796 504 is

1013 528 1057 562 qui
1071 527 1106 555 ab
1125 528 1178 555 illis
1191 528 1410 561 praedicatur.“
1430 527 1521 555 radice
1544 525 1627 554 lessae.
1647 524 1743 552 ortus?
1768 523 1796 550 In

1013 581 1065 601 una
1083 581 1165 608 porro
1180 574 1301 602 Ecclesia
1318 578 1382 601 tunc
1397 573 1642 608 congregabantur,
1659 579 1710 598 non
1727 571 1796 598 ultra

1013 619 1110 651 dissiti,
1126 627 1212 654 neque
1226 619 1354 655 separati.
1371 624 1399 646 ut
1418 624 1507 647 antea.

1049 663 1130 692 Vens.
1145 664 1188 692 14.
1220 673 1230 690 ι
1247 664 1280 695 Et
1309 664 1438 692 volabunt
1461 664 1487 690 in
1511 663 1624 691 navibus
1647 660 1798 697 allophylo-

1014 718 1088 742 rum,
1117 717 1192 738 mare
1209 709 1289 737 simul
1312 710 1515 745 pratdabtmtur.
1531 718 1540 736 ι
1569 708 1694 743 Oportuit
1717 708 1799 742 igitur

1013 764 1078 788 eos.
1107 761 1250 792 postquam
1281 761 1376 792 gentes
1407 756 1622 790 circumquaque
1655 754 1798 784 adierant.

1013 803 1095 830 etiam
1112 804 1195 830 maris
1220 803 1316 830 itinera
1337 802 1455 830 emoliri.
1470 801 1552 835 Quasi
1576 800 1697 827 volantes
1717 800 1800 834 igitur

1014 855 1093 882 qualn
1108 847 1234 875 celeriter
1254 855 1364 874 cursum
1388 847 1471 874 maris
1495 845 1691 879 conﬁciebant,
1713 845 1750 872 ita
1772 849 1801 871 ut

1014 893 1088 920 brevi
1104 893 1315 928 quampluritnis
1332 893 1460 928 gentibus
1477 891 1650 927 Evangelium
1671 891 1800 926 praedica-

1016 943 1085 966 rent.
1101 938 1134 966 Et
1154 946 1221 966 sane
1242 939 1321 967 tnodo
1344 939 1468 974 pedibus.
1484 939 1564 966 tuodo
1582 937 1649 965 mari
1668 937 1718 964 iter
1739 944 1800 972 ago-

1014 984 1097 1018 bant;
1122 992 1176 1012 non
1203 983 1304 1013 Judaais
1328 985 1554 1020 gubernatoribus
1579 984 1635 1017 usi,
1658 983 1706 1012 sed
1723 983 1800 1015 viris.

1015 1031 1060 1066 qui
1084 1031 1202 1058 nondum
1227 1031 1366 1059 Christum
1383 1036 1570 1066 susceperant.
1593 1030 1650 1058 Hac
1670 1037 1801 1057 vero-ra-

1015 1078 1087 1105 tione
1107 1078 1189 1105 etiam
1215 1079 1301 1106 maria
1326 1078 1532 1112 praedabantur;
1550 1078 1593 1106 his
1616 1078 1802 1113 signiﬁcantur

1016 1124 1111 1152 insula;
1127 1132 1241 1159 quarum
1261 1124 1365 1152 incolas
1378 1126 1441 1152 dum
1458 1124 1484 1151 in
1500 1130 1658 1152 transcursu
1674 1131 1802 1160 peragra-

1016 1175 1085 1204 rent,
1101 1170 1215 1199 salutari
1230 1171 1360 1199 doctrinae
1374 1170 1564 1206 subiiciebant.

1054 1269 1063 1286 ι
1079 1259 1113 1287 Ει
1125 1267 1172 1288 eos
1188 1259 1232 1294 qui
1253 1264 1318 1287 sunt
1332 1259 1366 1286 ab
1381 1264 1441 1287 ortu
1459 1258 1534 1292 solis,
1548 1263 1575 1286 et
1593 1257 1758 1287 ldummam:
1777 1263 1803 1285 et

1016 1305 1042 1334 in
1061 1305 1137 1333 Moab
1155 1306 1244 1341 primo
1262 1313 1358 1333 manus
1375 1305 1506 1340 injicient.
1521 1304 1580 1332 Filii
1595 1304 1709 1332 Ammon
1723 1304 1803 1339 primi

1016 1353 1177 1380 obedient.»
1201 1352 1408 1384 Praedahuntur,
1432 1351 1530 1386 inquit.
1550 1351 1651 1379 Christi
1677 1350 1803 1386 discipttli

1015 1399 1098 1427 etiam
1114 1406 1162 1427 eos
1177 1399 1222 1434 qui
1237 1399 1272 1426 ab
1287 1403 1349 1426 ortu
1365 1398 1431 1426 solis
1455 1404 1535 1425 sunt:
1553 1402 1681 1425 narratur
1703 1398 1804 1433 quippe

1015 1451 1109 1472 eorttm
1135 1445 1265 1479 quosdam
1291 1451 1378 1479 usque
1399 1444 1433 1471 ad
1457 1443 1598 1471 Persarum
1622 1447 1649 1471 et
1676 1443 1803 1470 lndortun

1017 1490 1155 1523 regionem
1182 1494 1348 1524 penetrasse.
1375 1489 1444 1523 Quia
1470 1497 1536 1517 vero
1561 1489 1698 1524 propheta:
1724 1487 1804 1522 hujus

1019 1539 1151 1571 tempore.
1177 1535 1301 1566 Idumaei.
1328 1535 1450 1567 Moabitae
1475 1539 1502 1562 et
1523 1535 1694 1567 Ammanitae,
1711 1539 1804 1569 gentes

1020 1581 1071 1609 illae
1098 1580 1236 1614 Arabicae,
1263 1581 1336 1608 circa
1363 1579 1482 1609 Judaeum
1510 1581 1621 1616 positae,
1647 1580 1749 1608 inimici
1777 1585 1804 1608 et

1020 1628 1111 1655 hostes
1127 1629 1287 1656 videbantur
1299 1635 1360 1656 esse
1379 1627 1433 1654 Deo
1455 1634 1538 1662 penes
1550 1626 1658 1654 Jttdwos
1672 1626 1756 1658 culto,
1769 1626 1803 1655 ob

1019 1672 1164 1701 absurdam
1193 1681 1276 1708 quant
1309 1672 1437 1700 fovebant
1463 1671 1662 1705 idololatriatn;
1685 1671 1748 1706 jure
1771 1678 1804 1699 ac

1019 1720 1116 1747 merito
1135 1720 1152 1747 ii
1176 1720 1334 1747 nominatim
1360 1723 1621 1750 commemorantur,
1646 1722 1738 1752 utpote
1756 1717 1802 1752 qui

1019 1769 1089 1803 piam
1113 1768 1272 1804 religionem
1294 1767 1328 1795 ab
1342 1765 1471 1803 apostolis
1486 1764 1698 1793 annuntiandam
1711 1771 1805 1793 susce-

1018 1814 1091 1851 pturi
1108 1816 1173 1844 sint.

1055 1900 1139 1930 Vsus.
1155 1901 1199 1929 15.
1219 1910 1228 1927 ι
1243 1901 1277 1928 Et
1295 1904 1437 1935 desertum
1459 1899 1552 1927 reddet
1577 1897 1707 1924 Dominus
1730 1903 1804 1924 mare

1018 1947 1130 1984 [Egypti
1144 1957 1151 1976 :
1169 1951 1197 1975 et
1219 1947 1322 1982 injiciet
1339 1953 1447 1973 manum
1462 1952 1538 1972 suam
1554 1950 1636 1978 super
1652 1942 1750 1969 ﬁumen
1777 1943 1804 1970 in

1019 1995 1115 2029 spiritu
1138 1993 1323 2022 vehementi.)
1349 1991 1498 2026 Egyptttm
1524 1990 1649 2025 quidem,
1678 1988 1804 2016 sensilent

1019 2041 1093 2067 illam
1106 2039 1296 2075 Egyptiorum
1319 2037 1455 2073 regionem
1469 2042 1530 2064 esse
1549 2034 1705 2063 necessario
1720 2033 1805 2062 conﬁ-

1019 2086 1128 2113 tcndum
1155 2084 1288 2118 est;-sed
1310 2090 1384 2110 mare
1407 2085 1434 2109 et
1456 2081 1554 2109 ﬁumen
1577 2081 1636 2116 ejus
1659 2079 1804 2114 allegorice

1019 2130 1194 2166 accipienda:
1216 2137 1274 2164 quae
1295 2129 1320 2156 in
1339 2133 1461 2163 tcntpore
1483 2135 1497 2154 a
1520 2126 1662 2162 prophetia
1685 2125 1805 2153 indicato

1020 2177 1148 2204 vastanda
1170 2176 1228 2203 fore
1246 2176 1299 2202 ait:
1323 2175 1431 2210 quando
1445 2174 1574 2201 Dominus
1593 2173 1750 2208 adjecturue
1764 2172 1806 2200 di-

1019 2224 1100 2254 citur.
1115 2227 1144 2249 ut
1169 2223 1296 2249 ostendat
1313 2229 1423 2248 manum
1439 2228 1527 2248 suam.
1551 2220 1655 2247 Etenim
1678 2218 1804 2254 adjectio,

181 2270 271 2306 μένοις
286 2271 445 2308 πράγμασιν
460 2273 540 2308 ἐτερα
567 2274 734 2310 ὁμοιότροπα
756 2275 965 2310 ἐπιγενήσεσθαι

1017 2268 1071 2303 jam
1090 2269 1207 2304 peractis
1224 2269 1305 2295 rebus
1319 2267 1371 2295 alia
1388 2267 1488 2295 similia
1505 2266 1626 2294 addenda
1644 2273 1706 2293 esse
1720 2265 1805 2300 signi-

179 2316 263 2352 δηλοῖ.
278 2318 363 2344 Πάλαι
377 2318 426 2353 μὲν
446 2317 493 2346 οὖν
510 2320 555 2346 ἐπὶ
571 2321 710 2353 Μωῦσέως
731 2322 748 2356 ὴ
766 2321 827 2357 χεὶρ
843 2321 890 2348 τοῦ
908 2323 966 2348 Κυ-

181 2362 239 2397 ρίου
253 2362 368 2398 ἐξήγαγε
379 2365 441 2396 τοὺς
450 2366 525 2397 υἱοὺς
534 2366 641 2402 Ἰσραὴλ
650 2366 680 2399 ἐξ
687 2366 826 2401 Αἰγύπτου
835 2376 842 2382 σ
852 2368 966 2403 διήγαγε

180 2407 208 2434 δὲ
236 2408 285 2443 τὴν
303 2408 438 2437 θάλασσαν
461 2410 512 2446 τὴν
531 2411 675 2448 Ἐρυθρὰν,
693 2413 740 2439 καὶ
765 2413 911 2448 εἰσήγαγεν
926 2414 966 2445 εἰς

178 2453 229 2489 τὴν
244 2454 295 2489 γῆν
306 2454 355 2489 τῆς
366 2456 540 2491 ἐπαγγελίας,
556 2458 605 2493 τὴν
621 2456 704 2485 οὖσαν
720 2458 876 2494 ἀλλοφύλων
898 2459 966 2494 πρό-

179 2508 273 2535 τερον·
288 2501 345 2527 νυνὶ
360 2501 388 2527 δὲ
411 2503 458 2529 καὶ
482 2502 525 2530 διὰ
537 2503 583 2530 τοῦ
602 2504 634 2530 ἐκ
656 2504 734 2540 ῥίζης
753 2505 851 2531 Ἰεσσαὶ
865 2505 881 2540 ή
897 2504 967 2541 αὑτὴ

180 2545 240 2582 χεὶρ
251 2545 298 2572 τοῦ
315 2547 426 2582 Κυρίου,
440 2548 597 2585 προσθήκην
608 2549 719 2584 ἀγαθῶν
730 2550 889 2586 ποιουμένη,
904 2551 967 2583 τοὺς

180 2591 346 2625 ἀποστόλους
364 2592 410 2620 τοῦ
425 2594 560 2630 Σωτῆρος,
573 2597 621 2623 καὶ¹
635 2596 698 2628 τοὺς
711 2597 834 2633 κήρυκας
851 2597 898 2624 τοῦ
914 2606 966 2624 σω-

178 2638 274 2674 τηρίου
289 2639 465 2674 Εὑαγγελίου,
482 2640 623 2673 Ἰουδαίους
639 2641 719 2673 ὄντας
735 2642 782 2669 καὶ
791 2642 821 2675 ἐξ
834 2642 966 2670 Ἰουδαίων

180 2684 366 2720 ὁρμωμένους,
391 2685 528 2718 ἐπιδόξους
554 2688 602 2714 καὶ
626 2687 762 2724 ζηλωτοὺς
786 2689 872 2715 ἐποίει
905 2688 966 2716 καθ’

179 2730 244 2765 ὅλης
257 2731 306 2766 τῆς
329 2732 501 2768 οἰκουμένης,
523 2732 553 2759 οὑ
580 2733 632 2769 μὴν
649 2733 717 2761 ἀλλὰ
744 2734 791 2761 καὶ
815 2734 859 2761 ἐπ’
881 2734 966 2770 αὐτῆς

180 2777 329 2811 Αἰγύπτου,
348 2777 413 2805 ἔνθα
426 2777 566 2814 παρῄεσαν
578 2779 734 2814 ἀκωλύτως,
756 2780 868 2816 μηδενὸς
880 2781 965 2816 ἐμπο-

178 2823 231 2849 δὼν
245 2823 336 2856 αὐτοῖς
359 2825 520 2860 γινομένου·
547 2826 593 2852 καὶ
617 2826 725 2862 διῄεσαν
748 2827 794 2854 ἐπὶ
809 2826 966 2862 καθαιρέσει

179 2869 229 2904 τῆς
245 2870 434 2906 Αἰγυπτιακῆς
456 2871 686 2908 εὶδιυλολατρείας.
715 2873 770 2900 Καὶ
791 2874 815 2900 οἰ
841 2873 891 2908 μὲν
918 2873 964 2900 ἐπὶ

180 2915 317 2948 Μωῦαέως
342 2916 464 2953 ἐξῄεσαν,
489 2917 633 2953 φεύγοντες
659 2918 702 2946 τὸν
715 2918 812 2955 Φαραὼ
837 2919 883 2946 καί
902 2919 963 2952 τοὺς

1020 2316 1091 2343 ﬁcat.
1106 2315 1174 2343 Olim
1192 2314 1301 2349 quidem
1318 2313 1420 2349 Moysis
1442 2319 1561 2348 tempore
1578 2320 1676 2340 manus
1699 2311 1804 2339 Domini

1020 2363 1089 2390 ﬁlios
1110 2362 1192 2390 Israel
1207 2361 1303 2390 eduxit
1318 2369 1350 2389 ex
1370 2360 1500 2396 ASgypto.
1519 2367 1567 2395 per
1589 2367 1664 2387 mare
1684 2358 1804 2386 Rubrum

1020 2409 1138 2437 tratsire
1154 2408 1228 2441 fecit,
1244 2413 1272 2435 et
1297 2408 1404 2435 induxit
1429 2408 1454 2434 in
1478 2411 1579 2434 terram
1604 2404 1805 2441 promissionis,

1019 2464 1078 2491 qua:
1093 2456 1166 2491 prius
1185 2454 1380 2491 allopliylorum
1393 2459 1461 2481 erat.
1476 2453 1552 2480 Nunc
1566 2457 1655 2479 autem
1671 2459 1719 2486 per
1732 2458 1804 2483 eum,

1020 2504 1065 2537 qui
1085 2510 1118 2530 ex
1131 2502 1225 2530 radice
1247 2501 1331 2530 Jcssa:
1351 2501 1466 2536 prodiit.
1491 2500 1548 2536 ipsa
1568 2498 1674 2526 Domini
1698 2504 1804 2529 manus,

1021 2549 1151 2576 bonorum
1163 2549 1345 2576 accessionem
1359 2547 1486 2579 aﬂ'erens,
1498 2545 1633 2581 apostolos
1645 2542 1804 2574 Salvatoris,

1020 2599 1047 2622 et
1062 2594 1189 2622 salutaris
1204 2593 1342 2628 Evangelii
1358 2598 1498 2627 praecones
1514 2591 1641 2625 ipsosque
1655 2587 1762 2616 Iudaeos
1778 2592 1806 2614 et

1019 2648 1052 2668 ex
1066 2639 1166 2668 Judzeis
1180 2639 1326 2675 profectos,
1340 2638 1471 2674 gloriosos
1482 2640 1508 2664 et
1522 2634 1694 2663 aemulatione
1707 2633 1805 2667 dignos

1019 2695 1068 2722 per
1089 2692 1173 2715 totum
1193 2687 1286 2713 orbein
1305 2684 1410 2717 cﬁ'ecit;
1433 2683 1487 2709 imo
1500 2681 1580 2709 etiam
1597 2680 1623 2707 in
1643 2679 1700 2714 ipsa
1721 2679 1805 2715 Egy-

1020 2739 1077 2768 pto,
1090 2740 1143 2767 quo
1161 2731 1246 2759 libere
1261 2731 1310 2763 illi,
1326 2730 1434 2758 nemine
1453 2728 1589 2759 obstante,
1605 2725 1801 2761 peragrabant,

1021 2784 1048 2806 et
1071 2779 1104 2806 ad
1128 2778 1315 2813 Egyptiacam
1337 2774 1516 2804 idololatriam
1540 2772 1715 2801 evertendam
1732 2771 1804 2799 ultro

1019 2829 1142 2862 citroque
1166 2826 1350 2862 permeabant.
1364 2824 1403 2850 Ac
1427 2822 1464 2849 illi
1481 2823 1590 2857 quidem
1610 2819 1709 2856 Moysts
1732 2823 1803 2847 tem-

1019 2881 1094 2908 pore,
1112 2872 1245 2906 fugientes
1264 2869 1434 2898 Pharaonem
1449 2872 1476 2895 el.
1490 2866 1645 2903 Egyptios,
1660 2866 1802 2897 exierunt;

1020 2917 1145 2954 discipuli
1165 2921 1255 2945 autem
1273 2914 1374 2944 Christi
1394 2914 1509 2950 ingrcssi
1524 2918 1587 2942 sunt
1605 2913 1632 2941 in
1657 2910 1801 2947 Egyptum
