2059 3215
254 151 263 166 Ι

266 182 317 211 I79

600 181 736 212 EUSEBII
755 183 996 213 CAESARIENSIS
1014 183 1089 213 OH".
1110 184 1200 213 PARS
1219 183 1261 213 ΙΙΙ,
1281 199 1318 206 --
1334 182 1539 212 EXEGETICA.

1827 182 1894 211 μθ

264 241 406 276 spontanei
420 241 560 270 ιιιιίιιιιιτίι
577 241 653 270 verbi
675 250 824 278 praecones.
850 243 905 272 Illis
931 249 1046 281 tempore

1105 243 1284 278 Αἰγυπτίους·
1303 242 1329 270 οἰ
1354 242 1383 269 δὲ
1410 240 1530 278 Χριστοῦ
1558 239 1678 277 μαθηταὶ
1701 240 1827 276 εἰσῄεσαν
1851 242 1892 273 εἰς

262 286 365 323 Moysi:
395 294 471 315 mare
502 287 596 315 sensili
625 295 700 316 more
731 289 865 323 divisum,
889 298 959 326 aqua
986 299 1051 320 vero

262 332 384 368 Aigyptii
406 332 525 360 ﬂuminis
541 333 567 361 in
591 334 747 369 sanguinem
764 340 866 362 mutata
886 341 942 369 est;
959 341 986 363 at
1004 337 1051 363 bo-

263 387 359 407 uorutn
374 380 494 407 accessio
508 381 665 414 memoratis
687 382 858 416 temporibus
881 381 964 414 facta,
983 383 1049 410 mari

262 427 370 461 quidem
385 426 512 462 Egyptio
529 428 719 459 vastationem.
742 427 844 455 ﬂumini
869 437 933 456 vero
955 437 1049 457 eorum

262 477 412 500 extremam
437 473 587 500 siccitatem
613 474 746 507 minatur;
764 479 793 501 ut
816 475 954 509 Evangelii
980 483 1049 510 prte-

261 526 343 546 cones
365 519 440 547 nullo
465 520 544 547 obice
566 519 757 555 {Egyptiornm
781 522 906 557 regiones
932 523 1049 549 circum-

261 570 338 599 eant,
353 573 385 593 ac
407 566 551 593 tttnltormn
568 567 676 601 quidem
696 569 808 595 deoruut
829 570 1049 603 superstitionem

261 617 399 644 evertant;
417 611 462 638 Dei
479 616 570 638 autent
585 613 630 646 qui
645 620 727 647 supra
739 614 828 640 omnia
843 620 894 646 est,
909 620 935 642 et
949 614 1049 642 Christi

261 656 320 690 t-jus
333 665 366 684 ex
387 657 479 685 radice
493 657 577 685 Jessae
592 659 761 692 prodeuntis,
784 660 907 689 notitiam
931 661 1048 688 tradant.

261 704 465 730 Observandum
488 708 577 730 autem
603 709 644 732 est
662 712 715 739 quo
735 711 814 740 pacto
839 714 891 732 tton
913 707 1048 740 regionem

260 750 383 786 1E3ypti.
403 751 449 777 sed
465 759 540 778 mare
563 756 718 779 vastaturus
741 760 803 779 esse
829 752 1048 781 Dominnsdica-

262 802 315 827 tur,
331 797 471 831 Scriptura
487 798 623 831 copiosam
642 797 802 825 idololatria:
821 799 981 827 varietatem
1009 801 1050 828 itis

261 843 407 870 iudicante.
425 842 477 870 Pro
500 843 546 870 illo
562 848 664 875 autem,
687 853 696 869 ι
714 844 854 871 Desertum
873 845 954 872 faciet
979 846 1048 872 Deus

262 896 337 915 mare
351 888 475 924 jEpypti;
489 898 498 915 ι
518 894 573 916 tres
586 889 631 916 alii
650 890 775 916 similiter
789 890 957 922 interpretati
973 896 1045 924 Slllll,

263 935 322 961 «Ει
357 936 596 962 anathematizabit
632 936 764 964 Dominus
809 936 928 972 linguam
967 938 1049 966 maris

261 983 384 1018 Egypti.
399 992 408 1008 ι
435 982 462 1010 Si
487 983 577 1017 itaque
605 983 714 1010 malititc
737 983 816 1017 hujus
839 986 901 1011 vitm
923 985 1049 1012 colluvies

262 1030 330 1056 mari
347 1034 529 1064 comparatur,
542 1029 603 1056 vide
618 1037 708 1056 annon
725 1030 821 1058 merito
838 1031 980 1057 atheormn
1000 1032 1050 1058 im-

222 1079 226 1082 '
259 1077 423 1111 piornmqne
442 1075 579 1103 hominum
595 1076 712 1110 linguam
729 1077 773 1110 qui
789 1076 852 1103 olitn
871 1077 954 1103 Dento
974 1077 1050 1112 igno-

262 1124 369 1155 rabant,
385 1127 413 1149 ιιι
427 1123 467 1150 sic
485 1123 590 1151 Pharao
606 1123 772 1155 declarabat,
788 1133 796 1149 t
812 1123 869 1150 Non
883 1124 942 1151 novi
959 1124 1046 1151 Durni-

261 1178 334 1202 num,
349 1174 375 1196 et
397 1168 477 1196 Israel
503 1176 556 1196 non
579 1169 726 1201 dimittam,
743 1178 752 1194 ι
773 1170 1050 1197 anathematizaturus

261 1217 390 1243 Dominus
402 1223 462 1243 esse
478 1216 583 1243 dicatur
594 1216 740 1242 secundum
755 1220 809 1242 tres
825 1216 1003 1250 interpretes;
1021 1221 1049 1243 ut

228 1283 231 1286 .
260 1269 293 1287 tte
307 1261 376 1288 ultrn
401 1260 560 1295 Egyptiaca
585 1260 674 1295 lingua
703 1261 904 1289 superstitionis
927 1270 1048 1289 errarem

259 1306 470 1337 conﬁrmarent;
486 1306 533 1332 sed
558 1305 663 1339 eloquia
683 1306 728 1333 Dei
756 1307 889 1340 proferre,
912 1315 943 1334 ac
955 1307 1049 1341 jurare

261 1352 288 1378 in
305 1352 414 1379 nomine
437 1352 542 1379 Domini
566 1351 684 1379 Sabaoth
708 1352 870 1384 ediscerent,
888 1355 958 1388 quod
975 1355 1049 1381 futu—

261 1407 319 1425 rtttn
334 1406 395 1426 esse
413 1399 439 1425 itt
458 1399 634 1433 sequentibus
649 1407 739 1425 sermo
755 1400 886 1426 declarat.
902 1400 947 1427 Sic
969 1409 1049 1435 porro

259 1446 489 1471 anathematizata
525 1450 566 1472 est
593 1445 744 1480 A‘lgyptiaci
774 1448 856 1473 maris
888 1447 996 1481 lingua.
1021 1453 1049 1475 ut

260 1490 453 1525 malignorum.
469 1499 536 1525 quos
557 1491 595 1518 illi
613 1492 748 1524 colt-bant,
766 1493 915 1520 tizetnonnm
938 1494 1047 1521 oracula

261 1538 370 1572 penitus
387 1538 517 1570 silerent,
541 1538 784 1573 divinationesque.
805 1547 837 1567 ac
864 1540 941 1568 mala:
963 1547 1045 1572 artes.

260 1591 330 1617 quas
358 1585 587 1620 prsestigiatorttm
615 1593 697 1619 opera
725 1587 908 1618 exercebant.
937 1595 1048 1621 prorsus

260 1635 400 1657 cessarent
415 1639 422 1657 :
437 1638 497 1665 qua:
513 1632 602 1658 omnia
619 1632 727 1666 impleta
753 1638 815 1660 sunt
832 1639 892 1667 post
916 1635 1046 1668 praedica-

261 1675 360 1703 tionem
385 1676 570 1711 evangelicam
600 1677 734 1713 [Egyptiis
758 1679 868 1708 factam.
895 1680 958 1707 Inde
983 1688 1047 1707 vero

258 1722 339 1749 etiam
366 1731 449 1757 penes
467 1730 515 1750 nos
542 1728 596 1751 tota
625 1732 730 1756 eorum.
754 1725 799 1759 qui
816 1726 886 1760 apttd
904 1726 1046 1761 Egyplios

258 1768 295 1795 dii
323 1769 558 1803 existimabantur,
585 1771 719 1798 exstincta
753 1772 840 1800 virtus
870 1778 938 1800 est:
963 1779 1045 1809 atque

258 1815 378 1842 omnium
396 1815 578 1850 improhorttnt
599 1822 626 1844 et
642 1818 799 1849 atlteortnn.
823 1819 867 1853 qui
891 1827 940 1853 per
961 1825 1044 1847 totum

258 1861 351 1889 orbem
381 1861 541 1898 [Egyptiam
582 1864 698 1891 similem
742 1865 901 1893 idololatria:
942 1875 1044 1894 rnorem

259 1908 448 1942 sectabantur,
483 1909 548 1937 illud
583 1911 648 1938 olim
684 1912 824 1939 exundans
858 1917 884 1939 et
919 1913 1046 1941 ﬂuctibus

260 1954 391 1987 agitatum
425 1962 517 1988 mare,
548 1960 697 1984 extremam
727 1964 837 1992 passtttn
865 1962 906 1985 est
932 1959 1044 1985 vastita-

259 2003 324 2026 tem.

297 2151 307 2167 ι
321 2141 353 2168 Ει
371 2142 476 2177 injiciet
500 2150 608 2170 manum
631 2151 707 2171 suam
733 2144 758 2170 in
781 2144 880 2171 ﬂumen
899 2144 926 2171 in
947 2144 1043 2179 spiritu

257 2188 427 2219 vehementi,
455 2193 482 2216 et
510 2190 644 2223 percutiet
671 2195 773 2225 septem
804 2191 923 2221 canales.
949 2191 986 2218 ita
1016 2197 1044 2219 Ill.

259 2238 397 2261 transeant
410 2241 458 2268 per
474 2234 537 2262 illud
553 2234 692 2262 calceoli.»
710 2235 840 2269 Spiritum
857 2237 1043 2264 vehementem

1104 291 1238 325 Αιγυπτον
1258 288 1402 325 αὐτόμολοι
1426 288 1547 324 κήρυκες
1572 287 1619 314 τοῦ
1641 288 1776 323 σωτηρίου
1796 288 1888 323 λόγου.

1109 336 1164 362 Καὶ
1175 337 1230 367 τοῖς
1247 335 1295 370 μὲν
1305 335 1351 361 ἐπὶ
1359 333 1497 364 Μωῦσέως
1504 332 1616 369 διῄρητο
1632 334 1648 369 ἡ
1662 333 1785 361 θάλασσα
1796 335 1894 369 αἰσθη-

1103 382 1170 414 τῶς-
1187 382 1217 408 τὸ
1227 382 1255 408 δὲ
1270 381 1341 417 ὕδωρ
1348 381 1395 407 τοῦ
1412 380 1560 414 Αἰγυπτίου
1576 381 1698 416 ποταμοῦ
1715 381 1893 416 μετεϐάλλετο

1101 429 1141 460 εἰς
1157 425 1226 464 αἷμα
1235 436 1242 443 ο
1256 429 1272 464 ἡ
1285 428 1313 454 δὲ
1325 427 1378 454 τῶν
1391 427 1499 461 ἀγαθῶν
1513 426 1654 463 προσθήκη
1670 427 1716 453 ἐπὶ
1727 426 1782 454 τῶν
1794 427 1892 462 δηλου-

1103 476 1192 510 μένων
1210 474 1312 509 χρόνων
1330 475 1362 509 τῇ
1381 474 1430 509 μὲν
1448 473 1569 509 θαλάσσῃ
1590 473 1707 508 ἐρημίαν
1727 472 1834 499 ἀπειλεῖ
1855 475 1891 509 τῇ

1102 521 1247 556 Αἰγυπτία,
1264 520 1303 555 τῷ
1326 521 1354 547 δὲ
1383 520 1497 555 ποταμῴ
1515 520 1604 546 αὐτῶν
1625 519 1743 554 παντελῆ
1758 518 1890 554 ἔκλειψιν,

1103 568 1172 603 πρὸς
1188 567 1218 593 τὸ
1234 567 1294 602 δίχα
1309 567 1381 598 τινὸς
1398 566 1558 601 κωλύματος
1581 566 1628 592 τοῦ
1649 566 1783 601 σωτηρίου
1799 565 1892 599 Εὐαγ-

1102 614 1192 648 γελίου
1217 613 1340 648 κήρυκας
1364 612 1516 648 περιελθεῖν
1542 612 1591 644 τὰς
1614 613 1770 646 Αἰγυπτίων
1786 611 1891 647 χώρας,

1102 659 1148 686 καὶ
1162 658 1318 693 ἀνατροπὴν
1336 658 1385 693 μὲν
1397 657 1446 692 τῆς
1463 657 1593 684 πολυθέου
1617 657 1705 684 αὐτῶν
1723 657 1890 692 δεισιδαιμο-

1101 705 1160 736 νίας
1183 703 1363 739 ἐργάσασθαι,
1384 703 1431 730 τοῦ
1445 703 1473 729 δὲ
1487 703 1534 730 ἐπὶ
1560 704 1667 730 πάντων
1690 703 1757 730 Θεοῦ
1772 704 1818 730 καὶ
1842 703 1891 730 τοῦ

1100 751 1217 786 Χριστοῦ
1229 750 1320 782 αὑτοῦ,
1332 750 1377 776 τοῦ
1389 751 1421 776 ὲκ
1436 749 1512 785 ῥίζης
1521 750 1618 776 Ἰεσσαί
1632 749 1817 785 προελθόντος,
1833 758 1872 777 πα

1103 797 1225 832 ραὸοὖναι
1250 796 1298 832 τὴν
1313 796 1423 830 γνῶσιν.
1450 795 1607 830 Θεωρητέον
1630 795 1658 821 δὲ
1677 796 1750 828 ὅπως
1777 796 1807 822 οὐ
1835 796 1887 831 τὴν

1100 843 1192 879 χώραν
1207 842 1356 877 Αἰγύπτου,
1374 841 1441 868 ἀλλὰ
1461 842 1510 877 τὴν
1525 841 1661 868 θάλασσαν
1677 842 1761 877 αὐτῆς
1776 842 1887 877 λέγεται

1100 891 1114 916 ὁ
1137 890 1238 926 Κύριος
1263 889 1427 925 ἐρημώσειν,
1443 888 1488 914 τοῦ
1512 888 1562 923 τῆς
1586 888 1805 925 εἰδωλολατρείας
1822 889 1891 925 πλή-

1067 925 1086 952 B
1100 936 1162 967 θους
1174 936 1243 962 οὕτω
1258 935 1432 970 δηλουμένου.
1454 935 1524 961 Ἀντὶ
1544 934 1634 969 μέντοι
1650 934 1707 966 τοῦ,
1727 944 1738 960 ι
1762 934 1889 970 Ἐρημώ-

1101 990 1140 1007 σει
1159 981 1259 1017 Κύριος
1273 981 1321 1017 τὴν
1332 981 1468 1008 θάλασσαν
1477 980 1626 1014 Αἰγύπτου,
1639 990 1648 1006 ι
1658 981 1682 1007 οἰ
1694 982 1767 1016 τρεῖς
1778 980 1888 1017 συμφώ-

1099 1036 1151 1059 νως
1164 1026 1249 1058 οὕτως
1263 1027 1440 1062 ἡρμήνευσαν
1450 1035 1456 1041 ·
1476 1035 1486 1051 ι
1502 1026 1557 1052 Καὶ
1572 1026 1763 1062 άναθεματίσει
1786 1027 1889 1061 Κύριος

1098 1073 1148 1108 τὴν
1173 1073 1297 1107 γλῶσσαν
1321 1072 1458 1107 Θαλάσσης
1486 1072 1636 1106 Αἰγύπτου.
1665 1081 1673 1098 ι
1696 1073 1728 1099 Εἰ
1741 1072 1832 1099 τοίνυν
1853 1072 1890 1100 τὰ

1100 1119 1189 1154 πλήθη
1204 1119 1254 1154 τῆς
1275 1119 1374 1150 κακίας
1389 1119 1435 1145 τοῦ
1453 1119 1510 1154 βίου
1537 1119 1657 1155 θαλάσσῃ
1681 1119 1889 1155 παρεικάζεται,

1099 1165 1150 1200 ὅρα
1175 1165 1199 1191 εἰ
1222 1165 1341 1198 εὐλόγως
1352 1165 1401 1200 τὴν
1427 1165 1480 1191 τῶν
1495 1165 1581 1192 ἀθέων
1596 1166 1642 1192 καὶ
1658 1165 1764 1192 ἀσεϐῶν
1782 1165 1889 1201 ἁνδριῖιν

1098 1211 1235 1245 γλῶσσαν,
1248 1211 1302 1237 τῶν
1317 1211 1400 1238 πάλαι
1411 1212 1456 1237 τὸν
1468 1212 1534 1238 Θεὸν
1548 1212 1726 1246 ἀγνοούντων,
1738 1212 1776 1244 ὡς
1792 1212 1888 1248 ἐδήλου

1098 1258 1184 1291 λέγων
1201 1258 1215 1283 ὁ
1240 1257 1349 1293 Φαραὼ,
1376 1267 1385 1283 ι
1406 1258 1462 1284 Οὐκ
1487 1256 1545 1285 οἰδα
1572 1259 1617 1285 τὴν
1635 1259 1747 1295 Κύριον,
1774 1258 1889 1285 καὶτὸν

1105 1305 1212 1340 Ἰσραὴλ
1225 1306 1275 1332 οὐκ
1291 1305 1471 1338 ἐξαποστελῶ,
1494 1316 1503 1332 ι
1512 1306 1720 1342 ἀναθεματίσειν
1732 1306 1777 1333 τὸν
1786 1305 1889 1342 Κύριον

1098 1351 1208 1384 λέγεται
1235 1351 1305 1378 κατὰ
1329 1352 1392 1383 τοὺς
1415 1354 1490 1387 τρεῖς
1511 1353 1695 1388 ἑρμηνευτάςο
1722 1353 1766 1379 ἴνα
1789 1352 1888 1388 μηκέτι

1098 1396 1208 1433 γλώσσῃ
1219 1398 1252 1431 τῇ
1265 1397 1401 1432 Αἰγυπτίᾳ
1410 1397 1458 1432 τὴν
1471 1397 1653 1433 δεισιδαίμονα
1667 1397 1770 1432 πλάνην
1786 1396 1890 1433 κρατύ-

1098 1450 1174 1473 νωσι,
1184 1441 1288 1476 μάθωσι
1301 1442 1328 1468 δὲ
1341 1442 1430 1469 λαλεῖν
1441 1443 1475 1469 τὰ
1485 1443 1533 1469 τοῦ
1543 1443 1609 1470 Θεοῦ
1625 1443 1712 1478 λόγια,
1721 1444 1767 1470 καὶ
1777 1443 1889 1479 ὀμνύειν

1098 1488 1126 1513 ὲν
1144 1488 1181 1523 τῷ
1195 1488 1305 1523 ὀνόματι
1319 1489 1421 1524 Κυρίου
1442 1489 1555 1516 Σαϐαὼθ
1567 1498 1573 1504 ·
1591 1490 1606 1516 ὃ
1621 1489 1652 1525 δὴ
1666 1489 1767 1526 προῖὼν
1783 1491 1797 1516 ὁ
1810 1489 1889 1525 λόγος

1098 1533 1206 1560 ἔσεσθαι
1219 1534 1350 1566 θεσπίζει.
1366 1534 1445 1562 Οὕτω
1459 1535 1487 1561 δὲ
1501 1535 1746 1571 ὰνατεθεμάτισται
1764 1536 1816 1572 τῆς
1841 1537 1890 1563 Αί-

1099 1580 1215 1613 γυπτίας
1244 1580 1380 1616 θαλάσσης
1400 1582 1416 1616 ὴ
1434 1580 1553 1615 γλῶσσα,
1569 1581 1607 1613 ὡς
1627 1581 1816 1616 ἀποσιωπῆσαι
1833 1581 1889 1608 τῶν

1099 1627 1164 1661 παρ’
1180 1626 1266 1661 αὐτῆς
1281 1626 1364 1653 πάλαι
1382 1627 1543 1662 τιμωμένων
1559 1627 1684 1663 πονηρῶν
1702 1627 1836 1662 δαιμόνων
1852 1627 1888 1653 τὰ

1097 1673 1251 1708 χρηστήρια
1274 1673 1320 1698 καὶ
1343 1672 1378 1699 τὰ
1402 1675 1516 1708 μαντεῖα
1527 1681 1534 1688 ⁸
1552 1673 1676 1700 λελύσθαι
1693 1673 1721 1700 δὲ
1732 1672 1821 1699 αὐτῶν
1840 1673 1888 1700 καὶ

1097 1718 1146 1750 τὰς
1160 1718 1192 1744 δι’
1206 1719 1309 1755 ἀνδρῶν
1323 1720 1428 1754 γοήτων
1443 1720 1621 1754 κακοτεχνίας
1631 1728 1638 1734 ·
1655 1720 1672 1746 ἃ
1693 1719 1724 1756 δὴ
1740 1720 1829 1747 πάντα
1852 1719 1886 1746 δι’

1097 1766 1185 1800 ἔργων
1210 1766 1359 1801 ἐπληροῦτο
1377 1765 1446 1801 μετὰ
1460 1765 1490 1791 τὸ
1509 1767 1637 1801 κήρυγμα
1657 1766 1688 1792 τὸ
1709 1765 1886 1800 εὐαγγελικδν

1096 1812 1126 1837 τὸ
1138 1811 1272 1847 κηρυχθὲν
1285 1812 1452 1846 Αἰγυπτίοις.
1471 1811 1515 1844 Ἐξ
1528 1813 1639 1839 ἐκείνων
1652 1812 1680 1838 δὲ
1692 1812 1738 1839 καὶ
1752 1813 1792 1844 εἰς
1811 1813 1886 1848 ἡμᾶς

1097 1858 1193 1889 αὐτοὺς
1217 1857 1270 1884 τῶν
1287 1858 1350 1893 παρ’
1375 1858 1534 1892 Αἰγυπτίοις
1558 1857 1758 1893 νενομισμένων
1781 1856 1851 1883 θεῶν
1867 1857 1885 1892 ἡ

1097 1905 1171 1930 πᾶσα
1186 1904 1300 1940 δύναμις
1315 1904 1431 1939 ἀπέσϐη,
1448 1904 1495 1930 καὶ
1507 1904 1614 1930 πάντων
1630 1904 1658 1930 δὲ
1670 1904 1722 1930 τῶν
1732 1904 1820 1930 ἀθέων
1835 1903 1884 1930 καὶ

1096 1951 1234 1977 δυσσεϐῶς)
1256 1951 1360 1986 ἀνδρῶν
1375 1950 1430 1977 τῶν
1442 1950 1502 1977 καθ’
1515 1950 1580 1986 ὅλης
1594 1950 1644 1985 τῆς
1656 1950 1820 1985 οἰκουμένης
1838 1950 1886 1976 Αἰ-

1096 1996 1299 2032 γυπτιαζόντων
1320 1998 1390 2024 κατὰ
1415 1998 1460 2024 τὸν
1475 1998 1566 2033 ὅμοιον
1586 1998 1637 2033 τῆς
1667 1997 1885 2033 είδωλολατρείας

1095 2043 1194 2078 τρόπον
1213 2044 1229 2078 ὴ
1247 2044 1312 2070 ποτὲ
1327 2043 1529 2079 πλημμυροῦσα
1555 2044 1601 2070 καὶ
1628 2044 1820 2079 κυματουμένη
1835 2043 1884 2070 θά-

1095 2089 1180 2115 λασσα
1196 2089 1244 2124 τὴν
1262 2089 1379 2124 ἐσχάτην
1397 2089 1530 2116 πέπονθεν
1546 2089 1672 2125 ἐρημίαν.

1134 2145 1143 2161 ι
1163 2136 1217 2162 Καὶ
1237 2136 1363 2162 ὲπιϐαλεῖ
1376 2135 1424 2171 τὴν
1441 2138 1520 2172 χεῖρα
1540 2136 1623 2163 αὐτοῦ
1639 2136 1685 2163 ἐπὶ
1704 2136 1749 2163 τὸν
1762 2137 1885 2172 ποταμὸν

1096 2183 1123 2208 ἐν
1140 2182 1274 2217 πνεύματι
1303 2183 1392 2218 βιαίῳ,
1418 2182 1465 2209 καὶ
1491 2182 1605 2216 πατάξει
1631 2183 1700 2210 ἑπτὰ
1727 2183 1882 2219 φάραγγας,

1096 2228 1166 2255 ὥστε
1182 2229 1392 2264 διαπορεύεσθαι
1415 2229 1497 2255 αὑτὸν
1516 2230 1544 2255 ὲν
1561 2230 1725 2265 ὑποδήμασι.
1745 2239 1754 2256 ι
1773 2230 1884 2265 Πνεῦμα

258 2277 323 2304 dicit
335 2285 408 2310 eum,
423 2278 468 2312 qui
484 2279 588 2313 printus
603 2279 790 2315 Egypliornm
807 2289 918 2315 regnum
933 2282 1040 2315 evertit,

1097 2274 1183 2309 βίαιον
1198 2273 1258 2302 εἷπε
1274 2276 1318 2302 τὸν
1334 2277 1441 2311 πρῶτον
1454 2276 1602 2303 καθελόντα
1617 2276 1665 2312 τὴν
1679 2276 1816 2312 βασιλείαν
1829 2277 1884 2304 τῶν

258 2324 442 2351 liontanorutn
460 2325 564 2351 ducent.
579 2325 687 2360 Septem
703 2334 767 2353 vero
780 2328 898 2359 canales.
913 2328 934 2355 si
953 2329 1044 2356 animo

258 2370 443 2404 perpenderis,
459 2371 498 2398 sic
513 2371 655 2405 intelliges,
668 2372 731 2399 olim
747 2373 856 2407 quidem
874 2373 954 2400 unius
969 2374 1043 2400 lluvii

257 2415 407 2445 ntaxintulll
426 2417 531 2444 alveum
548 2417 641 2449 fuisse,
655 2426 709 2453 quo
723 2418 832 2454 [Egypti
851 2419 924 2453 regia
942 2419 1044 2446 indica-

257 2461 402 2488 batnrtea
427 2469 492 2489 vero
516 2463 642 2490 omnibus
659 2463 760 2490 circum
781 2464 905 2499 gentibus
927 2465 1045 2500 impera-

255 2505 323 2533 bat:
341 2506 385 2533 illa
400 2512 490 2534 autem
508 2509 595 2535 soluta
618 2514 642 2535 et
661 2516 766 2542 eversa,
783 2511 913 2544 quosdam
936 2511 1044 2546 regulos

257 2552 284 2578 in
302 2558 394 2586 partes
410 2554 582 2581 distributam
598 2562 658 2582 eam
676 2555 848 2584 obtinuisse:
867 2564 980 2591 quorum
998 2557 1042 2584 alii

255 2601 365 2635 quidem
385 2600 498 2637 Libycas
516 2607 606 2636 partes
634 2602 878 2634 administrabant;
896 2603 941 2630 alii
965 2612 1044 2638 sepa-

255 2645 335 2672 ratim
346 2645 524 2674 Thebteornm
541 2651 654 2679 tractus,
669 2648 714 2675 alii
729 2648 874 2683 Αῖεγιηιιιιι
889 2653 916 2675 et
927 2649 1044 2676 Alexan-

255 2690 352 2718 driam.
368 2691 401 2718 Et
423 2699 455 2719 ex
475 2693 517 2720 his
541 2693 584 2719 alii
601 2693 708 2728 quidem
730 2693 901 2727 prwl'ecturis
920 2695 1043 2722 exornati

255 2741 329 2769 sum,
343 2737 441 2771 quibus
455 2739 624 2772 publicarum
638 2743 665 2766 et
681 2739 852 2774 politicarnm
871 2747 960 2766 rerum
979 2748 1043 2767 cura

255 2783 410 2810 concredita
427 2784 492 2817 fuit;
506 2785 550 2812 alii
566 2793 631 2813 vero
648 2785 806 2813 bellicorum
820 2786 945 2813 ordinum
961 2787 1043 2814 duces

254 2828 343 2862 effecti
359 2840 366 2857 :
382 2835 408 2857 et
422 2831 449 2858 hi
465 2839 560 2859 ontnes
575 2840 589 2859 a
606 2832 701 2865 majori
727 2838 861 2867 poteSIate
883 2833 915 2860 ad
941 2841 1043 2861 memo-

255 2881 327 2903 ratas
351 2876 498 2912 dignitates
521 2879 625 2911 evecti;
653 2883 746 2912 postea
769 2886 834 2906 vero
851 2880 892 2905 ad,
908 2880 1041 2914 privatam

256 2922 437 2951 conditionem
454 2923 566 2958 redacti,
585 2924 724 2952 canalibus
738 2924 799 2959 jure
812 2925 902 2953 collati
919 2932 990 2960 sunt,
1010 2928 1042 2954 ad

1095 2322 1251 2356 Αἰγυπτίων
1273 2323 1415 2358 Ῥωμαίων
1426 2322 1553 2359 ἄρχοντα.
1573 2323 1621 2350 Διὰ
1635 2323 1663 2350 δὲ
1677 2324 1730 2350 τῶν
1739 2324 1809 2351 ἑπτὰ
1831 2331 1883 2359 φα-

1097 2367 1205 2402 ράγγων
1214 2368 1320 2403 νοήσεις
1345 2368 1495 2404 ἐπιστήσας
1509 2369 1554 2394 τὸν
1574 2369 1646 2400 νοῦν,
1668 2369 1705 2400 ὡς
1724 2369 1806 2396 πάλαι
1834 2369 1884 2405 μὲν

1095 2414 1154 2445 ἑνὸς
1172 2414 1293 2448 ποταμοῦ
1309 2414 1398 2450 ῥεῦμα
1414 2415 1552 2450 μέγιστον,
1567 2414 1600 2440 δι’
1615 2411 1645 2440 οὗ
1669 2415 1699 2442 τὸ
1723 2416 1772 2451 τῆς
1803 2415 1884 2450 Αἰγύ-

1095 2468 1161 2486 πτου
1181 2460 1313 2495 βασίλειον
1331 2461 1466 2496 ἐδηλοῦτο,
1478 2460 1531 2486 τῶν
1548 2461 1643 2488 αὐτόοι
1666 2461 1774 2488 πάντων
1799 2461 1883 2489 ἐθνῶν

1095 2507 1222 2543 ἐκράτει·
1239 2507 1423 2542 παταχθέντος
1444 2508 1471 2534 δὲ
1495 2508 1599 2534 ἐκείνου
1615 2509 1661 2535 καὶ
1676 2508 1809 2541 λυθέντος,
1835 2517 1883 2544 με-

1095 2553 1165 2591 ρικοί
1179 2562 1250 2585 τινες
1271 2554 1400 2589 ἄρχοντες
1423 2554 1511 2580 αὐτῶν
1534 2554 1604 2581 κατὰ
1617 2555 1727 2592 χρόνους
1751 2555 1880 2590 ἡγοῦντο·

1093 2602 1116 2626 οἰ
1135 2600 1182 2635 μὲν
1197 2600 1232 2626 τὰ
1247 2600 1351 2626 Λιϐύων
1362 2600 1499 2632 διέποντες
1515 2601 1596 2636 μέρη,
1609 2602 1633 2627 οἰ
1645 2601 1672 2628 δὲ
1685 2602 1882 2638 ἀφωρισμένως

1093 2646 1127 2672 τὰ
1150 2647 1286 2681 Θηϐαίων,
1310 2647 1334 2673 οἰ
1360 2646 1388 2672 δὲ
1412 2646 1498 2681 αὐτῆς
1526 2648 1662 2681 Αἰγύπτου
1685 2649 1731 2674 καὶ
1760 2648 1883 2680 Ἀλεξαν-

1093 2694 1191 2728 δρείας.
1210 2695 1265 2720 Καὶ
1287 2693 1389 2720 τούτων
1412 2694 1436 2719 οἱ
1466 2694 1514 2728 μὲν
1532 2695 1689 2729 ἡγεμονίαις
1709 2695 1880 2730 τετίμηνται,

1092 2739 1146 2766 τῶν
1156 2739 1308 2775 δημοτικῶν
1331 2739 1378 2765 καὶ
1404 2739 1553 2766 πολιτικῶν
1566 2739 1736 2775 πραγμάτων
1757 2741 1880 2775 ἐγκεχει-

1094 2786 1216 2821 ρισμένοι
1232 2785 1281 2821 τὴν
1298 2785 1440 2820 (pperiar
1470 2785 1494 2811 οἱ
1518 2785 1546 2812 δὲ
1572 2785 1771 2821 ἀφωρισμένως
1801 2785 1882 2811 πάλιν

1092 2831 1145 2857 τῶν
1162 2831 1362 2866 στρατιωτικῶν
1376 2830 1558 2867 καθηγοῦνται
1571 2832 1716 2866 ταγμάτων
1728 2840 1734 2846 ·
1753 2832 1799 2858 καὶ
1810 2829 1881 2857 οὗτοι

1093 2877 1194 2910 πάντες
1209 2878 1261 2904 ὑπὸ
1279 2878 1328 2912 τῆς
1348 2877 1471 2913 μείζονος
1491 2877 1614 2909 ἐξουσίας
1631 2878 1676 2903 ἐπὶ
1691 2877 1739 2909 τὰς
1754 2876 1881 2912 δηλωθεί-

1095 2933 1142 2956 aa;
1157 2924 1243 2960 ἀρχὰς
1266 2924 1460 2960 προαγὸμενοιθ
1485 2925 1601 2951 κᾶπειτα
1621 2923 1811 2957 ἰδιωτεύοντες,
