2059 3215
151 193 199 222 Isi

625 195 874 228 COMMENTARIA
892 195 926 223 IN
947 194 1074 224 ISAIAM.
1095 211 1129 216 —
1148 196 1224 224 CAP.
1243 195 1302 224 XII.

1731 200 1779 227 I89.

151 253 247 288 ραγξιν
261 253 374 286 εἰκότως
393 255 615 290 παρεὸλήθησαν,
631 255 670 287 ὠς
683 257 713 282 ὲν
729 256 880 292 παραθέσει
894 254 941 282 τοῦ

993 256 1223 290 comparationem
1262 255 1381 283 ﬂuminis
1408 257 1480 291 apud
1509 256 1568 285 illos
1596 264 1776 290 exuutrJutts,

151 299 235 326 πάλαι
246 299 474 335 πλημμυροῦντος
486 300 577 332 αὐτοῖς
591 301 725 336 ποταμοῦ,
746 302 817 335 λέγω
838 301 869 336 δὴ
893 299 940 327 τοῦ

151 345 298 380 βασιλείου,
315 345 345 376 ὃς
355 345 387 381 δὴ
403 345 452 381 τὴν
477 346 566 372 πᾶσαν
592 345 699 381 ἀθρόως
716 346 801 382 αὐτην
814 355 844 373 τε
863 345 942 380 Δίγυ-

151 399 218 417 πτον
234 391 280 418 καὶ
299 390 334 417 τὰ
359 391 430 426 ἀμφὶ
452 390 555 427 ταύτην
582 391 646 428 ἔθνη
667 393 708 419 ἐνὶ⁸
728 391 844 428 ῥεύματι
865 400 942 427 περι-

151 437 264 468 ἐκλυζε·
291 438 340 473 μιᾷ
365 437 478 472 δυνάμει
501 437 628 474 βασιλικῇ
654 438 865 475 κατακρατούσῃ
880 438 935 465 τῶν

151 483 229 510 ἥλων.

188 538 198 554 ι
214 529 269 556 Καὶ
284 529 360 556 ἔσται
373 529 458 561 δίοδος
474 529 513 564 τῷ
529 529 737 564 καταλειφθέντι
759 539 809 566 μου
832 529 889 565 λαῷ
912 531 941 556 ὲν

150 576 296 611 Αίγύπτῳο
325 576 372 602 καὶ
397 576 473 602 ἔσται
489 575 528 610 τῷ
548 576 658 612 Ἰσραὴλ
679 576 716 608 ὡς
737 578 754 612 ἡ
781 577 873 612 ἡμέρα
898 577 941 603 ὅτε

150 622 265 656 ἐξῆλθεν
293 622 324 648 ἐκ
341 622 391 658 γῆς
416 622 573 657 Αἰγύπτου·
593 632 602 648 r
624 623 661 654 ὼς
689 622 772 658 βατὴν
798 620 868 649 εἶναι
894 622 942 648 τοῦ

149 667 243 695 λοιποῦ
263 669 312 703 τὴν
337 667 475 703 Αἴγυπτον
489 670 544 701 τοῖς
562 669 610 695 τοῦ
634 668 752 704 Χριστοῦ
776 669 942 704 Εὑαγγέλιον

150 715 324 750 κηρύττουσι,
350 715 464 750 μηδενὸς
485 715 609 750 ἐμποδὼν
633 715 725 747 αὐτοῖς
753 715 941 750 ἐνισταμένου,

92 755 96 760 Δ
151 760 212 796 μηδ’
236 761 387 788 ἐπιϐαίνειν
410 761 571 794 κωλύοντος.
591 762 690 797 Διόπερ
708 761 747 793 ὡς
767 762 865 797 μηκέτι
882 771 943 789 συν-

149 805 271 843 εστώσης
278 807 487 842 τῆςΑίγυπτίων
498 807 651 843 βασιλείας,
664 807 701 839 ὡς
711 807 740 833 δὲ
755 807 805 842 τῆς
819 807 941 842 δαιμονι-

150 853 202 888 κῆς
236 854 375 889 ἐνεργείας
401 854 450 889 τῆς
476 855 506 881 ἐν
535 855 628 886 αὐτοῖς
658 853 887 889 ἀποσϐεσθείσης,
911 853 942 881 τὸ

148 900 280 936 κήρυγμα
294 901 325 927 τὸ
346 901 522 936 εὖαγγελικὺν
543 901 590 928 ἐπὶ
606 900 705 936 σχολῆς
733 900 826 932 αὐτοῖς
850 902 940 936 ἐπηγ-

149 945 271 980 τέλλετο.

405 991 605 1018 ΚΕΦΑΛΑΙΟΝ
635 992 685 1020 ΙΒ’.

188 1046 198 1062 ε
218 1037 274 1064 Καὶ
290 1037 405 1072 ἐρεῖς.ἐν
427 1038 460 1072 τῇ
479 1037 570 1073 ἡμέρᾳ.
595 1038 701 1074 ἐκείνῃ·
731 1038 877 1073 Εὑλογήσω
898 1045 939 1070 σε,

151 1083 264 1118 Κύριε.»
277 1082 332 1119 (I8)
340 1083 384 1114 Ὠς
403 1082 459 1118 γὰρ
475 1084 489 1109 ὁ
501 1082 639 1115 Μωῦσέως
646 1083 709 1115 λαὸς
724 1083 797 1120 διέϐη
816 1084 880 1110 ποτὲ
891 1084 941 1118 τὴν

159 1127 292 1164 Ἐρυθρὰν
308 1128 444 1156 Θάλασσαν
463 1128 501 1160 ὡς
520 1127 564 1154 διὰ
591 1128 694 1164 ξηρᾶςι
724 1128 784 1156 εἶτα
804 1129 874 1165 μετὰ
891 1129 941 1165 τὴν

151 1173 236 1200 δίοδον
247 1173 296 1209 τὴν
311 1173 380 1210 ᾠδὴν
398 1172 469 1213 ᾖσαν
494 1174 630 1207 λέγοντες,
650 1184 659 1200 ι
679 1175 808 1211 ᾏσωμεν
824 1174 864 1210 τῷ
886 1176 942 1201 Κυ-

150 1218 210 1254 ρίῳ,
229 1218 339 1251 ἐνδόξως
358 1219 412 1255 γὰρ
428 1219 599 1252 δεδόξασται·
625 1229 634 1245 ι
662 1219 708 1247 τὸν
733 1221 814 1248 αὑτὸν
841 1220 942 1256 τρόπον

149 1265 197 1292 καὶ
210 1265 234 1291 οἱ
247 1265 480 1300 προφητευόμενοι
508 1266 556 1292 τοῦ
580 1266 706 1302 Σωτῆρος
727 1266 806 1301 ἡμῶν
827 1266 941 1300 εὐαγγε-

148 1310 248 1343 λισταὶ,
261 1311 338 1338 αὐτοὶ
351 1311 430 1343 ὄντες
443 1313 467 1338 oi
477 1312 509 1338 ἐκ
522 1311 570 1339 τοῦ
585 1314 685 1345 παντὸς
701 1313 835 1340 Ἰουδαίων
848 1313 940 1346 ἔθνους

148 1357 377 1393 περιλειφθέντες,
402 1357 542 1384 ἀκώλυτον
570 1358 727 1394 ποιούμενοι
753 1358 798 1385 τὸν
827 1358 940 1394 δρόμον,

149 1404 197 1431 καὶ
210 1404 302 1433 πᾶσαν
322 1404 507 1440 διατρέχοντες
529 1404 578 1441 τὴν
602 1405 759 1440 Αἰγυπτίων
773 1405 876 1441 χώραν,
895 1407 942 1433 καὶ

154 1449 294 1481 Ἰουδαίοις
314 1449 364 1484 μὲν
387 1449 571 1485 κηρύττοντες
591 1450 622 1477 τὸ
648 1450 814 1485 Εὐαγγέλιον
837 1452 865 1478 ὲν
882 1453 941 1484 ταῖς

149 1497 322 1529 συναγωγαῖς
366 1495 467 1528 αὐτῶν,
488 1496 636 1532 ἐκκλησίας
662 1496 691 1523 δὲ
724 1497 843 1533 Χριστοῦ
877 1506 939 1525 συν-

148 1541 279 1573 ιστῶντες
289 1542 322 1568 ἐκ
329 1541 379 1577 τῆς
393 1542 448 1568 τῶν
460 1542 547 1569 ἐθνῶν
564 1543 741 1578 ἐπιστροφῆς,
754 1543 846 1570 καινὸν
854 1542 940 1579 ᾆσμα,

147 1588 277 1624 ἐμφερῶς
290 1591 346 1621 τοῖς
364 1590 410 1616 ἐπὶ
424 1590 574 1622 Μωῦσέως,
593 1590 817 1627 ὲδίδασκον“ᾇδειν
825 1592 888 1623 τοὺς
907 1592 940 1618 δι’

145 1634 237 1662 αὐτῶν
247 1630 461 1672 ὠφελουμένους.
475 1636 560 1663 Τοῦτο
567 1637 595 1663 δὲ
607 1634 640 1672 ἦν
655 1637 686 1663 τὺ
699 1637 875 1674 προφωνηθὲν
888 1638 941 1665 ὑπὸ

144 1680 196 1708 τοῦ
212 1681 325 1717 Κυρίου,
354 1683 505 1718 φάσκοντος
523 1683 566 1709 διὰ
588 1682 634 1709 τοῦ
660 1683 830 1718 προφητικοῦ
845 1684 938 1718 λόγου·

146 1735 163 1752 ι
182 1726 237 1754 Καὶ
247 1728 321 1764 ἐρεῖς
336 1729 365 1755 ἐν
378 1730 411 1764 τῇ
431 1729 523 1765 ἡμέρᾳ
542 1729 649 1765 ἐκείνῃ·
667 1730 867 1766 Εὑλογήσωσε,
886 1731 940 1758 Κύ-

145 1780 203 1808 ριε,
216 1772 283 1799 διότι
308 1773 446 1808 ὠργίσοης
470 1782 525 1809 μοι,
542 1774 589 1800 καὶ
609 1774 783 1812 ὰπέστρεψας
794 1775 838 1802 τὸν
855 1776 941 1811 θυμόν

145 1826 211 1850 σου,
225 1820 272 1845 καὶ
288 1819 408 1855 ἡλέησάς
424 1828 467 1855 με.
486 1830 495 1845 ι

191 1873 200 1889 ι
223 1864 288 1891 Ἰδοὺ
305 1866 319 1891 ὁ
334 1865 400 1896 Θεός
414 1874 476 1900 μου,
493 1867 589 1902 Σωτήρ
612 1876 673 1902 μου.
695 1867 832 1899 πεποιθὼς
844 1868 940 1904 ἔσομαι

146 1910 194 1937 ἐπ’
209 1910 293 1945 αὐτῷ,
308 1910 355 1936 καὶ
368 1911 399 1936 οὺ
418 1911 607 1947 φοὸηθήσομαι
618 1921 624 1927 ·
640 1912 706 1939 διότι
720 1914 736 1948 ἡ
753 1913 815 1945 δόξα
831 1922 882 1948 μου
895 1914 941 1941 καὶ

145 1958 165 1992 ἡ
181 1955 285 1987 αἱ’νεσίς
303 1964 354 1990 μου
363 1955 474 1991 Κύριος,
486 1957 532 1982 καὶ
541 1957 649 1990 ἐγένετό
663 1966 707 1992 μοι
719 1959 760 1989 εἰς
776 1959 938 1994 σωτηρίαν,»

145 2001 198 2029 καὶ
213 2000 231 2028 ἃ
243 2001 421 2036 παρακατιὼν
438 2001 554 2028 ἐνταῦθα
564 2001 682 2034 διέξεισι.
700 2002 736 2029 Τὸ
748 2002 840 2037 γοῦν,ι
859 2003 942 2038 ὠργί-

147 2047 219 2082 σθης
247 2056 304 2082 μοι,
323 2056 332 2072 ι
351 2047 546 2083 ἐξομολόγησιν
571 2048 711 2084 προτέρων
736 2048 941 2084 ἁμαρτημάτων

146 2092 330 2128 παρίστησιν·
347 2089 385 2121 ὧν
401 2093 483 2120 ἕνεκα.
507 2092 574 2119 Θεοῦ
591 2093 675 2129 ὀργῆς
698 2091 769 2129 ἦσαν
794 2094 863 2126 ἄξιοι
889 2095 941 2130 πρὸ

145 2139 199 2174 τῆς
214 2139 347 2175 σωτηρίου
364 2139 488 2174 κλήσεως
506 2139 530 2165 οί
545 2138 704 2173 Αίγύπτιον
721 2139 753 2167 τὸ
767 2140 805 2173 δὲ,
833 2149 842 2165 t
875 2140 940 2167 Ἀπ-

147 2184 286 2220 έστρεψας
300 2185 346 2212 τὸν
361 2184 446 2220 θυμόν
462 2193 508 2211 σου
523 2186 570 2212 ἀπ’
583 2187 660 2222 ἐμοῦ,
678 2186 725 2214 καὶ
736 2187 856 2223 ὴλέησάς
874 2195 917 2222 με,
928 2196 938 2213 ο

147 2230 200 2266 τὴν
215 2231 283 2266 μετὰ
299 2230 349 2266 τὴν
367 2231 462 2267 κλῆσιν
480 2231 647 2268 δωρηθεῖσαν
657 2234 749 2265 αὐτοῖς
763 2233 861 2268 ἄφεσιν
886 2232 941 2259 τῶν

992 302 1055 337 regii
1073 303 1143 336 dico,
1157 303 1229 337 quod
1252 310 1359 330 onmem
1382 310 1434 329 una
1453 303 1616 338 (Egyptum,
1638 311 1670 331 ac
1698 304 1778 332 simul

990 353 1085 383 gentes
1113 349 1332 384 circumpositas,
1355 357 1408 377 uno
1430 350 1508 377 alveo
1532 350 1697 384 inundabat,
1723 359 1776 378 una

993 394 1064 429 regia
1099 398 1234 429 potestate
1263 395 1290 422 in
1323 396 1464 423 universos
1507 395 1674 423 dominatum
1707 396 1777 424 obti-

991 445 1083 467 neute.

1027 530 1108 559 Vens.
1125 530 1166 559 16.
1183 540 1192 556 ι
1208 530 1241 558 Et
1254 531 1305 558 erit
1322 531 1452 559 transitus
1466 531 1595 559 dereticto
1607 530 1706 567 popqu
1719 539 1779 559 meo

992 577 1018 604 in
1035 577 1153 612 Egypto
1170 585 1176 604 :
1192 581 1220 604 et
1241 577 1294 604 erit
1316 577 1418 610 Israeli,
1431 578 1509 612 quasi
1533 577 1599 610 dies,
1619 585 1671 612 qua
1694 578 1779 604 exivit

991 629 1024 649 ex
1046 622 1178 657 Egypto;
1192 631 1201 648 ι
1220 622 1256 649 ita
1281 628 1309 649 ut
1331 622 1458 658 deinceps
1479 623 1615 658 Egyptus
1640 624 1778 659 Evangelii

991 667 1092 695 Christi
1116 669 1286 703 praeconibus
1304 669 1394 703 pervia
1416 669 1468 702 sit,
1492 670 1564 697 nullo
1586 671 1710 698 obstante
1734 671 1776 698 vel

993 714 1145 747 ingressum
1179 714 1356 749 prohibente.
1389 715 1575 750 Quapropter,
1604 720 1696 750 utpote
1719 716 1775 751 jam

991 759 1098 786 sublato
1122 759 1309 795 Egyptiorum
1334 767 1426 794 regno,
1451 768 1483 788 ac
1509 762 1656 789 daemonica
1682 769 1777 796 opera-

973 837 976 841 .
993 805 1066 833 tione
1089 806 1159 840 apud
1183 806 1256 840 ipsos
1271 806 1419 840 exstincta,
1440 807 1596 843 evangelica
1621 808 1778 842 praedicatio

992 850 1083 886 quiete
1099 850 1320 878 annuntiabatur.

1288 984 1403 1013 CAPUT
1422 985 1478 1013 XII.

1028 1029 1143 1057 VensJ.
1165 1029 1213 1057 «Et
1228 1031 1302 1058 dices
1315 1031 1342 1058 iu
1356 1032 1399 1059 die
1420 1031 1476 1064 illa,
1493 1032 1654 1060 Beuedicam
1669 1038 1704 1066 te,
1724 1033 1779 1061 Do-

991 1075 1074 1104 mine.
1086 1086 1095 1102 ι
1110 1076 1342 1110 Quemadmodum
1361 1079 1433 1105 enim
1450 1078 1548 1114 Moysis
1568 1079 1681 1114 populus
1702 1087 1777 1107 mare

992 1121 1129 1155 Rubrum,
1145 1123 1222 1157 quasi
1247 1131 1295 1158 per
1311 1124 1425 1157 aridam,
1439 1125 1502 1151 olim
1518 1125 1624 1160 trajecit
1643 1134 1650 1153 :
1669 1133 1701 1153 ac
1718 1130 1778 1161 post

993 1169 1146 1201 transitum,
1164 1170 1299 1197 canticum
1316 1170 1448 1198 canebant
1464 1171 1597 1204 dicentes,
1616 1172 1793 1199 «Cantemus

993 1214 1118 1247 Domino.
1144 1215 1262 1250 gloriose
1279 1216 1350 1243 cnim
1372 1216 1539 1253 gloriﬁcatus
1566 1217 1658 1245 est"r
1689 1218 1728 1245 sic
1751 1222 1778 1244 et

992 1261 1166 1295 evangelista:
1179 1260 1329 1289 Sulvntoris
1352 1262 1436 1289 nostri
1462 1263 1507 1297 qui
1529 1263 1554 1289 in
1580 1263 1721 1298 prophetia
1738 1262 1778 1291 fo-

993 1312 1107 1341 runtur,
1135 1308 1215 1335 iidem
1243 1308 1292 1343 ipsi
1320 1309 1444 1336 videlicet
1463 1309 1508 1344 qui
1534 1317 1566 1336 ex
1592 1314 1646 1336 tota
1664 1309 1777 1338 Iudatca

991 1359 1070 1390 gente
1091 1354 1176 1382 relicti
1203 1355 1325 1388 fuerant,
1349 1363 1410 1383 cum
1432 1355 1504 1382 nullo
1527 1357 1653 1384 obstante
1667 1364 1777 1385 cursum

992 1407 1070 1427 suum
1087 1401 1263 1435 perlicerent,
1279 1409 1312 1428 ac
1335 1406 1418 1428 totam
1431 1401 1620 1437 Egyptiornm
1640 1403 1776 1437 regionem

992 1446 1189 1481 pervaderent,
1203 1446 1303 1474 ludatis
1315 1448 1424 1482 quidem
1440 1448 1614 1483 Evangelium
1630 1449 1778 1484 pradican-

993 1495 1032 1518 tes
1047 1491 1074 1519 in
1094 1493 1252 1527 synagogis,
1276 1499 1307 1519 ex
1322 1493 1441 1528 gentium
1459 1501 1523 1520 vero
1539 1493 1716 1520 conversione
1731 1494 1779 1521 Ec-

992 1535 1088 1564 clesias
1114 1535 1215 1564 Christi
1245 1538 1461 1570 constituentes;
1498 1538 1636 1565 canticum
1665 1545 1776 1576 novum,

993 1582 1103 1616 perinde
1121 1587 1203 1617 atque
1228 1583 1266 1610 illi
1295 1588 1415 1618 tempore
1435 1583 1548 1618 Moysis,
1573 1591 1672 1611 canere
1698 1585 1778 1611 doce-

993 1630 1058 1655 bant
1072 1636 1135 1662 θοι,
1149 1628 1195 1663 qui
1208 1635 1289 1663 opera
1308 1635 1357 1656 sua
1379 1629 1496 1656 I'ruclum
1513 1633 1708 1664 perceperant;
1727 1630 1778 1657 hoc

992 1675 1096 1702 scilicet
1123 1675 1257 1702 canticum
1274 1675 1339 1702 olim
1355 1683 1370 1702 a
1385 1675 1500 1703 Domino
1522 1682 1569 1709 per
1591 1675 1778 1710 propheticum

991 1729 1143 1750 sermonem
1169 1721 1375 1756 praenuntiatum
1392 1729 1400 1748 :
1420 1731 1429 1748 ι
1448 1721 1479 1749 Et
1501 1722 1575 1749 dices
1598 1722 1624 1749 in
1650 1722 1696 1749 die
1723 1722 1778 1753 illa.

992 1768 1153 1795 Benedicam
1171 1774 1205 1802 te,
1221 1768 1346 1801 Domine,
1364 1768 1492 1803 quoniam
1510 1770 1597 1796 iratus
1612 1776 1643 1796 es
1659 1769 1737 1802 mibi,
1750 1774 1778 1796 et

991 1815 1112 1842 avertisti
1129 1814 1247 1842 furorem
1271 1820 1359 1848 tuum,
1374 1819 1402 1842 et
1417 1815 1544 1842 misertus
1558 1823 1588 1842 es
1605 1815 1680 1842 tnibi.
1694 1825 1704 1842 ι

1028 1860 1111 1889 Vens.
1125 1862 1153 1889 2.
1170 1872 1179 1887 ι
1193 1862 1261 1890 Ecce
1277 1862 1347 1890 Deus
1362 1871 1454 1895 meus,
1471 1862 1591 1890 salvator
1606 1870 1692 1894 meus,
1707 1862 1778 1889 Iidu-

992 1908 1061 1935 eiatn
1087 1908 1193 1936 habebo
1216 1909 1242 1936 in
1269 1908 1329 1941 illo,
1352 1913 1379 1936 et
1396 1916 1449 1936 non
1467 1909 1567 1936 timebo
1586 1917 1593 1935 :
1612 1908 1674 1943 quia
1690 1907 1777 1942 gloria

992 1960 1051 1979 mea
1074 1958 1103 1980 et
1126 1953 1185 1980 laus
1200 1961 1258 1981 mea
1278 1954 1425 1986 Dominus,
1444 1958 1471 1980 et
1492 1953 1580 1981 factus
1596 1958 1638 1981 est
1657 1953 1722 1980 mihi
1750 1953 1777 1981 in

992 1998 1116 2033 salutem,
1131 2008 1140 2025 ι
1159 2003 1186 2027 et
1204 2007 1264 2033 quae
1281 2000 1330 2027 sub
1348 2000 1403 2026 haec
1420 2001 1601 2035 prosequitur.
1617 1999 1685 2026 Illud
1699 2007 1777 2035 ergo.

994 2047 1101 2073 «iratus
1125 2054 1155 2074 es
1181 2046 1256 2078 mihi,
1271 2056 1281 2073 ι
1309 2047 1486 2082 pristinorum
1514 2052 1686 2081 peccatorum
1711 2054 1777 2074 ceu.

992 2090 1136 2119 fessionem
1157 2092 1268 2119 exhibet
1289 2099 1296 2118 :
1324 2099 1439 2126 quortun
1465 2098 1544 2119 causa
1568 2090 1691 2127 Aﬂpyptii
1716 2096 1780 2118 ante

992 2138 1139 2165 salutarem
1158 2138 1327 2166 vocationem
1357 2138 1396 2165 ira
1422 2137 1468 2164 Dei
1496 2137 1568 2172 digni
1593 2142 1692 2170 erant;
1713 2137 1779 2164 illud

992 2187 1092 2214 autem,
1108 2192 1117 2208 ι
1132 2183 1259 2210 Avertisti
1277 2183 1392 2211 furorem
1408 2188 1482 2210 tuum
1505 2190 1519 2209 a
1535 2191 1594 2214 me,
1610 2187 1637 2211 et
1652 2183 1779 2211 misertus

992 2220 1133 2262 es‘mibi,»
1154 2235 1326 2264 peccatorum
1341 2230 1538 2263 remissionem,
1554 2231 1607 2258 illis
1621 2235 1682 2266 post
1698 2239 1778 2259 voea—

147 2278 357 2314 ἁμαρτημὰτων
375 2278 512 2314 σημαίνει.
529 2279 560 2305 Ἦ
575 2279 628 2314 γὰρ
643 2280 722 2315 χάρις
735 2279 780 2306 καὶ
796 2280 812 2314 ἡ
828 2279 940 2314 ἀλήθεια

995 2275 1094 2301 tionem
1121 2282 1288 2307 concessam,
1314 2275 1458 2310 significat.
1481 2275 1548 2303 Nam
1566 2277 1653 2311 gratia
1668 2281 1696 2303 et
1709 2276 1778 2304 veri-

147 2323 196 2350 διὰ
213 2324 298 2358 Ἰησοῦ
309 2323 428 2359 Χριστοῦ
442 2323 575 2359 γενομένη
604 2325 651 2351 καὶ
665 2325 757 2356 αὐτοῖς
772 2324 940 2358 Αἰγυπτίοις,

149 2369 200 2396 καὶ
219 2370 285 2396 πᾶσι
299 2371 355 2401 τοῖς
379 2370 425 2396 τὸν
443 2370 506 2397 Υίὸν
533 2370 581 2396 τοῦ
602 2370 670 2397 Θεοῦ
685 2371 940 2406 παραδεδεγμένοις,

148 2414 261 2449 δεσμῶν
285 2414 360 2442 λύσιν
386 2417 433 2442 καὶ
465 2415 608 2452 ἁμαρτιῶν
637 2416 809 2452 συγχώρησιν
839 2416 942 2452 ἐδωρή-

150 2469 229 2489 σατο.

191 2516 201 2533 ι
224 2507 280 2534 Καὶ
294 2507 442 2542 ἁντλήσατε
460 2507 532 2545 ὕδωρ
558 2508 616 2543 μετ’
639 2508 807 2543 εὐφροσύνης
828 2509 861 2534 ἐκ
885 2507 939 2534 τῶν

149 2553 250 2589 πηγῶν
269 2553 316 2580 τοῦ
330 2553 477 2589 Σωτηρίου.
494 2564 504 2580 r
517 2554 601 2580 Πάλιν
614 2553 799 2589 ἀλληγορικῶς
823 2554 940 2580 ἐνταῦθα

149 2599 337 2636 παραδεκτέον
354 2598 384 2625 τὺ
400 2599 470 2636 ὕδωρ
486 2600 533 2626 καὶ
544 2599 597 2632 τὰς
614 2599 706 2634 πηγὰς
722 2599 768 2625 τοῦ
788 2599 937 2635 Σοηηρίου.

150 2647 268 2681 Νοήσεις
283 2646 311 2672 δὲ
326 2645 412 2672 ταῦτα
425 2645 506 2672 αὐτοῦ
521 2645 645 2680 λέγοντος
657 2645 704 2672 τοῦ
722 2645 861 2681 Σωτῆρος·
881 2655 890 2671 ι
907 2645 941 2671 Εἴ

149 2700 193 2723 τις
209 2691 283 2726 διψᾷ,
298 2690 421 2726 ἐρχέσθω
433 2691 501 2726 πρὸς
524 2692 567 2725 μὲ,
585 2692 631 2719 καὶ
647 2692 761 2718 πινέτω*
776 2692 790 2717 ὁ
803 2690 939 2717 πιστεύων

151 2740 192 2769 ei;
204 2738 264 2773 ἐμὲ,
278 2747 287 2763 t
300 2736 392 2768 καθὼς
400 2735 475 2763 εἶπεν
483 2737 500 2772 ἡ
516 2738 621 2772 Γραῳὴ,
635 2747 643 2764 ι
657 2737 774 2772 ras-rapat
783 2738 814 2763 ἐκ
825 2737 875 2772 τῆς
883 2745 939 2763 κοι-

150 2787 212 2819 λίας
228 2787 310 2814 αὒτοῦ
322 2788 463 2823 ῥεύσουσιν
473 2787 568 2818 ὕδατος
583 2787 689 2819 ζῶντος.
717 2797 725 2812 ι
743 2786 831 2820 Πηγαὶ
850 2786 939 2812 τοίνυν

186 2845 210 2860 τ¹
227 2845 312 2873 Exod.
329 2854 373 2877 xv,
393 2846 416 2874 I.
456 2846 478 2860 ⁷³
495 2844 573 2874 Joan.
589 2853 642 2877 vn,
660 2846 704 2873 37.

993 2325 1034 2346 tas
1053 2327 1100 2354 per
1115 2319 1207 2348 Jesum
1220 2320 1358 2348 Christum
1372 2321 1455 2354 facta,
1470 2330 1532 2350 cum
1549 2323 1613 2356 ipsis
1627 2321 1775 2357 (Egyptiis,

992 2370 1047 2392 tum
1063 2366 1189 2393 omnibus
1214 2366 1255 2397 iis.
1270 2366 1315 2400 qui
1335 2366 1432 2394 Filiqu
1452 2367 1497 2394 Dei
1515 2372 1700 2402 susceperant,
1718 2367 1779 2394 viu-

990 2412 1110 2439 culorum
1129 2413 1302 2447 solutionem,
1323 2419 1350 2441 et
1366 2419 1539 2444 peccatorum
1556 2404 1660 2441 veniam
1675 2414 1758 2442 dedit.

1030 2503 1110 2532 Vens.
1125 2505 1151 2531 5.
1170 2512 1179 2529 t
1196 2505 1227 2532 Et
1243 2505 1350 2532 haurite
1363 2512 1461 2539 aquam
1475 2512 1536 2532 curn
1552 2505 1650 2540 gaudio
1666 2512 1700 2532 ex
1719 2504 1779 2531 I'nn-

994 2549 1064 2577 tibus
1077 2549 1221 2577 Salutaris.
1236 2560 1246 2576 ι
1270 2550 1331 2577 Ilaec
1352 2550 1429 2582 item,
1443 2555 1496 2578 tatu
1520 2559 1603 2586 aqua,
1622 2558 1703 2585 quam
1720 2550 1778 2577 Ion-

993 2601 1032 2623 tes
1044 2595 1187 2628 Salutaris,
1204 2597 1348 2632 allegorice
1361 2603 1425 2625 sunt
1436 2597 1602 2632 accipienda.
1621 2596 1683 2624 Haec
1694 2604 1777 2630 porro

993 2643 1130 2678 intelligas
1155 2643 1214 2678 ipso
1229 2644 1374 2671 Servatore
1398 2646 1516 2675 dicente,
1542 2652 1551 2668 ι
1567 2642 1596 2669 Si
1619 2642 1681 2677 quis
1706 2643 1778 2675 sitit,

993 2689 1083 2717 veniat
1106 2691 1139 2717 ad
1158 2699 1209 2721 me.
1227 2696 1252 2718 et
1277 2691 1349 2718 bibat
1369 2699 1377 2718 :
1399 2691 1444 2725 qui
1470 2689 1556 2717 credit
1576 2690 1602 2717 in
1622 2697 1692 2723 me,»
1708 2691 1779 2718 sicut

994 2737 1060 2765 dicit
1091 2737 1240 2771 Scriptura.
1262 2748 1272 2763 ‹
1291 2737 1400 2764 ﬂumina
1422 2736 1455 2762 de
1487 2740 1582 2764 ventre
1611 2736 1671 2771 ejus
1693 2736 1777 2764 ﬂuent

993 2791 1069 2819 aquae
1092 2784 1158 2811 VIVtB
1179 2784 1233 2811 ".r
1251 2784 1350 2812 Fontes
1375 2783 1457 2817 igitur
1471 2782 1614 2816 Salutarls,
1637 2790 1777 2811 sermones

191 2916 246 2953 (18)
272 2917 334 2946 Ilaec
364 2919 426 2946 item
455 2918 654 2952 Il‘et'ouymus,
683 2917 727 2945 sed
758 2917 864 2945 brevius
891 2914 1028 2950 exprimit.
