  <div class='ocr_page' id='page_1' title='image "/cluster/home/n/w/nwhite01/storage/ocr_20150623/24/njp.32101077772513/099.png"; bbox 0 0 2059 3215; ppageno 0'>
   <div class='ocr_carea' id='block_1_1' title="bbox 297 208 343 236">
    <p class='ocr_par' dir='ltr' id='par_1_1' title="bbox 297 208 343 236">
     <span class='ocr_line' id='line_1_1' title="bbox 297 208 343 236; baseline 0.022 -1"><span class='ocrx_word' id='word_1_1' title='bbox 297 208 343 236; x_wconf 70' lang='grc'><strong>183</strong></span> 
     </span>
    </p>
   </div>
   <div class='ocr_carea' id='block_1_2' title="bbox 617 205 1555 236">
    <p class='ocr_par' dir='ltr' id='par_1_2' title="bbox 617 205 1555 236">
     <span class='ocr_line' id='line_1_2' title="bbox 617 205 1555 236; baseline -0.002 -2"><span class='ocrx_word' id='word_1_2' title='bbox 617 207 750 235; x_wconf 66' lang='lat' dir='ltr'><strong>liUSEBII</strong></span> <span class='ocrx_word' id='word_1_3' title='bbox 773 206 1013 234; x_wconf 49' lang='lat' dir='ltr'><strong>CﬁSARlENSIS</strong></span> <span class='ocrx_word' id='word_1_4' title='bbox 1033 207 1108 236; x_wconf 82' lang='lat' dir='ltr'><strong>OPP.</strong></span> <span class='ocrx_word' id='word_1_5' title='bbox 1130 206 1219 234; x_wconf 71' lang='lat' dir='ltr'><strong>PARS</strong></span> <span class='ocrx_word' id='word_1_6' title='bbox 1239 206 1280 233; x_wconf 94' lang='lat' dir='ltr'><strong>Ill.</strong></span> <span class='ocrx_word' id='word_1_7' title='bbox 1301 222 1333 227; x_wconf 88' lang='lat'><strong>——</strong></span> <span class='ocrx_word' id='word_1_8' title='bbox 1354 205 1555 234; x_wconf 63' lang='lat' dir='ltr'><strong>EXEGETICA.</strong></span> 
     </span>
    </p>
   </div>
   <div class='ocr_carea' id='block_1_3' title="bbox 1868 206 1915 233">
    <p class='ocr_par' dir='ltr' id='par_1_3' title="bbox 1868 206 1915 233">
     <span class='ocr_line' id='line_1_3' title="bbox 1868 206 1915 233; baseline 0.021 -1"><span class='ocrx_word' id='word_1_9' title='bbox 1868 206 1915 233; x_wconf 55' lang='lat' dir='ltr'><strong>l8!</strong></span> 
     </span>
    </p>
   </div>
   <div class='ocr_carea' id='block_1_4' title="bbox 292 264 1071 302">
    <p class='ocr_par' dir='ltr' id='par_1_4' title="bbox 292 265 1071 302">
     <span class='ocr_line' id='line_1_4' title="bbox 292 265 1071 302; baseline -0.001 -8"><span class='ocrx_word' id='word_1_10' title='bbox 292 266 440 301; x_wconf 68' lang='lat' dir='ltr'><strong>evangelici</strong></span> <span class='ocrx_word' id='word_1_11' title='bbox 473 271 553 299; x_wconf 81' lang='lat' dir='ltr'><strong>sunt,</strong></span> <span class='ocrx_word' id='word_1_12' title='bbox 586 274 617 294; x_wconf 79' lang='lat' dir='ltr'><strong>ex</strong></span> <span class='ocrx_word' id='word_1_13' title='bbox 655 265 755 302; x_wconf 86' lang='lat' dir='ltr'><strong>Spiritu</strong></span> <span class='ocrx_word' id='word_1_14' title='bbox 786 271 880 294; x_wconf 83' lang='lat' dir='ltr'><strong>sancto</strong></span> <span class='ocrx_word' id='word_1_15' title='bbox 911 274 959 294; x_wconf 85' lang='lat' dir='ltr'><strong>ceu</strong></span> <span class='ocrx_word' id='word_1_16' title='bbox 987 266 1071 294; x_wconf 85' lang='lat' dir='ltr'><strong>imbre</strong></span> 
     </span>
    </p>
   </div>
   <div class='ocr_carea' id='block_1_5' title="bbox 1123 264 1912 302">
    <p class='ocr_par' dir='ltr' id='par_1_5' title="bbox 1139 264 1912 302">
     <span class='ocr_line' id='line_1_5' title="bbox 1139 264 1912 302; baseline -0.001 -10"><span class='ocrx_word' id='word_1_17' title='bbox 1139 266 1276 302; x_wconf 68' lang='grc' dir='ltr'>Σωτηρίου</span> <span class='ocrx_word' id='word_1_18' title='bbox 1291 266 1365 301; x_wconf 84' lang='grc' dir='ltr'>λόγοι</span> <span class='ocrx_word' id='word_1_19' title='bbox 1380 266 1448 292; x_wconf 76' lang='grc' dir='ltr'>εἰσὶν</span> <span class='ocrx_word' id='word_1_20' title='bbox 1462 264 1643 300; x_wconf 78' lang='grc' dir='ltr'>εὑαγγελικοὶ,</span> <span class='ocrx_word' id='word_1_21' title='bbox 1657 264 1687 298; x_wconf 72' lang='grc' dir='ltr'><strong>ἐξ</strong></span> <span class='ocrx_word' id='word_1_22' title='bbox 1706 264 1782 299; x_wconf 84' lang='grc' dir='ltr'>ἁγίου</span> <span class='ocrx_word' id='word_1_23' title='bbox 1798 264 1912 300; x_wconf 77' lang='grc' dir='ltr'>Πνεῦμα·</span> 
     </span>
    </p>
   </div>
   <div class='ocr_carea' id='block_1_6' title="bbox 291 320 392 340">
    <p class='ocr_par' dir='ltr' id='par_1_6' title="bbox 291 320 392 340">
     <span class='ocr_line' id='line_1_6' title="bbox 291 320 392 340; baseline 0.01 -1"><span class='ocrx_word' id='word_1_24' title='bbox 291 321 333 339; x_wconf 66' lang='grc' dir='ltr'>υιιι</span> <span class='ocrx_word' id='word_1_25' title='bbox 337 320 392 340; x_wconf 82' lang='lat' dir='ltr'><strong>tsst.</strong></span> 
     </span>
    </p>
   </div>
   <div class='ocr_carea' id='block_1_7' title="bbox 328 357 1082 393">
    <p class='ocr_par' dir='ltr' id='par_1_7' title="bbox 328 357 1082 393">
     <span class='ocr_line' id='line_1_7' title="bbox 328 357 1082 393; baseline 0.003 -9"><span class='ocrx_word' id='word_1_26' title='bbox 328 358 411 386; x_wconf 66' lang='grc' dir='ltr'><strong>νηί.</strong></span> <span class='ocrx_word' id='word_1_27' title='bbox 426 359 454 389; x_wconf 76' lang='grc' dir='ltr'><strong>ι,</strong></span> <span class='ocrx_word' id='word_1_28' title='bbox 470 358 496 385; x_wconf 88' lang='grc'><strong>5.</strong></span> <span class='ocrx_word' id='word_1_29' title='bbox 526 367 535 384; x_wconf 78' lang='lat' dir='ltr'><strong>t</strong></span> <span class='ocrx_word' id='word_1_30' title='bbox 550 357 583 385; x_wconf 85' lang='lat' dir='ltr'><strong>Et</strong></span> <span class='ocrx_word' id='word_1_31' title='bbox 596 358 670 385; x_wconf 82' lang='lat' dir='ltr'><strong>dices</strong></span> <span class='ocrx_word' id='word_1_32' title='bbox 689 358 715 384; x_wconf 89' lang='lat' dir='ltr'><strong>in</strong></span> <span class='ocrx_word' id='word_1_33' title='bbox 733 357 777 385; x_wconf 91' lang='lat' dir='ltr'><strong>die</strong></span> <span class='ocrx_word' id='word_1_34' title='bbox 799 357 843 386; x_wconf 86' lang='lat' dir='ltr'><strong>illa</strong></span> <span class='ocrx_word' id='word_1_35' title='bbox 854 378 861 390; x_wconf 86' lang='lat'><strong>,</strong></span> <span class='ocrx_word' id='word_1_36' title='bbox 876 357 990 393; x_wconf 79' lang='lat' dir='ltr'><strong>llymnis</strong></span> <span class='ocrx_word' id='word_1_37' title='bbox 1010 358 1082 386; x_wconf 86' lang='lat' dir='ltr'><strong>cele-</strong></span> 
     </span>
    </p>
   </div>
   <div class='ocr_carea' id='block_1_8' title="bbox 291 402 1080 438">
    <p class='ocr_par' dir='ltr' id='par_1_8' title="bbox 291 402 1080 438">
     <span class='ocr_line' id='line_1_8' title="bbox 291 402 1080 438; baseline 0.001 -9"><span class='ocrx_word' id='word_1_38' title='bbox 291 402 368 430; x_wconf 74' lang='lat' dir='ltr'><strong>brate</strong></span> <span class='ocrx_word' id='word_1_39' title='bbox 382 403 538 436; x_wconf 67' lang='lat' dir='ltr'><strong>Dominum,</strong></span> <span class='ocrx_word' id='word_1_40' title='bbox 557 403 673 430; x_wconf 78' lang='lat' dir='ltr'><strong>clamate</strong></span> <span class='ocrx_word' id='word_1_41' title='bbox 697 411 796 431; x_wconf 82' lang='lat' dir='ltr'><strong>nomen</strong></span> <span class='ocrx_word' id='word_1_42' title='bbox 812 403 870 438; x_wconf 68' lang='lat' dir='ltr'><strong>eius</strong></span> <span class='ocrx_word' id='word_1_43' title='bbox 893 413 900 431; x_wconf 92' lang='lat'><strong>:</strong></span> <span class='ocrx_word' id='word_1_44' title='bbox 923 405 1080 431; x_wconf 88' lang='lat' dir='ltr'><strong>annuntiate</strong></span> 
     </span>
    </p>
   </div>
   <div class='ocr_carea' id='block_1_9' title="bbox 291 447 1080 483">
    <p class='ocr_par' dir='ltr' id='par_1_9' title="bbox 291 447 1080 483">
     <span class='ocr_line' id='line_1_9' title="bbox 291 447 1080 483; baseline 0.001 -9"><span class='ocrx_word' id='word_1_45' title='bbox 291 448 417 483; x_wconf 75' lang='lat' dir='ltr'><strong>gentibus</strong></span> <span class='ocrx_word' id='word_1_46' title='bbox 438 448 554 483; x_wconf 84' lang='lat' dir='ltr'><strong>gloriosa</strong></span> <span class='ocrx_word' id='word_1_47' title='bbox 579 448 647 483; x_wconf 76' lang='lat' dir='ltr'><strong>ejus.</strong></span> <span class='ocrx_word' id='word_1_48' title='bbox 666 447 829 475; x_wconf 82' lang='lat' dir='ltr'><strong>Mementote</strong></span> <span class='ocrx_word' id='word_1_49' title='bbox 855 450 982 483; x_wconf 88' lang='lat' dir='ltr'><strong>quoniam</strong></span> <span class='ocrx_word' id='word_1_50' title='bbox 1005 449 1080 476; x_wconf 75' lang='lat' dir='ltr'><strong>exal—</strong></span> 
     </span>
    </p>
   </div>
   <div class='ocr_carea' id='block_1_10' title="bbox 292 493 1078 528">
    <p class='ocr_par' dir='ltr' id='par_1_10' title="bbox 292 493 1078 528">
     <span class='ocr_line' id='line_1_10' title="bbox 292 493 1078 528; baseline 0.004 -9"><span class='ocrx_word' id='word_1_51' title='bbox 292 499 377 520; x_wconf 80' lang='lat' dir='ltr'><strong>tatum</strong></span> <span class='ocrx_word' id='word_1_52' title='bbox 405 499 447 521; x_wconf 83' lang='lat' dir='ltr'><strong>est</strong></span> <span class='ocrx_word' id='word_1_53' title='bbox 475 501 573 521; x_wconf 81' lang='lat' dir='ltr'><strong>nomen</strong></span> <span class='ocrx_word' id='word_1_54' title='bbox 600 493 669 528; x_wconf 85' lang='lat' dir='ltr'><strong>ejus.</strong></span> <span class='ocrx_word' id='word_1_55' title='bbox 696 493 809 528; x_wconf 84' lang='lat' dir='ltr'><strong>Hymnis</strong></span> <span class='ocrx_word' id='word_1_56' title='bbox 826 494 962 522; x_wconf 81' lang='lat' dir='ltr'><strong>celebrate</strong></span> <span class='ocrx_word' id='word_1_57' title='bbox 982 502 1078 522; x_wconf 87' lang='lat' dir='ltr'><strong>nomen</strong></span> 
     </span>
    </p>
   </div>
   <div class='ocr_carea' id='block_1_11' title="bbox 291 539 1079 574">
    <p class='ocr_par' dir='ltr' id='par_1_11' title="bbox 291 539 1079 574">
     <span class='ocr_line' id='line_1_11' title="bbox 291 539 1079 574; baseline 0.003 -8"><span class='ocrx_word' id='word_1_58' title='bbox 291 539 406 572; x_wconf 79' lang='lat' dir='ltr'><strong>Domini,</strong></span> <span class='ocrx_word' id='word_1_59' title='bbox 423 540 485 574; x_wconf 90' lang='lat' dir='ltr'><strong>quia</strong></span> <span class='ocrx_word' id='word_1_60' title='bbox 503 539 610 566; x_wconf 80' lang='lat' dir='ltr'><strong>excelsa</strong></span> <span class='ocrx_word' id='word_1_61' title='bbox 627 539 691 567; x_wconf 81' lang='lat' dir='ltr'><strong>fecit</strong></span> <span class='ocrx_word' id='word_1_62' title='bbox 707 549 713 566; x_wconf 89' lang='lat'><strong>:</strong></span> <span class='ocrx_word' id='word_1_63' title='bbox 730 539 891 568; x_wconf 86' lang='lat' dir='ltr'><strong>anttttntiate</strong></span> <span class='ocrx_word' id='word_1_64' title='bbox 907 540 963 568; x_wconf 66' lang='lat' dir='ltr'><strong>ha&#39;ec</strong></span> <span class='ocrx_word' id='word_1_65' title='bbox 978 541 1004 568; x_wconf 92' lang='lat' dir='ltr'><strong>in</strong></span> <span class='ocrx_word' id='word_1_66' title='bbox 1018 541 1079 568; x_wconf 90' lang='lat' dir='ltr'><strong>uni-</strong></span> 
     </span>
    </p>
   </div>
   <div class='ocr_carea' id='block_1_12' title="bbox 289 586 1079 622">
    <p class='ocr_par' dir='ltr' id='par_1_12' title="bbox 289 586 1079 622">
     <span class='ocr_line' id='line_1_12' title="bbox 289 586 1079 622; baseline 0.004 -11"><span class='ocrx_word' id='word_1_67' title='bbox 289 593 366 613; x_wconf 86' lang='lat' dir='ltr'><strong>versa</strong></span> <span class='ocrx_word' id='word_1_68' title='bbox 388 591 472 612; x_wconf 88' lang='lat' dir='ltr'><strong>terra.</strong></span> <span class='ocrx_word' id='word_1_69' title='bbox 488 595 497 612; x_wconf 72' lang='grc' dir='ltr'><strong>ι</strong></span> <span class='ocrx_word' id='word_1_70' title='bbox 514 586 590 618; x_wconf 84' lang='lat' dir='ltr'><strong>Illud,</strong></span> <span class='ocrx_word' id='word_1_71' title='bbox 610 594 620 611; x_wconf 73' lang='grc' dir='ltr'><strong>ε</strong></span> <span class='ocrx_word' id='word_1_72' title='bbox 637 586 722 617; x_wconf 77' lang='lat' dir='ltr'><strong>dices,</strong></span> <span class='ocrx_word' id='word_1_73' title='bbox 739 594 749 612; x_wconf 76' lang='grc' dir='ltr'>ι</span> <span class='ocrx_word' id='word_1_74' title='bbox 774 586 888 613; x_wconf 87' lang='lat' dir='ltr'><strong>chorum</strong></span> <span class='ocrx_word' id='word_1_75' title='bbox 899 587 1079 622; x_wconf 80' lang='lat' dir='ltr'><strong>evangelista-</strong></span> 
     </span>
    </p>
   </div>
   <div class='ocr_carea' id='block_1_13' title="bbox 289 631 1076 667">
    <p class='ocr_par' dir='ltr' id='par_1_13' title="bbox 289 631 1076 667">
     <span class='ocr_line' id='line_1_13' title="bbox 289 631 1076 667; baseline 0.001 -8"><span class='ocrx_word' id='word_1_76' title='bbox 289 641 350 659; x_wconf 90' lang='lat' dir='ltr'><strong>rum</strong></span> <span class='ocrx_word' id='word_1_77' title='bbox 364 632 516 660; x_wconf 87' lang='lat' dir='ltr'><strong>Salvatoris</strong></span> <span class='ocrx_word' id='word_1_78' title='bbox 531 632 616 659; x_wconf 83' lang='lat' dir='ltr'><strong>nostri</strong></span> <span class='ocrx_word' id='word_1_79' title='bbox 631 631 784 667; x_wconf 82' lang='lat' dir='ltr'><strong>compellat.</strong></span> <span class='ocrx_word' id='word_1_80' title='bbox 798 631 825 658; x_wconf 91' lang='lat' dir='ltr'><strong>In</strong></span> <span class='ocrx_word' id='word_1_81' title='bbox 839 632 894 664; x_wconf 78' lang='lat' dir='ltr'><strong>illa,</strong></span> <span class='ocrx_word' id='word_1_82' title='bbox 912 632 1008 667; x_wconf 79' lang='lat' dir='ltr'><strong>inquit,</strong></span> <span class='ocrx_word' id='word_1_83' title='bbox 1022 633 1076 663; x_wconf 75' lang='lat' dir='ltr'><strong>die.</strong></span> 
     </span>
    </p>
   </div>
   <div class='ocr_carea' id='block_1_14' title="bbox 289 677 1077 713">
    <p class='ocr_par' dir='ltr' id='par_1_14' title="bbox 289 677 1077 713">
     <span class='ocr_line' id='line_1_14' title="bbox 289 677 1077 713; baseline 0.003 -9"><span class='ocrx_word' id='word_1_84' title='bbox 289 678 395 705; x_wconf 80' lang='lat' dir='ltr'><strong>scilicet</strong></span> <span class='ocrx_word' id='word_1_85' title='bbox 420 683 542 712; x_wconf 87' lang='lat' dir='ltr'><strong>tempore</strong></span> <span class='ocrx_word' id='word_1_86' title='bbox 559 677 584 704; x_wconf 92' lang='lat' dir='ltr'><strong>in</strong></span> <span class='ocrx_word' id='word_1_87' title='bbox 603 677 744 712; x_wconf 81' lang='lat' dir='ltr'><strong>prophetia</strong></span> <span class='ocrx_word' id='word_1_88' title='bbox 764 678 926 713; x_wconf 82' lang='lat' dir='ltr'><strong>signiﬁcato,</strong></span> <span class='ocrx_word' id='word_1_89' title='bbox 946 683 974 705; x_wconf 86' lang='lat' dir='ltr'><strong>ttt</strong></span> <span class='ocrx_word' id='word_1_90' title='bbox 990 686 1077 713; x_wconf 72' lang='lat' dir='ltr'><strong>praeco</strong></span> 
     </span>
    </p>
   </div>
   <div class='ocr_carea' id='block_1_15' title="bbox 289 721 1075 758">
    <p class='ocr_par' dir='ltr' id='par_1_15' title="bbox 289 721 1075 758">
     <span class='ocr_line' id='line_1_15' title="bbox 289 721 1075 758; baseline 0.001 -9"><span class='ocrx_word' id='word_1_91' title='bbox 289 723 420 750; x_wconf 84' lang='lat' dir='ltr'><strong>salutaris</strong></span> <span class='ocrx_word' id='word_1_92' title='bbox 443 722 598 757; x_wconf 75' lang='lat' dir='ltr'><strong>Evangelii,</strong></span> <span class='ocrx_word' id='word_1_93' title='bbox 628 721 764 758; x_wconf 67' lang='lat' dir='ltr'><strong>Egyptiis</strong></span> <span class='ocrx_word' id='word_1_94' title='bbox 787 723 832 757; x_wconf 87' lang='lat' dir='ltr'><strong>qui</strong></span> <span class='ocrx_word' id='word_1_95' title='bbox 856 723 1075 758; x_wconf 71' lang='lat' dir='ltr'><strong>prmdicationem</strong></span> 
     </span>
    </p>
   </div>
   <div class='ocr_carea' id='block_1_16' title="bbox 288 767 1074 803">
    <p class='ocr_par' dir='ltr' id='par_1_16' title="bbox 288 767 1074 803">
     <span class='ocr_line' id='line_1_16' title="bbox 288 767 1074 803; baseline 0 -7"><span class='ocrx_word' id='word_1_96' title='bbox 288 769 468 803; x_wconf 79' lang='lat' dir='ltr'><strong>susceperint,</strong></span> <span class='ocrx_word' id='word_1_97' title='bbox 492 768 578 800; x_wconf 82' lang='lat' dir='ltr'><strong>dices,</strong></span> <span class='ocrx_word' id='word_1_98' title='bbox 601 776 610 793; x_wconf 83' lang='lat' dir='ltr'><strong>t</strong></span> <span class='ocrx_word' id='word_1_99' title='bbox 627 767 738 803; x_wconf 84' lang='lat' dir='ltr'><strong>Ilymuis</strong></span> <span class='ocrx_word' id='word_1_100' title='bbox 761 769 895 796; x_wconf 79' lang='lat' dir='ltr'><strong>celebrate</strong></span> <span class='ocrx_word' id='word_1_101' title='bbox 921 769 1074 802; x_wconf 86' lang='lat' dir='ltr'><strong>Dominum,</strong></span> 
     </span>
    </p>
   </div>
   <div class='ocr_carea' id='block_1_17' title="bbox 290 813 1081 849">
    <p class='ocr_par' dir='ltr' id='par_1_17' title="bbox 290 813 1081 849">
     <span class='ocr_line' id='line_1_17' title="bbox 290 813 1081 849; baseline 0.003 -9"><span class='ocrx_word' id='word_1_102' title='bbox 290 815 409 841; x_wconf 78' lang='lat' dir='ltr'><strong>clatnate</strong></span> <span class='ocrx_word' id='word_1_103' title='bbox 430 814 538 841; x_wconf 83' lang='lat' dir='ltr'><strong>nomini</strong></span> <span class='ocrx_word' id='word_1_104' title='bbox 563 813 687 846; x_wconf 84' lang='lat' dir='ltr'><strong>Domini,</strong></span> <span class='ocrx_word' id='word_1_105' title='bbox 713 815 873 842; x_wconf 83' lang='lat' dir='ltr'><strong>snnuntiale</strong></span> <span class='ocrx_word' id='word_1_106' title='bbox 897 815 923 841; x_wconf 91' lang='lat' dir='ltr'><strong>itt</strong></span> <span class='ocrx_word' id='word_1_107' title='bbox 950 816 1081 849; x_wconf 77' lang='lat' dir='ltr'><strong>gentibus.</strong></span> 
     </span>
    </p>
   </div>
   <div class='ocr_carea' id='block_1_18' title="bbox 288 860 1076 894">
    <p class='ocr_par' dir='ltr' id='par_1_18' title="bbox 288 860 1076 894">
     <span class='ocr_line' id='line_1_18' title="bbox 288 860 1076 894; baseline 0.003 -8"><span class='ocrx_word' id='word_1_108' title='bbox 288 860 405 890; x_wconf 71' lang='lat' dir='ltr'><strong>gloriosa</strong></span> <span class='ocrx_word' id='word_1_109' title='bbox 432 860 490 894; x_wconf 76' lang='lat' dir='ltr'><strong>ejus</strong></span> <span class='ocrx_word' id='word_1_110' title='bbox 508 868 515 886; x_wconf 93' lang='lat'><strong>:</strong></span> <span class='ocrx_word' id='word_1_111' title='bbox 534 865 700 887; x_wconf 80' lang='lat' dir='ltr'><strong>mementote</strong></span> <span class='ocrx_word' id='word_1_112' title='bbox 718 860 846 894; x_wconf 83' lang='lat' dir='ltr'><strong>quoniam</strong></span> <span class='ocrx_word' id='word_1_113' title='bbox 866 860 1015 888; x_wconf 81' lang='lat' dir='ltr'><strong>exaltatum</strong></span> <span class='ocrx_word' id='word_1_114' title='bbox 1034 866 1076 888; x_wconf 78' lang='lat' dir='ltr'><strong>est</strong></span> 
     </span>
    </p>
   </div>
   <div class='ocr_carea' id='block_1_19' title="bbox 290 904 1072 940">
    <p class='ocr_par' dir='ltr' id='par_1_19' title="bbox 290 904 1072 940">
     <span class='ocr_line' id='line_1_19' title="bbox 290 904 1072 940; baseline 0 -8"><span class='ocrx_word' id='word_1_115' title='bbox 290 913 386 932; x_wconf 83' lang='lat' dir='ltr'><strong>nomen</strong></span> <span class='ocrx_word' id='word_1_116' title='bbox 402 904 469 939; x_wconf 87' lang='lat' dir='ltr'><strong>ejus.</strong></span> <span class='ocrx_word' id='word_1_117' title='bbox 486 914 495 931; x_wconf 78' lang='grc' dir='ltr'>ι</span> <span class='ocrx_word' id='word_1_118' title='bbox 518 904 580 931; x_wconf 65' lang='lat' dir='ltr'><strong>Haec</strong></span> <span class='ocrx_word' id='word_1_119' title='bbox 594 905 691 940; x_wconf 84' lang='lat' dir='ltr'><strong>quippe</strong></span> <span class='ocrx_word' id='word_1_120' title='bbox 714 909 753 936; x_wconf 85' lang='lat' dir='ltr'><strong>tu.</strong></span> <span class='ocrx_word' id='word_1_121' title='bbox 769 905 870 932; x_wconf 89' lang='lat' dir='ltr'><strong>chortts</strong></span> <span class='ocrx_word' id='word_1_122' title='bbox 898 905 1072 940; x_wconf 84' lang='lat' dir='ltr'><strong>apostolicus,</strong></span> 
     </span>
    </p>
   </div>
   <div class='ocr_carea' id='block_1_20' title="bbox 288 950 1075 985">
    <p class='ocr_par' dir='ltr' id='par_1_20' title="bbox 288 950 1075 985">
     <span class='ocr_line' id='line_1_20' title="bbox 288 950 1075 985; baseline 0.003 -9"><span class='ocrx_word' id='word_1_123' title='bbox 288 958 350 977; x_wconf 77' lang='lat' dir='ltr'><strong>cum</strong></span> <span class='ocrx_word' id='word_1_124' title='bbox 378 950 526 985; x_wconf 78' lang='lat' dir='ltr'><strong>discipulos</strong></span> <span class='ocrx_word' id='word_1_125' title='bbox 548 950 657 977; x_wconf 77' lang='lat' dir='ltr'><strong>docebis</strong></span> <span class='ocrx_word' id='word_1_126' title='bbox 678 955 750 982; x_wconf 88' lang='lat' dir='ltr'><strong>tuos,</strong></span> <span class='ocrx_word' id='word_1_127' title='bbox 768 951 899 984; x_wconf 82' lang='lat' dir='ltr'><strong>proferes,</strong></span> <span class='ocrx_word' id='word_1_128' title='bbox 917 950 1075 985; x_wconf 64' lang='lat' dir='ltr'><strong>pratcipiens</strong></span> 
     </span>
    </p>
   </div>
   <div class='ocr_carea' id='block_1_21' title="bbox 288 994 1074 1030">
    <p class='ocr_par' dir='ltr' id='par_1_21' title="bbox 288 994 1074 1030">
     <span class='ocr_line' id='line_1_21' title="bbox 288 994 1074 1030; baseline 0.001 -9"><span class='ocrx_word' id='word_1_129' title='bbox 288 995 352 1026; x_wconf 82' lang='lat' dir='ltr'><strong>illis,</strong></span> <span class='ocrx_word' id='word_1_130' title='bbox 370 1001 400 1022; x_wconf 88' lang='lat' dir='ltr'><strong>ut</strong></span> <span class='ocrx_word' id='word_1_131' title='bbox 414 1002 447 1022; x_wconf 90' lang='lat' dir='ltr'><strong>ne</strong></span> <span class='ocrx_word' id='word_1_132' title='bbox 463 994 580 1027; x_wconf 86' lang='lat' dir='ltr'><strong>sileant;</strong></span> <span class='ocrx_word' id='word_1_133' title='bbox 603 995 650 1021; x_wconf 87' lang='lat' dir='ltr'><strong>sed</strong></span> <span class='ocrx_word' id='word_1_134' title='bbox 677 994 802 1022; x_wconf 82' lang='lat' dir='ltr'><strong>salutaris</strong></span> <span class='ocrx_word' id='word_1_135' title='bbox 821 994 942 1022; x_wconf 81' lang='lat' dir='ltr'><strong>beneﬁcii</strong></span> <span class='ocrx_word' id='word_1_136' title='bbox 960 995 1074 1030; x_wconf 86' lang='lat' dir='ltr'><strong>gratiam</strong></span> 
     </span>
    </p>
   </div>
   <div class='ocr_carea' id='block_1_22' title="bbox 287 1041 1001 1075">
    <p class='ocr_par' dir='ltr' id='par_1_22' title="bbox 287 1041 1001 1075">
     <span class='ocr_line' id='line_1_22' title="bbox 287 1041 1001 1075; baseline 0.001 -8"><span class='ocrx_word' id='word_1_137' title='bbox 287 1041 413 1068; x_wconf 85' lang='lat' dir='ltr'><strong>omnibus</strong></span> <span class='ocrx_word' id='word_1_138' title='bbox 428 1041 600 1073; x_wconf 86' lang='lat' dir='ltr'><strong>annuntient,</strong></span> <span class='ocrx_word' id='word_1_139' title='bbox 616 1041 786 1075; x_wconf 89' lang='lat' dir='ltr'><strong>clamentque</strong></span> <span class='ocrx_word' id='word_1_140' title='bbox 799 1045 827 1067; x_wconf 97' lang='lat' dir='ltr'><strong>ut</strong></span> <span class='ocrx_word' id='word_1_141' title='bbox 848 1041 1001 1068; x_wconf 80' lang='lat' dir='ltr'><strong>audiantur.</strong></span> 
     </span>
    </p>
   </div>
   <div class='ocr_carea' id='block_1_23' title="bbox 323 1087 1075 1122">
    <p class='ocr_par' dir='ltr' id='par_1_23' title="bbox 323 1087 1075 1122">
     <span class='ocr_line' id='line_1_23' title="bbox 323 1087 1075 1122; baseline 0 -7"><span class='ocrx_word' id='word_1_142' title='bbox 323 1087 404 1115; x_wconf 67' lang='lat' dir='ltr'><strong>Vens.</strong></span> <span class='ocrx_word' id='word_1_143' title='bbox 423 1087 449 1115; x_wconf 85' lang='lat'><strong>6.</strong></span> <span class='ocrx_word' id='word_1_144' title='bbox 472 1097 481 1113; x_wconf 83' lang='lat' dir='ltr'><strong>I</strong></span> <span class='ocrx_word' id='word_1_145' title='bbox 497 1088 635 1114; x_wconf 76' lang='lat' dir='ltr'><strong>Exsultate</strong></span> <span class='ocrx_word' id='word_1_146' title='bbox 657 1091 684 1114; x_wconf 87' lang='lat' dir='ltr'><strong>et</strong></span> <span class='ocrx_word' id='word_1_147' title='bbox 707 1087 854 1119; x_wconf 78' lang='lat' dir='ltr'><strong>hetamini,</strong></span> <span class='ocrx_word' id='word_1_148' title='bbox 877 1088 923 1122; x_wconf 89' lang='lat' dir='ltr'><strong>qui</strong></span> <span class='ocrx_word' id='word_1_149' title='bbox 946 1087 1075 1115; x_wconf 74' lang='lat' dir='ltr'><strong>habitatis</strong></span> 
     </span>
    </p>
   </div>
   <div class='ocr_carea' id='block_1_24' title="bbox 287 1132 1074 1166">
    <p class='ocr_par' dir='ltr' id='par_1_24' title="bbox 287 1132 1074 1166">
     <span class='ocr_line' id='line_1_24' title="bbox 287 1132 1074 1166; baseline 0.003 -6"><span class='ocrx_word' id='word_1_150' title='bbox 287 1133 364 1166; x_wconf 80' lang='lat' dir='ltr'><strong>Sion,</strong></span> <span class='ocrx_word' id='word_1_151' title='bbox 388 1134 450 1166; x_wconf 85' lang='lat' dir='ltr'><strong>quia</strong></span> <span class='ocrx_word' id='word_1_152' title='bbox 476 1133 610 1160; x_wconf 82' lang='lat' dir='ltr'><strong>exaltatus</strong></span> <span class='ocrx_word' id='word_1_153' title='bbox 634 1138 677 1160; x_wconf 90' lang='lat' dir='ltr'><strong>est</strong></span> <span class='ocrx_word' id='word_1_154' title='bbox 696 1137 805 1160; x_wconf 87' lang='lat' dir='ltr'><strong>sanctus</strong></span> <span class='ocrx_word' id='word_1_155' title='bbox 830 1132 910 1161; x_wconf 77' lang='lat' dir='ltr'><strong>Israel</strong></span> <span class='ocrx_word' id='word_1_156' title='bbox 937 1133 964 1160; x_wconf 92' lang='lat' dir='ltr'><strong>in</strong></span> <span class='ocrx_word' id='word_1_157' title='bbox 986 1134 1074 1162; x_wconf 91' lang='lat' dir='ltr'><strong>medio</strong></span> 
     </span>
    </p>
   </div>
   <div class='ocr_carea' id='block_1_25' title="bbox 285 1178 1073 1213">
    <p class='ocr_par' dir='ltr' id='par_1_25' title="bbox 285 1178 1073 1213">
     <span class='ocr_line' id='line_1_25' title="bbox 285 1178 1073 1213; baseline 0.003 -8"><span class='ocrx_word' id='word_1_158' title='bbox 285 1178 353 1213; x_wconf 76' lang='lat' dir='ltr'><strong>ejus.</strong></span> <span class='ocrx_word' id='word_1_159' title='bbox 366 1187 375 1203; x_wconf 73' lang='grc' dir='ltr'>ι</span> <span class='ocrx_word' id='word_1_160' title='bbox 391 1178 450 1205; x_wconf 81' lang='lat' dir='ltr'><strong>Jam</strong></span> <span class='ocrx_word' id='word_1_161' title='bbox 464 1178 584 1212; x_wconf 80' lang='lat' dir='ltr'><strong>pluribus</strong></span> <span class='ocrx_word' id='word_1_162' title='bbox 597 1178 726 1205; x_wconf 88' lang='lat' dir='ltr'><strong>traditum</strong></span> <span class='ocrx_word' id='word_1_163' title='bbox 739 1183 781 1206; x_wconf 84' lang='lat' dir='ltr'><strong>est</strong></span> <span class='ocrx_word' id='word_1_164' title='bbox 794 1178 903 1206; x_wconf 86' lang='lat' dir='ltr'><strong>Sionem</strong></span> <span class='ocrx_word' id='word_1_165' title='bbox 918 1186 979 1207; x_wconf 87' lang='lat' dir='ltr'><strong>esse</strong></span> <span class='ocrx_word' id='word_1_166' title='bbox 990 1187 1073 1207; x_wconf 85' lang='lat' dir='ltr'><strong>evan-</strong></span> 
     </span>
    </p>
   </div>
   <div class='ocr_carea' id='block_1_26' title="bbox 286 1223 1072 1258">
    <p class='ocr_par' dir='ltr' id='par_1_26' title="bbox 286 1223 1072 1258">
     <span class='ocr_line' id='line_1_26' title="bbox 286 1223 1072 1258; baseline 0.003 -8"><span class='ocrx_word' id='word_1_167' title='bbox 286 1223 400 1258; x_wconf 77' lang='lat' dir='ltr'><strong>gelicum</strong></span> <span class='ocrx_word' id='word_1_168' title='bbox 415 1224 538 1255; x_wconf 77' lang='lat' dir='ltr'><strong>verbum,</strong></span> <span class='ocrx_word' id='word_1_169' title='bbox 556 1224 581 1250; x_wconf 91' lang='lat' dir='ltr'><strong>in</strong></span> <span class='ocrx_word' id='word_1_170' title='bbox 599 1231 654 1258; x_wconf 83' lang='lat' dir='ltr'><strong>quo</strong></span> <span class='ocrx_word' id='word_1_171' title='bbox 670 1223 795 1251; x_wconf 79' lang='lat' dir='ltr'><strong>Ecclesia</strong></span> <span class='ocrx_word' id='word_1_172' title='bbox 809 1223 856 1251; x_wconf 87' lang='lat' dir='ltr'><strong>Dei</strong></span> <span class='ocrx_word' id='word_1_173' title='bbox 870 1224 1002 1251; x_wconf 67' lang='lat' dir='ltr'><strong>aediﬁcata</strong></span> <span class='ocrx_word' id='word_1_174' title='bbox 1020 1229 1072 1252; x_wconf 84' lang='lat' dir='ltr'><strong>est.</strong></span> 
     </span>
    </p>
   </div>
   <div class='ocr_carea' id='block_1_27' title="bbox 285 1269 1072 1304">
    <p class='ocr_par' dir='ltr' id='par_1_27' title="bbox 285 1269 1072 1304">
     <span class='ocr_line' id='line_1_27' title="bbox 285 1269 1072 1304; baseline 0.004 -9"><span class='ocrx_word' id='word_1_175' title='bbox 285 1269 418 1302; x_wconf 79' lang='lat' dir='ltr'><strong>Quoniam</strong></span> <span class='ocrx_word' id='word_1_176' title='bbox 440 1269 522 1304; x_wconf 84' lang='lat' dir='ltr'><strong>igitur</strong></span> <span class='ocrx_word' id='word_1_177' title='bbox 547 1274 657 1296; x_wconf 80' lang='lat' dir='ltr'><strong>sanctus</strong></span> <span class='ocrx_word' id='word_1_178' title='bbox 677 1269 758 1296; x_wconf 75' lang='lat' dir='ltr'><strong>Israel</strong></span> <span class='ocrx_word' id='word_1_179' title='bbox 782 1270 808 1296; x_wconf 92' lang='lat' dir='ltr'><strong>in</strong></span> <span class='ocrx_word' id='word_1_180' title='bbox 831 1270 919 1298; x_wconf 86' lang='lat' dir='ltr'><strong>medio</strong></span> <span class='ocrx_word' id='word_1_181' title='bbox 943 1270 1072 1298; x_wconf 64' lang='lat' dir='ltr'><strong>Ecclesiae</strong></span> 
     </span>
    </p>
   </div>
   <div class='ocr_carea' id='block_1_28' title="bbox 285 1315 1071 1350">
    <p class='ocr_par' dir='ltr' id='par_1_28' title="bbox 285 1315 1071 1350">
     <span class='ocr_line' id='line_1_28' title="bbox 285 1315 1071 1350; baseline 0.005 -9"><span class='ocrx_word' id='word_1_182' title='bbox 285 1315 421 1342; x_wconf 79' lang='lat' dir='ltr'><strong>exaltatus</strong></span> <span class='ocrx_word' id='word_1_183' title='bbox 441 1321 496 1347; x_wconf 81' lang='lat' dir='ltr'><strong>est;</strong></span> <span class='ocrx_word' id='word_1_184' title='bbox 519 1316 591 1350; x_wconf 84' lang='lat' dir='ltr'><strong>jure,</strong></span> <span class='ocrx_word' id='word_1_185' title='bbox 618 1315 714 1350; x_wconf 83' lang='lat' dir='ltr'><strong>inquit.</strong></span> <span class='ocrx_word' id='word_1_186' title='bbox 739 1316 875 1344; x_wconf 78' lang='lat' dir='ltr'><strong>exsultate</strong></span> <span class='ocrx_word' id='word_1_187' title='bbox 898 1322 925 1343; x_wconf 92' lang='lat' dir='ltr'><strong>et</strong></span> <span class='ocrx_word' id='word_1_188' title='bbox 942 1318 1071 1345; x_wconf 76' lang='lat' dir='ltr'><strong>Itetamiui</strong></span> 
     </span>
    </p>
   </div>
   <div class='ocr_carea' id='block_1_29' title="bbox 285 1361 1072 1396">
    <p class='ocr_par' dir='ltr' id='par_1_29' title="bbox 285 1361 1072 1396">
     <span class='ocr_line' id='line_1_29' title="bbox 285 1361 1072 1396; baseline 0.004 -9"><span class='ocrx_word' id='word_1_189' title='bbox 285 1361 330 1394; x_wconf 86' lang='lat' dir='ltr'><strong>qui</strong></span> <span class='ocrx_word' id='word_1_190' title='bbox 347 1361 374 1387; x_wconf 89' lang='lat' dir='ltr'><strong>iu</strong></span> <span class='ocrx_word' id='word_1_191' title='bbox 388 1361 431 1388; x_wconf 85' lang='lat' dir='ltr'><strong>illa</strong></span> <span class='ocrx_word' id='word_1_192' title='bbox 457 1362 534 1393; x_wconf 85' lang='lat' dir='ltr'><strong>estis.</strong></span> <span class='ocrx_word' id='word_1_193' title='bbox 550 1367 642 1396; x_wconf 87' lang='lat' dir='ltr'><strong>utpote</strong></span> <span class='ocrx_word' id='word_1_194' title='bbox 665 1362 709 1396; x_wconf 89' lang='lat' dir='ltr'><strong>qui</strong></span> <span class='ocrx_word' id='word_1_195' title='bbox 739 1367 863 1390; x_wconf 85' lang='lat' dir='ltr'><strong>sanctum</strong></span> <span class='ocrx_word' id='word_1_196' title='bbox 877 1362 956 1390; x_wconf 89' lang='lat' dir='ltr'><strong>Israel</strong></span> <span class='ocrx_word' id='word_1_197' title='bbox 972 1363 998 1390; x_wconf 91' lang='lat' dir='ltr'><strong>in</strong></span> <span class='ocrx_word' id='word_1_198' title='bbox 1015 1371 1072 1391; x_wconf 87' lang='lat' dir='ltr'><strong>nte-</strong></span> 
     </span>
    </p>
   </div>
   <div class='ocr_carea' id='block_1_30' title="bbox 285 1408 1072 1443">
    <p class='ocr_par' dir='ltr' id='par_1_30' title="bbox 285 1408 1072 1443">
     <span class='ocr_line' id='line_1_30' title="bbox 285 1408 1072 1443; baseline 0.004 -10"><span class='ocrx_word' id='word_1_199' title='bbox 285 1408 331 1434; x_wconf 86' lang='lat' dir='ltr'><strong>dio</strong></span> <span class='ocrx_word' id='word_1_200' title='bbox 346 1413 465 1434; x_wconf 88' lang='lat' dir='ltr'><strong>vestrum</strong></span> <span class='ocrx_word' id='word_1_201' title='bbox 489 1408 625 1439; x_wconf 78' lang='lat' dir='ltr'><strong>habeatis;</strong></span> <span class='ocrx_word' id='word_1_202' title='bbox 649 1408 797 1435; x_wconf 73' lang='lat' dir='ltr'><strong>secundum</strong></span> <span class='ocrx_word' id='word_1_203' title='bbox 813 1409 1020 1443; x_wconf 81' lang='lat' dir='ltr'><strong>promissionem</strong></span> <span class='ocrx_word' id='word_1_204' title='bbox 1037 1409 1072 1437; x_wconf 82' lang='lat' dir='ltr'><strong>ab</strong></span> 
     </span>
    </p>
   </div>
   <div class='ocr_carea' id='block_1_31' title="bbox 285 1453 1072 1487">
    <p class='ocr_par' dir='ltr' id='par_1_31' title="bbox 285 1453 1072 1487">
     <span class='ocr_line' id='line_1_31' title="bbox 285 1453 1072 1487; baseline 0.003 -7"><span class='ocrx_word' id='word_1_205' title='bbox 285 1453 344 1487; x_wconf 85' lang='lat' dir='ltr'><strong>ipso</strong></span> <span class='ocrx_word' id='word_1_206' title='bbox 371 1453 470 1480; x_wconf 77' lang='lat' dir='ltr'><strong>factam</strong></span> <span class='ocrx_word' id='word_1_207' title='bbox 490 1454 532 1480; x_wconf 88' lang='lat' dir='ltr'><strong>his</strong></span> <span class='ocrx_word' id='word_1_208' title='bbox 549 1454 649 1485; x_wconf 78' lang='lat' dir='ltr'><strong>verbis,</strong></span> <span class='ocrx_word' id='word_1_209' title='bbox 668 1463 677 1480; x_wconf 74' lang='grc' dir='ltr'><strong>ε</strong></span> <span class='ocrx_word' id='word_1_210' title='bbox 693 1453 743 1482; x_wconf 88' lang='lat' dir='ltr'><strong>Ubi</strong></span> <span class='ocrx_word' id='word_1_211' title='bbox 767 1455 830 1487; x_wconf 84' lang='lat' dir='ltr'><strong>duo,</strong></span> <span class='ocrx_word' id='word_1_212' title='bbox 854 1454 897 1482; x_wconf 87' lang='lat' dir='ltr'><strong>vel</strong></span> <span class='ocrx_word' id='word_1_213' title='bbox 929 1460 985 1482; x_wconf 81' lang='lat' dir='ltr'><strong>tres</strong></span> <span class='ocrx_word' id='word_1_214' title='bbox 1010 1462 1072 1482; x_wconf 86' lang='lat' dir='ltr'><strong>con-</strong></span> 
     </span>
    </p>
   </div>
   <div class='ocr_carea' id='block_1_32' title="bbox 285 1499 1071 1534">
    <p class='ocr_par' dir='ltr' id='par_1_32' title="bbox 285 1499 1071 1534">
     <span class='ocr_line' id='line_1_32' title="bbox 285 1499 1071 1534; baseline 0.004 -9"><span class='ocrx_word' id='word_1_215' title='bbox 285 1499 387 1534; x_wconf 76' lang='lat' dir='ltr'><strong>gregati</strong></span> <span class='ocrx_word' id='word_1_216' title='bbox 410 1499 511 1526; x_wconf 80' lang='lat' dir='ltr'><strong>fuerint</strong></span> <span class='ocrx_word' id='word_1_217' title='bbox 527 1500 553 1527; x_wconf 89' lang='lat' dir='ltr'><strong>in</strong></span> <span class='ocrx_word' id='word_1_218' title='bbox 579 1500 689 1527; x_wconf 91' lang='lat' dir='ltr'><strong>nomine</strong></span> <span class='ocrx_word' id='word_1_219' title='bbox 713 1507 783 1534; x_wconf 88' lang='lat' dir='ltr'><strong>meo,</strong></span> <span class='ocrx_word' id='word_1_220' title='bbox 806 1501 860 1528; x_wconf 89' lang='lat' dir='ltr'><strong>illic</strong></span> <span class='ocrx_word' id='word_1_221' title='bbox 879 1508 938 1528; x_wconf 82' lang='lat' dir='ltr'><strong>sum</strong></span> <span class='ocrx_word' id='word_1_222' title='bbox 962 1502 989 1528; x_wconf 88' lang='lat' dir='ltr'><strong>lll</strong></span> <span class='ocrx_word' id='word_1_223' title='bbox 1014 1508 1071 1528; x_wconf 86' lang='lat' dir='ltr'><strong>me-</strong></span> 
     </span>
    </p>
   </div>
   <div class='ocr_carea' id='block_1_33' title="bbox 284 1545 506 1573">
    <p class='ocr_par' dir='ltr' id='par_1_33' title="bbox 284 1545 506 1573">
     <span class='ocr_line' id='line_1_33' title="bbox 284 1545 506 1573; baseline 0 -1"><span class='ocrx_word' id='word_1_224' title='bbox 284 1545 329 1572; x_wconf 89' lang='lat' dir='ltr'><strong>dio</strong></span> <span class='ocrx_word' id='word_1_225' title='bbox 342 1553 435 1572; x_wconf 75' lang='lat' dir='ltr'><strong>eorum</strong></span> <span class='ocrx_word' id='word_1_226' title='bbox 447 1545 479 1573; x_wconf 86' lang='grc'><strong>⁷³.</strong></span> <span class='ocrx_word' id='word_1_227' title='bbox 496 1555 506 1572; x_wconf 74' lang='grc' dir='ltr'>ι</span> 
     </span>
    </p>
   </div>
   <div class='ocr_carea' id='block_1_34' title="bbox 578 1592 777 1622">
    <p class='ocr_par' dir='ltr' id='par_1_34' title="bbox 578 1592 777 1622">
     <span class='ocr_line' id='line_1_34' title="bbox 578 1592 777 1622; baseline 0.01 -2"><span class='ocrx_word' id='word_1_228' title='bbox 578 1592 693 1621; x_wconf 81' lang='lat' dir='ltr'><strong>CAPUT</strong></span> <span class='ocrx_word' id='word_1_229' title='bbox 708 1593 777 1622; x_wconf 83' lang='lat' dir='ltr'><strong>XIII.</strong></span> 
     </span>
    </p>
   </div>
   <div class='ocr_carea' id='block_1_35' title="bbox 320 1636 1069 1673">
    <p class='ocr_par' dir='ltr' id='par_1_35' title="bbox 320 1636 1069 1673">
     <span class='ocr_line' id='line_1_35' title="bbox 320 1636 1069 1673; baseline 0.007 -12"><span class='ocrx_word' id='word_1_230' title='bbox 320 1636 403 1665; x_wconf 72' lang='lat' dir='ltr'><strong>Vens.</strong></span> <span class='ocrx_word' id='word_1_231' title='bbox 427 1637 455 1670; x_wconf 77' lang='grc' dir='ltr'><strong>Ι.</strong></span> <span class='ocrx_word' id='word_1_232' title='bbox 476 1637 502 1664; x_wconf 70' lang='grc'><strong>2.</strong></span> <span class='ocrx_word' id='word_1_233' title='bbox 537 1637 655 1670; x_wconf 70' lang='lat' dir='ltr'><strong>«Visio,</strong></span> <span class='ocrx_word' id='word_1_234' title='bbox 681 1645 761 1673; x_wconf 88' lang='lat' dir='ltr'><strong>quam</strong></span> <span class='ocrx_word' id='word_1_235' title='bbox 789 1638 858 1666; x_wconf 78' lang='lat' dir='ltr'><strong>vidit</strong></span> <span class='ocrx_word' id='word_1_236' title='bbox 887 1638 972 1666; x_wconf 83' lang='lat' dir='ltr'><strong>Isaias</strong></span> <span class='ocrx_word' id='word_1_237' title='bbox 998 1638 1069 1667; x_wconf 78' lang='lat' dir='ltr'><strong>illius</strong></span> 
     </span>
    </p>
   </div>
   <div class='ocr_carea' id='block_1_36' title="bbox 283 1683 1070 1720">
    <p class='ocr_par' dir='ltr' id='par_1_36' title="bbox 283 1683 1070 1720">
     <span class='ocr_line' id='line_1_36' title="bbox 283 1683 1070 1720; baseline 0 -9"><span class='ocrx_word' id='word_1_238' title='bbox 283 1684 378 1715; x_wconf 79' lang='lat' dir='ltr'><strong>Amos,</strong></span> <span class='ocrx_word' id='word_1_239' title='bbox 401 1688 496 1710; x_wconf 87' lang='lat' dir='ltr'><strong>contra</strong></span> <span class='ocrx_word' id='word_1_240' title='bbox 511 1683 688 1720; x_wconf 79' lang='lat' dir='ltr'><strong>Babylonem.</strong></span> <span class='ocrx_word' id='word_1_241' title='bbox 711 1684 796 1719; x_wconf 88' lang='lat' dir='ltr'><strong>Super</strong></span> <span class='ocrx_word' id='word_1_242' title='bbox 824 1689 943 1713; x_wconf 83' lang='lat' dir='ltr'><strong>montem</strong></span> <span class='ocrx_word' id='word_1_243' title='bbox 965 1692 1070 1720; x_wconf 82' lang='lat' dir='ltr'><strong>campe-</strong></span> 
     </span>
    </p>
   </div>
   <div class='ocr_carea' id='block_1_37' title="bbox 284 1729 1070 1765">
    <p class='ocr_par' dir='ltr' id='par_1_37' title="bbox 284 1729 1070 1765">
     <span class='ocr_line' id='line_1_37' title="bbox 284 1729 1070 1765; baseline 0.004 -10"><span class='ocrx_word' id='word_1_244' title='bbox 284 1733 368 1756; x_wconf 83' lang='lat' dir='ltr'><strong>strem</strong></span> <span class='ocrx_word' id='word_1_245' title='bbox 392 1729 480 1756; x_wconf 75' lang='lat' dir='ltr'><strong>levate</strong></span> <span class='ocrx_word' id='word_1_246' title='bbox 507 1730 634 1765; x_wconf 83' lang='lat' dir='ltr'><strong>signum,</strong></span> <span class='ocrx_word' id='word_1_247' title='bbox 665 1731 782 1758; x_wconf 75' lang='lat' dir='ltr'><strong>exaltate</strong></span> <span class='ocrx_word' id='word_1_248' title='bbox 809 1738 901 1758; x_wconf 84' lang='lat' dir='ltr'><strong>vocem</strong></span> <span class='ocrx_word' id='word_1_249' title='bbox 930 1730 1019 1765; x_wconf 85' lang='lat' dir='ltr'><strong>ipsis:</strong></span> <span class='ocrx_word' id='word_1_250' title='bbox 1036 1738 1070 1758; x_wconf 87' lang='lat' dir='ltr'><strong>ne</strong></span> 
     </span>
    </p>
   </div>
   <div class='ocr_carea' id='block_1_38' title="bbox 284 1775 1068 1810">
    <p class='ocr_par' dir='ltr' id='par_1_38' title="bbox 284 1775 1068 1810">
     <span class='ocr_line' id='line_1_38' title="bbox 284 1775 1068 1810; baseline 0.003 -8"><span class='ocrx_word' id='word_1_251' title='bbox 284 1775 415 1807; x_wconf 78' lang='lat' dir='ltr'><strong>timentis,</strong></span> <span class='ocrx_word' id='word_1_252' title='bbox 432 1776 562 1803; x_wconf 77' lang='lat' dir='ltr'><strong>advocate</strong></span> <span class='ocrx_word' id='word_1_253' title='bbox 575 1783 665 1808; x_wconf 86' lang='lat' dir='ltr'><strong>manu,</strong></span> <span class='ocrx_word' id='word_1_254' title='bbox 678 1776 793 1810; x_wconf 81' lang='lat' dir='ltr'><strong>aperite,</strong></span> <span class='ocrx_word' id='word_1_255' title='bbox 806 1777 954 1810; x_wconf 88' lang='lat' dir='ltr'><strong>principes.</strong></span> <span class='ocrx_word' id='word_1_256' title='bbox 968 1786 977 1802; x_wconf 75' lang='grc' dir='ltr'>ι</span> <span class='ocrx_word' id='word_1_257' title='bbox 995 1777 1068 1804; x_wconf 67' lang='lat' dir='ltr'><strong>Vati-</strong></span> 
     </span>
    </p>
   </div>
   <div class='ocr_carea' id='block_1_39' title="bbox 283 1819 1067 1856">
    <p class='ocr_par' dir='ltr' id='par_1_39' title="bbox 283 1819 1067 1856">
     <span class='ocr_line' id='line_1_39' title="bbox 283 1819 1067 1856; baseline 0.004 -10"><span class='ocrx_word' id='word_1_258' title='bbox 283 1819 444 1848; x_wconf 79' lang='lat' dir='ltr'><strong>t-iuatus&#39;ea</strong></span> <span class='ocrx_word' id='word_1_259' title='bbox 469 1829 529 1856; x_wconf 69' lang='lat' dir='ltr'><strong>qua:</strong></span> <span class='ocrx_word' id='word_1_260' title='bbox 556 1820 583 1848; x_wconf 87' lang='lat' dir='ltr'><strong>iu</strong></span> <span class='ocrx_word' id='word_1_261' title='bbox 610 1821 726 1848; x_wconf 86' lang='lat' dir='ltr'><strong>adventu</strong></span> <span class='ocrx_word' id='word_1_262' title='bbox 750 1821 851 1848; x_wconf 78' lang='lat' dir='ltr'><strong>Christi</strong></span> <span class='ocrx_word' id='word_1_263' title='bbox 877 1821 968 1848; x_wconf 79' lang='lat' dir='ltr'><strong>futura</strong></span> <span class='ocrx_word' id='word_1_264' title='bbox 994 1827 1067 1855; x_wconf 89' lang='lat' dir='ltr'><strong>sunt,</strong></span> 
     </span>
    </p>
   </div>
   <div class='ocr_carea' id='block_1_40' title="bbox 283 1865 1069 1903">
    <p class='ocr_par' dir='ltr' id='par_1_40' title="bbox 283 1865 1069 1903">
     <span class='ocr_line' id='line_1_40' title="bbox 283 1865 1069 1903; baseline 0.003 -10"><span class='ocrx_word' id='word_1_265' title='bbox 283 1865 354 1894; x_wconf 80' lang='lat' dir='ltr'><strong>tiliud</strong></span> <span class='ocrx_word' id='word_1_266' title='bbox 376 1867 426 1894; x_wconf 92' lang='lat' dir='ltr'><strong>iuit</strong></span> <span class='ocrx_word' id='word_1_267' title='bbox 446 1872 635 1901; x_wconf 84' lang='lat' dir='ltr'><strong>argumentum</strong></span> <span class='ocrx_word' id='word_1_268' title='bbox 652 1873 745 1894; x_wconf 84' lang='lat' dir='ltr'><strong>contra</strong></span> <span class='ocrx_word' id='word_1_269' title='bbox 761 1867 926 1903; x_wconf 80' lang='lat' dir='ltr'><strong>Babylonem</strong></span> <span class='ocrx_word' id='word_1_270' title='bbox 945 1877 952 1895; x_wconf 91' lang='lat'><em>:</em></span> <span class='ocrx_word' id='word_1_271' title='bbox 972 1867 1069 1895; x_wconf 89' lang='lat' dir='ltr'><strong>deinde</strong></span> 
     </span>
    </p>
   </div>
   <div class='ocr_carea' id='block_1_41' title="bbox 283 1913 1069 1947">
    <p class='ocr_par' dir='ltr' id='par_1_41' title="bbox 283 1913 1069 1947">
     <span class='ocr_line' id='line_1_41' title="bbox 283 1913 1069 1947; baseline 0 -7"><span class='ocrx_word' id='word_1_272' title='bbox 283 1913 429 1940; x_wconf 80' lang='lat' dir='ltr'><strong>secundum</strong></span> <span class='ocrx_word' id='word_1_273' title='bbox 450 1913 525 1940; x_wconf 88' lang='lat' dir='ltr'><strong>addit</strong></span> <span class='ocrx_word' id='word_1_274' title='bbox 541 1913 574 1940; x_wconf 90' lang='lat' dir='ltr'><strong>de</strong></span> <span class='ocrx_word' id='word_1_275' title='bbox 591 1913 753 1946; x_wconf 73' lang='lat' dir='ltr'><strong>Philistaeis;</strong></span> <span class='ocrx_word' id='word_1_276' title='bbox 770 1919 861 1947; x_wconf 85' lang='lat' dir='ltr'><strong>postea</strong></span> <span class='ocrx_word' id='word_1_277' title='bbox 880 1915 990 1941; x_wconf 89' lang='lat' dir='ltr'><strong>tertium</strong></span> <span class='ocrx_word' id='word_1_278' title='bbox 1003 1921 1069 1941; x_wconf 92' lang='lat' dir='ltr'><strong>con-</strong></span> 
     </span>
    </p>
   </div>
   <div class='ocr_carea' id='block_1_42' title="bbox 281 1958 1068 1994">
    <p class='ocr_par' dir='ltr' id='par_1_42' title="bbox 281 1958 1068 1994">
     <span class='ocr_line' id='line_1_42' title="bbox 281 1958 1068 1994; baseline 0.003 -10"><span class='ocrx_word' id='word_1_279' title='bbox 281 1963 325 1984; x_wconf 83' lang='lat' dir='ltr'><strong>tra</strong></span> <span class='ocrx_word' id='word_1_280' title='bbox 342 1958 534 1990; x_wconf 79' lang='lat' dir='ltr'><strong>Moabitidem,</strong></span> <span class='ocrx_word' id='word_1_281' title='bbox 559 1959 622 1986; x_wconf 86' lang='lat' dir='ltr'><strong>hinc</strong></span> <span class='ocrx_word' id='word_1_282' title='bbox 646 1964 740 1986; x_wconf 84' lang='lat' dir='ltr'><strong>contra</strong></span> <span class='ocrx_word' id='word_1_283' title='bbox 765 1959 937 1991; x_wconf 79' lang='lat' dir='ltr'><strong>Damascum,</strong></span> <span class='ocrx_word' id='word_1_284' title='bbox 960 1965 988 1987; x_wconf 89' lang='lat' dir='ltr'><strong>et</strong></span> <span class='ocrx_word' id='word_1_285' title='bbox 1008 1964 1068 1994; x_wconf 90' lang='lat' dir='ltr'><strong>post</strong></span> 
     </span>
    </p>
   </div>
   <div class='ocr_carea' id='block_1_43' title="bbox 283 2004 1068 2040">
    <p class='ocr_par' dir='ltr' id='par_1_43' title="bbox 283 2004 1068 2040">
     <span class='ocr_line' id='line_1_43' title="bbox 283 2004 1068 2040; baseline 0.004 -10"><span class='ocrx_word' id='word_1_286' title='bbox 283 2004 340 2030; x_wconf 61' lang='lat' dir='ltr'><strong>haec</strong></span> <span class='ocrx_word' id='word_1_287' title='bbox 359 2004 480 2039; x_wconf 87' lang='lat' dir='ltr'><strong>sequitur</strong></span> <span class='ocrx_word' id='word_1_288' title='bbox 500 2005 569 2032; x_wconf 84' lang='lat' dir='ltr'><strong>visio</strong></span> <span class='ocrx_word' id='word_1_289' title='bbox 584 2004 711 2040; x_wconf 70' lang='lat' dir='ltr'><strong>Egypti;</strong></span> <span class='ocrx_word' id='word_1_290' title='bbox 734 2009 839 2032; x_wconf 77' lang='lat' dir='ltr'><strong>sextum</strong></span> <span class='ocrx_word' id='word_1_291' title='bbox 866 2005 973 2037; x_wconf 85' lang='lat' dir='ltr'><strong>deinde,</strong></span> <span class='ocrx_word' id='word_1_292' title='bbox 999 2006 1068 2033; x_wconf 86' lang='lat' dir='ltr'><strong>visio</strong></span> 
     </span>
    </p>
   </div>
   <div class='ocr_carea' id='block_1_44' title="bbox 283 2048 1068 2085">
    <p class='ocr_par' dir='ltr' id='par_1_44' title="bbox 283 2048 1068 2085">
     <span class='ocr_line' id='line_1_44' title="bbox 283 2048 1068 2085; baseline 0.004 -11"><span class='ocrx_word' id='word_1_293' title='bbox 283 2048 415 2080; x_wconf 67' lang='lat' dir='ltr'><strong>Idumaeat.</strong></span> <span class='ocrx_word' id='word_1_294' title='bbox 432 2050 481 2075; x_wconf 90' lang='lat' dir='ltr'><strong>sub</strong></span> <span class='ocrx_word' id='word_1_295' title='bbox 497 2050 564 2080; x_wconf 69' lang='lat' dir='ltr'><strong>haec,</strong></span> <span class='ocrx_word' id='word_1_296' title='bbox 577 2049 724 2083; x_wconf 84' lang='lat' dir='ltr'><strong>assumptio</strong></span> <span class='ocrx_word' id='word_1_297' title='bbox 736 2050 842 2076; x_wconf 72' lang='lat' dir='ltr'><strong>Arabiae</strong></span> <span class='ocrx_word' id='word_1_298' title='bbox 855 2058 862 2083; x_wconf 83' lang='lat'><strong>;</strong></span> <span class='ocrx_word' id='word_1_299' title='bbox 876 2057 956 2084; x_wconf 82' lang='lat' dir='ltr'><strong>quant</strong></span> <span class='ocrx_word' id='word_1_300' title='bbox 969 2051 1068 2085; x_wconf 82' lang='lat' dir='ltr'><strong>excipit</strong></span> 
     </span>
    </p>
   </div>
   <div class='ocr_carea' id='block_1_45' title="bbox 284 2093 1066 2130">
    <p class='ocr_par' dir='ltr' id='par_1_45' title="bbox 284 2093 1066 2130">
     <span class='ocr_line' id='line_1_45' title="bbox 284 2093 1066 2130; baseline 0.003 -11"><span class='ocrx_word' id='word_1_301' title='bbox 284 2093 352 2120; x_wconf 83' lang='lat' dir='ltr'><strong>visio</strong></span> <span class='ocrx_word' id='word_1_302' title='bbox 368 2093 448 2120; x_wconf 83' lang='lat' dir='ltr'><strong>vallis</strong></span> <span class='ocrx_word' id='word_1_303' title='bbox 459 2094 535 2126; x_wconf 85' lang='lat' dir='ltr'><strong>Sion,</strong></span> <span class='ocrx_word' id='word_1_304' title='bbox 555 2094 662 2121; x_wconf 89' lang='lat' dir='ltr'><strong>demunt</strong></span> <span class='ocrx_word' id='word_1_305' title='bbox 682 2094 750 2121; x_wconf 79' lang='lat' dir='ltr'><strong>visio</strong></span> <span class='ocrx_word' id='word_1_306' title='bbox 763 2094 838 2130; x_wconf 61' lang='lat' dir='ltr'><strong>Tyri.</strong></span> <span class='ocrx_word' id='word_1_307' title='bbox 860 2094 907 2121; x_wconf 66' lang='lat' dir='ltr'><strong>Ha!</strong></span> <span class='ocrx_word' id='word_1_308' title='bbox 924 2102 1006 2129; x_wconf 91' lang='lat' dir='ltr'><strong>porro</strong></span> <span class='ocrx_word' id='word_1_309' title='bbox 1019 2096 1066 2122; x_wconf 85' lang='lat' dir='ltr'><strong>de-</strong></span> 
     </span>
    </p>
   </div>
   <div class='ocr_carea' id='block_1_46' title="bbox 282 2140 1067 2176">
    <p class='ocr_par' dir='ltr' id='par_1_46' title="bbox 282 2140 1067 2176">
     <span class='ocr_line' id='line_1_46' title="bbox 282 2140 1067 2176; baseline 0.003 -10"><span class='ocrx_word' id='word_1_310' title='bbox 282 2147 342 2166; x_wconf 84' lang='lat' dir='ltr'><strong>cem</strong></span> <span class='ocrx_word' id='word_1_311' title='bbox 368 2140 517 2174; x_wconf 58' lang='lat' dir='ltr'><strong>prophetia).</strong></span> <span class='ocrx_word' id='word_1_312' title='bbox 542 2145 634 2167; x_wconf 89' lang='lat' dir='ltr'><strong>mutuo</strong></span> <span class='ocrx_word' id='word_1_313' title='bbox 662 2141 812 2171; x_wconf 71' lang='lat' dir='ltr'><strong>cohaerent,</strong></span> <span class='ocrx_word' id='word_1_314' title='bbox 841 2140 874 2167; x_wconf 91' lang='lat' dir='ltr'><strong>de</strong></span> <span class='ocrx_word' id='word_1_315' title='bbox 906 2140 1067 2176; x_wconf 74' lang='lat' dir='ltr'><strong>alienigenis</strong></span> 
     </span>
    </p>
   </div>
   <div class='ocr_carea' id='block_1_47' title="bbox 282 2184 1067 2220">
    <p class='ocr_par' dir='ltr' id='par_1_47' title="bbox 282 2184 1067 2220">
     <span class='ocr_line' id='line_1_47' title="bbox 282 2184 1067 2220; baseline 0.003 -10"><span class='ocrx_word' id='word_1_316' title='bbox 282 2184 409 2219; x_wconf 66' lang='lat' dir='ltr'><strong>gentibus</strong></span> <span class='ocrx_word' id='word_1_317' title='bbox 430 2185 549 2220; x_wconf 61' lang='lat' dir='ltr'><strong>prolatae.</strong></span> <span class='ocrx_word' id='word_1_318' title='bbox 576 2185 738 2220; x_wconf 76' lang='lat' dir='ltr'><strong>quibuscum</strong></span> <span class='ocrx_word' id='word_1_319' title='bbox 759 2185 853 2212; x_wconf 86' lang='lat' dir='ltr'><strong>vallem</strong></span> <span class='ocrx_word' id='word_1_320' title='bbox 876 2184 968 2213; x_wconf 88' lang='lat' dir='ltr'><strong>Sionis</strong></span> <span class='ocrx_word' id='word_1_321' title='bbox 993 2194 1067 2212; x_wconf 81' lang='lat' dir='ltr'><strong>com—</strong></span> 
     </span>
    </p>
   </div>
   <div class='ocr_carea' id='block_1_48' title="bbox 280 2231 1066 2267">
    <p class='ocr_par' dir='ltr' id='par_1_48' title="bbox 280 2231 1066 2267">
     <span class='ocr_line' id='line_1_48' title="bbox 280 2231 1066 2267; baseline 0.003 -10"><span class='ocrx_word' id='word_1_322' title='bbox 280 2231 422 2266; x_wconf 82' lang='lat' dir='ltr'><strong>plectitur,</strong></span> <span class='ocrx_word' id='word_1_323' title='bbox 439 2238 499 2257; x_wconf 84' lang='lat' dir='ltr'><strong>euut</strong></span> <span class='ocrx_word' id='word_1_324' title='bbox 524 2231 685 2267; x_wconf 84' lang='lat' dir='ltr'><strong>alienigenis</strong></span> <span class='ocrx_word' id='word_1_325' title='bbox 698 2232 840 2260; x_wconf 79' lang='lat' dir='ltr'><strong>Judaicum</strong></span> <span class='ocrx_word' id='word_1_326' title='bbox 859 2234 922 2260; x_wconf 87' lang='lat' dir='ltr'><strong>item</strong></span> <span class='ocrx_word' id='word_1_327' title='bbox 940 2232 1066 2266; x_wconf 88' lang='lat' dir='ltr'><strong>populum</strong></span> 
     </span>
    </p>
   </div>
   <div class='ocr_carea' id='block_1_49' title="bbox 1134 312 1418 347">
    <p class='ocr_par' dir='ltr' id='par_1_49' title="bbox 1134 312 1418 347">
     <span class='ocr_line' id='line_1_49' title="bbox 1134 312 1418 347; baseline 0 -9"><span class='ocrx_word' id='word_1_328' title='bbox 1134 319 1178 343; x_wconf 82' lang='grc' dir='ltr'><strong>τος</strong></span> <span class='ocrx_word' id='word_1_329' title='bbox 1194 312 1418 347; x_wconf 80' lang='grc' dir='ltr'>ἀνωμσρωμένοι.</span> 
     </span>
    </p>
   </div>
   <div class='ocr_carea' id='block_1_50' title="bbox 1172 355 1914 393">
    <p class='ocr_par' dir='ltr' id='par_1_50' title="bbox 1172 355 1914 393">
     <span class='ocr_line' id='line_1_50' title="bbox 1172 355 1914 393; baseline 0 -9"><span class='ocrx_word' id='word_1_330' title='bbox 1172 367 1181 383; x_wconf 79' lang='lat' dir='ltr'><strong>t</strong></span> <span class='ocrx_word' id='word_1_331' title='bbox 1202 359 1256 384; x_wconf 85' lang='grc' dir='ltr'>Καὶ</span> <span class='ocrx_word' id='word_1_332' title='bbox 1269 359 1341 393; x_wconf 80' lang='grc' dir='ltr'>ἐρεῖς</span> <span class='ocrx_word' id='word_1_333' title='bbox 1355 358 1384 384; x_wconf 81' lang='grc' dir='ltr'><strong>ὲν</strong></span> <span class='ocrx_word' id='word_1_334' title='bbox 1396 358 1429 393; x_wconf 84' lang='grc' dir='ltr'>τῆ</span> <span class='ocrx_word' id='word_1_335' title='bbox 1444 357 1535 393; x_wconf 69' lang='grc' dir='ltr'><strong>ἡμέρᾳ.</strong></span> <span class='ocrx_word' id='word_1_336' title='bbox 1547 356 1653 392; x_wconf 71' lang='grc' dir='ltr'>ὲκείνῃο</span> <span class='ocrx_word' id='word_1_337' title='bbox 1667 355 1790 391; x_wconf 80' lang='grc' dir='ltr'>’Υμνεϊτε</span> <span class='ocrx_word' id='word_1_338' title='bbox 1803 356 1914 392; x_wconf 79' lang='grc' dir='ltr'>Κύριον,</span> 
     </span>
    </p>
   </div>
   <div class='ocr_carea' id='block_1_51' title="bbox 1133 401 1914 437">
    <p class='ocr_par' dir='ltr' id='par_1_51' title="bbox 1133 401 1914 437">
     <span class='ocr_line' id='line_1_51' title="bbox 1133 401 1914 437; baseline 0 -9"><span class='ocrx_word' id='word_1_339' title='bbox 1133 401 1212 437; x_wconf 77' lang='grc' dir='ltr'>βοᾶτε</span> <span class='ocrx_word' id='word_1_340' title='bbox 1228 401 1259 428; x_wconf 80' lang='grc' dir='ltr'>τὺ</span> <span class='ocrx_word' id='word_1_341' title='bbox 1273 402 1358 437; x_wconf 70' lang='grc' dir='ltr'>ὄνομα</span> <span class='ocrx_word' id='word_1_342' title='bbox 1372 402 1465 433; x_wconf 85' lang='grc' dir='ltr'>αὑτοῦ,</span> <span class='ocrx_word' id='word_1_343' title='bbox 1492 401 1670 436; x_wconf 84' lang='grc' dir='ltr'>ἀναγγείλατε</span> <span class='ocrx_word' id='word_1_344' title='bbox 1694 403 1750 433; x_wconf 81' lang='grc' dir='ltr'>τοῖς</span> <span class='ocrx_word' id='word_1_345' title='bbox 1773 402 1860 429; x_wconf 77' lang='grc' dir='ltr'>ἔθνεσι</span> <span class='ocrx_word' id='word_1_346' title='bbox 1881 403 1914 429; x_wconf 75' lang='grc' dir='ltr'>τὰ</span> 
     </span>
    </p>
   </div>
   <div class='ocr_carea' id='block_1_52' title="bbox 1132 447 1914 484">
    <p class='ocr_par' dir='ltr' id='par_1_52' title="bbox 1132 447 1914 484">
     <span class='ocr_line' id='line_1_52' title="bbox 1132 447 1914 484; baseline 0.001 -11"><span class='ocrx_word' id='word_1_347' title='bbox 1132 447 1225 480; x_wconf 76' lang='grc' dir='ltr'>ἔνδοξα</span> <span class='ocrx_word' id='word_1_348' title='bbox 1249 448 1342 480; x_wconf 77' lang='grc' dir='ltr'>αὑτοῦ,</span> <span class='ocrx_word' id='word_1_349' title='bbox 1373 448 1567 484; x_wconf 74' lang='grc' dir='ltr'><strong>μιμνήσκεσθε,</strong></span> <span class='ocrx_word' id='word_1_350' title='bbox 1595 449 1636 474; x_wconf 77' lang='grc' dir='ltr'><strong>ὅτι</strong></span> <span class='ocrx_word' id='word_1_351' title='bbox 1659 447 1752 483; x_wconf 75' lang='grc' dir='ltr'>ὑψώθη</span> <span class='ocrx_word' id='word_1_352' title='bbox 1779 448 1809 474; x_wconf 81' lang='grc' dir='ltr'>τὸ</span> <span class='ocrx_word' id='word_1_353' title='bbox 1831 448 1914 484; x_wconf 75' lang='grc' dir='ltr'>ὄνομα</span> 
     </span>
    </p>
   </div>
   <div class='ocr_carea' id='block_1_53' title="bbox 1132 493 1914 530">
    <p class='ocr_par' dir='ltr' id='par_1_53' title="bbox 1132 493 1914 530">
     <span class='ocr_line' id='line_1_53' title="bbox 1132 493 1914 530; baseline 0.003 -10"><span class='ocrx_word' id='word_1_354' title='bbox 1132 493 1225 521; x_wconf 76' lang='grc' dir='ltr'>αὑτοῦ.</span> <span class='ocrx_word' id='word_1_355' title='bbox 1245 494 1398 529; x_wconf 80' lang='grc' dir='ltr'>’Υμνήσατε</span> <span class='ocrx_word' id='word_1_356' title='bbox 1412 494 1441 521; x_wconf 86' lang='grc' dir='ltr'>τὺ</span> <span class='ocrx_word' id='word_1_357' title='bbox 1451 494 1535 530; x_wconf 73' lang='grc' dir='ltr'>ὄνομα</span> <span class='ocrx_word' id='word_1_358' title='bbox 1547 494 1661 529; x_wconf 83' lang='grc' dir='ltr'>Κυρίου,</span> <span class='ocrx_word' id='word_1_359' title='bbox 1670 494 1709 520; x_wconf 81' lang='grc' dir='ltr'>ὅτι</span> <span class='ocrx_word' id='word_1_360' title='bbox 1720 495 1808 530; x_wconf 77' lang='grc' dir='ltr'>ὑψηλὰ</span> <span class='ocrx_word' id='word_1_361' title='bbox 1823 496 1914 530; x_wconf 74' lang='grc' dir='ltr'>ἐποίη-</span> 
     </span>
    </p>
   </div>
   <div class='ocr_carea' id='block_1_54' title="bbox 1132 539 1913 576">
    <p class='ocr_par' dir='ltr' id='par_1_54' title="bbox 1132 539 1913 576">
     <span class='ocr_line' id='line_1_54' title="bbox 1132 539 1913 576; baseline 0.003 -11"><span class='ocrx_word' id='word_1_362' title='bbox 1132 547 1193 565; x_wconf 83' lang='grc' dir='ltr'>σεν’</span> <span class='ocrx_word' id='word_1_363' title='bbox 1211 539 1390 573; x_wconf 84' lang='grc' dir='ltr'>ἁναγγείλατε</span> <span class='ocrx_word' id='word_1_364' title='bbox 1418 539 1505 566; x_wconf 79' lang='grc' dir='ltr'>ταῦτα</span> <span class='ocrx_word' id='word_1_365' title='bbox 1524 540 1553 566; x_wconf 69' lang='grc' dir='ltr'><strong>ἐν</strong></span> <span class='ocrx_word' id='word_1_366' title='bbox 1577 540 1650 576; x_wconf 79' lang='grc' dir='ltr'>πάσῃ</span> <span class='ocrx_word' id='word_1_367' title='bbox 1670 541 1703 576; x_wconf 82' lang='grc' dir='ltr'>τῇ</span> <span class='ocrx_word' id='word_1_368' title='bbox 1727 542 1772 576; x_wconf 82' lang='grc' dir='ltr'><strong>γῇ.</strong></span> <span class='ocrx_word' id='word_1_369' title='bbox 1791 551 1801 566; x_wconf 72' lang='grc' dir='ltr'>ι</span> <span class='ocrx_word' id='word_1_370' title='bbox 1817 541 1853 567; x_wconf 81' lang='grc' dir='ltr'><strong>Τὸ</strong></span> <span class='ocrx_word' id='word_1_371' title='bbox 1875 541 1913 572; x_wconf 86' lang='grc' dir='ltr'><strong>δὲ.</strong></span> 
     </span>
    </p>
   </div>
   <div class='ocr_carea' id='block_1_55' title="bbox 1133 585 1914 621">
    <p class='ocr_par' dir='ltr' id='par_1_55' title="bbox 1133 585 1914 621">
     <span class='ocr_line' id='line_1_55' title="bbox 1133 585 1914 621; baseline 0.003 -11"><span class='ocrx_word' id='word_1_372' title='bbox 1133 593 1142 609; x_wconf 81' lang='lat' dir='ltr'><strong>t</strong></span> <span class='ocrx_word' id='word_1_373' title='bbox 1165 585 1248 620; x_wconf 83' lang='grc' dir='ltr'>ὲρεῖς,</span> <span class='ocrx_word' id='word_1_374' title='bbox 1269 595 1278 610; x_wconf 71' lang='grc' dir='ltr'>ι</span> <span class='ocrx_word' id='word_1_375' title='bbox 1304 587 1460 620; x_wconf 71' lang='grc' dir='ltr'>προσφωνεῖ</span> <span class='ocrx_word' id='word_1_376' title='bbox 1481 585 1520 621; x_wconf 83' lang='grc' dir='ltr'>τῷ</span> <span class='ocrx_word' id='word_1_377' title='bbox 1541 585 1613 621; x_wconf 88' lang='grc' dir='ltr'>χορῷ</span> <span class='ocrx_word' id='word_1_378' title='bbox 1641 585 1694 612; x_wconf 82' lang='grc' dir='ltr'>τῶν</span> <span class='ocrx_word' id='word_1_379' title='bbox 1716 586 1914 620; x_wconf 79' lang='grc' dir='ltr'>εὺαγγελιστῶν</span> 
     </span>
    </p>
   </div>
   <div class='ocr_carea' id='block_1_56' title="bbox 1129 630 1913 668">
    <p class='ocr_par' dir='ltr' id='par_1_56' title="bbox 1129 630 1913 668">
     <span class='ocr_line' id='line_1_56' title="bbox 1129 630 1913 668; baseline 0.003 -12"><span class='ocrx_word' id='word_1_380' title='bbox 1129 630 1176 657; x_wconf 78' lang='grc' dir='ltr'><strong>τοῦ</strong></span> <span class='ocrx_word' id='word_1_381' title='bbox 1192 631 1318 667; x_wconf 76' lang='grc' dir='ltr'><strong>Σωτῆρος</strong></span> <span class='ocrx_word' id='word_1_382' title='bbox 1335 631 1423 666; x_wconf 80' lang='grc' dir='ltr'>ἡμῶν.</span> <span class='ocrx_word' id='word_1_383' title='bbox 1445 631 1490 658; x_wconf 83' lang='grc' dir='ltr'><strong>Ἐν</strong></span> <span class='ocrx_word' id='word_1_384' title='bbox 1505 632 1608 667; x_wconf 81' lang='grc' dir='ltr'>ἐκείνῃ,</span> <span class='ocrx_word' id='word_1_385' title='bbox 1621 633 1696 667; x_wconf 79' lang='grc' dir='ltr'>φησὶ,</span> <span class='ocrx_word' id='word_1_386' title='bbox 1711 634 1742 668; x_wconf 79' lang='grc' dir='ltr'>τῇ</span> <span class='ocrx_word' id='word_1_387' title='bbox 1760 633 1859 668; x_wconf 82' lang='grc' dir='ltr'>ἡμέρᾳ,</span> <span class='ocrx_word' id='word_1_388' title='bbox 1870 633 1913 668; x_wconf 85' lang='grc' dir='ltr'><strong>δη-</strong></span> 
     </span>
    </p>
   </div>
   <div class='ocr_carea' id='block_1_57' title="bbox 1128 677 1913 714">
    <p class='ocr_par' dir='ltr' id='par_1_57' title="bbox 1128 677 1913 714">
     <span class='ocr_line' id='line_1_57' title="bbox 1128 677 1913 714; baseline 0.003 -11"><span class='ocrx_word' id='word_1_389' title='bbox 1128 677 1194 713; x_wconf 87' lang='grc' dir='ltr'>λαδὴ</span> <span class='ocrx_word' id='word_1_390' title='bbox 1213 678 1242 704; x_wconf 80' lang='grc' dir='ltr'><strong>ὲν</strong></span> <span class='ocrx_word' id='word_1_391' title='bbox 1256 678 1294 713; x_wconf 84' lang='grc' dir='ltr'>τῷ</span> <span class='ocrx_word' id='word_1_392' title='bbox 1311 678 1549 714; x_wconf 74' lang='grc' dir='ltr'>προφητευομένῳ,</span> <span class='ocrx_word' id='word_1_393' title='bbox 1568 679 1640 714; x_wconf 76' lang='grc' dir='ltr'>ἐρεῖς</span> <span class='ocrx_word' id='word_1_394' title='bbox 1659 679 1701 709; x_wconf 66' lang='grc' dir='ltr'><strong>σὺ,</strong></span> <span class='ocrx_word' id='word_1_395' title='bbox 1718 680 1732 705; x_wconf 77' lang='grc' dir='ltr'>ὁ</span> <span class='ocrx_word' id='word_1_396' title='bbox 1754 678 1840 714; x_wconf 78' lang='grc' dir='ltr'>κήρυξ</span> <span class='ocrx_word' id='word_1_397' title='bbox 1866 678 1913 705; x_wconf 72' lang='grc' dir='ltr'>τοῦ</span> 
     </span>
    </p>
   </div>
   <div class='ocr_carea' id='block_1_58' title="bbox 1129 723 1913 759">
    <p class='ocr_par' dir='ltr' id='par_1_58' title="bbox 1129 723 1913 759">
     <span class='ocr_line' id='line_1_58' title="bbox 1129 723 1913 759; baseline 0 -10"><span class='ocrx_word' id='word_1_398' title='bbox 1129 723 1262 758; x_wconf 80' lang='grc' dir='ltr'><strong>σωτηρίου</strong></span> <span class='ocrx_word' id='word_1_399' title='bbox 1288 723 1464 757; x_wconf 82' lang='grc' dir='ltr'>Εὑαγγελίου,</span> <span class='ocrx_word' id='word_1_400' title='bbox 1479 724 1534 755; x_wconf 82' lang='grc' dir='ltr'>τοῖς</span> <span class='ocrx_word' id='word_1_401' title='bbox 1551 723 1581 749; x_wconf 85' lang='grc' dir='ltr'>τὸ</span> <span class='ocrx_word' id='word_1_402' title='bbox 1605 723 1734 759; x_wconf 74' lang='grc' dir='ltr'>κήρυγμα</span> <span class='ocrx_word' id='word_1_403' title='bbox 1761 723 1913 759; x_wconf 77' lang='grc' dir='ltr'>παραδεξα-</span> 
     </span>
    </p>
   </div>
   <div class='ocr_carea' id='block_1_59' title="bbox 1130 767 1913 804">
    <p class='ocr_par' dir='ltr' id='par_1_59' title="bbox 1130 767 1913 804">
     <span class='ocr_line' id='line_1_59' title="bbox 1130 767 1913 804; baseline 0.003 -11"><span class='ocrx_word' id='word_1_404' title='bbox 1130 767 1222 802; x_wconf 77' lang='grc' dir='ltr'>μένοις</span> <span class='ocrx_word' id='word_1_405' title='bbox 1232 768 1400 803; x_wconf 78' lang='grc' dir='ltr'>Αίγυπτίοις.</span> <span class='ocrx_word' id='word_1_406' title='bbox 1416 777 1425 794; x_wconf 76' lang='lat' dir='ltr'><strong>t</strong></span> <span class='ocrx_word' id='word_1_407' title='bbox 1442 768 1565 804; x_wconf 81' lang='grc' dir='ltr'>Ύμνεῐτε</span> <span class='ocrx_word' id='word_1_408' title='bbox 1581 769 1692 804; x_wconf 80' lang='grc' dir='ltr'><strong>Κύριον,</strong></span> <span class='ocrx_word' id='word_1_409' title='bbox 1710 769 1788 804; x_wconf 79' lang='grc' dir='ltr'>βοᾶτε</span> <span class='ocrx_word' id='word_1_410' title='bbox 1803 768 1841 804; x_wconf 85' lang='grc' dir='ltr'>τῷ</span> <span class='ocrx_word' id='word_1_411' title='bbox 1856 769 1913 795; x_wconf 74' lang='grc' dir='ltr'><strong>ὀνό-</strong></span> 
     </span>
    </p>
   </div>
   <div class='ocr_carea' id='block_1_60' title="bbox 1129 810 1913 847">
    <p class='ocr_par' dir='ltr' id='par_1_60' title="bbox 1129 810 1913 847">
     <span class='ocr_line' id='line_1_60' title="bbox 1129 810 1913 847; baseline 0.005 -11"><span class='ocrx_word' id='word_1_412' title='bbox 1129 819 1193 845; x_wconf 86' lang='grc' dir='ltr'>ματι</span> <span class='ocrx_word' id='word_1_413' title='bbox 1206 810 1308 847; x_wconf 82' lang='grc' dir='ltr'>Κυρίου</span> <span class='ocrx_word' id='word_1_414' title='bbox 1319 819 1325 826; x_wconf 87' lang='grc'>·</span> <span class='ocrx_word' id='word_1_415' title='bbox 1354 811 1533 846; x_wconf 82' lang='grc' dir='ltr'>ἀναγγείλατε</span> <span class='ocrx_word' id='word_1_416' title='bbox 1548 812 1577 838; x_wconf 78' lang='grc' dir='ltr'>ὲν</span> <span class='ocrx_word' id='word_1_417' title='bbox 1599 814 1654 844; x_wconf 79' lang='grc' dir='ltr'>τοῖς</span> <span class='ocrx_word' id='word_1_418' title='bbox 1667 813 1754 839; x_wconf 71' lang='grc' dir='ltr'>ἔθνεσι</span> <span class='ocrx_word' id='word_1_419' title='bbox 1767 813 1802 840; x_wconf 81' lang='grc' dir='ltr'>τὰ</span> <span class='ocrx_word' id='word_1_420' title='bbox 1820 813 1913 846; x_wconf 76' lang='grc' dir='ltr'>ἔνδοξα</span> 
     </span>
    </p>
   </div>
   <div class='ocr_carea' id='block_1_61' title="bbox 1126 857 1909 895">
    <p class='ocr_par' dir='ltr' id='par_1_61' title="bbox 1126 857 1909 895">
     <span class='ocr_line' id='line_1_61' title="bbox 1126 857 1909 895; baseline 0.004 -11"><span class='ocrx_word' id='word_1_421' title='bbox 1126 857 1222 884; x_wconf 80' lang='grc' dir='ltr'>αὐτοῦ’</span> <span class='ocrx_word' id='word_1_422' title='bbox 1241 858 1438 893; x_wconf 76' lang='grc' dir='ltr'><strong>μιμνήσκεσθε,</strong></span> <span class='ocrx_word' id='word_1_423' title='bbox 1455 859 1496 885; x_wconf 85' lang='grc' dir='ltr'>ὃτι</span> <span class='ocrx_word' id='word_1_424' title='bbox 1512 858 1605 895; x_wconf 72' lang='grc' dir='ltr'>ὑψώθη</span> <span class='ocrx_word' id='word_1_425' title='bbox 1629 859 1660 885; x_wconf 57' lang='lat' dir='ltr'><strong>te</strong></span> <span class='ocrx_word' id='word_1_426' title='bbox 1683 859 1768 894; x_wconf 84' lang='grc' dir='ltr'>δνομα</span> <span class='ocrx_word' id='word_1_427' title='bbox 1787 859 1878 887; x_wconf 80' lang='grc' dir='ltr'>αὑτοῦ.</span> <span class='ocrx_word' id='word_1_428' title='bbox 1899 870 1909 886; x_wconf 82' lang='grc' dir='ltr'>ι</span> 
     </span>
    </p>
   </div>
   <div class='ocr_carea' id='block_1_62' title="bbox 1126 903 1912 939">
    <p class='ocr_par' dir='ltr' id='par_1_62' title="bbox 1126 903 1912 939">
     <span class='ocr_line' id='line_1_62' title="bbox 1126 903 1912 939; baseline 0.003 -10"><span class='ocrx_word' id='word_1_429' title='bbox 1126 903 1218 930; x_wconf 82' lang='grc' dir='ltr'>Ταῦτα</span> <span class='ocrx_word' id='word_1_430' title='bbox 1232 903 1286 938; x_wconf 78' lang='grc' dir='ltr'>γὰρ</span> <span class='ocrx_word' id='word_1_431' title='bbox 1299 904 1343 936; x_wconf 86' lang='grc' dir='ltr'><strong>σὺ,</strong></span> <span class='ocrx_word' id='word_1_432' title='bbox 1352 904 1366 929; x_wconf 81' lang='grc' dir='ltr'><strong>ὁ</strong></span> <span class='ocrx_word' id='word_1_433' title='bbox 1383 903 1462 939; x_wconf 76' lang='grc' dir='ltr'>χορὸς</span> <span class='ocrx_word' id='word_1_434' title='bbox 1475 904 1489 929; x_wconf 79' lang='grc' dir='ltr'><strong>ό</strong></span> <span class='ocrx_word' id='word_1_435' title='bbox 1506 903 1692 935; x_wconf 80' lang='grc' dir='ltr'>ἀποστολικὺς,</span> <span class='ocrx_word' id='word_1_436' title='bbox 1705 903 1837 931; x_wconf 75' lang='grc' dir='ltr'><strong>διδάσκων</strong></span> <span class='ocrx_word' id='word_1_437' title='bbox 1849 905 1912 937; x_wconf 78' lang='grc' dir='ltr'>τοὺς</span> 
     </span>
    </p>
   </div>
   <div class='ocr_carea' id='block_1_63' title="bbox 1128 949 1912 985">
    <p class='ocr_par' dir='ltr' id='par_1_63' title="bbox 1128 949 1912 985">
     <span class='ocr_line' id='line_1_63' title="bbox 1128 949 1912 985; baseline 0.001 -10"><span class='ocrx_word' id='word_1_438' title='bbox 1128 949 1180 975; x_wconf 84' lang='grc' dir='ltr'><strong>ὑπὸ</strong></span> <span class='ocrx_word' id='word_1_439' title='bbox 1196 949 1226 975; x_wconf 82' lang='grc' dir='ltr'>σὲ</span> <span class='ocrx_word' id='word_1_440' title='bbox 1244 949 1489 985; x_wconf 81' lang='grc' dir='ltr'>μαθητευομένους,</span> <span class='ocrx_word' id='word_1_441' title='bbox 1505 949 1587 985; x_wconf 82' lang='grc' dir='ltr'>ἐρεῖς,</span> <span class='ocrx_word' id='word_1_442' title='bbox 1611 950 1807 985; x_wconf 79' lang='grc' dir='ltr'><strong>παραγγέλλων</strong></span> <span class='ocrx_word' id='word_1_443' title='bbox 1820 950 1912 982; x_wconf 78' lang='grc' dir='ltr'>αὐτοῖς</span> 
     </span>
    </p>
   </div>
   <div class='ocr_carea' id='block_1_64' title="bbox 1129 994 1911 1030">
    <p class='ocr_par' dir='ltr' id='par_1_64' title="bbox 1129 994 1911 1030">
     <span class='ocr_line' id='line_1_64' title="bbox 1129 994 1911 1030; baseline 0.004 -10"><span class='ocrx_word' id='word_1_444' title='bbox 1129 994 1165 1030; x_wconf 81' lang='grc' dir='ltr'><strong>μὴ</strong></span> <span class='ocrx_word' id='word_1_445' title='bbox 1183 995 1290 1029; x_wconf 81' lang='grc' dir='ltr'>σιωπᾷν</span> <span class='ocrx_word' id='word_1_446' title='bbox 1300 1003 1307 1010; x_wconf 93' lang='grc'><strong>·</strong></span> <span class='ocrx_word' id='word_1_447' title='bbox 1320 994 1491 1029; x_wconf 78' lang='grc' dir='ltr'><strong>ἐξαγγέλλειν</strong></span> <span class='ocrx_word' id='word_1_448' title='bbox 1499 995 1526 1022; x_wconf 82' lang='grc' dir='ltr'><strong>δὲ</strong></span> <span class='ocrx_word' id='word_1_449' title='bbox 1538 997 1594 1027; x_wconf 82' lang='grc' dir='ltr'>τοῖς</span> <span class='ocrx_word' id='word_1_450' title='bbox 1608 997 1675 1023; x_wconf 82' lang='grc' dir='ltr'>πᾶσι</span> <span class='ocrx_word' id='word_1_451' title='bbox 1689 996 1735 1022; x_wconf 69' lang='grc' dir='ltr'>καὶ</span> <span class='ocrx_word' id='word_1_452' title='bbox 1749 997 1788 1028; x_wconf 78' lang='grc' dir='ltr'><strong>εἰς</strong></span> <span class='ocrx_word' id='word_1_453' title='bbox 1798 996 1911 1029; x_wconf 72' lang='grc' dir='ltr'>ἐξάκου-</span> 
     </span>
    </p>
   </div>
   <div class='ocr_carea' id='block_1_65' title="bbox 1127 1039 1821 1076">
    <p class='ocr_par' dir='ltr' id='par_1_65' title="bbox 1127 1039 1821 1076">
     <span class='ocr_line' id='line_1_65' title="bbox 1127 1039 1821 1076; baseline 0.003 -11"><span class='ocrx_word' id='word_1_454' title='bbox 1127 1047 1189 1065; x_wconf 85' lang='grc' dir='ltr'>στον</span> <span class='ocrx_word' id='word_1_455' title='bbox 1206 1039 1271 1074; x_wconf 83' lang='grc' dir='ltr'>βοᾷν</span> <span class='ocrx_word' id='word_1_456' title='bbox 1285 1040 1334 1075; x_wconf 87' lang='grc' dir='ltr'>τῆς</span> <span class='ocrx_word' id='word_1_457' title='bbox 1351 1040 1483 1075; x_wconf 76' lang='grc' dir='ltr'><strong>σωτηρίου</strong></span> <span class='ocrx_word' id='word_1_458' title='bbox 1499 1040 1657 1076; x_wconf 80' lang='grc' dir='ltr'><strong>εὐεργεσίας</strong></span> <span class='ocrx_word' id='word_1_459' title='bbox 1669 1040 1720 1076; x_wconf 74' lang='grc' dir='ltr'>τὴν</span> <span class='ocrx_word' id='word_1_460' title='bbox 1731 1041 1821 1076; x_wconf 82' lang='grc' dir='ltr'>χάριν.</span> 
     </span>
    </p>
   </div>
   <div class='ocr_carea' id='block_1_66' title="bbox 1165 1085 1912 1122">
    <p class='ocr_par' dir='ltr' id='par_1_66' title="bbox 1165 1085 1912 1122">
     <span class='ocr_line' id='line_1_66' title="bbox 1165 1085 1912 1122; baseline 0.004 -11"><span class='ocrx_word' id='word_1_461' title='bbox 1165 1094 1174 1110; x_wconf 83' lang='grc'><strong>1</strong></span> <span class='ocrx_word' id='word_1_462' title='bbox 1202 1085 1378 1120; x_wconf 79' lang='grc' dir='ltr'>’Δγαλλιᾶσθε</span> <span class='ocrx_word' id='word_1_463' title='bbox 1402 1087 1448 1113; x_wconf 86' lang='grc' dir='ltr'>καὶ</span> <span class='ocrx_word' id='word_1_464' title='bbox 1469 1086 1656 1122; x_wconf 72' lang='grc' dir='ltr'><strong>εὐφραίνεσθε,</strong></span> <span class='ocrx_word' id='word_1_465' title='bbox 1673 1088 1698 1113; x_wconf 88' lang='grc' dir='ltr'><strong>οἱ</strong></span> <span class='ocrx_word' id='word_1_466' title='bbox 1719 1095 1912 1120; x_wconf 76' lang='grc' dir='ltr'>κατοικουντες</span> 
     </span>
    </p>
   </div>
   <div class='ocr_carea' id='block_1_67' title="bbox 1125 1129 1908 1168">
    <p class='ocr_par' dir='ltr' id='par_1_67' title="bbox 1125 1129 1908 1168">
     <span class='ocr_line' id='line_1_67' title="bbox 1125 1129 1908 1168; baseline 0.005 -13"><span class='ocrx_word' id='word_1_467' title='bbox 1125 1129 1202 1162; x_wconf 85' lang='grc' dir='ltr'>Σιὼν,</span> <span class='ocrx_word' id='word_1_468' title='bbox 1212 1131 1253 1157; x_wconf 78' lang='grc' dir='ltr'>ὅτι</span> <span class='ocrx_word' id='word_1_469' title='bbox 1266 1130 1358 1166; x_wconf 82' lang='grc' dir='ltr'><strong>ὑψώθη</strong></span> <span class='ocrx_word' id='word_1_470' title='bbox 1370 1131 1384 1158; x_wconf 81' lang='grc' dir='ltr'><strong>ὁ</strong></span> <span class='ocrx_word' id='word_1_471' title='bbox 1398 1131 1475 1166; x_wconf 75' lang='grc' dir='ltr'>ἆγιος</span> <span class='ocrx_word' id='word_1_472' title='bbox 1487 1131 1533 1158; x_wconf 78' lang='grc' dir='ltr'>τοῦ</span> <span class='ocrx_word' id='word_1_473' title='bbox 1551 1132 1658 1168; x_wconf 79' lang='grc' dir='ltr'>Ἰσραὴλ</span> <span class='ocrx_word' id='word_1_474' title='bbox 1671 1133 1699 1159; x_wconf 78' lang='grc' dir='ltr'><strong>ὲν</strong></span> <span class='ocrx_word' id='word_1_475' title='bbox 1708 1133 1782 1168; x_wconf 82' lang='grc' dir='ltr'><strong>μέσῳ</strong></span> <span class='ocrx_word' id='word_1_476' title='bbox 1796 1133 1890 1167; x_wconf 81' lang='grc' dir='ltr'>αὐτῆς.</span> <span class='ocrx_word' id='word_1_477' title='bbox 1899 1143 1908 1159; x_wconf 79' lang='grc' dir='ltr'>ι</span> 
     </span>
    </p>
   </div>
   <div class='ocr_carea' id='block_1_68' title="bbox 1126 1175 1911 1213">
    <p class='ocr_par' dir='ltr' id='par_1_68' title="bbox 1126 1175 1911 1213">
     <span class='ocr_line' id='line_1_68' title="bbox 1126 1175 1911 1213; baseline 0.004 -11"><span class='ocrx_word' id='word_1_478' title='bbox 1126 1175 1195 1210; x_wconf 86' lang='grc' dir='ltr'><strong>Ἤδη</strong></span> <span class='ocrx_word' id='word_1_479' title='bbox 1216 1175 1246 1203; x_wconf 81' lang='grc' dir='ltr'><strong>δὲ</strong></span> <span class='ocrx_word' id='word_1_480' title='bbox 1264 1176 1308 1203; x_wconf 81' lang='grc' dir='ltr'><strong>διὰ</strong></span> <span class='ocrx_word' id='word_1_481' title='bbox 1330 1176 1461 1203; x_wconf 86' lang='grc' dir='ltr'>πλειόνων</span> <span class='ocrx_word' id='word_1_482' title='bbox 1486 1176 1555 1203; x_wconf 88' lang='grc' dir='ltr'><strong>Σιὼν</strong></span> <span class='ocrx_word' id='word_1_483' title='bbox 1571 1177 1688 1213; x_wconf 78' lang='grc' dir='ltr'><strong>ἀπεδόθη</strong></span> <span class='ocrx_word' id='word_1_484' title='bbox 1705 1179 1720 1204; x_wconf 83' lang='grc' dir='ltr'><strong>ό</strong></span> <span class='ocrx_word' id='word_1_485' title='bbox 1735 1178 1911 1212; x_wconf 81' lang='grc' dir='ltr'>εὐαγγελικδς</span> 
     </span>
    </p>
   </div>
   <div class='ocr_carea' id='block_1_69' title="bbox 1124 1218 1907 1260">
    <p class='ocr_par' dir='ltr' id='par_1_69' title="bbox 1124 1218 1907 1260">
     <span class='ocr_line' id='line_1_69' title="bbox 1124 1218 1907 1260; baseline 0.006 -14"><span class='ocrx_word' id='word_1_486' title='bbox 1124 1220 1212 1254; x_wconf 83' lang='grc' dir='ltr'>λόγος,</span> <span class='ocrx_word' id='word_1_487' title='bbox 1239 1221 1281 1256; x_wconf 72' lang='grc' dir='ltr'><strong>ἐφ’</strong></span> <span class='ocrx_word' id='word_1_488' title='bbox 1303 1218 1334 1248; x_wconf 81' lang='grc' dir='ltr'>οὖ</span> <span class='ocrx_word' id='word_1_489' title='bbox 1360 1223 1377 1258; x_wconf 83' lang='grc' dir='ltr'>ἡ</span> <span class='ocrx_word' id='word_1_490' title='bbox 1396 1222 1542 1258; x_wconf 80' lang='grc' dir='ltr'>Ἐκκλησία</span> <span class='ocrx_word' id='word_1_491' title='bbox 1562 1223 1610 1250; x_wconf 83' lang='grc' dir='ltr'><strong>τοῦ</strong></span> <span class='ocrx_word' id='word_1_492' title='bbox 1633 1223 1701 1250; x_wconf 84' lang='grc' dir='ltr'>Θεοῦ</span> <span class='ocrx_word' id='word_1_493' title='bbox 1726 1224 1907 1260; x_wconf 80' lang='grc' dir='ltr'>ᾠκοδόμηται.</span> 
     </span>
    </p>
   </div>
   <div class='ocr_carea' id='block_1_70' title="bbox 1130 1266 1911 1306">
    <p class='ocr_par' dir='ltr' id='par_1_70' title="bbox 1130 1266 1911 1306">
     <span class='ocr_line' id='line_1_70' title="bbox 1130 1266 1911 1306; baseline 0.005 -14"><span class='ocrx_word' id='word_1_494' title='bbox 1130 1266 1206 1292; x_wconf 77' lang='grc' dir='ltr'><strong>Ἐπεὶ</strong></span> <span class='ocrx_word' id='word_1_495' title='bbox 1232 1266 1322 1293; x_wconf 80' lang='grc' dir='ltr'>τοίνυν</span> <span class='ocrx_word' id='word_1_496' title='bbox 1347 1267 1361 1293; x_wconf 85' lang='grc' dir='ltr'><strong>ὀ</strong></span> <span class='ocrx_word' id='word_1_497' title='bbox 1382 1267 1459 1301; x_wconf 76' lang='grc' dir='ltr'>ἅγιος</span> <span class='ocrx_word' id='word_1_498' title='bbox 1485 1268 1533 1294; x_wconf 84' lang='grc' dir='ltr'>τοῦ</span> <span class='ocrx_word' id='word_1_499' title='bbox 1552 1269 1659 1304; x_wconf 83' lang='grc' dir='ltr'>Ἰσραὴλ</span> <span class='ocrx_word' id='word_1_500' title='bbox 1681 1269 1773 1304; x_wconf 66' lang='grc' dir='ltr'>ὑψώθη</span> <span class='ocrx_word' id='word_1_501' title='bbox 1790 1270 1818 1295; x_wconf 84' lang='grc' dir='ltr'>ὲν</span> <span class='ocrx_word' id='word_1_502' title='bbox 1834 1269 1911 1306; x_wconf 81' lang='grc' dir='ltr'>μέσῳ</span> 
     </span>
    </p>
   </div>
   <div class='ocr_carea' id='block_1_71' title="bbox 1122 1311 1910 1351">
    <p class='ocr_par' dir='ltr' id='par_1_71' title="bbox 1122 1311 1910 1351">
     <span class='ocr_line' id='line_1_71' title="bbox 1122 1311 1910 1351; baseline 0.006 -13"><span class='ocrx_word' id='word_1_503' title='bbox 1122 1311 1172 1347; x_wconf 81' lang='grc' dir='ltr'><strong>τῆς</strong></span> <span class='ocrx_word' id='word_1_504' title='bbox 1206 1312 1377 1348; x_wconf 82' lang='grc' dir='ltr'>Ἐκκλησίας,</span> <span class='ocrx_word' id='word_1_505' title='bbox 1407 1314 1520 1346; x_wconf 76' lang='grc' dir='ltr'><strong>εἰκότως</strong></span> <span class='ocrx_word' id='word_1_506' title='bbox 1554 1315 1727 1349; x_wconf 78' lang='grc' dir='ltr'><strong>ἀγαλλιᾶσθε,</strong></span> <span class='ocrx_word' id='word_1_507' title='bbox 1755 1315 1832 1351; x_wconf 77' lang='grc' dir='ltr'>φησὶ,</span> <span class='ocrx_word' id='word_1_508' title='bbox 1861 1316 1910 1343; x_wconf 77' lang='grc' dir='ltr'>καὶ</span> 
     </span>
    </p>
   </div>
   <div class='ocr_carea' id='block_1_72' title="bbox 1124 1357 1909 1396">
    <p class='ocr_par' dir='ltr' id='par_1_72' title="bbox 1124 1357 1909 1396">
     <span class='ocr_line' id='line_1_72' title="bbox 1124 1357 1909 1396; baseline 0.006 -13"><span class='ocrx_word' id='word_1_509' title='bbox 1124 1357 1314 1393; x_wconf 69' lang='grc' dir='ltr'><strong>εὐφραίνεσθε,</strong></span> <span class='ocrx_word' id='word_1_510' title='bbox 1329 1360 1353 1385; x_wconf 83' lang='lat' dir='ltr'><strong>oi</strong></span> <span class='ocrx_word' id='word_1_511' title='bbox 1371 1359 1400 1386; x_wconf 79' lang='grc' dir='ltr'><strong>ὲν</strong></span> <span class='ocrx_word' id='word_1_512' title='bbox 1413 1360 1481 1395; x_wconf 83' lang='grc' dir='ltr'>αὐτῇ</span> <span class='ocrx_word' id='word_1_513' title='bbox 1495 1369 1502 1375; x_wconf 93' lang='grc'><strong>·</strong></span> <span class='ocrx_word' id='word_1_514' title='bbox 1517 1360 1564 1387; x_wconf 74' lang='grc' dir='ltr'><strong>ἅτε</strong></span> <span class='ocrx_word' id='word_1_515' title='bbox 1575 1360 1607 1396; x_wconf 82' lang='grc' dir='ltr'><strong>δὴ</strong></span> <span class='ocrx_word' id='word_1_516' title='bbox 1623 1361 1704 1396; x_wconf 79' lang='grc' dir='ltr'>μέσον</span> <span class='ocrx_word' id='word_1_517' title='bbox 1715 1361 1794 1387; x_wconf 75' lang='grc' dir='ltr'>αὑτὸν</span> <span class='ocrx_word' id='word_1_518' title='bbox 1802 1361 1909 1396; x_wconf 68' lang='grc' dir='ltr'>ἔχοντες</span> 
     </span>
    </p>
   </div>
   <div class='ocr_carea' id='block_1_73' title="bbox 1122 1403 1909 1444">
    <p class='ocr_par' dir='ltr' id='par_1_73' title="bbox 1122 1403 1909 1444">
     <span class='ocr_line' id='line_1_73' title="bbox 1122 1403 1909 1444; baseline 0.006 -14"><span class='ocrx_word' id='word_1_519' title='bbox 1122 1403 1168 1430; x_wconf 84' lang='grc' dir='ltr'>τὸν</span> <span class='ocrx_word' id='word_1_520' title='bbox 1196 1404 1272 1438; x_wconf 77' lang='grc' dir='ltr'>ἆγιον</span> <span class='ocrx_word' id='word_1_521' title='bbox 1298 1404 1345 1432; x_wconf 83' lang='grc' dir='ltr'>τοῦ</span> <span class='ocrx_word' id='word_1_522' title='bbox 1375 1405 1490 1441; x_wconf 85' lang='grc' dir='ltr'>Ἰσραὴλ,</span> <span class='ocrx_word' id='word_1_523' title='bbox 1516 1406 1585 1433; x_wconf 82' lang='grc' dir='ltr'>κατὰ</span> <span class='ocrx_word' id='word_1_524' title='bbox 1613 1406 1662 1442; x_wconf 86' lang='grc' dir='ltr'>τὴν</span> <span class='ocrx_word' id='word_1_525' title='bbox 1689 1407 1852 1442; x_wconf 77' lang='grc' dir='ltr'>ἐπαγγελίαν</span> <span class='ocrx_word' id='word_1_526' title='bbox 1874 1407 1909 1444; x_wconf 74' lang='grc' dir='ltr'>ῆν</span> 
     </span>
    </p>
   </div>
   <div class='ocr_carea' id='block_1_74' title="bbox 1122 1449 1908 1488">
    <p class='ocr_par' dir='ltr' id='par_1_74' title="bbox 1122 1449 1908 1488">
     <span class='ocr_line' id='line_1_74' title="bbox 1122 1449 1908 1488; baseline 0.004 -12"><span class='ocrx_word' id='word_1_527' title='bbox 1122 1449 1205 1481; x_wconf 77' lang='grc' dir='ltr'>αὐτὸς</span> <span class='ocrx_word' id='word_1_528' title='bbox 1221 1450 1366 1486; x_wconf 76' lang='grc' dir='ltr'>πεποίηται</span> <span class='ocrx_word' id='word_1_529' title='bbox 1379 1452 1483 1486; x_wconf 79' lang='grc' dir='ltr'>φήσας-</span> <span class='ocrx_word' id='word_1_530' title='bbox 1503 1461 1513 1478; x_wconf 75' lang='grc' dir='ltr'>ι</span> <span class='ocrx_word' id='word_1_531' title='bbox 1531 1452 1618 1478; x_wconf 83' lang='grc' dir='ltr'>Ὅπου</span> <span class='ocrx_word' id='word_1_532' title='bbox 1639 1452 1693 1478; x_wconf 74' lang='grc' dir='ltr'>εἰσὶ</span> <span class='ocrx_word' id='word_1_533' title='bbox 1708 1451 1755 1478; x_wconf 87' lang='grc' dir='ltr'><strong>δύο</strong></span> <span class='ocrx_word' id='word_1_534' title='bbox 1771 1453 1818 1479; x_wconf 78' lang='grc' dir='ltr'>καὶ</span> <span class='ocrx_word' id='word_1_535' title='bbox 1833 1454 1908 1488; x_wconf 80' lang='grc' dir='ltr'>τρεῖς</span> 
     </span>
    </p>
   </div>
   <div class='ocr_carea' id='block_1_75' title="bbox 1122 1497 1907 1536">
    <p class='ocr_par' dir='ltr' id='par_1_75' title="bbox 1122 1497 1907 1536">
     <span class='ocr_line' id='line_1_75' title="bbox 1122 1497 1907 1536; baseline 0.004 -13"><span class='ocrx_word' id='word_1_536' title='bbox 1122 1497 1288 1532; x_wconf 82' lang='grc' dir='ltr'><strong>συνηγμένοι</strong></span> <span class='ocrx_word' id='word_1_537' title='bbox 1309 1498 1339 1524; x_wconf 84' lang='grc' dir='ltr'>ὲν</span> <span class='ocrx_word' id='word_1_538' title='bbox 1363 1498 1402 1534; x_wconf 83' lang='grc' dir='ltr'>τῷ</span> <span class='ocrx_word' id='word_1_539' title='bbox 1415 1497 1526 1534; x_wconf 78' lang='grc' dir='ltr'>ὀνόματί</span> <span class='ocrx_word' id='word_1_540' title='bbox 1547 1507 1609 1534; x_wconf 84' lang='grc' dir='ltr'>μου,</span> <span class='ocrx_word' id='word_1_541' title='bbox 1630 1500 1688 1526; x_wconf 76' lang='grc' dir='ltr'>ἐκεῖ</span> <span class='ocrx_word' id='word_1_542' title='bbox 1709 1500 1767 1536; x_wconf 87' lang='grc' dir='ltr'>εἰμι</span> <span class='ocrx_word' id='word_1_543' title='bbox 1784 1500 1814 1526; x_wconf 70' lang='lat' dir='ltr'><strong>tv</strong></span> <span class='ocrx_word' id='word_1_544' title='bbox 1833 1500 1907 1536; x_wconf 76' lang='grc' dir='ltr'>μέσῳ</span> 
     </span>
    </p>
   </div>
   <div class='ocr_carea' id='block_1_76' title="bbox 1119 1550 1244 1569">
    <p class='ocr_par' dir='ltr' id='par_1_76' title="bbox 1119 1550 1244 1569">
     <span class='ocr_line' id='line_1_76' title="bbox 1119 1550 1244 1569; baseline 0 0"><span class='ocrx_word' id='word_1_545' title='bbox 1119 1550 1219 1569; x_wconf 85' lang='grc' dir='ltr'>αυτων.</span> <span class='ocrx_word' id='word_1_546' title='bbox 1235 1551 1244 1568; x_wconf 77' lang='grc' dir='ltr'><strong>Ι</strong></span> 
     </span>
    </p>
   </div>
   <div class='ocr_carea' id='block_1_77' title="bbox 1378 1589 1642 1617">
    <p class='ocr_par' dir='ltr' id='par_1_77' title="bbox 1378 1589 1642 1617">
     <span class='ocr_line' id='line_1_77' title="bbox 1378 1589 1642 1617; baseline 0 -1"><span class='ocrx_word' id='word_1_547' title='bbox 1378 1589 1574 1616; x_wconf 77' lang='grc' dir='ltr'><strong>ΚΕΦΑΛΑΙΟΝ</strong></span> <span class='ocrx_word' id='word_1_548' title='bbox 1593 1589 1642 1617; x_wconf 82' lang='lat' dir='ltr'><strong>II&quot;.</strong></span> 
     </span>
    </p>
   </div>
   <div class='ocr_carea' id='block_1_78' title="bbox 1160 1632 1906 1672">
    <p class='ocr_par' dir='ltr' id='par_1_78' title="bbox 1160 1632 1906 1672">
     <span class='ocr_line' id='line_1_78' title="bbox 1160 1632 1906 1672; baseline 0.004 -11"><span class='ocrx_word' id='word_1_549' title='bbox 1160 1644 1170 1660; x_wconf 77' lang='grc' dir='ltr'><strong>σ</strong></span> <span class='ocrx_word' id='word_1_550' title='bbox 1193 1635 1308 1671; x_wconf 88' lang='grc' dir='ltr'>Ὅρασις</span> <span class='ocrx_word' id='word_1_551' title='bbox 1329 1636 1362 1670; x_wconf 74' lang='grc' dir='ltr'>ἣν</span> <span class='ocrx_word' id='word_1_552' title='bbox 1377 1632 1447 1662; x_wconf 74' lang='grc' dir='ltr'>εἶδεν</span> <span class='ocrx_word' id='word_1_553' title='bbox 1464 1635 1576 1667; x_wconf 78' lang='grc' dir='ltr'>Ἡσαΐας</span> <span class='ocrx_word' id='word_1_554' title='bbox 1589 1635 1646 1667; x_wconf 79' lang='grc' dir='ltr'>υίὸς</span> <span class='ocrx_word' id='word_1_555' title='bbox 1663 1636 1754 1672; x_wconf 80' lang='grc' dir='ltr'>’Δμὼς</span> <span class='ocrx_word' id='word_1_556' title='bbox 1766 1637 1837 1664; x_wconf 83' lang='grc' dir='ltr'>κατὰ</span> <span class='ocrx_word' id='word_1_557' title='bbox 1853 1637 1906 1664; x_wconf 79' lang='lat' dir='ltr'><strong>Ba-</strong></span> 
     </span>
    </p>
   </div>
   <div class='ocr_carea' id='block_1_79' title="bbox 1120 1681 1908 1718">
    <p class='ocr_par' dir='ltr' id='par_1_79' title="bbox 1120 1681 1908 1718">
     <span class='ocr_line' id='line_1_79' title="bbox 1120 1681 1908 1718; baseline 0.004 -11"><span class='ocrx_word' id='word_1_558' title='bbox 1120 1681 1250 1713; x_wconf 83' lang='grc' dir='ltr'>δυλῶνος.</span> <span class='ocrx_word' id='word_1_559' title='bbox 1268 1682 1326 1707; x_wconf 81' lang='grc' dir='ltr'><strong>Ἐπ’</strong></span> <span class='ocrx_word' id='word_1_560' title='bbox 1343 1682 1422 1716; x_wconf 69' lang='grc' dir='ltr'>ὅρους</span> <span class='ocrx_word' id='word_1_561' title='bbox 1447 1681 1554 1708; x_wconf 84' lang='grc' dir='ltr'><strong>πεδινοῦ</strong></span> <span class='ocrx_word' id='word_1_562' title='bbox 1574 1682 1658 1716; x_wconf 83' lang='grc' dir='ltr'>ἄρατε</span> <span class='ocrx_word' id='word_1_563' title='bbox 1684 1683 1807 1718; x_wconf 86' lang='grc' dir='ltr'>σημεῖον,</span> <span class='ocrx_word' id='word_1_564' title='bbox 1834 1683 1908 1718; x_wconf 73' lang='grc' dir='ltr'><strong>ὑψώ-</strong></span> 
     </span>
    </p>
   </div>
   <div class='ocr_carea' id='block_1_80' title="bbox 1121 1727 1906 1765">
    <p class='ocr_par' dir='ltr' id='par_1_80' title="bbox 1121 1727 1906 1765">
     <span class='ocr_line' id='line_1_80' title="bbox 1121 1727 1906 1765; baseline 0.004 -11"><span class='ocrx_word' id='word_1_565' title='bbox 1121 1735 1184 1754; x_wconf 87' lang='grc' dir='ltr'>σατε</span> <span class='ocrx_word' id='word_1_566' title='bbox 1197 1727 1246 1762; x_wconf 80' lang='grc' dir='ltr'><strong>τὴν</strong></span> <span class='ocrx_word' id='word_1_567' title='bbox 1264 1727 1354 1763; x_wconf 81' lang='grc' dir='ltr'>φωνὴν</span> <span class='ocrx_word' id='word_1_568' title='bbox 1373 1728 1479 1758; x_wconf 81' lang='grc' dir='ltr'>αὐτοῖς·</span> <span class='ocrx_word' id='word_1_569' title='bbox 1497 1728 1534 1763; x_wconf 81' lang='grc' dir='ltr'><strong>μὴ</strong></span> <span class='ocrx_word' id='word_1_570' title='bbox 1559 1728 1693 1762; x_wconf 76' lang='grc' dir='ltr'>φοὸεῖσθε,</span> <span class='ocrx_word' id='word_1_571' title='bbox 1718 1729 1906 1765; x_wconf 74' lang='grc' dir='ltr'>παρακαλεῖτε</span> 
     </span>
    </p>
   </div>
   <div class='ocr_carea' id='block_1_81' title="bbox 1118 1772 1907 1811">
    <p class='ocr_par' dir='ltr' id='par_1_81' title="bbox 1118 1772 1907 1811">
     <span class='ocr_line' id='line_1_81' title="bbox 1118 1772 1907 1811; baseline 0.008 -14"><span class='ocrx_word' id='word_1_572' title='bbox 1118 1773 1152 1808; x_wconf 81' lang='grc' dir='ltr'>τῇ</span> <span class='ocrx_word' id='word_1_573' title='bbox 1186 1773 1268 1808; x_wconf 80' lang='grc' dir='ltr'>χειρὶ,</span> <span class='ocrx_word' id='word_1_574' title='bbox 1295 1772 1429 1804; x_wconf 77' lang='grc' dir='ltr'>ἀνοίξατε,</span> <span class='ocrx_word' id='word_1_575' title='bbox 1447 1773 1472 1798; x_wconf 86' lang='grc' dir='ltr'><strong>οί</strong></span> <span class='ocrx_word' id='word_1_576' title='bbox 1497 1774 1636 1808; x_wconf 76' lang='grc' dir='ltr'>ἄρχοντες.</span> <span class='ocrx_word' id='word_1_577' title='bbox 1660 1783 1669 1800; x_wconf 71' lang='grc' dir='ltr'>ι</span> <span class='ocrx_word' id='word_1_578' title='bbox 1695 1775 1749 1802; x_wconf 77' lang='grc' dir='ltr'><strong>Καὶ</strong></span> <span class='ocrx_word' id='word_1_579' title='bbox 1780 1775 1847 1811; x_wconf 78' lang='grc' dir='ltr'>μετὰ</span> <span class='ocrx_word' id='word_1_580' title='bbox 1871 1775 1907 1803; x_wconf 69' lang='grc' dir='ltr'>τὰ</span> 
     </span>
    </p>
   </div>
   <div class='ocr_carea' id='block_1_82' title="bbox 1119 1817 1902 1856">
    <p class='ocr_par' dir='ltr' id='par_1_82' title="bbox 1119 1817 1902 1856">
     <span class='ocr_line' id='line_1_82' title="bbox 1119 1817 1902 1856; baseline 0.005 -12"><span class='ocrx_word' id='word_1_581' title='bbox 1119 1817 1297 1845; x_wconf 81' lang='grc' dir='ltr'>θεσπισθέντα</span> <span class='ocrx_word' id='word_1_582' title='bbox 1311 1818 1344 1844; x_wconf 85' lang='grc' dir='ltr'>τὰ</span> <span class='ocrx_word' id='word_1_583' title='bbox 1358 1818 1404 1844; x_wconf 77' lang='grc' dir='ltr'><strong>ἐπὶ</strong></span> <span class='ocrx_word' id='word_1_584' title='bbox 1419 1818 1469 1853; x_wconf 83' lang='grc' dir='ltr'>τῆς</span> <span class='ocrx_word' id='word_1_585' title='bbox 1482 1819 1631 1854; x_wconf 78' lang='grc' dir='ltr'>παρουσίας</span> <span class='ocrx_word' id='word_1_586' title='bbox 1644 1819 1690 1846; x_wconf 81' lang='grc' dir='ltr'><strong>τοῦ</strong></span> <span class='ocrx_word' id='word_1_587' title='bbox 1713 1821 1830 1856; x_wconf 80' lang='grc' dir='ltr'><strong>Χριστοῦ</strong></span> <span class='ocrx_word' id='word_1_588' title='bbox 1858 1830 1902 1856; x_wconf 85' lang='grc' dir='ltr'>γε-</span> 
     </span>
    </p>
   </div>
   <div class='ocr_carea' id='block_1_83' title="bbox 1119 1864 1906 1901">
    <p class='ocr_par' dir='ltr' id='par_1_83' title="bbox 1119 1864 1906 1901">
     <span class='ocr_line' id='line_1_83' title="bbox 1119 1864 1906 1901; baseline 0.005 -11"><span class='ocrx_word' id='word_1_589' title='bbox 1119 1864 1254 1899; x_wconf 80' lang='grc' dir='ltr'>νησόμενα</span> <span class='ocrx_word' id='word_1_590' title='bbox 1266 1865 1361 1899; x_wconf 79' lang='grc' dir='ltr'>ἑτέρας</span> <span class='ocrx_word' id='word_1_591' title='bbox 1380 1864 1492 1900; x_wconf 81' lang='grc' dir='ltr'>ἄρχεται</span> <span class='ocrx_word' id='word_1_592' title='bbox 1509 1865 1662 1898; x_wconf 78' lang='grc' dir='ltr'>ὑποθέσεως</span> <span class='ocrx_word' id='word_1_593' title='bbox 1673 1866 1724 1901; x_wconf 85' lang='grc' dir='ltr'>τῆς</span> <span class='ocrx_word' id='word_1_594' title='bbox 1737 1867 1806 1894; x_wconf 82' lang='grc' dir='ltr'>κατὰ</span> <span class='ocrx_word' id='word_1_595' title='bbox 1820 1867 1906 1894; x_wconf 73' lang='grc' dir='ltr'>Βαϐυ-</span> 
     </span>
    </p>
   </div>
   <div class='ocr_carea' id='block_1_84' title="bbox 1118 1907 1904 1947">
    <p class='ocr_par' dir='ltr' id='par_1_84' title="bbox 1118 1907 1904 1947">
     <span class='ocr_line' id='line_1_84' title="bbox 1118 1907 1904 1947; baseline 0.006 -13"><span class='ocrx_word' id='word_1_596' title='bbox 1118 1909 1216 1940; x_wconf 86' lang='grc' dir='ltr'>λῶνος·</span> <span class='ocrx_word' id='word_1_597' title='bbox 1233 1907 1282 1935; x_wconf 79' lang='grc' dir='ltr'>εἷθ’</span> <span class='ocrx_word' id='word_1_598' title='bbox 1297 1909 1360 1945; x_wconf 79' lang='grc' dir='ltr'><strong>ἑξῆς</strong></span> <span class='ocrx_word' id='word_1_599' title='bbox 1371 1910 1499 1946; x_wconf 83' lang='grc' dir='ltr'>δευτέραν</span> <span class='ocrx_word' id='word_1_600' title='bbox 1523 1910 1614 1947; x_wconf 87' lang='grc' dir='ltr'>τίθησι</span> <span class='ocrx_word' id='word_1_601' title='bbox 1635 1912 1685 1947; x_wconf 85' lang='grc' dir='ltr'>τὴν</span> <span class='ocrx_word' id='word_1_602' title='bbox 1700 1912 1763 1947; x_wconf 76' lang='grc' dir='ltr'>περὶ</span> <span class='ocrx_word' id='word_1_603' title='bbox 1781 1912 1834 1939; x_wconf 86' lang='grc' dir='ltr'><strong>τῶν</strong></span> <span class='ocrx_word' id='word_1_604' title='bbox 1851 1914 1904 1940; x_wconf 78' lang='grc' dir='ltr'><strong>Φυ-</strong></span> 
     </span>
    </p>
   </div>
   <div class='ocr_carea' id='block_1_85' title="bbox 1117 1955 1907 1993">
    <p class='ocr_par' dir='ltr' id='par_1_85' title="bbox 1117 1955 1907 1993">
     <span class='ocr_line' id='line_1_85' title="bbox 1117 1955 1907 1993; baseline 0.005 -11"><span class='ocrx_word' id='word_1_605' title='bbox 1117 1955 1255 1982; x_wconf 80' lang='grc' dir='ltr'>λισιιαίων</span> <span class='ocrx_word' id='word_1_606' title='bbox 1271 1963 1279 1970; x_wconf 84' lang='grc'><strong>·</strong></span> <span class='ocrx_word' id='word_1_607' title='bbox 1297 1955 1356 1990; x_wconf 78' lang='grc' dir='ltr'>μεθ’</span> <span class='ocrx_word' id='word_1_608' title='bbox 1372 1956 1405 1991; x_wconf 79' lang='grc' dir='ltr'><strong>ἣν</strong></span> <span class='ocrx_word' id='word_1_609' title='bbox 1424 1956 1514 1991; x_wconf 85' lang='grc' dir='ltr'>τρίτον</span> <span class='ocrx_word' id='word_1_610' title='bbox 1533 1957 1593 1985; x_wconf 78' lang='grc' dir='ltr'>ἐστὶ</span> <span class='ocrx_word' id='word_1_611' title='bbox 1604 1958 1634 1984; x_wconf 78' lang='grc' dir='ltr'><strong>τὸ</strong></span> <span class='ocrx_word' id='word_1_612' title='bbox 1649 1957 1721 1984; x_wconf 83' lang='grc' dir='ltr'>κατὰ</span> <span class='ocrx_word' id='word_1_613' title='bbox 1733 1958 1783 1993; x_wconf 86' lang='grc' dir='ltr'>τῆς</span> <span class='ocrx_word' id='word_1_614' title='bbox 1798 1959 1907 1986; x_wconf 78' lang='grc' dir='ltr'>Μωαϐί-</span> 
     </span>
    </p>
   </div>
   <div class='ocr_carea' id='block_1_86' title="bbox 1117 1999 1905 2039">
    <p class='ocr_par' dir='ltr' id='par_1_86' title="bbox 1117 1999 1905 2039">
     <span class='ocr_line' id='line_1_86' title="bbox 1117 1999 1905 2039; baseline 0.008 -13"><span class='ocrx_word' id='word_1_615' title='bbox 1117 2000 1188 2032; x_wconf 86' lang='grc' dir='ltr'>τιδος</span> <span class='ocrx_word' id='word_1_616' title='bbox 1201 2009 1207 2016; x_wconf 77' lang='grc'><em>’</em></span> <span class='ocrx_word' id='word_1_617' title='bbox 1221 1999 1279 2028; x_wconf 85' lang='grc' dir='ltr'>εἶτα</span> <span class='ocrx_word' id='word_1_618' title='bbox 1295 2002 1342 2028; x_wconf 75' lang='grc' dir='ltr'>καὶ</span> <span class='ocrx_word' id='word_1_619' title='bbox 1361 2002 1392 2028; x_wconf 80' lang='grc' dir='ltr'>τὸ</span> <span class='ocrx_word' id='word_1_620' title='bbox 1407 2002 1478 2029; x_wconf 75' lang='grc' dir='ltr'>κατὰ</span> <span class='ocrx_word' id='word_1_621' title='bbox 1492 2003 1648 2038; x_wconf 76' lang='grc' dir='ltr'>Δαμασκοῦ,</span> <span class='ocrx_word' id='word_1_622' title='bbox 1669 2004 1715 2030; x_wconf 83' lang='grc' dir='ltr'>καὶ</span> <span class='ocrx_word' id='word_1_623' title='bbox 1729 2005 1799 2039; x_wconf 75' lang='grc' dir='ltr'>μετὰ</span> <span class='ocrx_word' id='word_1_624' title='bbox 1817 2004 1905 2032; x_wconf 79' lang='grc' dir='ltr'>ταῦτα</span> 
     </span>
    </p>
   </div>
   <div class='ocr_carea' id='block_1_87' title="bbox 1118 2045 1905 2087">
    <p class='ocr_par' dir='ltr' id='par_1_87' title="bbox 1118 2045 1905 2087">
     <span class='ocr_line' id='line_1_87' title="bbox 1118 2045 1905 2087; baseline 0.006 -15"><span class='ocrx_word' id='word_1_625' title='bbox 1118 2046 1214 2079; x_wconf 83' lang='grc' dir='ltr'>ὅρασις</span> <span class='ocrx_word' id='word_1_626' title='bbox 1239 2046 1393 2087; x_wconf 54' lang='grc' dir='ltr'>Αἰγύπτου·</span> <span class='ocrx_word' id='word_1_627' title='bbox 1412 2045 1461 2074; x_wconf 85' lang='grc' dir='ltr'>εἷθ’</span> <span class='ocrx_word' id='word_1_628' title='bbox 1488 2048 1566 2074; x_wconf 75' lang='grc' dir='ltr'>ἕκτον</span> <span class='ocrx_word' id='word_1_629' title='bbox 1590 2048 1622 2074; x_wconf 80' lang='grc' dir='ltr'>τὸ</span> <span class='ocrx_word' id='word_1_630' title='bbox 1637 2049 1729 2084; x_wconf 83' lang='grc' dir='ltr'>ὅραμα</span> <span class='ocrx_word' id='word_1_631' title='bbox 1752 2049 1801 2085; x_wconf 82' lang='grc' dir='ltr'>τῆς</span> <span class='ocrx_word' id='word_1_632' title='bbox 1827 2050 1905 2077; x_wconf 88' lang='grc' dir='ltr'>Ἰδου-</span> 
     </span>
    </p>
   </div>
   <div class='ocr_carea' id='block_1_88' title="bbox 1120 2091 1905 2130">
    <p class='ocr_par' dir='ltr' id='par_1_88' title="bbox 1120 2091 1905 2130">
     <span class='ocr_line' id='line_1_88' title="bbox 1120 2091 1905 2130; baseline 0.005 -12"><span class='ocrx_word' id='word_1_633' title='bbox 1120 2092 1219 2127; x_wconf 88' lang='grc' dir='ltr'>μαίας·</span> <span class='ocrx_word' id='word_1_634' title='bbox 1249 2093 1344 2119; x_wconf 73' lang='grc' dir='ltr'>ἔπειτα</span> <span class='ocrx_word' id='word_1_635' title='bbox 1368 2092 1463 2128; x_wconf 83' lang='grc' dir='ltr'>λῆμμα</span> <span class='ocrx_word' id='word_1_636' title='bbox 1489 2095 1521 2129; x_wconf 81' lang='grc' dir='ltr'>τῇ</span> <span class='ocrx_word' id='word_1_637' title='bbox 1549 2094 1680 2130; x_wconf 76' lang='grc' dir='ltr'>Ἀραϐίᾳ·</span> <span class='ocrx_word' id='word_1_638' title='bbox 1707 2091 1729 2129; x_wconf 85' lang='grc' dir='ltr'>ᾧ</span> <span class='ocrx_word' id='word_1_639' title='bbox 1755 2095 1849 2123; x_wconf 70' lang='grc' dir='ltr'>ἕπεται</span> <span class='ocrx_word' id='word_1_640' title='bbox 1873 2095 1905 2122; x_wconf 75' lang='grc' dir='ltr'>τὸ</span> 
     </span>
    </p>
   </div>
   <div class='ocr_carea' id='block_1_89' title="bbox 1118 2138 1905 2181">
    <p class='ocr_par' dir='ltr' id='par_1_89' title="bbox 1118 2138 1905 2181">
     <span class='ocr_line' id='line_1_89' title="bbox 1118 2138 1905 2181; baseline 0.006 -17"><span class='ocrx_word' id='word_1_641' title='bbox 1118 2138 1212 2173; x_wconf 78' lang='grc' dir='ltr'>ὅραμα</span> <span class='ocrx_word' id='word_1_642' title='bbox 1224 2138 1273 2173; x_wconf 78' lang='grc' dir='ltr'>τῆς</span> <span class='ocrx_word' id='word_1_643' title='bbox 1290 2138 1431 2181; x_wconf 59' lang='grc' dir='ltr'>φάραχγος</span> <span class='ocrx_word' id='word_1_644' title='bbox 1444 2139 1512 2166; x_wconf 90' lang='grc' dir='ltr'><strong>Σιών</strong></span> <span class='ocrx_word' id='word_1_645' title='bbox 1523 2148 1530 2155; x_wconf 68' lang='grc' dir='ltr'><strong><em>υ</em></strong></span> <span class='ocrx_word' id='word_1_646' title='bbox 1548 2141 1594 2167; x_wconf 78' lang='grc' dir='ltr'>καὶ</span> <span class='ocrx_word' id='word_1_647' title='bbox 1609 2141 1655 2168; x_wconf 78' lang='grc' dir='ltr'><strong>ἐπὶ</strong></span> <span class='ocrx_word' id='word_1_648' title='bbox 1669 2142 1736 2168; x_wconf 79' lang='grc' dir='ltr'>πᾶσι</span> <span class='ocrx_word' id='word_1_649' title='bbox 1760 2142 1790 2169; x_wconf 81' lang='grc' dir='ltr'>τὺ</span> <span class='ocrx_word' id='word_1_650' title='bbox 1813 2142 1905 2177; x_wconf 78' lang='grc' dir='ltr'>ὅραμα</span> 
     </span>
    </p>
   </div>
   <div class='ocr_carea' id='block_1_90' title="bbox 1119 2182 1904 2223">
    <p class='ocr_par' dir='ltr' id='par_1_90' title="bbox 1119 2182 1904 2223">
     <span class='ocr_line' id='line_1_90' title="bbox 1119 2182 1904 2223; baseline 0.004 -12"><span class='ocrx_word' id='word_1_651' title='bbox 1119 2184 1215 2220; x_wconf 83' lang='grc' dir='ltr'>Τύρου.</span> <span class='ocrx_word' id='word_1_652' title='bbox 1235 2185 1304 2212; x_wconf 85' lang='grc' dir='ltr'>Δέκα</span> <span class='ocrx_word' id='word_1_653' title='bbox 1322 2185 1351 2211; x_wconf 81' lang='grc' dir='ltr'><strong>δὲ</strong></span> <span class='ocrx_word' id='word_1_654' title='bbox 1372 2182 1452 2212; x_wconf 72' lang='grc' dir='ltr'>αὗται</span> <span class='ocrx_word' id='word_1_655' title='bbox 1479 2186 1525 2212; x_wconf 71' lang='grc' dir='ltr'>καὶ</span> <span class='ocrx_word' id='word_1_656' title='bbox 1552 2187 1723 2222; x_wconf 81' lang='grc' dir='ltr'>συνημμέναι</span> <span class='ocrx_word' id='word_1_657' title='bbox 1741 2188 1904 2223; x_wconf 83' lang='grc' dir='ltr'>τυγχάνουσι</span> 
     </span>
    </p>
   </div>
   <div class='ocr_carea' id='block_1_91' title="bbox 1120 2230 1905 2268">
    <p class='ocr_par' dir='ltr' id='par_1_91' title="bbox 1120 2230 1905 2268">
     <span class='ocr_line' id='line_1_91' title="bbox 1120 2230 1905 2268; baseline 0.004 -12"><span class='ocrx_word' id='word_1_658' title='bbox 1120 2231 1283 2265; x_wconf 75' lang='grc' dir='ltr'>προφητεῖαι</span> <span class='ocrx_word' id='word_1_659' title='bbox 1294 2231 1358 2266; x_wconf 76' lang='grc' dir='ltr'>περὶ</span> <span class='ocrx_word' id='word_1_660' title='bbox 1373 2231 1428 2258; x_wconf 84' lang='grc' dir='ltr'>τῶν</span> <span class='ocrx_word' id='word_1_661' title='bbox 1448 2230 1603 2266; x_wconf 85' lang='grc' dir='ltr'>ἀλλοφύλων</span> <span class='ocrx_word' id='word_1_662' title='bbox 1620 2231 1715 2265; x_wconf 80' lang='grc' dir='ltr'>ὲθνῶν,</span> <span class='ocrx_word' id='word_1_663' title='bbox 1726 2230 1769 2264; x_wconf 76' lang='grc' dir='ltr'>αἷς</span> <span class='ocrx_word' id='word_1_664' title='bbox 1783 2234 1830 2259; x_wconf 77' lang='grc' dir='ltr'><strong>καὶ</strong></span> <span class='ocrx_word' id='word_1_665' title='bbox 1854 2233 1905 2268; x_wconf 79' lang='grc' dir='ltr'>τὴν</span> 
     </span>
    </p>
   </div>
   <div class='ocr_carea' id='block_1_92' title="bbox 280 2276 1071 2313">
    <p class='ocr_par' dir='ltr' id='par_1_92' title="bbox 280 2276 1067 2313">
     <span class='ocr_line' id='line_1_92' title="bbox 280 2276 1067 2313; baseline 0.003 -10"><span class='ocrx_word' id='word_1_666' title='bbox 280 2284 407 2304; x_wconf 83' lang='lat' dir='ltr'><strong>evocans.</strong></span> <span class='ocrx_word' id='word_1_667' title='bbox 426 2276 482 2304; x_wconf 86' lang='lat' dir='ltr'><strong>Cur</strong></span> <span class='ocrx_word' id='word_1_668' title='bbox 505 2283 593 2304; x_wconf 90' lang='lat' dir='ltr'><strong>autem</strong></span> <span class='ocrx_word' id='word_1_669' title='bbox 608 2277 703 2304; x_wconf 90' lang='lat' dir='ltr'><strong>horunt</strong></span> <span class='ocrx_word' id='word_1_670' title='bbox 721 2283 825 2305; x_wconf 87' lang='lat' dir='ltr'><strong>tantum</strong></span> <span class='ocrx_word' id='word_1_671' title='bbox 836 2279 913 2313; x_wconf 73' lang='lat' dir='ltr'><strong>quasi</strong></span> <span class='ocrx_word' id='word_1_672' title='bbox 937 2285 970 2305; x_wconf 83' lang='lat' dir='ltr'><strong>ex</strong></span> <span class='ocrx_word' id='word_1_673' title='bbox 994 2283 1067 2305; x_wconf 85' lang='lat' dir='ltr'><strong>sorte</strong></span> 
     </span>
    </p>
   </div>
   <div class='ocr_carea' id='block_1_93' title="bbox 1123 2276 1905 2313">
    <p class='ocr_par' dir='ltr' id='par_1_93' title="bbox 1123 2276 1905 2313">
     <span class='ocr_line' id='line_1_93' title="bbox 1123 2276 1905 2313; baseline 0.005 -11"><span class='ocrx_word' id='word_1_674' title='bbox 1123 2276 1251 2311; x_wconf 75' lang='grc' dir='ltr'>φάραγγα</span> <span class='ocrx_word' id='word_1_675' title='bbox 1281 2276 1350 2303; x_wconf 86' lang='grc' dir='ltr'><strong>Σιὼν</strong></span> <span class='ocrx_word' id='word_1_676' title='bbox 1365 2277 1589 2313; x_wconf 76' lang='grc' dir='ltr'>συμπεριείληφε,</span> <span class='ocrx_word' id='word_1_677' title='bbox 1601 2279 1658 2310; x_wconf 82' lang='grc' dir='ltr'>τοῖς</span> <span class='ocrx_word' id='word_1_678' title='bbox 1679 2278 1837 2313; x_wconf 69' lang='grc' dir='ltr'>ἀλλοφύλοις</span> <span class='ocrx_word' id='word_1_679' title='bbox 1857 2279 1905 2306; x_wconf 73' lang='grc' dir='ltr'>καὶ</span> 
     </span>
    </p>
   </div>
   <div class='ocr_carea' id='block_1_94' title="bbox 280 2323 1069 2360">
    <p class='ocr_par' dir='ltr' id='par_1_94' title="bbox 280 2323 1069 2360">
     <span class='ocr_line' id='line_1_94' title="bbox 280 2323 1069 2360; baseline 0.003 -11"><span class='ocrx_word' id='word_1_680' title='bbox 280 2323 399 2356; x_wconf 86' lang='lat' dir='ltr'><strong>quadam</strong></span> <span class='ocrx_word' id='word_1_681' title='bbox 416 2323 558 2356; x_wconf 82' lang='lat' dir='ltr'><strong>meminit,</strong></span> <span class='ocrx_word' id='word_1_682' title='bbox 573 2324 686 2351; x_wconf 79' lang='lat' dir='ltr'><strong>aliarum</strong></span> <span class='ocrx_word' id='word_1_683' title='bbox 709 2331 773 2351; x_wconf 86' lang='lat' dir='ltr'><strong>vero</strong></span> <span class='ocrx_word' id='word_1_684' title='bbox 798 2325 918 2360; x_wconf 83' lang='lat' dir='ltr'><strong>gentium</strong></span> <span class='ocrx_word' id='word_1_685' title='bbox 941 2325 1069 2352; x_wconf 84' lang='lat' dir='ltr'><strong>minimc?</strong></span> 
     </span>
    </p>
   </div>
   <div class='ocr_carea' id='block_1_95' title="bbox 280 2367 1069 2404">
    <p class='ocr_par' dir='ltr' id='par_1_95' title="bbox 280 2367 1069 2404">
     <span class='ocr_line' id='line_1_95' title="bbox 280 2367 1069 2404; baseline 0.001 -9"><span class='ocrx_word' id='word_1_686' title='bbox 280 2367 490 2402; x_wconf 71' lang='lat' dir='ltr'><strong>RespOndemus</strong></span> <span class='ocrx_word' id='word_1_687' title='bbox 514 2368 601 2396; x_wconf 86' lang='lat' dir='ltr'><strong>nullas</strong></span> <span class='ocrx_word' id='word_1_688' title='bbox 627 2369 694 2396; x_wconf 85' lang='lat' dir='ltr'><strong>alias</strong></span> <span class='ocrx_word' id='word_1_689' title='bbox 718 2373 782 2396; x_wconf 86' lang='lat' dir='ltr'><strong>tunc</strong></span> <span class='ocrx_word' id='word_1_690' title='bbox 810 2369 938 2404; x_wconf 84' lang='lat' dir='ltr'><strong>temporis</strong></span> <span class='ocrx_word' id='word_1_691' title='bbox 962 2368 1069 2396; x_wconf 69' lang='lat' dir='ltr'><strong>Iudaeo-</strong></span> 
     </span>
    </p>
   </div>
   <div class='ocr_carea' id='block_1_96' title="bbox 282 2412 1067 2448">
    <p class='ocr_par' dir='ltr' id='par_1_96' title="bbox 282 2412 1067 2448">
     <span class='ocr_line' id='line_1_96' title="bbox 282 2412 1067 2448; baseline 0.001 -9"><span class='ocrx_word' id='word_1_692' title='bbox 282 2419 342 2439; x_wconf 88' lang='lat' dir='ltr'><strong>rmu</strong></span> <span class='ocrx_word' id='word_1_693' title='bbox 370 2412 467 2447; x_wconf 81' lang='lat' dir='ltr'><strong>popqu</strong></span> <span class='ocrx_word' id='word_1_694' title='bbox 494 2412 606 2440; x_wconf 75' lang='lat' dir='ltr'><strong>infestas</strong></span> <span class='ocrx_word' id='word_1_695' title='bbox 630 2412 725 2445; x_wconf 76' lang='lat' dir='ltr'><strong>fuisse.</strong></span> <span class='ocrx_word' id='word_1_696' title='bbox 743 2414 794 2440; x_wconf 85' lang='lat' dir='ltr'><strong>nisi</strong></span> <span class='ocrx_word' id='word_1_697' title='bbox 811 2421 891 2448; x_wconf 81' lang='lat' dir='ltr'><strong>supra</strong></span> <span class='ocrx_word' id='word_1_698' title='bbox 908 2415 1067 2447; x_wconf 82' lang='lat' dir='ltr'><strong>recettsitas,</strong></span> 
     </span>
    </p>
   </div>
   <div class='ocr_carea' id='block_1_97' title="bbox 281 2458 1069 2495">
    <p class='ocr_par' dir='ltr' id='par_1_97' title="bbox 281 2458 1069 2495">
     <span class='ocr_line' id='line_1_97' title="bbox 281 2458 1069 2495; baseline 0.005 -11"><span class='ocrx_word' id='word_1_699' title='bbox 281 2466 342 2493; x_wconf 62' lang='lat' dir='ltr'><strong>qua:</strong></span> <span class='ocrx_word' id='word_1_700' title='bbox 368 2458 526 2493; x_wconf 77' lang='lat' dir='ltr'><strong>frequenter</strong></span> <span class='ocrx_word' id='word_1_701' title='bbox 550 2463 644 2486; x_wconf 87' lang='lat' dir='ltr'><strong>contra</strong></span> <span class='ocrx_word' id='word_1_702' title='bbox 670 2459 732 2487; x_wconf 79' lang='lat' dir='ltr'><strong>illos</strong></span> <span class='ocrx_word' id='word_1_703' title='bbox 760 2460 961 2495; x_wconf 77' lang='lat' dir='ltr'><strong>insurgebattt:</strong></span> <span class='ocrx_word' id='word_1_704' title='bbox 987 2461 1069 2488; x_wconf 88' lang='lat' dir='ltr'><strong>tttodo</strong></span> 
     </span>
    </p>
   </div>
   <div class='ocr_carea' id='block_1_98' title="bbox 280 2503 1069 2539">
    <p class='ocr_par' dir='ltr' id='par_1_98' title="bbox 280 2503 1069 2539">
     <span class='ocr_line' id='line_1_98' title="bbox 280 2503 1069 2539; baseline 0.005 -9"><span class='ocrx_word' id='word_1_705' title='bbox 280 2504 391 2538; x_wconf 76' lang='lat' dir='ltr'><strong>quidem</strong></span> <span class='ocrx_word' id='word_1_706' title='bbox 412 2503 610 2539; x_wconf 77' lang='lat' dir='ltr'><strong>Jerosolyntatn</strong></span> <span class='ocrx_word' id='word_1_707' title='bbox 634 2505 794 2539; x_wconf 82' lang='lat' dir='ltr'><strong>expilantes,</strong></span> <span class='ocrx_word' id='word_1_708' title='bbox 815 2507 894 2533; x_wconf 85' lang='lat' dir='ltr'><strong>modo</strong></span> <span class='ocrx_word' id='word_1_709' title='bbox 914 2514 1008 2533; x_wconf 87' lang='lat' dir='ltr'><strong>eorttnt</strong></span> <span class='ocrx_word' id='word_1_710' title='bbox 1026 2514 1069 2534; x_wconf 88' lang='lat' dir='ltr'><strong>re-</strong></span> 
     </span>
    </p>
   </div>
   <div class='ocr_carea' id='block_1_99' title="bbox 280 2550 1068 2585">
    <p class='ocr_par' dir='ltr' id='par_1_99' title="bbox 280 2550 1068 2585">
     <span class='ocr_line' id='line_1_99' title="bbox 280 2550 1068 2585; baseline 0.004 -9"><span class='ocrx_word' id='word_1_711' title='bbox 280 2550 387 2584; x_wconf 81' lang='lat' dir='ltr'><strong>gionem</strong></span> <span class='ocrx_word' id='word_1_712' title='bbox 402 2554 552 2577; x_wconf 82' lang='lat' dir='ltr'><strong>vastantes.</strong></span> <span class='ocrx_word' id='word_1_713' title='bbox 576 2550 757 2583; x_wconf 84' lang='lat' dir='ltr'><strong>Quamobrem</strong></span> <span class='ocrx_word' id='word_1_714' title='bbox 772 2558 831 2583; x_wconf 88' lang='lat' dir='ltr'><strong>eos,</strong></span> <span class='ocrx_word' id='word_1_715' title='bbox 846 2552 890 2585; x_wconf 91' lang='lat' dir='ltr'><strong>qui</strong></span> <span class='ocrx_word' id='word_1_716' title='bbox 907 2553 1068 2579; x_wconf 87' lang='lat' dir='ltr'><strong>obsideban-</strong></span> 
     </span>
    </p>
   </div>
   <div class='ocr_carea' id='block_1_100' title="bbox 281 2596 1068 2632">
    <p class='ocr_par' dir='ltr' id='par_1_100' title="bbox 281 2596 1068 2632">
     <span class='ocr_line' id='line_1_100' title="bbox 281 2596 1068 2632; baseline 0.004 -10"><span class='ocrx_word' id='word_1_717' title='bbox 281 2601 336 2628; x_wconf 87' lang='lat' dir='ltr'><strong>tur,</strong></span> <span class='ocrx_word' id='word_1_718' title='bbox 354 2596 510 2624; x_wconf 83' lang='lat' dir='ltr'><strong>neeessario</strong></span> <span class='ocrx_word' id='word_1_719' title='bbox 529 2596 667 2630; x_wconf 88' lang='lat' dir='ltr'><strong>Scriptura</strong></span> <span class='ocrx_word' id='word_1_720' title='bbox 681 2597 760 2624; x_wconf 87' lang='lat' dir='ltr'><strong>docet</strong></span> <span class='ocrx_word' id='word_1_721' title='bbox 775 2605 823 2630; x_wconf 79' lang='lat' dir='ltr'><strong>ea,</strong></span> <span class='ocrx_word' id='word_1_722' title='bbox 842 2606 904 2632; x_wconf 66' lang='lat' dir='ltr'><strong>quae</strong></span> <span class='ocrx_word' id='word_1_723' title='bbox 917 2598 1068 2625; x_wconf 78' lang='lat' dir='ltr'><strong>obsidenti—</strong></span> 
     </span>
    </p>
   </div>
   <div class='ocr_carea' id='block_1_101' title="bbox 280 2642 1070 2678">
    <p class='ocr_par' dir='ltr' id='par_1_101' title="bbox 280 2642 1070 2678">
     <span class='ocr_line' id='line_1_101' title="bbox 280 2642 1070 2678; baseline 0 -8"><span class='ocrx_word' id='word_1_724' title='bbox 280 2642 332 2670; x_wconf 82' lang='lat' dir='ltr'><strong>bus</strong></span> <span class='ocrx_word' id='word_1_725' title='bbox 353 2647 483 2670; x_wconf 78' lang='lat' dir='ltr'><strong>eventura</strong></span> <span class='ocrx_word' id='word_1_726' title='bbox 505 2647 593 2670; x_wconf 86' lang='lat' dir='ltr'><strong>erant.</strong></span> <span class='ocrx_word' id='word_1_727' title='bbox 618 2642 685 2677; x_wconf 83' lang='lat' dir='ltr'><strong>Ipsis</strong></span> <span class='ocrx_word' id='word_1_728' title='bbox 702 2651 767 2670; x_wconf 90' lang='lat' dir='ltr'><strong>vero</strong></span> <span class='ocrx_word' id='word_1_729' title='bbox 783 2651 844 2670; x_wconf 89' lang='lat' dir='ltr'><strong>cum</strong></span> <span class='ocrx_word' id='word_1_730' title='bbox 863 2643 1006 2671; x_wconf 84' lang='lat' dir='ltr'><strong>scientiam</strong></span> <span class='ocrx_word' id='word_1_731' title='bbox 1022 2651 1070 2678; x_wconf 81' lang='lat' dir='ltr'><strong>per</strong></span> 
     </span>
    </p>
   </div>
   <div class='ocr_carea' id='block_1_102' title="bbox 282 2687 1065 2723">
    <p class='ocr_par' dir='ltr' id='par_1_102' title="bbox 282 2687 1065 2723">
     <span class='ocr_line' id='line_1_102' title="bbox 282 2687 1065 2723; baseline 0.004 -10"><span class='ocrx_word' id='word_1_732' title='bbox 282 2687 418 2715; x_wconf 71' lang='lat' dir='ltr'><strong>Christum</strong></span> <span class='ocrx_word' id='word_1_733' title='bbox 430 2688 640 2720; x_wconf 83' lang='lat' dir='ltr'><strong>conciliandam.</strong></span> <span class='ocrx_word' id='word_1_734' title='bbox 653 2694 709 2716; x_wconf 92' lang='lat' dir='ltr'><strong>tum</strong></span> <span class='ocrx_word' id='word_1_735' title='bbox 723 2689 858 2716; x_wconf 86' lang='lat' dir='ltr'><strong>bonorum</strong></span> <span class='ocrx_word' id='word_1_736' title='bbox 872 2690 1065 2723; x_wconf 77' lang='lat' dir='ltr'><strong>promis-siones</strong></span> 
     </span>
    </p>
   </div>
   <div class='ocr_carea' id='block_1_103' title="bbox 281 2733 1063 2770">
    <p class='ocr_par' dir='ltr' id='par_1_103' title="bbox 281 2733 1063 2770">
     <span class='ocr_line' id='line_1_103' title="bbox 281 2733 1063 2770; baseline 0.006 -12"><span class='ocrx_word' id='word_1_737' title='bbox 281 2733 424 2761; x_wconf 82' lang='lat' dir='ltr'><strong>annuntiat</strong></span> <span class='ocrx_word' id='word_1_738' title='bbox 440 2742 447 2760; x_wconf 87' lang='lat'><strong><em>:</em></strong></span> <span class='ocrx_word' id='word_1_739' title='bbox 465 2735 645 2768; x_wconf 82' lang='lat' dir='ltr'><strong>omnibusque</strong></span> <span class='ocrx_word' id='word_1_740' title='bbox 666 2734 813 2762; x_wconf 85' lang='lat' dir='ltr'><strong>universint</strong></span> <span class='ocrx_word' id='word_1_741' title='bbox 842 2735 874 2762; x_wconf 86' lang='lat' dir='ltr'><strong>de</strong></span> <span class='ocrx_word' id='word_1_742' title='bbox 895 2735 999 2770; x_wconf 82' lang='lat' dir='ltr'><strong>judicio</strong></span> <span class='ocrx_word' id='word_1_743' title='bbox 1018 2735 1063 2763; x_wconf 82' lang='lat' dir='ltr'><strong>Dei</strong></span> 
     </span>
    </p>
   </div>
   <div class='ocr_carea' id='block_1_104' title="bbox 281 2779 1064 2815">
    <p class='ocr_par' dir='ltr' id='par_1_104' title="bbox 281 2779 1064 2815">
     <span class='ocr_line' id='line_1_104' title="bbox 281 2779 1064 2815; baseline 0.004 -10"><span class='ocrx_word' id='word_1_744' title='bbox 281 2779 361 2806; x_wconf 84' lang='lat' dir='ltr'><strong>verba</strong></span> <span class='ocrx_word' id='word_1_745' title='bbox 377 2779 452 2810; x_wconf 79' lang='lat' dir='ltr'><strong>facit,</strong></span> <span class='ocrx_word' id='word_1_746' title='bbox 469 2787 562 2807; x_wconf 80' lang='lat' dir='ltr'><strong>omnes</strong></span> <span class='ocrx_word' id='word_1_747' title='bbox 579 2781 702 2808; x_wconf 87' lang='lat' dir='ltr'><strong>homines</strong></span> <span class='ocrx_word' id='word_1_748' title='bbox 714 2781 858 2808; x_wconf 81' lang='lat' dir='ltr'><strong>cobortans</strong></span> <span class='ocrx_word' id='word_1_749' title='bbox 870 2781 903 2807; x_wconf 86' lang='lat' dir='ltr'><strong>ad</strong></span> <span class='ocrx_word' id='word_1_750' title='bbox 920 2781 963 2815; x_wconf 87' lang='lat' dir='ltr'><strong>pie</strong></span> <span class='ocrx_word' id='word_1_751' title='bbox 975 2782 1064 2808; x_wconf 83' lang='lat' dir='ltr'><strong>viven-</strong></span> 
     </span>
    </p>
   </div>
   <div class='ocr_carea' id='block_1_105' title="bbox 280 2823 1062 2861">
    <p class='ocr_par' dir='ltr' id='par_1_105' title="bbox 280 2823 1062 2861">
     <span class='ocr_line' id='line_1_105' title="bbox 280 2823 1062 2861; baseline 0.004 -11"><span class='ocrx_word' id='word_1_752' title='bbox 280 2823 355 2857; x_wconf 79' lang='lat' dir='ltr'><strong>dum,</strong></span> <span class='ocrx_word' id='word_1_753' title='bbox 373 2823 419 2852; x_wconf 85' lang='lat' dir='ltr'><strong>Dei</strong></span> <span class='ocrx_word' id='word_1_754' title='bbox 434 2825 576 2852; x_wconf 87' lang='lat' dir='ltr'><strong>tribunalis</strong></span> <span class='ocrx_word' id='word_1_755' title='bbox 593 2832 735 2854; x_wconf 82' lang='lat' dir='ltr'><strong>memores.</strong></span> <span class='ocrx_word' id='word_1_756' title='bbox 756 2824 874 2853; x_wconf 83' lang='lat' dir='ltr'><strong>Primam</strong></span> <span class='ocrx_word' id='word_1_757' title='bbox 889 2825 970 2861; x_wconf 83' lang='lat' dir='ltr'><strong>igitur</strong></span> <span class='ocrx_word' id='word_1_758' title='bbox 984 2825 1062 2853; x_wconf 80' lang='lat' dir='ltr'><strong>visio~</strong></span> 
     </span>
    </p>
   </div>
   <div class='ocr_carea' id='block_1_106' title="bbox 316 2912 602 2948">
    <p class='ocr_par' dir='ltr' id='par_1_106' title="bbox 316 2912 602 2948">
     <span class='ocr_line' id='line_1_106' title="bbox 316 2912 602 2948; baseline 0.01 -9"><span class='ocrx_word' id='word_1_759' title='bbox 316 2912 339 2928; x_wconf 88' lang='lat'><strong>&quot;</strong></span> <span class='ocrx_word' id='word_1_760' title='bbox 354 2912 448 2941; x_wconf 79' lang='lat' dir='ltr'><strong>Matth.</strong></span> <span class='ocrx_word' id='word_1_761' title='bbox 464 2921 539 2948; x_wconf 76' lang='lat' dir='ltr'><strong>xvttt,</strong></span> <span class='ocrx_word' id='word_1_762' title='bbox 555 2913 602 2942; x_wconf 62' lang='grc' dir='ltr'><strong>ΞΟ.</strong></span> 
     </span>
    </p>
   </div>
   <div class='ocr_carea' id='block_1_107' title="bbox 1119 2322 1904 2359">
    <p class='ocr_par' dir='ltr' id='par_1_107' title="bbox 1119 2322 1904 2359">
     <span class='ocr_line' id='line_1_107' title="bbox 1119 2322 1904 2359; baseline 0.003 -11"><span class='ocrx_word' id='word_1_763' title='bbox 1119 2322 1163 2348; x_wconf 78' lang='grc' dir='ltr'><strong>τὸν</strong></span> <span class='ocrx_word' id='word_1_764' title='bbox 1185 2322 1239 2348; x_wconf 88' lang='grc' dir='ltr'><strong>τῶν</strong></span> <span class='ocrx_word' id='word_1_765' title='bbox 1257 2322 1391 2348; x_wconf 82' lang='grc' dir='ltr'>Ἰουδαίων</span> <span class='ocrx_word' id='word_1_766' title='bbox 1415 2323 1585 2357; x_wconf 74' lang='grc' dir='ltr'>συγκαλέσας</span> <span class='ocrx_word' id='word_1_767' title='bbox 1603 2323 1676 2350; x_wconf 85' lang='grc' dir='ltr'>λαόν.</span> <span class='ocrx_word' id='word_1_768' title='bbox 1694 2323 1726 2350; x_wconf 92' lang='grc' dir='ltr'><strong>Τί</strong></span> <span class='ocrx_word' id='word_1_769' title='bbox 1751 2324 1850 2359; x_wconf 81' lang='grc' dir='ltr'>δήποτε</span> <span class='ocrx_word' id='word_1_770' title='bbox 1875 2323 1904 2350; x_wconf 83' lang='grc' dir='ltr'>δὲ</span> 
     </span>
    </p>
   </div>
   <div class='ocr_carea' id='block_1_108' title="bbox 1118 2367 1904 2404">
    <p class='ocr_par' dir='ltr' id='par_1_108' title="bbox 1118 2367 1904 2404">
     <span class='ocr_line' id='line_1_108' title="bbox 1118 2367 1904 2404; baseline 0.001 -11"><span class='ocrx_word' id='word_1_771' title='bbox 1118 2367 1220 2394; x_wconf 86' lang='grc' dir='ltr'>τούτων</span> <span class='ocrx_word' id='word_1_772' title='bbox 1233 2368 1322 2402; x_wconf 84' lang='grc' dir='ltr'>μόνων</span> <span class='ocrx_word' id='word_1_773' title='bbox 1334 2367 1428 2403; x_wconf 84' lang='grc' dir='ltr'>ὥσπερ</span> <span class='ocrx_word' id='word_1_774' title='bbox 1440 2368 1672 2404; x_wconf 78' lang='grc' dir='ltr'>ἁποκληρωτικῶς</span> <span class='ocrx_word' id='word_1_775' title='bbox 1685 2368 1830 2404; x_wconf 80' lang='grc' dir='ltr'>μέμνηται,</span> <span class='ocrx_word' id='word_1_776' title='bbox 1843 2368 1904 2403; x_wconf 78' lang='grc' dir='ltr'><strong>οὐχὶ</strong></span> 
     </span>
    </p>
   </div>
   <div class='ocr_carea' id='block_1_109' title="bbox 1117 2413 1903 2449">
    <p class='ocr_par' dir='ltr' id='par_1_109' title="bbox 1117 2413 1903 2449">
     <span class='ocr_line' id='line_1_109' title="bbox 1117 2413 1903 2449; baseline 0 -9"><span class='ocrx_word' id='word_1_777' title='bbox 1117 2413 1146 2440; x_wconf 82' lang='grc' dir='ltr'><strong>δὲ</strong></span> <span class='ocrx_word' id='word_1_778' title='bbox 1165 2413 1212 2440; x_wconf 73' lang='grc' dir='ltr'>καὶ</span> <span class='ocrx_word' id='word_1_779' title='bbox 1235 2413 1335 2449; x_wconf 81' lang='grc' dir='ltr'>ἑτέρων</span> <span class='ocrx_word' id='word_1_780' title='bbox 1352 2413 1455 2446; x_wconf 76' lang='grc' dir='ltr'>ὲθνῶνς</span> <span class='ocrx_word' id='word_1_781' title='bbox 1476 2414 1618 2449; x_wconf 84' lang='grc' dir='ltr'>Ἐροῦμεν,</span> <span class='ocrx_word' id='word_1_782' title='bbox 1631 2415 1672 2441; x_wconf 84' lang='grc' dir='ltr'>ὄτι</span> <span class='ocrx_word' id='word_1_783' title='bbox 1697 2414 1804 2442; x_wconf 76' lang='grc' dir='ltr'><strong>οὐδένες</strong></span> <span class='ocrx_word' id='word_1_784' title='bbox 1829 2414 1903 2441; x_wconf 81' lang='grc' dir='ltr'>ἄλλοι</span> 
     </span>
    </p>
   </div>
   <div class='ocr_carea' id='block_1_110' title="bbox 1119 2459 1903 2495">
    <p class='ocr_par' dir='ltr' id='par_1_110' title="bbox 1119 2459 1903 2495">
     <span class='ocr_line' id='line_1_110' title="bbox 1119 2459 1903 2495; baseline 0.001 -10"><span class='ocrx_word' id='word_1_785' title='bbox 1119 2459 1179 2486; x_wconf 78' lang='grc' dir='ltr'>κατ’</span> <span class='ocrx_word' id='word_1_786' title='bbox 1195 2460 1282 2486; x_wconf 78' lang='grc' dir='ltr'>ἐκεῖνο</span> <span class='ocrx_word' id='word_1_787' title='bbox 1294 2459 1392 2495; x_wconf 83' lang='grc' dir='ltr'>καιροῦ</span> <span class='ocrx_word' id='word_1_788' title='bbox 1408 2459 1593 2495; x_wconf 83' lang='grc' dir='ltr'>παρηνόχλουν</span> <span class='ocrx_word' id='word_1_789' title='bbox 1605 2461 1662 2492; x_wconf 80' lang='grc' dir='ltr'>τοῖς</span> <span class='ocrx_word' id='word_1_790' title='bbox 1680 2460 1816 2492; x_wconf 86' lang='grc' dir='ltr'>Ἰουδαίοις</span> <span class='ocrx_word' id='word_1_791' title='bbox 1841 2460 1858 2495; x_wconf 86' lang='grc' dir='ltr'>ἢ</span> <span class='ocrx_word' id='word_1_792' title='bbox 1877 2461 1903 2487; x_wconf 76' lang='grc' dir='ltr'>οἱ</span> 
     </span>
    </p>
   </div>
   <div class='ocr_carea' id='block_1_111' title="bbox 1119 2505 1904 2541">
    <p class='ocr_par' dir='ltr' id='par_1_111' title="bbox 1119 2505 1904 2541">
     <span class='ocr_line' id='line_1_111' title="bbox 1119 2505 1904 2541; baseline -0.001 -9"><span class='ocrx_word' id='word_1_793' title='bbox 1119 2505 1343 2540; x_wconf 80' lang='grc' dir='ltr'>καταλεχθέντες,</span> <span class='ocrx_word' id='word_1_794' title='bbox 1361 2505 1481 2540; x_wconf 82' lang='grc' dir='ltr'>συνεχῶς</span> <span class='ocrx_word' id='word_1_795' title='bbox 1495 2505 1587 2537; x_wconf 71' lang='grc' dir='ltr'>αὐτοῖς</span> <span class='ocrx_word' id='word_1_796' title='bbox 1604 2506 1813 2541; x_wconf 76' lang='grc' dir='ltr'>ἐπανιστάμενοι</span> <span class='ocrx_word' id='word_1_797' title='bbox 1824 2514 1830 2521; x_wconf 89' lang='grc'>·</span> <span class='ocrx_word' id='word_1_798' title='bbox 1855 2506 1904 2532; x_wconf 74' lang='grc' dir='ltr'>καὶ</span> 
     </span>
    </p>
   </div>
   <div class='ocr_carea' id='block_1_112' title="bbox 1119 2551 1904 2587">
    <p class='ocr_par' dir='ltr' id='par_1_112' title="bbox 1119 2551 1904 2587">
     <span class='ocr_line' id='line_1_112' title="bbox 1119 2551 1904 2587; baseline 0.001 -10"><span class='ocrx_word' id='word_1_799' title='bbox 1119 2552 1184 2578; x_wconf 76' lang='grc' dir='ltr'>ποτὲ</span> <span class='ocrx_word' id='word_1_800' title='bbox 1199 2551 1247 2586; x_wconf 83' lang='grc' dir='ltr'>μὲν</span> <span class='ocrx_word' id='word_1_801' title='bbox 1261 2552 1310 2587; x_wconf 83' lang='grc' dir='ltr'>τὴν</span> <span class='ocrx_word' id='word_1_802' title='bbox 1331 2551 1508 2586; x_wconf 81' lang='grc' dir='ltr'>Ἰερουσαλὴμ</span> <span class='ocrx_word' id='word_1_803' title='bbox 1527 2551 1701 2587; x_wconf 76' lang='grc' dir='ltr'>πορθοῦντες,</span> <span class='ocrx_word' id='word_1_804' title='bbox 1718 2552 1783 2578; x_wconf 80' lang='grc' dir='ltr'>ποτὲ</span> <span class='ocrx_word' id='word_1_805' title='bbox 1801 2552 1830 2578; x_wconf 77' lang='grc' dir='ltr'><strong>δὲ</strong></span> <span class='ocrx_word' id='word_1_806' title='bbox 1853 2553 1904 2587; x_wconf 84' lang='grc' dir='ltr'>τὴν</span> 
     </span>
    </p>
   </div>
   <div class='ocr_carea' id='block_1_113' title="bbox 1119 2597 1903 2634">
    <p class='ocr_par' dir='ltr' id='par_1_113' title="bbox 1119 2597 1903 2634">
     <span class='ocr_line' id='line_1_113' title="bbox 1119 2597 1903 2634; baseline 0.001 -11"><span class='ocrx_word' id='word_1_807' title='bbox 1119 2597 1210 2633; x_wconf 81' lang='grc' dir='ltr'>χώραν</span> <span class='ocrx_word' id='word_1_808' title='bbox 1220 2598 1308 2625; x_wconf 78' lang='grc' dir='ltr'>αὐτῶν</span> <span class='ocrx_word' id='word_1_809' title='bbox 1324 2597 1462 2634; x_wconf 78' lang='grc' dir='ltr'>δῃοῦντες.</span> <span class='ocrx_word' id='word_1_810' title='bbox 1480 2597 1578 2633; x_wconf 82' lang='grc' dir='ltr'>Διόπερ</span> <span class='ocrx_word' id='word_1_811' title='bbox 1591 2598 1606 2624; x_wconf 84' lang='grc' dir='ltr'>ὁ</span> <span class='ocrx_word' id='word_1_812' title='bbox 1627 2598 1704 2632; x_wconf 81' lang='grc' dir='ltr'>λόγος</span> <span class='ocrx_word' id='word_1_813' title='bbox 1715 2600 1777 2630; x_wconf 78' lang='grc' dir='ltr'>τοὺς</span> <span class='ocrx_word' id='word_1_814' title='bbox 1791 2599 1903 2634; x_wconf 70' lang='grc' dir='ltr'>πολιορκ</span> 
     </span>
    </p>
   </div>
   <div class='ocr_carea' id='block_1_114' title="bbox 1120 2643 1903 2680">
    <p class='ocr_par' dir='ltr' id='par_1_114' title="bbox 1120 2643 1903 2680">
     <span class='ocr_line' id='line_1_114' title="bbox 1120 2643 1903 2680; baseline 0 -11"><span class='ocrx_word' id='word_1_815' title='bbox 1120 2643 1269 2678; x_wconf 81' lang='grc' dir='ltr'>κουμένους</span> <span class='ocrx_word' id='word_1_816' title='bbox 1284 2644 1444 2677; x_wconf 80' lang='grc' dir='ltr'>ἀναγκαίως</span> <span class='ocrx_word' id='word_1_817' title='bbox 1461 2643 1585 2670; x_wconf 77' lang='grc' dir='ltr'>ἐδίδασκε</span> <span class='ocrx_word' id='word_1_818' title='bbox 1599 2644 1633 2670; x_wconf 76' lang='grc' dir='ltr'>τὰ</span> <span class='ocrx_word' id='word_1_819' title='bbox 1645 2644 1837 2680; x_wconf 75' lang='grc' dir='ltr'>συμϐησόμενα</span> <span class='ocrx_word' id='word_1_820' title='bbox 1847 2645 1903 2675; x_wconf 87' lang='grc' dir='ltr'>τοῖς</span> 
     </span>
    </p>
   </div>
   <div class='ocr_carea' id='block_1_115' title="bbox 1120 2689 1902 2725">
    <p class='ocr_par' dir='ltr' id='par_1_115' title="bbox 1120 2689 1902 2725">
     <span class='ocr_line' id='line_1_115' title="bbox 1120 2689 1902 2725; baseline 0.003 -11"><span class='ocrx_word' id='word_1_821' title='bbox 1120 2689 1212 2720; x_wconf 83' lang='grc' dir='ltr'>αὐτοῖς</span> <span class='ocrx_word' id='word_1_822' title='bbox 1228 2689 1411 2724; x_wconf 81' lang='grc' dir='ltr'>πολιορκοῦσι.</span> <span class='ocrx_word' id='word_1_823' title='bbox 1430 2689 1532 2716; x_wconf 87' lang='grc' dir='ltr'>Γνῶσιν</span> <span class='ocrx_word' id='word_1_824' title='bbox 1547 2690 1574 2716; x_wconf 84' lang='grc' dir='ltr'><strong>δὲ</strong></span> <span class='ocrx_word' id='word_1_825' title='bbox 1598 2690 1690 2721; x_wconf 84' lang='grc' dir='ltr'>αὐτοῖς</span> <span class='ocrx_word' id='word_1_826' title='bbox 1709 2690 1758 2725; x_wconf 83' lang='grc' dir='ltr'><strong>τὴν</strong></span> <span class='ocrx_word' id='word_1_827' title='bbox 1773 2690 1818 2716; x_wconf 86' lang='grc' dir='ltr'><strong>διὰ</strong></span> <span class='ocrx_word' id='word_1_828' title='bbox 1833 2691 1902 2721; x_wconf 86' lang='grc' dir='ltr'><strong>Χρι-</strong></span> 
     </span>
    </p>
   </div>
   <div class='ocr_carea' id='block_1_116' title="bbox 1119 2734 1903 2772">
    <p class='ocr_par' dir='ltr' id='par_1_116' title="bbox 1119 2734 1903 2772">
     <span class='ocr_line' id='line_1_116' title="bbox 1119 2734 1903 2772; baseline 0.003 -12"><span class='ocrx_word' id='word_1_829' title='bbox 1119 2734 1183 2761; x_wconf 80' lang='grc' dir='ltr'>στοῦ</span> <span class='ocrx_word' id='word_1_830' title='bbox 1195 2735 1241 2761; x_wconf 72' lang='grc' dir='ltr'><strong>κα)⁵</strong></span> <span class='ocrx_word' id='word_1_831' title='bbox 1254 2735 1365 2769; x_wconf 84' lang='grc' dir='ltr'>ἀγαθῶν</span> <span class='ocrx_word' id='word_1_832' title='bbox 1385 2736 1550 2770; x_wconf 75' lang='grc' dir='ltr'>ἐπαγγελίας</span> <span class='ocrx_word' id='word_1_833' title='bbox 1563 2735 1782 2771; x_wconf 62' lang='grc' dir='ltr'>εὐαγγελίζεται·</span> <span class='ocrx_word' id='word_1_834' title='bbox 1801 2745 1903 2772; x_wconf 85' lang='grc' dir='ltr'>κηρυτ-</span> 
     </span>
    </p>
   </div>
   <div class='ocr_carea' id='block_1_117' title="bbox 1118 2780 1901 2818">
    <p class='ocr_par' dir='ltr' id='par_1_117' title="bbox 1118 2780 1901 2818">
     <span class='ocr_line' id='line_1_117' title="bbox 1118 2780 1901 2818; baseline 0.004 -12"><span class='ocrx_word' id='word_1_835' title='bbox 1118 2789 1159 2807; x_wconf 55' lang='lat' dir='ltr'><strong>est</strong></span> <span class='ocrx_word' id='word_1_836' title='bbox 1180 2789 1208 2806; x_wconf 80' lang='grc' dir='ltr'><strong>τε</strong></span> <span class='ocrx_word' id='word_1_837' title='bbox 1223 2780 1373 2812; x_wconf 84' lang='grc' dir='ltr'>καθολικῶς</span> <span class='ocrx_word' id='word_1_838' title='bbox 1396 2782 1453 2813; x_wconf 86' lang='grc' dir='ltr'>τοῖς</span> <span class='ocrx_word' id='word_1_839' title='bbox 1473 2783 1540 2809; x_wconf 83' lang='grc' dir='ltr'>πᾶσι</span> <span class='ocrx_word' id='word_1_840' title='bbox 1555 2783 1600 2809; x_wconf 83' lang='grc' dir='ltr'>τὸν</span> <span class='ocrx_word' id='word_1_841' title='bbox 1623 2783 1685 2818; x_wconf 79' lang='grc' dir='ltr'>περὶ</span> <span class='ocrx_word' id='word_1_842' title='bbox 1702 2782 1751 2818; x_wconf 78' lang='grc' dir='ltr'>τῆς</span> <span class='ocrx_word' id='word_1_843' title='bbox 1773 2783 1820 2809; x_wconf 80' lang='grc' dir='ltr'>τοῦ</span> <span class='ocrx_word' id='word_1_844' title='bbox 1835 2781 1901 2808; x_wconf 78' lang='grc' dir='ltr'><strong>6εοῦ</strong></span> 
     </span>
    </p>
   </div>
   <div class='ocr_carea' id='block_1_118' title="bbox 1121 2825 1900 2864">
    <p class='ocr_par' dir='ltr' id='par_1_118' title="bbox 1121 2825 1900 2864">
     <span class='ocr_line' id='line_1_118' title="bbox 1121 2825 1900 2864; baseline 0.003 -12"><span class='ocrx_word' id='word_1_845' title='bbox 1121 2825 1238 2861; x_wconf 78' lang='grc' dir='ltr'>κρίσεως</span> <span class='ocrx_word' id='word_1_846' title='bbox 1250 2825 1337 2860; x_wconf 73' lang='grc' dir='ltr'>λόγον,</span> <span class='ocrx_word' id='word_1_847' title='bbox 1352 2827 1513 2862; x_wconf 75' lang='grc' dir='ltr'>προτρέπων</span> <span class='ocrx_word' id='word_1_848' title='bbox 1531 2828 1652 2859; x_wconf 79' lang='grc' dir='ltr'>ἅπαντας</span> <span class='ocrx_word' id='word_1_849' title='bbox 1671 2827 1830 2864; x_wconf 77' lang='grc' dir='ltr'>ἀνθρώπους</span> <span class='ocrx_word' id='word_1_850' title='bbox 1845 2827 1900 2854; x_wconf 69' lang='grc' dir='ltr'>θεο-</span> 
     </span>
    </p>
   </div>
  </div>
