2059 3215
139 201 153 228 !
158 200 192 226 85

617 202 869 232 COMMENTARIA
887 206 921 233 IN
942 207 1071 235 ISAIAM.
1098 224 1127 228 —
1147 207 1222 236 CAP.
1244 208 1313 238 XIII.

1715 212 1766 240 I86

141 257 228 288 σεϐῶς
241 257 311 306 (iv:
321 257 369 284 τοῦ
380 258 569 294 δικαιωτηρίου
585 259 633 286 τοῦ
645 259 714 286 Θεοῦ
729 262 931 297 μεμνημένους.

990 272 1046 291 aeut
1069 264 1146 292 elTert
1171 271 1268 294 contra
1291 266 1475 302 Babylonem,
1498 273 1638 304 postquam
1659 271 1685 297 in
1710 271 1768 306 ipso

140 302 257 339 Πρώτην
282 300 328 330 οὖν
350 303 439 338 τίθησι
465 304 514 339 τὴν
538 304 610 331 κατὰ
635 306 793 338 Βαῦυλῶνος
823 308 928 344 ὅρασιν,

141 347 280 384 προειπὼν
301 348 331 374 ὲν
353 348 422 384 ἀρχῇ
442 349 492 384 τῆς
514 348 578 384 ὅλης
608 349 699 385 βίϐλου
722 351 773 387 τὴν
795 352 865 378 κατὰ
882 353 930 388 τῆς

146 394 334 430 Ἰερουσαλήμ.
363 395 471 430 Ἐπειδὴ
487 397 541 432 γὰρ
567 397 604 432 μή
629 398 688 424 ὲστι
715 399 930 435 προσωποληψία

143 440 219 475 παρά
235 439 273 475 τῷ
287 440 356 475 Θεῷ,
374 441 421 467 ἀπ’
440 441 530 468 αὐτῶν
554 441 656 478 ἤρξατο
670 443 724 470 τῶν
745 444 864 476 οἰκείων,
883 447 931 473 καὶ

142 488 182 518 είς
198 486 297 518 αὐτοὺς
309 486 390 514 πάλιν
402 487 566 522 ἀναστρέφει
583 488 628 515 τὸν
640 488 719 523 λόγον
729 498 735 504 '
751 490 804 517 τῶν
813 491 841 517 δὲ
854 491 931 518 ἀλλο-

142 531 233 567 φύλων
244 531 329 558 ὲθνῶν
340 532 390 567 τὴν
412 532 558 559 Βαὸυλῶνα
581 534 739 569 προτάσσει.
754 535 883 571 Βασιλικὴ
903 536 931 563 δὲ

141 577 212 612 αὕτη
223 577 277 604 τῶν
292 577 443 613 Ἀσσυρίων
458 578 544 610 πόλις,
560 579 675 614 μεγίστη
689 581 735 607 καὶ
746 581 930 617 δυνατωτάτη.

140 623 274 658 Δέγονται
289 622 318 649 δὲ
336 622 474 659 Ἀσσύριοι
496 624 598 660 πρῶτοι
612 625 663 659 τῆς
678 626 840 662 οἰκουμένης
864 627 932 662 κρά-

140 668 224 703 τῆσαι
240 668 283 702 ἐφ’
295 668 365 699 ὅλοις
378 668 474 703 χιλίοις
495 669 543 696 καὶ
570 670 737 704 τριακοσίοις
757 671 829 697 ἔτεσι
852 672 932 707 μέχρι

141 713 197 740 τῶν
214 713 430 749 πολιορκούντων
455 714 504 749 τὴν
524 714 712 751 Ἰερουσαλὴμ,
734 716 782 742 καὶ
796 716 850 743 τῶν
867 718 933 744 Ὶου-

141 758 227 786 δαίων
255 759 301 786 τὸν
325 759 388 785 λαὸν
416 760 589 795 αἰχμάλωτον
625 761 783 795 ἀγαγόντων
816 763 856 794 εἰς
882 763 933 799 τὴν

142 803 235 831 αὐτῶν
263 803 366 840 χώραν.
387 805 448 830 Ἐπὶ
471 804 556 840 ταύτῃ
579 805 635 840 γὰρ
652 808 684 841 τῇ
706 806 762 833 τῶν
784 807 932 843 Ἀσσυρίων

142 849 252 885 πράξει,
270 849 369 877 αὐτίκα
382 850 429 877 καὶ
439 850 487 876 οὐκ
499 851 539 882 είς
555 850 675 887 μακρὰν,
690 852 720 878 τὸ
733 853 833 888 κράτος
843 853 932 880 αὐτῶν

144 896 290 931 κατελύθη.

985 310 1047 337 libri
1062 311 1174 338 exordio
1193 311 1324 341 visionem
1347 320 1443 341 contra
1460 314 1608 342 Jerusalem
1635 317 1769 350 prtemise-

984 361 1038 383 rat.
1054 356 1121 390 Quia
1135 357 1206 384 enitn
1223 358 1294 385 nulla
1309 364 1350 386 est
1362 368 1545 394 personarum
1562 362 1682 396 acceptio
1697 363 1768 397 apud

984 403 1081 434 Deum.
1105 411 1119 430 a
1137 403 1335 432 contribulibtts
1355 406 1414 432 suis
1427 414 1516 438 orsusl
1535 407 1560 433 itt
1585 407 1694 434 eosdem
1709 414 1770 433 rur-

984 457 1042 476 sum
1056 457 1209 477 sermonem
1226 453 1361 478 c0nvertit
1374 460 1381 484 ;
1394 452 1553 486 alienigenis
1568 459 1632 479 vero
1645 453 1769 486 gentibus

986 496 1146 532 Babylonem
1170 499 1318 533 praemittit.
1338 497 1420 533 Regia
1436 502 1525 525 autem
1541 497 1583 525 illa
1598 499 1768 534 Assyriorum

985 545 1049 572 urbs
1067 549 1141 578 erat,
1165 546 1282 572 maxima
1306 549 1388 579 atque
1416 545 1613 579 potentissima.
1639 546 1771 574 Dicuntur

985 597 1067 625 porro
1087 591 1192 625 Assyrii
1217 591 1296 623 primi
1323 590 1443 617 onmium
1460 590 1520 617 orbi
1537 591 1684 626 imperasse
1699 596 1770 620 totos

986 636 1059 662 ntille
1074 641 1102 663 et
1124 641 1260 664 trecentos
1282 644 1388 667 annos.
1412 644 1497 671 usque
1518 638 1552 664 ad
1572 644 1619 664 eos
1634 638 1678 672 qtti
1692 637 1769 665 Jero-

987 682 1120 716 solytuam
1133 682 1309 714 obsederunt,
1326 689 1357 708 ac
1371 681 1525 709 Judteorum
1540 682 1665 717 populum
1681 684 1769 718 capti-

985 734 1048 753 Vutn
1072 726 1245 753 abduxerunt
1266 726 1292 753 in
1320 726 1456 760 regionem
1478 734 1565 754 suam.
1589 727 1702 762 Propter
1720 728 1770 756 Itoc

985 771 1058 798 enim
1080 771 1251 806 Assyriorum
1278 771 1402 805 facinus,
1425 779 1476 799 nec
1494 773 1540 800 diu
1567 778 1659 808 postea
1674 780 1770 801 eorum

986 817 1127 852 Imperium
1148 817 1265 845 solutum
1283 822 1334 846 est.

181 952 190 968 ι
218 941 366 974 Ἀνοίξατε,
390 943 415 968 οἱ
431 943 570 978 ἄρχοντες.
589 952 599 969 ι
615 943 707 971 Ταῦτα
732 944 760 971 δὲ
785 945 813 971 τὺ
840 946 867 972 ὲν
896 946 934 982 τῷ

1024 951 1034 968 ι
1050 942 1161 977 Aperite
1171 942 1318 977 principes.
1333 952 1342 969 ι
1358 942 1425 978 ιιιτρε
1442 949 1523 976 porro
1535 943 1653 977 Spiritus
1664 943 1773 971 divinus

143 988 269 1024 προφήτῃ
282 987 395 1023 Πνεῦμα
409 987 479 1015 θεῖον
494 990 527 1015 ὲκ
540 988 687 1024 προσώπου
703 989 750 1016 τοῦ
767 990 835 1017 Θεοῦ
848 991 934 1025 Λόγου

146 1034 287 1069 προφέρει.
305 1034 388 1065 Αὐτὸς
400 1035 490 1062 τοίνυν
505 1036 520 1061 ό
532 1036 784 1072 παρακελευόμενος
797 1039 853 1069 τοῖς
866 1038 934 1073 ἀμφ’

148 1078 227 1105 αὑτὸν
234 1078 362 1113 ’ἀγγέλοις
378 1079 483 1113 ἀνοῖξαι
499 1080 583 1116 θύρας
600 1081 806 1116 κεκλεισμένας,
822 1083 868 1111 καὶ
885 1092 936 1110 πα-

150 1125 361 1160 ρακελεύσασθαι
378 1127 433 1158 τοῖς
451 1126 525 1153 ἔνδον
547 1124 606 1154 οὖσι
631 1127 770 1163 προϊέναι,
788 1129 865 1164 ήκειν
889 1130 936 1156 καὶ

150 1170 273 1197 σπεύδειν
285 1171 331 1197 ἐπὶ
340 1171 388 1205 τὴν
398 1172 453 1199 τῶν
463 1172 569 1199 ὰσεὸῶν
581 1173 725 1208 τιμωρίαν.
747 1171 830 1209 οἶμαι
846 1174 873 1201 δὲ
892 1174 936 1202 διὰ

147 1219 248 1244 ¹τούτων
265 1218 408 1253 δηλοῦσθαι
423 1217 471 1253 τὴν
489 1218 683 1254 ἀφωρισμένην
703 1220 762 1251 ταῖς
782 1220 936 1255 ἀντικειμέ-

147 1271 204 1294 ναις
216 1263 360 1298 δυνάμεσιν
371 1273 377 1279 ·
392 1265 422 1290 ἐν
482 1263 575 1299 ὥσπερ
593 1265 620 1290 ἐν
633 1264 811 1300 δεσμωτηρίῳ
829 1265 937 1302 καθειρ-

145 1310 245 1344 γμέναι
260 1310 434 1345 τυγχάνουσι.
448 1310 503 1337 Καὶ
517 1311 621 1346 μήποτε
640 1310 708 1346 αὕτη
726 1311 799 1337 ἐστὶν
812 1312 828 1347 ἡ
841 1312 936 1338 καλου-

145 1355 214 1390 μένη
227 1355 354 1387 ἄϐυσσος,
368 1355 600 1391 ἐμπεπληρῶσθαι
610 1355 638 1382 δὲ
650 1356 804 1391 δρακόντων
817 1357 936 1385 διδάσκει

143 1400 158 1427 ό
172 1401 285 1436 φάσκων
301 1400 389 1435 λόγος,
407 1411 416 1426 ι
435 1401 585 1436 Δράκοντες
599 1402 647 1428 καὶ
668 1403 752 1428 πᾶσαι
773 1402 904 1436 ἄϐυσσοι;
923 1413 933 1430 ι

145 1447 228 1474 Ὀὓεν
244 1447 291 1474 καὶ
310 1447 356 1474 τὸν
379 1447 492 1483 Σωτῆρα
508 1448 678 1483 παρεκάλουν
701 1449 724 1475 οξ
741 1448 880 1484 δαίμονες,
898 1449 936 1485 μὴ

145 1492 254 1528 πέμψαι
267 1494 375 1525 αὐτοὺς,
388 1493 505 1528 ὁπηνίκα
519 1493 596 1528 ἔλεγε
610 1493 651 1523 τὸ.
667 1503 676 1519 ι
692 1491 794 1526 Ἶὶλθες
807 1494 860 1530 πρὸ
875 1503 936 1521 και-

145 1538 198 1575 ροῦ
217 1538 359 1573 βασανίσαι
377 1540 459 1574 ἡμᾶς.
479 1549 489 1564 ι
506 1539 543 1566 Οὐ
563 1538 617 1574 γὰρ
632 1539 747 1573 ἠγνόουν
765 1540 859 1576 καιρόν
875 1549 937 1568 τινα

143 1584 256 1612 ἔσεσθαι
267 1585 358 1616 αὐτοῖς
372 1585 420 1620 τῆς
432 1586 472 1617 εἰς
491 1585 540 1621 τὴν
554 1584 671 1612 ἄϐυσσον
688 1585 864 1621 καθείρξεως.

991 989 1018 1017 in
1035 990 1165 1023 propheta
1189 989 1322 1016 exsistens
1337 997 1370 1017 es
1394 997 1508 1024 persona
1534 990 1580 1016 Dei
1604 988 1685 1016 Verbi
1709 997 1773 1024 pro-

989 1034 1051 1062 fert.
1064 1034 1134 1062 Idem
1152 1035 1233 1069 igitur
1252 1034 1309 1068 ipse
1321 1039 1362 1062 est
1381 1034 1426 1069 qui
1448 1034 1551 1069 angelis
1572 1034 1773 1061 circumstanti-

993 1081 1045 1108 bus
1056 1080 1188 1116 pnecipit,
1204 1085 1233 1107 ut
1249 1080 1357 1107 clausas
1371 1085 1463 1114 portas
1474 1080 1607 1114 aperiant.
1620 1079 1774 1113 acjnbeant

988 1134 1035 1154 eos
1051 1127 1095 1161 qui
1110 1127 1179 1154 intra
1198 1132 1263 1154 sunt
1274 1126 1391 1162 prodire,
1405 1127 1533 1154 accedere
1546 1133 1574 1153 et
1591 1126 1720 1154 festinam
1738 1127 1773 1153 ad

989 1172 1135 1207 impiorum
1148 1173 1321 1208 supplicium.
1337 1172 1454 1200 (Estituo
1468 1177 1557 1199 autem
1570 1172 1612 1200 his
1626 1171 1773 1206 signiﬁcari

989 1219 1122 1246 ultionem
1136 1226 1196 1254 quae
1212 1219 1375 1246 adversariis
1399 1218 1581 1253 potestatibus
1597 1218 1747 1246 destinatur
1764 1226 1772 1245 :

989 1266 1014 1292 in
1028 1273 1080 1299 qua
1099 1273 1148 1292 ceu
1164 1266 1190 1292 in
1205 1273 1314 1293 carcere
1330 1265 1536 1292 concluduntur.
1557 1263 1625 1291 Num
1643 1263 1712 1291 forte
1730 1263 1773 1291 illa

990 1311 1071 1338 fuerit
1086 1311 1212 1346 abyssus,
1234 1316 1263 1338 ut
1279 1316 1403 1342 vocatur.
1427 1318 1509 1345 quam
1531 1310 1695 1338 draconibus
1716 1309 1774 1345 ple-

989 1365 1053 1386 nam
1071 1358 1108 1385 ait
1125 1358 1265 1391 Scriptura
1286 1358 1328 1384 bis
1341 1357 1443 1389 verbis,
1466 1366 1474 1382 ι
1492 1356 1626 1384 Dracones
1641 1360 1669 1383 et
1679 1363 1775 1383 omnes

989 1403 1079 1439 abyssi
1089 1402 1135 1428 7‘?
1150 1412 1160 1428 ι
1188 1401 1264 1430 Unde
1284 1407 1312 1429 et
1327 1401 1495 1429 Salvatorem
1517 1402 1650 1434 rogabant
1673 1400 1775 1427 daemo-

989 1456 1049 1480 nes,
1066 1456 1100 1476 ne
1115 1455 1144 1476 se
1164 1448 1210 1475 illo
1232 1448 1362 1481 tuitterel,
1392 1454 1454 1474 cum
1477 1447 1614 1478 dicebant,
1647 1455 1656 1472 t
1672 1444 1775 1472 Venisti

989 1500 1052 1524 ante
1066 1500 1172 1529 tempus
1188 1500 1313 1529 torquere
1323 1501 1372 1521 nos
1382 1494 1415 1520 ".
1432 1503 1441 1519 ι
1457 1493 1514 1520 Non
1529 1493 1689 1528 ignorabant
1702 1493 1774 1520 enim

990 1540 1109 1568 futurum
1130 1545 1234 1576 tempus
1257 1548 1319 1568 esse
1339 1548 1393 1575 quo
1424 1539 1451 1567 itt
1476 1541 1575 1574 abysso
1596 1537 1775 1567 concludendi

990 1591 1077 1614 erant.

183 1639 194 1656 ι
218 1630 287 1664 Ἐγὼ
300 1631 440 1658 συντάσσω
453 1631 499 1657 καὶ
511 1630 567 1665 ἐγὼ
580 1631 639 1665 ἄγω
653 1631 763 1663 αὐτούς.
783 1641 792 1658 ι
815 1632 893 1664 Τίνες
908 1632 936 1659 δέ

1027 1632 1109 1661 Vens.
1129 1632 1158 1662 3.
1180 1642 1189 1658 ι
1203 1633 1257 1668 Ego
1272 1632 1369 1659 ordino
1383 1636 1411 1660 et
1422 1639 1471 1665 ego
1485 1632 1553 1658 duco
1567 1637 1642 1659 eos.)
1660 1629 1774 1663 Quinam

143 1676 216 1704 slew
237 1673 309 1703 οὗτοι
334 1676 397 1711 ἑξῆς
421 1676 568 1712 παρίστησι
589 1676 728 1711 διασαφῶν
760 1678 809 1704 καὶ
835 1677 935 1712 λέγων·

148 1731 160 1748 ι
184 1721 312 1756 Γίγαντες
333 1721 458 1758 ἔρχονται
478 1722 619 1757 πληρῶσαι
631 1722 676 1749 τὸν
692 1722 777 1758 θυμόν
793 1732 860 1759 μου,
877 1724 939 1759 χαί-

144 1775 242 1804 ροντες
266 1767 324 1802 ἀμα
346 1769 394 1794 καὶ
416 1768 582 1803 ὑϐρίζοντες.
613 1777 622 1794 ι
648 1769 805 1804 Συμφὼνως
829 1769 858 1796 δὲ
881 1771 938 1801 τοῖς

148 1811 353 1846 Ἐἢδομήκοντα
367 1812 540 1848 ἡρμήνευσεν
553 1813 566 1838 ὁ
581 1812 726 1840 Θεοδοτίων
737 1813 822 1840 εἰπών
833 1822 839 1829 ·
856 1823 865 1839 ι
883 1813 938 1840 Καί

143 1865 180 1891 γε
201 1856 320 1884 ἐκάλεσα
345 1858 407 1889 τοὺς
420 1858 550 1892 γίγαντάς
567 1866 631 1893 μου·
656 1868 665 1884 ι
687 1859 701 1885 ό
714 1859 743 1886 δὲ
760 1859 874 1891 ’Δκύλας
892 1859 939 1886 καὶ

144 1904 161 1930 ὸ
183 1902 330 1938 Σύμμαχος
346 1903 407 1929 ἀντὶ
422 1903 480 1935 τοῦ,
501 1913 510 1929 ι
534 1904 673 1938 γίγαντας,
700 1914 760 1930 ι-ι
772 1906 901 1937 δυνατοὺς
925 1914 939 1939 ι,

143 1949 336 1986 ήρμήνευσαν.
352 1949 431 1976 Οὕτω
444 1950 472 1976 δὲ
492 1949 568 1977 καλεῖ
589 1950 638 1982 τὰς
650 1951 839 1987 τιμωρητικάς
859 1951 938 1978 δυνά.-

146 2004 221 2033 μεις,
241 1995 274 2022 δι’
294 1992 331 2023 ῶν
357 1995 391 2022 τὰ.
404 1995 454 2031 τῆς
477 1996 547 2022 κατὰ
568 1996 622 2023 τῶν
637 1996 751 2025 ιάσεὸῶν
772 1997 855 2033 ὀργῆς
871 1997 939 2034 πλη-

146 2042 256 2079 ροῦται.
277 2043 464 2078 Ἐπιχαίρουσι
478 2044 558 2070 κακοί
574 2052 656 2076 τινες,
670 2041 744 2071 οὗτοι
758 2045 782 2070 οἱ
799 2044 939 2080 λεγόμενοι

144 2090 285 2125 γίγαντες,
302 2090 396 2125 ὥσπερ
409 2091 442 2117 τὰ
462 2091 522 2117 κατ’
538 2090 622 2126 εὐχὰς
636 2091 800 2126 πράττοντες
812 2100 818 2106 ³
832 2092 940 2127 χαίρον-

144 2144 194 2167 τες
207 2135 253 2161 ἐπὶ
264 2135 303 2171 τῷ
316 2135 437 2171 ὑϐρίζειν
449 2136 496 2164 καὶ
509 2137 633 2170 κολάζειν
643 2138 706 2169 τοὺς
718 2137 837 2171 ἀσεϐεῖς,
848 2138 894 2165 ἅτε
906 2138 938 2165 δὲ*

146 2180 187 2216 μὴ
205 2179 310 2215 ἔχοντες
324 2181 463 2215 σπλάγχνα
476 2182 635 2218 οἰκτιρμῶν.
659 2196 662 2197 ν

188 2234 196 2250 ι
212 2225 289 2261 Φωνὴ
302 2225 387 2252 ἐθνῶν
403 2226 507 2253 πολλῶν
523 2227 569 2253 ἐπὶ
584 2227 637 2255 τῶν
652 2226 748 2263 όρὲων,
761 2227 841 2263 ὁμοία
854 2227 940 2255 ἐθνῶν

145 2271 265 2298 πολλῶν.
288 2271 366 2308 Φωνὴ
386 2272 518 2307 βασιλέων
534 2272 580 2299 καὶ
605 2273 689 2300 ἐθνῶν
711 2273 898 2308 συνηγμένων.
926 2283 936 2300 ν

146 2318 183 2344 0t
200 2317 337 2352 μέλλοντες
355 2318 416 2344 τότε
436 2319 469 2354 τῇ
486 2318 608 2354 τιμωρίᾳ
632 2318 826 2353 παραδίδοσθαι
848 2319 939 2353 φωνὰς
956 2309 977 2336 D

146 2363 296 2397 ἀφήσουσι,
310 2364 343 2390 τὰ
355 2364 458 2391 ἑαυτῶν
473 2364 713 2400 ἐξομολογούμενοι
728 2365 817 2391 κακά,-
830 2365 897 2400 ὁμοῦ
912 2365 939 2392 δὲ

147 2408 199 2436 καὶ
215 2408 285 2435 κατὰ
298 2409 393 2436 ταύτὸν
406 2410 440 2436 τὰ
454 2410 517 2446 ἔθνη
534 2411 632 2443 πάντα,
649 2412 696 2438 καὶ
709 2412 734 2438 οι
747 2411 848 2438 τούτων
863 2411 940 2446 βασι-

145 2456 219 2487 λεῖς,
241 2455 304 2490 μίαν
324 2455 372 2491 τὴν
392 2456 475 2491 αὐτὴν
496 2457 666 2484 ἀποδώσουσι
690 2457 791 2493 φωνὴν,
811 2457 940 2493 ὀλοφυρό-

149 2508 230 2536 μενοι
248 2499 298 2531 τὰς
317 2500 418 2527 ἑαυτῶν
437 2501 589 2538 συμφοράς.
610 2503 641 2528 Οἱ
657 2502 686 2529 δὲ
704 2503 832 2538 ἀνωτέρω
847 2502 942 2536 γίγαν-

145 2553 196 2576 τες
239 2544 434 2579 όνομασθέντες
471 2546 620 2582 όπλομάχοι
649 2547 767 2574 ἐνταῦθα
800 2547 941 2582 λέγονται,

149 2589 263 2627 μακρὰν
275 2590 351 2622 ὄντες
368 2590 460 2623 πάλαι,
472 2591 519 2618 καὶ
531 2592 624 2627 ὥσπερ
641 2594 671 2620 ἐν
682 2593 815 2628 Θεμελίοις
835 2593 882 2620 τοῦ
895 2594 940 2620 οὺ-

148 2636 234 2673 ρανοῠ
248 2637 498 2672 ἀποκεκλεισμένοι·
512 2638 569 2672 οὓς,
585 2639 630 2666 ὅτε
646 2639 741 2676 καιρὸς
757 2639 843 2672 καλεῖ,
857 2648 940 2675 προσ-

147 2683 243 2709 τάττει
255 2682 382 2718 έρχεσθαι
395 2684 408 2709 ό
421 2683 474 2710 τῶν
489 2684 556 2711 ὅλων
571 2685 666 2721 κριτὴς
681 2685 727 2711 ἐπὶ
739 2685 778 2720 τῷ
795 2685 941 2720 καταφθεῖ-

151 2737 200 2764 ραι
214 2729 304 2755 πᾶσαν
320 2727 368 2764 τὴν
380 2728 435 2755 τῶν
450 2729 541 2756 κακῶν
552 2730 724 2766 οἰκουμένην,
739 2731 806 2766 μετὰ
818 2731 864 2757 τὸν
877 2731 940 2765 ἀφο-

149 2773 248 2809 ρισμὸν
265 2773 318 2799 τῶν
334 2773 456 2800 δικαίων.
481 2774 556 2801 Ἐπεὶ
577 2775 623 2801 καὶ
642 2776 671 2801 ὲν
691 2776 745 2807 τοῖς
764 2776 938 2810 Εὑαγγελίοις

148 2822 164 2848 ὁ
187 2820 247 2852 Υἱὸς
263 2820 309 2847 τοῦ
333 2820 478 2856 ἀνθρώπου
501 2821 655 2857 καθήμενος
675 2823 721 2849 ἐπὶ
746 2822 840 2858 Θρόνου
863 2822 937 2859 δόξης

188 2910 210 2926 "
232 2910 300 2940 Paul.
329 2919 441 2946 munt,
462 2912 488 2939 7.
528 2912 550 2928 7’
569 2911 664 2939 Matth.
681 2919 739 2946 un,
757 2911 802 2941 '29.

990 1679 1009 1707 ii
1038 1681 1093 1707 sint
1113 1679 1164 1707 sub
1186 1679 1243 1706 lucc
1270 1679 1390 1706 declarat
1413 1678 1455 1705 his
1483 1676 1582 1709 verbis,
1621 1684 1631 1701 ι
1646 1675 1776 1711 Gigantes

991 1726 1101 1753 veniunt
1125 1725 1159 1752 ad
1179 1725 1344 1760 implendum
1367 1723 1486 1750 furorem
1506 1730 1608 1754 meum,
1627 1722 1776 1757 gaudentes

991 1771 1070 1800 sintul
1086 1775 1113 1799 et
1127 1770 1306 1799 contumelias
1320 1769 1479 1798 inferentes.
1495 1779 1504 1796 ι
1521 1768 1672 1796 Theodotio
1685 1773 1774 1795 autem

991 1816 1103 1852 perinde
1121 1823 1153 1843 ac
1173 1815 1245 1843 LXX
1268 1816 1309 1843 sic
1337 1814 1531 1849 interpretatus
1555 1817 1607 1845 est,
1634 1821 1643 1838 ι
1657 1812 1690 1840 Et
1711 1819 1776 1839 vero

999 1862 1092 1889 vocavi
1106 1863 1229 1897 gigantes
1246 1868 1359 1893 meosp
1378 1860 1473 1894 Aquila
1491 1864 1582 1886 autem
1601 1863 1629 1886 et
1649 1858 1775 1894 Symma-

991 1908 1068 1941 chus,
1081 1915 1131 1942 pro
1143 1908 1198 1940 illo,
1219 1916 1228 1933 t
1242 1907 1377 1942 gigantes,
1392 1916 1401 1932 ι
1423 1905 1592 1940 interpretati
1608 1909 1680 1937 sunt,
1695 1913 1705 1929 ι
1720 1903 1776 1931 for-

993 1960 1043 1982 tes.
1060 1964 1069 1981 ι
1086 1953 1133 1982 Sic
1144 1962 1226 1989 porro
1240 1958 1319 1980 vocat
1335 1953 1445 1980 ultrices
1461 1952 1584 1984 virtutes,
1598 1951 1677 1986 queis
1694 1950 1733 1977 ira
1749 1954 1776 1976 et

993 1999 1060 2027 ultio
1079 2003 1174 2026 contra
1188 1998 1286 2033 impios
1299 2003 1453 2025 exercetur.
1476 1996 1600 2024 Gaudent
1621 1995 1705 2029 igitur
1720 2001 1777 2022 ma-

994 2045 1057 2080 ligni
1078 2045 1199 2079 quidam,
1217 2044 1339 2079 gigantes
1360 2043 1447 2070 vocati
1460 2063 1468 2075 ,
1486 2042 1564 2078 quasi
1581 2049 1636 2069 rem
1652 2048 1700 2076 pro
1714 2045 1777 2068 voto

992 2095 1084 2125 agant,
1100 2089 1126 2116 in
1144 2089 1308 2117 contumelia
1323 2093 1350 2116 et
1373 2089 1504 2124 supplicio
1525 2087 1613 2122 impiis
1636 2086 1777 2115 inferendo

993 2136 1065 2169 lacti;
1082 2140 1175 2171 utpote
1189 2136 1235 2171 qui
1249 2135 1353 2163 viscera
1372 2135 1566 2162 misericordia:
1579 2141 1632 2162 non
1648 2134 1776 2162 habeant.

1030 2224 1111 2252 VERS.
1130 2224 1158 2251 4.
1183 2233 1192 2250 ι
1207 2224 1263 2251 Vox
1279 2224 1396 2258 gentium
1413 2223 1556 2251 multarum
1580 2223 1606 2250 in
1632 2223 1779 2256 montibus,

993 2272 1089 2299 similis
1102 2272 1227 2306 gentibus
1245 2271 1345 2298 multis.
1369 2270 1424 2298 Vox
1441 2275 1567 2304 regumet
1580 2270 1699 2305 gentium
1715 2277 1778 2296 cott-

993 2323 1202 2353 grcgatarum.»
1234 2316 1284 2349 Qui
1316 2321 1380 2343 tttuc
1411 2316 1542 2350 supplicio
1567 2315 1688 2342 tradendi
1704 2319 1777 2348 sunt,

992 2371 1074 2391 voces
1104 2363 1240 2396 emilteut,
1275 2362 1344 2390 mala
1373 2370 1420 2389 sua
1450 2363 1628 2389 conﬁtentes:
1645 2360 1778 2395 simulque

993 2408 1088 2436 eodem
1102 2413 1224 2443 tempore
1236 2412 1331 2442 gentes
1339 2415 1433 2435 omnes
1446 2412 1474 2434 et
1490 2414 1582 2434 earum
1596 2413 1683 2441 reges,
1698 2413 1777 2432 unam

993 2460 1021 2481 et
1034 2454 1157 2481 eamdem
1175 2444 1278 2481 dabunt
1293 2461 1386 2480 vocem
1400 2473 1408 2486 ,
1428 2453 1596 2480 calamitates
1610 2459 1673 2480 suas
1684 2452 1778 2485 lugen-

994 2505 1045 2527 tes.
1059 2499 1096 2526 Illi
1117 2507 1181 2526 vero
1197 2499 1319 2534 praedicti
1344 2499 1476 2534 gigantes,
1496 2499 1540 2526 hic
1559 2498 1658 2526 artuali
1678 2497 1775 2525 dicun-

995 2550 1048 2578 tur,
1062 2545 1107 2580 qui
1124 2545 1187 2572 olim
1208 2545 1303 2580 procul
1324 2550 1413 2580 erant,
1429 2550 1456 2572 et
1467 2545 1545 2579 quasi
1559 2545 1586 2571 in
1598 2544 1659 2572 cteli
1679 2544 1777 2570 funda-

994 2592 1094 2620 mentis
1113 2592 1221 2625 inclusi,
1236 2600 1303 2628 quos
1318 2593 1363 2619 ubi
1379 2597 1485 2627 tempus
1507 2595 1610 2623 evocat,
1624 2591 1700 2626 jubet
1718 2591 1778 2617 uni-

993 2646 1132 2666 versorum
1155 2639 1237 2673 jttdex
1267 2638 1407 2671 accedere,
1432 2643 1462 2665 ut
1487 2643 1570 2664 totutu
1591 2636 1777 2672 improborum

992 2683 1101 2716 orbem,
1126 2689 1188 2718 post
1208 2683 1343 2718 justorutu
1374 2683 1602 2719 segregationetn,
1626 2683 1777 2710 destruant.

992 2729 1216 2764 Quandoquidem
1253 2735 1281 2756 et
1306 2730 1333 2756 itt
1369 2728 1522 2762 Evangeliis
1546 2728 1630 2756 Filius
1658 2729 1777 2756 hominis

993 2777 1092 2804 sedens
1106 2776 1133 2803 in
1149 2776 1246 2803 throno
1258 2776 1349 2810 gloria:
1365 2783 1430 2807 suae,
1449 2782 1498 2802 eos
1510 2775 1555 2809 qtti
1569 2783 1585 2802 a
1600 2776 1703 2802 dextris
1714 2781 1778 2803 sunt

996 2823 1106 2859 pritnos
1117 2822 1150 2851 ad
1161 2826 1285 2858 paratum
1307 2821 1372 2857 ipsis
1391 2828 1502 2855 regnum
1526 2829 1589 2850 ante
1607 2823 1778 2851 constitutio-
