2044 3215
277 195 331 226 137

616 194 751 223 EUSEBII
769 192 1007 223 CESARIENSIS
1025 192 1100 221 OPP.
1121 190 1210 219 PARS
1229 185 1328 220 Ill:
1348 188 1554 217 EXEGETICA.

1853 189 1907 217 188

279 266 340 285 nem
351 257 455 289 mundi,
465 261 543 284 vocat
558 265 565 284 :
579 257 678 292 quibus
693 257 838 291 assumptis
849 260 877 282 et
886 256 920 283 ad
930 255 1055 290 promissa

1114 251 1197 279 αὑτοῦ
1212 252 1276 282 τοὺς
1295 257 1329 278 εκ
1347 250 1442 283 δεξιῶν
1456 258 1589 284 -πρωτους
1607 249 1654 275 επὶ
1672 248 1721 284 τὴν
1737 249 1907 284 ἡτοιμασμέ-

277 303 411 334 deductis.
440 303 466 330 in
485 303 604 338 reliquas
630 308 727 337 gentes
750 309 766 329 a
786 301 907 330 sinistris
927 305 1061 336 repertas,

277 350 346 385 ignis
362 349 541 377 comminatio
556 349 683 376 infertur.

310 479 428 511 Veneti,
440 480 467 506 7.
479 488 489 504 ι
504 478 618 510 Ulnlate,
639 485 724 512 prope
744 478 815 505 enim
839 478 895 506 dies
909 478 1063 510 Domini,et

275 527 406 554 contritio
421 534 435 552 a
451 525 566 552 Domino
588 525 688 552 veniet.
709 525 824 560 Propter
838 525 888 552 hoc
901 526 990 552 omnis
1005 533 1061 552 ma-

276 581 328 602 nus
338 572 513 603 dissolvetur,
538 577 565 599 et
579 571 668 598 omnis
689 571 779 598 anima
795 571 913 598 hominis
928 572 1060 599 formida-

276 621 336 647 bit:
356 619 538 646 turbabuntur
554 618 633 653 legati
646 637 654 649 ,
677 622 706 644 et
727 617 836 645 dolores
855 618 927 652 ipsos
944 626 1061 654 occupa-

274 667 350 697 bunt,
364 665 442 700 quasi
462 664 582 691 mulieris
602 663 791 698 parturientis.
805 673 814 690 ι
837 662 960 691 Nondum
981 671 1060 699 ergo,

278 711 326 744 ait,
347 712 449 738 instant
462 718 493 737 ea
506 718 566 744 quae
580 710 607 736 in
621 709 831 737 comminatione
853 709 995 741 feruntur;
1011 710 1059 736 sed

272 757 473 792 quamprimum
501 760 613 782 ventura
641 760 714 783 sunt.
744 755 835 788 Quare
866 760 1061 790 [invertentes

273 803 329 834 illa,
351 801 431 833 fletu,
462 800 589 828 lamentis
612 806 640 828 et
667 800 772 827 ululatu
797 800 880 828 Deum
909 801 1059 835 placantes,

273 848 343 874 mala
362 847 478 874 avertite
493 855 507 874 a
525 847 601 875 vobis
614 854 622 873 :
634 846 746 881 jamjant
763 847 836 874 enim
858 847 986 881 praedicta
1001 847 1059 874 dies

274 897 320 924 ira:
345 896 391 922 Dei
415 894 529 922 aﬂutura
554 899 605 922 est.
631 893 745 929 Legatos
767 899 856 921 autem
879 894 923 921 hic
944 893 1059 921 fortasse

272 947 351 969 vocat
365 948 423 972 eos,
436 941 480 975 qui
493 940 574 967 dictis
589 940 729 967 atheornm
740 940 944 974 patrocinantnr
959 949 965 967 :
979 945 1060 974 atque

271 995 319 1015 eos
337 987 383 1022 qui
399 987 559 1014 idololatriae
577 993 698 1013 errorem
715 990 837 1017 tuentur,
853 993 958 1013 necnon
969 986 1061 1013 docto-

273 1042 317 1061 t'es
326 1035 467 1060 atlieornm
480 1037 507 1059 et
523 1032 667 1065 impiorum
686 1032 842 1067 dogmatum
855 1051 864 1064 ,
881 1039 950 1067 quos
965 1039 1060 1059 recen-

271 1079 322 1106 sita
339 1077 429 1105 omnia
451 1075 589 1104 invadent.

306 1124 388 1151 Vens.
407 1122 503 1150 l0-l2.
527 1131 536 1148 ι
551 1121 619 1148 Nam
635 1121 722 1148 stellte
739 1119 812 1153 cmli,
829 1120 912 1148 Orion
926 1125 953 1148 et
969 1121 1060 1149 omnis

269 1174 381 1197 ornatus
393 1169 465 1201 coeli,
481 1168 567 1195 lucem
584 1175 636 1195 non
655 1168 776 1199 dabunt,
793 1171 825 1194 et-
836 1168 1060 1194 obtenebrabitur

268 1214 327 1242 sole
341 1214 466 1246 oriente,
484 1218 511 1240 et
527 1213 588 1239 luna
614 1219 668 1238 non
683 1212 757 1239 dabit
771 1211 942 1246 splendorem
968 1220 1058 1242 suum.

271 1261 303 1288 Et
316 1260 450 1287 mandabo
464 1260 523 1286 orbi
539 1259 667 1286 universo
688 1258 759 1285 mala
772 1278 780 1290 ,
797 1264 824 1286 et
841 1259 932 1293 impiis
947 1263 1057 1294 peccata

269 1313 376 1332 eorum.
390 1305 424 1332 Et
436 1306 545 1340 perdam
567 1305 693 1338 injnriam
712 1304 867 1338 iniquorum
877 1309 904 1331 et
918 1310 1059 1332 contume-

269 1351 334 1378 liam
353 1351 532 1385 superborum
551 1349 712 1384 deprimam.
729 1359 738 1376 ›
761 1350 865 1377 Etenim
886 1357 1058 1378 consunnna-

271 1396 351 1424 tionis
364 1401 485 1430 tempore
502 1403 590 1430 neque
611 1395 662 1427 sol,
683 1403 770 1430 neque
785 1396 848 1423 luna
860 1416 868 1429 ,
886 1404 973 1432 neque
990 1397 1058 1424 stel<

269 1443 311 1474 Im,
330 1442 373 1475 iis,
392 1442 438 1477 qui
453 1442 624 1477 castigationi
641 1446 669 1469 et
684 1443 816 1476 supplicio
838 1443 960 1470 tradendi
975 1447 1056 1476 sunt,

270 1489 360 1524 lmpiis
383 1488 471 1515 lucem
496 1496 572 1515 suam
590 1488 711 1521 jdabunt.
739 1488 896 1515 Luminaria
921 1494 1011 1517 autem
1041 1497 1057 1517 a

270 1535 421 1563 ministerio
437 1543 486 1562 suo
505 1540 595 1562 amota
621 1534 654 1561 ad
684 1534 764 1561 aliam
783 1535 978 1570 melioremque
994 1543 1057 1563 sor-

271 1588 324 1609 tem
350 1581 512 1613 transibunt,
538 1580 616 1615 quasi
645 1581 880 1616 regenerationem
908 1581 1055 1616 quamdam

268 1633 445 1656 consecutura
457 1647 464 1658 ,
499 1635 585 1660 neque
605 1627 674 1654 ultra
689 1635 836 1662 corporum
862 1627 978 1655 vanitati
995 1635 1055 1655 ser-

270 1672 390 1704 vientis;
406 1672 453 1699 sed
466 1671 581 1698 liberata
591 1679 605 1698 θ
617 1672 748 1699 servitute
759 1673 952 1707 corruptionis,
961 1681 1057 1701 secun-

268 1719 332 1746 dum
346 1718 523 1752 apostolicum
542 1718 666 1745 verbum.
685 1718 791 1745 Ceelnm
806 1719 896 1754 itaque
913 1726 992 1747 vocat
1008 1726 1056 1748 aut

270 1765 396 1793 caelestes
425 1769 582 1799 potestates,
611 1769 658 1792 aut
686 1765 771 1800 ipsam
801 1771 977 1799 creaturam,
1003 1775 1055 1794 una

270 1819 331 1838 cum
358 1811 412 1838 Deo
440 1811 624 1846 indignantem
650 1818 732 1846 super
757 1811 872 1844 insania,
901 1812 1055 1848 arrogantia

268 1862 296 1884 et
311 1857 459 1891 impietate.

303 1944 384 1972 Vens.
404 1945 448 1976 l5,
470 1945 514 1972 l4.
537 1954 547 1971 ι
562 1945 594 1972 Et
617 1948 697 1972 erunt
721 1945 821 1973 residui
840 1946 917 1980 quasi
941 1946 1050 1973 damula

268 1992 392 2026 fugiens,
410 1997 438 2019 et
457 1993 533 2026 quasi
551 1993 610 2020 ovis
629 2000 733 2026 errans,
757 1998 784 2020 et
800 2001 853 2020 non
867 1994 919 2021 erit
931 1994 976 2028 qui
994 2001 1056 2020 con-

267 2042 370 2073 greget,
386 2038 422 2065 ita
436 2043 464 2065 ut
478 2038 560 2066 homo
576 2041 608 2066 ad
623 2040 749 2075 populum
764 2047 842 2067 suum
855 2045 1031 2067 convertatur
1045 2050 1052 2067 :

266 2089 294 2110 et
324 2085 405 2112 homo
433 2085 467 2112 ad
503 2086 640 2120 regionem
674 2094 750 2113 suam
785 2086 907 2121 fugiet.»
941 2087 1055 2121 Fugient

266 2130 366 2165 quippe
382 2130 412 2162 ii,
435 2135 464 2157 ut
487 2131 628 2158 dexterum
643 2131 785 2166 quidpiam
802 2137 993 2166 assequamur,
1012 2132 1055 2160 vel

266 2181 296 2203 ut
310 2176 462 2211 perfugium
480 2177 550 2212 apud
568 2178 722 2212 quempiam
744 2185 777 2205 ex
799 2177 871 2205 notis
888 2178 1028 2206 inveniant
1045 2186 1053 2207 :

265 2223 312 2251 sed
329 2231 382 2252 non
403 2223 541 2250 invenient
555 2233 562 2250 :

1113 307 1161 333 νην
1180 298 1270 328 αὐτοῖς
1288 296 1427 331 βασιλείαν
1449 296 1503 332 πρὸ
1520 295 1673 330 καταϐολῆς
1690 295 1792 330 κόσμου
1808 295 1903 321 καλεῖ·

1111 341 1148 371 ὧν
1165 343 1398 379 παραληφθέντων
1415 342 1461 369 καὶ
1475 341 1654 377 εἰσαχθέντων
1669 341 1715 368 ἑπὶ
1725 341 1775 376 τὴν
1789 342 1906 382 ἐπα-εγε-

1112 389 1181 421 λίαν,
1197 389 1243 415 ἐπὶ
1261 397 1297 415 τα
1315 388 1396 415 λοιπὰ
1411 388 1474 423 ἔθνη
1490 387 1523 414 τὰ
1540 389 1568 414 ὲν
1587 388 1645 418 τοῖς
1661 386 1815 422 ἀριστεροῖς
1829 387 1905 423 εὑρε-

1113 434 1251 470 θησόμενα
1267 436 1283 470 ἡ
1298 434 1396 470 ἀπειλὴ
1412 433 1460 460 τοῦ
1474 434 1560 469 πυρὸς
1577 433 1760 468 ἐξενήνεκται.

1151 490 1160 506 ι
1191 480 1345 512 Ὀλολύζετε
1356 489 1362 495 ’
1379 481 1461 514 ὲγγὺς
1473 479 1528 515 γὰρ
1546 479 1637 515 ἡμέρα
1649 478 1761 514 Κυρίου,
1774 478 1822 505 καὶ
1841 486 1905 505 συν-

1111 525 1191 561 τριϐὴ
1209 525 1284 560 παρὰ
1300 524 1346 551 τοῦ
1367 523 1468 559 Κυρίου
1490 523 1560 558 ἥξει.
1585 522 1635 548 Διὰ
1652 521 1730 549 τοῦτο
1749 522 1824 548 πᾶσα
1841 522 1903 557 χεὶρ

1112 571 1307 606 ὲκλυθήσεται,
1322 570 1369 596 xui.
1395 570 1468 595 πᾶσα
1492 568 1565 603 ψυχὴ
1591 567 1735 602 ἀνθρώπου
1752 566 1902 594 δειλιάσει·

1111 617 1329 652 ταραχθήσονται
1344 616 1368 642 οἱ
1387 614 1524 650 πρέσϐεις,
1539 614 1585 640 xui.
1605 613 1698 645 ὠδῖνες
1715 613 1813 645 αὐτοὺς
1828 613 1904 646 ἔξου-

1112 672 1164 695 σιν,
1188 663 1225 695 ὡς
1248 662 1376 697 γυναικὸς
1399 661 1555 696 τικτούσης.
1581 670 1591 686 ι
1617 659 1700 687 Οῠπω
1724 657 1781 692 οὖν,
1808 661 1900 695 φησιν,

1111 710 1211 745 ἐπέστη
1237 708 1270 735 τὰ
1294 708 1482 743 ὴπειλημένα·
1506 707 1596 742 μέλλει
1621 706 1650 733 δὲ
1669 707 1732 733 ὅσον
1747 705 1833 733 οῠπω,
1855 707 1903 732 Διὸ

1111 755 1302 791 προλαϐόντες,
1326 753 1457 788 κλαυθμῷ
1470 753 1518 779 καὶ
1535 752 1637 788 θρήνῳ,
1657 752 1704 778 καὶ
1723 752 1835 787 ὀλολυγῇ
1855 752 1902 785 ἔξ-

1112 800 1257 828 ιλεὼσασθε
1267 800 1302 826 τὰ
1313 800 1418 826 ἑαυτῶν
1426 799 1508 825 κακά·
1523 798 1613 833 μέλλει
1626 797 1680 834 γὰρ
1693 799 1710 834 ἡ
1721 797 1902 833 προλεχθεῖσα

1111 847 1202 884 ἡμέρα
1226 847 1275 882 τῆς
1291 846 1376 882 ὀργῆς
1387 845 1434 872 τοῦ
1449 844 1517 871 Θεοζ
1528 844 1699 879 ἐφίστασθαι,
1717 844 1753 870 Ἦ
1770 844 1902 880 πρέσϐεις

1111 894 1227 920 ἐνταῦθα
1240 893 1316 920 καλεῖ
1329 893 1391 924 τοὺς
1404 891 1620 928 προῖσταμένους
1631 890 1683 916 τῶν
1693 890 1743 925 τῆς
1755 890 1900 926 ἀθεότητος

1076 929 1097 955 Β
1111 939 1212 974 λόγων,
1229 939 1275 966 καὶ
1298 939 1360 970 τοὺς
1379 937 1579 973 πρεσϐεύοντας
1597 936 1667 973 ὑπὲρ
1690 937 1741 972 τῆς
1759 936 1902 963 εἰδωλολα-

1111 985 1202 1020 τρείας
1219 984 1333 1019 πλάνης,
1351 983 1414 1015 τούς
1430 991 1460 1010 τε
1481 983 1656 1014 διδασκάλους
1670 983 1723 1010 τῶν
1744 983 1831 1010 ἀθέων
1851 983 1902 1010 καὶ

1111 1030 1215 1058 ἀσεϐῶν
1233 1030 1387 1066 δογμάτων,
1407 1029 1454 1061 οὓς
1471 1027 1661 1064 μετελεύσεται
1679 1029 1713 1056 τὰ
1728 1029 1902 1064 κατηριθμη-

1112 1077 1180 1112 μένα
1197 1076 1296 1103 πάντα.
1811 1070 1814 1072 ’

1148 1131 1158 1147 ε
1178 1122 1210 1148 υἱ
1228 1121 1283 1157 γὰρ
1299 1121 1413 1156 ἀστέρες
1429 1121 1474 1148 τοῦ
1488 1120 1613 1157 οὐρανοῦ,
1632 1121 1681 1148 xui.
1694 1121 1708 1147 ὁ
1730 1119 1836 1156 Ὠρίων,
1852 1120 1901 1147 καὶ

1109 1167 1164 1198 πᾶς
1177 1167 1192 1193 ὁ
1210 1167 1311 1202 κόσμος
1327 1166 1372 1192 τοῦ
1394 1166 1520 1202 οὐρανοῦ,
1536 1166 1566 1192 τὸ
1583 1166 1640 1201 φῶς
1656 1166 1686 1192 οὺ
1705 1165 1837 1197 δώσουσι,
1853 1166 1901 1192 καὶ

1110 1213 1317 1249 σκοτισθήσεται
1331 1213 1377 1240 τοῦ
1395 1214 1470 1248 ἡλίου
1487 1213 1686 1246 ἀνατέλλοντος,
1705 1213 1752 1240 xui.
1767 1214 1783 1248 ἠ
1801 1213 1900 1249 σελήνη

1108 1261 1139 1286 οὐ
1159 1259 1240 1287 δώσει
1259 1260 1288 1287 τὸ
1306 1260 1408 1294 φέγγος
1429 1260 1524 1295 αὐτῆς.
1547 1261 1602 1288 Καὶ
1621 1260 1780 1295 ὲντελοῡμαι
1806 1260 1839 1295 τῇ
1861 1260 1900 1286 oi.-

1109 1306 1226 1342 κουμένῃ
1242 1305 1290 1342 ὅλῃ
1307 1306 1395 1337 κακὰ,
1418 1305 1464 1332 xui.
1487 1307 1544 1337 τοῖς
1565 1305 1676 1332 ἀσεϐέσι
1696 1305 1745 1336 τὰς
1764 1305 1900 1340 ἁμαρτίας

1107 1350 1211 1377 αὐτῶν·
1231 1350 1278 1377 xui.
1298 1350 1390 1376 ἀπολῶ
1405 1349 1484 1385 ὓϐριν
1502 1350 1619 1386 ἀνόμων,
1637 1350 1685 1377 καὶ
1708 1349 1786 1385 ὕϐριν
1815 1350 1900 1385 ὑπερ-

1107 1396 1218 1431 ηφάνων
1231 1395 1400 1424 ταπεινώσω.
1422 1405 1432 1422 ι
1452 1397 1530 1423 Κατά
1551 1397 1606 1432 γὰρ
1621 1396 1667 1423 τὸν
1675 1396 1726 1431 τῆς
1745 1396 1900 1428 συντελείας

1107 1442 1202 1478 καιρὸν
1216 1442 1273 1468 οὗθ’
1290 1444 1304 1469 ὁ
1326 1442 1411 1477 ἥλιος,
1428 1441 1483 1469 οὗθ’
1503 1443 1520 1477 ὴ
1540 1442 1649 1477 σελήνη,
1667 1441 1723 1468 οὗθ’
1744 1442 1768 1468 οἱ
1785 1441 1900 1477 ἀστέρες

1106 1489 1163 1520 τοῖς
1180 1487 1289 1514 κολάσει
1305 1488 1352 1515 καὶ
1367 1488 1486 1524 τιμωρίᾳ
1503 1487 1768 1523 παραδοθησομένοις
1787 1487 1898 1514 ἀσεϐέσι

1106 1534 1137 1561 τδ
1151 1534 1254 1561 ἑαυτῶν
1268 1534 1326 1569 φῶς
1343 1535 1373 1561 οὐ
1390 1534 1515 1561 δώσουσι.
1532 1533 1752 1565 Μεταϐάλλοντες
1767 1533 1795 1560 δὲ
1810 1533 1857 1560 xui.
1872 1533 1899 1559 oi

1108 1581 1249 1617 φωστῆρες
1274 1580 1329 1608 ἀπὸ
1350 1580 1400 1616 τῆς
1427 1580 1531 1607 ἑαυτῶν
1549 1580 1702 1616 ὑπηρεσίας
1729 1580 1776 1606 ἐπὶ
1800 1579 1897 1615 ἑτέραν

1107 1626 1201 1661 ἥξουσι
1217 1627 1360 1662 κρείττονα
1375 1626 1462 1661 λῆξιν,
1480 1625 1575 1662 ὥσπερ
1595 1625 1666 1658 τινὸς
1689 1625 1896 1660 παλιγγενεσίας

1105 1672 1278 1708 τευξόμενοι,
1297 1673 1343 1699 καὶ
1369 1672 1467 1708 μηκέτι
1489 1671 1538 1707 μὲν
1555 1673 1587 1706 τῇ
1609 1671 1664 1698 τῶν
1680 1671 1813 1706 σωμάτων
1834 1671 1896 1698 δου-

1105 1718 1229 1750 λεύοντες
1247 1719 1417 1754 ματαιότητι,
1432 1717 1655 1754 ἑλευθερούμενοι
1666 1718 1695 1745 δὲ
1707 1718 1761 1745 ἀπὸ
1773 1719 1823 1753 τῆς
1835 1717 1896 1745 δου-

1087 1765 1179 1797 κλείας
1205 1766 1255 1800 τῆς
1284 1764 1402 1800 φθορᾶς,
1429 1764 1500 1791 κατά
1531 1764 1577 1790 τὸν
1604 1764 1780 1791 ἁποστολικδν
1806 1763 1895 1798 λόγον.

1105 1811 1226 1846 Οὐρανὸν
1247 1809 1391 1845 τοιγαροῦν
1406 1809 1481 1844 λέγει
1504 1809 1520 1845 ἢ
1540 1809 1590 1841 τὰς
1606 1809 1734 1845 οὐρανίας
1755 1810 1894 1845 δυνάμεις,

1105 1856 1122 1891 ἢ
1142 1856 1190 1882 xui.
1213 1856 1299 1892 αὐτὴν
1317 1856 1367 1891 τὴν
1390 1855 1478 1882 κτίσιν
1501 1855 1756 1890 συναγανακτοῦσαν
1770 1855 1809 1891 τῷ
1835 1855 1896 1891 Θεῷ

1105 1903 1152 1929 ἐπὶ
1168 1902 1292 1938 ἀπονοία,
1312 1903 1360 1929 xui.
1376 1901 1529 1938 ἀλαζονείᾳ,
1549 1902 1596 1928 xui
1610 1901 1743 1937 ἀθεότητι.

1143 1957 1153 1974 ι
1179 1949 1235 1975 Καὶ
1252 1948 1358 1975 ἔσονται
1378 1949 1402 1974 οἱ
1424 1947 1666 1982 καταλελειμμένοι
1691 1948 1730 1979 ὡς
1755 1947 1896 1983 δορκάδων

1106 1994 1216 2029 φεῦγον,
1231 1994 1278 2021 καὶ
1292 1994 1330 2026 ὡς
1345 1994 1479 2030 πρόϐατον
1497 1993 1684 2028 πλανώμενον,
1698 1993 1745 2020 xui.
1756 1994 1806 2019 οὐκ
1817 1993 1895 2020 ἔσται

1105 2042 1119 2067 ὸ
1143 2041 1286 2074 συνάγων·
1314 2040 1384 2067 ὥστε
1414 2040 1556 2076 ἄνθρωπον
1581 2040 1622 2071 είς
1648 2039 1694 2066 τὸν
1720 2039 1783 2066 λαὸν
1810 2039 1895 2066 αὑτοῦ

1106 2085 1325 2121 ἀποστραφῆναι,
1350 2085 1397 2111 καὶ
1413 2084 1555 2120 ἄνθρωπος
1577 2085 1617 2116 εἰς
1637 2083 1686 2119 τὴν
1704 2083 1796 2119 χώραν
1812 2083 1895 2110 αὑτοῦ

1106 2131 1244 2166 φεύξεται.
1266 2140 1275 2157 ι
1294 2130 1438 2163 Φεύξονται
1456 2130 1505 2166 μὲν
1518 2130 1573 2165 γὰρ
1588 2130 1614 2156 οἱ
1634 2129 1790 2164 φεύγοντες,
1807 2129 1895 2163 δεξιοῦ

1104 2187 1176 2209 τινος
1193 2179 1294 2213 τυχεῖν,
1314 2177 1331 2213 ἢ
1351 2177 1509 2212 καταφυγὴν
1529 2176 1662 2212 εὐράσθαι
1680 2176 1755 2212 παρά
1769 2185 1822 2202 τινι
1839 2176 1894 2203 τῶν

1104 2224 1260 2260 γνωρίμων,
1277 2224 1307 2250 οὺ
1325 2223 1377 2259 μὴν
1394 2224 1556 2259 εὑρήσουσι·

302 2269 383 2298 Vatis.
407 2269 450 2296 l5.
473 2279 482 2296 ‹
497 2269 555 2297 Non
580 2269 633 2297 erit
658 2270 729 2297 enim
752 2270 797 2305 qni
821 2275 968 2306 congreget
993 2279 1051 2299 eos.

1142 2280 1151 2295 ι
1171 2270 1228 2297 Οὐκ
1248 2270 1324 2297 ἔσται
1340 2269 1394 2305 γὰρ
1415 2270 1430 2295 ὀ
1453 2270 1576 2302 συνάγων
1599 2269 1708 2301 αὐτούς.
1731 2269 1779 2300 ’ος
1791 2268 1845 2304 γὰρ
1862 2268 1895 2295 ἂν

265 2315 333 2342 Nam
350 2315 396 2350 qui
413 2321 508 2350 captus
531 2316 623 2348 fuerit,
639 2317 817 2351 opprimetur,
835 2321 863 2344 et
875 2317 921 2351 qui
938 2324 1052 2353 emigre-

265 2361 318 2396 gati
338 2365 412 2392 sunt,
438 2361 527 2396 gladio
549 2362 656 2388 cadent.
675 2371 684 2386 1
706 2360 846 2394 Quamvis,
875 2362 930 2394 ait,
956 2369 1050 2389 eorum

265 2405 374 2439 quidam
393 2405 455 2440 fuga
471 2405 586 2432 salutem
600 2407 728 2440 consequi
744 2411 889 2438 conentur,
907 2406 932 2433 hi
945 2414 1052 2442 quoque

264 2455 344 2485 captu
358 2450 452 2478 faciles
467 2456 556 2482 erunt,
573 2459 625 2477 non
637 2451 724 2478 dumis
733 2451 862 2485 perfectis
877 2451 1049 2484 salientibus,

265 2503 326 2529 qua:
343 2495 429 2523 levem
454 2497 627 2531 velocemque
652 2504 763 2524 cursum
783 2497 901 2531 habent,
927 2498 1050 2532 similes;

263 2542 310 2569 sed
326 2543 451 2570 damulis.

301 2587 383 2615 Vsus.
404 2588 447 2615 l6.
470 2595 480 2612 ‹
493 2587 526 2614 Et
546 2587 615 2614 ﬁlios
637 2595 730 2615 eorum
754 2588 908 2623 discerpent
927 2589 953 2617 in
983 2597 1051 2617 cott-

265 2637 357 2666 spectu
373 2639 478 2665 eorum,
501 2638 528 2660 et
550 2633 648 2660 domus
663 2641 757 2660 eorum
777 2635 931 2667 vastabunl,
950 2639 978 2661 et
991 2643 1051 2662 mu-

264 2677 344 2704 lieres
361 2685 454 2706 eormn
471 2679 620 2706 habebunt.
636 2689 646 2705 »
669 2679 786 2707 Perinde
808 2687 890 2715 atque
904 2681 978 2708 viros
990 2689 1051 2716 sup-

264 2722 345 2757 plicio
360 2722 481 2755 allectos,
500 2725 630 2752 nnilieres
644 2732 752 2760 quoque
773 2725 941 2760 irreligiosas
956 2730 984 2752 et
999 2726 1050 2752 im-

265 2768 332 2800 pias.
354 2775 416 2803 qua;
441 2769 542 2803 prolem
559 2771 720 2802 ediderant,
746 2771 856 2805 paribus
882 2771 1051 2800 cruciatibus

265 2813 643 2849 allicient:quemadmodum
671 2821 700 2844 et
724 2816 794 2844 filios
817 2824 911 2845 eorum
936 2818 1050 2851 impios,

264 2867 379 2893 quorum
402 2861 509 2892 animae.
536 2867 667 2896 quantum
693 2863 727 2891 ad
751 2871 857 2897 mores,
891 2864 1049 2900 parentibus

267 2906 368 2934 malitia
387 2906 487 2934 similes
500 2911 572 2935 sunt.

1105 2314 1172 2350 ἁλῷ,
1187 2314 1381 2351 ήττηθήσεται,
1405 2313 1453 2341 xui.
1469 2314 1565 2346 οἵτινες
1580 2314 1744 2350 συνηγμένοι
1760 2313 1823 2345 εἰσὶ,
1847 2322 1896 2339 πε-

1107 2360 1215 2387 σοῦνται
1232 2360 1364 2396 μαχαίρᾳ.
1384 2369 1393 2385 ι
1413 2359 1472 2386 Κάν
1486 2367 1558 2390 τινες
1572 2357 1628 2391 οὖν,
1647 2358 1741 2394 φησὶν,
1760 2358 1789 2384 ἐν
1803 2358 1895 2389 αὐτοῖς

1105 2406 1259 2442 πειραθεῖεν
1276 2406 1348 2440 φυγῇ
1364 2405 1414 2441 τὴν
1429 2404 1566 2440 σωτηρίαν
1583 2403 1766 2440 πορίσασθαι·
1786 2404 1833 2430 καὶ
1848 2401 1893 2430 οὖ-

1104 2461 1145 2479 τοι
1162 2452 1290 2479 εὐάλωτοι
1303 2453 1472 2488 γενήσονται,
1489 2452 1519 2478 οὐ
1533 2451 1639 2486 δόρκοις
1653 2450 1766 2482 τελείοις
1783 2451 1894 2485 ἀποπη-

1105 2497 1180 2530 δῶσι,
1199 2497 1298 2532 κοῦφόν
1315 2506 1343 2524 τε
1364 2497 1412 2524 καὶ
1432 2498 1517 2532 ταχὺν
1533 2496 1704 2532 ποιουμένοις
1727 2495 1773 2522 τὸν
1793 2495 1893 2531 δρόμον

1105 2543 1235 2576 ἐοικότες,
1252 2542 1320 2570 ἀλλὰ
1334 2542 1495 2579 δορκαδίοις.

1142 2600 1152 2616 ‹
1176 2590 1231 2616 Kui.
1249 2590 1284 2616 τὰ.
1302 2589 1384 2616 τέκνα
1401 2589 1490 2616 αὐτῶν
1511 2588 1637 2624 ῥήξουσιν
1654 2587 1768 2615 ἑνώπιον
1792 2588 1891 2621 αὐτῶν,

1104 2636 1150 2662 xui.
1169 2636 1217 2667 τὰς
1234 2635 1322 2666 οἰκίας
1344 2634 1435 2662 αὐτῶν
1457 2635 1682 2670 προνομεύσουσι,
1705 2634 1753 2661 καὶ
1773 2634 1823 2666 τὰς
1844 2643 1893 2669 γυ-

1103 2683 1200 2712 ναῖκας
1214 2680 1303 2708 αὐτῶν
1316 2681 1430 2713 ἕξουσιν.
1449 2690 1459 2706 ›
1479 2681 1593 2715 Ὀμοίως
1605 2680 1660 2716 γὰρ
1674 2679 1729 2716 ἄρα
1736 2682 1796 2712 (τοῖς
1813 2681 1892 2707 κολα-

1104 2727 1228 2762 ζομένοις
1244 2727 1356 2762 ἀνδράσι
1380 2728 1426 2753 καὶ
1450 2727 1499 2759 τὰς
1519 2726 1620 2753 τούτων
1640 2728 1772 2761 γυναῖκας
1794 2726 1891 2758 ἀθέους

1106 2773 1152 2800 xui.
1167 2772 1275 2804 ἀσεϐεῖς
1292 2773 1338 2799 καὶ
1355 2772 1405 2805 τὰς
1421 2773 1585 2808 γειναμένας
1600 2774 1660 2804 ταῖς
1684 2773 1757 2805 ἴσαις
1771 2771 1888 2800 611066)?-

1104 2819 1178 2845 λουσι
1191 2819 1352 2854 τιμωρίαις“,
1367 2818 1461 2856 ῶσπερ
1474 2817 1522 2846 οὖν
1535 2819 1582 2846 καὶ
1594 2819 1629 2845 τιὰ
1643 2819 1726 2846 τέκνα
1745 2819 1832 2845 αὐτῶν
1855 2818 1890 2846 τὰ

1103 2864 1200 2899 ἀσεϐῆ,
1211 2864 1259 2896 τὰς
1269 2864 1381 2897 οἰκείας,
1398 2866 1444 2892 καὶ
1454 2867 1486 2901 τῇ
1500 2865 1555 2893 τῶν
1567 2865 1674 2900 τρόπων
1687 2864 1777 2892 αὐτῶν
1788 2864 1888 2900 μοχθη-

1106 2911 1151 2948 ρία
1165 2910 1378 2944 Ξξοικειωθείςας
1392 2913 1438 2940 καὶ
1453 2912 1686 2949 παρομοιωοείσας
1697 2911 1793 2947 ψυχάς.
