2044 3215
115 202 168 250 ξδθ

594 204 847 233 οσιιΜΕΝτΑιιιΑ
864 206 898 234 IN
915 206 1045 234 ISAIAM.
1065 220 1104 231 -ν
1119 206 1197 235 CAP.
1216 204 1286 233 XII}.

1692 203 1743 232 190

152 270 163 287 ε
196 261 263 289 Ἰδοὺ
286 262 412 298 ἐπεγερῶ
430 262 494 298 ὑμῖν
515 262 580 295 τοὺς
601 263 720 299 Μήδους,
740 264 765 291 οἳ
786 265 816 290 οὐ
832 265 903 299 λογί-

992 265 1077 293 Vn.
1097 264 1142 292 l7.
1166 264 1260 293 tEcce
1286 262 1423 292 suscitabo
1455 262 1533 291 vobis
1560 263 1664 296 Medos,
1695 263 1740 298 qui

114 307 207 340 ζονται
223 308 364 344 ἀργύριον,
381 300 442 335 οὺδὶ
458 308 569 343 χρυσίου
585 309 678 345 χρείαν
694 310 795 345 ἔχουσι,
811 310 904 342 τοξεὺ-

116 362 190 389 ματα
208 353 359 380 νεανίσκων
379 354 563 389 συντρίψουσι.
591 365 601 381 ι
625 355 704 389 Μέγα
725 355 773 390 μὲν
785 355 840 392 γὰρ
854 356 903 383 αὺ-

114 401 171 431 τοῖς
188 400 234 426 ἐπὶ
252 401 313 431 ταῖς
327 400 443 432 τοξείαις
457 401 486 426 τὸ
502 401 625 436 φύσημα,
640 402 727 428 καὶτὸ
739 402 862 437 εὑτεχνὲς
877 403 904 429 ὲν

114 446 220 478 τούτοις
239 446 378 474 ποιοῦνται
399 448 462 483 περὶ
480 448 594 474 πολλοῦ·
614 448 671 474 ἀλλ’
686 449 784 483 ἥττους
800 449 904 475 ἔσονται

114 491 171 517 τῶν
190 491 304 527 ἐχθρῶν.
329 493 446 527 Σκληροὶ
464 493 492 518 δὲ
512 493 582 519 οὓτω
603 494 650 519 καὶ
670 494 905 529 ἁφιλοικτίρμονες

115 538 140 563 οἱ
156 538 337 572 νενικηκότες,
353 538 389 570 ὼς
408 538 474 573 μηδὲ
491 539 540 573 τῆς
557 539 675 573 ἐλεεινῆς
693 539 800 573 ἡλικίας
823 539 905 573 φειδὼ

116 583 251 610 ποιεῖσθαί
271 592 340 610 τινα.
360 584 404 619 Τῷ
420 585 448 610 δὲ
466 585 595 619 φάσκοντι
620 585 701 620 λόγῳ,
718 594 727 610 t
760 586 824 612 Ἰδοὺ
842 586 905 612 ὲπε-

114 629 188 665 γερῶ
203 630 268 665 ὑμῖν
281 631 342 662 τοὺς
360 631 478 665 Μήδους,
499 641 508 656 ι
534 633 668 667 μαρτυρεῖ
689 632 767 667 ήτῆς
786 632 904 667 ἱστορίας

114 678 236 709 εκῆασις,
258 678 433 714 ἀνάγραπτος
451 677 517 705 οὖσα
541 679 616 714 παρὰ
637 680 694 710 τοῖς
723 679 855 714 Ἑλλήνων
870 679 904 705 τὰ

115 724 255 750 Χαλδαῖκᾶ
275 725 323 751 καὶ
341 724 375 750 τὰ
396 724 563 760 Ἀσσυριακὰ
584 725 832 760 συγγραψαμένοις,
850 727 904 756 τοῖς

114 778 143 795 τε
160 770 194 796 τὰ
217 770 327 805 Μηδικὰ
350 770 531 806 ἱστορηκόσινι
554 768 591 797 ὧν
614 772 659 797 καὶ
683 772 763 806 ἡμεῖς
776 771 904 802 πλείστας

115 816 298 851 ἀνελεξάμεθα
309 817 460 853 μαρτυρίας
473 818 500 842 ἐν
515 818 570 849 τοῖς
586 817 739 852 πονηθεῖσιν
754 819 818 853 ἡμῖν
833 818 904 851 Χρο-

115 863 211 895 νικοῖς
223 864 430 898 συγγράμμασι.
460 864 601 890 Φαίνονται
629 864 718 890 τοίνυν
742 864 829 898 Μῆδοι
855 863 903 899 τὴν

121 909 271 944 Ἀσσυρίων
284 908 443 940 καθελόντες
457 911 554 945 ἀρχήν·
571 910 681 941 τούτους
693 919 722 936 τε
738 910 829 945 Κῦρος
842 910 904 936 ὐπο-

957 316 1099 347 ιιτεθιιιιιιη
1114 319 1168 339 non
1184 315 1292 343 curant,
1306 317 1355 337 nec
1370 317 1437 337 auro
1448 317 1516 344 opus
1538 310 1648 342 habent,
1662 316 1743 336 arena

954 356 1084 392 iuvenum
1108 361 1261 385 conterent.
1279 365 1289 382 ι
1313 355 1426 390 Magnus
1446 355 1555 390 quidem
1575 354 1628 382 illis
1652 360 1742 382 ιιιιιιοι·

956 403 1026 430 inest
1049 405 1083 430 ob
1106 404 1250 436 sagittandi
1270 404 1416 438 peritiam,
1441 409 1523 436 quam
1546 406 1632 427 artem
1658 401 1743 435 pluris

956 450 1076 482 faciunt,
1102 450 1147 477 sed
1178 451 1295 477 inimicis
1324 450 1467 477 inferiores
1497 452 1588 475 erunt.
1618 447 1743 474 Victores

956 504 1036 530 porro
1052 501 1125 522 tanta
1139 496 1238 523 duritie
1252 503 1278 523 et
1291 497 1460 522 immanitate
1481 500 1561 522 erunt
1572 514 1579 526 ,
1595 498 1624 520 nt
1637 501 1670 520 ne
1683 495 1743 527 qni-

956 543 1015 569 dem
1031 547 1127 569 tenene
1140 547 1166 569 et
1181 543 1213 569 ad
1229 543 1444 569 miscricordiam
1458 541 1574 568 moventi
1593 540 1665 567 artati
1680 547 1743 574 pur-

956 592 1027 614 canl.
1055 588 1122 615 Huic
1147 593 1242 614 autetn-
1263 588 1353 620 dicto,
1389 588 1482 614 «Ecce
1504 587 1642 614 suscitabo
1666 586 1743 612 vobis

955 633 1059 665 Medos,
1074 644 1083 660 ι
1102 635 1158 668 ipse
1174 634 1292 661 historia:
1303 638 1416 660 eventus
1440 633 1623 661 testimonium
1642 632 1717 659 addit
1733 638 1742 658 :

955 687 1014 713 qua:
1031 680 1139 707 historia
1151 681 1219 715 apud
1233 679 1352 711 Grarcos,
1369 680 1414 714 qui
1425 679 1581 710 Chaldaica,
1594 678 1738 713 Assyriaca

955 730 982 751 et
1017 725 1119 752 Medica
1158 726 1325 760 scripserunt
1359 725 1656 759 rcpcritnrzqnornm
1693 732 1742 750 nos

956 772 1039 798 multa
1059 772 1211 799 testimonia
1228 771 1386 806 collegimus
1408 771 1434 798 in
1457 770 1595 797 C/ironicis
1612 778 1673 805 qua:
1686 770 1744 797 edi-

955 818 1053 844 dimus.
1082 817 1150 844 Medi
1179 818 1268 852 itaque
1293 817 1465 852 Assyriorum
1484 817 1627 851 imperium
1642 821 1744 843 everte-

956 868 1019 889 runt
1033 872 1039 890 :
1055 863 1114 890 illos
1129 871 1194 890 vero
1210 864 1260 890 sibi
1282 863 1397 897 subjecit
1411 863 1509 897 Cyrus,
1528 862 1631 897 primus
1647 861 1743 888 Persa-

957 917 1014 936 rum
1030 917 1084 939 rex,
1104 909 1150 943 qui
1171 909 1325 936 Judzeorum
1346 910 1532 944 captivitatem
1553 908 1678 935 dimisit:
1697 907 1743 934 de-

115 955 196 988 τάξας
209 957 223 982 ὁ
240 956 353 991 Περσῶν
368 956 492 991 βασιλεὺς
500 956 627 992 νιτρῶτος,
646 957 659 983 ὁ
680 957 725 983 καὶ
742 957 790 990 τὴν
805 957 902 991 αἰχμα-

956 955 1047 989 ditque
1065 954 1165 982 Judais
1183 963 1231 989 pro
1251 955 1335 982 lnbito
1356 956 1382 982 in
1401 955 1537 990 regionem
1560 961 1638 980 suam
1662 953 1744 980 remi»

116 1001 213 1028 λωσίαν
232 1002 286 1028 τῶν
307 1003 442 1028 Ἰουδαίων
458 1003 545 1034 ἀνείς·
570 1003 616 1029 καὶ
632 1003 693 1034 δοὺς
710 1003 832 1034 ἐξουσίαν
847 1003 902 1034 τοῖς

117 1048 237 1074 θέλουσιν
255 1048 342 1075 αὐτῶν
355 1050 394 1080 εἰς
409 1050 457 1084 τὴν
474 1049 575 1075 οἰκείαν
593 1049 732 1076 ἐπανιέναι
747 1048 902 1086 χώριιν,κα⁵ι

118 1094 267 1129 ἐνεγείρειν
284 1094 328 1120 τὸν
344 1095 406 1120 ναὸν
421 1095 465 1121 τοῦ
484 1095 559 1121 Θεοῦ.

156 1150 165 1165 ‹
182 1141 237 1166 Καὶ
252 1140 325 1167 ἔσται
342 1140 506 1175 Βαϐυλὼν,ἦ
528 1141 648 1167 καλεῖται
666 1141 768 1173 ἔνδοξος
784 1141 838 1167 ἀπὸ
853 1141 901 1175 βα-

119 1186 214 1218 σιλέως
227 1186 374 1218 Χαλδαίων,
392 1187 420 1213 ὃν
435 1187 533 1223 τρόπον
549 1187 731 1222 κατέστρεψεν
748 1188 761 1213 ὁ
776 1187 841 1218 Θεὸς
855 1187 903 1213 Σό-

117 1233 184 1267 δομα
214 1233 260 1259 καὶ
291 1233 434 1268 Γόμορρα,
466 1233 496 1258 οὐ
527 1232 755 1267 κατοικηῢήσεται
787 1234 826 1264 εἰς
857 1233 902 1259 τὸν

115 1277 206 1304 αἰῶνα.
229 1286 238 1303 ι
265 1277 404 1312 Ἀοίκητος
423 1277 450 1303 δὲ
472 1278 518 1303 καὶ
541 1277 679 1308 παντελῶς
701 1278 801 1312 ἕρημος
818 1277 901 1303 εἰσέτι

114 1323 161 1350 καὶ
176 1323 222 1349 νῦν
238 1324 334 1358 ὁρᾶται
351 1325 367 1359 ἡ
392 1323 535 1349 Βαϐυλών⁸
560 1323 697 1358 μάρτυρες
718 1323 746 1349 δὲ
761 1323 860 1349 τούτων
877 1324 901 1349 oi

113 1371 143 1395 ἐκ
159 1369 214 1395 τῶν
230 1369 320 1395 τόπων
337 1369 449 1395 ἐκείνων
468 1369 534 1404 πρὸς
553 1370 626 1403 ἡμᾶς
646 1368 845 1404 ἀφικνούμενοι.

149 1424 158 1439 ι
188 1414 249 1441 Οὐδ’
273 1414 303 1440 οὐ
328 1414 364 1448 μὴ
391 1414 546 1439 εἰσέλθωσιν
570 1415 609 1444 εἰς
626 1414 709 1449 αὐτὴν
732 1414 775 1440 διὰ
797 1414 901 1441 πολλῶν

111 1460 223 1494 γενεῶν,
240 1460 294 1486 οὐδ’
308 1460 338 1486 οὐ
361 1459 397 1494 μὴ
419 1458 558 1485 ὃιέλΟωσιν
581 1460 664 1494 αὐτὴν
686 1459 819 1494 Ἄραϐες,
842 1460 901 1485 οὐδὲ

111 1506 242 1541 ποιμένες
257 1506 287 1532 οὐ
310 1504 346 1540 μὴ
362 1504 570 1531 ἅναπαύσωνται
587 1505 615 1530 ὲν
633 1505 712 1539 αὐτῇ.
735 1515 743 1530 ι
764 1505 841 1531 Οὕτω
856 1506 902 1540 δη-

108 1551 261 1586 λουμένων,
277 1552 312 1582 ὡς
327 1549 413 1586 οἶμαι,
430 1551 485 1577 τῶν
500 1552 565 1585 παρ’
579 1552 643 1586 ἡμῖν
663 1550 834 1586 καλουμένων
852 1552 902 1578 Σαη

107 1597 249 1633 ρακηνῶν,
267 1598 303 1629 οἳ,
317 1597 366 1629 τὰς
387 1597 579 1633 πραγματείας
603 1598 774 1633 ποιούμενοι,
791 1599 836 1625 καὶ
859 1600 901 1625 ἐπ’

955 1000 1049 1034 grandi
1062 1008 1094 1027 ac
1115 1000 1205 1034 templi
1223 1000 1267 1027 Dei
1282 1000 1454 1027 restaurandi
1468 999 1636 1026 facultatem.

992 1133 1072 1160 Vens.
1094 1133 1138 1160 i9.
1161 1142 1170 1158 t
1185 1132 1216 1159 Et
1243 1132 1294 1159 erit
1319 1131 1452 1166 Babylon,
1479 1138 1539 1165 qua:
1561 1134 1673 1157 vocatur
1688 1129 1744 1164 glo~

955 1181 1025 1207 riosa
1046 1188 1060 1206 a
1087 1188 1149 1214 rege
1172 1179 1371 1210 Chaldaeorum,
1398 1177 1625 1212 quemadmodum
1645 1176 1744 1204 evertit

955 1228 1024 1254 Deus
1042 1227 1186 1254 Sodomam
1202 1230 1226 1252 et
1242 1225 1422 1252 Gomorrham
1433 1246 1439 1258 ,
1455 1232 1507 1252 non
1527 1224 1698 1251 habitabitur
1713 1224 1741 1250 in

955 1274 1093 1300 smculum.
1109 1282 1118 1298 ι
1146 1271 1296 1299 lnhabitnla
1312 1277 1338 1298 ct
1354 1272 1487 1298 hactenus
1507 1271 1612 1297 deserta
1630 1275 1671 1297 est
1691 1268 1744 1296 Ba-

957 1320 1047 1355 bylon.
1069 1326 1149 1351 quam
1166 1326 1221 1345 rem
1241 1317 1421 1344 testificantur
1440 1317 1486 1352 qui
1502 1324 1535 1344 ex
1558 1316 1624 1343 locis
1641 1315 1694 1342 illis
1711 1316 1743 1342 ad

955 1373 1003 1392 nos
1024 1365 1145 1391 veniunt.

993 1421 1002 1436 ‹
1016 1410 1073 1437 Non
1101 1410 1288 1445 ingredientur
1310 1409 1336 1435 in
1355 1416 1414 1436 eam
1439 1415 1485 1443 per
1507 1408 1605 1435 multas
1630 1414 1745 1442 genera-

957 1457 1054 1487 tiones,
1083 1463 1171 1489 neqne
1196 1454 1349 1481 transibunt
1371 1460 1418 1487 per
1442 1460 1501 1479 cam
1520 1452 1639 1483 Arabes,
1658 1459 1744 1484 neque

955 1510 1077 1538 pastores
1107 1502 1280 1536 requiescent
1309 1501 1337 1527 in
1370 1508 1411 1527 ea.
1436 1509 1445 1527 )
1479 1500 1560 1532 Queis
1587 1498 1744 1533 significau-

957 1554 1009 1580 tur,
1029 1553 1057 1574 ut
1072 1547 1193 1578 restituo,
1218 1547 1246 1578 ii,
1265 1546 1310 1580 qui
1337 1546 1406 1580 apud
1428 1553 1476 1572 nos
1494 1545 1622 1571 Saraceni
1646 1551 1745 1570 vocan-

957 1600 1009 1626 tur,
1028 1593 1074 1628 qui
1093 1594 1305 1628 negotiationem
1321 1596 1462 1623 exercent,
1485 1596 1513 1618 et
1535 1591 1561 1617 in
1582 1591 1639 1625 ipsa
1655 1590 1743 1625 Baby-

105 1643 197 1678 αὐτῆς
212 1643 370 1674 Βαϐυλῶνος
381 1643 410 1669 τὸ
423 1644 535 1669 παλαιὸν
546 1644 777 1678 ἑσκηνοποιοῦντο.
791 1645 903 1677 Φευκτὸς

958 1641 1018 1667 Ione.
1044 1639 1108 1666 olim
1140 1639 1255 1666 tentoria
1285 1640 1430 1672 ponebant.
1449 1636 1539 1672 Usque
1563 1637 1630 1663 adeo
1654 1640 1743 1662 autetn

104 1690 133 1715 δὲ
154 1688 224 1715 οὕτω
239 1690 285 1715 καὶ
301 1691 355 1720 τοῖς
370 1690 491 1725 ὁμόροις,
507 1690 552 1715 καὶ
571 1692 626 1721 τοῖς
639 1690 668 1722 ἐξ
685 1690 778 1723 ἔθνους
798 1692 904 1726 μακροῦ

107 1735 317 1771 περινοστοῦσιν
342 1736 441 1771 αὐτὴν,
468 1736 505 1767 ὡς
536 1736 602 1771 μηδὲ
629 1736 761 1771 ποιμένας
788 1738 851 1768 τοὺς
877 1737 906 1769 ἐξ

114 1780 245 1816 Ἀράϐων
263 1781 452 1815 κατανεμῆσαί
472 1790 498 1807 τι
523 1781 576 1807 τῶν
598 1782 669 1807 ίδίων
691 1781 855 1817 θρεμμάτων
877 1783 905 1808 ὲν

106 1827 194 1860 αὐτῇ,
211 1825 256 1851 διά
279 1834 319 1851 τοι
336 1826 365 1851 τὸ
389 1826 553 1861 ἠρημῶσθαι
571 1826 719 1858 παντελῶς.
753 1827 849 1853 ’ἰστέον
865 1827 903 1859 δὲ,

105 1872 151 1897 ὅτι
167 1869 204 1895 τίι
224 1870 389 1905 Σαρακηνῶν
406 1871 480 1905 ἔθνη,
496 1871 542 1896 καὶ
560 1872 656 1906 μέχρις
679 1872 763 1906 αὐτῆς
779 1872 906 1907 διήκοντα

105 1916 160 1951 τῆς
185 1914 334 1949 Ἀσσυρίων
354 1915 400 1940 καὶ
417 1915 466 1949 τὴν
492 1916 619 1942 ἐσωτάτω
634 1917 768 1951 νεμόμενα
791 1917 903 1952 ἔρημον,

107 1960 239 1997 ’Ἃραῦας
253 1959 396 1995 ὀνομάζει³
415 1960 522 1994 γείτονα
537 1961 592 1995 γὰρ
609 1960 699 1996 ἔχουσι
715 1962 763 1997 τὴν
784 1962 906 1997 Ἀράϐων

109 2008 217 2043 χώραν.

147 2062 158 2080 ι
176 2053 232 2080 Καὶ
253 2052 456 2079 ἀναπαύσονται
478 2053 537 2079 ἐκεῖ
559 2052 657 2089 θηρία·
683 2054 729 2080 καὶ
745 2054 906 2090 ἐμπλησθή-

105 2106 205 2124 σονται
221 2097 249 2123 αἱ
265 2096 348 2124 οἰκίαι
362 2097 446 2133 ἤχου·
464 2098 511 2124 καὶ
525 2098 728 2126 ἀναπαύσονται
743 2100 801 2126 ἐκεῖ
817 2100 906 2136 σειρῆ-

105 2152 166 2175 νες,
185 2143 233 2170 καὶ
245 2143 369 2179 δαιμόνια
384 2144 444 2170 ἐκεῖ
459 2143 633 2180 ὀρχήσονται,
651 2145 698 2172 καὶ
718 2145 905 2182 ὸνοκένταυροι

104 2191 170 2217 ἐκεῖ
190 2190 418 2226 κατοικίμοιισιν⁵
440 2191 488 2217 καὶ
511 2192 751 2227 νοσσοποιήσονσιν
775 2193 858 2228 ἐχῖνοι
876 2193 905 2220 ὲν

104 2238 167 2269 τοῖς
187 2235 273 2268 οἴκοις
293 2236 392 2269 αὐτῶν,
419 2237 486 2272 ταχὺ
512 2237 621 2274 ἔρχεται
638 2238 685 2265 καὶ
707 2239 737 2265 οὐ
761 2240 870 2274 χρονιεῖ.
892 2248 902 2265 ι

104 2282 173 2309 Τῶν
193 2282 242 2317 μὲν
256 2280 303 2309 οὖν
316 2283 430 2319 ἡμέρων
443 2283 490 2310 καὶ
506 2283 624 2318 λογικῶν
640 2284 717 2316 ζώων
733 2285 836 2321 ἔρημον
855 2294 905 2313 κα-

102 2329 250 2364 ταστήσας
274 2329 322 2365 τὴν
334 2330 501 2363 ιΒαϐυλῶνα,
524 2331 602 2358 οὐδὲν
616 2332 736 2367 οἰκήσειν
759 2332 881 2364 θεσπίζει
893 2341 901 2348 ·

104 2375 198 2412 θηρία
214 2375 242 2401 δέ
266 2384 327 2403 τινα
348 2376 435 2412 ἄδηλα
450 2378 517 2412 ἡμῖν
541 2377 589 2404 καὶ
614 2378 749 2412 ἄγνωστα,
773 2378 902 2414 δαίμονάς

102 2430 190 2454 τινας
201 2422 249 2448 καὶ
263 2422 405 2457 πνεύματά
415 2432 476 2450 τινα
491 2423 584 2459 ἀπηνῆ
596 2424 642 2450 καὶ
654 2424 779 2461 ἀνήμερα
792 2424 902 2452 ἔσεσθαι

103 2469 136 2495 ὲν
155 2467 227 2501 αὐτῇ
253 2474 327 2501 φησι.
351 2467 394 2493 Διὸ
419 2467 478 2494 ἀντὶ
498 2468 557 2501 τοῦ,
583 2478 592 2494 ι
606 2468 697 2504 θηρία,
710 2478 720 2495 ι
734 2479 743 2495 ι
755 2469 836 2496 σείειν
848 2479 857 2495 ι
879 2471 903 2496 οἱ

102 2512 202 2541 λοιποὶ
217 2512 382 2548 ἑρμηνευταὶ
395 2513 557 2540 ὲκδεδώκασι
567 2523 574 2529 ·
589 2514 636 2541 καὶ
649 2515 710 2541 ἀντὶ
719 2515 776 2548 τοῦ,
791 2525 801 2541 t
815 2516 904 2551 σειρῆ-

102 2568 166 2591 νες,
188 2568 197 2583 ι
215 2568 224 2583 ι
246 2557 509 2593 στρουθοκαμήλους,
529 2569 537 2585 ι
551 2561 695 2596 είρήκασι·
711 2561 758 2587 καὶ
771 2561 832 2587 ἀντὶ
842 2561 901 2594 τοῦ,

107 2618 117 2631 ι
138 2603 345 2639 ὀνοκένταυροι,
366 2612 376 2629 t
398 2613 406 2628 ι
426 2604 517 2636 σείειν,
537 2615 547 2630 ι
566 2605 732 2642 ἀνέγραψαν,
749 2606 816 2642 αὐτῇ
833 2615 902 2642 χρη-

104 2651 225 2686 σάμενοι
239 2650 272 2684 τῇ
293 2648 414 2684 Ἐσραῖδι
436 2651 511 2685 φωνῇ
526 2650 569 2677 διὰ
582 2651 613 2677 τὸ
630 2651 727 2687 ἄδηλον
743 2652 793 2686 τῆς
813 2653 902 2688 ἑρμη-

103 2697 195 2726 νείας
211 2695 279 2722 ἀλλὰ
296 2695 343 2721 καὶ
356 2695 426 2726 ἀντὶ,
442 2695 713 2733 εὲχίνων,ιὸμοίωςοί
729 2700 802 2733 τρεῖς
816 2699 903 2734 ἑρμη-

103 2741 215 2777 νευταὶ,
233 2750 242 2766 ι
259 2741 403 2776 σειρῆνας,
422 2750 432 2766 ι
446 2742 618 2776 ἡρμήνευσαν
630 2752 637 2759 ’
662 2744 733 2779 τάχα
740 2753 791 2771 που
805 2744 850 2771 διὰ
873 2745 904 2771 τὸ

95 2786 251 2822 ’ἀπατηλὸν
262 2787 315 2813 τῶν
329 2787 458 2813 τοιούτων
469 2787 613 2822 δαιμόνων.
635 2790 711 2816 Ἐπεὶ
724 2790 789 2825 παρ’
807 2790 904 2826 Ἔλλη-

104 2842 150 2860 σιν
176 2832 312 2867 ήδύιρωνοί
334 2841 406 2864 τιντς
423 2830 503 2860 αὗται
518 2834 566 2860 καὶ
582 2834 714 2870 ἀπατηλοὶ
739 2835 903 2870 γεγενῆσθαι

105 2878 338 2915 μνημονεύονται.
363 2888 373 2904 t
396 2879 473 2914 Ταχὺ
495 2878 613 2915 ἔρχεται,
637 2881 684 2907 καὶ
705 2881 736 2907 οὐ
758 2883 869 2917 χρονιεῖ.
891 2892 901 2908 ι

105 2926 203 2957 Ἅπας
211 2933 241 2959 γε
259 2925 312 2961 μὴν
332 2926 378 2952 καὶ
394 2925 569 2961 νομιζόμενος
585 2926 659 2963 παρὰ
675 2927 826 2963 ἀνθρώποις
852 2937 904 2964 μα-

956 1694 1050 1721 perosa
1069 1689 1128 1712 erat
1144 1691 1198 1712 tmn
1216 1685 1314 1712 vicinis
1327 1705 1334 1716 ,
1362 1690 1418 1711 tmn
1437 1684 1594 1717 longinquis
1618 1687 1646 1709 t-t
1667 1690 1745 1716 pere-

956 1733 1129 1767 grinantibus
1146 1732 1289 1766 gentibus,
1305 1736 1333 1757 ut
1354 1738 1387 1757 ne
1409 1735 1531 1764 pastores
1549 1730 1657 1764 quidem
1676 1728 1745 1755 Ara-

956 1777 1018 1804 bum
1050 1784 1146 1812 pecora
1176 1783 1224 1803 sua
1256 1776 1310 1803 illic
1334 1775 1460 1810 pascendi
1491 1782 1573 1802 causa
1603 1774 1743 1804 ducerent,

956 1825 1018 1860 quia
1054 1825 1162 1859 penitus
1191 1825 1298 1851 deserta
1325 1827 1352 1850 et
1379 1822 1479 1849 inculta
1504 1825 1571 1848 erat.
1597 1820 1742 1846 Sciendum

956 1875 1045 1896 autem
1071 1875 1114 1896 est
1140 1869 1341 1896 Saracenorum
1371 1872 1478 1901 gentes,
1507 1873 1567 1900 quae
1594 1871 1679 1898 usque
1709 1864 1744 1890 ad

956 1917 1041 1951 ipsam
1057 1916 1230 1951 Assyriorum
1247 1919 1347 1942 terram
1367 1913 1534 1948 pertingnnt,
1559 1916 1642 1945 atque
1670 1911 1742 1937 inte.

956 1964 1056 1989 riorem
1074 1962 1247 1989 solitudinem
1263 1960 1394 1989 incolunt,
1408 1959 1514 1985 Arabas
1535 1958 1578 1984 hic
1590 1957 1742 1991 nominari:

955 2016 1017 2035 nam
1032 2008 1152 2034 Arabum
1169 2007 1305 2041 regionem
1328 2006 1472 2032 Iinititnam
1490 2004 1602 2031 habent.

991 2054 1074 2082 Vens.
1093 2053 1140 2086 21,
1159 2053 1206 2080 22.
1238 2052 1294 2079 «Et
1322 2051 1493 2078 accubabunt
1519 2050 1555 2077 lbi
1581 2051 1693 2082 bestiae;
1717 2054 1745 2077 et

955 2100 1134 2136 replebantur
1147 2100 1246 2126 domus
1258 2098 1359 2126 sonitu.
1377 2097 1410 2124 Et
1428 2096 1600 2132 requiescent
1621 2096 1657 2123 ibi
1674 2098 1744 2123 sire-

955 2154 1015 2179 nes,
1046 2151 1075 2173 et
1099 2145 1233 2173 daemonia
1250 2144 1286 2171 ibi
1318 2143 1467 2176 saltabunt,
1493 2141 1669 2170 onocentauri
1689 2141 1746 2169 illic

954 2192 1141 2220 babitabunt:
1159 2195 1187 2218 et
1204 2190 1381 2218 nidiﬁcabunt
1410 2188 1545 2217 herinacii
1568 2188 1595 2216 in
1620 2188 1745 2215 domibus

954 2245 1060 2270 eorum,
1083 2237 1137 2264 cito
1161 2236 1260 2269 veniet,
1282 2239 1313 2263 et
1330 2242 1383 2262 non
1413 2234 1540 2262 tardabit.
1556 2243 1565 2259 I
1596 2233 1744 2267 Postquam

958 2287 1166 2311 mansuetorum
1184 2287 1211 2310 et
1239 2280 1440 2309 rationabilium
1461 2280 1618 2307 animalium
1631 2286 1744 2306 vacuam

957 2331 1124 2366 Babylonem
1145 2330 1339 2360 constituerat,
1362 2336 1377 2355 a
1401 2327 1475 2354 nullo
1493 2326 1667 2354 habitandam
1684 2333 1745 2353 esse

956 2376 1139 2408 vaticinatur;
1162 2375 1211 2403 sed
1235 2375 1366 2410 quasdam
1383 2374 1490 2409 ignotas
1507 2373 1586 2401 nobis
1607 2372 1696 2404 feras,
1717 2376 1746 2398 et

958 2422 1096 2450 daemones
1110 2420 1244 2456 quosdam
1259 2420 1427 2455 spiritusque
1436 2419 1562 2447 crudeles
1574 2424 1601 2446 et
1613 2419 1745 2445 immanes

958 2468 996 2496 ibi
1016 2467 1126 2495 futuros
1141 2474 1202 2494 esse
1214 2466 1262 2493 ait.
1278 2466 1369 2499 Quare
1380 2474 1430 2501 pro
1442 2465 1487 2492 illo
1505 2474 1514 2491 ι
1529 2464 1632 2496 bestias,
1644 2473 1654 2490 ι
1680 2464 1744 2491 reli-

957 2514 1004 2549 qui
1021 2514 1194 2548 interpretes,
1225 2522 1235 2539 t
1247 2513 1299 2541 siin
1314 2522 1324 2539 ι
1351 2513 1513 2543 ediderunt;
1528 2515 1556 2539 et
1580 2511 1639 2538 loco
1659 2509 1744 2540 illius,

958 2569 968 2587 t
979 2561 1094 2592 sirenes,
1108 2569 1118 2586 ›
1134 2569 1144 2586 t
1155 2559 1409 2591 struthocamelos,»
1421 2558 1566 2589 dixerunt;
1582 2563 1614 2583 ac
1626 2563 1675 2591 pro
1688 2555 1743 2587 illo,

963 2615 973 2631 ι
986 2606 1172 2636 onocentauri,
1189 2609 1256 2637 ειυς
1275 2605 1347 2637 siim,
1360 2614 1369 2630 I
1391 2605 1455 2632 item
1480 2602 1648 2636 interpretati
1669 2607 1743 2633 sunt.

956 2652 1014 2686 ipsa
1031 2651 1071 2678 usi
1090 2650 1224 2679 Hebraica
1243 2657 1319 2682 voce.
1341 2650 1376 2677 ob
1401 2649 1573 2684 signiﬁcatus
1593 2648 1744 2675 obscuriu-

956 2702 1021 2730 tem,
1039 2699 1094 2725 imo
1110 2697 1193 2725 etiam
1218 2705 1268 2732 pro
1291 2706 1301 2723 ι
1317 2696 1473 2727 berinaciis,
1497 2700 1552 2722 tres
1582 2694 1744 2728 interpretes

956 2743 1077 2778 pariter,
1106 2752 1116 2769 ι
1132 2744 1258 2774 sirenas,
1278 2752 1287 2769 I
1327 2741 1502 2769 reddiderunt
1526 2750 1534 2769 :
1560 2741 1686 2768 fortassis
1708 2742 1745 2770 ob

957 2790 1051 2817 talium
1064 2790 1217 2817 daemonum
1234 2787 1457 2816 fraudulentiam.
1473 2787 1539 2815 Nam
1553 2789 1623 2823 apud
1634 2788 1745 2817 Graecos

956 2835 1066 2863 Sirenes
1102 2835 1251 2862 dulcisonaa
1278 2839 1306 2862 et
1332 2833 1444 2861 fallaces
1474 2833 1559 2863 fuisse
1584 2840 1743 2862 narrantur.

960 2889 970 2906 ‹
984 2880 1046 2908 Cito
1063 2879 1164 2911 veniet,
1186 2884 1214 2906 et
1230 2886 1284 2906 non
1298 2878 1426 2906 tardabit.
1444 2888 1454 2905 ι
1482 2878 1603 2912 Quodws
1627 2883 1744 2913 tempus,

958 2927 1066 2957 etiamsi
1083 2925 1269 2961 longissimum
1289 2924 1359 2961 apud
1383 2924 1507 2954 homines
1533 2932 1593 2954 esse
1621 2929 1743 2959 putetur,
