2044 3215
301 188 349 217 ⁴91

634 187 767 215 EUSEBII
786 187 1024 216 CIESARIENSIS
1043 187 1118 216 ΟΡΡ.
1135 187 1226 216 PARS
1245 187 1288 216 Ill.
1307 203 1342 208 —
1361 187 1565 216 EXEGETICA.

1874 188 1926 216 l9!

302 245 489 272 hrcvisaimnm
506 249 595 272 tamen
617 245 687 280 apud
718 245 801 272 Deum
819 245 938 279 iudicem
960 245 1082 273 habetur.

1139 244 1268 280 κρότατος
1278 242 1346 272 εἶναι
1356 244 1450 280 χρόνος
1461 242 1628 280 βράχύτατος
1642 243 1718 280 παρὰ
1726 243 1766 280 τῷ
1775 232 1934 280 Θιῷκριτῇ

301 290 406 319 Etenim
425 290 497 318 mille
509 291 572 317 anni
585 291 612 318 in
628 296 776 325 conspectu
790 291 861 325 ejus,
882 295 1011 325 tanquam
1027 290 1086 319 dies

302 337 430 363 hesterna
450 341 620 371 reputantur,
635 340 663 364 et
682 342 809 371 tanquam
825 337 946 365 custodia
957 337 983 364 in
996 342 1084 365 nocte.

301 383 426 410 Attamen
454 391 506 409 non
525 387 585 418 post
606 383 704 410 multas
719 390 853 410 annorum
876 383 1004 417 periodos
1018 384 1087 411 vati-

301 427 401 454 cinittm
419 427 558 462 impletum
581 433 643 456 est:
660 429 793 464 siquidem
820 428 939 465 Babylon
961 431 1012 457 sub
1029 430 1085 458 Me-

302 474 396 501 dorum
409 474 522 510 iutperio
535 482 614 510 supra
636 480 784 503 memorata
797 482 924 510 perpessa
939 481 992 504 est.

583 521 698 549 CAPUT
734 520 804 549 XIV.

337 565 420 595 νιος.
442 567 467 599 l,
487 566 516 593 2.
541 576 550 591 1
566 565 598 594 Et
616 567 790 594 miserebitur
803 567 933 595 Dominus
944 567 1039 601 Jacob,
1059 574 1087 596 et

301 612 381 646 eliget
405 613 531 641 Israelem
551 618 600 643 :et
627 615 801 648 requiescent
824 614 850 641 in
874 620 947 642 terra
970 623 1030 648 sua,
1060 620 1088 643 et

300 660 401 686 advena
413 660 574 694 adiungetur
587 660 627 686 eis
636 679 644 692 ,
658 664 685 686 et
698 660 860 695 :tdjnngetur
874 661 964 688 domui
981 660 1077 690 Jacob.

302 704 333 731 Et
347 704 481 738 accipient
491 713 540 732 eos
554 711 657 740 gentes,
671 710 698 732 et.
712 706 839 733 ittdncent
853 707 878 733 in
891 707 978 733 locum
990 715 1085 734 suum:

299 756 327 778 et
338 751 513 786 possidebunt
527 757 555 778 et
573 751 828 786 multiplicabuntur
844 760 926 788 super
938 759 1038 780 terram
1059 754 1086 782 in

300 804 394 824 servos
415 802 443 824 et
460 797 583 829 ancillas.
614 802 640 825 et
668 802 746 824 erunt
770 798 871 831 captivi
900 799 946 833 qui
967 800 1088 834 captivos

300 847 430 876 ceperant
444 850 502 874 eos,
519 848 546 870 et
560 843 708 870 domittatui
727 852 823 870 eorum
841 845 1018 878 subjicientur
1042 847 1086 880 qui

300 888 466 916 dominatum
477 889 652 916 obtinuerant
667 890 692 917 in
704 898 762 917 eos.
778 900 787 916 1
815 890 1019 926 Consequcttter
1036 893 1086 927 igi-

301 939 342 961 tttr
357 941 417 969 post
428 943 470 968 ea,
483 943 542 970 qua:
558 942 651 963 cotttra
677 937 839 972 Babylonem
856 939 928 966 dicta
946 945 1010 967 sunt
1021 961 1028 973 ,
1044 942 1086 969 bis

298 977 406 1006 Iudaici
422 980 512 1015 populi
528 989 560 1008 ex
576 981 684 1008 inimica
697 987 769 1009 terra
789 983 814 1010 in
829 983 978 1012 Jerusalem
994 993 1087 1014 rever-

298 1026 412 1058 sionem,
431 1035 491 1060 qua:
505 1028 555 1054 sub
576 1028 647 1063 Cyro
666 1029 792 1064 contigit,
816 1030 953 1065 significat
968 1040 976 1059 :
991 1033 1084 1059 decla~

298 1079 362 1099 rans
377 1073 436 1100 fore
453 1079 481 1100 ut
497 1074 534 1101 illi
549 1081 610 1109 post
630 1076 746 1102 reditum
764 1076 789 1102 itt
811 1078 921 1110 regione
941 1085 990 1105 sua
1007 1079 1086 1114 quie-

297 1123 386 1151 seant,
401 1123 428 1146 et
442 1120 545 1147 advena
562 1121 627 1155 ipsis
647 1120 819 1156 adjuugatnr.
844 1123 897 1150 Pro
917 1123 962 1151 illo
983 1129 1084 1157 autent,

299 1172 310 1190 1
321 1164 435 1198 advena,
451 1175 459 1191 I
475 1165 570 1201 reliqui
586 1168 758 1200 interpretes,
779 1178 789 1194 1
802 1169 957 1205 proselytus
971 1180 980 1197 1
999 1172 1085 1198 inter-

297 1211 394 1244 pretati
411 1216 483 1239 sunt.
506 1211 553 1240 Sic
574 1215 646 1241 enim
663 1215 701 1242 ait
719 1223 766 1243 eos
795 1218 820 1243 in
853 1223 924 1244 terra
950 1224 997 1245 sua
1027 1226 1083 1246 rem

297 1263 427 1290 prospere
454 1264 588 1293 gesturos,
620 1266 649 1288 ut
673 1262 754 1289 etiam
775 1263 933 1298 alienigena:
964 1265 1083 1300 ipsorunt

299 1301 455 1334 religionem
472 1304 679 1340 amplectantur,
694 1315 726 1334 ac
739 1309 866 1344 proselyti
886 1310 962 1344 ﬁant,
979 1311 1084 1339 domui-

296 1352 350 1382 que
362 1346 447 1375 Jacob
463 1349 639 1384 adjiciantur.

332 1478 417 1506 Vsus.
436 1478 463 1511 3.
483 1479 511 1507 4.
535 1489 543 1505 ι
559 1480 591 1508 Et
605 1481 659 1509 erit
682 1482 708 1509 in
732 1482 776 1510 die
796 1483 840 1511 illa
867 1486 1040 1521 requiescere
1057 1493 1084 1517 te

298 1523 382 1552 faciet
400 1525 471 1553 Deus
487 1534 502 1553 a
519 1528 613 1554 dolore
628 1533 674 1560 tuo
685 1534 712 1556 et
728 1530 762 1556 ab
777 1530 816 1557 ira
833 1535 894 1563 tua,
911 1537 939 1559 et
957 1541 972 1560 a
995 1534 1082 1562 servi-

298 1576 353 1599 tute
364 1576 409 1599 tua
423 1573 500 1606 dura,
515 1581 567 1608 qua
582 1575 717 1602 servivisti
728 1576 768 1603 eis
780 1583 787 1603 :
799 1583 825 1604 et
839 1585 930 1605 sumes
943 1578 1080 1612 planctum

297 1617 369 1645 hunc
394 1626 476 1652 super
504 1626 594 1654 regem
625 1619 788 1655 Babylonis:
807 1632 816 1649 1
843 1631 905 1650 nam
936 1610 1024 1652 ῥεια-ε
1054 1610 1117 1652 etC

297 1661 385 1695 Medi,
416 1663 591 1698 Assyriorum
623 1665 735 1699 imperio
766 1673 794 1695 et
830 1669 897 1703 ipsis
927 1669 1084 1705 Babyloniis

296 1706 324 1734 in
338 1707 497 1736 servitutem
513 1711 641 1745 redactis,
657 1721 703 1741 eos
718 1721 773 1742 sua:
792 1715 887 1743 ditioni
906 1717 1081 1752 subegerunt.

333 1797 415 1826 Vsus.
436 1799 494 1827 5—8.
518 1810 527 1827 1
541 1801 574 1830 Et
587 1802 661 1830 dices
674 1803 701 1830 in
723 1803 766 1831 die
783 1804 825 1831 illa
839 1825 848 1838 ,
865 1805 1006 1838 Quomodo
1025 1814 1084 1835 ees-

296 1845 366 1872 savit
395 1852 517 1879 exactor,
545 1853 573 1876 et
597 1851 715 1877 cessavit
740 1851 923 1878 sollicitator?
947 1852 1083 1880 Contrit'it

298 1889 428 1920 Dominus
448 1892 542 1926 iugum
569 1902 765 1929 peccaturum,
790 1896 883 1932 jugum
908 1898 1080 1932 principum.

297 1939 454 1972 percutiens
471 1945 580 1972 gentem
607 1942 658 1973 ira,
679 1943 757 1977 plaga
785 1943 939 1970 insanabili.
968 1943 1082 1972 Feriens

295 1986 402 2014 gentem
419 1982 494 2018 plaga
511 1983 568 2016 irae,
589 1993 640 2012 non
656 1987 788 2020 pepercit.
807 1987 939 2021 requievit
953 1988 998 2022 qui
1012 1996 1081 2015 con-

296 2028 366 2056 ﬂdit.
391 2029 486 2057 Outnis
514 2035 586 2058 terra
606 2031 705 2059 clamat
725 2040 787 2060 cutlt
816 2034 921 2062 laetitia.
948 2036 982 2062 Et
1007 2035 1079 2070 ligna

295 2073 391 2102 Libani
406 2076 493 2102 laetata
514 2082 577 2104 sunt
590 2085 671 2112 super
690 2083 716 2105 te
727 2099 735 2111 ,
751 2083 778 2106 et
792 2081 891 2107 cedrus
906 2080 1000 2108 Libani
1020 2091 1026 2108 :
1047 2090 1080 2109 ex

293 2128 350 2156 quo
377 2126 404 2149 tu
432 2122 597 2154 dormivlsti.
627 2132 679 2151 non
707 2126 830 2152 ascendit
859 2127 905 2160 qui
929 2128 1081 2156 succideret

293 2176 354 2197 nos.
369 2179 379 2195 1
396 2170 475 2198 Cedri
496 2171 578 2205 igitur
590 2177 617 2199 et
629 2172 708 2206 pinus
721 2174 867 2200 secundum
884 2174 1077 2209 Symmachum

293 2223 401 2243 rursum
432 2217 588 2252 allegorice,
621 2223 752 2253 tyrannos
779 2220 911 2254 quosdam
944 2223 1079 2256 superbos

1136 290 1297 325 λελόγισται.
1315 291 1395 318 Χξλια
1411 288 1459 317 οὖν
1477 291 1525 326 ἔτη
1543 290 1658 317 ἐνώπιον
1676 290 1759 316 αὐτοῦ
1775 290 1812 322 ὡς
1833 290 1926 325 ἡμέρα

1136 334 1153 368 ή
1166 333 1228 369 χθὲς
1239 334 1402 368 λελόγισται,
1414 334 1462 362 καὶ
1475 333 1513 366 ὠς
1526 334 1633 370 φυλακὴ
1646 335 1675 361 ὲν
1688 334 1774 361 νυκτί.
1789 335 1870 361 Ἀλλά
1877 338 1926 362 καὶ

1135 381 1185 407 οὐκ
1202 381 1242 413 είς
1257 381 1379 416 μακροὺς
1399 381 1454 408 τῶν
1470 381 1574 416 χρόνων
1589 380 1705 413 κύκλους
1722 381 1772 416 τῆς
1786 381 1926 414 ἐκϐάσεως

1135 427 1170 453 τά
1183 426 1361 454 θεσπισθέντα
1374 427 1463 462 ἔτυχε,
1475 427 1509 454 τά
1524 426 1714 463 προρρηθέντα
1726 426 1864 463 παθούσης
1874 426 1924 462 τῆς

1136 473 1294 507 Βαὸυλῶνος
1310 475 1356 501 ἐπὶ
1372 475 1421 510 τῆς
1438 475 1537 510 Μήδων
1551 475 1648 510 ἀρχῆς.

1402 520 1598 547 ΚΕΦΑΛΔΙΟΝ
1611 520 1658 547 ΙΝ.

1174 575 1184 591 1
1209 565 1264 592 Καὶ
1285 566 1391 601 ἐλεήσει
1413 565 1514 601 Κύριος
1532 566 1578 592 τὸν
1600 566 1706 596 Ἰακὼϐ,
1722 566 1769 593 καὶ
1786 567 1925 600 ὲκλέξεταῑ

1137 611 1176 637 ἔτι
1193 611 1237 638 τὸν
1260 612 1377 648 Ἰσραὴλ,
1396 612 1443 638 καὶ
1459 612 1660 639 ἀναπαύσονται
1684 613 1728 639 ἐπὶ
1742 613 1791 648 τῆς
1808 613 1860 648 γῆς
1876 613 1925 639 αὑ-

1135 657 1201 689 τῶν,
1216 658 1264 685 καὶ
1279 658 1293 684 ὸ
1305 657 1423 694 γειὼρας
1436 658 1650 695 προστεθήσεται
1663 658 1733 694 πρὸς
1748 659 1861 690 αὐτούς·
1879 659 1925 686 καὶ

1137 703 1353 739 προστεθήσεται
1371 704 1439 740 πρὸς
1454 704 1499 731 τὸν
1512 702 1584 731 οἷκον
1604 705 1710 732 Ἰακώὸ.
1727 705 1781 731 Καὶ
1795 705 1924 740 λήψονται

1137 747 1235 779 αὐτοὺς
1246 747 1320 781 ἔθνη,
1337 749 1383 775 καὶ
1395 748 1547 782 εἰσάξουσιν
1561 750 1600 780 είς
1610 749 1655 776 τὸν
1670 750 1751 776 τόπον
1762 750 1861 783 αὐτῶν,
1877 751 1926 776 καὶ

1138 793 1461 829 κατακληρονομήσουσι,
1484 795 1531 821 καὶ
1553 795 1785 831 πληθυνθήσονται
1806 796 1852 822 ἐπὶ
1877 796 1926 832 τῆς

1139 838 1189 873 γῆς
1203 839 1242 869 είς
1258 838 1366 870 δούλους
1383 839 1430 866 καὶ
1448 839 1552 872 δούλας,
1570 840 1617 867 καὶ
1634 839 1738 867 ἔσονται
1758 841 1926 876 αἰχμάλωτοι

1139 884 1164 910 οἱ
1179 884 1449 919 αἱχμαλωτεύσαντες
1471 887 1580 918 αὐτοὺς,
1596 887 1643 913 καὶ
1662 887 1884 923 κυριευθήσονται
1900 889 1925 915 οἱ

1140 929 1331 965 κυριεύσαντες
1351 930 1459 963 αὐτούς.
1480 941 1488 956 1
1516 932 1679 964 ’ἀκολούθως
1698 933 1786 959 τοίνυν
1805 933 1873 968 μετά
1891 933 1926 959 τὰ

1137 975 1319 1010 προλεχθέντα
1343 975 1413 1002 κατά
1431 976 1481 1011 τῆς
1495 976 1652 1008 Βαϐυλῶνος
1663 997 1670 1008 ,
1686 977 1730 1004 διὰ
1751 976 1854 1003 τούτων
1875 976 1925 1012 τὴν

1136 1023 1181 1049 ἐπὶ
1198 1023 1289 1059 Κύρου
1307 1024 1453 1059 γενομένην
1470 1024 1637 1059 ἐπιστροφὴν
1651 1024 1697 1051 τοῦ
1713 1024 1767 1051 τῶν
1788 1024 1924 1051 Ἰουδαίων

1135 1068 1200 1095 λαοῦ
1213 1069 1260 1104 τὴν
1273 1069 1325 1096 ἀπὸ
1337 1070 1385 1104 τῆς
1401 1069 1534 1104 πολεμίας
1546 1071 1592 1097 ἐπὶ
1606 1070 1655 1106 τὴν
1681 1070 1860 1107 Ἰερουσαλὴμ
1876 1079 1925 1107 σηο

1137 1115 1236 1151 μαίνει,
1252 1115 1394 1147 διδάσκων,
1415 1116 1453 1148 ὡς
1474 1116 1675 1144 ἀναπαύσονται
1694 1117 1740 1143 ἐπὶ
1756 1118 1805 1153 τῆς
1820 1117 1924 1145 ἑαυτῶν

1135 1159 1225 1195 χώρας
1238 1160 1429 1192 ἐπανελθόντες
1439 1180 1446 1192 ,
1463 1161 1510 1188 καὶ
1526 1161 1564 1193 ὡς
1585 1161 1599 1186 ὀ
1609 1161 1727 1196 γειὼρας
1744 1162 1926 1197 προστεθήσε-

1134 1214 1178 1231 ται
1197 1206 1297 1237 αὐτοῖς.
1321 1207 1393 1232 Ἀντὶ
1414 1206 1441 1233 δὲ
1457 1206 1515 1239 τοῦ,
1541 1217 1550 1232 1
1571 1208 1585 1233 ὀ
1605 1206 1733 1243 γειῶρας,
1761 1217 1770 1233 1
1791 1208 1815 1233 οἱ
1833 1207 1924 1234 λοιποὶ

1135 1252 1315 1287 ἑρμηνευταὶ,
1335 1262 1344 1278 1
1374 1252 1388 1278 ὁ
1413 1253 1581 1288 προσήλυτος
1605 1263 1614 1279 1
1635 1255 1819 1289 ὴρμήνευσαν.
1845 1253 1923 1286 Οὕτω

1134 1298 1188 1333 γὰρ
1209 1296 1238 1324 εὖ
1260 1298 1372 1334 πράξειν
1385 1299 1481 1331 αὐτοὺς
1499 1300 1545 1326 ἐπὶ
1568 1300 1618 1334 τῆς
1635 1300 1737 1326 ἑαυτῶν
1757 1300 1808 1335 γῆς
1829 1309 1922 1336 φησιν,

1134 1343 1172 1374 ὡς
1189 1344 1235 1370 καὶ
1253 1343 1417 1378 ἀλλοφύλους
1437 1345 1644 1380 ἀντιποιηθῆναι
1659 1345 1708 1380 τῆς
1730 1345 1817 1372 αὐτῶν
1836 1345 1923 1372 θεοσε-

1134 1389 1220 1421 ϐείας,
1243 1389 1368 1424 γενέσθαι
1389 1399 1418 1417 τε
1441 1390 1642 1427 προσηλύτους,
1669 1392 1716 1418 καὶ
1739 1391 1920 1428 προστεθῆναι

1133 1434 1172 1470 τῷ
1183 1436 1249 1470 οἴκῳ
1268 1435 1374 1463 Ἰακώϐ.

1173 1491 1181 1507 1
1204 1482 1258 1508 Καὶ
1268 1481 1343 1508 ἔσται
1361 1483 1390 1508 ὲν
1408 1483 1442 1517 τῇ
1461 1482 1552 1517 ἡμέρᾳ
1574 1482 1682 1518 ἐκείνῃ,
1701 1481 1852 1509 ἀναπαύσει
1867 1482 1921 1509 Κύ-

1135 1527 1191 1563 ριός
1212 1537 1242 1554 σε
1259 1527 1314 1555 ἀπὸ
1326 1528 1375 1563 τῆς
1389 1528 1485 1564 ὀδύνης
1504 1529 1550 1555 καὶ
1565 1528 1611 1555 τοῦ
1634 1528 1720 1564 θυμοῦ
1743 1537 1798 1559 σου,
1808 1529 1854 1555 καὶ
1872 1529 1920 1564 τῆς

1133 1574 1253 1606 δουλείας
1267 1582 1313 1600 σου
1335 1574 1384 1608 τῆς
1411 1573 1531 1609 σκληρᾶς
1541 1594 1547 1605 ,
1562 1571 1596 1609 ἦς
1615 1574 1775 1606 ὲδούλευσας
1787 1594 1794 1606 ,
1811 1575 1918 1606 αὐτοῖς·

1135 1621 1181 1647 καὶ
1203 1620 1276 1657 λήψῃ
1298 1620 1343 1647 τὸν
1365 1620 1462 1656 Θρῆνον
1485 1620 1579 1646 τοῦτον
1603 1621 1649 1646 ἐπὶ
1673 1620 1783 1656 βασιλέα
1801 1621 1921 1648 Βαϐυλῶ-

1135 1675 1193 1698 νος·
1223 1676 1232 1692 1
1260 1666 1363 1702 Πέρσαι
1385 1665 1440 1701 γὰρ
1464 1666 1510 1692 καὶ
1535 1665 1631 1701 Μῆδοι,
1652 1667 1742 1697 πᾶσαν
1771 1667 1921 1703 Ἀσσυρίων

1134 1713 1235 1749 ἀρχὴν,
1254 1712 1302 1739 καὶ
1323 1713 1420 1744 αὐτοὺς
1444 1712 1506 1744 τοὺς
1528 1712 1725 1744 Βαϐυλωνίους,
1748 1713 1920 1749 ὑποχειρίους

1133 1758 1270 1789 λαϐόντες,
1285 1759 1317 1793 τῇ
1333 1758 1438 1785 ἑαυτῶν
1451 1758 1586 1790 ὑπέταξαν
1602 1758 1724 1794 δυνάμει.

1171 1813 1180 1828 1
1200 1802 1254 1829 Καὶ
1271 1803 1342 1838 ὲρεῖς
1354 1803 1383 1829 ὲν
1399 1805 1432 1838 τῇ
1450 1803 1540 1839 ἡμέρᾳ
1554 1803 1645 1840 ἐκείνῃ
1655 1811 1661 1818 ·
1684 1803 1746 1836 Πῶς
1760 1805 1918 1832 αναπέπαυ·

1133 1858 1177 1875 ται
1193 1850 1206 1876 ὁ
1224 1848 1361 1881 ἀπαιτῶν,
1380 1849 1427 1875 καὶ
1447 1849 1636 1876 ἀναπέπαυται
1657 1850 1671 1876 ὁ
1687 1850 1919 1887 ὲπισπουδαστής;

1133 1894 1278 1930 Συνέτριιῖνε
1300 1894 1401 1930 Κύριος
1423 1894 1468 1921 τὸν
1485 1893 1566 1929 ζυγὸν
1587 1895 1641 1921 τῶν
1667 1896 1846 1932 ἁμαρτωλῶν,
1875 1897 1920 1924 τὸν

1133 1940 1212 1974 ζυγὸν
1233 1941 1287 1968 τῶν
1307 1941 1456 1976 ἀρχόντων,
1480 1941 1602 1974 πατάξας
1628 1941 1703 1974 ἔθνος
1726 1942 1804 1978 θυμῷ
1829 1943 1919 1979 πληγῇ

1131 1987 1241 2022 ἀνιάτῳ.
1259 1987 1350 2013 Παίων
1363 1986 1438 2018 ἔθνος
1450 1986 1557 2021 πληγὴν
1575 1986 1673 2021 θυμοῦ,
1689 1988 1705 2023 ἢ
1720 1987 1770 2014 ούκ
1780 1987 1918 2021 ἐφείσατο,

1131 2032 1304 2059 ἀνεπαύσατο
1323 2031 1471 2064 πεποιθώς.
1491 2032 1568 2058 Πᾶσα
1585 2032 1601 2067 ἠ
1621 2033 1656 2068 γῆ
1681 2032 1730 2068 βοᾷ
1749 2034 1807 2068 μετ’
1825 2034 1919 2070 εὐφρο-

1133 2078 1224 2114 σύνης.
1242 2079 1297 2105 Καὶ
1312 2078 1346 2105 τά
1369 2078 1434 2112 ξύλα
1456 2077 1502 2104 τοῦ
1519 2078 1634 2105 Λιϐάνου
1657 2078 1849 2114 εὖφράνθησαν
1873 2080 1919 2106 ἐπὶ

1133 2125 1184 2156 σοὶ,
1204 2125 1279 2160 καὶὴ
1296 2124 1390 2160 κέδρος
1405 2123 1452 2150 τοῦ
1469 2124 1602 2151 Λιϐάνου·
1623 2125 1669 2159 ἀφ’
1682 2121 1712 2151 οὗ
1736 2125 1768 2151 σὺ
1789 2125 1920 2160 κεκοίμη-

1131 2180 1185 2201 σαι,
1201 2171 1252 2197 οὐκ
1269 2170 1354 2205 ἀνέϐη
1372 2172 1386 2196 ὁ
1400 2170 1506 2197 κόπτων
1523 2171 1606 2206 ἡμᾶς,
1625 2180 1634 2196 1
1652 2171 1750 2207 Κέδροι
1768 2173 1858 2198 τοίνυν
1872 2172 1919 2198 καὶ

1130 2216 1235 2247 πίτυες,
1256 2216 1326 2243 κατά
1340 2216 1385 2243 τὸν
1406 2216 1552 2252 Σύμμαχον
1572 2217 1653 2244 πάλιν
1675 2217 1862 2254 ἀλληγορικῶς
1876 2227 1920 2245 τυ-

291 2263 455 2297 Iignilicant.
486 2271 500 2290 a
532 2260 679 2298 Babylonia
704 2265 840 2297 obsessos,
869 2272 897 2293 et
927 2276 941 2294 a
968 2270 1076 2304 propria

1133 2263 1243 2298 ράννους
1259 2262 1334 2294 τινὰς
1348 2262 1520 2298 ἐπηρμένους
1538 2263 1725 2298 σημαίνουσιν,
1741 2265 1792 2291 ὑπὸ
1803 2264 1853 2299 τῆς
1866 2265 1918 2292 Βα-

291 2309 403 2343 regione
417 2311 539 2337 succisos
551 2331 558 2342 ,
583 2318 651 2345 quos
666 2313 699 2338 de
717 2312 838 2345 praedicti
866 2312 1075 2349 Babyloniorqu

1133 2308 1264 2340 δολωνίας
1280 2307 1510 2343 πολιορκηθέντας
1529 2309 1576 2336 καὶ
1588 2310 1637 2345 τῆς
1651 2310 1753 2342 οἰκείας
1769 2310 1918 2337 ἀποκοπέν-

291 2356 363 2389 regis
377 2355 454 2383 ruina
469 2357 588 2391 gaudere
602 2363 813 2386 consentaneum
832 2366 902 2386 erat.

326 2444 408 2472 Vana.
428 2445 455 2472 9.
475 2454 485 2470 1
504 2445 625 2473 Itti'ernus
638 2446 731 2473 subter
747 2447 924 2474 exacerbatus
935 2453 976 2476 est
984 2455 1078 2476 occur-

290 2497 354 2518 retts
368 2491 415 2517 tibi
431 2498 438 2517 :
457 2491 535 2517 simul
551 2491 660 2518 excitati
682 2497 744 2518 sunt
769 2493 814 2520 tibi
837 2500 932 2520 omnes
954 2494 1076 2528 gigantes

290 2537 336 2572 qui
352 2541 430 2564 terra:
443 2537 630 2572 imperarunt,
650 2538 696 2572 qui
727 2539 882 2566 excitarunt
910 2546 943 2566 ex
968 2540 1074 2567 tltrouis

291 2583 347 2610 suis
363 2590 457 2610 omnes
473 2590 550 2616 reges
572 2582 703 2617 gentium.
724 2591 735 2608 1
751 2583 804 2611 Nos
817 2591 925 2618 quoque
944 2583 1005 2618 jure
1028 2585 1074 2611 Sa-

289 2628 565 2663 tanzedit'emus,qut'
591 2629 655 2656 olittt
671 2629 783 2663 quidem
811 2630 844 2657 ab
869 2629 914 2656 illo
938 2629 1072 2657 devastati

288 2682 402 2707 sumus;
419 2675 466 2702 sed
480 2675 585 2701 ﬁrmant
600 2676 707 2702 dentuut
730 2676 755 2702 in
777 2675 885 2703 Christo
911 2677 1073 2704 sententiam

289 2720 457 2752 retinuitnus,
473 2726 647 2756 tttentemque
661 2721 694 2747 ad
715 2721 845 2755 pietatem
862 2721 947 2749 solide
968 2723 1073 2749 radica-

289 2770 355 2795 tam.
370 2772 472 2799 corque
483 2766 702 2793 lioritlissituum:
722 2775 732 2792 1
751 2765 790 2794 Ex
801 2774 855 2801 quo
867 2772 895 2794 tu
909 2768 1073 2801 dormivisti,

287 2819 341 2838 non
359 2812 480 2838 ascendit
493 2813 538 2847 qui
552 2813 705 2840 succideret
725 2821 784 2840 nos.
801 2823 811 2839 1

324 2856 405 2883 νεεδ.
415 2857 507 2885 lO-li.
524 2866 534 2883 1
545 2858 852 2894 Ontnesrespondebuut
863 2864 889 2887 et
900 2859 990 2886 dicent
1003 2860 1050 2887 tibi
1062 2869 1069 2888 :

289 2900 321 2929 Et
336 2907 363 2929 tu
377 2906 473 2935 captus
489 2910 518 2930 es
530 2903 601 2930 sicut
615 2907 641 2931 ot
656 2910 706 2932 nos
724 2911 732 2931 :
749 2904 777 2932 in
798 2903 874 2932 nobis
888 2909 977 2934 autem
992 2912 1071 2939 repu-

1129 2364 1179 2386 τας
1191 2354 1296 2390 χώρας·
1311 2354 1356 2387 οὒς
1377 2355 1450 2387 εἰκὸς
1466 2353 1499 2391 ἦν
1518 2355 1681 2391 ἐπιχαρῆναι
1695 2357 1728 2392 τῇ
1747 2355 1850 2383 πτώσει
1868 2355 1916 2383 τοῦ

1129 2399 1302 2435 δηλουμένου.

1166 2455 1175 2470 1
1198 2445 1281 2481 ᾍδης
1295 2445 1416 2473 κάτωθεν
1431 2445 1581 2481 ἐπικράνθη
1595 2447 1764 2482 συναντήσας
1776 2455 1817 2474 σοι
1828 2455 1835 2462 ·
1856 2456 1917 2474 συν-

1127 2490 1282 2526 ηγέρθησάν
1309 2500 1349 2518 σοι
1377 2492 1476 2522 πάντες
1489 2493 1514 2518 οἱ
1537 2491 1664 2525 γίγαντες
1682 2493 1706 2518 οἱ
1724 2492 1854 2528 ἄρξαντες
1867 2494 1917 2528 τῆς

1127 2536 1188 2570 γῆς,
1203 2536 1226 2561 οἱ
1240 2536 1393 2571 ἐγείραντες
1406 2537 1438 2563 ὲκ
1451 2535 1506 2562 τῶν
1521 2536 1623 2571 θρόνων
1641 2536 1729 2563 αὐτῶν
1743 2537 1846 2569 πάντας
1867 2538 1916 2573 βα-

1129 2581 1211 2613 σιλεῖς
1228 2581 1323 2609 ἐθνῶν.
1348 2591 1358 2608 1
1385 2582 1515 2618 Ἑροῦμεν
1534 2582 1562 2608 δὲ
1581 2583 1627 2610 καὶ
1648 2584 1727 2618 ἡμεῖς
1746 2584 1858 2615 εἰκότως
1877 2584 1916 2620 τῷ

1128 2628 1244 2662 Σατανᾷ,
1265 2628 1290 2654 οἱ
1307 2627 1391 2654 πάλαι
1415 2627 1463 2662 μὲν
1483 2628 1547 2664 παρ’
1563 2627 1668 2655 ἐκείνου
1692 2628 1914 2664 πεπορθημένω-

1124 2673 1229 2709 ὲδραῑον
1244 2673 1272 2700 δὲ
1286 2673 1379 2700 λοιπὸν
1395 2673 1540 2708 ἐσχηκότες
1561 2675 1590 2700 ἐν
1602 2673 1712 2709 Χριστῷ
1725 2674 1756 2701 τὸ
1775 2675 1915 2711 φρόνημα,

1127 2719 1175 2746 καὶ
1197 2719 1258 2746 νοῦν
1286 2720 1326 2752 είς
1349 2719 1490 2747 εὐσέϐειαν
1512 2720 1620 2755 ἀσφαλῆ
1646 2720 1693 2746 καὶ
1720 2716 1914 2757 ὲρριξωμένον,

1127 2766 1174 2792 καὶ
1195 2765 1307 2801 καρδίαν
1323 2765 1522 2802 εύθαλεστάτην
1532 2775 1538 2781 ·
1557 2776 1566 2792 1
1578 2766 1635 2801 Ἀφ’
1648 2764 1678 2793 οὗ
1693 2767 1725 2793 σὺ
1737 2767 1913 2803 κεκοίμησαι,

1126 2812 1176 2838 οὐκ
1190 2811 1273 2848 ἀνέϐη
1289 2812 1303 2839 ὁ
1322 2812 1429 2839 κόπτων
1448 2813 1532 2848 ἡμᾶς.
1550 2822 1559 2838 1

1164 2869 1174 2884 1
1195 2859 1296 2890 Πάντες
1313 2859 1542 2894 ἀποκριθήσονται
1561 2859 1608 2886 καὶ
1623 2859 1715 2895 ἐροῦσι
1735 2868 1785 2886 σοι·
1803 2859 1857 2886 Καὶ
1880 2859 1914 2887 σὺ

1125 2905 1221 2937 ἑάλως,
1237 2904 1329 2938 ὥσπερ
1343 2906 1389 2932 καὶ
1412 2905 1501 2940 ἡμεῖς’
1523 2907 1551 2932 ὲν
1572 2906 1636 2939 ἡμῖν
1658 2906 1686 2933 δὲ
1708 2904 1910 2938 κατελογίσθης.
