2044 3215
162 186 214 214 I95

637 186 886 215 COMMENTARIA
905 186 940 215 IN
958 186 1088 217 lSAlAM.
1106 203 1143 210 —
1159 187 1237 216 CAP.
1259 186 1329 215 XIV.

1738 183 1788 213 195

162 246 271 282 Κατέϐη
287 247 327 277 είς
338 246 427 282 ᾅδουὴ
442 246 505 279 δόξα
521 255 578 280 σου,
593 249 608 283 ἡ
621 249 705 284 πολλὴ
718 249 870 285 εὐφροσύνη
888 258 946 276 σου.

1002 254 1072 277 Iatns
1097 258 1137 276 es.
1153 249 1295 277 Descendit
1316 249 1342 276 in
1359 247 1494 276 infernum
1511 247 1596 283 gloria
1622 250 1677 279 tua,
1703 247 1786 274 multa

164 294 311 322 ’Υποκάτω
333 303 380 321 σου
402 293 552 329 στρώσουσι
580 295 671 331 σῆψιν,
695 297 742 323 καὶ
771 296 802 323 τὸ
825 298 948 324 κατακά-

160 340 256 376 λυμμά
276 349 322 366 σου
340 339 459 376 σκώληξ.
487 340 549 372 Πῶς
573 340 701 372 ἐξέπεσεν
724 342 756 368 ἐκ
772 341 818 369 τοῦ
834 343 948 378 οὐρανοῦ

159 387 175 414 ὸ
197 385 351 421 Ἑωσφόρος
365 386 379 412 δ
396 385 468 421 πρωϊ
485 386 651 415 ἀνατέλλωνε
662 387 805 424 συνετρίϐη
815 388 882 423 πρὸς
899 389 949 424 τὴν

161 433 212 468 γῆν
226 433 240 459 ό
256 432 428 459 ἀποστέλλων
451 432 519 467 πρὸς
548 432 638 459 πάντα
661 433 694 460 τὰ
715 433 795 468 town;
815 443 824 459 ι
845 435 876 461 Οί
900 435 948 470 μὲν

161 477 207 504 ἐπὶ
217 477 268 512 γῆς
279 477 364 509 ὄντες,
384 477 460 512 φησὶ,
472 476 505 504 τὰ
517 477 644 513 ἀνωτέρω
655 479 786 514 εἰρημένα
805 479 946 515 φήσουσιν-

160 524 223 551 οίδὲ
237 524 283 550 τὸν
300 523 468 559 ἀνθρώπινον
485 524 687 557 ἀπαλλάξαντες
707 525 773 559 βὺον,
790 526 834 552 καδ
855 525 948 562 ὥσπερ

161 571 192 598 ὲν
201 571 313 606 δεσμοῖς
326 572 383 602 τοῖς
395 571 441 597 τοῦ
459 571 521 607 ᾅδου
541 571 649 606 χωρίοις
664 572 883 606 ἀπολειφθέντες,
903 573 949 600 καὶ

161 617 237 644 αὐτοὶ
258 617 291 652 τῇ
313 616 434 652 ἀπωλείᾳ
462 617 543 644 αὑτοῦ
571 617 676 650 λέξουσι
697 617 732 645 τὰ
753 619 947 654 ἐπιφερόμενα.

160 662 269 694 Φθάσας
283 662 311 689 δὲ
322 663 385 694 τοὺς
399 663 458 690 ἐκεῖ
470 664 573 696 πάντας
588 665 602 690 ὁ
620 665 697 700 ᾅδης,
716 665 762 692 καὶ
778 666 794 700 ὴ
808 666 949 700 ἑφεστῶσα

160 709 222 740 ταῖς
244 708 298 735 τῶν
319 708 488 744 τεθνηκότων
508 710 605 745 ψυχαῖς
632 710 756 746 δύναμις,
784 709 879 746 ὥσπερ
906 720 948 743 τις

160 753 346 789 δεσμωτηρίου
371 755 540 789 τυγχάνουσα
560 755 686 791 φρουρὸς,
712 756 833 783 κάτωθεν
850 757 881 783 ἐκ
895 757 949 783 τῶν

162 799 306 826 σκοτεινῶν
323 799 417 834 μυχῶν
428 799 495 835 μετὰ
512 800 596 834 θυμοῦ
607 801 653 827 καὶ
670 801 754 836 ὀργῆς
766 802 950 838 ἐπαναστήσε-

159 843 206 870 ταί
219 851 270 869 σοι.
282 843 383 870 Τούτου
395 844 423 870 δὲ
434 844 528 880 ὥσπερ
538 845 667 881 ἄρχοντος
679 846 732 872 τῶν
748 847 805 874 ἐκεῖ
817 847 947 883 κρατοῦν-

160 888 265 920 τοςτοῦ
278 888 378 916 οἰκείου
401 889 585 926 διεγερθέντος
607 890 712 926 θρόνου,
741 892 787 918 καὶ
813 893 836 918 οἱ
860 892 948 920 λοιποὶ

1001 295 1091 322 laetitia
1110 300 1164 323 tua;
1180 295 1279 323 Subter
1299 300 1325 322 te
1339 297 1460 322 sternent
1473 293 1585 325 tineam,
1596 297 1624 320 et
1635 292 1788 327 operimen-

1002 345 1057 368 tum
1076 346 1150 368 ttttttn
1166 340 1278 368 vermis.
1295 339 1435 373 Quomodo
1449 338 1548 366 cecidit
1573 339 1606 365 de
1619 337 1689 365 celo
1704 336 1787 365 Luci-

1000 387 1051 421 fer,
1068 387 1112 422 qui
1129 394 1208 414 utane
1225 386 1387 413 oriebatur?
1403 385 1539 414 contritus
1562 390 1604 412 est
1628 385 1661 411 ad
1685 388 1786 411 terram

999 433 1045 468 qui
1062 433 1185 460 mittebat
1198 433 1230 460 ad
1245 440 1339 460 omnes
1354 431 1468 467 gentes?
1489 441 1498 457 ι
1517 430 1567 465 Qui
1585 431 1611 458 itt
1625 435 1696 457 terra
1711 434 1784 462 sunt,

1000 478 1097 513 inquit,
1117 486 1159 511 ea,
1175 486 1234 513 quae
1247 477 1372 512 superius
1387 477 1457 505 dicta
1471 481 1534 504 sunt
1545 496 1553 508 .
1568 475 1724 511 proferent;
1738 474 1784 509 qui

1000 530 1088 552 autem
1103 525 1221 551 humana
1236 524 1289 551 vita
1304 523 1401 555 functi.
1420 528 1447 550 et
1463 523 1490 549 in
1506 523 1572 550 locis
1592 521 1690 548 infertti
1708 518 1785 554 quasi

1000 569 1026 596 itt
1041 569 1154 597 vinculis
1168 569 1336 600 detinentur.
1353 567 1402 602 ipsi
1429 575 1536 602 quoque
1552 574 1633 602 super
1646 566 1704 600 ejus
1728 565 1788 593 exi-

1001 615 1038 642 tio
1054 622 1160 650 eaquae
1173 614 1346 649 superaddita
1360 618 1425 640 sttnt
1444 612 1667 647 pronuntiabunt.
1686 610 1788 650 Omnes

1001 669 1081 695 porro
1097 660 1152 687 illic
1170 664 1310 686 versantes
1326 663 1493 692 przevertens
1511 656 1651 688 infernus,
1678 647 1785 683 necnon

1000 705 1087 733 virtus
1111 705 1154 732 illa
1178 711 1238 739 quae
1257 708 1424 730 mortuorum
1447 702 1590 728 animabus
1604 705 1718 736 prmest;
1736 708 1786 728 ceu

1000 751 1123 785 quietiam
1137 748 1255 777 carceris
1272 752 1364 776 custos
1379 756 1412 774 ex
1434 746 1495 774 imis
1514 747 1718 781 tettebrosisque
1741 753 1788 781 pe-

1001 795 1150 823 netralibus
1173 802 1234 822 cum
1263 792 1354 820 furore
1379 798 1406 819 et
1427 792 1467 819 ira
1491 792 1612 827 insurget
1634 797 1729 819 contra
1749 797 1786 820 te.

1000 842 1056 870 Hoc
1073 847 1162 869 autem
1182 841 1303 877 principe
1318 839 1378 867 istic
1392 840 1552 875 imperante,
1569 847 1602 866 ex
1625 839 1724 866 throno
1738 847 1788 867 suo

999 888 1142 919 excitato,
1169 887 1266 922 reliqui
1279 894 1374 914 omnes
1391 887 1530 922 gigantes,
1558 887 1616 914 sive
1638 886 1787 914 secundum

160 935 261 967 πάντες
280 934 416 969 γίγαντες,
438 937 462 962 οἱ
484 936 554 963 κατὰ
574 937 636 969 τοὺς
660 937 827 973 ἐρμηνευτὰς
854 948 863 964 ι
889 938 950 966 Ῥα-

1003 933 1121 968 reliquos
1139 933 1302 967 interpretes
1316 941 1326 957 ι
1339 931 1484 966 Rapbaitn,
1500 941 1510 958 ι
1527 939 1579 959 una
1596 935 1786 958 surrexerunt.

161 981 244 1017 φαῒμ,
266 991 275 1007 ι
297 981 507 1017 συνανέστησαν.
529 982 607 1014 Τίνες
626 983 654 1009 δὲ
675 979 758 1015 οὗτοι,
777 983 949 1021 διερμηνεύει

160 1027 268 1061 λέγων’
287 1028 318 1054 οι
334 1028 462 1063 ἄρχοντες
481 1029 531 1063 τῆς
549 1029 610 1064 γῆς,
628 1030 651 1055 οἱ
675 1029 829 1064 ἐγείραντες
845 1031 877 1057 ὲκ
896 1030 950 1057 τῶν

163 1073 267 1109 θρόνων
281 1074 368 1100 αὐτῶν
384 1074 487 1106 πάντας
506 1074 622 1109 βασιλεῖς
645 1075 739 1107 ἐθνῶν,
765 1076 812 1102 καὶ
832 1076 866 1103 τὰ
881 1077 950 1103 αὐτὰ

164 1120 203 1155 τῷ
230 1121 455 1156 κατηγορουμένῳ
479 1121 583 1156 βασιλεί
609 1121 767 1155 Βαϐυλῶνος
786 1124 948 1158 πράξαντες.

163 1166 196 1194 0¹ί
209 1167 256 1193 καὶ
269 1167 373 1202 γυμνὴν
391 1167 437 1194 καὶ
452 1167 552 1203 ἔρημον
566 1168 612 1195 τοῦ
627 1169 752 1204 σώματος
762 1170 810 1206 τὴν
822 1170 868 1197 τοῦ
885 1180 949 1198 ποτε

162 1209 369 1245 βασιλεύσαντος
394 1212 552 1245 Βαϐυλῶνος
576 1213 663 1249 ψυχὴν
674 1215 791 1251 ὁρῶντες
821 1217 950 1251 φήσουσιν

161 1257 231 1292 αὐτῇ
242 1266 248 1272 ·
267 1258 322 1285 Καὶ
339 1258 385 1285 σοῦ
398 1259 529 1294 κρείττων
551 1260 645 1294 γέγονε
661 1260 785 1294 Θάνατος,
801 1262 838 1294 ὼς
855 1264 902 1290 καὶ
920 1264 950 1291 σὲ

160 1304 253 1339 ὅμοιον
267 1305 332 1340 ἡμῖν
346 1305 510 1340 ἁπελέγξαι;
536 1307 620 1333 Οὐδὲν
643 1307 698 1343 ἄρα
716 1306 749 1343 ἦν
769 1309 783 1334 ὁ
806 1309 876 1345 ὑπὲρ
898 1310 950 1345 γῆν

162 1349 230 1385 βίος,
245 1351 293 1378 καὶ
306 1352 320 1377 ό
338 1351 451 1383 πλοῦτος
468 1352 515 1378 καὶ
536 1354 552 1388 ἠ
569 1353 642 1386 δόξα,
661 1354 707 1380 καὶ
728 1356 744 1390 ἡ
765 1355 884 1390 τοσαύτη
906 1356 951 1382 δυ-

161 1396 290 1423 ναστεία·
313 1396 380 1423 ἀλλὰ
401 1397 455 1424 τῶν
475 1398 583 1425 πάντων
605 1399 716 1426 ἐκείνων
739 1400 824 1435 πέρας
843 1401 878 1436 γῆ
903 1402 950 1428 καὶ

162 1443 259 1474 σποδὸς
285 1443 443 1476 διαδέξεται,
466 1443 573 1480 σκώληξ
595 1453 624 1470 τε
653 1445 700 1472 καὶ
725 1446 834 1481 σαρκῶν
858 1447 948 1483 σῆψις.

167 1487 264 1524 Ἡμεῖς
278 1489 306 1516 δέ
326 1498 355 1516 σε
372 1490 403 1517 οὐ
416 1490 511 1526 θνητὸν
530 1490 689 1526 ἐνομίζομεν
699 1499 706 1506 ·
733 1492 907 1528 ἀπατώμενοι
921 1494 949 1521 δὲ

161 1537 195 1571 τῇ
211 1536 277 1572 περὶ
290 1536 320 1563 σὲ
332 1536 406 1573 δόξῃ,
420 1536 458 1572 τῷ
472 1537 532 1564 κατ’
547 1538 660 1573 οὐρανὸν
683 1538 866 1575 λαμπροτάτῳ
892 1550 948 1576 φω-

163 1583 253 1618 στῆρι,
267 1583 306 1618 τῷ
319 1583 364 1610 τὸν
378 1583 452 1619 ἥλιον
463 1584 692 1620 προσκαλουμένῳ
710 1585 856 1622 Ἑωσφόρῳ
870 1587 948 1613 ἀπει-

163 1626 289 1662 κάζομεν.
321 1628 356 1655 Σὺ
382 1628 410 1655 δὲ
438 1629 483 1655 ἐπὶ
512 1629 602 1662 σαυτῷ
634 1630 681 1656 καὶ
709 1630 820 1665 μείζονα
846 1632 948 1659 τούτων

162 1674 286 1710 ὲφρόνεις
306 1675 438 1711 γαυριῶν,
460 1676 508 1703 καὶ
530 1676 612 1712 μανίᾳ
627 1677 732 1712 φρενῶν
752 1677 950 1713 ἀλαζονευόμε-

161 1729 216 1751 νος,
234 1720 273 1752 ὡς
294 1721 390 1748 σαυτὸν
417 1721 455 1757 τῷ
476 1722 579 1758 ὑψίστῳ
602 1722 661 1758 Θεῷ
684 1723 877 1759 παραϐάλλειν,
902 1725 950 1751 καὶ

162 1766 233 1803 ὑπὲρ
246 1767 295 1799 τὰς
311 1768 438 1803 οὐρανίας
455 1769 552 1803 ἁψίδας
567 1770 612 1796 τὸν
629 1770 726 1796 σαυτοῦ
746 1770 839 1806 θρόνον
857 1771 950 1806 θήσειν

163 1811 357 1846 φαντάζεσθαι.
373 1814 464 1840 Ταῦτα
478 1815 526 1850 μὲν
538 1812 585 1842 οὖν
600 1816 664 1851 περὶ
676 1816 722 1842 σοῦ
739 1817 830 1852 ἡμεῖς,
843 1816 950 1853 θνητοῖς

163 1857 304 1893 λογισμοῖς
316 1859 499 1894 ἀπατώμενοι,
513 1860 705 1896 διενοούμεθα’
723 1863 835 1890 τοιαῦτα
855 1863 883 1890 δὲ
904 1864 951 1890 καὶ

164 1902 198 1928 σὺ
209 1901 257 1928 ἐπὶ
275 1903 363 1938 σαυτῷ
378 1903 482 1939 φρενῶν
494 1905 620 1932 ἐκστάσει
637 1907 770 1944 ὲφρόνεις.
793 1906 846 1935 Ἦν
860 1909 882 1936 δ’
896 1910 951 1946 ἄρα

164 1948 210 1974 καὶ
226 1947 273 1974 τοῦ
295 1949 359 1984 περὶ
376 1949 406 1976 σὲ
427 1949 519 1982 τέλους
541 1951 649 1986 ἔλεγχος
664 1953 678 1979 ὁ
694 1953 788 1989 χρόνος
802 1954 862 1981 καθ’
876 1955 890 1981 ὃ
904 1955 950 1982 ἑά-

162 1994 231 2026 λως·
252 1995 314 2022 οὐδὲ
336 1997 391 2027 τοῖς
412 1997 514 2028 λοιποῖς
534 1997 688 2032 ἀνθρώποις
709 1999 804 2034 ὁμοίαν
826 2001 951 2036 ἐσχηκὼς

163 2040 300 2077 τελευτήν.
314 2042 345 2068 Οί
362 2042 413 2078 μὲν
425 2043 480 2079 γὰρ
493 2044 535 2078 ἐφ’
552 2045 675 2080 ἡσυχίας,
691 2046 782 2081 ἡρέμα
793 2047 839 2073 καὶ
855 2047 951 2083 πράως

163 2088 210 2114 ἐπὶ
222 2089 272 2123 τῆς
288 2088 392 2115 ἑαυτῶν
411 2090 512 2122 ὲττιας,
531 2090 562 2117 τὸ
585 2091 664 2127 χρέος
685 2092 834 2119 ἀπέδοσαν·
853 2093 884 2119 σὺ
909 2093 949 2125 δὲ,

163 2134 196 2169 τῇ
216 2134 269 2160 τῶν
307 2135 443 2170 πολεμίων
465 2137 585 2174 μαχαίρᾳ
610 2138 659 2172 τὴν
686 2138 757 2174 ζωὴν
778 2139 949 2175 ἀφαιρεθεὶς,

164 2181 260 2215 νεκρὸς
284 2179 387 2214 ἄταφος
416 2182 528 2218 ριφήσῃ,
560 2182 641 2219 θηρσὶ
675 2183 742 2220 βορὰ
768 2185 815 2212 καὶ
846 2186 951 2219 οἰωνοῖς

164 2225 330 2260 ἐγκείμενος.
356 2226 429 2258 Ἕως
448 2227 497 2262 μὲν
513 2225 558 2254 οὖν
576 2230 745 2265 συνειστήκει
768 2231 785 2266 ὴ
811 2230 949 2264 Βαϐυλὼν,

166 2269 299 2304 βασίλειόν
312 2279 343 2297 τε
359 2269 394 2307 ἦν
413 2272 460 2298 καὶ
474 2271 617 2300 δυναστεία
641 2274 745 2310 μεγάλη
762 2276 816 2303 τῶν
837 2277 950 2304 αὐτόθεν
967 2288 989 2316 ο

165 2317 350 2351 κρατούντωνο
368 2318 439 2354 τάχα
458 2327 510 2345 που
532 2320 579 2346 καὶ
595 2320 612 2355 ἡ
636 2321 817 2349 ὲπιστατοῦσα
838 2322 950 2358 δύναμις

165 2363 258 2394 αὐτοῖς
272 2363 305 2390 τὰ
320 2364 426 2399 μεγάλα
442 2365 624 2402 συνέπραττεν
635 2375 642 2383 ·
667 2368 727 2394 ἐπεὶ
742 2368 770 2394 δὲ
787 2369 918 2404 ἠφάνιστο
932 2371 949 2406 ή

167 2408 289 2443 βασιλεία
304 2409 351 2436 τοῦ
367 2410 469 2443 ἔθνους,
491 2412 538 2439 καὶ
550 2413 564 2439 ὁ
584 2413 704 2447 ἐφεστὼς
733 2414 824 2446 αὐτοῖς
848 2415 949 2450 ἄρχων,

164 2453 286 2489 ὡσπερεὶ
301 2454 446 2492 πληρώσας
458 2458 522 2489 τοὺς
531 2458 629 2486 ἑαυτοῦ
645 2459 767 2495 χρόνους,
780 2461 820 2491 εις
837 2460 882 2488 τὸν
897 2461 951 2488 τῶν

167 2501 271 2536 ὁμοίων
300 2501 374 2536 αὐτῷ
391 2503 477 2539 χῶρον
494 2505 727 2540 τεαρελαμϐάνετο,
743 2507 772 2533 ἐν
783 2503 805 2540 ᾧ
819 2508 951 2544 συνήντη-

165 2555 216 2574 σαν
226 2546 300 2582 αὑτῷ
310 2547 409 2580 πάντες
418 2549 443 2575 oi
459 2550 578 2586 Ῥαφαῖμ
593 2551 763 2587 καλούμενοι,
781 2553 798 2588 ἢ
815 2554 840 2580 oi
857 2554 951 2589 γίγανο

164 2601 226 2624 τες·
244 2589 317 2620 οὗτοι
329 2593 357 2620 δὲ
375 2594 421 2620 καὶ
437 2594 512 2622 αὐτοὶ
529 2596 658 2633 δυνάμεις
680 2598 732 2625 εἰσί
752 2607 833 2631 τινες,
855 2600 893 2631 αἳ,
913 2600 952 2632 ὡς

165 2639 248 2672 εἰκὸς,
262 2637 333 2676 ἦσαν
348 2640 449 2675 ἑτέρων
467 2633 550 2668 ἐθνῶν
566 2643 636 2670 κατὰ
658 2644 770 2680 χρόνους
794 2645 843 2672 οὐκ
864 2645 952 2681 ὀρθῶς

164 2686 346 2721 ἡγησάμεναι.
359 2687 432 2722 Μήτ.
443 2685 490 2714 οὖν
504 2689 585 2721 αὐτὸς
608 2686 686 2722 οὗτος
700 2691 713 2717 ό
725 2690 776 2726 τῆς
793 2691 951 2723 Βαϐυλῶνος

164 2729 256 2765 ἄρχων
270 2731 335 2757 ποτὲ
348 2731 478 2765 γεγονὼς,
490 2733 539 2768 τὴν
550 2734 645 2761 ἑαυτοῦ
661 2736 712 2770 γῆν
722 2735 867 2772 διέφθειρε,
885 2736 951 2768 Θεὸς

165 2775 230 2811 παρ’
243 2776 334 2808 αὐτοῖς
340 2777 527 2812 νομιζόμενος,
549 2779 618 2806 οὕτω
627 2780 655 2807 δὲ
665 2781 712 2807 καὶ
724 2781 769 2808 τὸν
777 2782 873 2809 ἑαυτοῦ
887 2782 951 2809 λαόν

164 2821 319 2853 ἀπέκτεινε,
335 2823 382 2850 καὶ
397 2824 461 2855 τοὺς
476 2824 571 2852 ἑαυτοῦ
593 2826 668 2859 υἱοὺς
689 2829 779 2863 σφαγῇ
797 2828 951 2865 παραδέδω-

165 2875 222 2898 κεν,
241 2867 280 2899 είς
290 2867 428 2895 ἀπώλειαν
445 2870 501 2901 τοῖς
518 2868 562 2897 ὑπ’
576 2871 659 2898 αὐτοῦ
673 2872 845 2909 ἀρχομένοις,
860 2874 905 2900 διὰ
920 2874 950 2902 τὸ

166 2911 323 2949 νομισθῆναι
346 2914 410 2950 παρ’
432 2915 524 2949 αὐτοῖς
545 2916 611 2948 Θεὸς
633 2915 700 2945 εἶναι
715 2919 848 2953 γεγονώς;
874 2920 904 2947 El
928 2920 949 2947 δ’

1001 980 1116 1013 Quinam
1135 986 1201 1006 vero
1217 978 1244 1006 lti
1270 983 1361 1006 essent
1383 978 1501 1013 explicat
1521 979 1616 1005 dicens
1628 997 1636 1009 ,
1651 978 1789 1013 principes

1001 1029 1091 1057 terrae,
1108 1024 1153 1060 qui
1169 1032 1200 1051 ex
1218 1023 1324 1051 tltronis
1345 1025 1401 1051 suis
1422 1023 1578 1051 excitarunt
1595 1030 1691 1050 omnes
1710 1030 1788 1058 reges

1000 1071 1119 1106 gentium
1138 1081 1144 1098 :
1161 1071 1206 1105 qui
1225 1070 1300 1103 paria
1315 1076 1347 1096 ac
1366 1069 1410 1096 ille
1425 1077 1487 1096 reus
1506 1069 1651 1105 Babylonis
1665 1077 1711 1096 rex
1725 1076 1787 1103 per-

1000 1121 1150 1151 petrarum.
1169 1117 1200 1144 Hi
1215 1125 1279 1145 vero
1294 1117 1392 1145 nudam
1406 1122 1434 1144 et
1451 1123 1570 1150 corpore
1596 1114 1692 1141 orbam
1713 1114 1787 1141 illius

1000 1165 1063 1193 olitn
1082 1164 1236 1200 Babylonici
1255 1165 1326 1200 regis
1341 1164 1460 1191 animam
1485 1168 1643 1194 cernentes,
1669 1162 1709 1189 sic
1726 1169 1785 1189 eaut

1000 1210 1199 1246 compellabnnt
1215 1219 1221 1236 ε
1239 1210 1362 1238 Etiamne
1376 1213 1402 1237 te
1419 1209 1518 1237 fortior
1535 1216 1608 1236 mors
1622 1208 1682 1240 fuit,
1707 1207 1742 1234 ita
1758 1212 1787 1234 ut

1001 1261 1026 1284 te
1042 1256 1156 1284 similem
1183 1256 1261 1284 nobis
1285 1264 1345 1284 esse
1371 1254 1616 1284 evincercthiltil
1640 1262 1704 1288 ergo
1727 1259 1786 1282 erat

1001 1307 1108 1330 terrena
1131 1302 1175 1329 illa
1191 1302 1257 1334 vita,
1272 1302 1373 1329 divitiae
1385 1323 1393 1335 ,
1413 1301 1497 1337 gloria
1511 1306 1539 1328 et
1558 1305 1631 1328 tanta
1647 1300 1785 1334 potentia:

1000 1349 1046 1376 sed
1060 1349 1185 1376 omnibus
1199 1349 1240 1376 his
1258 1348 1318 1376 linis
1333 1349 1383 1375 erit
1404 1354 1476 1376 terra
1491 1353 1517 1374 et
1532 1347 1630 1382 pulvts,
1645 1345 1746 1373 vermis
1760 1350 1787 1373 et

1000 1394 1091 1421 carnis
1106 1395 1229 1429 putredo.
1248 1394 1303 1421 Nos
1316 1401 1380 1421 vero
1393 1398 1420 1421 le
1437 1393 1576 1420 mortalem
1591 1392 1703 1420 minime
1724 1399 1786 1420 esse

1000 1439 1161 1475 putabamus
1178 1448 1185 1467 :
1204 1448 1235 1467 ac
1254 1439 1339 1475 gloria
1367 1445 1393 1466 te
1408 1439 1594 1467 circttntdante
1619 1438 1725 1474 decepti
1737 1458 1746 1471 ,
1760 1441 1788 1465 te

1006 1486 1223 1520 splendidissimo
1239 1486 1342 1513 cu-lesti
1370 1485 1514 1518 luminari,
1542 1485 1680 1519 solemque
1702 1483 1786 1511 advo-

1000 1533 1070 1559 cauti
1086 1532 1210 1560 Lucifero
1221 1532 1454 1566 comparabantus.
1472 1530 1512 1558 Tu
1530 1537 1594 1557 vero
1610 1535 1635 1558 te
1650 1529 1730 1557 etiam
1746 1530 1788 1557 bis

1001 1577 1129 1612 majorem
1156 1578 1344 1611 arbitrabaris,
1355 1577 1499 1605 lasciviens
1513 1585 1545 1604 ac
1565 1577 1664 1604 utentis
1681 1577 1786 1604 insania

1002 1625 1038 1652 ita
1054 1625 1225 1659 superbiens,
1240 1629 1268 1652 ttt
1287 1629 1311 1652 te
1327 1624 1459 1650 altissimo
1479 1623 1535 1650 Deo
1551 1623 1700 1653 conferres‘
1717 1629 1748 1649 ac
1761 1626 1787 1649 te

1003 1671 1129 1698 thronum
1146 1675 1221 1698 tuum
1239 1677 1319 1705 supra
1348 1669 1471 1697 ctelestes
1495 1669 1613 1696 fornices
1634 1668 1786 1698 positurum

1000 1724 1060 1744 esse
1076 1716 1227 1752 jztctitares.
1244 1716 1306 1744 llmc
1320 1717 1400 1751 igitur
1418 1723 1466 1743 nos
1488 1714 1650 1742 mortalibus
1675 1713 1787 1741 ratioci-

1002 1763 1055 1790 niis
1068 1763 1183 1798 deccpti.
1208 1763 1241 1790 de
1256 1768 1282 1790 te
1294 1762 1474 1797 cogitavimus
1491 1769 1498 1788 :
1516 1761 1579 1787 talia
1598 1765 1626 1788 et
1641 1765 1668 1787 tu
1697 1765 1788 1788 mente

1002 1813 1098 1844 captus
1115 1809 1148 1837 de
1163 1814 1189 1836 te
1204 1809 1262 1843 ipso
1276 1809 1423 1837 sentiebas.
1443 1807 1478 1835 At
1500 1807 1542 1835 vel
1566 1806 1653 1833 solum
1681 1810 1787 1839 tempus

1001 1862 1055 1890 quo
1066 1859 1161 1889 captus
1174 1859 1201 1882 et
1214 1855 1301 1882 victus
1314 1862 1343 1882 es
1355 1876 1363 1888 ,
1387 1853 1559 1881 manifestum
1580 1857 1639 1880 erat
1663 1851 1725 1879 fluis
1748 1851 1787 1879 tui

1001 1908 1191 1938 argumentum
1210 1911 1217 1929 :
1236 1910 1323 1937 neque
1337 1902 1453 1929 similem
1470 1901 1530 1928 aliis
1544 1900 1699 1928 hominibus
1715 1907 1789 1927 mor-

1003 1953 1055 1976 tem
1073 1955 1102 1976 es
1125 1952 1294 1976 consecutus.
1321 1948 1358 1975 Illi
1378 1948 1477 1982 quippe
1496 1947 1597 1975 sensim
1610 1966 1618 1980 ,
1651 1946 1743 1980 quiete
1759 1949 1788 1974 et

1001 1994 1072 2022 domi
1087 1994 1208 2022 debitum
1225 1994 1387 2027 Solverunt;
1405 1999 1433 2021 tu
1447 2001 1510 2021 vero
1535 1993 1707 2020 initnicorum
1731 1991 1789 2028 gla-

1001 2043 1046 2071 dio
1062 2044 1116 2070 vita
1132 2030 1263 2079 privatus,
1283 2042 1433 2077 insepultus
1446 2042 1616 2077 projicieris,
1630 2045 1658 2068 et
1681 2041 1737 2068 eris
1759 2040 1786 2068 itt

1001 2097 1094 2117 escam
1111 2090 1209 2117 bestiis
1223 2094 1250 2116 et
1267 2089 1433 2117 volucribus.
1449 2088 1573 2122 Quandiu
1598 2088 1681 2123 igitur
1699 2087 1788 2123 Baby-

1001 2136 1046 2164 lon
1060 2140 1198 2170 superstes
1217 2135 1276 2167 fuit,
1301 2143 1334 2163 ac
1357 2135 1493 2170 principes
1518 2142 1579 2169 eius
1604 2141 1715 2170 regnum
1732 2142 1790 2161 nta-

1001 2191 1136 2219 gttamque
1148 2183 1279 2211 ditionem
1295 2187 1323 2210 et
1336 2182 1485 2217 potentiam
1497 2181 1674 2214 obtinebant;
1691 2181 1787 2214 virtus,

1001 2237 1062 2264 quae
1074 2229 1140 2264 ipsis
1150 2228 1278 2264 praelecta
1290 2232 1360 2260 erat.
1377 2235 1473 2261 magna
1489 2228 1602 2255 fortasse
1614 2226 1786 2262 perﬁciebat:

1002 2275 1046 2302 ttbi
1062 2280 1152 2302 autent
1166 2276 1255 2310 gentis
1271 2275 1342 2302 illius
1356 2283 1467 2310 regnum
1493 2274 1612 2302 deletqu
1635 2278 1686 2305 est.
1712 2272 1788 2308 priu-

1002 2329 1066 2356 ceps
1078 2329 1185 2357 quoque
1198 2322 1263 2356 ipsis
1276 2322 1422 2357 praefectus
1431 2341 1440 2352 .
1452 2325 1546 2355 utpote
1558 2320 1614 2353 jam
1631 2327 1679 2348 suo
1695 2319 1788 2354 elapso

1003 2372 1123 2402 tempore
1135 2388 1143 2400 ,
1160 2369 1186 2396 itt
1200 2369 1250 2396 sibi
1268 2368 1397 2396 similium
1416 2369 1503 2395 locum
1526 2372 1650 2401 receptus
1667 2371 1724 2398 est,
1742 2365 1787 2392 ubi

1001 2419 1179 2442 oecurrerunt
1203 2415 1252 2450 ipsi
1276 2422 1371 2443 omnes
1405 2414 1451 2449 qui
1480 2418 1612 2440 vocantur
1640 2411 1786 2447 Rapbaim.

1001 2459 1060 2486 sive
1093 2461 1238 2495 gigantes:
1258 2461 1284 2488 lti
1310 2462 1392 2489 etiam
1418 2461 1534 2487 virtutes
1567 2459 1691 2493 qutedatu
1723 2461 1786 2484 sunt

1002 2513 1079 2540 utne,
1094 2511 1123 2533 ut
1135 2507 1246 2535 credere
1262 2512 1323 2539 est,
1339 2508 1400 2535 aliis
1411 2507 1552 2542 gentibus,
1567 2511 1642 2533 certo
1657 2503 1788 2537 temporis

1002 2551 1092 2584 spatio
1107 2559 1160 2578 non
1176 2557 1249 2579 recte
1269 2552 1445 2587 pratfuerant.
1463 2550 1531 2578 Num
1554 2551 1634 2586 igitur
1652 2549 1696 2576 ltic
1717 2548 1786 2583 ipse,

1002 2597 1066 2624 olim
1093 2597 1239 2633 Babylonis
1270 2599 1396 2634 princeps
1424 2603 1525 2626 terram
1544 2598 1630 2630 tsuam
1655 2594 1786 2628 corrupit,

1003 2643 1074 2670 Deus
1090 2651 1174 2678 penes
1187 2644 1248 2672 illos
1262 2645 1375 2680 populos
1390 2644 1574 2675 existimatus,
1589 2646 1670 2675 atque
1684 2641 1722 2668 ita
1739 2648 1788 2674 po-

1002 2689 1093 2723 pulum
1103 2697 1181 2717 suunt
1190 2690 1300 2723 occidit,
1312 2699 1343 2718 ac
1355 2691 1424 2718 filios
1431 2697 1494 2717 suos
1504 2689 1562 2716 neci
1572 2687 1698 2720 tradidit;
1707 2692 1788 2721 atque

1003 2736 1029 2763 in
1044 2737 1192 2771 perniciem
1209 2738 1318 2765 subdito
1335 2738 1384 2765 sibi
1400 2736 1498 2772 populo
1512 2736 1572 2769 fuit,
1587 2735 1650 2770 quis
1669 2735 1704 2762 ab
1721 2734 1787 2769 ipsis

1002 2785 1031 2808 ut
1043 2781 1114 2808 Deus
1125 2781 1233 2809 babitus
1249 2782 1357 2809 fuerat?
1370 2782 1446 2815 Quod
1457 2781 1478 2808 si
1498 2781 1555 2808 hzec
1566 2781 1602 2808 ita
1615 2788 1644 2808 se
1656 2780 1787 2811 habeant,

1003 2831 1088 2854 restat
1101 2833 1127 2854 ut
1148 2832 1233 2854 totam
1252 2827 1400 2863 prophetia:
1412 2829 1583 2860 sententiam,
1599 2835 1660 2862 qua:
1679 2827 1712 2854 de
1734 2826 1785 2853 Ba-

1002 2873 1109 2908 bylonis
1132 2880 1195 2908 rege
1209 2873 1314 2908 prolata
1329 2878 1390 2906 est,
1410 2874 1436 2900 in
1452 2873 1525 2900 illam
1542 2873 1671 2900 virtutem
1684 2873 1770 2899 refers

1003 2927 1063 2948 mus
1082 2929 1088 2946 :
1105 2927 1164 2955 qua:
1193 2920 1256 2955 quia
1285 2920 1331 2949 Dei
1357 2920 1471 2957 gloriam
1492 2921 1563 2957 apud
1581 2920 1632 2949 sibi
1652 2919 1789 2957 subditum
