2044 3215
283 167 337 195 195

618 163 752 192 EUSEBII
772 161 1010 192 CESARIENSIS
1029 161 1104 189 OPP.
1125 159 1216 189 PARS
1234 159 1278 187 lll.
1298 174 1334 182 —
1352 158 1559 188 EXEGETICA.

1866 161 1916 188 I94

283 222 411 258 populum
429 226 521 253 nacta.
537 220 621 248 altum
639 220 782 256 sapiebat,
804 219 866 254 jure
888 219 1011 255 arguitur
1031 219 1061 245 bl

1123 217 1179 253 ἔχει
1192 217 1278 244 ταῦτα
1297 217 1394 249 οὕτως,
1415 217 1474 253 ὥρα
1492 218 1540 245 καὶ
1557 217 1647 244 πάντα
1667 217 1712 244 τὸν
1733 219 1782 254 τῆς
1805 226 1916 254 προφη-

283 269 432 303 Scriptum
445 267 535 294 verbis
549 276 557 294 :

1119 264 1194 296 τείας
1208 263 1296 298 λόγον,
1310 263 1357 290 τὸν
1370 263 1434 299 περὶ
1449 263 1496 290 τοῦ
1509 263 1638 298 βασιλέως
1655 263 1812 296 Βαϐυλῶνος
1831 272 1916 300 προσ-

281 315 469 352 ενηνεγμένον,
498 316 537 347 είς
556 314 662 350 ἐκείνην
681 313 826 348 ἀναφέρειν
849 313 898 349 τὴν
923 312 1036 348 δύναμιν
1050 312 1140 347 "huc,
1159 311 1251 347 ἐπειδὴ
1277 310 1344 338 Θεοῦ
1361 311 1440 343 δόξαν
1477 311 1552 347 παρά
1579 312 1634 342 τοῖς
1665 310 1825 346 ἀρχομένοις
1846 319 1914 347 κτη-

283 361 386 397 σαμένη
412 361 483 396 μέγα
504 361 663 396 ἐφρόνησεν,
684 359 796 391 εἰκότως
819 358 999 393 ἀπελέγχεται
1015 357 1122 384 ὑπὸτοῦ
1141 356 1292 391 φάσκοντος
1306 355 1384 389 λόγου
1396 364 1405 371 ·

317 410 398 436 Vens.
408 407 499 438 lii“.
513 408 566 434 «Tu
577 413 666 434 autem
677 407 767 433 dixisti
780 408 805 432 in
815 411 904 432 meme
914 411 967 438 tua,
977 406 1003 434 ir:
1012 413 1069 433 ca:-

281 455 335 482 lum
351 454 539 485 ascendam,et
557 461 637 488 supra
650 453 741 480 stellas
752 452 812 479 cceli
828 459 926 486 ponam
942 452 1068 479 thronum

281 508 370 527 meum
386 507 394 527 ι
416 504 443 526 et
456 499 551 526 similis
568 506 616 525 ero
631 498 789 530 Altissimo;
814 508 822 524 ι
843 505 869 526 et
884 504 981 526 caetera
998 507 1068 533 quo-

280 553 332 580 que
345 546 407 573 huic
425 545 619 580 interpretandi
635 544 732 571 rationi
747 546 904 578 aptaveris;
924 549 1067 579 postquam

280 592 308 619 in
320 591 399 618 obvio
413 598 508 622 sensu,
524 599 584 625 qua:
600 590 626 616 in
647 590 789 624 prophetia
812 590 967 617 indicantur
981 590 1068 618 sensi-

280 637 327 664 bili
343 637 398 672 regi
415 636 604 671 applicueris.

329 727 410 755 Vns.
433 727 479 758 21,
492 727 538 755 25.
566 737 575 753 ι
605 726 668 755 Hzec
685 727 751 754 dicit
776 726 906 754 Dominus
933 726 1065 758 Sabaoth,

281 773 514 806 Quemadmodum
538 773 611 806 dixi,
637 774 673 800 ita
694 773 770 800 erit:
787 778 814 800 et
838 772 1066 811 quemadmodum

280 819 449 851 deliberavi.
477 819 513 845 ita
539 819 657 846 rnanebit
675 828 681 845 :
697 824 727 845 ut
752 819 860 853 perdam
882 818 1011 853 Assyrios
1041 818 1066 844 in

281 871 352 892 terra
367 873 424 892 mea
441 870 469 892 et
482 866 507 892 in
523 865 659 893 montibus
677 866 754 893 meis.
774 866 807 892 Et
822 870 902 892 erunt
918 866 943 892 in
959 864 1068 891 concul-

282 913 434 945 catiouem,
450 917 476 939 et
496 912 635 938 auferetur
654 912 688 939 ab
710 913 750 939 eis
765 912 858 947 jugum
883 911 1013 946 ipsorum,
1040 917 1067 938 et

279 957 363 996 gloria
379 964 472 984 eorum
486 957 520 983 ab
535 957 655 983 humeris
669 957 786 991 ipsorum
802 951 948 984 auferetur.
968 967 977 983 ι
998 957 1065 984 Cum

281 1002 358 1035 dicit,
377 1011 387 1028 ι
405 1001 439 1029 Ut
457 1001 565 1036 perdam
578 1000 739 1037 Assyriosln
754 1007 823 1029 terra
835 1010 892 1030 mea
907 1004 970 1036 etin
987 1012 1061 1031 mon-

279 1047 350 1074 tibus
378 1047 460 1078 meis,
481 1057 490 1073 ι
513 1047 590 1074 docet
610 1047 820 1082 Babyloniorum
855 1049 1012 1084 regionem,
1038 1054 1064 1077 et
1080 1041 1101 1068 Β

277 1090 335 1125 ejus
349 1096 452 1118 montes
469 1099 520 1118 non
535 1091 638 1118 alienos
654 1093 704 1119 sibi
722 1099 782 1120 esse
799 1100 806 1119 :
828 1101 890 1120 nam
902 1114 910 1126 ,
928 1103 937 1119 ι
954 1095 1061 1122 Domini

277 1142 318 1164 est
332 1142 414 1169 terra,
428 1143 454 1165 et
472 1137 608 1172 plenitudo
623 1138 708 1173 ejus.»
719 1139 753 1154 ⁷⁵·
764 1139 848 1166 Erunt
861 1147 936 1175 ergo.
950 1141 997 1172 ait,
1011 1141 1062 1168 As-

277 1184 342 1219 syrii
357 1184 382 1210 in
396 1184 640 1216 conculcationem,
652 1185 754 1212 subditi
767 1185 810 1216 iis.
828 1186 874 1220 qui
890 1193 937 1213 eos
952 1194 1063 1221 supera-

278 1229 329 1256 turi
343 1235 417 1257 sunt.
444 1230 592 1257 Auferetur
619 1235 709 1257 autem
733 1229 846 1265 jugum,
874 1233 944 1266 quod
972 1238 1063 1261 stante

276 1273 391 1308 imperio
422 1283 482 1307 suo,
509 1276 625 1303 subditis
648 1275 839 1310 imponebaut;
860 1278 954 1312 jugum
989 1284 1063 1306 certe

275 1326 358 1354 grave
375 1327 407 1347 ac
419 1320 515 1346 durum
533 1319 585 1346 illis
617 1329 624 1346 :
649 1324 677 1347 et
699 1320 784 1355 gloria
811 1322 869 1349 sive
893 1323 975 1350 decus
998 1322 1062 1349 olim

277 1365 397 1392 humeris
413 1365 532 1399 ipsorum
551 1365 707 1400 impositum
722 1386 730 1397 ,
752 1365 900 1395 auferetur.
924 1367 1061 1401 Quemad-

276 1411 385 1438 modum
412 1411 484 1437 enim
509 1411 541 1437 de
563 1411 710 1438 Servatore
739 1412 840 1439 dictum
867 1417 931 1445 est,
947 1422 957 1438 ι
979 1413 1063 1448 Cujus

276 1457 444 1492 principatus
452 1464 533 1492 super
545 1456 685 1484 humerum
695 1457 750 1492 ejus
762 1457 824 1492 '5“;
837 1467 847 1484 ι
863 1459 903 1486 sic
910 1464 937 1486 et
949 1459 998 1487 hoc
1005 1461 1064 1487 loco

276 1501 362 1536 gloria
376 1501 551 1537 Assyriorum
566 1508 650 1536 super
663 1502 793 1529 humeros
810 1502 942 1537 ipsorum,
964 1504 1065 1532 dicitur

275 1554 362 1574 esse:
390 1555 470 1582 quam
504 1546 679 1575 auferendam
707 1555 767 1576 esse
796 1555 886 1576 sermo
907 1550 1066 1578 intermina-

276 1597 330 1618 tur.

1159 414 1168 430 ι
1183 405 1218 430 Σὺ
1233 404 1261 430 δὲ
1278 401 1357 435 εἴπας
1373 403 1402 429 ὲν
1417 405 1450 438 τῇ
1469 403 1573 439 διανοίᾳ
1592 411 1638 430 σου
1649 412 1655 418 ·
1674 403 1722 435 Εἰς
1738 403 1783 430 τὸν
1798 403 1915 439 οὐρανὸν

1120 450 1301 486 ἀναϐήσομαι,
1328 450 1376 476 καὶ
1398 450 1490 476 ἔπάνω
1517 449 1571 476 τῶν
1597 450 1704 485 ἄστρων
1727 449 1775 476 τοῦ
1796 450 1913 485 ούρανοῦ

1120 497 1194 533 θήσω
1214 497 1259 523 τὸν
1284 496 1376 532 θρόνον
1393 505 1453 532 μου,
1474 496 1521 522 καὶ
1537 495 1634 532 ἔσομαι
1650 497 1742 532 ὅμοιος
1764 496 1804 531 τῷ
1833 497 1911 531 Ὑψί-

1120 550 1190 576 στῳ’
1212 551 1221 567 ι
1246 541 1294 568 καὶ
1310 541 1344 568 τὰ
1354 541 1435 568 λοιπά
1451 541 1478 568 δὲ
1496 541 1570 577 αὐτῷ
1583 542 1747 577 ὲφαρμόσεις
1758 542 1796 578 τῷ
1814 543 1912 569 ἀποδο·

1120 588 1191 615 θέντι
1210 588 1291 624 λόγῳ,
1309 588 1378 624 μετά
1401 588 1448 615 τοῦ
1468 589 1516 616 καὶ
1536 587 1574 623 τῷ
1598 588 1750 624 προχείρως
1775 588 1914 623 νοουμένῳ

1118 634 1240 670 αἰσθητῷ
1257 634 1362 670 βασιλεῖ
1379 633 1412 662 τὰ
1431 634 1474 661 διὰ
1504 634 1553 670 τῆς
1570 633 1738 670 προφητείας
1761 633 1913 669 δηλούμενα

1117 681 1345 716 προσαρμόττειν.

1156 736 1165 751 ι
1187 726 1256 753 Τάδε
1270 726 1345 761 λέγει
1361 725 1464 762 Κύριος
1480 725 1606 753 Σαϐαὼθ·
1624 727 1672 753 ’ον
1685 726 1784 762 τρόπον
1801 726 1911 762 εἴρηκα,

1118 772 1204 805 οὕτως
1224 773 1317 800 ἔσται’
1344 773 1392 800 καὶ
1422 773 1450 799 ὃν
1480 772 1579 808 τρόπον
1605 772 1801 808 βεϐούλευμαι,
1824 772 1913 805 οὕτως

1120 820 1210 855 μενεῖ’
1231 818 1278 845 τοῦ
1305 817 1435 845 ἀπολέσαι
1458 818 1522 850 τοὺς
1542 817 1700 853 Ἀσσυρίους
1722 817 1768 844 ἐπὶ
1792 817 1842 853 τῆς
1859 818 1912 854 γῆς

1117 865 1166 899 τῆς
1183 865 1262 900 ἐμῆς,
1282 864 1330 890 καὶ
1341 865 1387 890 ἐπὶ
1405 863 1459 890 τῶν
1477 863 1563 899 ὁρέων
1585 872 1644 899 μου.
1666 863 1721 890 Καὶ
1740 862 1846 890 ἔσονται
1871 864 1911 895 εἰς

1117 910 1314 945 καταπάτημα,
1331 909 1377 936 καὶ
1390 909 1604 945 ἀφαιρεθήσεται
1623 909 1670 935 ἀπ’
1689 909 1777 936 αὐτῶν
1798 910 1812 935 6
1829 907 1911 942 ζυγὸς

1117 956 1282 988 τιὺτῶνμκαί¹
1305 955 1335 982 τὸ
1355 955 1435 987 κῦδος
1455 955 1544 982 αὐτῶν
1566 954 1620 981 ἀπὸ
1638 954 1693 981 τῶν
1715 955 1797 989 ὤμων
1819 955 1910 981 αὐτῶν

1116 1001 1341 1038 ἀφαιρεθήσεται.
1358 1011 1367 1027 ι
1383 1001 1474 1028 Εἰπὼν
1490 1009 1521 1036 γε
1535 1001 1598 1037 μὴν,
1614 1010 1622 1026 ι
1648 1001 1792 1027 Ἀπολέσαι
1810 1001 1908 1027 Ἀσσυ-

1117 1047 1190 1083 ρίους
1204 1048 1250 1074 ὲπὶ
1265 1048 1314 1083 τῆς
1327 1049 1380 1083 γῆς
1392 1048 1441 1083 τῆς
1462 1048 1542 1083 ἐμῆς,
1559 1047 1607 1073 καὶ
1624 1047 1670 1074 ἐπὶ
1682 1046 1736 1073 τῶν
1751 1046 1838 1082 ὀρέων
1852 1047 1909 1073 τῶν

1116 1094 1200 1129 ἐμῶν,
1222 1103 1231 1119 ι
1244 1094 1373 1125 διδάσκει,
1389 1094 1426 1125 ὼς
1437 1094 1482 1120 καὶ
1496 1094 1512 1129 ὴ
1531 1092 1708 1120 Βαϐυλωνίων
1727 1092 1812 1128 χώρα,
1828 1093 1863 1120 τά
1879 1102 1908 1119 τι

1115 1141 1158 1167 ἐπ’
1174 1140 1257 1176 αὐτῆς
1273 1141 1323 1176 ὅρη
1347 1140 1398 1166 οὐκ
1418 1137 1452 1175 ἦν
1474 1139 1601 1175 ἀλλότρια
1622 1138 1721 1166 αὑτοῦ·
1749 1148 1758 1164 ι
1777 1139 1830 1165 Τοῦ
1856 1139 1910 1175 γὰρ

1114 1187 1216 1222 Κυρίου
1244 1188 1260 1222 ἡ
1281 1188 1316 1222 γῆ
1346 1186 1394 1212 καὶ
1415 1186 1445 1213 τὺ
1468 1185 1603 1222 πλήρωμα
1640 1185 1733 1219 αὐτῆς.
1753 1194 1762 1210 ι
1782 1186 1909 1212 Ἔσονται

1116 1232 1205 1260 τοίνυν
1215 1233 1239 1259 οῑ
1261 1233 1414 1268 Ἀσσύριοι,
1430 1232 1524 1267 φησὶν,
1543 1233 1582 1263 εἰς
1597 1231 1792 1266 καταπάτημα,
1802 1230 1901 1266 ὑποχεί-

1117 1287 1169 1314 ριοι
1186 1278 1325 1313 γενόμενοι
1343 1279 1399 1310 τοῖς
1420 1278 1488 1313 μετά
1510 1277 1597 1304 ταῦτα
1621 1277 1710 1304 αὐτῶν
1727 1277 1907 1312 κρατήσασιν.

1122 1323 1347 1359 Ἀφαιρεθήσεται
1358 1323 1386 1349 δὲ
1400 1324 1446 1350 καὶ
1461 1323 1476 1349 6
1497 1323 1588 1357 ζυγὸς,
1605 1322 1635 1348 ὃν
1652 1323 1695 1348 ὅτε
1706 1323 1836 1357 ἐκράτουν
1854 1323 1907 1353 τοῖς

1115 1369 1161 1396 ὑπ’
1183 1369 1272 1395 αὐτῶν
1297 1369 1459 1404 ἀρχομένοις
1483 1370 1623 1404 ὲπήρτων,
1647 1367 1729 1402 ζυγὸν
1753 1366 1838 1402 βαρὺν
1861 1367 1907 1393 καὶ

1115 1414 1316 1442 δυσϐἀπακτον
1329 1414 1532 1451 ἀπαιυιροῦντες
1547 1414 1638 1445 αὐτοῖς
1648 1422 1654 1429 ·
1676 1414 1724 1441 καὶ
1738 1416 1769 1442 τὺ
1788 1413 1867 1444 κυδος
1880 1412 1908 1440 δὶ

1115 1459 1215 1492 αὐτῶν,
1236 1460 1304 1496 ὅπερ
1320 1460 1422 1495 ἐστὶνὴ
1442 1459 1515 1493 δόξα,
1537 1458 1762 1495 ἀφαιρεθήσεται,
1787 1458 1804 1493 ὴ
1826 1456 1906 1484 πάλαι

1115 1508 1171 1539 τοῖς
1185 1506 1270 1542 ὤμοις
1284 1506 1374 1533 αὐτῶν
1388 1507 1560 1542 ὲπικειμενη.
1589 1506 1633 1537 Ὠς
1648 1504 1702 1540 γὰρ
1719 1505 1765 1531 ἐπὶ
1780 1503 1828 1531 τοῦ
1849 1504 1906 1530 Σω-

1116 1553 1198 1587 τῆρος
1210 1551 1345 1584 λέλεκται,
1365 1561 1374 1577 ι
1391 1548 1428 1578 Οῦ
1443 1552 1460 1587 ὴ
1474 1551 1544 1586 ἀρχὴ
1561 1551 1606 1577 ὲπὶ
1621 1550 1668 1577 τοῦ
1689 1549 1765 1585 ὤμου
1781 1549 1875 1581 αὐτοῦ,
1894 1558 1904 1575 ›

1117 1596 1203 1629 οὕτως
1228 1597 1346 1624 ἐνταῦθα
1368 1596 1400 1623 τὸ
1422 1596 1500 1628 κῦδος
1526 1596 1579 1624 τῶν
1608 1595 1755 1631 Ἀσσυρίων
1784 1595 1830 1622 ἐπὶ
1853 1595 1906 1621 τῶν

276 1634 359 1672 ὤμων
376 1637 465 1664 αὐτῶν
481 1637 598 1674 εῐρηταν
618 1639 686 1674 ὅπερ
693 1638 925 1674 ἀφαιρεθήσεσθαι
942 1640 1033 1667 αὐτῶν
1052 1642 1067 1668 6
1083 1641 1161 1677 λόγος
1175 1642 1290 1670 ἀπειλεῖ.

310 1682 391 1711 Vsus.
402 1683 447 1713 26.
463 1683 508 1712 27.
528 1692 537 1708 ι
556 1683 611 1710 Hoc
625 1683 817 1710 estconsilium
836 1684 907 1718 quod
925 1685 996 1718 cepit
1010 1685 1061 1712 Do-

1155 1695 1164 1712 t
1178 1686 1252 1722 Αὕτη
1268 1688 1284 1722 ἡ
1298 1686 1378 1723 βουλὴ
1398 1687 1431 1723 ἢν
1448 1686 1619 1723 βεϐούλευται
1644 1686 1746 1722 Κύριος
1768 1685 1815 1712 ἐπὶ
1843 1685 1906 1721 ὃλην

275 1728 366 1755 minus
388 1736 469 1762 super
484 1736 591 1756 omnem
608 1734 707 1756 terram
721 1738 728 1756 :
743 1735 770 1756 et
785 1730 844 1756 bzec
856 1735 898 1756 est
910 1737 1005 1757 manus
1014 1739 1063 1757 ex-

274 1772 345 1800 celsa
365 1780 445 1807 super
457 1781 551 1800 omnes
565 1779 668 1809 gentes.
689 1774 754 1808 Quae
769 1775 840 1801 enim
865 1775 935 1802 Deus
954 1780 1063 1803 sanctus

273 1819 393 1846 decrevit
404 1839 411 1850 ,
427 1820 488 1854 quis
504 1808 667 1856 dissipabit?
686 1821 718 1847 Et
733 1829 840 1848 martum
853 1821 911 1856 ejus
928 1822 1062 1849 excelsam

273 1866 335 1900 quis
351 1866 476 1893 avertet?
492 1876 501 1892 ι
520 1866 546 1893 ld
559 1871 614 1898 est,
634 1866 713 1901 quale
724 1865 856 1900 judicium
869 1867 902 1894 de
915 1867 1060 1902 Babylone,

273 1915 301 1938 et
315 1913 348 1939 de
362 1906 420 1947 ejus
435 1912 632 1940 habitatoribus
645 1912 728 1939 lnlllm
757 1917 818 1943 est,
844 1911 897 1939 tale
925 1912 1006 1939 eliuln
1029 1913 1062 1940 de

273 1959 338 1985 viris
355 1959 480 1986 omnibus
493 1959 579 1986 atheis
594 1964 620 1986 et
639 1959 745 1993 impiis,
761 1959 807 1993 qui
825 1957 917 1985 orbem
936 1959 1062 1986 obtinue-

273 2007 354 2036 runt,
370 2002 484 2030 feretur.
508 2002 574 2030 Nam
598 2004 746 2030 secundum
769 2003 907 2038 mquitatis
929 2003 1059 2031 rationem

272 2048 347 2082 paria
363 2049 509 2083 patientur,
524 2049 568 2082 qui
584 2049 610 2074 in
627 2048 729 2075 similes
744 2049 896 2083 impietates
920 2048 986 2083 lapsi
1003 2048 1060 2075 fue-

273 2095 338 2121 rint.
361 2093 411 2120 Ubi
427 2093 658 2127 subintelligamus
674 2098 798 2128 oportet,
813 2098 908 2128 gentes
922 2094 1012 2121 atheis
1027 2098 1055 2120 et

272 2139 362 2174 impiis
375 2139 528 2166 hominibus
549 2139 661 2166 refertas
676 2149 682 2166 :
700 2147 752 2166 non
766 2139 838 2166 enim
854 2140 912 2166 bzec
925 2139 985 2167 sine
1001 2139 1056 2166 ullo

272 2182 438 2215 discrimine,
454 2182 487 2209 de
502 2183 553 2217 piis
569 2188 595 2209 et
613 2183 667 2210 Deo
681 2184 796 2210 addictis
809 2184 886 2217 viris,
900 2185 1057 2219 accipienda

271 2232 343 2254 sunt.
358 2227 417 2261 Quo
434 2228 515 2263 igitur
535 2228 614 2255 modo
628 2235 707 2255 orsus
718 2234 776 2261 est,
795 2230 889 2256 eodem
916 2234 944 2256 et
966 2230 1056 2263 desiit,

272 2273 424 2301 universale
433 2274 478 2301 Dei
497 2274 530 2301 de
541 2274 666 2301 omnibus
679 2273 959 2310 ferendumjudicium
979 2284 1056 2305 com-

272 2326 427 2347 memorans
439 2340 447 2353 ,
462 2324 492 2346 ut
515 2327 609 2348 omnes
629 2322 673 2356 qui
689 2320 859 2357 Scripturam
875 2322 1005 2358 legerint,
1022 2324 1055 2351 ad

270 2365 472 2392 conversionem
491 2366 598 2394 invitet.

306 2454 447 2488 Vsus.28,
463 2456 498 2484 29
538 2464 547 2482 ι
569 2456 596 2484 1η
620 2464 692 2484 anno
714 2465 768 2492 quo
793 2463 915 2486 mortuus
940 2463 980 2486 est
1009 2467 1057 2486 rex

267 2501 358 2528 Acbaz
370 2521 378 2534 ,
390 2500 490 2528 factum
503 2506 545 2529 est
557 2502 667 2529 verbum
683 2503 753 2530 istud
765 2512 771 2528 :
788 2503 825 2531 Ne
841 2505 977 2537 laetemini,
990 2505 1055 2531 aie-

269 2546 374 2580 nigenz
387 2553 492 2579 omnes,
506 2548 652 2575 contritum
677 2553 720 2576 est
745 2549 817 2576 enim
840 2548 936 2584 iugum
958 2558 1055 2584 percu-

270 2592 360 2619 tientis
370 2600 418 2620 vos
434 2601 442 2619 :
460 2600 521 2619 natn
538 2600 570 2619 ex
585 2593 688 2620 semine
713 2599 872 2629 serpentum
900 2596 1055 2629 egredietur

269 2637 356 2671 proles
369 2638 478 2672 aspidis,
493 2644 520 2666 et
536 2639 581 2666 ﬁlii
597 2647 690 2666 eorum
713 2640 889 2673 egredientur
914 2646 1054 2672 serpentes

268 2682 400 2709 volantes.
422 2692 431 2708 I
455 2682 553 2710 Lzetari
570 2683 647 2711 vobis
665 2685 782 2711 nomium
797 2685 982 2719 permittitur,
1002 2686 1053 2713 etsi

269 2732 374 2754 mortuo
390 2735 451 2762 rege
465 2729 566 2762 impio,
591 2730 623 2758 de
647 2738 702 2765 quo
726 2730 790 2757 olim
816 2730 986 2765 gaudebatis,
1009 2732 1053 2765 pio

268 2777 358 2800 autem
385 2773 445 2800 viro
467 2775 609 2809 imperium
633 2776 808 2810 suscipiente,
827 2782 857 2804 ut
871 2777 897 2804 in
913 2776 1052 2812 Paralipo-

269 2825 364 2845 menon
376 2817 397 2844 ll
410 2818 477 2845 libro
495 2820 528 2847 de
541 2820 656 2850 Ezecbia
667 2821 823 2849 declaratur
834 2841 842 2854 ,
866 2828 894 2850 et
908 2822 933 2849 in
954 2829 1052 2856 quarto

267 2860 431 2894 Regnorum.
446 2862 676 2895 Quemadmodum
693 2866 763 2893 enim
779 2866 829 2895 sub
843 2866 926 2903 impio
947 2867 1037 2896 Acha:

303 2919 334 2935 "'
354 2917 426 2947 Psal.
437 2927 513 2954 mu,
530 2921 556 2948 l.
592 2922 638 2938 "“
650 2922 713 2951 lsai.
726 2920 772 2958 'u,
787 2923 823 2960 6.!

1114 1733 1164 1768 τὴν
1177 1733 1348 1769 οἰκουμένην,
1366 1733 1413 1760 καὶ
1423 1731 1492 1769 αὕτη
1508 1734 1524 1768 ὴ
1538 1733 1598 1768 χεὶρ
1614 1733 1631 1767 ἡ
1649 1732 1737 1768 ὑψηλὴ
1754 1732 1800 1758 ἐπὶ
1818 1731 1905 1758 πάντα

1113 1779 1148 1805 τά
1164 1778 1238 1814 ἔθνη.
1260 1781 1293 1805 Ἀ
1318 1780 1372 1815 γὰρ
1395 1780 1410 1805 6
1430 1779 1496 1811 Θεὸς
1518 1779 1533 1805 ὁ
1555 1778 1632 1813 ἅγιος
1654 1778 1840 1814 βεϐούλευται,
1864 1778 1905 1808 τίς

1112 1822 1301 1855 διασκεδάσει;
1323 1824 1371 1850 καὶ
1386 1825 1436 1860 τὴν
1455 1825 1535 1860 χεϊρα
1558 1823 1642 1850 αὑτοῦ
1667 1824 1716 1859 τὴν
1738 1822 1843 1858 ὑψηλὴν
1864 1822 1905 1854 τίς

1112 1868 1295 1903 ἀποστρέψεις
1319 1878 1328 1894 ι
1349 1869 1384 1895 Ἦ
1407 1869 1454 1895 καὶ
1466 1869 1507 1895 ὃτι
1521 1868 1600 1895 ὁποία
1616 1868 1788 1904 ἐξενήνεκται
1815 1867 1904 1903 κρίσις

1112 1913 1176 1948 περὶ
1199 1915 1248 1949 τῆς
1273 1913 1441 1946 Βαϐυλῶνος,
1469 1913 1516 1940 καὶ
1536 1914 1591 1940 τῶν
1613 1913 1715 1948 ταύτης
1742 1914 1904 1948 οἰκητόρων,

1111 1959 1220 1994 τοιαύτη
1231 1967 1273 1990 τις
1287 1958 1365 1985 ἔσται
1384 1958 1433 1985 καὶ
1446 1960 1463 1995 ἡ
1483 1959 1546 1995 περὶ
1558 1959 1666 1986 πάντων
1682 1958 1735 1985 τῶν
1750 1959 1798 1993 τῆς
1816 1959 1904 1984 οἰκου-

1113 2005 1196 2040 μένης
1211 2005 1405 2040 κρατησάντων
1416 2004 1504 2032 ἀθέων
1514 2005 1561 2032 καὶ
1571 2005 1678 2032 ἀσεϐῶν
1698 2004 1803 2039 ἀνδρῶν
1813 2012 1820 2018 '
1834 2003 1904 2030 κατά

1110 2050 1164 2086 γὰρ
1178 2050 1222 2076 τὸν
1235 2049 1282 2076 τοῦ
1293 2050 1395 2076 δικαίου
1418 2049 1496 2084 λόγον
1512 2050 1651 2085 παρόμοια
1668 2050 1811 2076 πείσονται
1829 2050 1854 2075 οἱ
1869 2048 1904 2076 τὰ

1109 2096 1191 2130 ὅμοια
1212 2095 1445 2130 δυσσεϐήσαντες·
1464 2094 1715 2130 προσεπινοούντων
1733 2094 1811 2130 ἡμῶν
1826 2094 1901 2129 ἔθνη,

1108 2141 1142 2167 τὰ
1157 2134 1212 2167 τῶν
1222 2140 1310 2167 ἀθέων
1323 2140 1370 2166 καὶ
1384 2139 1491 2166 ἀσεϐῶν
1511 2140 1631 2176 ἀνδρῶν’
1658 2140 1688 2166 οὺ
1708 2140 1761 2175 γὰρ
1784 2140 1903 2175 ἀκρίτως

1107 2185 1193 2213 ταῦτα
1213 2185 1285 2213 κατά
1298 2185 1351 2212 τῶν
1366 2185 1486 2212 εύσεϐὦν
1506 2186 1553 2212 καὶ
1578 2185 1632 2212 τῶν
1652 2185 1691 2221 τῷ
1713 2185 1772 2220 Θεῷ
1792 2186 1901 2212 ἀνακει-

1110 2231 1197 2267 μένων
1220 2230 1377 2266 ἐκδέχεσθαι
1401 2231 1549 2266 προσήκει.
1587 2231 1693 2267 ’Ὠσπερ
1723 2229 1770 2258 οὖν
1789 2230 1900 2266 ἤρξατο,

1107 2277 1200 2304 τοῦτον
1215 2278 1262 2304 καὶ
1278 2277 1433 2304 συνετέλεσε
1449 2276 1495 2303 τὸν
1514 2277 1614 2313 τρόπον
1632 2277 1682 2312 τῆς
1702 2277 1773 2304 κατὰ
1793 2276 1901 2304 πάντων

1107 2322 1254 2358 καθολικῆς
1277 2322 1324 2348 τοῦ
1343 2321 1411 2348 Θεοῦ
1437 2321 1554 2357 κρίσεως
1575 2321 1732 2356 ἀναγκαίως
1750 2321 1901 2357 μνημονεὺ-

1072 2363 1094 2391 Ῑ)
1110 2377 1171 2401 σας·
1185 2368 1255 2395 ὥστε
1272 2367 1433 2404 ἐπιστρέψαι
1449 2367 1554 2399 πάντας
1564 2368 1627 2399 τοὺς
1639 2367 1851 2403 ἐντυγχάνοντας
1867 2368 1898 2403 τῇ

1149 2423 1204 2441 αωτι
1209 2435 1216 2441 .

1149 2423 1167 2441 α
1209 2435 1216 2441 .

1109 2415 1155 2486 Γρ(
1169 2415 1230 2486 ﬁeri
1248 2460 1324 2492 έτους
1342 2455 1373 2487 οὗ
1396 2459 1530 2486 ἀπέθανεν
1544 2460 1558 2486 ό
1573 2458 1699 2494 βασιλεὺς
1724 2459 1816 2494 Ἀχάζ,
1839 2459 1900 2493 ἐγε-

1108 2507 1176 2543 νήθη
1189 2507 1220 2533 τὸ
1233 2507 1310 2542 ῥῆμα
1322 2506 1415 2533 τοῦτο·
1429 2506 1476 2542 Μὴ
1487 2506 1694 2542 εὐφρανθείητε,
1715 2507 1741 2533 οἱ
1755 2506 1899 2541 ἀλλόφυλοι

1108 2554 1222 2584 πάντες*
1239 2552 1383 2588 συνετρίϐη
1399 2553 1453 2588 γὰρ
1469 2553 1484 2579 6
1500 2552 1582 2586 ζυγὸς
1604 2553 1650 2580 τοῦ
1672 2553 1797 2585 παίοντος
1815 2553 1896 2588 ὑμᾶς·

1108 2601 1140 2626 ὲκ
1155 2599 1209 2634 γὰρ
1228 2598 1384 2635 σπέρματος
1400 2598 1488 2633 ὄφεων
1506 2598 1677 2631 ἐξελεύσεται
1695 2599 1794 2634 ἔγγονα
1818 2599 1898 2633 ἀσπί-

1106 2645 1170 2676 δων,
1183 2644 1230 2671 καὶ
1240 2644 1274 2671 τὰ
1287 2643 1386 2678 ἔγγονα
1406 2643 1495 2671 αὐτῶν
1514 2644 1699 2678 ἐξελεύσονται
1725 2645 1801 2679 ὄφεις
1818 2645 1897 2671 πετό-

1108 2698 1192 2726 μενοι.
1212 2699 1220 2716 t
1237 2690 1335 2716 Οὐκέτι
1354 2689 1463 2724 ἀφίεται
1479 2689 1544 2725 ὑμῖν
1565 2690 1768 2726 εὐφραίνεσθαι,
1781 2690 1896 2717 οὰποθα-

1105 2736 1196 2768 νόντος
1222 2736 1270 2771 μὲν
1285 2735 1333 2762 τοῦ
1357 2735 1472 2767 ἀσεϐοῦς
1497 2736 1627 2772 βασιλέως
1650 2737 1693 2771 ἐφ’
1717 2733 1740 2770 ᾦ
1761 2736 1791 2763 τὸ
1813 2736 1895 2763 πάλαι

1106 2782 1232 2818 ἐχάρητε,
1250 2781 1390 2813 θεοσεϐοῦς
1403 2782 1432 2808 δὲ
1451 2782 1548 2818 ἀνδρὸς
1567 2783 1616 2818 τὴν
1635 2783 1722 2819 ἀρχὴν
1739 2783 1895 2818 διαδεξαμέ-

1105 2835 1165 2854 νου·
1187 2827 1225 2859 ὼς
1250 2828 1279 2854 ἐν
1300 2828 1332 2862 τῇ
1356 2826 1471 2864 δευτέρᾳ
1497 2828 1552 2855 τῶν
1587 2829 1832 2864 Παραλειπομὲνων
1855 2827 1894 2863 τῷ

1111 2872 1218 2909 Ἐζεκίᾳ
1233 2872 1453 2909 μεμαρτύρηται,
1470 2874 1516 2901 καὶ
1530 2874 1558 2902 ὲν
1575 2875 1608 2910 τῇ
1621 2874 1739 2915 τετάρτῃ
1749 2875 1802 2903 τῶν
1813 2875 1893 2902 Βασι-
