2044 3215
715 134 724 146 1

145 166 197 198 197

622 168 874 197 COMMENTARIA
893 169 927 197 IN
947 168 1076 199 ISAIAH.
1098 183 1131 190 -
1147 168 1225 198 CAP.
1246 169 1326 198 XlV.‘

1729 173 1781 202 198

144 229 235 258 λειιῖιν.
250 230 358 267 Ὥσπερ
368 229 423 267 γὰρ
435 230 482 258 ἐπι
495 230 545 266 τοῦ
561 230 677 262 ἀσεϐοῦς
695 231 788 267 Ἀχὰζ,
809 231 884 263 είκὺς
903 229 938 267 ἦν

996 230 1136 266 allophylis
1159 230 1292 265 gaudendi
1316 233 1344 257 et
1369 229 1476 257 lauandi
1499 237 1581 259 causa
1605 231 1717 262 aderat.
1742 233 1780 259 ita

145 277 251 313 χαίρειν
267 277 315 303 καὶ
339 276 533 312 εὐφραίνεσθαι
560 277 624 308 τοὺς
649 277 825 311 ἀλλοφύλους,
852 277 939 309 οὕτως

147 324 194 350 ἐπὶ
217 322 264 349 τοῦ
290 322 394 349 δικαίου
419 323 514 358 ἀνδρὸς
540 323 586 350 τοῦ
616 323 748 356 Ἐζεκίου,
769 324 938 360 εὐκαίρωςὴ

147 369 301 404 προφητεία
327 369 522 405 ἀποτεινομένη
555 369 622 405 πρὸς
660 369 759 402 αὐτούς
792 379 868 405 φησιε
893 370 939 406 Μὴ

147 414 355 450 εὐφρανθείητε,
373 415 532 450 ἀλλόφυλοι·
550 416 632 442 πάλαι
650 416 697 451 μὲν
716 416 770 452 γὰρ
785 418 824 443 ἐτι
838 416 940 449 ζῶντος

147 460 194 487 τοῦ
214 460 309 496 Ἄχάξ,
322 460 368 487 καὶ
379 461 413 487 τὰ
427 461 513 497 ἐχθρὰ
528 461 566 496 τῷ
587 462 646 497 Θεῷ
669 463 846 497 πράττοντος,
867 463 941 495 εἰκὸς

148 504 182 542 ἦν
195 507 266 542 ὑμᾶς
275 506 476 541 εὐφραίνεσθαι,
488 507 580 542 ἐπειδὴ
594 508 783 543 συνετέτριπτο
793 508 839 535 τοῦ
858 509 941 544 Ἀχὰζ

149 553 163 578 ὸ
177 552 271 586 ζυγὸς,
294 552 332 581 ὼς
353 552 389 587 μὴ
413 552 543 579 δύνασθαι
563 553 645 579 αὑτὸν
671 553 831 580 ὑποτάττειν
857 555 939 589 ὑμᾶς,

151 598 218 634 μηδὲ
237 598 283 625 τον
304 598 353 633 τῆς
367 599 454 634 ἀρχῆς
475 599 557 625 αὐτοῦ
585 600 666 634 ζυγὸν
692 601 840 627 ἐπιτιθέναι
858 602 938 636 ὑμῖν·

148 645 241 680 διόπερ
253 645 417 680 ἐπληθύνετο
426 646 460 672 τὰ
474 646 547 673 κακὰ
559 647 604 673 καὶ
616 646 711 683 ὥσπερ
722 648 835 683 μηδενὸς
850 648 942 674 παίον-

148 699 203 722 τος,
218 691 395 726 ὴὲρπυστική
408 700 437 717 τε
451 692 498 718 καὶ
515 691 615 723 ἰοϐόλος
639 692 693 719 τῶν
715 692 840 728 πονηρῶν
862 701 942 719 πνευ-

151 737 242 772 μάτων
269 735 382 771 δύναμις
409 736 589 772 ἐπληθύνετο·
611 738 671 764 νυν).
689 738 717 764 δὲ
738 730 786 773 την
803 738 940 773 βασιλείαν

149 783 340 818 διαδεξαμένου
355 783 450 819 ἀνδρὸς
463 783 615 816 θεοσεϐοῦς,
631 785 722 811 οὐκέτι
738 785 847 820 χαίρετε
862 785 899 817 ὡς
912 785 941 811 τὸ

150 829 230 865 ιιτρίν⁸
251 829 386 864 ἐφέστηκε
405 828 459 863 γὰρ
473 829 536 864 ὑμῖν
555 830 568 855 ὁ
580 830 667 856 παίων
687 831 733 857 καὶ
754 830 873 860 τύπτων,
895 831 942 857 καὶ

151 875 325 910 σωφρονίζων
349 876 430 910 ὑμᾶς.
458 875 626 911 Ἑπληροῦτο
646 876 673 902 δὲ
693 877 740 903 καὶ
761 876 848 904 ταῦτα
872 877 940 912 πρὸς

150 921 222 953 λέξιν
243 921 289 947 ἐπὶ
311 920 359 946 τοῦ
381 919 512 953 Ἐζεκίου,
531 922 594 956 περὶ
611 917 642 948 οὗ
665 921 772 956 εἴρηται
789 923 818 948 ὲν
841 924 873 958 τῇ
896 931 941 949 τε-

149 967 237 1003 τάρτῃ
250 966 304 992 τῶν
319 966 481 992 Βασιλειῶν·
507 976 514 991 ι
534 967 619 999 Αὐτὸς
641 967 760 999 ἐπάταξε
779 968 842 999 τοὺς
863 968 942 994 ἀλλο-

150 1012 251 1043 Φύλους
261 1011 314 1043 ἓως
330 1010 430 1046 Γάζης,
447 1011 494 1038 καὶ
510 1011 562 1043 ἕως
577 1012 659 1047 ὁρίων
670 1012 755 1047 αὐτῆς
767 1013 821 1039 ἀπὸ
837 1013 941 1049 πύργου

153 1056 343 1092 φυλασσόντων
355 1057 407 1089 ἕως
423 1057 527 1089 πόλεως
541 1058 653 1092 ὀχυρᾶς.
669 1067 678 1084 ι
694 1058 748 1084 Καὶ
764 1058 864 1093 ταύτην
878 1059 899 1085 δ’
910 1059 942 1086 ἂν

155 1102 233 1138 σχοίη
247 1101 296 1138 τὴν
309 1102 426 1129 διάνοιαν
439 1103 470 1129 τὸ
486 1103 639 1138 είρημένον.
654 1112 662 1128 ι
678 1104 723 1138 Μὴ
737 1104 941 1139 εὑφρανθείητε,

155 1148 309 1183 ἀλλόφυλοι,
327 1158 337 1174 ι
355 1148 424 1183 μέγα
440 1148 602 1184 φρονοῦντες
617 1149 662 1175 ἐπὶ
679 1151 735 1181 τοῖς
756 1151 943 1185 νομιζομένοις

155 1194 220 1229 ὑμῖν
235 1194 313 1226 θεοῖς,
334 1194 373 1230 τῷ
396 1195 502 1230 μηδένα
521 1192 591 1221 εἶναι
620 1195 665 1221 τὸν
679 1195 855 1230 συντρίϐοντα
871 1197 943 1231 ὑμᾶς

153 1240 197 1267 διὰ
208 1239 257 1276 την
270 1240 316 1267 τοῦ
330 1240 464 1276 παρόντος
485 1240 580 1276 καιροῦ
601 1241 759 1277 μοχθηρίαν.
778 1242 809 1268 Ei
823 1242 877 1278 γὰρ
896 1243 944 1269 καὶ

152 1285 187 1312 τά
203 1285 322 1320 μάλιστα
343 1285 486 1322 συνετρίϐη
508 1287 521 1312 ὁ
537 1286 618 1320 ζυγὸς
641 1286 688 1313 τοῦ
712 1287 837 1319 παίοντος
861 1289 943 1323 ὑμᾶς,

152 1332 208 1359 ἀλλ’
220 1332 251 1359 οὐ
270 1333 339 1368 πρὸς
354 1333 432 1369 ὑμῶν
452 1333 559 1367 ἐγένετο
579 1333 675 1364 ταῦτα,
699 1334 744 1360 ἐπὶ
766 1334 843 1370 κακῷ
862 1334 889 1361 δὲ
906 1335 945 1370 τῷ

152 1377 286 1413 ὑμετέρῳ.
306 1378 428 1413 binaeve;
444 1378 498 1414 γὰρ
512 1379 583 1413 ὑμᾶς
604 1379 739 1410 παίοντος,
764 1379 829 1415 μηδὲ
848 1388 944 1406 ταπει-

153 1423 271 1455 νοῦντος.
291 1423 357 1460 μηδὲ
374 1424 593 1459 ἐπιστρέφοντος,
615 1424 698 1459 πολλή
715 1433 757 1456 τις
772 1426 800 1451 ὲν
820 1426 884 1460 ὑμῖν
897 1425 944 1459 γέ-

152 1479 230 1505 γονεν
243 1470 370 1506 ἐπιτριεὴ
386 1470 490 1499 κακῶν.
513 1471 543 1496 Οἱ
565 1471 619 1505 γὰρ
644 1470 727 1497 πάλαι
756 1471 843 1505 ὄφεων
865 1471 944 1506 δίκην

152 1517 212 1548 ταῖς
235 1516 382 1552 ὑμετέραις
404 1516 504 1552 ψυχαῖς
533 1516 748 1551 ἐμφωλεύοντες,
777 1516 805 1543 ἐν
835 1525 864 1543 τε
887 1519 945 1549 τοῖς

154 1563 296 1599 ὑμετέροις
313 1565 397 1599 ἱεροῖς
409 1572 438 1589 τε
451 1564 499 1590 καὶ
515 1564 597 1595 ναοῖς,
614 1563 651 1595 ὡς
667 1564 698 1599 δὴ
710 1563 774 1595 θεοὶ,
790 1564 946 1599 ἐφεδρεύον-

152 1616 199 1640 τες
211 1609 322 1644 πονηροὶ
335 1609 471 1644 δαίμονες,
489 1608 578 1644 δεινὴν
600 1609 680 1644 γονὴν
701 1609 747 1636 καὶ
770 1609 880 1644 σπέρμα
898 1618 946 1635 πο-

153 1655 235 1690 νηρὸν
245 1655 414 1691 ἁπεκύησαν·
430 1655 468 1687 ὡς
477 1655 592 1688 ἀσπίδας
602 1655 632 1688 ἐξ
643 1655 732 1682 αὐτῶν
749 1656 904 1690 γεννᾶσθαι,
916 1656 947 1682 τὺ

153 1702 262 1729 πάντων
279 1701 333 1729 τῶν
345 1701 455 1728 ἰοϐόλων
469 1702 623 1737 χείριστον
644 1703 676 1729 ἐκ
690 1701 792 1729 τούτων
809 1711 838 1729 τε
856 1702 947 1729 αὐτῶν

154 1749 250 1780 ἄλλους
265 1749 413 1784 ὑποστῆναι
425 1749 500 1784 ὄφεις
507 1749 551 1775 τὸν
566 1749 634 1785 ἀέρα
644 1749 845 1785 διιπταμένους.
854 1749 947 1776 Ταῦτα

155 1795 206 1830 μὲν
224 1793 271 1821 οὖν
284 1795 354 1822 κατά
364 1795 410 1821 τὸν
424 1795 545 1830 παρόντα
558 1796 654 1831 καιρὸν
673 1796 703 1821 οὺ
723 1797 788 1832 παρ’
808 1796 872 1831 ύμῖν
898 1796 946 1831 μό·-

154 1849 211 1871 νοις
221 1841 277 1871 τοῖς
287 1840 453 1874 ἀλλοφύλοις,
475 1841 524 1876 ἤδη
542 1841 570 1867 δὲ
589 1842 634 1868 καὶ
650 1842 713 1877 παρ’
729 1841 803 1877 αύτῷ
824 1841 863 1877 τῷ
881 1851 948 1878 χρη-

158 1884 298 1920 ματίζοντι
312 1884 369 1920 λαῷ
383 1885 450 1912 Θεοῦ
465 1886 579 1921 πληθύει
593 1895 599 1901 ·
618 1886 655 1918 ὡς
671 1887 759 1914 πάντα
778 1888 877 1924 τρόπον
898 1897 947 1914 πε-

157 1930 318 1966 πληρῶσθαι
336 1930 381 1957 τὸν
398 1931 477 1966 ἀέρα,
496 1931 679 1967 διιπταμένων
697 1932 794 1967 ὄφεων,
808 1934 853 1960 καὶ
868 1934 948 1968 ἐκγό-

154 1985 208 2003 νων
220 1976 351 2008 ἀσπίδων,
375 1976 501 2012 πονηρῶν
516 1986 596 2004 τινων
613 1978 660 2004 καὶ
676 1977 847 2013 λυμαντικῶν
868 1989 949 2006 πνευ-

157 2021 260 2057 μάτων,
280 2021 496 2057 Ἀναδειχθέντος
519 2023 547 2049 δὲ
570 2024 640 2050 κατὰ
664 2024 759 2060 καιρὸν
778 2024 825 2050 τοῦ
840 2025 947 2051 πάντων

155 2066 258 2093 τούτων
272 2066 409 2102 ὀλετῆρος.
437 2068 591 2102 οἰχήσονται
614 2068 660 2094 καὶ
685 2069 709 2094 οἰ
735 2068 822 2103 ὄφεις,
851 2068 897 2094 καὶ
919 2069 948 2095 αἱ

156 2113 269 2145 ἀσπίδες
289 2114 325 2140 τά
350 2122 379 2139 τε
403 2113 506 2140 τούτων
529 2115 635 2151 πονηρὰ
655 2115 767 2149 ἔκγονα·
788 2115 827 2147 ὡς
848 2115 946 2151 μηκέτι

157 2160 278 2195 ἐνεργεῖν
294 2159 381 2186 ταῦτα
396 2160 424 2186 ἐν
440 2159 604 2196 ἀνθρώποις.

196 2214 205 2230 ε
223 2205 451 2241 Βοσκηθήσονται,
476 2215 486 2231 ι
504 2206 558 2242 γάρ
573 2214 651 2241 φησι,
667 2216 676 2232 ι
691 2207 793 2241 πτωχοὶ
807 2206 840 2233 δι’
852 2206 944 2233 αὑτοῦ·

157 2250 272 2286 πένητες
300 2251 328 2277 δὲ
356 2250 494 2287 ἄνθρωποι
518 2251 560 2277 ἐπ’
588 2252 699 2287 εἰρήνης
724 2251 944 2278 ἀναπαύσονται·

157 2298 246 2325 ἀνελεῖ
266 2298 294 2325 δὲ
312 2298 384 2334 λιμῷ
398 2298 430 2325 τὸ
450 2298 561 2334 σπέρμα
584 2307 642 2330 σου,
661 2299 707 2325 καὶ
725 2298 755 2325 τὸ
772 2298 947 2333 κατάλειμμά

158 2352 206 2370 σου
219 2344 317 2371 ἀνελεῖ.
330 2355 339 2370 i
355 2344 440 2372 Τοῦτο
454 2346 502 2381 μὲν
518 2343 565 2371 οὖν
584 2345 615 2372 τὸ
635 2344 799 2381 ὲρπυστικὺν
814 2344 861 2371 καὶ
875 2344 947 2371 ἰοδό-

158 2390 205 2416 λον
229 2389 306 2424 γένος
323 2390 394 2426 λιμῷ
419 2391 509 2417 ἀνελεῖ
532 2391 547 2417 ό
570 2390 818 2426 προφητευόμενος,
848 2389 947 2425 μηκέτι

159 2435 316 2471 ἐπιτρέπων
329 2437 432 2473 τροφὴν
447 2438 497 2472 τὴν
517 2436 631 2471 συνήθη,
650 2435 750 2472 δηλαδὴ
767 2435 818 2471 τὴν
837 2435 880 2462 διὰ
899 2435 948 2462 θυ-

160 2483 227 2510 σιῶν
246 2484 280 2519 τῇ
302 2483 442 2520 δαιμονικῇ
470 2484 557 2520 πλάνῃ
582 2483 808 2520 προσφέρεσθαι·
831 2483 894 2514 τοὺς
921 2482 949 2509 δὲ

159 2528 257 2555 ἑαυτοῦ
267 2529 390 2563 πτωχοὺς
414 2529 552 2565 ὲκθρέψει,
565 2528 613 2555 καὶ
631 2529 660 2555 ἐν
675 2529 770 2564 εἰρήνῃ
786 2526 948 2559 ἀναπαύσει,

162 2577 260 2613 μηκέτι
286 2575 548 2611 παρενοχλουμένους
578 2576 632 2603 ὑπὸ
659 2575 714 2603 τῶν
743 2574 948 2611 παραδοθέντων

161 2622 292 2658 ἑρπετῶν.
307 2621 424 2648 Δύναται
441 2621 532 2656 μέντοι
544 2621 632 2649 ταῦτα
653 2621 700 2648 καὶ
719 2620 820 2656 ἑτέρως
843 2620 882 2651 εἰς
902 2619 947 2646 τὸν

167 2669 290 2701 Ἐζεκίαν
315 2667 500 2704 πληροῦσθαι·
523 2668 584 2700 τοὺς
605 2667 660 2704 γὰρ
678 2666 761 2693 πάλαι
784 2665 856 2692 κατὰ
883 2665 948 2691 Θεὸν

161 2716 371 2752 πτωχεύσαντας
385 2715 414 2741 ὲν
428 2713 508 2740 παντὶ
526 2713 566 2749 τῷ
591 2713 724 2740 Ἰουδαίων
745 2711 817 2738 ἔθνει
836 2710 951 2745 ἀνεκτή-

161 2772 227 2790 σατο
253 2763 365 2798 τροφαῖς
387 2761 509 2793 λογικαῖς
532 2759 579 2786 καὶ
601 2759 804 2790 διδασκαλίαις⁸
830 2757 877 2788 οὓς
902 2756 949 2782 καὶ

161 2809 326 2844 κατέστησεν
343 2807 388 2834 ἐπὶ
399 2807 450 2843 τὴν
465 2805 550 2842 καλὴν
561 2805 644 2842 νομὴν
659 2804 707 2832 τοῦ
726 2805 774 2841 τῆς
792 2802 950 2834 θεοσεῦείας

198 2912 220 2929 ⁷⁸
233 2911 267 2940 iV
286 2910 352 2946 Reg.
364 2916 442 2944 xvnt,
453 2907 482 2935 8.

172 2986 208 2993 μ
218 2986 222 2990 .

990 276 1039 303 sub
1052 276 1125 309 justo
1141 275 1200 302 viro
1214 275 1329 302 Ezechia
1342 295 1350 307 ,
1373 281 1522 310 opportune
1545 275 1685 311 Scriptura
1706 277 1780 312 ipsos

992 322 1131 356 alloquens
1161 321 1214 354 ait,
1251 321 1290 348 Ne
1328 321 1471 353 laetemini,
1503 321 1660 355 alienigena:
1685 330 1691 348 :
1714 323 1778 348 olim

990 368 1090 402 quippe
1105 367 1214 394 Achazo
1232 367 1387 401 superstite,
1406 375 1437 394 ac
1460 374 1555 401 perosa
1579 367 1635 394 Deo
1661 367 1779 394 facinora

991 414 1098 445 edente,
1113 421 1195 440 causa
1210 414 1286 440 vobis
1300 413 1430 447 gaudendi
1450 419 1525 446 erat,
1546 414 1607 447 quia
1632 414 1778 441 contritum

991 463 1049 485 erat
1066 458 1288 493 Achazijugum;
1305 459 1341 485 ita
1365 464 1393 486 ιιι
1419 467 1471 485 non
1499 464 1590 493 posset
1617 467 1666 486 vos
1696 459 1781 491 subji-

992 512 1071 536 cere,
1096 510 1182 537 neque
1209 504 1313 537 imperii
1339 505 1379 530 sui
1400 503 1494 538 jugum
1523 503 1599 530 vobis
1614 503 1752 538 imponere
1772 512 1779 530 :

991 554 1158 584 quapropter
1170 549 1420 583 nntltiplicabantur
1437 549 1506 576 mala
1518 569 1525 581 ,
1541 557 1572 576 ac
1583 570 1591 580 ,
1616 554 1710 583 utpote
1737 557 1782 576 ne-

993 595 1065 622 mine
1082 596 1265 630 percutiente,
1282 594 1417 629 reptilium
1436 599 1462 621 et
1486 599 1680 622 venenatorum
1699 594 1782 628 spiri—

994 645 1068 667 tuum
1087 640 1265 675 malignorum
1292 641 1333 667 vis
1356 641 1514 674 augebatur.
1538 639 1597 667 lam
1626 648 1690 667 vero
1705 645 1781 674 post-

993 692 1074 718 quam
1097 685 1139 711 vir
1165 684 1308 719 religiosus
1333 693 1444 719 regnum
1467 677 1592 720 excepit,
1610 693 1642 712 ne
1667 686 1782 720 amplius

993 731 1119 758 laetemini
1137 736 1164 758 ιιι
1181 736 1261 757 antea
1280 740 1287 757 :
1304 731 1387 757 instat
1396 731 1468 757 enim
1485 731 1561 758 vobis
1584 732 1629 765 qui
1648 731 1783 765 percutiat

992 783 1019 804 et
1037 778 1181 808 verberet,
1205 784 1309 811 vosqtte
1333 777 1367 803 ad
1390 783 1484 803 sanam
1517 780 1633 803 mentem
1660 777 1781 804 reducat.

993 822 1055 849 Haae
1067 829 1148 857 porro
1164 822 1196 849 ad
1212 822 1328 850 litteram
1349 823 1481 857 completa
1502 828 1566 849 sunt
1587 824 1639 849 sub
1654 822 1781 855 Ezecitia,

993 869 1026 895 de
1043 877 1096 903 quo
1106 869 1207 896 dictum
1219 875 1260 896 est
1275 870 1300 896 in
1318 869 1387 895 libro
1401 874 1497 903 quarto
1510 868 1678 903 Regnorum,
1694 878 1704 894 ι
1720 867 1781 903 Ipse

994 914 1125 949 percussit
1147 914 1295 949 allophylos
1307 914 1400 948 Lusque
1417 914 1449 941 ad
1475 913 1588 946 Gazam,
1605 917 1631 940 et
1651 921 1734 948 usque
1746 914 1780 941 ad

994 961 1125 988 terminos
1137 960 1206 994 ejus,
1222 968 1236 987 a
1255 961 1320 987 turri
1335 960 1482 987 Custodum
1498 968 1583 994 usque
1598 960 1631 987 ad
1647 961 1782 988 civitatem

994 1006 1123 1032 nntnitam
1141 1006 1174 1032 "'.
1198 1015 1207 1032 ›
1223 1005 1256 1032 Ει
1277 1006 1333 1032 [nec
1353 1012 1462 1039 quoque
1485 1005 1549 1031 dicti
1577 1005 1709 1032 sententia
1725 1004 1783 1031 fue-

994 1052 1040 1084 rit,
1064 1060 1074 1077 ε
1093 1051 1132 1079 Ne
1146 1052 1286 1083 laetemini,
1303 1051 1471 1085 alienigenae,
1492 1060 1502 1076 ›
1522 1058 1647 1085 magnum
1664 1051 1783 1077 sentien-

995 1101 1034 1124 tes
1051 1105 1131 1132 super
1147 1098 1196 1129 iis,
1213 1105 1280 1131 quo»
1296 1098 1360 1124 deos
1383 1104 1443 1124 esse
1467 1097 1566 1131 putatis
1577 1118 1584 1129 ,
1600 1097 1677 1131 quasi
1695 1096 1785 1123 nullus

994 1144 1029 1171 sit
1042 1143 1076 1170 ob
1092 1144 1234 1177 praesentis
1250 1142 1380 1176 temporis
1392 1143 1551 1176 nequitiam,
1567 1143 1612 1176 qui
1629 1150 1676 1169 vos
1689 1147 1784 1168 conle-

996 1197 1037 1217 rat
1053 1194 1080 1217 et
1098 1190 1242 1224 opprimat.
1264 1188 1376 1215 Etiamsi
1393 1189 1464 1215 enim
1485 1189 1610 1215 attritum
1625 1188 1661 1215 sit
1688 1187 1783 1222 jugum

994 1237 1062 1272 ejus,
1078 1236 1122 1267 qui
1139 1243 1185 1262 vos
1199 1235 1389 1270 percntiebat;
1414 1235 1440 1262 id
1461 1241 1534 1262 certe
1551 1242 1603 1261 non
1623 1241 1638 1260 e
1653 1242 1682 1261 re
1696 1240 1784 1262 vestra

996 1282 1092 1315 fuerit;
1118 1282 1172 1310 imo
1199 1282 1288 1316 potius
1311 1281 1337 1308 in
1377 1282 1506 1308 damnum
1531 1285 1650 1307 vestrum
1673 1285 1722 1307 est.
1749 1280 1786 1307 At

995 1329 1066 1357 enim
1086 1327 1195 1355 nemine
1211 1335 1257 1354 vos
1272 1328 1452 1361 pereutiente.
1479 1327 1586 1353 nemine
1602 1326 1784 1360 deprimente.

995 1375 1037 1402 vel
1055 1373 1230 1408 corripiente,
1252 1381 1346 1406 magna
1369 1373 1394 1399 in
1421 1372 1497 1399 vobis
1520 1371 1653 1398 malorum
1675 1371 1715 1398 vis
1743 1371 1787 1398 in-

996 1421 1091 1448 valuit.
1108 1420 1176 1446 Nam
1202 1420 1248 1454 qui
1269 1420 1332 1446 olim
1356 1419 1525 1453 serpentium
1541 1419 1626 1444 instar
1640 1418 1666 1444 in
1681 1417 1786 1445 anima-

996 1475 1056 1494 rum
1077 1471 1228 1493 vestrarum
1245 1465 1365 1492 latibulis
1380 1465 1496 1498 agebant
1509 1484 1517 1496 ,
1534 1469 1616 1498 atque
1642 1464 1670 1490 in
1687 1463 1786 1490 vestris

997 1513 1118 1541 delubris
1142 1520 1174 1540 ac
1204 1512 1321 1546 templis,
1344 1511 1422 1538 veluti
1445 1511 1500 1543 dii,
1531 1511 1609 1538 sedes
1639 1509 1785 1541 habebant,

998 1560 1108 1594 maligni
1128 1559 1266 1586 daemones
1281 1578 1287 1587 .
1305 1558 1391 1584 diram
1408 1557 1510 1591 prolem
1528 1563 1559 1582 ac
1574 1563 1665 1582 semen
1683 1555 1786 1588 impro-

999 1607 1061 1633 bnnt
1075 1605 1242 1636 emiserunt;
1260 1604 1295 1630 ita
1313 1608 1342 1630 ut
1361 1610 1392 1630 ex
1414 1602 1465 1629 illis
1481 1601 1589 1636 aspides
1602 1601 1786 1635 gignerentur,

998 1653 1068 1687 quod
1095 1656 1136 1678 est
1165 1651 1286 1678 omnium
1311 1654 1508 1677 venenatorum
1540 1647 1727 1678 teterrimum;
1753 1653 1787 1672 ex

999 1698 1085 1732 iisque
1099 1697 1144 1724 alii
1162 1697 1226 1724 editi
1249 1696 1303 1723 sint
1328 1699 1469 1729 serpentes
1494 1701 1542 1728 per
1566 1699 1630 1719 aera
1654 1691 1785 1717 volantes.

999 1743 1062 1770 Htec
1083 1750 1164 1777 porro
1191 1742 1217 1768 in
1244 1739 1383 1775 praesenti,
1418 1747 1470 1765 non
1503 1738 1574 1773 apud
1609 1744 1657 1764 vos
1683 1741 1786 1763 tantunt

998 1788 1164 1823 alienigenas
1176 1808 1183 1820 ,
1200 1787 1247 1814 sed
1260 1787 1341 1813 etiam
1358 1785 1428 1819 apud
1445 1791 1506 1811 eum
1519 1803 1526 1816 ,
1547 1783 1592 1817 qui
1613 1781 1727 1816 populus
1739 1781 1787 1808 Dei

999 1840 1120 1867 vocatur,
1135 1841 1231 1868 utaguo
1249 1839 1362 1859 numero
1383 1831 1536 1862 habentur;
1562 1830 1598 1856 ita
1624 1833 1654 1855 ut
1676 1834 1788 1862 prorsus

998 1890 1045 1908 aer
1069 1882 1206 1915 repleatur
1232 1879 1407 1913 serpentibus
1438 1875 1633 1907 volitantibus,
1670 1881 1701 1900 ac
1727 1872 1789 1900 filiis

999 1929 1120 1963 aspidum
1134 1948 1141 1959 ,
1161 1927 1286 1961 malignis
1300 1925 1406 1953 scilicet
1418 1922 1584 1958 quibusdam
1610 1928 1642 1948 ac
1665 1919 1788 1947 exitiosis

998 1975 1148 2010 spiritibus.
1166 1973 1234 2000 Cum
1250 1977 1340 1999 autem
1358 1971 1380 1998 is
1392 1989 1400 2003 ,
1417 1969 1461 2004 qui
1486 1969 1542 1996 inec
1559 1966 1649 1994 omnia
1665 1965 1789 1994 sublatu-

1000 2029 1044 2048 rus
1061 2026 1113 2052 est,
1129 2027 1178 2047 suo
1195 2024 1317 2052 tetttpore
1332 2015 1486 2047 adveneril,
1498 2019 1526 2041 et
1542 2012 1709 2048 apparuerit,
1725 2016 1789 2038 tunc

999 2071 1152 2100 serpentes,
1168 2064 1286 2098 aspidcs,
1299 2069 1448 2095 earumque
1461 2060 1582 2095 improba
1594 2057 1684 2092 proles
1696 2057 1791 2084 absce-

999 2112 1083 2143 deut;
1105 2111 1140 2136 ita
1157 2114 1186 2136 ut
1201 2110 1258 2136 inec
1270 2109 1297 2135 in
1315 2107 1440 2135 homines
1456 2106 1509 2133 vim
1534 2104 1604 2131 ultra
1633 2110 1686 2129 non
1712 2109 1790 2128 exer-

999 2163 1088 2185 εθιιιιι.

1035 2203 1116 2230 Vens.
1135 2202 1179 2229 50.
1193 2200 1260 2228 Nam
1278 2209 1287 2226 ι
1305 2204 1461 2234 pascentur,
1477 2197 1575 2231 inquit,
1588 2204 1636 2231 per
1650 2203 1710 2222 cum
1723 2201 1790 2229 pan-

966 2251 985 2277 D
1000 2256 1079 2283 percs
1098 2257 1104 2274 ι
1125 2249 1219 2282 inopes
1233 2250 1323 2272 autem
1338 2244 1462 2271 homines
1481 2243 1506 2269 in
1535 2249 1601 2276 pace
1626 2241 1788 2276 quiescent:

1002 2295 1075 2321 fame
1088 2300 1152 2320 vero
1169 2292 1315 2319 inleriiciet
1332 2298 1425 2318 semen
1437 2294 1524 2320 tuum,
1539 2293 1566 2314 et
1580 2287 1707 2321 reliquias
1731 2290 1790 2311 tuas

1001 2339 1150 2366 interimet.
1173 2347 1182 2363 ι
1202 2336 1258 2363 lloc
1275 2336 1358 2370 igitur
1376 2335 1473 2369 reptile
1485 2338 1512 2360 ct
1523 2336 1685 2360 venenatum
1705 2337 1790 2364 genus

1001 2383 1072 2411 fame
1089 2383 1198 2410 necabit
1212 2383 1245 2416 is,
1265 2381 1313 2416 qui
1327 2381 1353 2407 iu
1373 2379 1513 2415 prophetia
1538 2379 1622 2405 fertur
1634 2396 1641 2408 ,
1658 2382 1708 2402 nec
1720 2375 1789 2401 ultra

1002 2431 1140 2466 permittet
1153 2434 1181 2456 ut
1197 2431 1343 2455 consuetus
1359 2427 1445 2457 cibus,
1462 2424 1587 2451 videlicet
1609 2430 1657 2458 per
1685 2419 1790 2448 sacrifi-

1003 2475 1254 2509 cia,;d:emoniac:n
1280 2471 1469 2507 superstitioni
1497 2470 1636 2497 offeratur.
1654 2467 1789 2500 Paupercs

1003 2528 1094 2550 autem
1111 2529 1175 2549 suos
1192 2519 1320 2552 euutriet,
1336 2523 1363 2545 et
1387 2517 1414 2544 in
1442 2523 1507 2550 pace
1533 2514 1674 2549 quiescere
1698 2510 1789 2541 faciet,

1003 2576 1056 2596 non
1068 2567 1136 2595 ultra
1153 2571 1266 2593 vexatos
1279 2572 1293 2591 a
1318 2562 1476 2590 memoratis
1501 2559 1652 2594 reptilibus.
1673 2555 1790 2582 Possunt

1002 2615 1084 2644 etiam
1102 2613 1195 2641 isthazc
1213 2611 1266 2638 alio
1283 2610 1362 2637 modo
1381 2609 1408 2636 in
1423 2607 1540 2635 Ezechia
1557 2603 1665 2639 impleta
1680 2601 1763 2629 fuisse
1781 2609 1788 2627 :

1003 2661 1060 2696 ipse
1075 2659 1147 2687 enim
1163 2665 1221 2692 eos,
1238 2657 1283 2691 qui
1302 2659 1327 2683 iu
1351 2655 1479 2681 universo
1500 2650 1611 2678 .Iudaico
1634 2647 1730 2696 popqu
1747 2654 1791 2673 sc-

1003 2694 1121 2735 cundum
1135 2706 1217 2733 Deum
1231 2710 1362 2740 pauperes
1374 2700 1437 2728 olim
1454 2699 1574 2730 fuerant,
1589 2695 1658 2723 cibis
1672 2694 1795 2740 ratiouaj

1003 2753 1072 2780 libus
1087 2756 1114 2780 et
1130 2738 1253 2779 doctrina
1273 2738 1425 2778 recreavit;
1447 2750 1515 2780 quos
1537 2743 1601 2769 item
1627 2741 1653 2768 in
1680 2738 1796 2777 optimisj

1003 2798 1072 2836 ejus,
1087 2805 1147 2833 quae
1161 2797 1231 2832 piam
1244 2794 1402 2829 religionem
1415 2791 1505 2823 docet,
1521 2788 1586 2824 legis
1601 2786 1710 2823 pascuis
1730 2792 1793 2813 con-
