2044 3215
291 175 343 205 199

639 174 772 204 Ευδεθιι
791 173 1031 203 CJESAR‘IENSIS
1048 173 1075 201 0|

1146 173 1235 202 PARS
1255 173 1299 203 Ill.
1326 188 1353 195 —-
1372 173 1578 203 EXEGETICA.

1861 175 1915 202 τοο

289 236 393 270 stituit;
409 239 437 263 ut
451 235 552 264 divinis
568 235 794 271 cogitationibus.
806 241 833 263 et
845 243 923 263 sacra
946 235 1070 263 doctrina

1125 234 1222 269 νόμου,
1254 233 1397 269 βόσκεσθαι
1424 235 1479 265 τοῖς
1516 234 1597 266 θείοις
1633 235 1748 270 νοήμασι
1779 234 1826 260 xui.
1856 236 1916 265 ταῖς

288 286 467 318 pascerentur
481 286 508 308 et
524 281 645 309 alorentu
651 289 672 308 r.

326 327 409 356 νιος.
430 328 476 356 ΞΗ.
501 338 510 354 ε
527 328 636 356 Ululate
653 332 737 362 porta:
762 328 903 355 civitatum
917 347 925 360 ,
956 327 1074 355 clament

288 374 413 402 civitates
428 375 560 407 turbatae,
584 374 710 409 allophyli
737 381 832 402 omnes
843 394 850 407 ,
868 374 932 409 quia
947 375 981 402 ab
997 375 1074 408 aqui-

289 420 350 447 lone
365 420 454 448 fumus
470 422 559 452 venit,
581 425 610 447 et
633 427 686 446 non
708 424 750 446 est
772 424 802 447 ut
826 420 872 447 sit.
894 429 904 446 ι
920 419 1072 454 Signiﬁcat,

289 466 327 493 uti
343 466 469 500 diximus,
482 466 653 502 Assyriorum
672 474 761 501 regem
775 487 784 498 .
798 466 843 501 qui
863 466 897 494 ab
906 466 1074 502 aquilonari-

289 510 339 538 bus
353 511 474 546 partibus
488 516 610 545 tempore
626 511 749 539 Ezecltire
760 511 914 546 irrumpens
926 531 935 545 ,
951 511 1074 546 allophy-

288 557 329 585 los
352 556 522 584 Palastinmn
545 557 692 585 incolentes
721 557 832 585 ditionis
859 565 916 585 suae
939 558 1074 590 l'ecit;ita

288 608 318 629 ιιι
332 603 414 631 urbes
430 603 536 637 quidem
552 604 705 636 obsideret,
720 611 813 630 earum
827 603 941 638 populos
954 603 1075 638 captivos

288 649 444 682 abduceret,
461 649 621 684 urbiumque
637 653 731 683 portas
753 648 918 677 incenderet.

323 738 406 767 Vsus.
420 739 465 767 52.
484 748 494 765 ι
507 739 540 767 Ει
553 739 617 775 quid
630 740 832 774 respondebunt
844 747 920 775 reges
934 741 1052 776 gentium
1063 741 1076 768 τ

289 784 356 819 Quia
372 786 500 813 Dominus
526 786 647 813 fundavit
668 786 734 814 Sion
756 795 764 814 :
781 791 808 814 et
827 794 876 822 per
898 794 960 814 eum
984 787 1074 814 salva-

291 832 390 858 buntur
415 831 532 859 humiles
549 839 565 858 e
589 832 697 867 populo.
717 841 727 859 ι
744 832 890 860 Maximum
921 832 974 860 illis
995 840 1076 868 argu-

290 880 408 903 mentum
425 876 496 909 erit,
523 877 605 904 Deum
624 885 680 904 suae
703 884 764 905 esse
781 878 921 905 custodem
943 877 1072 911 civitatis,

1127 281 1212 316 ἱεραῖς
1236 280 1430 312 διδασκαλίαις,
1449 280 1495 306 καὶ
1516 279 1694 316 ἐντρέφεσθαι
1717 281 1842 316 ποιήσας.

1150 336 1171 354 ,ι
1192 325 1360 359 ’ολολύξατε,
1372 325 1454 352 πύλαι
1470 325 1583 358 πόλεων,
1598 325 1808 362 κεκραγέτωσαν
1824 325 1916 356 πόλεις

1124 373 1336 409 τεταραγμέναι,
1350 373 1374 400 οἱ
1397 373 1540 408 ἀλλόφυλοι
1562 373 1672 404 πάντες,
1694 373 1736 399 ὃτι
1757 373 1812 400 ἀπὸ
1830 373 1916 409 βορρᾶ

1125 419 1228 451 καπνὸς
1245 419 1365 455 ἔρχεται,
1381 419 1427 446 καὶ
1441 419 1491 446 οὐκ
1508 418 1566 445 ἐστι
1587 418 1632 446 τοῦ
1652 416 1731 445 εἶναι.
1756 429 1765 445 ι
1785 418 1916 454 Σημαίνει

1123 465 1162 496 δὲ,
1189 465 1227 497 ὡς
1249 465 1363 501 ἔφημεν,
1388 465 1434 492 τὸν
1461 465 1516 492 τῶν
1545 465 1695 501 Ἀσσυρίων
1726 464 1848 500 βασιλέα,
1875 465 1915 496 ὃς,

1125 511 1245 538 ἐπελθὼν
1259 511 1313 538 ἀπὸ
1322 511 1375 537 τῶν
1388 510 1567 546 βορειοτέρων
1581 510 1671 546 μερῶν
1685 510 1755 537 κατὰ
1764 511 1827 542 τοὺς
1843 509 1917 542 Ἐζε-

1125 557 1185 584 κίου
1199 557 1321 592 χρόνους,
1335 558 1398 589 τοὺς
1413 556 1462 592 τὴν
1476 556 1658 592 Παλαιστίνην
1677 556 1819 588 οἰκοῦντας
1839 556 1917 582 ἀλλο-

1125 603 1236 638 φύλους,
1253 602 1432 638 ἐχειρώσατο·
1445 603 1483 634 ὡς
1496 603 1676 639 πολιορκῆσαι
1693 603 1742 639 μὲν
1756 603 1805 634 τὰς
1822 603 1916 634 πόλεις

1124 649 1224 679 αὐτῶν.
1247 649 1407 685 αἰχμάλωτα
1429 648 1458 675 δὲ
1477 649 1569 675 λαϐεῖν
1588 649 1623 676 τὰ
1644 650 1673 676 ὲν
1694 649 1788 680 αὑταῖς
1813 648 1914 684 πλήθη,

1126 695 1266 732 ἐμπρῆσαι
1277 695 1306 721 δὲ
1316 694 1370 721 τῶν
1380 695 1483 722 πόλεων
1493 694 1543 726 τὰς
1557 695 1654 726 πύλας.

1164 749 1174 766 ι
1198 740 1252 766 Καὶ
1271 739 1298 766 τί
1325 739 1555 775 ἀποκριθήσονται
1583 739 1704 775 βασιλεῖς
1730 738 1831 772 ὲθνῶν;
1853 739 1916 766 Ὀτι

1125 785 1226 821 Κύριος
1240 784 1403 820 ὲθεμελίωσε
1419 784 1498 816 Σιὼν,
1520 785 1566 811 καὶ
1590 784 1623 811 δι’
1642 783 1724 811 αὒτοῦ
1748 783 1916 820 σωθήσονται

1124 832 1150 859 oi
1163 831 1285 858 ταπεινοὶ
1304 831 1353 857 τοῦ
1370 831 1446 858 λαοῦ.
1465 841 1474 856 ι
1492 831 1628 866 Μέγιστον
1654 831 1709 867 γὰρ
1729 831 1821 862 αὐτοῖς
1840 830 1916 857 ἔσται

1124 878 1232 913 δεῖγμα,
1252 877 1297 905 τὸν
1312 877 1378 903 Θεὸν
1405 876 1476 905 εἶναι
1499 878 1545 904 τὸν
1565 878 1616 913 τῆς
1637 877 1720 904 αὑτοῦ
1741 877 1845 909 πόλεως
1870 877 1917 912 φύ-

287 922 358 956 quod
374 921 418 949 illa
442 922 508 949 nihil
531 922 584 950 tale
609 923 728 958 patiatur
743 942 751 956 ,
780 923 860 958 quale
885 927 990 951 cetera:
1006 909 1074 951 civi;-

1125 923 1204 956 λακα,
1215 922 1245 949 τὺ
1256 923 1338 959 μηδὲν
1351 922 1448 950 παθεῖν
1458 923 1544 959 αὐτὴν
1559 923 1650 959 ὅμοιον
1660 925 1720 955 ταῖς
1739 923 1846 955 λοιπαῖς
1867 923 1910 950 πό-

288 972 314 995 ta
318 972 367 995 tes.

577 1013 693 1042 CAPUT
721 1013 781 1042 XV.

324 1058 405 1086 Vsus.
420 1058 445 1085 l.
461 1067 471 1084 ι
498 1057 618 1086 Verbum
641 1064 735 1087 contra
757 1060 929 1088 Moabitidem
956 1070 964 1089 :
988 1061 1073 1089 Noctu

288 1105 387 1139 peribit
407 1104 496 1136 Moab,
507 1110 586 1132 noctu
601 1105 672 1132 enim
688 1105 786 1140 peribit
802 1114 895 1134 murus
909 1106 1073 1141 Moabitidis,

287 1152 376 1180 dolete
397 1152 424 1179 in
446 1151 659 1186 vobismetipsis.
680 1162 689 1178 ι
708 1153 736 1180 ln
758 1153 871 1181 exordio
893 1153 1074 1188 ignorantiam

287 1198 334 1226 Dei
348 1218 356 1230 ,
373 1206 433 1232 qua!
449 1198 519 1232 apud
536 1198 609 1231 ipsos
634 1198 791 1225 obtinuerat
804 1218 812 1230 .
836 1204 942 1226 noctem
959 1204 986 1226 et
1003 1204 1075 1227 tene«

289 1244 353 1272 liras
374 1244 482 1271 vocavit
505 1252 512 1271 :
539 1244 566 1271 in
584 1244 694 1279 ipsaque
716 1250 794 1272 nocte
815 1252 909 1272 eorum
927 1246 1074 1280 perniciem

288 1289 348 1318 fore
360 1291 542 1318 comminatur
555 1290 597 1318 his
612 1292 711 1324 verbis,
728 1301 737 1317 ι
756 1291 841 1319 Noctu
857 1292 956 1326 peribit
973 1291 1076 1320 Moabi-

287 1336 332 1363 tis.
351 1344 360 1361 D
383 1335 479 1363 Postea
496 1337 528 1364 de
551 1336 611 1364 loco
635 1337 679 1365 ubi
704 1345 798 1366 eorum
817 1338 971 1366 idololatria
984 1339 1076 1367 consi-

286 1382 378 1415 debat,
393 1383 451 1410 lucc
460 1382 614 1419 subiungit:

323 1428 403 1457 Vens.
421 1429 448 1456 2.
467 1439 477 1456 ι
505 1429 607 1457 Peribit
629 1431 702 1458 enim
723 1434 750 1457 et
766 1431 852 1458 Dibon
866 1452 875 1464 ,
899 1432 944 1460 ubi
961 1436 1003 1460 est
1028 1440 1074 1460 ara

287 1479 375 1501 vestra
391 1484 399 1502 :
416 1475 478 1502 illuc
492 1477 645 1504 ascendetis
668 1477 701 1504 ad
735 1477 904 1512 plorandum.
930 1488 939 1505 ι
965 1478 992 1506 In
1022 1479 1076 1506 line

287 1525 375 1548 autem
402 1522 568 1557 prophetia,
595 1523 654 1550 illas
683 1531 790 1551 rursum
823 1531 884 1551 aras
908 1532 1074 1552 commemo-

1124 968 1208 996 iactv.

1385 1015 1584 1042 ΚΕΦΛΛᾹΙΟΝ
1604 1015 1654 1041 1Ε’.

1163 1069 1173 1086 ι
1192 1060 1229 1087 Τὸ
1244 1060 1320 1096 ῥῆμα
1331 1060 1362 1088 τδ
1379 1060 1449 1088 κατὰ
1463 1060 1511 1096 τῆς
1526 1059 1713 1092 Μωαϐίτιδος·
1728 1059 1835 1092 Νυκτὸς
1849 1060 1916 1087 ἁπο-

1125 1106 1211 1133 λεῖται
1225 1107 1242 1142 ὴ
1255 1103 1342 1134 Μωςΐὸ
1354 1115 1362 1122 ·
1386 1106 1481 1137 νυκτὸς
1497 1105 1551 1142 γὰρ
1564 1105 1705 1133 ἀπολεῖται
1720 1105 1751 1138 τὸ
1765 1107 1854 1141 τεῖχος
1865 1106 1915 1141 τῆς

1126 1153 1306 1186 Μωαϐίτιδος,
1324 1153 1452 1180 λυπεῖσθε
1467 1153 1509 1187 ἐφ’
1527 1153 1648 1184 ἑαυτούς.
1669 1162 1678 1178 ι
1694 1152 1775 1179 Ὅθεν
1798 1152 1916 1188 ἀρχόμε-

1125 1207 1170 1231 νος
1183 1199 1233 1235 τὴν
1246 1199 1448 1235 ἐπικρατοῦσαν
1460 1198 1549 1225 αὐτῶν
1560 1199 1671 1233 ἄγνοιαν
1687 1198 1734 1226 τοῦ
1745 1198 1915 1232 Θεοῠ,νύκτα

1126 1246 1173 1272 καὶ
1186 1246 1280 1277 σκότος
1292 1245 1442 1282 ὠνόμασεν,
1456 1247 1485 1272 ὲν
1502 1245 1570 1281 αὐτῇ
1584 1254 1613 1272 τε
1628 1247 1661 1281 τῇ
1675 1246 1753 1272 νυκτὶ
1773 1245 1824 1272 τὴν
1836 1245 1912 1272 ἀπώ-

1125 1291 1200 1318 λειαν
1219 1292 1308 1319 αὐτῶν
1318 1291 1425 1319 ἔσεσθαι
1439 1291 1545 1318 ἀπειλεί
1557 1293 1660 1327 φήσας·
1673 1301 1683 1317 t
1692 1291 1797 1322 Νυκτὸς
1808 1291 1917 1318 ἀπολεῖ-

1125 1339 1199 1374 ταιὴ
1216 1338 1366 1370 Μωαϐῖτις.
1384 1347 1393 1364 ›
1419 1336 1486 1364 Εἶτα
1507 1337 1572 1373 ἑξῆς
1588 1338 1651 1373 περὶ
1665 1336 1714 1364 τοῦ
1736 1337 1837 1369 τόπου,
1848 1337 1877 1364 ἐν

1127 1384 1218 1419 “puto
1230 1383 1320 1410 αὐτῶν
1333 1385 1350 1419 ἡ
1366 1383 1580 1419 εἰδωλολατρεία,
1595 1382 1715 1417 ἐπιλέγει
1727 1390 1735 1398 ·

1164 1439 1173 1456 ε
1194 1431 1346 1457 ’Δπολεῖται
1367 1430 1422 1466 γὰρ
1435 1430 1482 1456 καὶ
1503 1423 1612 1466 Δηὸὼνξ
1625 1426 1656 1456 οὗ
1676 1429 1691 1455 ὁ
1711 1428 1802 1463 βωμὸς
1817 1428 1895 1463 ὑμῶν

1126 1477 1185 1504 ἐκεῖ
1198 1477 1365 1513 ἀναδήσεσθε
1382 1476 1497 1504 κλαίειν.
1516 1486 1525 1502 ι
1550 1476 1612 1502 Ἐπὶ
1625 1475 1695 1502 τέλει
1709 1475 1737 1502 δὲ
1747 1475 1797 1509 τῆς
1812 1483 1903 1510 προφη

1126 1524 1202 1555 τείας
1231 1523 1285 1550 τῶν
1310 1523 1401 1550 αὐτῶν
1423 1522 1504 1549 πάλιν
1536 1522 1670 1558 μέμνηται
1690 1521 1790 1556 βωμῶν
1808 1520 1914 1554 λέγων·

287 1572 328 1595 rat
337 1568 425 1595 verbis
441 1568 493 1601 his,
506 1578 515 1595 ι
530 1569 596 1603 Quia
611 1569 722 1604 fatigata
737 1574 780 1597 est
794 1569 871 1597 Moab
881 1590 888 1602 ,
901 1579 911 1596 ι
925 1575 952 1597 et
962 1576 1071 1598 caetera.

1129 1579 1139 1595 ι
1155 1570 1216 1596 Ὅτι
1231 1569 1360 1596 ἐκοπίασε
1375 1568 1474 1600 Μωὰΰ,
1496 1578 1505 1594 ι
1521 1568 1569 1595 καὶ
1585 1567 1619 1594 τὰ
1629 1566 1702 1603 ἑξῆς.

325 1613 405 1641 νεεδ.
429 1614 456 1642 5.
487 1624 497 1641 ι
525 1615 553 1642 In
569 1614 661 1642 Naban
677 1615 831 1644 Moabitidis
847 1615 949 1644 ululate
966 1625 974 1644 :
992 1624 1074 1652 super

287 1667 366 1688 omne
389 1665 472 1695 caput
495 1660 619 1688 calvities
635 1681 643 1693 .
659 1661 750 1688 omnia
775 1661 887 1689 brachia
910 1662 1000 1690 decisa
1020 1671 1028 1690 :
1047 1662 1073 1689 in

287 1705 383 1740 plateis
396 1705 456 1740 ejus
469 1705 612 1733 induimini
637 1706 734 1735 saccis.
750 1715 759 1732 ι
777 1706 823 1734 llis
840 1714 923 1742 porro
937 1708 1075 1741 signiﬁcat

287 1752 447 1779 insidentem
463 1753 560 1787 populo
573 1753 722 1780 damouem
739 1753 887 1787 malignum
902 1774 910 1786 ,
925 1755 983 1782 sive
998 1755 1075 1789 prin-

287 1798 374 1832 cipem
394 1798 492 1833 gentis,
511 1803 540 1824 ut
559 1797 608 1824 sub
621 1798 680 1825 hzcc
691 1798 813 1832 dicitur;
832 1799 923 1834 qualis
936 1800 1076 1835 eratpriu-

286 1850 349 1878 cepa:
374 1851 421 1871 rex
446 1843 620 1875 Grzecorum,
646 1849 673 1871 et
696 1844 822 1879 princeps
847 1844 1074 1880 Babyloniorum.

287 1887 444 1924 Huiusmodi
458 1897 522 1924 ergo
539 1889 687 1918 (homonem
708 1891 733 1918 in
761 1891 871 1918 civitate
895 1890 1074 1918 Moabitarum

286 1934 458 1966 insidentem.
474 1944 488 1961 a
503 1943 557 1970 quo
567 1943 596 1963 se
612 1943 690 1971 opem
706 1941 900 1964 consecuturos
916 1936 1075 1971 sperabant.

287 1980 314 2008 lu
342 1982 533 2015 congressibus
559 1987 654 2010 contra
678 1983 803 2010 inimicos
825 1983 988 2018 capiendum
1013 1990 1075 2010 esse

288 2029 338 2061 ait,
356 2029 418 2064 quia
434 2028 541 2056 animas
553 2036 648 2056 eorum
663 2029 851 2061 conculcabat,
864 2036 965 2064 easque
977 2029 1003 2056 in
1020 2033 1075 2056 ter-

288 2081 346 2101 ram
372 2074 507 2108 respicere
522 2074 657 2109 cogebat,
685 2075 721 2101 ita
745 2079 774 2102 ut
794 2083 873 2102 nemo
891 2079 982 2110 posset
995 2081 1074 2110 caput

287 2119 384 2147 εποντο
397 2125 423 2147 et
435 2126 541 2146 sursum
557 2120 672 2152 intueri;
686 2127 770 2155 quare
782 2121 829 2152 ait,
850 2130 859 2147 ι
875 2120 943 2154 Quia
959 2121 1074 2148 commi-

288 2165 374 2192 litium
391 2169 477 2199 tuum,
489 2170 517 2193 et
533 2165 659 2201 princeps
674 2165 763 2200 periit,
786 2166 831 2201 qui
850 2166 877 2194 in
893 2171 965 2194 terra
979 2166 1075 2194 ambu-

287 2212 371 2240 labat.
387 2221 398 2239 ι

584 2258 698 2286 CAPUT
718 2258 790 2286 XVI.

322 2306 406 2333 Vsus.
429 2305 489 2334 l-5.
513 2316 523 2333 ι
545 2305 648 2334 Mittam
673 2307 750 2342 quasi
781 2306 886 2342 reptilia
907 2314 988 2342 super
1019 2312 1074 2335 ter-

287 2361 356 2380 ram.
377 2352 446 2380 Num
463 2358 538 2388 petra
553 2353 658 2381 deserta
677 2357 719 2380 est
740 2361 818 2381 mons
833 2353 896 2381 liae
911 2353 976 2381 Sion
988 2353 1000 2380 τ
1013 2352 1073 2381 Eris

287 2401 359 2427 enim
376 2401 451 2435 quasi
466 2407 516 2427 ave
533 2400 675 2432 avolante,
693 2399 782 2434 pullus
808 2399 916 2427 ablatus
939 2400 1004 2432 eris,
1021 2400 1073 2427 lilia

287 2444 377 2472 Moab.
395 2445 495 2472 Deinde
509 2446 600 2472 Arnon
617 2445 694 2479 plura
715 2444 833 2472 delibera
849 2454 855 2472 :
870 2444 914 2472 fac
928 2447 1074 2474 tentorium

287 2490 374 2518 luctus
394 2495 421 2518 tu
447 2491 503 2526 ipsa
526 2498 642 2525 semper.
668 2490 696 2518 ln
717 2491 876 2518 meridianis
891 2491 1011 2520 tenebris
1035 2491 1075 2518 fn-

286 2537 372 2571 giunt,
388 2535 597 2569 obstupuerunt.
617 2542 650 2562 ne
665 2535 785 2569 graviter
804 2536 886 2564 feras.
904 2535 1073 2564 llzibitabunt

286 2582 355 2616 apud
371 2587 396 2608 te
420 2580 525 2616 profugi
542 2580 629 2609 Moab.
655 2580 742 2608 Erunt
761 2581 838 2609 vobis
853 2586 1036 2616 tegumentum
1057 2589 1073 2609 a

287 2628 354 2656 lacie
366 2627 567 2663 persequentis,
583 2627 646 2662 quia
663 2628 798 2654 sublatum
817 2633 859 2655 est
879 2628 1069 2655 commilitium

287 2681 360 2702 tuum
372 2695 380 2707 ,
394 2679 421 2702 et
435 2675 559 2710 princeps
585 2675 665 2709 periit
681 2675 729 2709 qui
752 2674 909 2701 ambulabat
926 2681 1008 2708 super
1023 2679 1075 2701 ter-

287 2728 354 2748 ram.
376 2721 410 2748 Et
434 2720 629 2748 restaurabitur
643 2728 704 2748 cum
733 2720 917 2747 misericordia
933 2721 1046 2747 thronus
1063 2729 1071 2748 :

287 2771 311 2792 et
325 2766 427 2792 sedebit
446 2767 473 2792 in
488 2774 520 2794 eo
535 2774 596 2793 cuni
613 2766 726 2793 veritate
744 2766 770 2792 in
788 2765 961 2792 tabernaculo
975 2764 1072 2797 David.

285 2811 411 2846 judicans
426 2815 452 2838 et
464 2819 588 2846 quaerens
606 2811 754 2847 judicium,
768 2816 796 2838 et
813 2810 943 2838 velociter
956 2811 1073 2838 reddens

1163 1625 1173 1642 ι
1204 1616 1265 1642 Ἐπὶ
1291 1615 1385 1642 Ναϐὰν
1413 1614 1463 1650 τῆς
1490 1613 1660 1645 Μωαὸίτιδος
1685 1611 1838 1644 ὀλολύξατε,
1869 1612 1916 1640 ἐπὶ

1125 1662 1216 1698 πάσης
1231 1662 1354 1697 κεφαλῆς
1367 1661 1550 1697 φαλάκρωμα,
1574 1661 1674 1692 πάντες
1701 1659 1843 1696 βραχίονες
1863 1668 1915 1687 κα-

1124 1708 1324 1744 τατετμημένοι
1336 1717 1343 1723 ·
1362 1709 1391 1734 ὲν
1402 1709 1462 1740 ταῖς
1476 1708 1616 1739 πλατείαις
1627 1707 1712 1742 αὐτῆς
1727 1705 1914 1742 περιζώσασθι

1126 1755 1253 1786 σάκκους.
1273 1764 1282 1780 ι
1299 1753 1430 1789 Σημαίνει
1451 1753 1480 1780 δὲ
1495 1753 1538 1780 διὰ
1551 1753 1654 1780 τούτων
1672 1753 1718 1780 τὸν
1735 1753 1915 1789 ἐφεδρεύοντα

1124 1801 1163 1836 τῷ
1174 1801 1244 1827 ἔθνει
1257 1799 1370 1835 δαίμονα
1383 1800 1510 1836 πονηρὸν,
1526 1800 1543 1835 ἢ
1560 1800 1606 1826 τὸν
1619 1800 1735 1834 ἄρχοντα
1751 1798 1797 1826 τοῦ
1812 1798 1915 1831 ἔθνους,

1124 1846 1163 1878 ὡς
1185 1845 1254 1880 μετὰ
1279 1844 1364 1871 ταῦτα
1377 1844 1493 1880 εἴρηται·
1511 1841 1568 1876 οἷος
1590 1842 1624 1880 ἦν
1644 1845 1659 1870 6
1682 1843 1773 1880 ἄρχων
1790 1844 1916 1879 βασιλεὺς

1130 1893 1265 1928 ⁹Ελλήνων
1281 1892 1327 1918 καὶ
1346 1892 1360 1918 6
1381 1891 1435 1918 τῶν
1458 1890 1636 1917 Βαϐυλωνίων
1660 1889 1762 1926 ἄρχων.
1788 1889 1915 1916 Τοιοῦτον

1124 1938 1214 1966 τοίνυν
1227 1938 1271 1965 τὸν
1286 1937 1440 1973 καθήμενον
1454 1936 1500 1963 ἐπὶ
1513 1938 1562 1972 τῆς
1575 1935 1725 1962 Μωαὸιτῶν
1740 1935 1844 1967 πόλεως
1856 1935 1914 1962 δαί-

1126 1993 1205 2021 μονα,
1214 1985 1248 2010 δι’
1261 1982 1291 2012 οὗ
1305 1984 1428 2019 ἐνόμιζον
1439 1982 1564 2018 βοηθείας
1578 1982 1721 2016 τυγχάνειν
1737 1983 1766 2008 ὲν
1776 1984 1836 2014 ταῖς
1846 1981 1916 2017 πρὸς

1125 2032 1188 2063 τοὺς
1205 2031 1348 2066 πολεμίους
1366 2029 1523 2065 συμϐολαῖς,
1536 2029 1648 2056 ἃλεσθαί
1661 2031 1671 2040 '
1689 2037 1783 2064 φησιν,
1798 2027 1915 2063 ἐπείπερ

1124 2077 1175 2109 τὰς
1205 2076 1293 2112 ψυχὰς
1321 2076 1410 2103 αὐτῶν
1442 2075 1602 2107 κατεπάτει,
1622 2075 1697 2102 κάτω
1715 2074 1803 2101 νεύειν
1830 2073 1916 2105 αὑτὰς

1126 2123 1210 2150 ποιῶν
1232 2124 1271 2155 εἰς
1297 2122 1365 2157 γῆνο
1390 2121 1427 2153 ὡς
1445 2121 1546 2157 μηδένα
1561 2121 1675 2148 κύπτειν
1697 2120 1764 2156 μηδὲ
1775 2120 1832 2147 ἂνω
1853 2119 1915 2154 βλέ-

1125 2178 1186 2196 πειν
1200 2168 1348 2196 δύνασθαι·
1371 2168 1410 2195 διό
1423 2175 1521 2203 φησιν·
1545 2177 1554 2192 ι
1570 2167 1631 2193 ’Ὁτι
1652 2166 1722 2202 ἤρθη
1737 2167 1753 2201 ή
1771 2165 1914 2201 συμμαχία

1127 2224 1184 2248 σου,
1192 2215 1239 2242 καὶ
1246 2216 1260 2241 6
1268 2215 1359 2251 ἅρχων
1369 2213 1502 2246 ἀπώλετο,
1518 2213 1532 2239 6
1540 2211 1703 2239 xammsdw
1715 2212 1760 2238 ἐπὶ
1769 2212 1819 2247 τῆς
1825 2211 1887 2248 γῆς.
1900 2220 1911 2237 ι

1385 2259 1583 2287 ΚΕΦΔΔΔΙΟΝ
1609 2257 1668 2292 lq".

1163 2317 1173 2334 ι
1197 2307 1350 2334 Ἀποστελῶ
1370 2306 1408 2338 ὡς
1422 2306 1525 2342 ἑρπετὰ
1549 2306 1594 2332 ἐπὶ
1605 2304 1654 2340 τὴν
1669 2304 1731 2340 γῆν.
1753 2303 1799 2339 Μὴ
1827 2303 1915 2338 πέτρα

1125 2353 1228 2390 ἔρημός
1243 2354 1342 2380 ὲστιτὺ
1366 2353 1428 2388 ὅρος
1445 2351 1580 2388 θυγατρὸς
1596 2351 1683 2384 Σιών;
1703 2350 1773 2386 Ἕσῃ
1797 2349 1853 2385 γὰρ
1877 2349 1915 2381 ὡς

1126 2399 1250 2426 πετεινοῦ
1265 2399 1461 2434 ἀνιπταμένου,
1483 2398 1577 2429 νοσσὺς
1592 2396 1768 2432 ἀφῃρημένος
1788 2396 1848 2430 ἔσῃ,
1869 2395 1916 2422 Ou.

1125 2445 1215 2480 γάτηρ
1229 2444 1327 2472 Μωάὸ.
1347 2445 1463 2471 Ἔπειτα
1483 2443 1512 2470 δὲ
1533 2442 1635 2478 Ἀρνῶν
1647 2441 1757 2468 πλείονα
1776 2440 1914 2476 βουλεύου,

1126 2491 1198 2517 ποίει
1214 2498 1242 2516 τε
1258 2490 1362 2525 σκέπην
1371 2489 1484 2520 πένθους
1496 2487 1564 2524 αὑτὴ
1579 2487 1734 2519 διαπαντός.
1750 2486 1794 2513 Ἐν
1809 2494 1916 2522 μεσημο

1127 2536 1206 2572 ὀρινῇ
1224 2536 1319 2572 σκοτίᾳ
1331 2535 1487 2571 φεύγουσιν,
1501 2534 1659 2570 ἐξέστησαν,
1675 2534 1711 2569 μὴ
1726 2532 1824 2569 ἀχθῇς.
1840 2533 1917 2569 Παρο

1127 2582 1268 2618 οικήσουσί
1294 2590 1335 2608 σοι
1361 2582 1386 2608 oi.
1406 2581 1525 2617 φυγάδες
1547 2580 1644 2607 Μωάε.
1665 2580 1791 2605 Ἔσονται
1824 2579 1914 2613 σκέπη

1127 2628 1192 2663 ὑμῖν
1208 2627 1262 2654 ἀπὸ
1276 2627 1421 2663 προσώπου
1446 2626 1599 2658 διώκοντος,
1610 2626 1651 2652 ὅτι
1667 2624 1739 2660 ἧρθη
1760 2625 1777 2660 ἡ
1803 2633 1915 2659 συμμα-

1125 2675 1172 2710 χία
1190 2682 1247 2706 σου,
1263 2675 1310 2700 καὶ
1328 2674 1342 2700 6
1358 2673 1449 2709 ἄρχων
1459 2672 1582 2699 ἀπώλετο
1595 2673 1610 2699 6
1623 2671 1792 2698 καταπατῶν
1808 2671 1854 2697 ἐπὶ
1865 2670 1915 2704 τῆς

1125 2720 1187 2755 γῆς.
1215 2720 1269 2746 Καὶ
1289 2718 1500 2755 διορθωθήσεται
1517 2719 1574 2754 μετ’
1594 2718 1686 2749 ἐλέους
1712 2718 1726 2743 6
1741 2717 1846 2752 θρόνος,
1867 2717 1914 2743 καὶ

1125 2766 1260 2793 καθιεῖται
1274 2767 1318 2792 ἐπ’
1331 2765 1414 2792 αὑτοῦ
1429 2765 1496 2801 μετὰ
1516 2764 1644 2800 ἀληθείας
1665 2765 1695 2790 ὲν
1715 2765 1802 2800 σκηνῇ
1820 2763 1912 2794 Δαυῖδ,

1125 2813 1225 2847 κρίνων
1241 2812 1287 2840 καὶ
1308 2810 1429 2847 ἐκζητῶν
1444 2812 1542 2847 κρῖμα,
1558 2810 1606 2838 xui.
1626 2807 1748 2839 σπεύδων
1778 2808 1914 2836 δικαιοσύ-

323 2890 331 2898 “
348 2886 474 2923 Fortasse
493 2887 650 2924 legendum,
673 2889 824 2917 ἁλώσεσθαι
849 2890 891 2918 vel
910 2890 1041 2919 ὸλιῐσθαι,
1061 2890 1137 2918 Εοιτ.
