2044 3215
152 187 200 215 ειη

626 183 880 211 (ΣΟΜΜΕΝἸΑΙΗΛ
900 184 933 208 ΙΝ
955 182 1081 210 ISAIAM.
1099 197 1134 202 -—
1147 181 1224 208 CAP.
1244 180 1315 207 XVI.

1725 182 1779 212 ἳθί

153 255 201 282 νην
215 256 224 272 ‹
246 246 343 281 ,Ὁρᾷς
360 245 389 272 τὸ
405 245 496 281 θαῦμα
519 244 564 271 τοῦ
589 245 668 278 λόγου
692 245 720 270 ἐν
742 243 781 278 τῷ
800 243 941 278 συμπερά-

997 243 1136 275 iustitiam.
1153 252 1163 268 ι
1181 241 1271 269 Viden‘
1288 240 1420 268 sermonis
1433 239 1583 267 mirabilem
1600 241 1626 267 in
1652 240 1704 268 (ine
1719 250 1780 276 pro—

153 301 236 329 σματι
253 293 301 327 τῆς
324 293 490 327 προφητείας
509 291 712 326 περιεχόμενον.
730 290 809 316 Κατὰ
822 290 852 316 τὸ
875 290 941 315 αὐτὸ

152 343 206 376 γὰρ
232 341 363 371 θεσπίσας
389 341 551 375 ἀφανισμὸν,
576 339 782 373 εὐαγγελίζεται
813 338 938 370 ἐλπίδας”

153 386 256 421 σκηνὴν
281 385 361 412 Δαυῒδ
375 387 473 420 φήσας,
489 385 535 411 καὶ
560 384 653 419 θρόνον
677 383 744 410 Θεοῦ
766 384 829 418 παρ’
851 383 942 415 αὐτοῖς

153 431 355 467 συστήσασθαι·
372 433 417 458 καὶ
430 431 515 457 ταῦτα
530 430 637 456 ἔσεσθαι
650 430 741 456 οὐκέτι
760 430 789 462 ἐξ
806 429 942 464 ἀνθρωπί-

154 488 201 514 νης
217 479 289 510 τινος
305 477 433 511 σπουδῆς,
447 477 504 503 ἀλλ’
531 476 560 508 ἐξ
586 476 675 507 ἐλέους
699 475 765 502 Θεοῦ
789 475 836 501 καὶ
850 475 942 509 φιλαν-

154 525 287 559 θρωπίας.
316 524 361 549 Διὸ
384 523 508 549 λέλεκται
529 522 600 548 κατὰ
626 522 671 548 τὸν
701 521 826 553 Ἀκύλαν,
851 530 859 546 ι
888 522 942 547 Καὶ

153 571 380 606 ἑτοιμασθήσεται
409 570 438 595 ὲν
464 569 531 604 ἐλέῳ
564 568 675 603 θρόνος·
705 578 713 593 ι
741 566 811 594 κατὰ
844 567 872 593 δὲ
897 568 942 592 τίιν

151 617 327 649 Θεοδοτίωνα,
344 626 353 642 ι
374 616 428 642 Καὶ
450 614 675 650 ὲτοιμασθήσεται
701 614 758 649 μετ’
772 613 861 644 ἐλέους
882 613 944 649 θρό-

151 671 206 694 νος.
230 671 238 687 ι
257 661 315 688 Τίνι
343 661 371 687 δὲ
396 659 667 695 ἑτοιμασθήσεται,ἢ
695 659 801 690 πάντως
825 667 876 684 που
904 657 943 692 τῷ

151 708 271 744 Χριστῷ,
285 707 323 742 τῷ
337 708 369 732 ἐκ
383 707 538 741 σπέρματος
554 704 634 731 Δαυῖδ
645 704 849 739 γεγεννημένῳ;
867 704 944 729 Ἐσε-

153 755 214 781 σθαι
231 755 320 780 τοίνυν
345 753 420 789 παρὰ
445 754 500 784 τοῖς
523 751 683 782 Μωαϐίταις
705 751 798 787 Θρόνον
825 749 943 785 Χριστοῦ

153 809 245 836 φησιν,
262 797 321 833 ὲνῷ
335 799 469 826 καθιεῖται
486 798 554 833 μετὰ
572 797 701 832 ἀληθείας
717 797 745 823 ἐν
766 798 852 831 σκηνῇ
863 795 943 821 Δαυῒδ

151 847 394 882 γεννηθησόμενος.
413 845 490 871 Οὕτω
510 844 538 871 δὲ
552 843 645 870 καλεῖν
668 842 747 869 εἴωθε
764 842 793 868 τὸ
808 851 943 877 προφητι-

151 894 200 920 κὸν
219 893 326 928 πνεῦμα
340 892 388 927 τὴν
409 891 570 926 Ἐκκλησίαν
588 890 635 916 τοῦ
651 889 718 916 ε)εοῦ
731 898 738 904 ·
757 889 817 915 ἐπεὶ
833 889 879 914 καὶ
898 887 943 914 τὸν

994 288 1092 323 phetiae
1103 288 1283 316 (economiam
1297 287 1308 314 Ἰ
1322 286 1389 314 Nam
1402 292 1546 322 postquam
1563 287 1698 314 excidium
1712 289 1782 315 vati-

993 337 1098 363 cinatus
1111 340 1163 368 est,
1175 335 1269 362 eodem
1287 338 1408 368 tempore
1421 340 1494 369 spem
1510 333 1610 360 bonam
1625 334 1779 362 annuntiat.

994 380 1099 412 dicens.
1118 379 1322 407 tabernaculum
1347 379 1431 407 David
1446 384 1472 406 et
1499 379 1623 406 thronmn
1648 379 1693 406 Dei
1710 381 1780 414 apud

994 426 1053 453 illos
1075 425 1296 453 00nstituendum
1321 432 1405 456 esse;
1432 425 1543 458 hzecque
1578 431 1631 451 non
1663 425 1779 451 humana

994 471 1109 505 quadam
1129 478 1211 505 opera
1225 475 1252 497 et
1266 470 1448 497 sollicitudine
1460 491 1466 501 ,
1486 471 1532 497 sed
1547 478 1578 496 ex
1594 470 1780 497 misericordia

995 523 1022 544 et
1035 517 1178 544 clementia
1194 516 1252 543 Dei.
1266 516 1355 549 Quare
1366 516 1514 543 secundum
1529 516 1654 550 Aquilam
1671 517 1780 549 dicitur,

997 573 1006 590 ι
1029 564 1062 591 Et
1073 563 1272 599 prteparabitur
1289 564 1314 589 iu
1338 563 1526 589 misericordia
1550 563 1682 595 thronus;
1702 572 1711 588 ι
1737 571 1781 590 se-

995 611 1112 638 cundum
1137 610 1350 636 Theodotiouem
1377 616 1459 641 vero,
1486 618 1495 634 ι
1523 608 1554 634 Ει
1586 609 1781 643 ριίιιρίιτοὺὶιιιι·

994 664 1055 684 cuin
1072 656 1259 683 misericordia
1275 656 1397 682 thronus.
1418 664 1427 680 ›
1448 655 1496 681 Cui
1512 660 1601 681 autem
1617 655 1782 690 prmparabi—

997 707 1050 733 tur,
1068 702 1118 729 nisi
1133 701 1212 736 plane
1224 701 1334 727 Christo
1347 721 1353 732 ,
1369 701 1414 735 qui
1431 708 1462 727 ex
1478 701 1583 727 semine
1601 700 1683 727 David
1704 706 1782 728 natus

996 753 1036 776 est
1048 749 1059 775 ?
1071 748 1116 775 Ait
1129 748 1211 783 igitur
1222 747 1292 782 apud
1308 746 1440 773 Moabitas
1452 747 1551 774 Christi
1568 747 1693 774 thronum
1709 747 1782 774 futti-

995 803 1054 821 rutn
1068 802 1138 827 esse,
1162 794 1187 821 in
1201 801 1254 828 quo
1271 801 1332 820 cum
1346 793 1462 819 veritate
1484 793 1588 820 sedebit
1603 793 1625 819 is
1640 793 1686 828 qui
1701 794 1726 820 in
1743 799 1782 820 ta-

996 841 1142 867 bernaculo
1159 839 1242 866 David
1258 839 1411 866 nasciturus
1432 844 1483 865 est.
1512 838 1557 865 Sic
1581 847 1662 873 porro
1679 846 1784 865 nuncu-

996 894 1060 921 pare
1089 887 1156 914 solet
1185 885 1302 919 Spiritus
1328 885 1502 919 propheticus
1532 885 1680 912 Ecclesiam
1711 885 1782 911 Dei:

152 939 268 975 Χριστὸν
285 939 365 965 αὐτὸν
382 938 462 964 Act-£6
475 936 618 972 ὀνομάζειν
631 935 699 968 ἔθος,
713 934 757 961 διὰ
772 935 802 960 τὸ
816 934 848 959 ὲκ
861 932 944 967 σπέρ-

997 940 1057 959 natn
1075 934 1160 966 ipsum
1183 937 1291 965 quoque
1306 929 1444 957 Christum
1461 930 1588 956 Davidetn
1605 937 1703 957 vocare
1719 937 1783 956 con-

154 995 237 1022 ματος
264 985 344 1011 Δαυῒδ
368 984 438 1011 κατὰ
463 985 552 1019 σάρκα
575 981 754 1017 γεγεννῆσθαι
782 980 873 1007 αὐτόν.
900 979 945 1005 Διὸ

154 1032 256 1067 σκηνὴν
273 1030 321 1065 μὲν
337 1030 418 1056 Δαυῒδ
439 1029 488 1063 τὴν
504 1028 665 1062 Ἐκκλησίαν
691 1026 833 1058 ἀποκαλεῖ,
851 1025 945 1060 θρόνον

154 1078 182 1104 δὲ
193 1078 237 1104 τὸν
257 1077 303 1103 ἐπὶ
314 1076 411 1111 ταύτης
427 1075 472 1101 τὸν
496 1075 545 1110 τῆς
566 1073 726 1108 Ἐκκλησίας
745 1072 891 1107 πρόεδρον,
915 1071 944 1102 ὃς

155 1125 201 1152 τὸν
223 1124 374 1160 σωματικὸν
398 1123 491 1157 ἐπέχει
514 1121 618 1156 θρόνον,
641 1121 721 1146 τόπον
745 1119 835 1154 τηρῶν
850 1118 944 1153 ὥσπερ

153 1171 202 1198 τοῦ
222 1169 348 1206 Χριστοῦ.
366 1170 456 1204 "At-cap
471 1168 508 1199 ὡς
534 1169 562 1194 ὲν
588 1166 745 1202 μυστηρίοις
767 1165 838 1191 κατὰ
864 1165 944 1200 μέσον

154 1219 203 1252 τῆς
215 1216 378 1251 προφητείας
391 1213 625 1250 παρεμϐέϐληται,
639 1211 685 1238 τοῦ
698 1212 773 1244 ἁγίου
787 1210 944 1244 Πνεύματος

154 1264 245 1298 μόνοις
257 1263 312 1294 τοῖς
323 1261 447 1297 μέλλουσι
467 1259 595 1290 συνιέναι,
613 1259 660 1285 καὶ
674 1258 723 1292 τῆς
742 1256 843 1283 τούτων
855 1255 945 1289 ἀξιοῦ-

154 1310 214 1336 σθαι
231 1308 357 1344 θεωρίας,
371 1307 419 1343 τὴν
432 1306 533 1333 τούτων
546 1306 646 1340 γνῶσιν
662 1303 891 1339 ταμιευσαμένου.

191 1410 201 1426 ‹
228 1399 400 1434 Ἠκούσαμεν
418 1398 467 1433 τὴν
485 1397 562 1433 ὕϐριν
576 1395 677 1422 Μωάϐ·
695 1394 825 1430 ὑϐριστὴς
842 1392 945 1427 σφόδρα

152 1447 203 1484 τὴν
226 1445 421 1482 ὗπερηφανίαν,
436 1445 484 1472 καὶ
505 1445 522 1479 ἡ
548 1443 627 1479 ὕϐρις
642 1441 725 1468 αὑτοῦ
749 1440 797 1468 καὶ
820 1440 837 1475 ή
864 1439 944 1475 μῆνις

153 1493 236 1522 αὑτοῦ
247 1502 254 1508 ·
269 1493 318 1528 οὐχ
330 1492 417 1524 οὕτως
432 1492 449 1526 ἡ
473 1489 588 1526 μαντεία
613 1496 671 1520 σου,
693 1488 743 1522 οὐχ
757 1486 853 1518 οὕτως.
872 1485 946 1513 Ὀλο-

152 1539 227 1573 λύξει
243 1539 347 1567 Μωάσ·
372 1539 401 1565 ὲν
428 1537 482 1573 γὰρ
499 1538 533 1572 τῇ
552 1534 704 1563 Μωαϐίτιδι
730 1533 829 1565 πάντες
854 1531 945 1558 ὀλολύ-

154 1586 243 1619 ξουσι·
269 1587 325 1617 τοῖς
352 1583 509 1611 κατοικοῦσι
531 1582 559 1609 δὲ
574 1580 627 1617 Σὴθ
645 1580 812 1616 μελετήσεις,
832 1579 878 1605 καὶ
894 1578 944 1604 οὒκ

997 979 1105 1010 suevit,
1132 978 1194 1012 quia
1219 985 1251 1004 ex
1275 978 1378 1004 semine
1401 976 1484 1003 David
1510 977 1656 1003 secundum
1672 983 1783 1003 carnem

997 1028 1077 1050 natus
1094 1028 1145 1050 cst.
1161 1023 1342 1055 Quamobrem
1358 1021 1506 1049 Ecclesiam
1523 1022 1632 1056 quidem
1656 1022 1783 1048 taberna-

996 1069 1085 1096 culum
1114 1069 1197 1096 David
1216 1069 1356 1103 appellat,
1385 1069 1510 1095 thronum
1539 1073 1629 1095 autem
1663 1068 1783 1102 ejusdem

997 1115 1123 1142 Ecclesia:
1131 1115 1283 1149 pnesidcm,
1292 1115 1336 1149 qui
1346 1122 1503 1148 corporeum
1516 1116 1643 1141 thronum
1659 1119 1782 1147 occupat,

996 1166 1078 1196 atque
1091 1169 1139 1187 ceu
1153 1160 1253 1187 Christi
1276 1161 1361 1187 locum
1382 1164 1462 1187 tenet.
1486 1160 1562 1192 Qum,
1573 1167 1622 1186 ceu
1638 1159 1665 1185 in
1681 1164 1784 1193 myste-

996 1208 1054 1239 riis,
1073 1207 1099 1234 in
1123 1207 1213 1233 medio
1237 1206 1382 1241 prophetia:
1397 1206 1497 1233 inserta
1516 1209 1587 1236 sunt,
1601 1204 1702 1238 Spiritu
1722 1212 1785 1231 san-

999 1258 1042 1280 cto
1060 1253 1154 1279 horum
1167 1253 1293 1279 notitiam
1314 1252 1346 1279 iis
1371 1257 1477 1278 tantum
1495 1251 1539 1286 qui
1554 1250 1731 1282 intellecturi,
1757 1254 1785 1276 et

996 1299 1126 1326 harumce
1153 1307 1241 1325 rerum
1267 1298 1424 1333 spectaculo
1447 1298 1520 1333 digni
1541 1297 1656 1325 habendi
1685 1300 1783 1330 erant,

996 1350 1165 1373 reservante.

1034 1392 1114 1420 Vens.
1138 1391 1175 1425 6,
1194 1391 1218 1418 7.
1248 1400 1257 1416 ι
1282 1391 1440 1418 Audivimtts
1465 1391 1657 1418 contumeliam
1683 1390 1760 1417 Moab
1775 1411 1784 1422 ,

996 1438 1209 1467 contumeliosus
1221 1437 1299 1465 valde
1311 1438 1484 1472 superbia,et
1494 1437 1657 1466 contumelia
1671 1437 1741 1472 ejus,
1757 1443 1785 1465 et

996 1487 1035 1514 ira
1051 1486 1110 1522 ejus
1126 1495 1133 1513 ε
1150 1493 1202 1513 non
1228 1486 1266 1513 sic
1284 1485 1417 1513 divinatio
1436 1491 1479 1512 tua
1494 1505 1502 1518 ,
1519 1492 1571 1512 non
1595 1484 1647 1512 sic.
1666 1484 1785 1512 Ululabit

997 1532 1075 1560 Moab
1094 1542 1100 1560 :
1119 1539 1181 1559 nam
1197 1532 1223 1559 iu
1239 1531 1385 1559 Moabitide
1408 1539 1503 1559 omnes
1526 1530 1688 1559 ululabuut:
1705 1531 1784 1559 babi-

998 1578 1116 1605 tantibtts
1131 1577 1197 1605 Seth
1209 1577 1384 1605 meditaberis
1394 1582 1422 1604 et
1434 1584 1486 1604 nun
1503 1577 1688 1605 coulunderis.
1703 1587 1713 1604 ι
1731 1578 1784 1605 Ge-

153 1633 322 1668 ὲντραπήσῃ.
341 1642 350 1657 ι
369 1632 425 1666 οὐχ
438 1631 530 1665 ὅμοιαι
560 1629 586 1655 αἱ
602 1627 716 1663 πράξεις
728 1627 784 1657 τοῖς
797 1625 846 1661 τῆς
859 1625 944 1660 ὑπερ-

997 1628 1037 1651 sta
1061 1624 1185 1659 superbis
1200 1624 1279 1652 dictis
1294 1623 1390 1651 similia
1406 1631 1458 1651 non
1477 1628 1557 1656 sunt;
1573 1625 1630 1651 sive
1651 1624 1714 1659 quia
1730 1623 1785 1651 Deo

153 1678 267 1714 ηφανὶας
280 1677 369 1712 λόγοις
381 1685 387 1692 ·
402 1677 418 1712 ἦ
436 1676 483 1703 καὶ
495 1674 588 1709 ἐπειδὴ
604 1673 674 1709 μέγα
687 1671 816 1708 ἐφρόνουν
839 1670 885 1697 ἐπὶ
906 1669 945 1705 τῷ

154 1724 258 1752 ἑαυτῶν
276 1723 339 1759 θεῷ,
363 1723 409 1749 καὶ
432 1723 492 1753 ταῖς
507 1720 602 1747 τούτου
619 1718 775 1755 μαντείαις·
797 1717 846 1752 οὐχ
862 1716 944 1747 οὕτω,

154 1772 248 1808 φησὶν,
262 1771 348 1802 ἔσται,
367 1770 447 1796 ὁποῖα
473 1767 636 1803 μαντεύεται
658 1767 672 1793 ὁ
693 1766 759 1802 παρ’
776 1765 868 1795 αὐτοῖς
889 1763 947 1790 δαί-

155 1827 226 1854 μων,
242 1816 296 1843 οὐδ’
326 1817 405 1843 ὁποῖα
420 1814 463 1842 διὰ
486 1814 619 1850 χρησμῶν
641 1814 698 1845 τοῖς
714 1810 945 1846 ὲξαπατωμένοις,

155 1865 204 1891 καὶ
216 1863 282 1889 Θεὸν
296 1862 376 1889 αὐτὸν
390 1859 460 1887 εἶναι
472 1860 629 1896 νομίζουσιν
644 1857 842 1894 ὲπηγγέλλετο”
860 1857 874 1883 ὁ
892 1856 947 1892 γὰρ

156 1909 243 1937 ἐπιὼν
254 1908 348 1945 χρόνος
358 1907 459 1938 τούτων
471 1905 559 1933 αὐτῶν
570 1905 601 1932 τὺ
615 1905 713 1940 ψεῦδος
726 1903 866 1937 διελέγξει.

195 1966 204 1981 1
226 1955 266 1981 Τὰ
289 1953 368 1980 πεδία
389 1951 506 1979 Ἐσεΰὼν
527 1951 667 1987 πενθήσει,
687 1950 808 1986 ἄμπελος
820 1948 946 1984 Σαϐαμὰ,

155 2002 353 2032 καταπίνοντες
365 1999 400 2026 τὰ.
411 1999 486 2035 ἔθνη,
509 1997 722 2033 καταπατήσατε
740 1996 788 2027 τὰς
810 1995 947 2030 ἀμπέλους

156 2048 253 2083 αὐτῆς,
267 2047 319 2078 ἕως
336 2044 427 2081 Ἰαζὴρ
451 2045 481 2071 οὐ
499 2045 536 2080 μὴ
555 2043 703 2078 συνὰψητε,
723 2041 877 2077 πλανήθητε
899 2040 949 2076 τὴν

155 2095 273 2131 ἔρημον·
289 2093 313 2119 οἱ
330 2091 531 2127 ἀπεσταλμένοι
546 2088 805 2124 ἐγκατελείφθησαν,
821 2086 948 2121 διέϐησαν

155 2141 208 2178 γὰρ
223 2140 291 2176 προς
302 2139 350 2174 τὴν
363 2138 511 2165 θάλασσαν.
528 2136 579 2163 Διὰ
591 2135 671 2163 τοῦτο
686 2134 839 2169 κλαύσομαι
852 2133 889 2165 ὡς
904 2132 949 2159 τὸν

154 2186 293 2222 κλαυθμὸν
312 2185 413 2220 Ἰαζὴρ,
428 2183 549 2220 ἄμπελον
566 2181 692 2217 Σαὸαμά.
716 2180 756 2207 Τὰ
781 2180 876 2215 δένδρα
902 2187 948 2205 σου

155 2233 304 2261 κατέϐαλεν
322 2230 439 2258 Ἐσεὸὼν
453 2229 500 2256 καὶ
517 2228 640 2263 Ἐλεαλὴ,
653 2228 695 2254 ὅτι
710 2226 757 2253 ἐπὶ
772 2226 811 2261 τῷ
827 2223 949 2260 θερισμῷ

154 2282 203 2309 καὶ
223 2281 270 2307 ἐπὶ
292 2280 331 2315 τῷ
356 2276 485 2315 τρυγητῷ
509 2285 556 2303 σου
581 2275 777 2309 καταπατήσω,
793 2272 840 2299 καὶ
858 2271 947 2298 πάντα

156 2326 315 2354 πεσοῦνται.
328 2325 384 2352 Καὶ
398 2324 548 2361 ἀρθήσεται
565 2320 717 2357 εὐφροσύνη
732 2320 779 2346 καὶ
789 2317 947 2352 ἁγαλλίαμα

156 2375 190 2401 ἐκ
203 2373 256 2399 τῶν
271 2371 447 2408 ἀμπελώνων,
464 2370 511 2397 καὶ
523 2370 553 2395 ἐν
563 2369 620 2399 τοῖς
632 2366 774 2402 ἀμπελῶσι
790 2373 836 2392 σου
860 2364 889 2390 οὐ
908 2363 945 2399 μὴ

157 2416 398 2453 εὐφρανθήσονται,
411 2415 458 2441 καὶ
471 2415 500 2441 οὐ
521 2414 558 2449 μὴ
580 2413 746 2447 πατήσουσιν
758 2408 827 2436 οἶνον
847 2409 887 2440 είς
910 2408 946 2435 τὰ

157 2464 291 2499 ὑπολήνια
302 2471 309 2477 ·
322 2462 458 2488 πέπαυται
469 2461 533 2497 γάρ.
547 2470 557 2486 ι
573 2457 704 2494 Σημαίνει
713 2457 742 2483 δὲ
756 2455 801 2483 διὰ
812 2455 863 2491 τῆς
874 2455 946 2482 ὀπώ-

158 2519 208 2546 ρας
224 2507 328 2536 καὶτοῦ
341 2506 480 2542 θερισμοῦ,
497 2506 545 2532 καὶ
566 2504 610 2531 διὰ
629 2504 680 2539 τῆς
695 2501 826 2533 πολλάκις
848 2502 946 2536 ὀνομα-

157 2556 269 2590 σθείσης
282 2553 405 2589 ἀμπέλου
430 2552 460 2578 τὸ
487 2551 598 2582 εὐθαλὲς
623 2549 671 2577 καὶ
695 2549 824 2584 ἀκμαιον,
847 2547 894 2573 καὶ
916 2546 947 2573 τὺ

156 2601 292 2639 τρυφερὸν
312 2600 357 2627 καὶ
373 2599 472 2634 ὡραῖον
491 2598 540 2633 τῆς
553 2597 607 2624 τῶν
624 2595 796 2632 δηλουμένων
816 2593 900 2628 ζωῆς,
917 2594 946 2619 ἐν

155 2647 291 2686 ᾖῶσπερ
322 2645 465 2681 μεθύοντες
500 2644 591 2678 διῆγον
620 2641 866 2677 ὲνευφραινόμενοι,
899 2640 946 2666 καὶ

155 2693 342 2731 ἐντρυφῶντες
355 2692 402 2718 ἐπὶ
413 2691 473 2721 ταῖς
486 2689 576 2721 ἀθέοις
588 2688 677 2715 αὐτῶν
693 2686 872 2722 δυσσεϐείαις.

195 2750 205 2766 ‹
219 2738 269 2765 Διὰ
281 2738 361 2764 τοῦτο
379 2738 395 2772 ἠ
413 2735 502 2762 κοιλία
526 2743 575 2770 μου
602 2734 647 2760 ἐπὶ
670 2731 757 2760 Μωὰὃ
780 2732 819 2764 ὼς
846 2731 946 2767 κιθάρα

155 2786 264 2822 ὴχήσει,
278 2784 325 2810 καὶ
347 2782 381 2810 τὰ
401 2781 477 2812 ἐντός
491 2788 541 2815 μου
555 2779 619 2806 ὡσεὶ¹
631 2780 720 2813 τεῖχος
736 2777 749 2804 δ
765 2777 946 2808 ὲνεκαίνισας,

157 2833 206 2860 καὶ
223 2832 299 2859 ἔσται
322 2830 362 2861 είς
386 2829 416 2855 τὸ
442 2825 610 2863 ὲντραπῆναί
634 2834 675 2852 σε,
696 2834 705 2850 ι
725 2824 803 2851 Κατὰ
824 2823 853 2850 δὲ
869 2823 947 2857 λόγον

157 2878 315 2915 βαθύτερον,
328 2875 397 2911 πρὸς
416 2873 497 2900 αὐτὸν
513 2872 560 2899 καὶ
570 2871 618 2898 νῢν
633 2873 647 2897 ὁ
662 2871 752 2905 λόγος,
763 2869 837 2915 ,πρὸς
854 2869 883 2896 ὃν
900 2869 947 2895 καὶ

155 2914 198 2958 τδ,
220 2933 229 2950 ι
244 2923 311 2950 ὡσεὶ
323 2922 410 2956 τεῖχος
421 2919 435 2946 ὃ
454 2917 634 2948 ὲνεκαίνισας,
656 2926 665 2942 ι
677 2914 777 2952 δηλαδὴ
798 2914 844 2942 τὸν
868 2914 945 2940 Θεόν.

277 2971 414 3000 ΡΑτιιοι..
440 2967 500 2998 Gn.
532 2964 649 2996 XXIV.

996 1677 1045 1697 suo
1057 1690 1064 1703 ,
1078 1670 1190 1705 ejusque
1209 1669 1343 1696 vaticiniis
1358 1668 1474 1695 multutn
1498 1668 1614 1696 ﬁdebant
1631 1677 1639 1696 :
1656 1676 1709 1696 non
1724 1669 1762 1695 ita
1775 1689 1783 1700 ,

997 1716 1105 1751 inquit,
1120 1717 1175 1743 erit
1197 1719 1227 1742 ut
1240 1715 1407 1742 vaticinatur
1421 1715 1525 1742 diemou
1550 1714 1656 1742 illorum
1668 1734 1677 1748 ,
1698 1722 1785 1750 neque

997 1767 1026 1790 ut
1041 1762 1084 1795 iis,
1101 1761 1146 1796 qui
1164 1761 1268 1795 decepti
1284 1761 1359 1788 illum
1384 1768 1432 1794 pro
1444 1760 1494 1788 deo
1510 1759 1657 1792 habebant,
1672 1759 1785 1787 oraculo

997 1807 1175 1843 pollicebatur
1191 1816 1197 1833 :
1217 1804 1336 1834 futurum
1353 1806 1450 1840 quippe
1467 1809 1572 1840 tempus
1592 1805 1652 1833 illos
1674 1806 1786 1833 menda-

997 1853 1032 1881 cii
1045 1858 1150 1888 arguet.

1034 1944 1117 1973 νεεδ.
1144 1944 1227 1972 8-l0.
1255 1953 1265 1970 ‹
1284 1943 1416 1971 Planities
1436 1942 1542 1970 Esebon
1562 1942 1683 1977 lugebit,
1707 1942 1786 1969 viuca

999 1992 1115 2020 Sabama
1128 2013 1137 2025 ,
1155 1992 1201 2026 qui
1228 1990 1366 2026 deglutitis
1380 1994 1473 2024 gentes
1487 2010 1495 2022 ,
1509 1989 1668 2017 conculcate
1688 1988 1785 2016 vineas

998 2038 1068 2073 ejus,
1082 2045 1169 2073 usque
1190 2036 1270 2064 Jazcr
1290 2044 1325 2063 ne
1348 2035 1501 2071 attingatis,
1519 2039 1611 2062 errate
1632 2041 1679 2069 per
1695 2033 1788 2061 deser-

999 2090 1055 2113 tum
1073 2093 1080 2111 :
1099 2084 1174 2112 missi
1192 2083 1315 2111 derelicti
1334 2088 1414 2114 sunt,
1433 2082 1650 2116 pertransierunt
1666 2081 1737 2107 enim
1753 2080 1787 2107 ad

998 2138 1082 2159 mare.
1095 2130 1158 2159 Ideo
1171 2129 1283 2165 plorabo
1298 2134 1436 2164 tamquam
1452 2128 1558 2164 ploratu
1575 2126 1665 2165 Jazer,
1679 2127 1786 2154 vineam

1000 2178 1128 2207 Sabama.
1151 2163 1271 2205 Arbores
1288 2182 1349 2205 tuas
1365 2163 1473 2210 rdcjeeit
1497 2174 1601 2203 Esebon
1628 2163 1655 2201 εἰ
1678 2173 1787 2203 Eleale.

999 2224 1062 2259 quia
1088 2231 1204 2251 messem
1230 2228 1258 2251 et
1272 2222 1436 2250 vindemiam
1456 2227 1530 2249 tuam
1549 2220 1736 2251 conculcabo,
1762 2224 1789 2246 et

1000 2270 1091 2298 omnia
1115 2271 1223 2298 cadent.
1241 2270 1274 2296 Et
1298 2269 1408 2296 tolletur
1428 2262 1530 2296 laetitia,
1540 2275 1568 2296 et
1583 2266 1733 2296 exsultatio
1754 2265 1788 2296 δ’)

1001 2316 1089 2344 vineis
1104 2325 1111 2343 :
1126 2321 1153 2344 et
1169 2315 1197 2343 in
1212 2316 1299 2343 vineis
1315 2316 1368 2344 tuis
1384 2315 1556 2348 laetabuntur,
1575 2318 1624 2343 nec
1645 2315 1789 2343 calcabunt.

999 2362 1092 2389 vinum
1111 2361 1138 2388 in
1162 2361 1345 2389 torcularibus
1372 2371 1378 2388 :
1407 2361 1524 2388 cessavit
1540 2361 1624 2388 enim.
1644 2369 1653 2386 ι
1670 2359 1723 2387 Per
1737 2368 1787 2387 au-

1001 2412 1123 2434 tumnum
1147 2412 1175 2435 et
1191 2415 1329 2439 messem,
1356 2415 1388 2435 ac
1414 2415 1463 2442 per
1485 2407 1590 2434 vineam
1610 2407 1707 2440 saepius
1731 2413 1787 2433 me-

1000 2458 1133 2481 moratam
1148 2473 1155 2485 ,
1180 2452 1322 2481 ﬂorentem
1337 2474 1345 2486 ,
1371 2453 1552 2489 voluptariam
1582 2458 1609 2480 et
1638 2452 1786 2486 jucundam

1000 2506 1093 2526 eorum
1108 2499 1191 2526 vitam
1210 2499 1331 2531 indicat,
1347 2506 1399 2534 qua
1423 2507 1473 2526 ceu
1497 2498 1566 2525 ebrii
1586 2496 1785 2532 degebanblte-

1002 2550 1090 2573 tantes
1114 2550 1143 2573 et
1172 2546 1343 2573 laseivientes
1368 2546 1395 2573 in
1422 2545 1534 2573 nefariis
1556 2544 1612 2571 suis
1637 2543 1787 2578 impietati-

1000 2591 1061 2619 bus.

1037 2728 1119 2757 Vens.
1145 2730 1189 2757 ll.
1204 2738 1214 2754 ε
1232 2729 1295 2757 Ideo
1311 2735 1405 2756 venter
1420 2735 1497 2755 meus
1513 2734 1596 2762 super
1610 2726 1688 2754 Moab
1709 2727 1786 2761 quasi

1001 2775 1107 2803 cithara
1130 2774 1258 2807 sonabit,
1280 2778 1308 2801 et
1332 2774 1462 2801 interiora
1489 2780 1547 2800 mea
1569 2773 1647 2808 quasi
1671 2780 1785 2804 nturus,

1001 2828 1081 2855 quem
1097 2821 1242 2852 innovasti,
1259 2825 1286 2848 et
1302 2820 1352 2847 erit
1369 2824 1397 2846 ut
1412 2824 1437 2845 te
1451 2824 1639 2847 revereantur.
1657 2829 1667 2845 ι
1683 2819 1789 2846 Secun-

1001 2869 1064 2895 dmn
1079 2867 1282 2902 profundiorem
1297 2865 1464 2901 intelligendi
1481 2866 1614 2893 rationem
1629 2887 1637 2899 ,
1652 2873 1713 2893 eum
1730 2865 1787 2900 jam

1000 2913 1149 2948 alloquitur
1175 2911 1218 2940 cui
1233 2910 1295 2939 dicit
1311 2930 1319 2944 ,
1345 2920 1354 2936 ι
1372 2911 1449 2945 quasi
1467 2919 1562 2939 murus
1579 2918 1658 2946 quem
1674 2911 1787 2938 innova-

1606 2960 1624 2989 ’1
