2044 3215
280 194 333 221 203

616 193 748 222 EUSEBII
767 191 1007 220 CESARIENSIS
1025 191 1100 219 OPP.
1122 191 1211 220 PARS
1229 191 1275 219 111.
1294 207 1329 212 -
1347 191 1550 220 EXEGETICA.

1849 196 1903 224 204

280 250 336 283 sli,
364 259 373 276 ι
400 249 525 278 videlicet
540 250 634 277 Deum.
660 250 728 283 Quid
745 257 811 285 ergo
825 249 876 277 sibi
897 249 955 276 vult
982 248 1047 276 illud

1120 249 1152 275 Τί
1174 246 1221 275 οὖν
1238 248 1361 284 βούλεται
1375 248 1406 275 τὸ
1417 243 1572 285 ’τολμηρῶς
1591 249 1687 277 δοκοῦν
1711 251 1845 287 εἰρῆσθαι,
1859 253 1900 284 τὸ,

280 295 353 331 quod
369 302 434 323 sane
460 300 561 322 temere
585 295 685 322 dictum
701 295 834 328 videatur,
860 304 869 319 ι
891 294 969 325 Erit,
992 298 1022 320 ut
1039 298 1066 322 te

280 339 476 367 revereantur?
487 349 497 364 ι
513 339 581 372 Ideo,
600 339 696 373 inquit,
714 339 804 366 firmas
823 338 887 366 mihi
904 339 976 366 intus
993 339 1066 374 cogi-

282 387 399 413 tationes
414 386 544 421 elargitus
556 393 585 413 cs
598 406 604 418 ,
629 386 664 412 ita
683 390 712 411 ut
729 385 773 420 qui
790 393 850 413 sese
865 386 898 413 ad
914 391 940 412 te
953 385 1065 413 minime

281 436 451 463 convertunt,
467 432 504 458 tui
520 431 699 459 reverentiam
714 431 842 460 habeant.
853 431 888 458 ob
905 436 1063 466 argumenta

281 485 314 504 ex
327 478 418 505 inditis
432 477 496 504 mihi
511 477 663 511 praevalidis
685 477 897 512 cogitationibus
914 477 979 511 ipsis
990 477 1065 504 obla-

282 528 319 550 ta.
336 523 416 550 Deest
439 523 528 557 itaque
550 522 613 549 illud
626 542 633 553 ,
652 531 661 548 ι
681 523 752 557 ipsi,
773 533 782 548 ι
799 528 828 550 ιιι
843 531 907 550 sana
922 524 1063 551 verborum

280 569 413 596 sententia
428 568 566 600 reddatur,
583 578 592 593 ι
612 568 643 595 Et
656 568 708 595 erit
725 573 754 595 ιιι
767 569 815 604 ipsi
834 570 1012 597 reverentiam
1026 571 1062 597 tui

281 616 408 643 habeant.
440 624 449 640 ι
471 614 701 647 Quemadmodum
727 615 798 642 enim
816 616 861 649 qui
880 616 906 643 in
924 617 1000 644 bellis
1017 617 1063 643 ad-

280 669 358 688 versa
374 661 442 687 faeie
457 661 619 693 consistunt,
637 661 755 694 quandiu
773 669 849 696 aequo
865 667 951 690 marte
966 671 1064 698 pugna-

280 711 335 738 tur,
350 714 403 734 non
422 711 496 742 terga
519 707 604 738 dant,
619 714 704 740 neque
726 707 819 742 pedem
842 708 983 741 referunt;
1002 717 1062 736 cum

279 758 369 781 autetn
392 753 476 780 altera
503 759 564 787 pars
582 752 709 787 praevalet
723 772 730 785 ,
749 757 811 780 tunc
828 753 917 788 fugam
941 754 1061 788 iaciunt;

279 799 316 826 ita
332 803 359 826 et
373 799 463 826 anima
482 799 654 833 impudenter
666 800 692 825 in
712 799 770 826 acie
785 799 874 826 stabat
892 807 942 827 nee
956 808 1063 827 revere-

278 845 378 878 batur;
398 844 481 871 verbo
498 849 587 871 autem
611 844 712 873 eiiicaci
729 846 850 872 convicta
865 866 872 877 ,
888 846 914 872 in
931 845 1062 880 pudorem

279 895 305 917 et
321 890 502 917 reverentiam
517 891 641 917 vertitur.
658 890 689 918 Et
709 893 770 924 quia
784 891 810 917 in
827 891 934 918 occulta
947 891 1063 918 hominis

277 940 353 970 parte
368 936 426 963 haec
435 936 577 963 conversio
590 935 714 968 eilicitur,
727 937 856 972 ὲντροπή,
872 936 928 963 sive
942 937 1061 971 confusio

278 979 460 1016 nuncupatur.
477 981 536 1008 Ideo
551 989 617 1016 ergo
632 987 728 1009 venter
742 982 849 1009 sonabit
864 1001 872 1014 ,
892 986 919 1009 et
934 982 1061 1009 interiora

279 1027 358 1062 quasi
376 1036 488 1060 murus,
511 1036 591 1064 quem
606 1029 743 1056 innovavit
768 1029 838 1055 Deus
856 1028 990 1063 prophetae
1007 1037 1013 1055 ε
1033 1034 1062 1055 ιιι

278 1078 425 1107 mutentur,
438 1079 466 1101 et
477 1074 687 1106 confundantur,
706 1075 844 1109 Deumque
865 1079 1038 1102 revereantur
1053 1084 1059 1102 :

278 1120 393 1147 antehac
407 1120 481 1147 utilis
493 1121 605 1155 pudoris
619 1120 716 1153 ignari.
735 1119 786 1146 Per
798 1119 861 1146 illud
877 1127 953 1151 sane,

311 1165 392 1194 νεεδ.
410 1166 452 1192 l2.
474 1175 483 1191 ι
509 1166 576 1198 Quia
590 1165 751 1200 defatigatus
772 1171 814 1192 est
826 1165 902 1192 Moab
920 1166 947 1192 in
963 1166 1059 1192 altari-

275 1212 326 1239 bus
337 1233 345 1244 ,
359 1216 386 1239 et
401 1212 568 1247 ingredietur
583 1213 608 1238 in
632 1212 785 1239 manufacta
806 1213 838 1238 ad
860 1213 992 1239 orandum
1005 1233 1013 1245 ,
1034 1217 1061 1239 et

275 1265 328 1283 non
348 1262 475 1291 poterunt
495 1265 590 1284 eruere
609 1257 681 1284 illum
695 1278 702 1289 ,
723 1267 731 1283 ι
749 1258 864 1284 fortasse
889 1258 978 1285 oumis
1001 1258 1059 1285 ido-

277 1302 390 1329 lolatrite
408 1303 617 1330 destructionem
638 1324 645 1332 .
667 1304 692 1330 in
718 1303 770 1330 fine
787 1311 819 1330 ex
845 1303 960 1330 adventu
980 1304 1059 1331 Verbi

276 1345 393 1375 futuram
408 1368 415 1381 ,
438 1349 603 1376 vaticinatur
628 1349 710 1376 Isaias
734 1358 740 1375 :
764 1349 824 1383 quia
842 1357 937 1376 omnes
953 1349 979 1376 in
995 1357 1061 1376 con-

277 1394 414 1422 struendis
429 1394 535 1429 templis
554 1395 680 1429 insutnpti
700 1394 805 1421 labores
827 1395 886 1421 vani
912 1399 996 1427 sunt,
1018 1395 1059 1421 iu-

277 1440 468 1474 fructuosaque
490 1447 552 1475 spes
578 1441 603 1467 iu
634 1440 794 1467 manufactis
823 1440 919 1474 posita.
947 1450 956 1466 ι
980 1440 1058 1472 Nam.

276 1487 375 1520 inquit,
398 1487 533 1520 orabunt,
554 1492 579 1514 et
600 1494 652 1514 nou
674 1491 798 1521 poterunt
818 1494 914 1514 eruere
935 1487 1019 1514 illum.
1048 1497 1056 1512 ι

276 1532 407 1559 Caeterum
437 1533 486 1559 hoc
501 1531 557 1566 jam
581 1532 606 1558 itt
634 1532 748 1558 adventtt
772 1532 872 1559 Christi
896 1532 1058 1567 completum

1120 305 1129 321 t
1150 296 1247 322 Ἔσται
1257 296 1297 328 είς
1307 296 1336 322 τὸ
1352 296 1518 332 ὲντρατιῆναί
1534 304 1575 322 σε.
1593 305 1603 321 ι
1616 297 1665 324 Διὰ
1675 296 1755 324 τοῦτό
1768 306 1824 333 μοι,
1852 307 1903 335 φη-

1117 341 1168 371 σὶν,
1193 341 1458 376 ἰσχυροὺςιεχαρὶσω
1479 339 1584 366 ἔνδοθεν
1606 341 1669 372 τοὺς
1691 341 1900 377 διαλογισμούς·

1115 385 1185 411 ὥστε
1197 386 1259 417 τοὺς
1271 385 1319 412 νῦν
1336 386 1373 421 μὴ
1386 385 1597 421 ἐπιστρέφοντας
1619 387 1665 412 ἐπὶ
1684 387 1713 413 σὲ
1736 387 1902 423 ὲντραπῆναῑ

1117 440 1156 462 σε,
1168 431 1212 457 διὰ
1222 430 1275 457 τῶν
1286 431 1403 466 ἐλέγχων
1419 431 1471 458 τῶν
1485 432 1695 467 προσαγομένων
1710 433 1800 465 αὐτοῖς
1811 433 1843 460 ὲκ
1852 433 1902 469 τῆς

1115 477 1169 503 τῶν
1182 477 1328 513 δεδομένων
1345 486 1388 512 μοι
1397 477 1531 512 λογισμῶν
1547 478 1677 509 εὐτονίας.
1692 479 1786 504 Λείπει
1799 476 1846 506 οὖν
1859 479 1900 512 τὸ,

1119 534 1127 549 ‹
1143 524 1251 555 αὐτοὺς,
1275 534 1284 549 ι
1301 524 1345 550 ἵνα
1355 524 1440 558 ὑγιῶς
1455 525 1469 550 ὸ
1484 523 1545 556 νοῦς
1558 523 1611 549 τῶν
1625 523 1753 559 ῥημάτων
1772 524 1900 560 ἀποδοθῇ,

1118 578 1126 594 ι
1145 570 1200 595 Καὶ
1221 569 1295 595 ἔσται
1310 570 1349 600 εἰς
1364 569 1394 594 τὸ
1411 569 1577 604 ὲντραπῆναι
1594 569 1692 600 αὐτούς
1706 577 1747 597 σε.
1767 579 1776 594 ι
1795 570 1902 604 Ὠσπερ

1115 613 1169 648 γὰρ
1187 614 1211 639 οἱ
1224 614 1253 639 ὲν
1267 615 1323 645 τοῖς
1338 613 1466 648 πολέμοις
1478 614 1679 649 ἀντιπρόσωποι
1697 614 1823 647 ἑστῶτες,
1849 615 1902 647 ἕως

1117 660 1165 694 μὲν
1180 659 1314 690 ἰσοπαλεῐς
1327 659 1451 686 δοκοῦσιν
1466 659 1544 691 εἶναι,
1565 660 1595 686 οὺ
1620 660 1765 696 τρέπονται
1784 661 1845 687 οὐδὲ
1856 662 1902 688 ἐκ-

1114 704 1260 735 κλίνουσιν,
1271 705 1379 731 ἐπειδὰν
1389 705 1417 731 δὲ
1430 705 1551 742 ὑπερέχῃ
1567 705 1656 732 αὐτῶν
1667 706 1696 731 τὸ
1706 706 1798 742 ἕτερον
1808 706 1898 742 μέρος,

1114 751 1263 786 τραπέντες
1279 751 1439 785 φεύγουσιν’
1456 751 1526 777 οὕτω
1543 752 1589 777 καὶ
1603 752 1675 787 ψυχὴ
1688 752 1740 778 ὑπὸ
1763 752 1900 784 ἀναιδείας

1114 797 1342 832 παρατεταγμένη
1354 797 1468 832 ἔστηκεν
1479 798 1528 824 οὐκ
1539 797 1732 833 ἐντρεπομένη,
1745 798 1900 833 ἐλεγχθεῖσα

1113 842 1141 868 δὲ
1163 843 1215 869 ὑπὸ
1225 843 1318 877 ’λόγου
1332 842 1539 877 καθαπτομένου
1561 843 1656 877 αὐτῆς,
1680 843 1809 878 τρέπεται
1832 843 1899 879 πρὸς

1115 888 1254 924 αἰηύνην.
1270 889 1324 915 Καὶ
1342 889 1435 923 ἐπειδὴ
1456 889 1483 914 ὲν
1507 888 1545 923 τῷ
1560 888 1673 924 κρυπτῷ
1685 888 1732 915 τοῦ
1754 888 1900 925 ἀνθρώπου

1113 936 1217 969 γίνεται
1237 937 1253 970 ὴ
1267 935 1364 971 τροπὴ,
1378 935 1496 970 ἐντροπὴ
1512 935 1741 970 προσηγόρευται.
1759 935 1808 961 Διὰ
1819 935 1899 962 τοῦτο

1117 981 1163 1010 οὖν
1177 984 1194 1018 ἡ
1214 983 1301 1009 κοιλία
1313 983 1422 1018 ἠχήσει,
1436 983 1483 1008 καὶ
1497 982 1530 1008 τὰ
1547 982 1631 1015 ἐντὸς,
1646 983 1711 1009 ὡσεὶ
1732 984 1819 1017 τεῖχος
1831 983 1846 1009 ὃ
1857 984 1899 1010 ὲν-

1112 1029 1246 1055 εκαίνισεν
1260 1030 1273 1055 ὁ
1284 1028 1349 1060 Θεὸς
1365 1027 1412 1054 τοῦ
1430 1028 1568 1063 προφήτου
1580 1037 1586 1042 ·
1603 1028 1646 1054 ἵνα
1670 1028 1841 1062 μεταϐάλωσι
1851 1029 1898 1056 καὶ

1111 1074 1274 1110 ἐντραπῶσι,
1291 1074 1336 1100 τοῦ
1359 1073 1490 1101 αἰδεῖσθαι
1518 1074 1593 1104 Θεὸν,
1624 1074 1755 1110 πρότερον
1775 1074 1826 1100 οὐκ
1848 1074 1900 1100 £1:-

1114 1122 1249 1156 ιστάμενοι
1263 1123 1310 1156 τὴν
1323 1120 1459 1155 ὠφέλιμον
1473 1119 1612 1155 αἰσχύνην.
1622 1120 1669 1147 Διὰ
1687 1122 1776 1155 μέντοι
1787 1119 1845 1153 τοῦ,

1149 1178 1158 1193 ι
1178 1168 1238 1194 "Uti.
1254 1167 1381 1194 ἐκοπίασε
1395 1166 1480 1193 Μωὰϐ
1499 1166 1545 1192 ἐπὶ
1574 1168 1630 1198 τοῖς
1646 1166 1759 1202 βωμοῖς,
1780 1167 1828 1193 καὶ
1843 1167 1900 1193 εἷσ-

1112 1214 1248 1240 ελεύσεται
1267 1214 1306 1244 εἰς
1324 1212 1358 1239 τὰ
1385 1212 1570 1247 χειροποίητα,
1595 1213 1665 1239 ὥστε
1688 1212 1898 1248 προσεύξασθαι,

1111 1260 1158 1286 καὶ
1171 1259 1201 1286 οὑ
1217 1259 1254 1294 μὴ
1265 1259 1392 1285 δύνωνται
1417 1257 1551 1290 ἐξελέσθαι
1573 1259 1668 1285 αὐτόν·
1686 1268 1694 1284 ι
1708 1258 1777 1293 τάχα
1790 1258 1836 1285 τὸν
1853 1259 1899 1285 ἐπὶ

1110 1306 1181 1332 τέλει
1199 1305 1353 1340 ἀφανισμὸν
1370 1306 1459 1339 πάσης
1481 1305 1703 1340 εἰδωλολατρείας
1726 1306 1758 1331 ὲκ
1777 1305 1827 1339 τῆς
1849 1303 1897 1331 τοῦ

1110 1352 1190 1385 λόγου
1210 1350 1379 1385 ἐπιφανείας,
1398 1350 1561 1386 προφητεύει
1584 1351 1598 1376 ὁ
1622 1351 1749 1382 Ἡσαΐας·
1779 1351 1820 1377 ὅτι
1846 1350 1898 1386 μά-

1110 1406 1178 1423 ταιοι
1197 1397 1295 1428 πάντες
1315 1398 1339 1422 οἱ
1362 1397 1407 1422 ἐπὶ
1423 1397 1482 1427 ταῖς
1505 1397 1686 1427 κατασκευαῖς
1701 1396 1755 1422 τῶν
1766 1395 1838 1423 ναῶν
1849 1395 1897 1431 μό-

1110 1443 1178 1478 χθοι,
1195 1444 1243 1469 καὶ
1258 1443 1405 1477 ἀνωφελεῖς
1428 1443 1456 1469 al
1477 1443 1516 1474 εἰς
1537 1442 1570 1469 τὰ
1590 1440 1763 1478 χειροποίητα
1779 1441 1894 1473 ἐλπίδες.

1113 1499 1122 1514 ι
1141 1489 1338 1525 Προσεύξονται
1357 1489 1422 1524 γὰρ,
1439 1489 1515 1523 φησὶ,
1533 1489 1580 1515 καὶ
1595 1489 1625 1514 οὗ
1644 1489 1680 1523 μὴ
1704 1487 1834 1514 δύνωνται
1850 1487 1894 1520 ἐξ·

1110 1535 1216 1562 ελέσθαι
1229 1536 1318 1562 αὐτόν.
1335 1545 1344 1561 ι
1355 1535 1440 1562 Τοῦτο
1450 1535 1478 1561 δὲ
1493 1534 1539 1560 νῦν
1556 1535 1601 1560 ἐπὶ
1615 1534 1664 1568 τῆς
1679 1533 1794 1569 Χριστοῦ
1805 1532 1896 1567 ἐπιδη-

275 1583 317 1605 est
339 1587 346 1605 :
370 1578 413 1605 illa
438 1578 535 1614 quippe
558 1578 621 1605 olim
648 1578 750 1605 famosa
767 1578 863 1612 templa
889 1585 937 1612 pro
963 1586 1059 1612 scopu-

1113 1582 1175 1617 μίας
1190 1581 1385 1617 πεπλήρωται’
1404 1580 1463 1607 ἀντὶ
1487 1580 1625 1607 σκοπέλων
1642 1580 1689 1614 μὲν
1705 1579 1758 1615 γὰρ
1781 1579 1897 1614 ἑστήκα-

275 1624 309 1652 lis
336 1624 470 1652 habentur
493 1635 498 1651 :
528 1632 577 1651 nee
601 1624 670 1651 ultra
695 1624 745 1651 illa:
774 1624 924 1651 dzemouum
949 1624 1062 1652 fallaciae

275 1670 442 1702 consistunt,
468 1670 622 1698 adversaria
657 1670 699 1697 illa
730 1675 860 1705 potestate
887 1678 935 1705 per
963 1675 1061 1705 myste-

277 1717 345 1743 rium
375 1717 464 1744 crucis
490 1717 516 1743 in
544 1721 600 1745 toto
628 1717 692 1744 orbe
722 1717 894 1751 praedicatum
919 1716 946 1743 in
971 1715 1060 1750 fugam

276 1770 364 1789 versa.

311 1807 392 1835 Vens.
410 1808 460 1839 15,
481 1808 524 1834 14.
550 1817 559 1832 ‹
586 1807 640 1834 lloc
665 1807 774 1834 verbum
799 1807 870 1841 qttod
894 1806 996 1833 locutus
1020 1811 1061 1833 est

276 1858 404 1885 Dominus
425 1864 505 1891 super
522 1856 598 1883 Moab
613 1876 619 1887 ,
634 1856 743 1891 quando
759 1855 865 1882 locutus
875 1859 927 1882 est.
943 1855 976 1881 Et
989 1862 1060 1882 nunc

275 1904 336 1930 dico
350 1903 377 1930 in
402 1902 488 1929 tribus
504 1902 582 1928 anuis
603 1909 733 1928 annorum
751 1901 910 1928 mercenarii
923 1920 930 1933 ,
945 1901 1059 1928 inhono-

275 1956 379 1983 rabitur
395 1955 480 1990 gloria
496 1953 583 1985 Moab,
601 1954 626 1980 in
641 1953 768 1980 omnibus
779 1953 881 1980 divitiis
895 1953 988 1980 multis
1006 1962 1013 1979 :
1031 1957 1059 1980 et

275 2002 442 2037 relinquetur
460 2001 606 2032 tnluimus,
626 2005 653 2026 et
673 2008 724 2027 non
742 2001 900 2027 honoratus.
922 2009 931 2025 ι
947 1999 999 2026 Pro
1013 1999 1058 2026 illo

275 2049 344 2082 apud
361 2046 431 2074 LXX
445 2042 607 2080 [interpretes
619 2045 701 2077 dicto,
718 2055 728 2071 I
747 2046 774 2072 In
792 2046 878 2072 tribus
892 2046 970 2072 annis
989 2053 1059 2072 mer-

275 2093 377 2120 cenarii
401 2092 608 2119 inltonorabitur
633 2091 717 2126 gloria
743 2090 841 2123 Moab,
868 2101 877 2116 ι
898 2091 1058 2125 interposita

276 2139 346 2174 apud
359 2138 474 2173 reliquos
497 2139 656 2171 interpretes
673 2137 820 2168 distinctio,
837 2137 979 2164 clariorem
995 2144 1057 2164 sen-

274 2186 388 2213 tentiam
412 2185 494 2211 etftcit
518 2193 524 2210 :
552 2191 613 2210 nam
639 2183 786 2210 Secundum
802 2182 926 2217 Aquilam
949 2184 1057 2215 dicitur,

277 2241 287 2257 ι
306 2232 334 2258 in
346 2230 431 2258 tribus
446 2229 524 2257 annis
537 2229 694 2256 mercenarii
708 2237 715 2261 ;
736 2237 744 2253 ι
763 2231 909 2255 secttndum
931 2228 1057 2263 Symma-

1113 1637 1154 1655 σιν
1172 1629 1195 1654 oi
1211 1628 1270 1654 ναοὶ
1285 1627 1452 1662 περιϐόητοι,
1465 1626 1555 1653 οὐκέτι
1571 1626 1599 1652 δὲ
1615 1627 1642 1652 αἱ
1662 1625 1715 1651 ἀπὺ
1733 1625 1786 1651 τῶν
1800 1625 1895 1659 δαιμό-

1111 1683 1164 1701 νων
1176 1674 1288 1704 ἀπάται,
1306 1672 1518 1707 φυγαδευθεισης
1538 1671 1588 1706 τῆς
1607 1671 1797 1706 ἀντικειμένης
1816 1669 1896 1698 δυνά-

1113 1729 1184 1756 μεως
1196 1720 1240 1747 διὰ
1256 1720 1285 1746 τὸ
1300 1720 1447 1754 μυστήριον
1460 1718 1506 1744 τοῦ
1525 1717 1641 1752 σταυροῦ
1658 1717 1705 1743 τοῦ
1724 1717 1794 1743 κατὰ
1807 1717 1897 1744 πᾶσαν

1111 1767 1158 1802 τὴν
1172 1766 1332 1801 οἰκουμένην
1345 1774 1411 1800 κεκη
1417 1765 1559 1800 ρυγμένου.

1148 1822 1156 1837 ι
1176 1812 1261 1838 Τοῦτο
1281 1812 1310 1837 τὺ
1333 1803 1434 1847 ρῆμαλὸ
1455 1811 1569 1846 ἐλάλησε
1597 1809 1699 1845 Κύριος
1726 1809 1772 1835 ἐπὶ
1797 1807 1894 1839 Μωάσ,

1109 1859 1188 1886 ὁπότε
1205 1857 1329 1892 ὲλάλησε.
1344 1857 1399 1883 Καὶ
1412 1857 1458 1882 νῦν
1475 1856 1555 1890 λέγω,
1573 1857 1601 1882 ἐν
1618 1856 1705 1890 τρισὶν
1720 1855 1807 1881 ἐτεσιν
1828 1853 1896 1880 ὲτῶν

1112 1903 1245 1939 μισθωτοῦ
1265 1903 1481 1938 ἁτιμασθήσεται
1497 1903 1513 1937 ἠ
1529 1901 1591 1934 δόξα
1604 1901 1689 1927 Μωὰὸ
1701 1902 1730 1927 ἐν
1747 1899 1829 1927 παντὶ
1856 1898 1896 1930 αὖ

1110 1949 1216 1983 πλούτῳ
1227 1948 1265 1984 τῷ
1281 1948 1379 1983 πολλῷ,
1406 1949 1452 1975 καὶ
1466 1947 1713 1983 καταλειφθήσεται
1740 1946 1888 1981 ὀλιγοστὸς,

1110 1996 1156 2022 καὶ
1168 1996 1218 2021 οὐκ
1231 1995 1348 2030 ἔντιμος.
1368 2004 1377 2019 ι
1401 1995 1472 2021 ’Λντὶ
1491 1995 1580 2029 μέντοι
1595 1993 1641 2019 τοῦ
1659 1993 1734 2028 παρὰ
1757 1993 1814 2023 τοῖς
1829 1991 1891 2018 Ἐϐ-

1108 2040 1259 2075 δομήκοντα
1296 2039 1445 2073 φάσκοντος
1480 2039 1570 2072 λόγου,
1597 2048 1606 2063 ‹
1640 2039 1685 2064 Ἐν
1696 2038 1784 2072 τρισὶν
1806 2036 1895 2062 ἔτεσιν

1111 2085 1244 2122 μισθωτοῦ
1268 2085 1482 2121 ἁτιμασθήσεται
1506 2086 1522 2120 ἡ
1550 2084 1612 2117 δόξα
1643 2083 1739 2115 Μωὰὸ,
1761 2092 1770 2107 ι
1791 2083 1807 2116 ἡ
1823 2081 1896 2109 κατὰ

1107 2134 1169 2163 τοὺς
1189 2132 1297 2163 λοιποὺς
1311 2131 1480 2166 ἑρμηνευτὰς
1490 2130 1627 2165 διαστολὴ,
1643 2128 1743 2165 μεταξὺ
1754 2128 1894 2163 βληθεῖσα,

1109 2178 1277 2213 σαφεστέραν
1289 2178 1438 2212 κατέστησε
1455 2176 1503 2211 τὴν
1525 2176 1653 2202 διάνοιανθ
1673 2174 1743 2201 κατὰ
1768 2173 1817 2208 μὲν
1840 2173 1895 2208 γὰρ

1107 2222 1151 2248 τὸν
1173 2222 1286 2249 Ἀκύλαν
1302 2222 1408 2256 εἴρηται
1419 2241 1425 2252 ,
1441 2231 1449 2246 ι
1462 2221 1505 2247 Ἐν
1519 2221 1606 2255 τρισὶν
1623 2219 1693 2245 ἔτεσι
1711 2217 1845 2253 μισθωτοῦ
1858 2225 1864 2232 ·
1882 2226 1891 2242 ι

274 2277 354 2304 cbum
369 2283 432 2303 vero
444 2297 451 2308 ,
476 2284 485 2300 ι
504 2274 541 2301 Ex
563 2282 595 2302 eo
614 2279 735 2308 tempore
757 2277 782 2300 et
807 2281 878 2300 nunc
897 2273 1000 2301 locutus
1016 2278 1057 2301 est

1112 2268 1179 2294 κατὰ
1204 2269 1231 2294 δὲ
1257 2269 1302 2294 τὸν
1323 2268 1478 2303 Σύμμαχον,
1492 2276 1501 2292 ‹
1518 2267 1629 2293 Ἐκτοτε
1652 2265 1698 2291 καὶ
1712 2264 1758 2290 νῦν
1782 2263 1895 2298 ἐλάλησε

274 2323 403 2350 Dominus
418 2322 510 2349 dicens
523 2341 530 2352 ,
544 2320 572 2347 ln
591 2319 677 2346 tribus
700 2319 777 2346 annis
791 2319 868 2353 quasi
885 2327 965 2353 super
982 2326 1054 2346 mer—

273 2369 429 2401 cenarium;
452 2376 462 2392 ›
477 2366 623 2394 secundum
640 2365 850 2392 Theodotiouem
866 2370 967 2398 autent,
986 2374 994 2390 ι
1014 2365 1056 2392 Ab

274 2422 308 2442 eo
327 2418 445 2447 tempore
469 2417 496 2439 et
518 2419 588 2439 nunc
611 2411 713 2438 locutus
730 2416 772 2438 est
795 2411 923 2437 Dominus
945 2411 1055 2443 dicens,

275 2461 303 2487 In
318 2460 403 2487 tribtts
431 2458 509 2485 annis
520 2478 526 2489 ,
545 2458 620 2492 quasi
637 2457 713 2484 attnis
729 2456 898 2484 mercenarii.
922 2466 930 2482 ι
946 2457 1055 2488 Deinde,

274 2506 339 2533 alio'
350 2509 486 2538 resumpto
502 2503 636 2537 principio
650 2522 657 2534 ,
674 2502 772 2529 dieitttr
788 2502 859 2536 apud
876 2501 993 2536 reliquos
1017 2502 1059 2528 in-

273 2554 415 2585 terpretes,
435 2557 444 2574 ι
459 2547 492 2574 Ει
506 2547 713 2575 inliouorabitur
728 2546 812 2581 gloria
828 2545 906 2573 Moab
924 2553 984 2572 cum
1000 2553 1058 2572 ont-

274 2596 351 2623 nibus
366 2594 467 2622 divitiis
484 2593 586 2620 multis.
613 2602 622 2618 ι
645 2592 710 2619 Nam
728 2592 881 2625 eonjttnctio
895 2612 902 2623 ,
928 2597 972 2624 et,
998 2600 1058 2627 qua:

274 2643 363 2669 media
379 2641 570 2675 interponitur,
584 2639 664 2666 aliam
681 2638 761 2665 eﬂ'ert
774 2637 934 2665 sententiatn
946 2657 953 2669 .
970 2638 1004 2664 ab
1016 2638 1058 2664 bis

273 2689 373 2721 verbis,
388 2696 397 2712 ‹
416 2687 449 2714 Et
461 2686 668 2713 inbouorabitur
682 2685 765 2719 gloria
781 2684 857 2711 Moab
872 2692 879 2716 ;
899 2693 907 2708 ι
924 2691 983 2718 ιῖιυὶιέ
994 2690 1057 2710 vero

275 2734 398 2767 superius
422 2737 559 2766 ponuntur
584 2731 737 2766 significant
763 2729 905 2756 Dominum
930 2728 1056 2763 praedicta

274 2777 364 2804 omnia
381 2777 414 2803 de
427 2776 504 2803 Moab
529 2777 555 2803 in
576 2777 663 2803 tribus
687 2775 765 2801 annis
789 2774 904 2800 locutum
930 2780 990 2801 esse
1010 2781 1057 2807 per

276 2822 450 2857 prophetam,
464 2828 495 2847 ac
511 2821 532 2847 si
551 2820 673 2848 mercede
690 2819 864 2847 conduxisset
879 2827 939 2846 eum
953 2838 961 2851 ,
976 2823 1057 2852 atque

275 2867 397 2901 tit-hujus
417 2867 562 2900 prophetim
584 2866 734 2892 ministerio
749 2870 858 2892 vacaret
886 2865 1054 2899 praecepisse.

273 2914 333 2940 Non
349 2913 419 2940 enim
437 2912 661 2946 quemadmodum
681 2920 729 2939 nos
744 2916 828 2939 totam
844 2910 987 2939 lectionent
1003 2918 1056 2937 una

1110 2316 1211 2351 Κύριος
1226 2315 1322 2348 λέγων,
1347 2315 1390 2340 Ἐν
1416 2314 1503 2349 τρισὶν
1520 2313 1606 2339 ἔτεσιν
1615 2311 1653 2342 ὡς
1669 2310 1714 2336 ἐπὶ
1732 2308 1892 2344 μισθωτοῦ-ι

1110 2360 1180 2387 κατὰ
1196 2360 1224 2386 δὲ
1240 2360 1285 2386 τὸν
1301 2359 1475 2390 Θεοδοτίωνα,
1492 2367 1501 2384 ‹
1525 2357 1589 2383 Ἀπὸ
1615 2356 1673 2382 τότε
1698 2354 1745 2381 καὶ
1760 2353 1806 2380 νῦν
1832 2353 1895 2379 ἐλά-

1110 2407 1174 2442 λησε
1202 2406 1303 2442 Κύριος
1326 2406 1423 2440 λέγων,
1445 2404 1576 2440 Ἐντρισὶν
1599 2403 1685 2429 ἐτεσιν
1707 2401 1744 2433 ὡς
1764 2400 1895 2431 ἐνιαυτοῖς

1113 2452 1256 2487 μισθωτοῦ.
1279 2462 1288 2478 ι
1308 2450 1374 2479 Εἶτα
1390 2452 1443 2478 ἀπὸ
1461 2451 1556 2486 ἐτέρας
1580 2448 1668 2484 ἀρχῆς
1687 2448 1791 2482 εἴρηται
1818 2445 1896 2481 παρὰ

1111 2500 1165 2530 τοῖς
1195 2499 1297 2530 λοιποῖς
1325 2498 1513 2534 ἑρμηνευταῖς,
1540 2506 1548 2520 ι
1577 2496 1631 2521 Καὶ
1647 2492 1861 2528 ἀτιμασθήσεται
1877 2491 1895 2527 ἡ

1111 2545 1173 2577 δόξα
1189 2545 1276 2571 Μωὰϐ
1294 2545 1341 2571 σὺν
1357 2544 1436 2570 παντὶ
1449 2543 1486 2577 τῷ
1501 2541 1596 2577 πλήθει
1607 2540 1645 2575 τῷ
1660 2539 1757 2573 πολλῷ.
1770 2548 1778 2564 ι
1791 2539 1818 2564 Ὁ
1829 2538 1894 2573 γὰρ,

1112 2590 1170 2623 καὶ,
1189 2590 1335 2625 σύνδεσμος
1352 2590 1432 2624 μέσος
1443 2587 1651 2623 παρεμϐληθεὶς,
1665 2587 1760 2622 ἑτέραν
1776 2585 1894 2612 διάνοιαν

1112 2635 1266 2671 παρέστησε
1280 2636 1328 2670 τὴν
1339 2635 1391 2661 ἀπὸ
1406 2634 1463 2665 τοῦ,
1477 2644 1486 2659 ι
1506 2634 1560 2660 Καὶ
1577 2632 1787 2668 ἀτιμασθήσεται
1801 2632 1818 2666 ή
1832 2630 1894 2662 δόξα

1111 2681 1198 2708 Μωὸιὸ
1207 2690 1213 2696 ·
1236 2691 1245 2707 ι
1265 2681 1295 2708 τὸ
1310 2681 1338 2707 δὲ
1356 2680 1507 2716 ἔμπροσθεν
1521 2679 1614 2714 ἐδήλου
1631 2679 1668 2710 ὡς
1681 2675 1710 2704 ὲν
1723 2677 1811 2713 τρισὶν
1823 2676 1894 2702 ἔτεσι

1110 2728 1143 2755 τὰ
1160 2727 1343 2763 προλεχθέντα
1359 2726 1445 2752 πάντα
1460 2725 1524 2761 περὶ
1539 2725 1588 2760 τῆς
1610 2723 1696 2751 Μωὰὸ
1716 2722 1816 2759 Κύριος
1830 2721 1894 2748 ὲλάσ-

1110 2773 1174 2809 λησε
1189 2772 1233 2799 διὰ
1250 2772 1296 2798 τοῦ
1314 2772 1463 2807 προφήτου,
1477 2771 1570 2806 ὥσπερ
1583 2768 1788 2805 μισθωσάμενος
1803 2766 1894 2798 αὑτὸν,

1111 2820 1158 2846 καὶ
1173 2819 1365 2854 ἁπασχολήσας
1383 2818 1447 2853 περὶ
1465 2818 1513 2852 τὴν
1527 2815 1677 2851 ὑπηρεσίαν
1695 2814 1744 2849 τῆς
1757 2813 1820 2849 περὶ
1833 2811 1894 2838 τού-

1111 2875 1164 2892 των
1184 2864 1359 2901 προφητείας.
1372 2864 1407 2890 Οὐ
1421 2864 1474 2898 γὰρ
1490 2863 1583 2897 ὥσπερ
1599 2862 1677 2896 ἡμεῖς
1696 2859 1801 2895 ἀθρόως
1826 2866 1892 2890 pw-

1111 2911 1239 2942 άπτοντες
1252 2911 1282 2937 τὸ
1300 2911 1351 2937 πᾶν
1376 2909 1539 2944 ἀνάγνωσμα
1548 2907 1717 2942 διερχόμεθα,
1732 2905 1804 2933 οὖτά)
1820 2903 1866 2930 καὶ
1879 2903 1892 2928 ὁ
