2044 3215
256 204 307 232 ‘lﬁ'i

587 191 724 227 EUSEBII
748 178 988 225 CESARIENSIS
1007 192 1083 221 OPP.
1104 192 1198 221 PARS
1215 192 1261 220 lll.
1282 207 1316 213 —-
1336 191 1541 221 EXEGETICA.

1847 189 1901 217 208

255 264 338 296 capta
354 264 406 288 est.
423 261 522 289 Verum
533 259 759 295 quemadmodum
774 256 970 285 reversiJudaei
988 255 1054 283 Hie-

1114 254 1269 291 ῑπλήρωσαν
1286 254 1448 290 οἰκητόρων,
1464 254 1511 280 τὸν
1535 251 1615 280 αὐτὸν
1634 251 1733 288 τρόπον
1755 250 1802 278 καὶ
1817 250 1835 286 ὴ
1851 250 1901 276 Δα-

262 306 428 341 rosolymam
445 307 534 334 denuo
545 306 713 338 excitarunt,
725 310 806 339 atque
820 304 961 339 regionem
975 303 1051 330 inco-

262 351 296 379 lis
311 351 496 386 repleverunt.
521 352 554 379 ad
568 351 692 379 eumdem
716 350 823 377 modum
838 353 866 377 et
881 349 1031 376 Damascus
1044 368 1052 380 .

262 398 308 426 illa
323 406 451 433 perpessa
466 419 473 430 ,
490 406 549 433 qua;
577 398 605 425 in
632 397 774 432 prophetia
795 395 932 427 feruntur,
955 402 1053 422 rursus

264 444 291 471 in
306 444 430 479 sequenti
446 449 567 478 tempore
581 446 685 470 structa
697 441 747 468 fuit
758 461 765 474 ,
786 441 823 468 ita
849 444 878 468 ut
892 440 965 475 regia
977 441 1055 468 sedes

265 490 293 517 in
306 496 338 516 ea
353 489 452 517 iterum
466 493 628 524 poneretur.

301 546 311 562 ι
330 536 362 563 Ει
377 544 429 563 non
445 536 514 562 ultra
534 542 647 570 regnum
662 535 688 561 in
704 535 836 562 Damasco
851 540 858 560 :
877 538 904 560 et
915 533 1054 560 residuum

264 583 409 618 Syrorum.
425 591 434 607 ι
449 581 511 608 llzec
525 581 651 608 dicuntur
665 580 741 615 quasi
759 579 908 606 Damascus
918 582 1056 613 superstes

265 629 372 663 quidem
387 627 476 654 futura
489 627 533 660 sit,
546 626 595 654 sed
611 633 663 653 neu
678 625 781 652 munita
798 629 827 652 et
841 624 914 659 regni
931 628 1011 658 caput
1026 629 1056 651 ut

265 674 339 701 olim.
353 673 471 701 Possunt.
485 673 549 700 item
570 671 623 698 alio
640 671 721 698 modo
746 671 802 697 hzec
828 670 887 697 loca
911 670 1055 705 explicari,

266 720 343 754 quasi
359 719 464 747 scilicet
478 718 619 752 prophetia
633 716 760 744 Damasci
783 716 880 744 incolis
901 716 1056 751 depressio-

266 774 328 794 nem
341 770 367 793 et
384 765 516 800 privatam
532 764 614 790 vitam
635 762 809 797 praenuntiet.
824 761 863 788 lta
880 762 952 789 enim
967 762 1057 790 dicere

266 812 387 840 solemus
403 811 537 838 excidisse
558 809 668 836 divitem
679 827 686 840 .
702 815 764 835 eum
784 808 810 835 in
825 812 978 835 extremam
993 815 1057 842 pau-

265 864 400 894 pertatem
413 857 568 889 devenerit;
582 855 764 889 similiterque
777 854 866 881 virum
882 854 1056 885 honoratum.

265 913 328 932 cum
345 904 474 939 dignitate
495 910 544 930 sua
565 901 696 937 spoliatus
719 901 810 928 fuerit.
828 899 886 927 Non
902 900 974 928 enim
989 907 1057 935 pne—

266 951 384 980 stantior
400 955 427 977 tu
443 957 473 977 es
490 949 553 976 ﬁliis
570 949 653 976 Israel
685 952 712 974 et
727 947 812 982 gloria
827 954 933 974 eorum.
951 946 1019 974 Nam
1036 947 1058 974 si

266 995 313 1024 ille
323 995 387 1023 olim
400 994 514 1030 populus
526 994 574 1021 Dei
584 997 768 1027 nuncupatus,
776 997 928 1020 memorato
939 996 1059 1027 tempore

268 1041 398 1077 dignitate
408 1047 457 1068 sua
470 1039 594 1074 lapsurus
607 1038 782 1073 est,pristlna
796 1037 925 1065 libertate
937 1041 965 1065 et
976 1044 1060 1073 regno

267 1087 436 1124 spoliandus,
459 1093 512 1114 non
524 1089 566 1113 est
582 1084 654 1120 quod
669 1089 697 1112 tu
714 1083 864 1112 Damascus
878 1084 911 1111 de
924 1083 984 1118 pari
993 1090 1058 1111 casu

267 1134 429 1170 indigneris.

304 1228 386 1255 Vsus.
398 1227 425 1254 4,
437 1235 447 1252 ‹
463 1225 525 1252 Haec
535 1225 601 1253 dicit
611 1224 742 1252 Dominus
753 1223 871 1252 Sabaoth
886 1233 892 1251 :
905 1223 964 1252 Erit
975 1224 1002 1252 in
1015 1224 1060 1252 die

268 1274 314 1302 illa
334 1278 364 1301 ut
382 1272 489 1300 deﬁciat
505 1271 589 1306 gloria
610 1270 693 1298 Jacob
704 1290 712 1302 ,
726 1274 753 1298 et
769 1270 877 1306 pinguia
890 1270 982 1306 gloriae
1001 1269 1060 1304 eius

269 1321 503 1345 commoveantur.
521 1325 529 1342 ι
547 1315 581 1342 Ει
595 1314 797 1341 animadvertas
809 1313 903 1346 velim,
923 1321 983 1341 eum
1005 1321 1059 1340 non

269 1362 391 1390 funditus
403 1360 593 1388 destruendam
603 1364 722 1394 gentem,
730 1361 776 1387 sed
789 1364 891 1387 tantum
903 1360 996 1395 gloria
1006 1360 1060 1395 pri-

270 1409 351 1437 stinae
362 1407 497 1443 jacturam
514 1406 572 1434 fore
588 1405 753 1441 signiﬁcare.
765 1405 878 1438 Pinguia
891 1414 956 1434 vero
967 1406 1060 1440 gloriae

270 1455 352 1490 prisci
378 1454 450 1481 illius
467 1453 570 1489 populi,
588 1456 666 1480 erant
686 1451 868 1479 sacerdotium
883 1456 912 1479 et
935 1459 1059 1487 regnum,

270 1508 379 1528 sacrum
393 1500 457 1527 item
482 1498 616 1526 canticum
638 1502 666 1524 et
689 1496 779 1524 cultus
799 1497 947 1524 secundum
972 1496 1059 1531 legem

270 1546 420 1582 praestitus,
436 1543 614 1579 prophetandi
636 1541 723 1577 gratia
742 1547 767 1569 et
783 1542 870 1577 gentis
889 1541 1012 1574 libertas,
1028 1549 1060 1568 ae

272 1595 294 1621 si
319 1602 372 1629 qua
391 1593 443 1620 alia
468 1599 550 1628 penes
569 1590 709 1618 Judaicam
734 1594 840 1624 gentem
866 1589 1058 1616 habebantur:

273 1648 332 1676 quae
346 1639 489 1667 coul‘ertim
503 1636 683 1665 concutienda
692 1639 719 1663 et
733 1635 883 1662 amovenda
899 1634 957 1662 l'ore
972 1641 1060 1661 sermo

271 1685 403 1721 praedicit.

310 1732 392 1760 Vsus.
406 1731 433 1763 5,
449 1731 475 1758 6.
495 1739 504 1755 ι
525 1730 558 1757 Et
572 1730 626 1757 erit
640 1727 867 1764 quemadmodum
890 1727 914 1754 si
933 1727 994 1762 quis
1008 1726 1063 1754 col—

273 1777 370 1812 legerit
387 1783 500 1803 messem
522 1779 654 1807 stantem,
669 1778 698 1801 et
714 1780 806 1800 semen
830 1773 968 1807 spicarum
990 1779 1062 1799 mes-

274 1824 367 1852 suerit.
383 1823 416 1850 Et
429 1823 481 1849 erit
498 1821 724 1857 quemadmodum
739 1821 761 1848 si
775 1821 836 1856 quis
855 1819 996 1855 collegerit
1009 1819 1064 1854 spi-

274 1878 321 1898 cas
338 1870 364 1897 in
376 1869 447 1896 valle
458 1876 565 1904 aspera,
578 1873 606 1895 et
623 1868 732 1895 relictus
741 1867 822 1893 fuerit
835 1866 860 1893 in
877 1874 908 1893 ea
921 1865 1035 1893 culmus.
1052 1875 1061 1890 ι

275 1916 350 1945 Sicut
365 1912 437 1944 enim
458 1917 484 1943 in
502 1922 590 1943 messe
605 1914 772 1949 colliguntur
784 1914 893 1948 quidem
911 1912 1004 1947 spicae,
1021 1919 1064 1939 re.

275 1964 405 1998 linquitur
416 1967 506 1989 tamen
526 1962 552 1988 in
566 1968 631 1996 agro
641 1960 747 1987 culmus
761 1959 852 1986 tenuis
865 1967 872 1991 ;
897 1959 932 1985 ita
946 1958 1064 1985 futurum

276 2011 313 2038 ait
327 2009 468 2037 Judaicum
479 2007 619 2043 populum,
631 2014 714 2042 penes
725 2014 806 2042 quem
820 2005 902 2041 spicae:
913 2004 978 2032 olim
993 2009 1066 2032 stan-

275 2061 317 2083 tes
332 2055 514 2086 succidentur,
525 2054 654 2088 solusque
668 2052 838 2086 relinquetur
854 2051 968 2079 culmus.
987 2050 1065 2083 Quod

276 2104 299 2130 si
317 2102 379 2137 quis
392 2101 461 2137 apud
477 2108 524 2128 eos
537 2100 688 2135 reperiatur
700 2098 902 2125 existimatione
916 2097 1026 2132 dignus,
1042 2097 1065 2124 is

275 2148 478 2183 comparabitur
498 2147 589 2182 spicae,
612 2153 665 2173 non
689 2146 716 2172 in
733 2144 863 2178 planitie,
883 2144 930 2171 sed
948 2143 975 2170 in
993 2143 1066 2170 valle

277 2195 350 2222 sicea
369 2198 398 2221 et
420 2199 515 2227 aspera
537 2190 670 2219 nascenti.
692 2189 825 2217 Caeterum
845 2188 920 2224 spica
951 2188 1066 2216 indicari

276 2246 342 2276 puto
353 2240 466 2268 chorum
481 2237 675 2273 discipulorum
690 2235 953 2272 etevangelistarum
970 2235 1066 2263 Salva-

1108 300 1222 336 μασκδς,
1241 300 1365 327 παθοῦσα
1378 300 1438 326 τότε
1454 299 1487 326 τὰ
1498 298 1550 325 ὑπὸ
1560 298 1609 333 τῆς
1625 296 1794 333 προφητείας
1807 295 1902 322 θεσπι-

1107 347 1214 378 σθέντα,
1235 346 1312 379 αὖθις
1327 348 1356 373 ἐν
1372 348 1429 379 τοῖς
1452 346 1521 382 μετὰ
1546 344 1633 372 ταῦτα
1646 344 1752 381 χρόνοις
1766 342 1900 378 ἀνῳκοδό-

1109 403 1186 430 μητο,
1202 394 1240 425 ὡς
1255 394 1300 421 καὶ
1313 393 1447 428 βασίλειον
1463 393 1491 419 ἐν
1509 392 1577 427 αὐτῇ
1592 391 1722 426 συστῆναι
1736 389 1827 416 πάλιν.

1146 543 1154 558 ι
1176 533 1230 560 Καὶ
1244 532 1334 559 οὐκέτι
1349 531 1471 566 βασιλεία
1490 531 1519 556 ὲν
1532 528 1680 564 Δαμασκῷθ
1702 527 1748 554 καὶ
1762 527 1793 554 τὺ
1815 525 1903 553 κατά-

1107 580 1199 606 λοιπον
1213 577 1268 605 τῶν
1279 577 1383 613 Σύρων.
1407 586 1415 602 ι
1436 576 1479 607 Ὠς
1495 575 1549 609 γὰρ
1571 573 1722 609 μελλούσης
1746 572 1795 608 μὲν
1816 570 1902 606 αὐτῆς

1107 625 1226 656 ἔσεσθαι,
1238 625 1269 651 οὐ
1283 623 1336 659 μὴν
1351 623 1398 650 καὶ
1415 622 1515 658 ὀχυρᾶς
1530 620 1601 648 κατὰ
1616 621 1646 647 τὸ
1663 619 1777 647 παλαιὸν
1791 626 1904 653 γενησο-

1109 671 1203 708 μένης,
1227 671 1287 697 οὐδὲ
1308 669 1503 705 βασιλευούσης
1523 667 1609 695 ταῦτα
1626 667 1743 703 εἴρηται.
1772 666 1850 692 Ἐστι
1873 665 1903 692 δὲ

1108 717 1156 744 καὶ
1172 716 1259 748 ἄλλως
1274 715 1413 742 ὲπιῦαλεῖν
1426 715 1481 746 τοῖς
1492 714 1596 746 τόποις,
1617 713 1654 745 ὡς
1670 714 1720 748 τῆς
1735 711 1903 748 προφητείας

1108 763 1272 789 ταπείνωσιν
1285 763 1340 793 τοῖς
1356 762 1495 797 οἰκήτορσι
1514 759 1668 796 Δαμασκοῦ,
1683 759 1729 786 καὶ
1739 758 1795 794 βίον
1808 758 1904 784 ἰδιωτι-

1108 809 1156 835 κὸν
1170 806 1430 844 προαναφωνοὺσης.
1445 806 1523 833 Οὕτω
1537 804 1603 839 γοῦν
1611 804 1744 840 εἰώθαμεν
1757 803 1846 838 λέγειν
1862 803 1904 829 ὲκ-

1109 853 1280 881 πεπτωκέναι
1301 853 1346 880 τδν
1364 852 1499 885 πλούσιον,
1508 851 1618 878 ἐπειδάν
1635 851 1672 882 εἰς
1688 850 1805 885 ἐσχάτην
1819 849 1903 885 ἐλάσῃ

1111 899 1216 927 πενίαν·
1239 899 1345 926 καὶτὸν
1361 898 1480 934 ἔντιμον,
1502 897 1611 925 ἐπειδὰν
1627 894 1657 924 οὗ
1681 898 1804 932 μετεῖχεν
1823 896 1904 929 ἀξιώ-

1112 954 1195 980 ματος
1213 944 1344 980 στερηθῇ.
1362 944 1399 971 Οὺ
1417 943 1470 979 γὰρ
1487 943 1519 969 σὺ
1534 941 1647 978 βελτίων
1657 939 1683 968 εἴ
1701 941 1754 968 τῶν
1768 941 1834 967 υἱῶν
1854 941 1905 967 Ἰσ-

1112 992 1180 1027 ραὴλ
1198 991 1305 1026 καὶτῆς
1319 991 1398 1026 δόξης
1416 990 1515 1017 αὐτῶν.
1534 989 1565 1016 El
1578 989 1634 1025 γὰρ
1649 990 1663 1016 ὁ
1677 989 1760 1016 πάλαι
1777 988 1824 1015 τοῦ
1836 988 1904 1014 Θεοῦ

1110 1035 1286 1072 χρηματίζων
1300 1036 1363 1068 λαὸς
1378 1037 1406 1062 ὲν
1420 1036 1476 1067 τοῖς
1488 1035 1645 1070 λεγομένοις
1660 1034 1766 1070 χρόνοις
1781 1034 1906 1060 ἐκπεσεῖ-

1110 1091 1155 1110 ται
1169 1082 1216 1109 τοῦ
1230 1082 1330 1110 οἰκείου
1343 1081 1510 1117 ἀξιώματος,
1519 1080 1626 1116 καὶτῆς
1646 1081 1729 1108 πάλαι
1742 1081 1806 1116 παρ’
1814 1080 1906 1110 αὐτοῖς

1111 1129 1323 1165 πολιτευομένης
1343 1128 1507 1163 αὐτονομίας
1529 1127 1576 1154 καὶ
1599 1126 1747 1162 βασιλείας·
1759 1126 1788 1152 οὐ
1805 1125 1859 1161 χρή
1877 1133 1906 1151 σε

1110 1175 1160 1212 τὴν
1176 1175 1321 1211 Δαμασκὸν
1336 1174 1371 1201 τὰ
1380 1175 1461 1210 ὅμοια
1478 1173 1634 1208 πάσχουσαν
1643 1171 1815 1206 ἀγανακτεῖν.

1146 1233 1156 1249 ε
1173 1222 1243 1250 Τάδε
1259 1222 1334 1256 λέγει
1349 1220 1452 1256 Κύριος
1470 1219 1594 1246 Σαὸαώθ’
1611 1219 1706 1245 Ἔσται
1723 1219 1752 1244 ὲν
1767 1218 1800 1253 τῇ
1814 1217 1907 1252 ἡμέρᾳ.

1111 1269 1202 1305 ἐκείνῃ
1216 1267 1335 1302 ἔκλειψις
1350 1267 1400 1302 τῆς
1419 1264 1497 1300 δόξης
1523 1263 1630 1291 ’1ακώ6’
1653 1263 1700 1290 καὶ
1714 1263 1747 1290 τὰ
1762 1262 1843 1289 πίονα
1858 1262 1908 1296 τῆς

1111 1316 1189 1351 δόξης
1205 1314 1288 1341 αὐτοῦ
1306 1313 1489 1348 σεισθήσεται.
1509 1319 1517 1335 ι
1536 1310 1591 1336 Καὶ
1610 1309 1660 1336 θέα
1675 1310 1747 1340 ὖπως
1763 1308 1814 1335 οὐκ
1830 1307 1908 1334 ἀναί-

1113 1370 1187 1398 ρεσιν
1208 1360 1327 1396 παντελῆ
1342 1359 1389 1386 τοῦ
1413 1358 1506 1388 ἔθνους
1526 1356 1664 1391 σημαίνει,
1681 1354 1750 1382 ἀλλὰ
1765 1354 1814 1388 τῆς
1826 1352 1906 1387 δόξης

1111 1409 1211 1441 αὐτῶν,
1228 1406 1261 1444 ἧς
1277 1407 1400 1443 μετεῖχον
1424 1405 1565 1442 πρότερον,
1581 1403 1750 1436 καθαίρεσιν.
1770 1400 1856 1426 Πίονα
1877 1399 1908 1425 δὲ

1110 1453 1145 1491 ἦν
1159 1455 1209 1491 τῆς
1231 1454 1276 1482 τοῦ
1288 1453 1422 1490 προτέρου
1444 1451 1510 1478 λαοῦ
1525 1450 1631 1485 δόξηςὴ
1648 1447 1792 1484 ἱερωσύνη,
1819 1446 1866 1491 καὶ,
1890 1445 1908 1480 ἡ

1112 1490 1247 1537 βασιλεία,
1263 1499 1293 1526 τό
1308 1508 1337 1525 τε
1359 1499 1436 1532 ἅγιον
1451 1495 1528 1533 ᾆσμα
1551 1495 1597 1522 καὶ
1616 1495 1632 1529 ή
1656 1493 1726 1521 κατὰ
1745 1492 1845 1527 νόμους
1859 1490 1907 1516 λα-

1111 1547 1199 1584 τρεία,
1211 1547 1228 1582 ἦ
1242 1555 1273 1572 τε
1288 1545 1443 1581 προφητικὴ
1454 1544 1544 1579 χάρις.
1559 1541 1606 1569 καὶ
1623 1541 1640 1575 ἡ
1653 1539 1699 1566 τοῦ
1714 1538 1807 1569 ἔθνους
1824 1537 1901 1563 ὲλευ-

1112 1594 1200 1630 θερία,
1217 1593 1265 1620 καὶ
1279 1593 1329 1619 ὅσα
1349 1592 1416 1619 ἄλλα
1438 1591 1513 1627 παρὰ
1530 1589 1570 1625 τῷ
1589 1587 1724 1615 Ἰουδαίων
1738 1585 1820 1612 ἔθνει·
1836 1585 1909 1619 ἅπερ

1115 1640 1218 1676 ἀθρόως
1234 1636 1435 1675 σεισθήσεσθαι,
1451 1637 1499 1663 καὶ
1513 1634 1652 1665 παντελῶς
1672 1631 1807 1665 ἐκλείψειν
1835 1638 1904 1666 προ-

1115 1684 1242 1720 αγορεύει
1264 1684 1278 1710 ὁ
1299 1683 1387 1716 λόγος.

1155 1741 1165 1757 ί
1184 1731 1240 1758 Καὶ
1258 1730 1335 1757 ἔσται
1356 1729 1385 1756 ὂν
1406 1729 1506 1764 τρόπον
1520 1727 1567 1754 ἐάν
1583 1734 1626 1757 τις
1645 1724 1786 1760 συναγάγῃ
1805 1722 1910 1758 άμητὸν

1116 1775 1260 1812 ἑστηκότα,
1287 1775 1334 1801 καὶ
1359 1773 1469 1809 σπέρμα
1489 1771 1614 1807 σταχύων
1630 1771 1733 1806 ἀμήσῃ.
1755 1769 1812 1795 Καὶ
1833 1767 1909 1793 ἔσται

1115 1823 1145 1850 ὃν
1162 1822 1260 1857 τρόπον
1273 1821 1320 1847 ἐάν
1333 1829 1376 1851 τις
1394 1819 1535 1855 συναγάγῃ
1551 1817 1651 1852 στάχυν
1670 1817 1699 1842 ὲν
1712 1815 1834 1850 φάραγγι
1850 1821 1910 1840 ατε·

1118 1871 1176 1906 ρεᾷ,
1193 1869 1241 1896 καὶ
1251 1867 1418 1902 καταλειφθῇ
1435 1867 1463 1892 ὲν
1484 1865 1553 1899 αὐτῇ
1571 1863 1691 1898 καλάμη.
1713 1871 1722 1887 ›
1738 1862 1782 1892 Ὠς
1801 1860 1855 1896 γάρ
1880 1860 1909 1885 ἐν

1116 1905 1215 1952 ἇμητῷ
1238 1914 1398 1948 συνάγονται
1413 1912 1461 1947 μὲν
1475 1912 1499 1937 oi
1525 1910 1650 1944 στάχυες,
1668 1906 1862 1934 καταλείπεται
1881 1905 1910 1930 6's

1117 1951 1146 1989 ἐν
1160 1963 1193 1997 τῇ
1207 1961 1284 1996 χώρᾳ
1310 1959 1421 1994 καλάμη
1444 1957 1519 1992 ψιλή·
1539 1956 1610 1982 οὓτω
1628 1954 1709 1990 φησὶν
1733 1951 1842 1979 ἔσεσθαι
1865 1951 1911 1977 τὸν

1124 2008 1257 2036 Ἰουδαίων
1285 2006 1359 2038 λαὸν,
1377 2003 1570 2039 ἀποτμηθέντα
1590 2001 1639 2037 μὲν
1662 1999 1716 2027 τῶν
1736 1998 1820 2025 πάλαι
1844 1997 1909 2032 παρ’

1117 2055 1209 2085 αὐτοῖς
1221 2052 1355 2087 σταχύων,
1370 2050 1454 2086 μόνης
1470 2049 1498 2075 δὲ
1511 2048 1561 2083 τῆς
1572 2046 1699 2081 καλάμης
1711 2046 1739 2071 ὲν
1753 2044 1845 2074 αὐτοῖς
1861 2051 1910 2069 κα-

1117 2097 1316 2133 ταλειφθείσης.
1343 2096 1374 2122 Εἰ
1398 2095 1426 2120 δὲ
1449 2093 1495 2120 καί
1515 2092 1566 2118 πού
1586 2099 1629 2123 τις
1649 2089 1747 2125 εὑρεθῇ
1771 2089 1800 2114 ὲν
1819 2087 1909 2117 αὐτοῖς

1118 2145 1191 2178 ἄξιος
1207 2144 1298 2178 λόγου,
1323 2140 1564 2176 παραϐληθήσεται
1578 2134 1655 2168 οὗτος
1669 2135 1774 2170 στάχυϊ,
1795 2133 1856 2168 οὐχὶ
1881 2134 1910 2159 ἐν

1117 2191 1156 2228 τῷ
1168 2191 1250 2226 πεδίῳ
1269 2189 1358 2224 φύντι,
1380 2187 1437 2214 ἀλλ’
1457 2187 1486 2212 ὲν
1507 2184 1608 2212 κοιλάδι
1629 2183 1674 2210 καὶ
1693 2183 1814 2218 φάραγγι
1825 2187 1910 2207 κατα-

1120 2225 1193 2275 ξηρῳ
1217 2225 1265 2264 καὶ
1288 2234 1395 2271 στερεᾷ.
1417 2231 1567 2268 Δηλοῦσθαι
1586 2230 1616 2257 δὲ
1632 2227 1708 2265 οἶμαι
1722 2227 1766 2254 διὰ
1781 2225 1829 2253 τοῦ
1845 2226 1910 2252 στάιι

278 2287 346 2315 toris
376 2286 481 2317 nostri,
508 2271 628 2320 deique
656 2283 812 2320 superius"
843 2283 1021 2316 dicebatur,t
1038 2282 1058 2309 Ε

1201 2283 1246 2309 τὸν
1258 2281 1337 2317 χορὸν
1353 2279 1407 2306 τῶν
1421 2278 1469 2305 τοῦ
1484 2277 1610 2312 Σωτῆρος
1624 2275 1703 2311 ἡμῶν
1720 2272 1849 2310 μαθητῶν
1865 2271 1911 2298 καὶ

259 2350 263 2356 ι
278 2335 332 2362 nisi
344 2334 472 2362 Dominus
482 2331 602 2360 Sabaoth
613 2331 769 2366 reliquisset
783 2330 860 2358 nobis
870 2338 975 2362 semen,
986 2329 1064 2365 quasi

279 2381 396 2409 Sodoma
412 2378 568 2410 fuissemus.
583 2383 609 2406 et
623 2378 700 2413 quasi
717 2377 871 2405 Gomorrha
884 2376 987 2404 similes
1000 2375 1064 2404 facti

279 2433 410 2454 essemus.
430 2434 439 2451 ›

316 2528 326 2545 ι
344 2519 398 2546 Aut
413 2522 539 2552 tanquam
556 2523 640 2552 grana
657 2515 736 2544 oliva!
748 2515 801 2542 duo
817 2513 859 2541 vel
876 2513 926 2540 tria
945 2513 977 2540 ad
997 2520 1068 2540 sum-

278 2566 399 2593 mitatem
421 2563 575 2594 sublimem.
594 2562 635 2589 vel
656 2567 772 2596 quatuor
786 2559 826 2587 vel
843 2559 963 2594 quinque
981 2559 1007 2586 in
1023 2566 1066 2585 ra-

279 2611 331 2638 mis
350 2618 444 2637 eorum
468 2609 562 2636 relicta
583 2607 693 2635 fuerint.
711 2616 721 2632 ι
742 2605 858 2633 Tantam
881 2605 981 2640 quippe
1008 2604 1068 2631 fore

279 2658 317 2684 ait
329 2655 487 2690 eorum.qui
499 2662 533 2682 ex
547 2653 645 2682 lsraele
657 2653 816 2687 superstites
828 2656 917 2682 erunt,
928 2651 1066 2677 raritatem

279 2706 306 2730 in
325 2709 465 2739 tempore,
481 2703 551 2738 quod
572 2702 598 2729 in
621 2699 760 2736 prophetia
784 2704 903 2730 notatur,
930 2703 957 2724 ut
972 2705 1067 2724 omnes

280 2749 361 2783 spiczr
377 2749 422 2776 uni
441 2747 592 2782 comparari
610 2745 715 2781 possint
731 2753 738 2777 ;
762 2751 809 2771 eos
826 2748 916 2771 autem
933 2744 976 2778 qui
998 2750 1066 2778 prat-

282 2795 429 2822 stautiores
443 2795 514 2828 apud
530 2793 590 2820 illos
601 2797 700 2824 erunt,
718 2790 775 2818 fore
793 2789 872 2825 quasi
887 2791 939 2817 duo
957 2789 998 2816 vel
1016 2789 1067 2815 tria

280 2848 365 2876 grana
382 2840 458 2867 olivae
482 2840 508 2867 iu
525 2839 682 2867 summitate
704 2837 824 2866 sublimi.
841 2835 925 2870 Qucis
942 2835 1067 2864 subindi—

308 2929 333 2946 ’⁸
346 2927 410 2964 Cap.
424 2936 442 2962 ι,
461 2936 530 2956 vers.
550 2928 576 2955 9.

1119 2318 1327 2364 εθαγγελιστῶν,
1340 2326 1404 2361 περὶ
1420 2321 1450 2351 οὗ
1465 2324 1513 2351 καὶ
1520 2324 1548 2350 ὲν
1557 2323 1613 2353 τοῖς
1624 2319 1778 2356 ἔμπροσθεν
1791 2318 1909 2352 ἐλέγετο·

1124 2386 1133 2402 ι
1148 2363 1203 2402 κει
1216 2373 1287 2410 εἰμὴ
1303 2371 1404 2408 Κύριος
1419 2368 1532 2396 Σαϐαὼθ
1549 2366 1727 2401 ἐγκατέλιπεν
1745 2365 1811 2400 ἡμῖν
1827 2363 1910 2398 σπέρ-

1123 2431 1170 2458 μα,
1185 2421 1222 2452 ὡς
1237 2419 1342 2455 Σόδομα
1357 2418 1390 2444 ἂν
1410 2415 1592 2451 ἐγενήθημεν,
1614 2413 1661 2440 καὶ
1678 2412 1716 2443 ὼς
1731 2410 1858 2446 Γόμορρα
1879 2409 1911 2435 ἂν

1121 2464 1249 2501 ὡμοιώθη
1255 2472 1314 2499 μεν.
1334 2473 1343 2488 ι

1160 2521 1169 2536 ‹
1190 2511 1225 2537 Ἢ
1240 2510 1278 2541 ὡς
1290 2509 1376 2545 ρῶγες
1392 2506 1484 2538 ἐλαίας
1506 2505 1552 2532 δύο
1567 2504 1584 2540 ἢ
1602 2505 1676 2538 τρεῖς
1691 2503 1733 2530 ἐπ’
1749 2502 1834 2537 ἄκρου
1864 2508 1909 2536 με·

1121 2557 1234 2593 τεώρου,
1252 2555 1269 2591 ἢ
1284 2554 1425 2589 τέσσαρες,
1444 2551 1460 2587 ἢ
1482 2550 1561 2577 πέντε
1576 2550 1622 2576 ἐπὶ
1635 2548 1689 2575 τῶν
1707 2548 1811 2574 κλάδων
1824 2545 1912 2573 αὐτῶν

1121 2591 1330 2636 καταλειφθῶσι.
1353 2609 1362 2625 ›
1375 2597 1514 2632 Τοσαύτην
1526 2596 1580 2631 γάρ
1595 2602 1676 2629 φησιν
1691 2592 1800 2619 ἔσεσθαι
1814 2591 1912 2618 σπάνιν

1121 2649 1174 2676 τῶν
1187 2649 1220 2674 ἐκ
1234 2647 1281 2674 τοῦ
1301 2644 1409 2680 Ἰσραὴλ
1426 2642 1623 2678 σωθησομένων
1639 2639 1710 2666 κατὰ
1723 2639 1786 2670 τοὺς
1800 2637 1911 2674 χρόνους

1120 2695 1167 2727 οὓς
1213 2692 1364 2729 προφητεία
1382 2689 1520 2726 σημαίνει,
1533 2688 1570 2719 ὡς
1578 2687 1618 2714 ἑνὶ
1630 2687 1725 2721 στάχυϊ
1741 2683 1911 2720 παραϐάλλε-

1123 2741 1184 2768 σθαι
1197 2740 1260 2771 τοὺς
1277 2739 1388 2768 πάντας·
1401 2736 1464 2767 τοὺς
1477 2734 1504 2761 δὲ
1514 2734 1543 2760 ὲν
1555 2731 1809 2766 αὑτοῐςὲξαιρέτους
1820 2729 1909 2756 τοσού-

1121 2795 1182 2818 τους
1211 2785 1319 2812 ἓσεσθαί
1340 2791 1426 2813 τινας1
1446 2781 1540 2816 ὥσπερ
1562 2780 1586 2806 εί
1608 2778 1699 2814 ῥῶγας
1721 2776 1814 2807 ἐλαίας
1827 2775 1873 2801 δύο
1895 2774 1912 2810 ἢ

1121 2834 1195 2869 τρεῖς
1221 2831 1283 2862 τοὺς
1310 2830 1352 2856 ἐπ’
1372 2828 1459 2864 ἄκρου
1484 2825 1632 2862 μετεώρου,
1659 2821 1844 2858 αἰνιττομένου
1866 2819 1912 2846 τοῦ
