2044 3215
146 188 198 218 209

623 194 877 226 COMMENTARIA
897 199 930 227 IN
951 200 1079 229 ISAIAM.
1097 217 1132 223 —-
1150 202 1226 231 CAP.
1247 203 1331 233 XVII.

1724 211 1741 234 ‘z
1746 212 1784 235 ΗΥ

146 247 226 281 λόγου
246 246 310 278 τοὺς
322 247 490 283 ἀκροτάτους
501 249 554 276 τῶν
570 249 737 285 ἀποστόλων,
753 253 800 286 οὒς
813 256 876 282 ποτὲ
889 257 927 292 μὲν

989 265 1087 286 cantur
1100 260 1284 294 apostolorum
1300 260 1440 296 prtecipui,
1451 268 1521 295 quos
1535 261 1682 296 aliquando
1698 264 1777 292 binos

147 290 217 317 κατὰ
232 291 361 325 συζυγίαν
374 294 387 319 ό
399 294 492 329 Σωτὴρ
510 297 715 331 προσεκαλεῖτο,
731 300 794 326 ποτε
812 301 839 327 δὲ
853 304 934 336 τρεῖς-

146 337 192 368 vi);
208 339 223 373 ἡ
240 338 334 374 Γραφὴ
347 339 392 365 τοῦ
408 341 573 374 Εὑαγγελίου
582 342 717 370 ἐκλεκτῶν
730 346 936 383 ἑκλεκτοτέρους

145 385 286 419 εἰσήγαγε·
305 386 376 420 λέγω
390 387 421 422 δὴ
444 388 546 423 Πέτρον
564 391 609 416 καὶ
634 391 761 418 Ἰάκωϐον
783 394 830 419 καὶ
851 395 937 420 Ἰωάν-

145 440 203 467 νην,
220 431 266 463 oi‘;
286 433 331 459 ἐπὶ
346 434 375 459 τὸ
397 435 458 469 ὅρος
474 436 596 470 ἀνήγαγε
618 438 724 472 μόνους,
747 440 935 474 ἱστορήσοντας

146 479 194 512 τὴν
208 479 418 514 μεταμάρφωσιν
428 482 520 513 αὑτοῦ,
532 483 578 508 καὶ
594 484 639 509 ἐπὶ
656 484 704 519 τῆς
714 485 934 521 ἀναϐιωσκούσης

146 524 280 560 θυγατρὸς
303 525 349 551 τοῦ
369 526 594 562 ἀρχισυναγώγου
614 530 750 564 παρέλαϐε
771 532 835 566 (‘20).
857 533 888 558 Οἱ
907 533 934 558 δὲ

144 571 232 599 λοιποὶ
245 573 320 607 παρὰ
337 574 399 605 τοὺς
417 576 490 609 τρεῖς
504 575 613 607 τούτους
631 578 654 602 οἱ
671 577 800 612 τέσσαρές
816 579 867 604 εἰσι
889 579 934 605 καὶ

144 617 235 649 πέντε,
252 618 298 644 καὶ
316 619 377 650 τοὺς
391 620 527 657 τέσσαρας
547 623 593 648 καὶ
618 625 679 655 τοὺς
700 625 789 657 πέντε,
804 626 869 652 δέκα
889 628 934 653 καὶ

143 662 279 697 τέσσαρας
293 664 399 698 ποιήσει
412 665 474 697 τοὺς
496 666 609 699 πάντας,
626 665 663 694 ὧν
679 668 784 696 δώδεκα
808 670 857 705 μὲν
873 672 934 703 τοὺς

142 707 268 742 πρώτους
291 709 454 743 ἀποστόλους
472 712 558 745 εἴποις
580 714 613 740 ἂν
626 712 706 746 εἶναι,
728 717 777 742 οὐκ
789 716 890 743 ἐλάττω
906 718 933 743 δὲ

142 754 232 780 αὐτῶν
250 755 298 791 τὴν
320 757 419 793 ἀρετὴν
441 759 556 792 Παῦλον,
583 762 628 787 καὶ
645 762 724 788 αὐτὸν
749 763 812 789 ὄντα
835 765 933 800 κλητὸν

141 799 300 834 ἀπόστολον,
326 802 372 828 καὶ
389 803 433 829 τὸν
458 804 584 832 Ἰάκωϐον
601 808 741 840 γεγονέναι
762 809 805 835 τὸν
822 810 933 844 ἀδελφὸν

141 845 186 871 τοῦ
207 846 319 882 Κυρίου,
335 848 364 879 ὃς
380 849 487 883 πρῶτος
500 851 649 884 ἐπίσκοπος
660 854 709 889 τῆς
741 855 933 891 Ἰεροσολύμων

148 891 309 926 Ἐκκλησίας
322 893 367 919 ὑπ’
383 895 463 921 αὑτοῦ
487 898 652 933 καταστῆναι
665 899 711 925 τοῦ
725 900 849 936 Σωτῆρος
867 911 933 937 μνη-

142 936 291 970 μονεύεται.
311 935 389 965 Οὗτοι
403 939 430 965 δὲ
448 942 547 974 πάντες
563 943 605 969 ἐπ’
621 944 705 980 ἄκρου
719 946 766 980 τῆς
775 946 876 978 ἐλαίας,
892 948 934 973 λέ-

141 990 179 1012 γω
191 982 223 1018 δὴ
233 983 282 1017 τῆς
305 984 439 1013 Ἰουδαίων
452 987 577 1023 διαδοχῆς
589 990 786 1025 εὑρημένοιδιὰ
798 993 851 1024 τῶν
862 993 930 1028 μετὰ

141 1028 232 1062 χεῖρας
250 1030 472 1064 μνημονεύονται.
485 1033 538 1058 Καὶ
549 1034 562 1059 ὀ
571 1033 640 1065 Baio;
650 1035 678 1061 δὲ
693 1036 853 1068 Ἀπόπτολος
860 1035 930 1064 οἶδεν

142 1072 218 1108 ἐλαίᾳ
241 1075 422 1109 παραϐάλλειν
441 1077 491 1112 τὴν
516 1079 590 1114 παρὰ
617 1081 701 1107 Ἰούδα
727 1082 860 1118 διαδοχὴν,
884 1085 930 1110 καὶ

144 1118 220 1152 ῥίζαν
244 1119 322 1154 ἁγίαν
344 1122 389 1148 καὶ
413 1123 549 1159 ἀπαρχὴν,
578 1126 624 1152 καὶ
646 1126 817 1155 καλλιελαίαν
846 1130 929 1164 αὐτὴν

143 1165 228 1192 καλεῖ.

177 1211 270 1258 ιντάδε
292 1212 365 1247 λέγει
382 1215 483 1250 Κύριος
510 1218 523 1243 ὁ
544 1218 609 1249 Θεὸς
646 1220 762 1255 Ἰσραήλ·
786 1222 823 1257 Τῇ
839 1224 929 1258 ἡμέρα

137 1257 226 1293 ἐκείνῃ
238 1259 375 1292 πεποιθὼς
391 1261 466 1288 ἔσται
486 1264 499 1289 ὁ
514 1263 656 1299 ἄνθρωπος
674 1266 719 1291 ἐπὶ
733 1267 771 1301 τῷ
787 1262 929 1303 ποιήσᾶντι

136 1303 227 1350 αὐτόν·
240 1305 265 1330 οἱ
279 1305 308 1332 δὲ
318 1306 451 1342 ὀφθαλμοὶ
465 1308 548 1336 αὑτοῦ
565 1311 605 1342 εἰς
618 1310 664 1337 τὸν
677 1311 754 1346 ἅγιον
762 1313 808 1339 τοῦ
823 1313 930 1350 Ἰσραὴλ

135 1349 326 1385 ὲμΰλέψονται·
356 1354 404 1380 καὶ
428 1354 459 1380 οὐ
488 1355 525 1391 μὴ
544 1356 703 1389 πεποιθότες
722 1355 788 1386 ὦσιν
807 1360 853 1386 ἐπὶ
872 1349 929 1392 τοῖς

135 1395 248 1430 βωμοῖς,
270 1397 332 1424 οὐδὲ
356 1398 403 1425 ἐπὶ
418 1401 474 1432 τοῖς
490 1400 581 1436 ἔργοις
597 1401 653 1429 τῶν
670 1403 770 1439 χειρῶν
786 1404 886 1438 αὐτῶν,
911 1405 929 1433 ἃ.

134 1440 266 1477 ἐποίησαν
279 1443 304 1469 οἰ
317 1443 444 1472 δάκτυλοι
460 1446 561 1473 αὐτῶν·
575 1446 633 1473 tm"
650 1447 756 1476 ἔσονται
768 1450 929 1483 πεποιθότες

133 1486 181 1514 ἐπὶ
193 1488 239 1515 τὸν
252 1488 329 1523 ἂγιον
339 1490 386 1517 τοῦ
403 1491 523 1528 Ἰσραήλ.
537 1493 592 1520 Καὶ
604 1494 654 1520 οὐκ
662 1494 772 1529 ὄψονται
784 1495 818 1523 τὰ
832 1496 928 1533 δένδρα

133 1534 225 1562 αὐτῶν
235 1536 296 1563 οὐδὲ
315 1536 351 1563 τὰ
373 1537 545 1574 βδελύγματα
559 1541 659 1567 αὐτῶν.
674 1541 713 1577 Τῇ
726 1542 818 1579 ἡμέρᾳ
837 1543 928 1579 ἐκείνῃ

132 1580 239 1609 ἔσονται
260 1583 288 1609 al
309 1583 400 1616 πόλεις
418 1593 464 1611 σου
477 1585 765 1623 ὲγκαταλελειμμέναι,
783 1589 812 1615 ὂν
828 1590 928 1626 τρόπον

989 305 1118 332 Servator
1139 306 1299 338 advocabat,
1317 306 1463 340 aliquando
1480 311 1580 339 ternos,
1601 315 1668 341 quos
1686 309 1774 335 Evan-

988 351 1047 384 gelii
1065 351 1208 385 scriptura
1231 351 1326 379 electis
1351 352 1494 379 electiores
1519 352 1638 385 inducit,
1665 353 1774 381 Petrum

988 396 1090 423 scilicet
1107 401 1133 423 et
1154 396 1282 424 Iacobum
1299 402 1326 424 et
1347 397 1476 423 Joannem
1488 418 1495 429 ,
1519 397 1591 424 solos
1607 398 1633 424 in
1655 404 1774 425 montem

987 443 1118 470 adductos
1130 463 1137 474 ,
1154 448 1183 469 ut
1205 443 1451 477 transﬁgurationis
1471 447 1639 476 speetatores
1662 449 1752 471 essent
1767 454 1773 471 :

987 496 1052 522 quos
1070 488 1133 515 item
1156 496 1217 515 cum
1237 488 1443 523 archisynagogi
1461 488 1542 515 ﬁliam
1557 488 1710 521 suscitavit,
1732 497 1775 516 sc-
1819 489 1823 492 ”

987 543 1046 561 cum
1061 534 1217 568 assumpsit.
1235 534 1267 560 Et
1288 533 1331 566 qui
1350 538 1410 568 post
1426 538 1480 560 tres
1498 534 1557 560 illos
1583 534 1681 560 residui
1699 540 1773 568 sunt,

986 585 1101 614 quatuor
1115 585 1177 606 sunt
1191 584 1217 606 et
1234 579 1363 613 quinque,
1375 586 1405 605 ac
1419 579 1467 606 hos
1483 583 1599 614 quatuor
1617 585 1640 606 ct
1656 580 1775 615 quinque

986 625 1018 651 ad
1043 633 1184 651 numerum
1204 624 1408 658 quatuordecim
1432 625 1546 652 deducet
1567 635 1573 652 :
1599 634 1631 652 ex
1659 634 1773 660 quorum

987 678 1099 697 numero
1125 671 1267 697 duodecim
1292 671 1400 704 quidem
1427 671 1529 704 primos
1559 672 1696 706 apostolos
1715 680 1774 700 esse

987 717 1069 747 dicas,
1086 721 1113 743 et
1132 716 1185 742 illis
1208 723 1259 742 non
1275 716 1374 743 virtute
1393 716 1523 743 minorem
1540 717 1670 748 Paulum,
1687 719 1732 753 qui
1747 723 1772 745 ct

987 763 1043 797 ipse
1050 762 1308 797 vocatusﬁapostolus
1317 767 1367 793 est,
1376 767 1404 789 ct
1414 762 1542 790 Jacobum
1559 765 1667 791 fratrem
1685 765 1772 791 Domi-

986 809 1023 841 ni,
1034 808 1078 843 qui
1092 808 1195 842 primtts
1218 807 1474 842 Hierosolymitanm
1492 810 1621 837 Ecclesiae
1633 811 1773 846 episcopus

986 855 1019 881 ab
1035 855 1091 888 ipso
1103 853 1244 881 Salvatore
1259 854 1424 882 constitutus
1440 861 1617 883 memoratur.
1633 857 1664 883 IIi
1681 865 1773 884 onmcs

987 901 1012 926 in
1026 901 1180 927 summitate
1189 900 1265 932 ale-1:,
1278 900 1403 928 videlicet
1414 899 1569 929 Judmorum
1582 903 1773 934 successionis,

950 957 970 983 Β
988 946 1084 980 reperti
1110 946 1136 972 in
1161 946 1286 979 prmsenti
1308 952 1505 974 memorantur.
1531 948 1644 975 Divinus
1666 956 1773 983 quoque

984 992 1128 1026 Apostolus
1142 991 1218 1019 Iudae
1232 992 1433 1020 successionem
1449 993 1515 1020 olcze
1535 995 1713 1029 comparavit,
1735 996 1775 1031 ip-

984 1045 1096 1072 samque
1113 1038 1228 1065 radicem
1248 1042 1380 1070 sanctam,
1401 1038 1536 1067 orimilias
1552 1045 1578 1067 et
1600 1041 1697 1067 bonam
1721 1041 1772 1068 oli-

983 1091 1044 1111 vattt
1059 1088 1147 1112 vocat.

1019 1220 1099 1248 Vsus.
1125 1222 1199 1248 7—10.
1223 1232 1231 1247 ί
1254 1222 1315 1250 Ιιιυο
1334 1223 1400 1250 dicit
1421 1223 1552 1250 Dominus
1573 1225 1642 1252 Deus
1669 1224 1771 1252 Israel:

984 1267 1010 1293 In
1028 1268 1070 1294 die
1086 1267 1129 1294 illa
1142 1268 1281 1295 conﬁdens
1295 1269 1347 1295 erit
1360 1269 1441 1296 homo
1454 1269 1480 1295 in
1496 1277 1539 1303 eo,
1553 1271 1598 1305 qui
1613 1271 1676 1298 fecit
1690 1279 1770 1299 cum:

982 1313 1053 1340 oculi
1070 1317 1159 1340 autem
1176 1313 1233 1348 ejus
1261 1315 1287 1342 in
1309 1319 1431 1342 sanctutn
1452 1315 1538 1342 Israel
1560 1316 1721 1351 respiciant:
1743 1322 1772 1345 et

983 1366 1035 1385 non
1051 1358 1218 1387 conﬁdentes
1231 1364 1311 1387 erunt
1327 1360 1352 1387 in
1371 1360 1522 1395 altaribus,
1541 1368 1627 1396 neque
1641 1362 1667 1389 in
1683 1362 1772 1397 operi-

983 1402 1032 1431 bus
1047 1411 1173 1431 manuum
1188 1412 1297 1432 suarum
1311 1425 1319 1437 ,
1333 1413 1394 1440 qua:
1415 1406 1540 1434 fecerunt
1557 1407 1633 1442 digiti
1656 1415 1748 1435 eorum
1762 1417 1769 1435 :

982 1449 1028 1476 sed
1044 1454 1125 1477 erunt
1141 1450 1310 1478 conﬁdentes
1322 1451 1348 1478 in
1366 1457 1461 1479 sancto
1476 1452 1568 1480 Israel.
1583 1453 1614 1480 Et
1628 1461 1681 1480 non
1698 1454 1771 1481 vidc-

982 1494 1047 1521 bunt
1069 1494 1180 1522 arbores
1198 1503 1291 1523 eorum
1308 1503 1358 1523 nec
1380 1497 1598 1526 abominationes
1620 1506 1722 1528 eorum.
1741 1499 1770 1527 In

982 1540 1025 1566 die
1040 1539 1083 1567 illa
1102 1544 1182 1567 erunt
1198 1540 1335 1568 derelictae
1357 1542 1438 1569 urbes
1461 1547 1524 1575 tuae,
1540 1543 1769 1577 quemadmodum

983 1586 1185 1620 dereliquerunt
1203 1585 1355 1614 Amorrltaei
1380 1592 1407 1614 et
1432 1586 1502 1614 Evati
1526 1595 1541 1614 a
1568 1588 1637 1616 facie
1652 1589 1769 1616 ﬁliorum

131 1627 279 1655 κατέλιπον
289 1629 315 1655 οἱ
338 1630 494 1667 Ἀμορραῖοι
505 1632 553 1659 καὶ
565 1634 589 1660 οἱ
603 1634 696 1661 Εὑαῖοι
713 1635 768 1662 ἀπὸ
785 1635 927 1671 προσώπου

984 1632 1074 1660 Israel.
1092 1632 1125 1660 Et
1141 1637 1220 1660 erunt
1234 1633 1364 1667 desertae,
1380 1634 1510 1669 quoniam
1527 1635 1671 1663 deseruisti
1686 1636 1769 1664 Deum

129 1671 188 1698 τῶν
204 1672 269 1699 υἱῶν
293 1674 409 1710 Ἰσραήλ.
440 1677 495 1703 Καὶ
511 1677 618 1705 ἔσονται
640 1679 755 1715 ἔρημοι,
774 1681 841 1708 διότι
862 1691 929 1709 κατ-

129 1716 225 1764 έλιπες
235 1720 280 1745 τὸν
289 1718 355 1746 Θεὸν
362 1720 407 1747 τὸν
426 1721 542 1758 Σωτῆρα
556 1732 614 1756 σου,
624 1725 671 1751 καὶ
686 1726 788 1761 Κυρίου
805 1727 852 1754 τοῦ
863 1728 927 1764 βοη-

129 1762 181 1790 θοῦ
192 1771 239 1789 σου
254 1765 304 1791 οὑκ
317 1766 465 1802 ἐμνήσθης.
481 1769 530 1795 Διὰ.
549 1770 628 1797 τοῦτο
645 1772 787 1806 φυτεύσεις
801 1762 927 1810 φύτευμα

128 1809 257 1842 ἄπιστον,
275 1811 321 1837 καὶ
349 1812 460 1849 σπέρμα
482 1814 606 1842 ἄπιστον.
623 1817 661 1853 Τῇ
679 1818 708 1844 δὲ
731 1818 832 1854 ἡμέρᾳ,
892 1820 926 1847 ἂν

128 1855 281 1892 φυτεύσῃς,
303 1858 472 1896 πλανηθήση.
486 1861 523 1888 Τὸ
536 1862 564 1888 δὲ
585 1863 659 1898 πρωῒ
675 1863 721 1890 ἐὰν
742 1855 866 1902 σπείρῃς,
879 1866 926 1892 ἀν-

129 1901 218 1949 θήσει.
226 1904 266 1935 είς
275 1904 390 1941 ἀμητὸν,
429 1906 461 1934 ἂν
470 1908 561 1944 ἡμέρᾳ.
572 1909 710 1947 κληρώση·
726 1912 773 1938 καὶ
786 1901 925 1949 ὡςγπατὴρ

127 1946 278 1983 ἀνθρώπου
303 1949 432 1987 κληρώσῃ
448 1954 505 1984 τοῖς
530 1954 597 1985 υἱοῖς
625 1962 681 1981 σου.
702 1965 711 1980 ι
730 1956 835 1992 Ὥσπερ
859 1946 923 1992 γὰρ,

127 1995 224 2030 φησὶν,
243 1996 356 2024 ἐκείνων
367 1998 555 2031 ἀπολωλότων,
565 1999 653 2036 ἕτεροι
672 2001 849 2037 παρελθόντες
861 2012 925 2029 κατ-

128 2043 211 2078 έσχον
232 2043 322 2070 αὐτῶν
335 2043 386 2076 τὰς
400 2045 492 2077 πόλεις
506 2047 553 2073 καὶ
579 2047 629 2079 τὰς
645 2047 748 2083 χώρας,
780 2046 866 2081 οὕτως
879 2050 924 2076 καὶ

127 2090 157 2116 αἱ
175 2089 221 2116 σαὶ
243 2089 335 2122 πόλεις
348 2091 459 2127 ἑτέρους
471 2092 578 2124 ἕξουσιν
590 2094 746 2130 οἰκήτορας,
767 2095 844 2130 ὑμῶν
853 2095 922 2122 ἀπο-

126 2133 284 2169 ϐληθέντων
310 2135 357 2161 καὶ
381 2134 561 2168 ἐξωσθέντων.
590 2147 599 2162 ι
620 2138 675 2164 Καὶ
692 2138 798 2166 ἔσονται
814 2139 921 2176 ἔρημοι,

126 2181 198 2208 διότι
207 2181 353 2214 κατέλιπες
364 2182 411 2210 τὸν
423 2183 489 2210 Θεὸν
499 2184 545 2211 τὸν
560 2185 673 2221 σωτῆρά
687 2195 744 2220 σου,
758 2187 807 2213 καὶ
818 2187 921 2223 Κυρίου

125 2226 177 2254 τοῦ
193 2227 260 2255 Θεοῦ
288 2237 335 2255 σου
359 2229 409 2256 οὐκ
426 2230 575 2267 ἐμνήσθης.
600 2240 609 2257 ι
639 2232 722 2259 Ἔνθα
735 2232 767 2269 δὴ
782 2233 829 2260 καὶ
838 2234 920 2261 αὑτοῦ

125 2272 219 2309 Ἰησοῦ
233 2273 281 2300 τοῦ
292 2275 419 2311 Σωτῆρος
432 2276 511 2311 ἡμῶν
529 2277 665 2313 μέμνηται
678 2279 694 2314 ἡ
718 2278 848 2314 Ἐὃραῖκὴ
865 2288 921 2313 φω-

982 1678 1150 1707 Salvatorem
1171 1684 1259 1712 tuum,
1274 1684 1300 1707 et
1320 1679 1426 1708 Domini
1451 1681 1583 1716 adjutoris
1599 1682 1637 1710 tui
1657 1691 1709 1710 non
1725 1691 1769 1711 re-

981 1726 1109 1754 cordatus
1131 1734 1171 1753 es.
1193 1726 1309 1762 Propter
1332 1728 1383 1755 ltoc
1408 1727 1545 1763 plantabis
1574 1729 1767 1764 plantationem

980 1771 1173 1806 inﬁdelem,et
1196 1779 1288 1800 semen
1312 1772 1430 1802 inﬁdele.
1454 1774 1503 1801 Die
1524 1780 1615 1802 autettt
1637 1775 1701 1806 illa.
1716 1783 1768 1810 qua

980 1818 1129 1852 plantabis,
1145 1819 1260 1846 errabis.
1276 1819 1353 1847 Mane
1367 1826 1433 1847 vero
1451 1820 1473 1848 si
1489 1822 1675 1855 seminaveris,
1689 1821 1768 1849 ﬁore-

980 1865 1019 1891 bit
1030 1865 1056 1892 in
1073 1873 1200 1897 messem,
1212 1873 1265 1900 qua
1279 1866 1323 1894 die
1340 1866 1525 1894 ltzereditatem
1542 1866 1642 1894 adibis:
1659 1872 1687 1894 et
1708 1872 1768 1894 tan-

979 1918 1061 1945 quam
1090 1917 1167 1946 pater
1191 1912 1310 1939 hominis
1342 1912 1527 1940 ltaercditatem
1551 1912 1674 1940 sorticris
1703 1912 1768 1941 ﬁliis

981 1956 1044 1984 tuis.
1066 1967 1075 1983 ι
1090 1957 1322 1990 Quemadmodum
1346 1958 1430 1990 enim,
1449 1958 1545 1993 inquit,
1563 1958 1615 1986 illis
1628 1959 1767 1993 pereunti-

979 2002 1039 2035 bus,
1056 2004 1215 2031 accedentes
1234 2004 1279 2031 alii
1302 2011 1396 2032 eorum
1417 2004 1497 2032 urbes
1515 2009 1543 2032 et
1559 2007 1682 2040 regiones
1695 2006 1766 2033 obti-

978 2052 1112 2080 nuerunt,
1127 2047 1166 2074 sic
1181 2052 1208 2074 ct
1220 2047 1302 2076 urbes
1319 2052 1381 2080 tuae.
1395 2048 1474 2076 vobis
1484 2050 1579 2084 ejectis
1590 2057 1622 2077 ac
1636 2050 1765 2085 depulsis,

979 2095 1073 2122 incolis
1092 2095 1154 2123 aliis
1177 2095 1364 2130 replebuntur.
1383 2105 1392 2121 ι
1411 2096 1444 2123 Ει
1458 2102 1538 2124 erunt
1555 2097 1683 2131 deserttc,
1702 2098 1766 2133 quia

977 2140 1144 2176 dereliquisli
1160 2141 1242 2169 Deum
1258 2145 1427 2168 servatorem
1445 2147 1520 2169 tuum
1532 2163 1540 2175 ,
1553 2149 1580 2170 et
1598 2143 1701 2171 Domini
1718 2144 1766 2171 Dei

978 2187 1016 2213 tui
1030 2188 1188 2214 recordatus
1203 2195 1256 2215 non
1270 2194 1311 2215 es.
1331 2196 1340 2213 ι
1357 2186 1405 2215 llic
1416 2196 1480 2216 vero
1495 2189 1581 2223 ipsum
1598 2189 1688 2217 Jesnm
1705 2190 1766 2218 Sal-

977 2237 1096 2260 vatorem
1113 2237 1234 2260 nostrum
1248 2233 1380 2263 IIebraica
1398 2242 1447 2262 vox
1470 2241 1685 2263 commemorat;
1703 2244 1765 2263 nam

974 2277 1039 2306 Jesu
1059 2287 1157 2307 nomen
1173 2280 1199 2307 in
1215 2279 1338 2307 Graecam
1354 2280 1473 2315 linguam
1494 2281 1653 2308 translatum
1667 2280 1765 2308 Salva-

127 2319 176 2354 νή·
187 2319 307 2355 σωτῆρα
319 2321 374 2357 γὰρ
383 2322 459 2357 δηλοῖ
471 2322 502 2349 τὸ
515 2323 601 2358 Ἰησοῦ
621 2323 707 2359 όνομα
723 2325 763 2356 εἰς
775 2325 824 2360 τὴν
833 2326 922 2353 Ἐλλά-

980 2328 1057 2351 torem
1071 2324 1216 2360 signiﬁcat.
1234 2326 1296 2353 Ilaac
1308 2334 1372 2353 vero
1388 2326 1415 2353 in
1431 2334 1513 2354 causa
1531 2327 1588 2355 fore
1602 2326 1764 2361 ait,utipsis

124 2366 164 2392 δα
186 2365 307 2399 γλῶτταν
328 2367 557 2404 ἑρμηνευόμενον.
579 2370 635 2396 Καὶ
654 2369 734 2396 τοῦτο
763 2371 859 2403 αἴτιον,
883 2372 923 2398 διὸ

126 2421 162 2439 συ
167 2411 317 2447 μὸήσεσθαι
331 2414 422 2446 αὐτοῖς
440 2415 477 2442 τὰ
499 2415 682 2451 προλεχθέντα
692 2416 791 2449 πάντα,
805 2417 922 2454 εἴρηται,

123 2458 196 2485 διότι
209 2457 353 2486 κατέλιπον
368 2460 413 2487 τὸν
428 2461 494 2489 Θεὸν
503 2462 549 2489 τὸν
560 2462 675 2498 Σωτῆρα
687 2463 788 2496 αὐτῶν,
806 2465 853 2491 καὶ
866 2465 922 2491 Κυ-

126 2504 189 2540 ρίου
215 2503 264 2530 τοῦ
286 2504 399 2532 πάντοτε
423 2506 520 2541 βοηθοῦ
547 2508 637 2535 αὐτῶν
663 2509 713 2535 οὑκ
737 2509 921 2546 ἐμνήσθησαν.

131 2549 219 2577 Ἐπὰν
233 2547 291 2582 οὖν,
307 2551 384 2586 φησὶ,
406 2551 437 2578 τὸ
460 2552 572 2588 σπέρμα
589 2553 668 2581 τοῦτο
683 2554 714 2581 τὸ
736 2555 849 2582 ἄπιστον
869 2558 916 2584 καὶ

123 2594 175 2630 τὴν
192 2595 304 2630 φυτείαν
315 2595 363 2631 τὴν
373 2596 485 2623 ἄπιστον
497 2600 612 2634 σπείρης
627 2600 656 2626 ὲν
666 2600 699 2635 τῇ
711 2601 823 2627 σεαυτοῦ
831 2601 915 2638 ψυχῇ,

122 2641 188 2668 τότε
207 2641 380 2678 πλανηθήσῃ·
395 2643 419 2669 εἰ
438 2642 477 2675 δὲ,
494 2644 708 2679 μεταϐαλὼνὲπὶ
720 2645 768 2682 τὴν
781 2647 917 2674 ἀνατείλα-

123 2695 177 2714 σαν
198 2686 239 2722 τῷ
252 2687 347 2723 κόσμῳ
363 2688 469 2724 πρωῖαν
482 2689 529 2716 τοῦ
552 2691 641 2725 φωτὸς
653 2691 701 2718 τοῦ
726 2692 914 2727 εὐαγγελικοῦ,

121 2732 219 2768 ἕτερον
231 2733 342 2769 σπέρμα
362 2734 492 2762 κατάθοιο
508 2738 541 2771 τῇ
558 2737 655 2765 σαυτοῦ
673 2738 786 2774 διανοίᾳ,
803 2740 866 2775 περὶ
884 2737 915 2767 οὗ

122 2777 249 2805 λέλεκται
272 2780 301 2806 ὲν
318 2780 504 2815 Εὑαγγελίοις·
527 2790 536 2807 ι
558 2782 682 2818 Ἐξῆλθεν
697 2785 710 2810 ὁ
725 2783 844 2819 σπείρων
869 2784 915 2811 τοῦ

166 2837 190 2854 τ’
203 2837 301 2865 Matth.
316 2847 377 2872 snt,
392 2840 418 2869 5.
456 2840 479 2856 ⁸⁸
495 2841 559 2869 ibid.
575 2841 620 2869 24.

973 2370 1102 2404 prtedicta
1111 2372 1200 2398 omnia
1215 2372 1455 2406 contingant,quia
1468 2372 1672 2406 dereliquerunt
1680 2372 1763 2398 Deum

973 2416 1143 2444 Salvatoreut
1166 2425 1245 2445 suum
1259 2438 1266 2449 ,
1283 2423 1310 2445 et
1323 2418 1429 2446 Domini
1450 2418 1581 2453 adjutoris
1601 2425 1708 2453 semper
1721 2417 1767 2445 sui

973 2470 1025 2490 non
1043 2464 1237 2491 meminerunt.
1261 2464 1329 2491 Cum
1344 2465 1455 2500 itaque,
1470 2465 1525 2496 ait,
1543 2464 1593 2491 hoc
1607 2471 1699 2491 semen
1722 2464 1763 2490 in-

973 2509 1124 2542 credulum,
1137 2515 1165 2538 et
1177 2511 1249 2537 hanc
1262 2510 1398 2539 inﬁdelem
1414 2511 1610 2547 plantationem
1629 2512 1655 2537 in
1670 2510 1760 2537 anima

974 2561 1018 2583 tua
1035 2556 1213 2585 seminaveris
1224 2578 1231 2589 ,
1245 2562 1300 2585 tum
1317 2558 1440 2590 errabis;
1459 2558 1500 2586 sin
1518 2564 1609 2585 autem
1622 2557 1762 2586 exoriente

972 2602 998 2629 in
1016 2602 1116 2630 mttndo
1133 2604 1283 2639 evangelici
1298 2604 1408 2632 luminis
1424 2604 1555 2636 diluculo,
1579 2608 1679 2631 mutata
1696 2612 1759 2633 scu—

973 2649 1057 2676 tentia
1075 2649 1148 2677 aliud
1163 2657 1255 2678 semen
1272 2651 1299 2677 in
1315 2655 1406 2677 mente
1421 2655 1466 2677 tua
1479 2649 1589 2684 ieceris,
1604 2650 1637 2677 de
1651 2658 1705 2685 quo
1718 2652 1760 2678 di-

971 2699 1043 2722 ctum
1058 2699 1100 2723 est
1115 2696 1143 2722 in
1158 2696 1325 2731 Evangeliis,
1343 2706 1353 2723 ‹
1370 2695 1444 2723 Exiit
1466 2695 1511 2730 qui
1537 2696 1655 2723 seminat
1677 2698 1759 2724 semi—

971 2748 1037 2768 nare
1050 2741 1089 2774 "’;
1108 2751 1117 2767 ι
1134 2746 1172 2773 et.
1187 2751 1196 2767 ι
1214 2741 1311 2769 Simile
1326 2741 1426 2768 factum
1440 2746 1483 2768 est
1501 2749 1614 2777 regnum
1627 2741 1759 2769 caelorum

971 2787 1074 2815 homini
1089 2788 1235 2815 seminanti
1256 2787 1354 2816 bonum
1376 2794 1467 2814 semen
1486 2787 1512 2814 iu
1534 2795 1600 2823 agro
1619 2796 1669 2815 suo
1682 2788 1723 2820 ⁸ος
1746 2798 1756 2814 ι

160 2884 296 2929 (ἓρῌῖξεε
323 2887 380 2924 ipsa
402 2888 585 2925 Hieronymus
600 2891 633 2919 ad
656 2891 727 2921 ltunc
749 2892 838 2922 locum
868 2894 913 2929 qui
935 2899 1018 2923 totam
1052 2895 1158 2923 Eusebii
1193 2894 1355 2923 sententiam
1371 2899 1400 2922 ttt
1422 2902 1498 2923 suam
1519 2894 1624 2923 extulit.
1640 2894 1707 2923 Vide
1726 2892 1757 2922 in

123 2919 296 2949 Praefatione.
