2044 3215
306 194 356 222 ΞΗ

675 191 808 220 EUSEBII
828 191 1064 220 C/ESARIENSIS
1081 189 1157 218 ΟΡΡ.
1178 190 1266 219 PARS
1286 192 1328 219 III.
1349 207 1385 213 —
1402 192 1608 223 EXEGETICA.

1873 195 1929 222 ΞΩ

307 258 407 279 etcum
425 258 450 277 In
467 249 575 284 propria
591 248 652 276 luce
664 249 776 289 orientis
794 250 917 276 matutini
936 249 1000 276 solis
1013 249 1087 282 justi-

1144 248 1263 282 σπεῖραν
1283 257 1293 274 ι
1316 249 1372 280 καὶ,
1394 258 1404 274 l
1424 248 1556 285 Ὡμοιώθη
1575 251 1592 285 ή
1608 249 1729 284 βασιλεία
1740 250 1793 277 τῶν
1806 250 1930 288 οὐρανῶν

307 297 351 324 tite
377 294 472 326 fueris,
491 294 517 320 in
548 298 574 321 te
602 294 633 322 ad
660 301 776 322 messem
802 294 926 326 ﬂorebit,
947 295 982 321 ita
1009 299 1038 320 ut
1058 295 1090 321 iis

305 340 449 372 omnibus,
483 340 528 374 qui
571 339 617 366 tibi
660 347 708 374 per
750 339 897 366 salutarem
939 339 1090 366 doctrinam

305 387 453 413 secundum
474 386 556 413 Deum
578 385 632 412 nati
662 385 779 416 fuerint,
802 391 904 412 sortem
925 385 1023 413 bonam
1043 385 1092 412 tri-

306 432 383 459 lmas.

344 569 424 596 Vens.
434 569 544 596 HJVae
557 568 720 596 multitudini
732 569 851 603 gentium
861 568 1018 595 mttltarum.
1030 568 1089 596 Sic-

306 619 336 642 ut
361 621 435 641 mare
453 613 594 646 ﬂuctuans,
613 613 652 640 sic
669 613 854 640 turbabimini.
873 622 883 638 ι
901 612 1046 648 Postquam
1057 613 1091 640 de

305 660 484 687 cenversione
509 659 628 694 gentium
652 661 685 686 ad
710 659 810 691 Deum,
835 663 862 685 et
883 659 917 685 de
937 658 1090 686 Judteorum

304 706 494 734 incredulitate
518 713 582 740 erga
612 705 749 732 Christum
780 705 942 732 vaticinatus
976 709 1033 737 est,
1057 705 1091 732 ad

304 751 502 779 multitudinem
517 752 634 786 gentium
651 750 816 785 pertransit,
836 758 896 785 qua:
917 759 978 778 cum
994 751 1021 778 in
1034 751 1090 785 ipsa

305 798 446 830 Damasco,
457 802 511 824 tum
522 798 547 824 in
557 797 617 824 aliis
625 797 778 831 regionibus
789 797 815 823 in
825 796 1012 824 incredulitate
1019 803 1091 823 man-

304 849 392 875 surae,
407 847 434 868 et
451 841 599 869 Ecclesium
622 842 667 868 Dei
692 847 830 869 vexatura:
844 845 871 868 et
895 842 1090 877 impugnatura!

304 900 353 921 lL‘ll
356 897 368 920 ι

1143 293 1279 328 ἀνθρώπῳ
1292 293 1427 330 σπείροντι
1441 293 1520 320 καλὸν
1537 294 1648 330 σπέρμα
1659 295 1686 320 ὲν
1697 295 1735 330 τῷ
1751 295 1808 331 ἰδίῳ
1821 297 1927 332 ἀγρῷ-ι

1143 338 1189 364 καὶ
1206 338 1274 365 ἐπὰν
1291 339 1320 365 ὲν
1332 339 1370 374 τῷ
1388 339 1444 374 ἰδίῳ
1468 340 1536 374 φωτὶ
1550 341 1637 374 γένοιο
1659 341 1710 376 τῆς
1725 342 1846 377 πρωῖνῆς
1864 343 1931 370 ἁνα-

1142 383 1221 419 τολῆς
1235 384 1282 410 τοῦ
1299 384 1374 419 ἡλίου
1395 385 1444 420 τῆς
1463 385 1643 421 δικαιοσύνης,
1661 386 1770 421 ἀνθήσει
1785 387 1814 413 ὲν
1827 386 1869 413 σοὶ
1889 389 1930 420 εἰς

1143 429 1258 464 ἀμητόψ
1272 430 1310 462 ὼς
1333 431 1493 466 μεταδοῦναι
1509 431 1608 466 κλῆρον
1622 431 1722 466 ἀγαθὸν
1738 433 1785 458 καὶ
1800 434 1858 465 τοῖς
1867 434 1930 459 ἑαυ-

1142 475 1189 502 τοῦ
1205 478 1271 503 πᾶσι
1285 478 1343 508 τοῖς
1360 477 1431 504 κατὰ
1451 476 1518 503 Θεὸν
1535 477 1740 514 γεννησομένοις
1753 478 1797 505 διὰ
1811 479 1861 514 τῆς
1876 488 1929 506 σω-

1141 529 1175 557 τη
1179 522 1237 557 ρίου
1248 522 1431 554 διδασκαλίας.

1180 578 1189 594 ι
1210 568 1280 595 οὐαὶ
1291 568 1392 604 πλῆθος
1405 568 1488 596 ἐθνῶν
1503 569 1617 596 πολλῶν.
1638 570 1682 602 Ὧς
1698 570 1818 598 θάλασσα
1832 571 1930 606 κυμαί-

1141 624 1234 648 νουσα,
1258 616 1344 648 οῦτως
1369 616 1582 652 ταραχθήσεσθε.
1611 617 1677 652 Περὶ
1695 617 1744 652 τῆς
1766 617 1820 644 τῶν
1842 617 1927 644 ἐθνῶν

1142 662 1188 688 ἐπὶ
1203 661 1248 688 τὸν
1265 661 1332 688 Θεὸν
1349 662 1527 698 ἐπιστροφῆς,
1551 662 1598 688 καὶ
1614 662 1663 697 τῆς
1686 664 1725 694 εἰς
1739 663 1784 689 τὸν
1809 664 1928 700 Χριστὸν

1142 706 1270 738 ἀπιστίας
1281 706 1329 732 τοῦ
1349 706 1481 733 Ἰουδαίων
1495 706 1587 738 ἔθνους
1604 706 1734 738 θεσπίσας
1750 708 1764 733 ὁ
1776 707 1865 742 λόγος,
1880 716 1929 743 με-

1141 753 1262 779 ταδαίνει
1273 753 1318 779 ἐπὶ
1332 752 1367 779 τὰ
1382 752 1470 788 πλήθη
1485 752 1539 779 τῶν
1550 753 1643 785 ἐθνῶν,
1656 754 1685 779 ὲν
1699 754 1767 789 αὐτῇ
1783 762 1812 780 τε
1829 755 1863 789 τῇ
1875 756 1928 780 Δα-

1143 797 1240 833 μασκῷ
1254 798 1301 824 καὶ
1316 799 1376 829 ταῖς
1395 798 1501 830 λοιπαῖς
1524 798 1624 834 χώραις
1636 799 1664 825 ὲν
1684 799 1796 835 ἀπιστίᾳ
1814 800 1928 835 ἀπομει-

1140 843 1253 875 νάντων,
1275 843 1322 870 καὶ
1342 844 1392 878 τὴν
1415 844 1576 878 Ἐκκλησίαν
1594 844 1640 871 τοῦ
1665 844 1730 871 Θεοῦ
1746 845 1868 872 ἐλαύνειν
1882 846 1928 872 καὶ

1140 889 1291 925 πολιορκεῖν
1306 889 1463 925 μελλόντων.

340 939 421 966 Vsus.
441 937 484 964 l3.
503 945 513 962 ι
532 936 565 963 Ει
577 934 687 961 dorsum
703 935 825 969 gentium
848 935 994 962 multarum
1018 935 1087 962 sicut

1178 945 1187 962 ι
1203 936 1257 962 Καὶ
1276 935 1360 967 νῶτος
1383 936 1467 963 ἐθνῶν
1492 935 1595 962 πολλῶν
1614 936 1652 968 ὡς
1669 936 1739 972 ὕδωρ
1761 937 1866 972 ήχήσευ
1892 936 1928 968 ὡς

304 993 372 1020 aqua
386 983 502 1011 sonabit.
519 981 597 1009 Sicut
611 988 681 1016 aqua
695 980 789 1010 multa.
802 985 896 1015 gentes
911 980 1020 1008 multae:
1034 981 1088 1008 sic-

304 1036 335 1058 ut
349 1038 416 1065 aqua
434 1030 460 1056 vi
476 1028 607 1063 impulsa.
628 1037 637 1053 ι
655 1027 885 1060 Quemadmodum
904 1027 976 1054 enim
1007 1028 1088 1055 maris

303 1076 382 1103 dorsa
397 1074 573 1111 tumescentia
590 1077 617 1100 et
632 1073 658 1099 in
673 1072 787 1099 snblitne
803 1071 884 1105 elata,
896 1072 959 1099 dum
972 1080 986 1098 a
1002 1073 1089 1100 ventis

302 1122 459 1156 agitantur,
485 1125 568 1153 atque
598 1119 759 1151 turbantur,
785 1119 903 1147 sonitum
940 1120 1087 1146 maximum

302 1169 404 1200 edunt,
420 1172 449 1195 et
470 1172 572 1194 metum
594 1166 785 1200 navigantibus
809 1165 944 1193 incutiunt
964 1174 970 1198 ;
994 1167 1087 1193 eodem

303 1217 384 1243 modo
397 1214 483 1241 turbae
496 1213 657 1248 populorum
668 1214 725 1241 sive
739 1213 864 1240 Damasci
873 1214 930 1240 sive
942 1214 967 1240 in
977 1214 1088 1248 reliquis

302 1260 469 1296 regionibus,
481 1260 506 1286 in
518 1259 676 1286 inﬁdelitate
686 1264 713 1286 et
724 1259 875 1286 idololatria
892 1265 1042 1291 manentes,
1055 1260 1089 1286 ab

302 1305 482 1333 invisibilibus
493 1304 618 1338 gentibus
629 1304 747 1337 agitatae,
764 1303 851 1331 instar
864 1304 992 1331 ﬂuctuum
1004 1306 1088 1332 maris

303 1351 420 1378 sonitum
436 1353 534 1383 edent,
552 1339 646 1376 contra
666 1350 816 1378 Ecclesium
834 1351 879 1378 Dei
904 1344 1085 1385 insurgentes.

303 1397 403 1424 Verum
426 1397 485 1424 illas
508 1406 517 1422 ε
544 1395 692 1423 eliminabit
715 1401 742 1424 et
760 1397 851 1432 procul
873 1397 1031 1432 inseqnetnr
1051 1407 1057 1424 :
1075 1407 1084 1423 ι

302 1444 352 1471 etsi
368 1444 420 1471 illa:
436 1443 520 1471 maris
535 1445 620 1471 ferme
632 1444 721 1471 instar
736 1449 829 1471 contra
839 1444 1009 1472 adversarios
1024 1452 1087 1472 suos

302 1489 401 1517 tinctus
427 1489 561 1517 attollant.
579 1489 665 1517 Dousa
688 1494 779 1517 autem
803 1490 947 1517 multarum
966 1491 1085 1526 gentium

303 1536 348 1564 hie
363 1536 422 1564 illas
436 1540 587 1570 nuncupat,
604 1536 665 1571 quia
683 1541 778 1572 gentes
794 1537 890 1564 multas
914 1536 1086 1571 insequentes

303 1583 415 1609 instant.
430 1581 479 1614 Qui
501 1588 564 1609 vero
589 1582 788 1616 insequuntur,
804 1590 818 1609 a
837 1587 911 1616 tergo
929 1587 956 1609 et
975 1589 989 1609 a
1006 1583 1087 1610 dorso
1100 1593 1121 1621 ο

302 1627 462 1661 fugientium
484 1626 593 1654 omnino
614 1632 736 1654 currunt.
757 1637 767 1653 α
785 1628 818 1655 Ει
837 1628 989 1656 elitninabit
1002 1628 1086 1661 illum,

302 1678 329 1700 et
341 1673 420 1708 longe
436 1673 522 1708 ipsum
536 1677 721 1708 persequetur.
746 1683 754 1699 ι
777 1673 806 1701 Id
823 1679 882 1707 est,
906 1679 979 1702 retro
998 1675 1088 1702 mittet

302 1722 330 1745 et
352 1717 439 1753 ipsum
460 1724 646 1753 persequetur.
663 1718 819 1747 Secundum
839 1720 963 1755 Aquilam
985 1725 1086 1753 autem,

304 1771 315 1788 ί
330 1762 547 1791 Comminabitur
561 1764 599 1791 illi
614 1784 621 1796 ,
638 1769 666 1791 et
684 1764 768 1799 fugiet
786 1765 866 1802 longe
882 1774 888 1797 ;
907 1775 917 1791 ι
938 1766 1086 1794 secundum

302 1810 494 1845 Symmachum
519 1817 604 1844 vero,
629 1820 638 1837 ‹
658 1811 691 1838 Et
717 1811 844 1839 infremet
871 1813 941 1846 ipsi,
956 1817 983 1840 et
1003 1813 1087 1847 fugiet

300 1855 406 1890 procul.
422 1865 431 1881 ι
455 1855 503 1883 Cui
518 1862 607 1884 autem
624 1865 717 1884 eorum
734 1858 861 1886 infremet
875 1865 920 1886 aut
937 1860 1086 1887 commina-

301 1901 385 1934 bitur,
404 1901 454 1928 nisi
470 1902 604 1936 przedictm
620 1902 770 1930 inﬁdelium
785 1904 945 1938 populorum
963 1906 1046 1940 genti,
1060 1910 1087 1932 et

301 1946 387 1980 ipsam
403 1947 514 1982 agitanti
528 1949 660 1976 diabolo?
676 1949 742 1983 Quis
754 1955 843 1977 antem
857 1950 923 1986 ipsis
939 1953 1087 1978 commina-

301 1991 385 2024 bitur,
402 1994 452 2020 nisi
468 1994 491 2020 is
507 1995 540 2021 de
554 2002 607 2029 quo
623 1995 721 2022 dictum
737 2000 779 2022 est
797 2005 803 2022 :

341 2037 422 2065 Vens.
437 2038 479 2065 l4.
500 2048 509 2063 ε
527 2039 742 2066 Comminabitur
766 2039 895 2067 Dominus
919 2041 946 2068 in
972 2047 1017 2075 te,
1041 2044 1085 2076 qui

292 2099 293 2102 η
310 2082 392 2117 elegit
413 2082 572 2111 Jerusalem.
587 2085 628 2111 Ad
651 2092 791 2120 vesperam
816 2087 867 2113 erit
889 2086 995 2119 luctus,
1011 2094 1086 2115 ante—

308 2137 390 2164 quam
404 2130 439 2156 sit
452 2129 607 2164 diluculum,
618 2135 645 2158 et
657 2138 709 2157 non
728 2132 789 2158 erit.
806 2131 868 2159 Haec
891 2133 978 2166 portio
992 2140 1085 2160 eorum

305 2176 351 2211 qui
369 2175 485 2211 populati
501 2181 563 2203 sunt
577 2184 626 2203 vos
640 2184 646 2203 :
662 2177 805 2205 haereditas
818 2186 912 2205 eorum
931 2180 977 2213 qui
995 2187 1043 2206 vos
1060 2180 1085 2206 in

301 2220 484 2248 hereditatem
506 2222 695 2256 possederunt.
712 2231 721 2248 ι
748 2222 784 2250 lis
805 2224 904 2258 quippe
928 2225 973 2259 qui
1000 2225 1087 2253 instar

1141 982 1212 1018 ὕδωρ
1223 982 1302 1014 πολὺ,
1320 982 1382 1016 ἔθνη
1400 981 1495 1012 πολλὰ.
1511 982 1549 1013 ὡς
1562 981 1657 1013 ὓδατος
1671 982 1768 1008 πολλοῦ
1786 982 1832 1018 βίᾳ
1848 991 1928 1018 φερο-

1141 1026 1233 1062 μένου.
1250 1036 1259 1052 ι
1284 1027 1327 1058 Ὠς
1338 1027 1391 1062 γὰρ
1408 1026 1546 1061 θαλάσσης
1557 1026 1590 1052 τὰ
1609 1027 1680 1052 νῶτα
1691 1026 1871 1062 κυρτούμενα,
1882 1026 1927 1053 καὶ

1142 1074 1183 1104 εἰς
1200 1072 1266 1108 ὕψος
1279 1072 1421 1108 αἱρόμενα,
1434 1073 1463 1098 ἐν
1478 1071 1517 1107 τῷ
1537 1071 1714 1107 χειμάζεσθαι
1731 1072 1778 1098 καὶ
1792 1072 1925 1108 ταράσσε-

1140 1121 1202 1148 σθαι
1217 1121 1270 1147 {me
1288 1121 1405 1155 ἀνέμων,
1421 1118 1487 1155 ἦχον
1507 1120 1634 1154 μέγιστον
1650 1118 1758 1153 ἐμποιεί
1780 1118 1827 1144 καὶ
1847 1116 1926 1151 φόὸον

1139 1169 1195 1200 τοῖς
1203 1167 1338 1194 πλέουσιν·
1352 1166 1423 1192 οὕτω
1436 1165 1482 1192 καὶ
1497 1164 1530 1191 τὰ
1543 1164 1632 1200 πλήθη
1646 1163 1699 1190 τῶν
1715 1164 1744 1190 ὲν
1771 1164 1838 1198 αὐτῇ
1852 1171 1881 1189 τε
1894 1164 1927 1198 τῇ

1139 1212 1276 1248 Δαμασκῷ
1290 1213 1336 1238 καὶ
1346 1213 1405 1242 ταῖς
1419 1211 1526 1242 λοιπαῖς
1537 1209 1639 1246 χώραις
1649 1210 1691 1236 ἐπ’
1709 1209 1821 1245 ἀπιστίᾳ
1834 1209 1881 1236 καὶ
1889 1209 1924 1235 εί-

1138 1246 1318 1293 δῶλολατρείᾳ
1347 1257 1480 1293 μενόντων
1516 1257 1610 1289 ἐθνῶν,
1638 1257 1690 1284 ὑπὸ
1719 1256 1773 1283 τῶν
1807 1257 1927 1292 ἀοράτων

1139 1304 1222 1331 ὲθνῶν
1246 1303 1437 1339 ἐνεργούμενα,
1463 1303 1541 1338 δίκην
1561 1302 1690 1337 κυμάτων
1702 1302 1839 1337 θαλάσσης
1858 1302 1928 1337 ἠχή-

1140 1358 1224 1382 σουσι,
1236 1350 1306 1376 κατὰ
1320 1350 1369 1385 τῆς
1390 1349 1553 1384 Ἐκκλησίας
1563 1349 1609 1375 τοῦ
1625 1349 1692 1376 Θεοῦ
1713 1348 1926 1383 ὲπανισ-εάμενα.

1142 1406 1150 1421 ι
1167 1397 1221 1423 Καὶ
1235 1397 1433 1432 ἀποσκορακιεῖ
1456 1396 1564 1427 αὐτοὺς,
1587 1396 1634 1422 καὶ
1651 1396 1744 1432 πάρῤω
1755 1396 1854 1427 αὐτοὺς
1868 1394 1928 1422 διώ-

1138 1443 1220 1476 ξεται·
1235 1452 1244 1468 ι
1263 1442 1402 1478 μονονουχὶ
1417 1441 1554 1477 θαλάσσης
1567 1442 1644 1478 δίκην
1656 1442 1709 1468 τῶν
1725 1441 1928 1476 ἀνθεστηκότων

1137 1489 1396 1524 κατακυμαίνοντες.
1414 1488 1508 1515 Νῶτον
1523 1488 1551 1514 δὲ
1573 1488 1672 1519 αὐτοὺς
1686 1487 1791 1514 πολλῶν
1804 1487 1888 1515 ἐθνῶν
1901 1488 1928 1512 ὲν

1136 1536 1240 1566 τούτοις
1251 1535 1393 1566 ἀποκαλεῖ,
1407 1535 1451 1561 διὰ
1467 1535 1498 1561 τὸ
1506 1534 1590 1560 πολλὰ
1603 1533 1745 1561 διώκεσθαι
1760 1535 1824 1569 παρ’
1838 1534 1928 1560 αὐτῶν

1138 1580 1211 1615 ἔθνη.
1224 1580 1357 1616 Τρέχουσι
1372 1580 1400 1606 δὲ
1421 1580 1491 1606 κατὰ
1501 1581 1585 1606 νώτου
1601 1580 1687 1615 πάντη
1705 1588 1735 1606 τε
1750 1579 1797 1606 καὶ
1820 1579 1928 1611 πάντως

1137 1626 1191 1653 τῶν
1208 1627 1361 1661 φευγόντων
1387 1627 1411 1653 οἱ
1438 1626 1590 1658 διώκοντες.
1613 1636 1622 1652 ε
1651 1627 1708 1652 Καὶ
1731 1626 1929 1661 ἀποσκορακιεί

1137 1673 1228 1704 αὑτὸν,
1245 1674 1290 1699 καὶ
1305 1673 1398 1708 πόρρω
1413 1672 1493 1699 αὑτὸν
1507 1671 1640 1704 διώξεται.
1656 1681 1665 1697 ι
1679 1672 1832 1703 Τουτέστιν,
1841 1672 1928 1700 ὀπίσω

1137 1718 1251 1753 πέμψει,
1272 1717 1320 1744 καὶ
1337 1717 1418 1744 αὑτὸν
1439 1716 1573 1749 διώξεται.
1592 1717 1670 1744 Κατὰ
1692 1717 1720 1743 δὲ
1733 1717 1777 1743 τὸν
1800 1717 1926 1749 Ἀκύλαν,

1140 1772 1149 1788 ι
1171 1763 1342 1799 Ἐπιτιμήσει
1359 1764 1388 1789 ὲν
1396 1762 1480 1797 αὐτῷ,
1496 1763 1541 1789 καὶ
1561 1762 1687 1797 φεύξεται
1704 1763 1822 1798 μακράν·
1837 1773 1846 1788 ι
1857 1764 1927 1790 κατὰ

1136 1809 1216 1835 δὲτὺν
1233 1808 1416 1844 Σύμμαχον,ξ‹
1430 1809 1484 1836 Καὶ
1499 1808 1699 1844 ὲμϐριμήσεται
1716 1809 1847 1844 αὐτῷκαὶ
1863 1809 1927 1844 φεύ-

1137 1853 1211 1888 ξεται
1222 1855 1325 1890 πόρρω.
1346 1864 1355 1880 ι
1369 1855 1427 1881 Τίνι
1442 1854 1471 1881 δὲ
1489 1854 1579 1881 αὐτῶν
1593 1854 1822 1891 ὲμῧριμήσεταιῆ
1839 1857 1925 1882 ἐπιτι-

1138 1901 1264 1935 μήσεται,
1276 1901 1292 1935 ἢ
1306 1900 1344 1936 τῷ
1359 1900 1533 1936 προλεχθέντι
1553 1900 1622 1927 ἔθνει
1633 1900 1687 1927 τῶν
1700 1900 1822 1927 ἀπίστων
1843 1901 1924 1933 λαῶν,

1136 1946 1183 1973 καὶ
1198 1946 1237 1982 τῷ
1262 1946 1374 1979 τούτους
1390 1946 1544 1982 ὲνεργοῦντι
1570 1946 1703 1982 διαϐόλιέη
1721 1946 1769 1979 Τίς
1784 1947 1813 1973 δὲ
1834 1949 1926 1980 αὐτοῖς

1135 1993 1291 2028 ἐπιτιμήσει
1303 1992 1359 2019 ἀλλ’
1374 1993 1390 2028 ἢ
1405 1994 1508 2024 ἐκεῖνος
1525 1994 1589 2028 περὶ
1603 1990 1633 2019 οὔ
1650 1993 1769 2028 εἴρηται,

1173 2049 1182 2066 ‹
1207 2040 1380 2076 Ἐπιτιμήσει
1398 2040 1500 2074 Κύριος
1515 2040 1543 2065 ὲν
1559 2039 1601 2065 σοὶ
1617 2039 1796 2075 ἐκλεξάμενος
1812 2040 1862 2074 τὴν
1876 2040 1923 2066 Ἱε-

1137 2085 1287 2120 ρουσαλήμ.
1305 2085 1375 2120 Πρὸς
1397 2085 1517 2120 ἑσπέραν
1534 2084 1611 2111 ἔσται
1624 2085 1721 2116 πένθος
1740 2088 1822 2121 πρινὴ
1841 2087 1922 2122 ﬁget.

1135 2128 1182 2154 καὶ
1204 2129 1255 2154 οὐκ
1269 2128 1354 2155 ἔσται.
1368 2128 1474 2164 Αὖτηή
1500 2129 1578 2164 μερὶς
1603 2130 1657 2156 τῶν
1682 2130 1923 2165 προνομευσάντων

1136 2174 1218 2209 ὑμᾶς,
1233 2173 1402 2209 κληρονομία
1421 2175 1478 2205 τοῖς
1502 2174 1728 2210 κληρονομήσασι.
1759 2184 1768 2201 ι
1790 2176 1853 2208 Τοῖς
1869 2177 1922 2212 ⁸ιὲιρ

1135 2220 1212 2256 δίκην
1227 2220 1362 2255 θαλάσσης
1377 2220 1560 2256 κυμαινούσης
1576 2220 1769 2256 κατεπαρθεῖσι
1787 2222 1836 2257 τῆς
1862 2223 1922 2248 Ἐκ-

299 2268 384 2294 maris
397 2266 555 2294 ﬂuctuantis
569 2273 661 2295 contra
678 2268 826 2297 Ecclesiam
840 2278 900 2298 sese
919 2271 1084 2304 extulerunt,

1138 2266 1251 2302 κλησίας
1264 2266 1331 2302 πρὸς
1344 2268 1376 2302 τῇ
1387 2266 1461 2293 δύσει
1471 2266 1519 2294 τοῦ
1528 2266 1584 2302 βίου
1594 2267 1640 2293 καὶ
1651 2267 1719 2303 πρὸς
1727 2267 1800 2302 αὑτῷ
1807 2268 1846 2303 τῷ
1852 2269 1921 2295 τέλει

298 2313 327 2339 in
340 2320 439 2340 occasu
457 2313 516 2340 vitae
527 2333 535 2346 ,
550 2317 578 2340 et
593 2314 619 2340 in
643 2314 701 2348 ipso
717 2315 771 2342 ﬂne
790 2316 877 2344 luctus
892 2317 978 2344 aderit
992 2339 999 2350 ,
1022 2318 1084 2353 quia

300 2365 353 2385 non
370 2358 440 2385 ultra
461 2363 553 2386 erunt.
569 2358 689 2386 Nam'in
715 2360 806 2389 futuro
829 2363 928 2390 saeculo
950 2371 1018 2391 nova
1040 2364 1083 2390 lux

298 2403 411 2431 orientis
421 2409 446 2431 et
461 2404 585 2432 matutini
601 2409 665 2432 tunc
677 2405 709 2433 ad
723 2407 852 2435 ultionem
871 2407 1009 2436 ferendam
1024 2408 1084 2435 illu-

297 2450 380 2477 cebit.

575 2497 689 2526 CAPUT
707 2498 799 2525 XVIII.

334 2541 414 2569 Vens.
429 2543 454 2575 l,
464 2542 491 2568 ‘2.
510 2551 519 2568 ‹
536 2542 582 2570 Va:
596 2549 674 2571 terra:
688 2545 808 2576 navium,
822 2545 872 2572 ala:
887 2545 956 2572 ultra
971 2545 1081 2573 ﬂumina

296 2587 462 2622 Ethiopitn;
480 2588 526 2622 qui
544 2589 626 2616 mittit
639 2589 666 2616 iu
684 2597 758 2616 mare
771 2589 897 2623 obsides,
910 2595 938 2618 et
953 2591 1082 2625 epistolas

297 2633 412 2660 biblinas
432 2642 511 2668 supra
538 2642 646 2669 aquam.
672 2644 682 2660 ι
710 2635 784 2663 Unde
807 2636 910 2663 factum
930 2639 962 2663 ut
987 2644 1081 2664 omnes

300 2678 396 2712 .tbique
411 2678 494 2706 Judaei
521 2681 622 2715 pariter
644 2685 669 2707 et
685 2688 738 2708 uno
766 2690 898 2709 consensu
919 2681 1081 2710 Christiana;

300 2723 427 2751 .loctrinaz
439 2726 678 2753 contradicerent?
697 2727 724 2753 In
739 2731 860 2754 veterum
881 2729 990 2762 seriptis
1003 2737 1081 2764 repe-

333 2811 390 2852 (_2l)
407 2812 463 2852 Hie
471 2813 614 2852 Eusebium
629 2815 727 2843 acerbe
738 2816 830 2852 carpit
845 2816 1081 2852 Hieronymus-his

300 2847 400 2888 verbis,
416 2856 426 2873 ‹
443 2848 573 2888 Eusebius
586 2850 759 2888 Casariensis
776 2847 930 2888 historicum
946 2847 1079 2888 interpre-

299 2883 427 2909 tationem
441 2883 518 2918 titulo
530 2886 733 2918 repromittens,
748 2887 862 2914 diversis
879 2887 1002 2914 sensibus
1016 2883 1080 2915 eva-

298 2920 376 2952 gatur
387 2925 395 2945 ε
405 2917 483 2953 cujus
493 2926 552 2947 cum
564 2919 648 2948 libros
659 2917 787 2956 legerent,
797 2922 868 2950 aliud
884 2922 966 2951 multo
981 2924 1077 2959 reperi,

1137 2312 1232 2344 πένθος
1249 2313 1351 2343 ἔσεται,
1362 2313 1401 2339 ὅτι
1415 2313 1507 2339 οὐκέτι
1530 2313 1691 2348 ὑπάρχουσυ
1712 2314 1781 2341 κατὰ
1796 2315 1842 2340 τὸν
1861 2315 1921 2350 μέλ-

1135 2359 1215 2385 λοντα
1238 2359 1334 2390 αἰῶνα,
1363 2358 1423 2385 νέου
1439 2359 1528 2393 φωτὸς
1547 2359 1677 2394 ἀνατολῆς
1698 2361 1744 2387 καὶ
1761 2361 1867 2396 πρωῖας
1893 2361 1920 2387 τὸ

1135 2404 1286 2440 τηνικαῦτα
1297 2405 1356 2436 ταῖς
1363 2404 1451 2436 δίκαις
1467 2404 1677 2440 ἐπιλάμψαντος.

1387 2498 1583 2525 ΚΕΦΑΛΑῘΟΝ
1614 2500 1665 2526 lH’.

1172 2554 1182 2569 c
1200 2545 1268 2570 Οὐαὶ
1293 2544 1345 2579 γῆς
1369 2543 1477 2576 πλοίων,
1500 2545 1632 2580 πτέρυγες
1647 2545 1775 2573 ἐπέκεινα
1791 2548 1920 2583 ποταμῶν

1133 2590 1285 2622 Αἰθιοπίας·
1301 2591 1315 2616 ὁ
1329 2590 1500 2617 ἀποστέλλων
1516 2592 1544 2616 ὲν
1558 2591 1679 2628 θαλάσσῃ
1688 2593 1790 2628 ὅμηρα,
1804 2594 1852 2620 καὶ
1863 2595 1920 2620 ἑπι-

1136 2637 1232 2669 στολὰς
1249 2637 1369 2672 βιϐλίνας
1395 2637 1487 2664 ἐπάνω
1512 2638 1559 2664 τοῦ
1587 2638 1691 2671 ὕδατος.
1715 2649 1724 2665 ι
1749 2639 1836 2667 Πόθεν
1858 2641 1919 2673 τοὺς

1135 2684 1273 2718 πανταχοῦ
1296 2684 1438 2715 Ἰουδαίους
1453 2685 1516 2716 τοὺς
1531 2685 1634 2717 πάντας
1650 2685 1800 2720 συμφώνως
1817 2686 1847 2719 ἐξ
1863 2687 1918 2718 ἐνὸς

1136 2729 1306 2765 συνθήματος
1324 2729 1473 2764 ἀντιλέγειν
1486 2730 1525 2766 τῷ
1544 2731 1607 2766 περὶ
1622 2731 1740 2767 Χριστοῦ
1758 2731 1829 2768 λόγῳ
1846 2732 1917 2774 (2i);

1132 2827 1213 2855 quam
1228 2819 1316 2855 indice
1335 2819 1519 2854 promittebat.
1539 2820 1697 2854 Ubicunque
1711 2820 1784 2848 enim
1801 2828 1863 2848 eum
1880 2820 1917 2848 lti-

1131 2854 1213 2882 storia
1239 2854 1387 2884 defecerit.
1401 2855 1497 2882 transit
1518 2856 1550 2882 ad
1568 2855 1734 2890 allegoriam,
1748 2860 1776 2882 et
1791 2855 1827 2882 ita
1841 2862 1917 2890 sepa-

1131 2895 1191 2917 rata
1208 2891 1356 2921 consociat,
1369 2894 1399 2916 ut
1418 2890 1569 2918 mirereum
1586 2898 1653 2917 nova
1665 2891 1797 2918 sermonis
1814 2889 1915 2918 fabrica

1134 2925 1159 2953 in
1176 2933 1257 2953 unum
1274 2933 1373 2961 corpus
1385 2925 1500 2961 lapidem
1512 2925 1667 2960 ferrumque
1678 2925 1849 2959 conjungere.
1861 2925 1915 2954 lluc
