2044 3215
167 189 221 217 213

641 187 893 216 COMMENTARIA
913 187 945 215 IN
967 187 1093 215 ISAIAM.
1113 202 1148 208 —
1166 187 1243 216 CAP.
1264 187 1355 216 XVIII.

1736 187 1790 214 ΞΗ

168 246 291 282 Εὖρομεν
300 245 331 273 ὲν
343 247 398 278 τοῖς
412 246 465 273 τῶν
480 245 600 273 παλαιῶν
619 246 843 281 συγγράμμασιν,
863 246 900 278 ὡς
927 247 952 273 οι

1011 248 1099 280 rimus,
1111 246 1369 283 Hierosolymitanos
1391 245 1511 273 Iudaicae
1533 246 1620 280 gentia
1635 246 1790 273 sacerdotes

168 292 217 328 τὴν
242 292 419 328 Ἰερουσαλὴμ
432 292 569 324 οἰκοῦντες
580 291 627 318 τοῦ
639 292 692 318 τῶν
715 291 848 319 Ἰουδαίων
862 292 955 324 ἔθνους

171 338 251 373 ἱερεῖς
265 338 311 364 καὶ
325 337 502 373 πρεσϐύτεροι
518 338 669 372 γράμματα
686 338 899 372 διαχαράξαντες
916 339 955 369 είς

169 384 257 410 πάντα
269 383 451 418 διεπέμψαντο
463 383 497 410 τὰ
508 383 569 419 ἔθνη
579 384 635 414 τοῖς
644 382 800 417 ἁπανταχοῦ
820 383 955 415 Ἰουδαίοις

169 430 355 461 διαϐάλλοντες
381 429 429 465 τὴν
446 429 564 465 Χριστοῦ
582 430 766 461 διδασκαλίαν,
790 429 827 461 ὡς
851 430 956 465 αἵρεσιν

171 477 266 512 καινὴν
284 476 329 503 καὶ
342 475 483 511 ἀλλοτρίαν
500 475 547 501 τοῦ
565 475 643 507 Θεοῦ,
659 475 847 511 παρήγγελλον
870 484 899 501 τε
922 475 955 501 δι’

171 523 318 551 ἐπιστολῶν
343 523 380 558 μὴ
405 521 607 557 παραδέξασθαι
636 522 729 557 αὑτήν.
748 520 832 547 Τοῦτο
860 521 889 547 δὲ
910 519 956 547 οὖν

169 569 236 596 αὐτὸ
251 567 393 603 σημαίνειν
414 566 501 593 ἔοικεν
518 567 534 601 ἡ
552 566 620 600 μετά
634 567 727 601 χεῖρας
741 566 903 601 προφητεία,
928 566 956 591 ἐν

168 613 191 649 ᾧ
204 614 288 648 λέγει’
304 623 313 638 ε
333 612 400 639 Οὐαὶ
414 612 465 647 γῆς
481 611 590 642 πλοίων,
606 612 739 646 πτέρυγες
756 611 881 638 ἐπέκεινα
908 619 956 637 πο-

168 659 262 696 ταμῶν
281 658 430 689 Αίθιοπίαςδ
445 659 458 684 ὁ
470 657 640 684 ἀποστέλλων
654 658 681 684 ὲν
696 657 816 693 θαλάσσῃ
830 657 932 692 ὅμηρα·
945 666 953 681 ι

168 707 226 734 ἀνθ’
237 702 268 733 οὗ
284 707 298 733 ό
311 705 456 740 Σύμμαχος
467 704 658 736 ἀποστόλους
665 702 725 730 εἷπε
738 704 836 740 φήσας,
854 713 862 729 ‹
874 704 957 729 Ἀπο-

171 752 286 780 στέλλων
312 750 476 781 ἀποστόλους
502 751 530 776 ἐν
550 749 680 785 θαλάσσῃ·
705 760 713 774 1
742 751 756 776 ὁ
786 750 814 775 δὲ
843 748 957 779 Ἀκύλας

169 797 339 833 πρεσϐύτας
347 796 477 828 ἐξέδωκεν
495 794 590 826 εἰπὼν,
606 804 615 820 ι
638 795 666 821 'U
683 794 854 821 ἀποστέλλων
869 795 897 820 ἐν
911 793 957 820 θα-

169 844 256 878 λάσσῃ
270 841 435 877 πρεσὸύτας.
456 850 465 866 ι
486 841 566 876 Ὁρᾷς
592 841 665 871 ὅπως
681 841 694 866 ό
710 839 788 873 λόγος
809 840 872 870 τοὺς
892 847 957 874 προ-

169 889 313 924 λεχθὲντας
336 887 471 914 Ἰουδαίων
482 887 615 922 ἄρχοντας
624 885 770 918 ταλανίζει,
788 885 834 912 καὶ
847 886 895 919 τὴν
905 885 956 920 γῆν

1007 297 1034 320 et
1042 292 1173 324 seniores,
1183 292 1289 320 litteras
1298 292 1324 319 in
1339 299 1435 319 omnes
1443 296 1537 326 gentes
1546 291 1650 317 misisse
1658 291 1791 318 adomnes

1006 338 1105 372 ubique
1115 337 1222 365 Judteos
1234 358 1242 368 .
1256 345 1308 371 quo
1323 337 1424 364 Christi
1440 337 1592 363 doctrinam
1608 336 1789 366 traducerent,

1007 388 1035 410 ut
1060 390 1156 410 novam
1175 390 1205 410 ac
1222 383 1276 410 Deo
1300 383 1438 409 inimicant
1462 386 1563 409 sectam
1589 390 1595 408 :
1615 389 1646 407 ac
1672 381 1791 415 epistolis

1007 428 1154 461 monuisse,
1176 433 1205 455 ut
1227 435 1261 455 ne
1277 428 1349 455 illam
1368 427 1528 461 reciperent.
1544 426 1601 453 lloc
1624 426 1711 460 ipsum
1727 433 1792 459 ergo

1006 474 1159 508 signiﬁcare
1174 474 1280 500 videtur
1297 480 1413 507 pra-.sens
1440 472 1582 507 prophetia
1605 471 1648 497 ubi
1670 471 1789 497 dicitur:

1010 530 1019 547 ι
1040 519 1085 547 Va:
1101 524 1180 546 terrm
1202 519 1327 551 navium,
1345 519 1392 545 alae
1407 518 1475 544 ultra
1497 517 1608 543 ﬁumina
1625 515 1789 550 £thiopiat;

1007 566 1053 601 qui
1074 565 1155 593 mittit
1169 566 1194 592 in
1213 573 1287 592 mare
1305 565 1432 596 obsides;
1454 573 1462 588 ι
1479 571 1526 597 pro
1541 571 1594 597 quo
1612 562 1792 597 Symmachus

1007 611 1136 646 apostolos
1151 611 1219 637 dixit
1235 611 1276 636 his
1294 611 1384 636 verbis
1395 630 1402 641 ,
1421 620 1430 635 ι
1446 610 1496 643 Qui
1512 610 1594 636 mittit
1607 613 1635 635 et
1653 607 1792 642 apostolos

1007 659 1033 686 in
1050 665 1143 689 mare;
1161 666 1170 682 ›
1184 655 1279 690 Aquila
1293 663 1356 682 vero
1375 655 1472 690 legatos
1486 655 1580 687 edidit,
1596 655 1698 686 dicens,
1715 662 1724 679 ‹
1740 652 1791 685 Qui

1008 704 1091 730 mittit
1116 703 1142 729 in
1167 709 1241 729 mare
1264 701 1376 736 legatos.
1399 710 1407 726 ι
1428 700 1520 727 Viden‘
1545 700 1681 734 quomodo
1701 706 1791 725 sermo

1008 748 1149 782 praedictos
1171 746 1323 774 Iudaeorum
1350 746 1485 780 principes
1508 745 1622 772 miseros
1653 744 1791 778 praedicet,

1008 802 1110 822 necnon
1121 799 1220 821 terram
1231 800 1335 823 eorum,
1345 791 1421 826 cujus
1432 791 1532 817 malitia
1545 798 1630 825 usque
1643 790 1676 817 ad
1684 788 1791 816 Ethio-
1834 810 1841 815 .

1012 847 1057 875 pes
1069 844 1232 875 pervaserat.
1241 839 1421 872 Quamobrem
1431 837 1577 864 secundum
1586 836 1790 871 Symmachum,

1011 896 1020 912 ι
1039 886 1086 913 Vae
1100 891 1178 913 terrae
1198 886 1302 913 sonitus
1317 884 1384 918 alae,
1403 891 1462 917 qua:
1479 883 1548 910 ultra
1563 882 1670 909 flumina
1686 881 1793 909 Ethio-

170 935 269 967 αὐτῶν,
289 932 323 970 ἦς
339 935 355 969 ἡ
374 933 455 960 κακία
471 933 565 968 μέχρις
577 932 712 959 Αἰθιόπων
724 931 835 966 ἔφθασε.
850 930 895 957 Διὸ
906 939 956 957 κα-

1011 933 1059 967 piae
1073 941 1082 957 ι
1095 941 1102 958 :
1120 932 1197 966 queis
1209 930 1355 965 signiﬁcat,
1367 930 1447 957 etiam
1460 928 1529 955 ultra
1538 927 1694 963 Ethiopum
1704 928 1793 963 regio-

169 981 204 1009 τὰ
219 981 265 1008 τδν
282 980 429 1015 Σύμμαχον
444 979 562 1014 εἴρηται,
577 989 585 1004 ι
601 978 669 1005 Οὐαὶ
685 978 737 1013 γῆς
749 979 762 1004 ὁ
775 976 841 1013 ἦχος
857 977 956 1012 πτέρυ-

169 1036 228 1062 γος,
240 1028 258 1063 ὴ
269 1026 385 1062 πέραθεν
400 1025 528 1060 ποταμῶν
537 1025 685 1056 Αἰθιοπίας·
703 1035 711 1050 ι
725 1025 757 1051 δι’
766 1021 802 1050 ὧν
819 1024 954 1059 σημαίνει,

172 1074 210 1105 ὡς
225 1073 272 1100 καὶ
287 1072 373 1107 πέραν
388 1071 437 1106 τῆς
460 1071 595 1097 meum
610 1071 709 1107 χώρας,
729 1071 807 1106 ἡτῶν
823 1069 955 1105 ὲσχατιῶν

172 1120 222 1155 τῆς
237 1120 298 1155 γῆς,
313 1119 327 1145 ό
340 1118 387 1154 τῆς
399 1118 529 1153 πονηρίας
541 1115 606 1152 ἦχος
622 1117 674 1143 τῶν
687 1117 735 1152 τὴν
758 1116 886 1143 Ἰουδαίαν
902 1116 954 1151 γῆν

173 1165 317 1192 οἰκούντων
330 1164 374 1190 διά
391 1172 470 1190 τινων
489 1162 583 1198 ὥσπερ
604 1162 757 1198 ίπταμένων
772 1162 870 1188 πλοίων
888 1170 955 1197 προ-

172 1210 263 1245 ῆλθεν,
289 1209 315 1236 οἴ
327 1218 357 1235 τε
379 1208 521 1234 ἀπόστολοι
547 1207 646 1237 αὐτῶν,
673 1207 817 1238 ἐπιστολὰς
838 1206 958 1242 βιϐλίνας

170 1256 356 1291 κομιζόμενοι,
377 1254 504 1289 ὑπεράνω
519 1262 548 1279 τε
567 1253 619 1279 τῶν
642 1253 744 1279 ὑδάτων
758 1252 958 1288 ναυτιλλόμενοι

170 1302 218 1329 καὶ
231 1302 279 1337 τὴν
294 1300 429 1327 θάλασσαν
438 1299 612 1334 ἐμπλέοντες,
629 1299 784 1334 ἁπανταχοῦ
795 1299 845 1333 γῆς
858 1298 959 1332 διέτρε-

169 1357 217 1384 χον
244 1347 289 1374 τὸν
307 1348 371 1383 περὶ
385 1346 431 1373 τοῦ
452 1346 577 1381 Σωτῆρος
593 1345 670 1380 ἡμῶν
688 1344 905 1377 ἐνδιαϐάλλοντες
916 1345 959 1371 λό-

1009 986 1082 1010 rtem,
1103 977 1160 1005 sive
1177 977 1246 1004 ultra
1268 981 1388 1003 extrema
1405 979 1499 1008 terrae,
1519 974 1627 1001 malitiae
1643 974 1792 1001 incolarum

1008 1024 1107 1052 ludere
1126 1024 1255 1056 sonitum,
1270 1031 1318 1050 ccu
1335 1022 1495 1057 quibusdam
1508 1021 1660 1048 volantibus
1676 1021 1790 1048 navibus

1009 1071 1138 1104 delatum,
1156 1070 1320 1105 pervenisse,
1347 1067 1536 1102 apostolosque
1554 1075 1646 1095 eorum
1661 1066 1790 1101 epistolas

1008 1116 1123 1143 biblinas
1144 1115 1311 1148 deferentes,
1329 1123 1360 1143 ac
1375 1123 1456 1148 supra
1476 1115 1585 1142 dorsum
1608 1121 1738 1147 aquarum
1762 1113 1790 1140 in

1010 1162 1130 1196 marique
1154 1162 1324 1196 navigantes,
1342 1162 1442 1196 ubique
1458 1165 1591 1188 terrarum
1617 1159 1789 1191 discurrisse,

1008 1214 1158 1234 sermonem
1173 1207 1205 1234 de
1221 1206 1365 1234 Servatore
1382 1211 1473 1233 nostro
1496 1206 1638 1233 calumniis
1659 1205 1791 1233 vellican-

1010 1257 1059 1280 tes.
1085 1253 1226 1288 Apostolus
1247 1261 1312 1280 vero
1338 1253 1419 1280 etiam
1442 1261 1514 1280 nunc
1535 1252 1619 1280 Judaei
1638 1258 1794 1286 nuncupare

1009 1299 1097 1326 solent
1111 1306 1168 1332 eos,
1180 1300 1225 1334 qui
1238 1299 1385 1327 circulares
1397 1300 1548 1334 principum
1565 1306 1674 1326 suorum
1689 1297 1794 1325 litteras

1011 1345 1222 1380 circumquaque
1235 1345 1387 1381 deportant.

169 1402 229 1428 γον.
248 1393 424 1424 Ἀποστόλους
449 1392 477 1418 δὲ
499 1392 582 1418 εἰσέτι
604 1391 652 1418 καὶ
666 1391 712 1417 νῦν
729 1391 788 1423 ἔθος
805 1391 879 1418 ἐστὶν
900 1391 1036 1423 Ἰουδαίοις
1055 1391 1198 1426 ὀνομάζειν
1216 1393 1280 1423 τοὺς
1304 1391 1434 1426 ἐγκύκλια
1452 1391 1601 1426 γράμματα
1634 1389 1710 1425 παρὰ
1740 1388 1794 1416 τῶν

170 1439 308 1475 ἀρχόντων
319 1437 408 1465 αὐτῶν
422 1437 673 1472 ἐπικομιζομένους.

210 1496 220 1512 ι
231 1485 411 1521 Πορεύσονται
425 1484 479 1520 γὰρ
496 1483 604 1518 ἄγγελοι
620 1483 715 1516 κοῦφοι
732 1483 798 1518 πρὸς
810 1483 884 1514 ἔθνος
900 1491 960 1518 μετ-

172 1533 258 1568 έωρον
286 1532 332 1558 καὶ
351 1530 424 1564 ξένον
440 1530 503 1557 λαὸν
527 1531 573 1556 καὶ
589 1529 715 1564 χαλεπόν.
734 1529 781 1560 Τίς
811 1529 892 1555 αὑτοῦ
910 1530 959 1555 ὲπ-

173 1579 264 1605 έκεινα
274 1586 281 1611 ;
291 1577 366 1608 ἔθνος
379 1577 434 1611 (22)
446 1576 603 1602 ἀνέλπιστον
615 1576 661 1602 καὶ
670 1574 940 1610 καταπεπατημένον.
948 1585 956 1600 ι

179 1624 222 1656 Ὠς
238 1621 306 1650 εἶναι
320 1622 406 1658 ἀρχὴν
424 1621 585 1656 πράγματος
595 1629 601 1635 ·
621 1619 667 1646 καί
686 1628 731 1654 μοι
746 1619 818 1645 δοκεί
834 1618 912 1645 τοῦτο
930 1618 960 1644 τὺ
975 1639 995 1667 C

173 1668 337 1705 πρόσταγμα
352 1667 420 1702 πρὸς
443 1666 505 1697 τοὺς
535 1664 657 1700 μαθητὰς
674 1664 721 1690 τοῦ
737 1665 861 1699 Σωτῆρος
882 1664 960 1699 ἡμῶν

173 1713 300 1750 εἰρῆσθαι
310 1721 316 1728 ⁸
334 1712 380 1744 οὓς
395 1711 440 1738 διὰ
451 1711 480 1738 τὸ
493 1712 574 1738 πᾶσιν
587 1710 739 1746 ἀνθρώποις
755 1710 865 1744 ἀγαθῶν
881 1710 961 1744 εὐαγ-

173 1759 300 1794 γελιστάς
317 1757 397 1790 εἶναι,
413 1758 544 1792 ἀγγέλους
562 1758 609 1784 καὶ
623 1757 740 1791 κούφους
757 1756 881 1792 ὠνόμασε
894 1756 962 1791 πρὸς

174 1805 375 1840 ἀντιδιαστολὴν
389 1804 442 1831 τῶν
465 1803 614 1831 Ἰουδαϊκῶν
635 1803 801 1830 ἀποστόλων.
819 1804 903 1837 Φησὶν
916 1801 961 1829 οὖν

175 1851 246 1886 πρὸς
261 1850 358 1881 αὐτοὺς
373 1850 434 1881 τοὺς
451 1849 504 1875 τῶν
514 1848 622 1878 ἀγαθῶν
641 1849 772 1882 ἀγγέλους
785 1857 790 1863 ·
817 1848 921 1883 Ὑμεῖς,
938 1849 962 1874 οἰ

176 1895 296 1931 Χριστοῦ
308 1894 437 1930 μαθηταὶ,
447 1894 604 1930 πορεύεσθε,
617 1894 709 1928 ὥσπερ
722 1892 768 1921 οὖν
784 1894 862 1925 αὐτὸς
877 1895 891 1920 ὁ
905 1895 962 1920 Σω-

175 1941 229 1976 τὴρ
243 1940 383 1974 διετάξατο
400 1939 467 1975 πρὸς
491 1939 561 1974 ὑμᾶς
582 1938 684 1972 λέγων’
705 1948 713 1964 ‹
726 1939 876 1974 Πορεύεσθε
896 1939 963 1974 μᾶλ-

176 1988 222 2014 λον
241 1988 309 2023 πρὸς
323 1986 359 2014 τὰ
379 1986 503 2022 πρόϐατα
515 1984 549 2011 τὰ
557 1984 712 2012 ἀπολωλότα
727 1986 800 2011 οἴκου
823 1985 939 2020 Ἰσραὴλ,
952 1995 960 2010 ι

176 2033 374 2069 καὶμῐΙορευθέ
380 2041 446 2065 ντες,
457 2031 644 2067 μαθητεύσατε
658 2031 746 2057 πάντα
760 2031 793 2057 τὰ
807 2031 870 2066 ἔθνη
885 2033 913 2058 ὲν
926 2032 964 2067 τῷ

176 2080 288 2116 ὀνόματί
306 2089 366 2116 μου.
381 2089 390 2105 ι
410 2079 589 2115 Πορεοόμενοι
605 2078 643 2110 δὲ,
657 2078 733 2113 φησὶ,
748 2078 843 2112 κοῦφοι
857 2078 963 2112 γίνεσθε

177 2127 225 2153 καὶ
241 2126 391 2158 εὐσταλεῖς,
408 2125 445 2156 ὡς
466 2124 498 2151 ἂν
521 2123 614 2159 ῥᾳδίαν
637 2123 686 2159 τὴν
703 2123 813 2159 πορείαν
831 2123 944 2158 ποιῆσθε
955 2132 961 2138 ·

176 2172 191 2199 ὃ
206 2172 238 2208 δὴ
252 2172 298 2198 καὶ
315 2172 406 2202 αὐτοῖς
422 2171 501 2197 πάλιν
515 2170 629 2206 παρῄνει
639 2169 725 2205 λέγων
735 2179 741 2184 ·
757 2180 765 2194 ι
778 2170 869 2204 Μηδὲν
879 2170 963 2205 ἄρητε

178 2218 248 2244 κατὰ
262 2217 310 2252 τὴν
325 2217 383 2243 ὁδόν
395 2225 401 2232 ·
420 2216 458 2252 μὴ
474 2215 611 2251 κτήσησθε
628 2215 726 2251 χρυσὸν
743 2214 810 2250 μηδὲ
831 2214 962 2250 ἄργυρον,

179 2264 246 2300 μηδὲ
269 2263 367 2298 χαλκὸν
386 2263 426 2294 είς
443 2262 492 2294 τὰς
516 2261 603 2295 ζώνας
634 2261 720 2296 ὑμῶν,
735 2271 744 2286 ι
768 2261 814 2287 καὶ
838 2261 871 2286 τὰ
890 2260 960 2295 ἑξῆς.

1051 1492 1059 1507 ι
1079 1481 1157 1509 lbunt
1170 1482 1240 1509 enim
1261 1482 1347 1509 nuntii
1361 1482 1463 1509 celeres
1476 1482 1509 1509 ad
1521 1486 1628 1517 gentem
1645 1481 1792 1508 excelsam-

1011 1532 1039 1555 et
1050 1528 1220 1563 peregrinum
1230 1527 1368 1562 populum,
1377 1533 1404 1554 et
1416 1535 1536 1562 gravem.
1547 1527 1612 1560 Quis
1621 1527 1690 1554 ultra
1707 1527 1794 1554 illum?

1011 1581 1076 1609 gens
1092 1574 1231 1607 desperata
1246 1577 1273 1600 et
1284 1574 1453 1601 conculcata.
1482 1582 1490 1599 ι
1513 1572 1550 1599 Ita
1566 1577 1595 1599 ut
1621 1573 1658 1600 sit
1677 1572 1740 1600 illud
1755 1573 1792 1599 rei

1012 1619 1117 1646 initium
1133 1628 1139 1645 :
1158 1619 1320 1653 videturque
1340 1619 1406 1645 mihi
1419 1619 1471 1646 hoc
1487 1623 1652 1653 praeceptum
1670 1618 1794 1645 Salvato-

1013 1664 1050 1691 ris
1062 1664 1145 1692 nostri
1161 1664 1300 1699 discipulis
1312 1664 1368 1690 dari
1382 1673 1389 1696 ;
1407 1664 1452 1699 qui
1473 1664 1544 1698 quod
1568 1664 1697 1690 omnibus
1708 1664 1795 1691 homi-

1013 1710 1091 1737 nibus
1106 1710 1238 1737 bonorum
1262 1710 1348 1737 nuntii
1362 1710 1424 1741 sint,
1443 1710 1529 1737 nuntii
1546 1715 1572 1737 et
1585 1709 1690 1737 celeres
1706 1710 1740 1736 ab
1761 1717 1793 1736 eo

1013 1760 1154 1787 vocantur,
1172 1756 1204 1783 ad
1218 1756 1394 1783 dill‘crcntiam
1410 1755 1583 1783 .lndaicorum
1597 1756 1790 1791 apostolorum.

1013 1801 1073 1829 lllos
1096 1802 1176 1836 igitur
1190 1802 1322 1829 bonorum
1344 1802 1452 1829 nuntios
1479 1802 1518 1829 sic
1542 1802 1710 1837 alloquitur:
1730 1801 1794 1834 Vos,

1013 1848 1113 1876 Christi
1125 1847 1260 1882 discipuli,
1273 1848 1318 1879 ite,
1334 1848 1559 1882 qumnmlmodum
1573 1848 1630 1882 ipsc
1644 1847 1718 1874 vobis
1731 1847 1794 1874 Ser-

1014 1898 1091 1920 vator
1104 1893 1242 1928 praecepit,
1261 1903 1270 1918 ε
1290 1892 1328 1920 ite
1338 1893 1426 1927 potius
1438 1893 1470 1918 ad
1485 1900 1559 1924 oves,
1574 1900 1634 1926 quae
1645 1892 1794 1926 perierunt,

1014 1940 1111 1966 domus
1128 1939 1209 1966 Israel
1223 1939 1262 1971 ³¹;
1288 1948 1298 1964 ι
1314 1944 1351 1969 et,
1367 1948 1374 1963 ε
1392 1938 1491 1965 Enntes
1503 1938 1597 1965 docete
1615 1945 1708 1965 onmes
1725 1946 1792 1973 gen-

1015 1989 1054 2011 tes
1077 1984 1103 2012 in
1119 1985 1228 2011 nomine
1250 1993 1310 2012 meo
1324 1984 1382 2012 ".I
1409 1983 1511 2011 Enntes
1527 1989 1628 2016 autem,
1651 1985 1699 2016 ait,
1723 1984 1795 2011 leves

1013 2034 1100 2057 estote
1123 2034 1150 2056 et
1169 2030 1299 2064 expediti,
1324 2034 1353 2056 ut
1378 2029 1485 2056 far-ilius
1513 2029 1583 2056 viam
1607 2030 1793 2056 emetiamini:

1013 2075 1084 2109 quod
1101 2075 1182 2102 etiam
1198 2075 1252 2102 illis
1269 2075 1415 2102 mandabat
1431 2075 1473 2101 his
1490 2075 1592 2107 verbis,
1607 2085 1615 2100 ι
1633 2074 1704 2102 Nihil
1726 2075 1792 2102 tule-

1015 2121 1074 2148 ritis
1087 2121 1112 2147 in
1126 2121 1186 2154 via;
1203 2129 1236 2148 ne
1250 2121 1409 2155 possideatis
1428 2128 1534 2153 aurum,
1557 2128 1606 2147 nec
1631 2126 1773 2156 argentum
1787 2142 1795 2154 ,

1015 2174 1064 2193 nec
1080 2174 1116 2193 ωε
1129 2167 1154 2193 in
1166 2166 1241 2193 zonis
1255 2166 1352 2193 vestris
1362 2166 1468 2197 ",retc.
1483 2165 1563 2193 Jubet
1581 2171 1670 2193 autem
1687 2167 1796 2201 proﬁci-

1014 2212 1052 2239 sci
1065 2219 1113 2239 eos
1129 2213 1161 2239 ad
1180 2217 1288 2247 gentem
1318 2212 1460 2239 sublimem
1479 2217 1507 2238 et
1523 2213 1703 2247 peregrinanti,
1722 2217 1750 2239 et
1763 2214 1796 2239 ad

1015 2257 1141 2292 populum
1159 2265 1278 2292 gravent.
1297 2256 1355 2284 Non
1371 2258 1441 2285 enim
1460 2258 1492 2283 ad
1511 2263 1589 2284 notos
1604 2257 1645 2286 vel
1669 2257 1798 2284 domesti-

177 2308 290 2336 Κελεύει
311 2308 339 2335 δὲ
359 2307 520 2343 πορεύεσθαι
537 2307 605 2343 πρὸς
620 2307 694 2338 ἔθνος
711 2306 845 2342 μετέωρον
858 2307 902 2332 καὶ
920 2306 960 2339 ξέ-

1015 2311 1062 2331 cos
1079 2304 1136 2330 sive
1154 2302 1253 2330 fratres
1267 2303 1452 2334 mittebantur,
1470 2304 1517 2330 sed
1531 2304 1562 2330 ad
1577 2303 1706 2338 quiosdam
1724 2310 1796 2336 pere-

178 2360 235 2383 vov,
246 2352 293 2378 καὶ
305 2351 372 2387 πρὸς
387 2350 450 2377 λαὸν
464 2350 589 2386 χαλεπόν.
606 2350 643 2376 Οὑ
661 2349 714 2384 γάρ
727 2349 794 2384 πρὸς
809 2348 963 2383 γνωρίμους

1017 2349 1107 2383 grinos
1129 2350 1234 2384 ignotos
1252 2350 1325 2377 viros
1355 2355 1382 2377 et
1405 2350 1579 2385 alienigenas,
1607 2349 1677 2384 apud
1701 2356 1797 2375 omnes

216 2398 239 2413 ⁸¹
252 2397 346 2424 Matth.
360 2405 387 2429 ι,
398 2397 425 2425 6.
462 2397 485 2413 δ’
499 2397 594 2423 Matth.
606 2404 701 2428 xxvttt,
719 2395 760 2423 19.
799 2395 822 2410 ⁸³
834 2394 927 2421 Matth.
939 2403 966 2427 χ,
985 2394 1011 2421 9.

180 2444 299 2473 breviter
313 2444 449 2476 admonui,
466 2451 499 2471 ue
520 2443 579 2478 quis
602 2451 651 2471 nos
664 2447 738 2477 pntet
749 2450 781 2469 ex
797 2442 867 2469 illius
882 2441 959 2469 fonti.

179 2480 232 2507 bus
250 2483 384 2506 mutuasse
397 2486 456 2513 quae
470 2479 602 2506 dicimus:
616 2486 676 2504 nam
692 2482 719 2504 et
733 2478 760 2504 in
777 2477 901 2513 praesenti
915 2485 959 2504 ca-

179 2514 266 2550 pitqu
279 2512 422 2550 adversarii
433 2513 539 2550 Judaros
553 2518 581 2541 et
588 2512 960 2550 llierosolymarmdieitpro-

179 2547 302 2585 phetiam
318 2548 396 2581 dirigi
414 2555 422 2574 :
441 2549 559 2585 quodin
578 2547 708 2585 principio
723 2547 784 2574 ﬁdei
797 2547 959 2585 Christiana:

182 2581 216 2612 ad
230 2588 300 2611 totas
314 2589 409 2617 gentes
431 2581 556 2617 epistolas
576 2581 713 2614 miserint,
738 2589 771 2609 ne
792 2581 960 2617 susciperent

180 2615 334 2654 passionem
351 2615 459 2654 Christi,
473 2622 499 2654 et
511 2618 632 2646 miserint
647 2624 731 2651 usque
747 2617 780 2643 ad
795 2615 959 2654 Ethiopiatn

180 2651 210 2681 et
235 2652 430 2681 occidentalem
464 2652 586 2688 plagam,
617 2657 762 2688 totumque,
785 2651 877 2688 orbem
904 2651 961 2684 ejus

180 2686 587 2722 blasphemia:,disseminatione
603 2686 805 2722 compleverint.
823 2695 833 2711 ι
851 2686 883 2722 Et
899 2693 962 2722 sane

182 2721 254 2758 quod
273 2723 311 2750 ait
332 2722 513 2757 Hieronymus
533 2721 676 2750 Eusebium
702 2721 887 2758 ἀλληγορικῶς
904 2721 962 2758 ple-

182 2756 297 2792 rumque
316 2757 449 2785 dictorum
472 2764 580 2784 sensum
602 2756 786 2791 interpretari,
805 2756 910 2792 cuique
924 2756 963 2783 le-

181 2790 261 2855 genti
271 2792 356 2832 palam
374 2793 425 2819 erit
438 2800 445 2823 ;
460 2792 530 2825 quod
544 2799 607 2819 vero
622 2790 698 2824 dicit,
714 2799 744 2819 se
764 2799 816 2818 non
831 2798 867 2831 ex_
877 2790 961 2831 Euse-

203 2836 221 2855 ιι
236 2827 355 2855 lonttbus
368 2832 513 2855 mutuasse.
533 2825 567 2853 de
582 2831 636 2853 toto
651 2828 846 2854 commentario
861 2826 961 2853 tntelh-

203 2828 221 2855 ii
236 2825 355 2855 {antibus
368 2832 513 2858 mutuasse,
533 2825 567 2853 de
582 2831 636 2853 toto
651 2828 846 2854 commentario
861 2826 961 2853 intelli-

201 2870 250 2889 as:
267 2862 366 2890 etenim
382 2862 509 2896 pleraque
524 2861 568 2888 ille
588 2861 675 2893 affert,
687 2869 746 2894 quae
757 2861 889 2888 Eusebius
903 2860 963 2887 nul-

193 2896 288 2925 atenus
309 2897 397 2928 attigit
417 2905 424 2927 ;
448 2898 496 2925 sed
521 2900 609 2924 tamen
631 2896 713 2924 multa
736 2903 768 2924 ex
795 2896 868 2924 hisce
888 2903 963 2924 coms

1011 2440 1170 2469 mentariis.
1188 2439 1271 2466 etiam
1295 2439 1436 2474 allegorice
1459 2439 1527 2466 dicta
1557 2438 1664 2469 hausit.
1682 2446 1795 2472 quorum

1011 2483 1143 2510 perquam
1162 2474 1299 2501 minimam
1321 2480 1423 2508 partem
1440 2494 1447 2506 ,
1468 2482 1516 2501 nos
1535 2474 1600 2500 hinc
1621 2478 1648 2500 et
1667 2474 1728 2500 inde
1749 2481 1796 2499 no-

1012 2517 1136 2537 lllVHllUS.

1057 2545 1101 2576 ἢ)
1120 2544 1183 2572 llazc
1198 2544 1224 2571 in
1239 2544 1310 2571 hunc
1325 2544 1413 2572 locum
1439 2543 1467 2571 S.
1488 2543 1668 2577 Hieronymus
1691 2542 1773 2569 habet
1788 2563 1795 2573 ,

1015 2590 1023 2606 ι
1042 2579 1124 2611 LXX,
1143 2587 1191 2614 pro
1206 2587 1238 2606 eo
1249 2579 1318 2613 quod
1333 2587 1382 2606 nos
1397 2579 1513 2606 diximus
1535 2582 1735 2611 exspectantem,
1749 2585 1795 2604 ea:-

1013 2620 1182 2649 spectantem,
1195 2619 1223 2641 et
1237 2614 1263 2640 in
1281 2614 1412 2641 llebraico
1428 2615 1557 2648 scriptum
1569 2618 1620 2643 est,
1637 2617 1795 2649 sperantem,

1016 2646 1182 2680 sperantem,
1207 2657 1221 2675 e
1245 2650 1381 2676 contrario
1411 2646 1576 2682 interpretati
1607 2651 1670 2674 sunt
1684 2646 1794 2673 ἀνέλπι-

1018 2694 1088 2714 στον.
1105 2685 1131 2711 id
1146 2690 1197 2715 est,
1213 2692 1263 2710 non
1276 2689 1432 2716 sperantem.
1450 2684 1482 2710 Et
1497 2684 1530 2709 ob
1545 2683 1614 2709 hanc
1626 2689 1735 2708 causam
1749 2683 1795 2709 de-

1016 2721 1114 2746 derunt
1126 2719 1297 2746 occasionem
1312 2718 1435 2750 Eusebio,
1448 2723 1477 2744 ut
1490 2718 1539 2743 hoc
1554 2717 1586 2744 de
1597 2717 1721 2751 gentibus
1739 2725 1796 2743 ma-

1016 2755 1067 2789 gis.
1083 2762 1142 2788 qum
1156 2761 1204 2780 nec
1217 2761 1290 2788 spent
1304 2754 1429 2782 habeant.
1454 2759 1503 2779 nec
1518 2752 1722 2779 Testamentum
1736 2751 1795 2783 Dei,

1017 2788 1067 2818 nec
1083 2789 1238 2823 prophetas,
1262 2788 1634 2823 intelligendumputaverit;
1656 2794 1737 2822 quam
1764 2789 1797 2814 de

1016 2822 1115 2852 Iudaeis
1129 2832 1135 2850 :
1151 2824 1221 2857 quod
1233 2823 1266 2850 ab
1286 2823 1351 2857 ipsis
1366 2826 1454 2856 postea
1470 2822 1605 2853 Ecclesiaz,
1620 2822 1722 2857 quaejn
1737 2830 1796 2857 spe-

1017 2860 1076 2886 cula
1089 2856 1232 2886 constituta
1246 2856 1300 2889 est,
1311 2859 1382 2884 dona
1397 2856 1525 2885 mittenda
1538 2858 1602 2891 sint,
1616 2862 1641 2884 et
1656 2856 1798 2884 ollereudu:

1020 2894 1134 2922 victima:
1148 2893 1311 2927 spirituales.
1333 2920 1339 2927 λ
