2044 3215
274 183 328 211 3ἷ5

613 180 747 208 EUSEBll
766 179 1001 209 CESARIENSIS
1018 183 1094 212 OPP.
1115 182 1206 211 PARS
1224 181 1268 210 111.
1289 195 1324 201 —
1340 179 1544 209 EXEGETICA.

1855 181 1908 208 216

276 247 372 277 uelites
387 241 526 275 dispersos
543 246 550 266 :
568 239 594 266 in
617 239 716 274 quibus
732 246 797 268 vere
810 240 941 268 sublimes
958 240 1066 275 quidam

1121 241 1168 268 καὶ
1184 240 1253 278 πρὸς
1268 240 1386 272 οἰκείους
1399 240 1478 272 τινὰς
1494 239 1542 267 καὶ
1557 239 1688 275 ἀδελφοὺς
1701 239 1906 272 ἀπεστέλλοντο,

275 293 365 322 θ-ηιιι,
379 288 404 316 in
421 287 493 314 nulla
517 287 594 314 firma
621 294 650 314 re
669 286 864 317 consistentes.
876 294 908 313 ac
923 291 1065 318 errantes.

276 334 322 365 qui
348 333 422 361 omni
447 332 648 366 superstitionis
677 337 759 359 vento
791 332 1064 360 circumferebantur.

277 380 358 406 lidem
374 386 456 412 porro
471 386 536 414 gens
552 379 642 413 gravis
657 383 747 410 erant,
765 379 816 413 pia:
829 378 971 414 religionis
984 380 1067 405 verbo

278 423 370 450 illrt'Sli
387 429 414 451 et
427 425 542 451 inimici.
561 424 615 451 llos
643 428 729 450 tamen
747 428 774 450 ut
791 424 891 451 adeant
907 424 995 450 nuntii
1020 431 1064 450 ve.

278 470 351 497 luces
365 472 498 505 prmeipit.
515 478 546 498 ac
561 470 615 498 illis
629 471 790 505 praedicent,
810 475 836 498 et
861 478 949 506 usque
965 471 998 498 ad
1018 478 1066 498 ex-

279 521 364 542 trema
388 521 467 544 terra:
506 517 666 550 pervadant.
692 517 873 550 Quamobrem
904 517 1065 551 subiungit,

281 570 291 586 ι
310 560 378 594 Quis
391 561 462 589 ultra
475 562 572 589 illum?
590 572 600 588 ι
615 562 672 589 sive
694 562 842 589 secundum
858 561 1063 597 Symmachum,

281 618 291 634 ι
308 608 373 636 Post
388 616 470 643 quem
487 617 540 636 non
556 613 598 636 est
611 609 694 636 ultra.
708 618 717 634 ι
730 608 792 636 11ιιιο
808 613 900 636 autem
924 616 990 644 gens
1018 615 1065 643 pe-

277 656 385 691 regrina
398 660 425 683 et
443 655 578 687 sublimis,
603 655 663 682 sine
680 662 729 689 spe
745 655 879 690 degebat;
898 655 933 682 ita
950 658 980 681 ut
993 654 1067 682 dicat

276 703 433 738 Apostolus,
453 712 463 729 ι
476 703 590 730 Eramus
606 702 754 737 aliquando
767 709 843 728 suem
862 709 915 729 non
936 702 1068 730 habentes

276 755 304 776 et
320 750 393 777 athei
414 749 441 776 in
458 749 557 775 mundo
569 749 602 776 ⁸⁸.
617 758 627 774 ι

1119 286 1187 312 ἀλλὰ
1210 286 1278 321 πρός
1298 294 1374 317 τινας
1393 284 1615 319 ἁπεξενωμὲνους
1633 284 1788 318 ἀγνώστους
1809 285 1908 321 ἄνδρας

1120 332 1168 358 καὶ
1181 331 1346 366 ἁλλογενεῖς,
1363 332 1425 363 τοὺς
1436 331 1466 357 ἐν
1477 331 1543 357 πᾶσι
1557 332 1613 362 τοῖς
1625 330 1712 357 ἔθνεσι
1721 340 1728 346 ·
1744 332 1773 358 ὲν
1785 329 1826 363 οἷς
1837 329 1908 367 ἦσαν

1123 379 1257 414 μετέωροι
1273 377 1392 413 ἀληθῶς,
1410 378 1456 404 ἐπὶ
1472 377 1555 413 μηδὲν
1569 377 1675 412 ἐδραίου
1697 378 1823 410 ἑστῶτες,
1836 378 1907 404 πλα-

1123 424 1236 460 νώμενοι
1257 425 1305 451 καὶ
1320 424 1530 460 περιφερόμενοι
1551 425 1632 450 παντὶ
1649 423 1741 459 ἀνέμῳ
1760 424 1811 459 τῆς
1826 424 1908 451 ⁴πολυ-

1123 471 1184 497 Θέου
1203 470 1318 506 πλάνης.
1341 471 1371 497 Οἱ
1386 470 1409 496 δ’
1426 470 1502 496 αὐτοὶ
1522 469 1569 496 καὶ
1593 469 1710 504 χαλεπὸν
1732 469 1807 502 ἔθνος
1826 467 1908 505 ἦσαν,

1120 516 1226 552 ἐχθρῶς
1239 517 1286 544 καὶ
1302 516 1438 556 πολεμῖως
1448 515 1612 552 διακείμενοι
1622 516 1690 550 πρὸς
1701 516 1745 543 τὸν
1755 516 1805 551 τῆς
1816 516 1908 544 θεεκςῑ⁴

1120 563 1195 595 δείας
1209 563 1298 596 λόγον.
1313 563 1407 597 Ὅμως
1422 561 1444 588 δ’
1457 559 1503 588 οὖν
1521 561 1589 597 πρὸς
1600 561 1710 593 τούτους
1724 563 1908 598 παρακελεύε-

1120 617 1165 635 ται
1185 608 1295 635 ἀπιέναι
1316 606 1378 639 τοὺς
1394 607 1526 641 ἀγγέλους
1546 607 1663 641 κούφους
1677 608 1723 634 καὶ
1736 607 1841 640 τούτοις
1857 617 1908 644 κη-

1122 655 1237 691 ρύττειν,
1257 654 1404 680 διαόαίνειν
1417 653 1446 680 δὲ
1471 654 1517 680 καὶ
1536 653 1582 679 ἐπὶ
1604 653 1638 679 τὰ
1655 653 1759 688 πέρατα
1780 653 1830 689 τῆς
1843 654 1907 690 γῆς.

1121 701 1167 728 Διὸ
1178 700 1310 735 ἐπιλέγει,
1321 710 1330 725 ‹
1342 700 1390 732 Τίς
1402 699 1482 727 αὐτοῦ
1494 699 1637 730 ἐπέκεινα;
1651 709 1660 725 ι
1673 700 1688 735 ἢ
1701 700 1771 726 κατὰ
1782 700 1827 726 τὸν
1837 701 1910 736 Σύμ-

1124 756 1220 783 μαχον,
1240 746 1328 774 «Μεθ’
1343 746 1373 773 ὃν
1390 746 1440 772 οὐκ
1462 745 1534 772 ἔστιν
1551 746 1688 772 ἐπέκεινα.
1704 756 1714 772 ι
1731 746 1816 773 Τοῦτο
1833 746 1863 774 δὲ
1878 747 1909 774 τὸ

277 797 482 832 ἀπεξενωμένον
504 797 551 823 καὶ
574 797 711 832 μετέωρον
735 797 822 830 ἔθνος,
859 798 906 824 καὶ
926 797 1085 824 ἀνέλπιστον
1103 793 1150 832 ἦν·
1183 796 1222 828 ὡς
1236 795 1326 830 λέγειν
1341 795 1386 822 τὸν
1406 794 1584 822 Ἀπόστολον·
1607 803 1616 820 ι
1633 792 1724 830 Ἦμέν
1744 804 1795 822 που
1813 795 1909 823 ἐλπίδα

279 843 316 879 μὴ
333 842 449 878 ἔχοντες,
465 842 513 869 καὶ
529 842 602 870 ἄθεοι
619 845 648 870 ὲν
661 843 700 879 τῷ
715 844 819 879 κόσμῳ.
831 854 840 870 ι

315 891 396 918 Vens.
415 891 441 917 5.
459 899 468 915 ε
493 890 569 918 Nune
585 891 695 918 flumina
710 897 791 919 terra:
816 893 907 919 omnia
929 898 1066 928 tamquam

1158 900 1167 914 ο
1183 889 1240 916 Νῦν
1255 889 1280 916 οἱ
1296 888 1412 924 ποταμοὶ
1427 888 1476 923 τῆς
1491 888 1543 923 γῆς
1558 888 1658 920 πάντες
1673 887 1800 924 ὠςχώρα
1815 896 1908 915 κατοι-

230 971 235 981 ί
277 937 351 969 regio
367 937 489 964 habitata
504 946 511 964 :
530 937 700 964 habitabitur
711 938 786 972 regio
800 945 904 965 eorttm.
927 948 937 965 ι
955 939 1068 967 Videtur

276 983 343 1010 mihi
355 983 539 1015 subiudicare.
564 983 719 1011 fluminibtts
731 984 852 1019 quidem,
867 985 1067 1012 multitudinem

276 1029 398 1063 gentium
410 1036 469 1063 qua-
482 1029 564 1056 Dcnm
578 1029 725 1064 cognitum
736 1034 799 1056 sunt
812 1038 819 1062 ;
837 1031 992 1066 regionibus
1004 1039 1068 1059 vero

276 1081 382 1106 earum.
405 1075 535 1102 ecclesias
563 1084 569 1102 :
597 1076 824 1109 quemadmodum
850 1077 922 1103 enim
944 1078 1068 1110 superius

276 1120 403 1148 ﬂuctibus
434 1121 536 1152 maris.
562 1120 746 1156 fluctibusque
770 1122 896 1155 turbatis,
918 1123 1067 1150 infidelium

276 1166 396 1205 gentium
409 1166 502 1193 turbas
513 1166 698 1200 comparavit;
716 1166 755 1193 sic
771 1170 798 1193 et
816 1174 888 1194 nunc
903 1166 991 1194 ﬂuviis
1005 1168 1067 1195 dul-

276 1211 354 1239 cibus
373 1211 534 1246 placideque
549 1212 736 1244 manantibus,
750 1212 851 1239 Christi
867 1213 979 1247 populos
991 1213 1068 1240 simi-

275 1257 316 1285 les
345 1257 398 1290 ait;
429 1265 476 1291 per
492 1258 629 1292 regionem
649 1263 741 1284 autem
771 1266 877 1291 eorum,
896 1259 999 1287 iudicat
1017 1259 1069 1287 Ec-

276 1303 399 1331 elesiam.
413 1303 484 1332 Olim
497 1311 562 1339 ergo
577 1304 671 1331 isthaec
685 1304 795 1331 flumina
813 1305 965 1333 inhabitata
978 1312 1067 1338 erant,

277 1355 305 1378 et
316 1357 331 1377 a
344 1349 398 1377 Deo
416 1351 505 1378 aliena
518 1359 525 1380 :
540 1359 571 1377 ac
588 1351 663 1386 regio
673 1359 768 1380 eorum
780 1353 823 1387 pia
837 1353 967 1388 religione
982 1361 1067 1382 vacua

278 1400 305 1422 et
318 1397 425 1424 deserta
440 1396 514 1430 ;jam
529 1403 593 1424 vcro
610 1404 659 1431 per
675 1403 808 1430 nostram,
826 1399 922 1434 inquit.
939 1400 1069 1434 pradica-

277 1441 393 1474 tionem,
409 1446 556 1468 memorata
575 1441 685 1469 flumina
700 1443 814 1478 etregio
825 1451 930 1477 eorutn,
951 1445 977 1471 in
992 1445 1068 1472 habi-

277 1491 363 1514 tatam
380 1492 479 1515 terram
496 1495 571 1514 versa
587 1492 660 1516 suttt.
683 1489 709 1516 Id
725 1497 807 1524 porro
832 1491 989 1525 procurabit
1015 1491 1068 1519 illis

277 1532 379 1561 Christi
397 1533 502 1568 signum
518 1542 525 1561 :
541 1543 550 1560 ι
579 1533 667 1562 Veluti
692 1535 799 1570 signum
823 1544 837 1563 a
864 1541 956 1565 monte
977 1537 1067 1565 eleva~

277 1579 360 1606 hitur.
380 1589 389 1605 ι

318 1624 398 1652 Vsus.
411 1625 437 1652 4.
455 1634 464 1651 ‹
479 1625 618 1660 Tanquam
646 1626 770 1655 buccinae
780 1635 831 1656 vox
843 1629 988 1657 audietur:
1005 1630 1068 1665 quia

277 1670 317 1698 sic
333 1671 402 1698 dixit
425 1671 555 1699 Dominus
579 1672 645 1699 milti
660 1681 667 1700 :
683 1672 821 1702 Securitas
843 1675 897 1702 erit
913 1676 939 1702 in
955 1684 1014 1703 tttea
1030 1677 1070 1704 ci.

277 1717 372 1744 vitate.
389 1726 399 1743 ι
418 1717 549 1745 Pmdicta
579 1719 655 1754 regio
679 1727 738 1747 mea
762 1719 869 1748 Domini
900 1722 996 1749 civitas
1008 1727 1068 1750 est:

278 1767 363 1796 quare
381 1762 516 1790 securitas
533 1762 559 1789 in
577 1770 609 1790 ea
624 1764 687 1796 eritI
715 1767 810 1799 utpote
825 1766 997 1792 custodiente
1014 1774 1067 1798 me,

278 1811 306 1835 et
320 1808 440 1841 undique
452 1807 526 1835 illam
541 1813 662 1841 tutante;
676 1809 714 1836 ita
732 1809 831 1843 utjure
843 1809 877 1837 de
891 1810 934 1838 illa
951 1811 1068 1845 dicatur,

280 1862 290 1879 t
300 1852 425 1881 Gloriosa
436 1853 507 1881 dicta
519 1859 583 1882 sunt
598 1855 631 1882 de
644 1859 680 1886 te.
692 1855 789 1883 civitas
804 1855 849 1883 Dei
861 1855 883 1871 ⁸⁸
897 1865 904 1889 ;
919 1866 928 1882 ι
940 1861 967 1883 et
981 1866 990 1882 ι
1003 1857 1069 1884 Flu-

278 1899 361 1927 minis
381 1900 499 1934 impetus
525 1900 665 1928 ltetifieant
688 1901 828 1929 civitatem
845 1903 902 1929 Dei.
920 1901 1009 1930 Veluti
1024 1904 1069 1930 lux

277 1951 360 1972 aestus
379 1946 534 1979 meridiani,
549 1951 578 1974 et
595 1951 625 1974 ut
642 1948 730 1975 nubes
747 1949 817 1976 roris
833 1948 884 1976 diei
902 1949 998 1977 messis
1014 1949 1065 1976 ".i

279 1991 319 2016 Ab
333 1990 486 2024 huiusmodi
499 1991 570 2024 lucc,
583 2000 644 2027 qua:
657 1993 736 2027 quasi
756 1999 839 2021 :estus
860 1994 1027 2022 tneridianus
1038 1995 1065 2021 iu

277 2035 389 2063 civitate
402 2044 461 2064 mea
480 2037 636 2072 effunditur,
658 2040 734 2072 niltil,
756 2040 854 2074 inquit,
881 2041 983 2067 civitati
1002 2048 1068 2067 mea:

279 2081 372 2108 damni
387 2082 515 2114 infertur,
532 2091 621 2118 neque
633 2084 709 2112 dolor
725 2085 759 2112 iis
776 2086 824 2120 qui
841 2086 994 2120 huiusmodi
1009 2086 1068 2113 luce

277 2126 489 2162 perfunduntur.
499 2128 556 2156 Lux
568 2130 650 2164 igitur
661 2130 714 2162 illa,
726 2137 768 2158 est
779 2131 865 2166 ipsum
878 2132 923 2160 Dei
937 2132 1066 2166 Verbum,

277 2175 349 2208 quod
361 2175 510 2203 Ecclesiam
525 2177 583 2212 ejus
596 2185 704 2211 semper
716 2178 867 2213 illuminat;
882 2180 966 2208 nubes
977 2186 1066 2208 autem

278 2223 360 2254 roris.
376 2222 494 2258 Spiritus
504 2229 627 2258 sanctus,
636 2225 681 2258 qui
694 2233 847 2260 supremam
860 2227 991 2262 unigeniti
1004 2226 1066 2253 Filii

276 2267 324 2296 Dei
349 2268 522 2305 theologiam,
541 2270 586 2303 iis,
614 2272 660 2306 qui
676 2279 736 2298 eam
762 2279 862 2307 capere
888 2280 941 2299 non
955 2271 1066 2305 valent,

278 2315 440 2343 adumbrate
461 2316 556 2349 tradit,
575 2321 604 2344 ut
624 2323 832 2353 attemperatum
852 2318 989 2353 quidpiam
1007 2317 1065 2346 elli-

276 2361 375 2392 cintur,
383 2360 465 2388 altam
475 2366 503 2388 et
513 2369 646 2389 summam
658 2363 691 2390 de
698 2363 807 2390 Christo
818 2363 980 2398 theologiam
993 2371 1067 2391 com-

277 2405 417 2440 plectens;
432 2406 513 2441 idque
525 2415 558 2434 ex
572 2415 684 2436 accessu
707 2408 847 2441 eujusdam
873 2409 951 2436 nubis
976 2409 1063 2437 sancti

277 2451 406 2485 Spiritus.
422 2451 485 2480 Haec
502 2461 586 2488 porro
600 2458 662 2481 ante
678 2461 792 2481 messem
813 2453 903 2481 futura
921 2455 1041 2489 prtedicit
1055 2463 1063 2481 :

277 2498 329 2525 hac
351 2498 457 2526 ratione
477 2499 580 2527 fructus
595 2500 622 2527 in
639 2499 758 2528 Ecclesia
774 2500 819 2527 Dei
836 2501 998 2535 pullulanles
1026 2501 1064 2528 si-

276 2545 422 2578 gnificans,
440 2546 485 2580 qui
505 2546 593 2573 instar
606 2547 743 2581 spicarum
755 2546 950 2574 efﬂorescunt:
968 2555 1020 2581 qua
1032 2547 1065 2574 de

275 2600 304 2618 re
319 2593 445 2627 superius
462 2592 485 2608 ⁸⁷
503 2593 560 2620 lttnc
573 2593 742 2626 declarabat,
763 2603 772 2620 ι
791 2593 825 2621 Et
839 2594 1004 2620 laetabuntur
1019 2602 1065 2621 co.

275 2645 333 2669 nam
353 2643 389 2671 te,
402 2638 474 2666 sicut
492 2638 538 2673 qui
557 2639 684 2666 ltetantur
702 2639 728 2666 in
743 2646 842 2667 messe.
862 2648 871 2664 ι
889 2639 922 2666 Et
939 2638 1065 2666 Salvator

274 2682 401 2709 situiliter
420 2691 482 2710 cum
512 2684 626 2715 diceret,
643 2693 653 2709 t
668 2684 770 2711 Levate
793 2685 886 2712 oculos
907 2689 1020 2716 vestros,
1036 2688 1064 2711 et

274 2727 364 2755 vidule
377 2736 468 2763 agros,
482 2731 611 2764 quoniam
643 2729 696 2758 albi
720 2735 785 2758 sunt
811 2731 844 2758 ad
870 2738 985 2758 messem
998 2730 1030 2756 ⁸³.
1050 2740 1060 2756 ι

274 2771 334 2800 Erit
348 2773 439 2807 itaque
463 2774 509 2802 lux
524 2775 675 2804 divinitatis
700 2775 795 2809 Verbi,
814 2777 840 2804 in
864 2777 923 2812 ejus
939 2776 1061 2808 civitate,

273 2825 327 2845 non
343 2822 493 2853 temperata
505 2821 582 2856 quasi
594 2821 688 2857 vigens
698 2827 727 2850 et
740 2822 907 2856 meridiana;
922 2823 985 2858 quia
998 2828 1062 2849 vero

1119 935 1255 971 κουμένη·
1274 933 1511 969 κατοικισθήσεται
1533 934 1550 969 ἡ
1567 932 1644 968 χώρα
1665 933 1764 960 αὐτῶν.
1782 943 1791 959 ι
1819 933 1909 960 Αἰνετ-

1118 981 1213 1008 τεσθαι
1239 981 1267 1008 δὲ
1283 980 1327 1007 διὰ
1350 980 1453 1007 τούτων
1480 988 1524 1015 μοι
1540 979 1613 1006 δοκεῖ
1637 980 1776 1014 ποταμοὺς
1803 979 1853 1014 μὲν
1875 979 1910 1006 τὰ

1119 1027 1209 1063 πλήθη
1221 1027 1274 1054 τῶν
1287 1026 1332 1053 τὸν
1347 1026 1413 1052 Θεὸν
1429 1025 1654 1060 ὲπιγνωσομὲνων
1667 1025 1739 1052 λαῶν
1749 1033 1756 1039 ·
1771 1024 1864 1060 χώρας
1879 1024 1910 1051 δὲ

1121 1072 1212 1099 αὐτῶν
1240 1072 1290 1104 τὰς
1315 1071 1475 1107 ἐκκλησίας·
1500 1071 1538 1102 ὡς
1578 1070 1632 1107 γὰρ
1653 1071 1781 1106 ἀνωτέρω
1805 1070 1910 1106 κύμασι

1119 1119 1268 1154 θαλάσσης,
1284 1118 1331 1144 καὶ
1345 1118 1448 1153 κύμασι
1464 1117 1680 1152 τεταραγμένοις
1698 1117 1732 1144 τὰ
1747 1117 1835 1153 πλήθη
1856 1117 1910 1144 τῶν

1119 1166 1241 1192 ἀπίστων
1264 1164 1348 1192 ἐθνῶν
1369 1163 1531 1200 παρέϐαλεν,
1549 1164 1619 1190 οὕτω
1634 1163 1681 1190 νῦν
1699 1165 1830 1199 ποταμοῖς
1845 1163 1910 1198 γλυ-

1119 1212 1179 1238 κέσι
1201 1211 1247 1238 καὶ
1268 1210 1406 1242 εὐσταθῶς
1427 1210 1596 1246 κινουμένοις
1617 1211 1679 1242 τοὺς
1696 1209 1813 1246 Χριστοῦ
1827 1209 1910 1241 λαοὺς

1119 1260 1255 1294 ἀφομοιοῖ,
1280 1258 1372 1295 χώραν
1396 1258 1485 1285 αὐτῶν
1512 1257 1635 1294 δηλώσας
1654 1258 1705 1294 τὴν
1733 1257 1909 1293 Ἐκκλησίαν.

1119 1306 1206 1333 Πάλαι
1230 1306 1278 1341 μὲν
1300 1303 1346 1332 οῦν
1365 1303 1435 1341 ἦσαν
1451 1305 1475 1332 οἱ
1492 1305 1609 1340 ποταμοὶ
1624 1301 1696 1331 οὗτοι
1712 1303 1844 1338 ἁοίκητοι,
1862 1304 1910 1330 καὶ

1119 1352 1253 1388 ἀλλότριοι
1267 1350 1345 1383 Θεοῦ,
1357 1351 1374 1386 ἥ
1387 1359 1416 1377 τε
1430 1349 1508 1386 χώρα
1519 1349 1608 1377 αὐτῶν
1621 1350 1724 1386 ἔρημος
1737 1349 1891 1381 θεοσεϐείας
1900 1357 1909 1365 ·

1119 1399 1177 1425 νυνὶ
1198 1398 1226 1425 δὲ
1253 1398 1298 1425 διὰ
1326 1396 1373 1424 τοῦ
1395 1396 1541 1433 ἡμετέρου,
1567 1397 1647 1431 φησὶ,
1673 1396 1860 1432 κηρύγματος,
1883 1395 1910 1422 οἱ

1118 1445 1283 1481 δηλωθέντες
1299 1444 1415 1480 ποταμοὶ
1432 1443 1478 1470 καὶ
1493 1443 1509 1478 ἡ
1527 1441 1604 1478 χώρα
1620 1443 1709 1469 αὐτῶν
1728 1443 1768 1474 εἰς
1783 1441 1910 1477 οἰκουμέ-

1119 1501 1168 1528 νην
1182 1491 1249 1518 ἐστι.
1263 1490 1427 1527 Προξενὴσει
1441 1489 1470 1516 δὲ
1486 1489 1564 1516 τοῦτο
1579 1489 1670 1521 αὐτοῖς
1681 1489 1711 1515 τὸ
1727 1488 1774 1515 τοῦ
1789 1487 1909 1524 Χριστοῦ

1120 1538 1245 1573 σημεῖον·
1265 1546 1274 1562 ι
1292 1536 1364 1562 Ὠσεὶ
1380 1537 1491 1572 σημεῖον
1505 1535 1560 1562 ἀπὸ
1578 1535 1658 1571 ὅρους
1676 1534 1756 1570 ἀρθῇ.
1772 1543 1782 1560 ι

1157 1636 1166 1652 ι
1186 1627 1230 1658 Ὠς
1247 1626 1396 1660 σάλπιγγος
1422 1625 1498 1662 φωνὴ
1523 1625 1653 1653 ἀκουστὸν
1669 1625 1762 1652 ἔσται’
1780 1625 1847 1652 διότι
1863 1625 1909 1652 οὖ-

1119 1681 1172 1705 τως
1191 1671 1252 1700 εἶπε
1275 1672 1376 1707 Κύριός
1398 1680 1458 1707 μοι·
1481 1672 1627 1706 ’Λσφάλεια
1649 1671 1725 1698 ἐσται
1744 1672 1773 1697 ὲν
1792 1672 1826 1707 τῇ
1853 1672 1908 1707 ἐμῇ

1119 1719 1204 1746 πόλει.
1218 1728 1227 1744 ι
1257 1719 1288 1745 ’1-1
1309 1719 1337 1745 δὲ
1360 1718 1537 1755 προλεχθείσα
1559 1718 1635 1754 χώρα
1661 1718 1714 1754 ἐμὴ
1738 1717 1783 1744 τοῦ
1805 1718 1908 1754 Κυρεου

1119 1765 1178 1791 ἐστὶ
1190 1765 1281 1796 πόλις’
1301 1764 1341 1791 διὸ
1356 1764 1490 1798 ἀσφάλεια
1507 1764 1583 1791 ἔσται
1598 1765 1627 1790 ὲν
1643 1764 1721 1799 αὐτῇ,
1737 1763 1775 1796 ὡς
1793 1763 1826 1790 ἂν
1840 1763 1907 1800 ἐμοῦ

1119 1811 1297 1845 φυλάττοντος
1316 1811 1361 1837 καὶ
1385 1810 1550 1845 πανταχόθεν
1568 1811 1652 1846 αὐτὴν
1673 1810 1906 1846 ἀσφαλιζομένου·

1119 1857 1188 1883 ὥστε
1205 1857 1316 1889 εἰκότως
1345 1857 1408 1892 περὶ
1431 1856 1516 1892 αὐτῆς
1538 1856 1680 1891 λέγεσθαι”
1699 1866 1708 1882 t
1720 1856 1909 1892 Δεδοξασμένα

1119 1902 1235 1938 ἐλαλήθη
1254 1903 1317 1938 περὶ
1334 1902 1392 1934 σοῦ,
1409 1903 1426 1938 ἡ
1454 1902 1530 1934 πόλις
1554 1902 1601 1929 τοῦ
1624 1902 1703 1935 Θεοῦ,
1720 1912 1729 1928 ›
1747 1903 1808 1929 καὶ·
1831 1913 1839 1928 ι
1854 1902 1908 1929 Τοῦ

1119 1949 1242 1984 ποταμοῦ
1266 1949 1300 1975 τὰ
1322 1949 1472 1984 ὀρμήματα
1493 1949 1668 1984 εὐφραίνουσι
1686 1949 1737 1985 τὴν
1756 1948 1834 1975 πόλιν
1859 1949 1907 1976 τοῦ

1118 1994 1196 2021 Θεοῦ.
1214 1994 1258 2026 Ὠς
1273 1994 1330 2029 φῶς
1346 1994 1484 2029 καύματος
1499 1995 1681 2030 μεσημῦρίας,
1692 1995 1738 2021 καὶ
1754 1995 1792 2026 ὡς
1807 1994 1907 2030 νεφέλη

1117 2040 1213 2077 δρόσου
1243 2040 1349 2076 ἡμέρας
1375 2040 1490 2076 ἀμητοῦ.
1504 2050 1513 2066 ›
1540 2041 1667 2067 Τοιούτου
1693 2041 1721 2067 δὲ
1747 2040 1836 2076 φωτὸς
1859 2040 1908 2067 καὶ

1118 2085 1212 2123 ὥσπερ
1228 2087 1368 2121 καύματος
1393 2086 1579 2121 μεσημϐρινοῦ
1594 2087 1740 2122 γενομένου
1757 2087 1786 2113 ἐν
1803 2088 1835 2122 τῇ
1853 2087 1906 2122 ἐμῇ

1118 2133 1204 2165 πόλει,
1229 2133 1278 2160 οὐκ
1301 2133 1369 2165 ἔστι,
1392 2133 1469 2168 φησὶ,
1496 2132 1592 2169 βλάϐη,
1609 2133 1668 2159 οὐδὲ
1688 2132 1759 2168 λὺπη
1782 2134 1837 2165 τοῖς
1855 2133 1907 2160 ὑπὸ

1117 2178 1230 2214 τοιούτῳ
1247 2179 1316 2213 φωτὶ
1332 2178 1590 2214 καταυγαςομένοις.
1615 2178 1674 2210 Φῶς
1693 2179 1741 2214 μὲν
1761 2176 1807 2205 οῦν
1828 2179 1907 2210 αὐτός

1119 2226 1192 2252 ἐστιν
1207 2226 1220 2252 ὁ
1234 2224 1279 2251 τοῦ
1294 2224 1361 2251 Θεοῦ
1378 2225 1472 2259 Λόγος,
1486 2226 1500 2251 ὁ
1514 2224 1562 2260 τὴν
1576 2225 1738 2260 Ἐκκλησίαν
1751 2224 1833 2251 αὐτοῦ
1847 2225 1906 2252 δια-α

1120 2270 1220 2302 παντὸς
1243 2270 1384 2305 φωτίζων·
1411 2270 1507 2305 νεφέλη
1527 2270 1554 2296 δὲ
1579 2270 1674 2306 δρόσου
1696 2271 1727 2297 τὸ
1748 2270 1860 2306 Πνεῦμα
1876 2271 1906 2297 τὸ

1121 2317 1208 2351 ἅγιον,
1226 2316 1257 2343 τὸ
1272 2316 1321 2352 τὴν
1343 2316 1430 2353 ἄκραν
1439 2316 1576 2351 θεολογίαν
1598 2316 1645 2343 τοῦ
1664 2316 1826 2352 μονογενοῦς
1840 2316 1905 2343 Υιοῦ

1115 2363 1162 2389 τοῦ
1177 2363 1244 2389 Θεοῦ
1258 2363 1313 2394 τοῖς
1325 2362 1362 2398 μὴ
1380 2363 1447 2395 οἵοις
1461 2372 1490 2389 τε
1509 2364 1595 2399 αὐτὴν
1617 2364 1714 2398 χωρεῖν
1736 2362 1905 2396 ὲπισκιάξον,

1115 2409 1153 2441 ὡς
1170 2409 1339 2445 κεκραμένον
1355 2409 1544 2436 ἀποτελεῖσθαί
1565 2418 1590 2436 τι
1608 2409 1674 2436 πολὺ
1691 2409 1737 2436 καὶ
1757 2409 1906 2445 ἀκρότατον

1113 2457 1162 2491 τῆς
1176 2455 1240 2492 περὶ
1253 2455 1370 2492 Χριστοῦ
1388 2455 1534 2490 θεολογίας,
1544 2455 1586 2482 διὰ
1601 2456 1649 2491 τὴν
1665 2455 1711 2482 τοῦ
1727 2456 1804 2490 ἁγίου
1821 2456 1905 2482 Πνεῦ-

1119 2509 1202 2536 ματος
1231 2501 1350 2537 ὡσπερεί
1367 2510 1439 2533 τινος
1451 2501 1563 2536 νεφέλης
1575 2501 1740 2537 ὑποδρομὴν.
1754 2501 1809 2528 Καὶ
1819 2501 1906 2528 ταῦτα

1115 2547 1225 2574 ἔσεσθαί
1247 2555 1313 2582 φησι
1330 2547 1384 2583 πρὸ
1400 2547 1446 2574 τοῦ
1470 2546 1618 2582 θερισμοῦ·
1636 2546 1729 2574 τοῦτον
1750 2546 1837 2583 δηλῶν
1859 2547 1906 2574 τὸν

1116 2594 1216 2629 τρόπον
1236 2594 1286 2625 τὰς
1302 2594 1331 2620 ἐν
1349 2595 1407 2625 ταῖς
1436 2593 1594 2629 ἑκκλησὶαις
1613 2593 1659 2621 τοῦ
1677 2593 1744 2620 θεοῦ
1765 2601 1906 2629 καρποφο-

1116 2639 1188 2674 ρίας,
1202 2639 1279 2674 δίκην
1297 2639 1419 2675 σταχύων
1435 2639 1581 2671 ἀνθούσας·
1599 2640 1663 2675 περὶ
1677 2637 1708 2666 οῦ
1719 2640 1765 2666 καὶ
1777 2639 1906 2675 ἀνωτέρω

1115 2685 1208 2720 ἐδήλου
1223 2685 1326 2720 λέγων·
1339 2695 1348 2711 ι
1366 2684 1418 2712 Καὶ
1433 2685 1662 2721 εὐφρανθήσονται
1671 2685 1785 2712 ἐνώπιόν
1800 2685 1904 2717 σου,ὡς

1113 2732 1138 2757 οἱ
1151 2730 1359 2766 εὐφραινόμενοι
1383 2732 1413 2757 ὲν
1437 2730 1545 2767 ὰμητῷ.
1562 2741 1572 2757 ι
1597 2732 1653 2758 Kal
1668 2733 1682 2758 ό
1697 2732 1792 2768 Σωτὴρ
1804 2731 1904 2767 ὁμοίως

1113 2775 1146 2802 δι’
1158 2772 1195 2803 ὧν
1209 2776 1301 2811 ἔλεγεν
1313 2785 1320 2791 ·
1337 2786 1347 2802 ι
1367 2776 1502 2813 Ἐπάρατε
1513 2778 1576 2809 τοὺς
1589 2777 1745 2813 ὀφθαλμοὺς
1759 2778 1847 2813 ὑμῶν,
1857 2777 1904 2804 καὶ

1115 2821 1182 2848 ῐδετε
1207 2822 1255 2854 τὰς
1273 2821 1375 2857 χώρας,
1397 2822 1438 2849 ὅτι
1458 2821 1551 2849 λευκαί
1578 2823 1631 2849 εισι
1655 2822 1723 2858 πρὸς
1739 2823 1878 2859 θερισμόν.

308 2907 440 2946 “Ephes.
456 2917 485 2944 tt,
502 2910 559 2949 IEL_
580 2911 602 2928 "
618 2911 687 2941 Psal.
705 2912 852 2947 Lxxxw,3.
891 2913 914 2930 "‘
929 2913 998 2942 Psal.
1018 2912 1118 2948 xu,5.
1155 2913 1177 2953 Ἴ
1192 2913 1257 2948 Cap.
1272 2921 1310 2948 rx,
1323 2920 1393 2942 vers.
1405 2914 1432 2942 5.
1467 2914 1489 2932 ⁸⁸
1509 2913 1585 2942 Joan.
1602 2922 1636 2947 ιν,
1663 2914 1706 2942 55.
