2044 3215
137 186 191 215 217

610 189 864 219 COMMENTARIA
882 189 915 217 IN
936 183 1065 218 ISAIAhf.
1083 206 1114 212 —
1134 190 1211 218 CAP.
1232 190 1327 219 XVIII.

1706 192 1758 221 2l8

140 246 236 272 Ἔσται
262 245 351 272 τοίνυν
367 246 397 272 τὸ
414 247 462 281 μὲν
477 255 533 281 φως
557 247 606 283 τῆς
628 248 754 283 θεότητος
776 247 823 274 τοῦ
839 248 916 282 Λόγοι

977 248 1011 274 ab
1024 249 1177 275 hominibus
1194 248 1252 282 capi
1269 247 1373 282 nequit,
1393 247 1567 275 intercedens
1579 248 1667 275 media
1684 255 1759 283 qua:-

136 293 255 327 ἆκρατον
271 291 365 328 ὥσπερ
387 294 503 328 ἀκμαῖον
520 295 566 321 καὶ
584 287 766 331 μεσημϐρινὸν
781 296 810 321 ἐν
828 295 860 330 τῇ
876 295 923 321 αὺ-

135 337 184 363 τοῦ
199 337 273 363 πόλει
282 345 289 352 δ
305 337 349 364 διὰ
362 338 390 364 δὲ
404 338 436 364 τὸ
452 339 488 374 μὴ
505 341 660 376 χωρηθῆναι
674 341 739 367 αὐτὸ
753 341 805 367 ὑπὸ
818 339 923 376 ἀνθρὼ-

136 391 205 415 πων,
222 383 293 418 μέση
307 383 447 411 διελθοῦσα
461 385 477 419 ή
492 385 588 421 νεφέλη
601 386 648 412 τοῦ
665 386 742 420 ἁγίου
753 385 823 412 Πνεύ
828 394 922 420 ματος,

135 429 233 464 δρόσου
256 428 391 464 ἔμπλεως,
414 431 566 458 ἐπισκιάσει
591 431 639 467 τὴν
659 431 744 467 αὐτὴν
768 431 922 463 πόλιν,ἱ’να,

136 475 176 506 ὡς
189 475 218 502 ἐν
231 475 349 511 ἡμέραις
362 476 546 511 ἁμητοῦ,ταῖς
561 477 614 513 πρὸ
625 478 672 504 τοῦ
690 477 830 513 θερισμοῦ,
841 475 923 503 καὶτὸ

137 519 196 554 φῶς
214 520 341 556 ἐκλάμπῃ
358 522 404 548 καὶ
418 523 434 557 ἡ
451 523 548 557 νεφέλη
563 524 707 559 ἐπισκιάζῃ
722 524 815 559 αὐτήν.

176 575 185 591 ι
203 566 298 592 Ἔσται
316 567 368 602 πρὸ
383 567 429 593 τοῦ
451 568 591 604 θερισμοῦ,
607 569 670 596 ὅταν
693 569 854 604 συντελεσθῇ
876 569 923 596 ἆθ-

137 611 194 642 θος,
214 612 261 638 καὶ
282 611 372 646 ὕμφαξ
395 612 530 650 ἐξανθήσῃ
553 614 632 646 ἄνθος
652 615 856 650 όμφακίζουσα·
875 615 922 641 καὶ

136 657 233 691 ἁψελεῖ
245 657 279 684 τὰ
294 657 421 693 βοτρύδια
433 659 467 686 τὰ
485 660 570 696 μικρά
582 662 636 693 τοῖς
647 661 800 696 δρεπάνοις,
816 661 922 692 καὶτὰς

138 703 306 739 κληματίδας
321 704 423 738 ἀφελεῖ,
440 706 487 732 καὶ
506 706 776 742 (inadd/sufflans!)
789 706 852 741 γὰρ,
869 714 921 741 φη-

138 750 191 781 σὶν,
206 751 235 776 ὲν
248 751 308 781 ταῖς
323 751 464 786 ἀμπέλοις,
480 752 588 779 ἐπειδὰν
612 752 736 787 ὃμφακες
754 750 818 779 ὦσιν
839 752 922 787 οῑιβό-

135 804 226 830 τρυες,
253 796 366 828 ἐπιστὰς
385 797 399 823 ὸ
413 798 534 832 γεωργὸς
555 797 589 824 τὰ
604 799 718 834 περιττὰ
730 798 776 824 καὶ
797 798 920 834 ἄχρηστα

134 840 188 866 τῶν
209 840 355 880 κλημάτων
371 842 508 873 ἐκκόπτει,
523 842 551 869 οὐ
568 843 657 878 μόνον,
671 843 738 869 ἀλλὰ
751 842 841 869 καὶτὰ
857 843 919 868 ἀτε-

134 884 251 919 λεσφόρα
264 885 310 911 καὶ
324 885 445 919 ὡσπερεὶ
459 889 616 921 νεκριμαῖα·
633 887 679 913 καὶ
699 886 783 912 ταῦτα
799 886 863 922 γὰρ,
883 886 920 918 ὡς

133 932 184 957 οὐκ
198 931 230 958 ἂν
244 931 352 964 ἀλκαία,
365 932 423 958 οὐδὲ
438 932 543 968 ἀγαθὴν
558 932 652 967 ἔχοντα
663 932 758 959 ἐλπίδα
770 932 838 968 πρὸς
852 941 919 967 καρ-

135 976 184 1002 ποῦ
209 977 356 1009 τελείωσιν,
384 979 520 1013 περιαιρεῖ
544 978 681 1014 ἐπιστήμῃ
700 979 850 1013 γεωργικῇ,
875 978 918 1004 ἵνα

137 1022 173 1057 μὴ
192 1023 353 1058 λυμαίνηται
368 1025 422 1057 τοῖς
439 1024 605 1059 ἐρρωμένοις
619 1024 728 1060 βότρυσι
750 1023 784 1050 τὰ
804 1024 918 1059 περιττά

135 1068 182 1095 καὶ
195 1068 331 1104 ἄχρηστα·
351 1070 417 1096 διότι
436 1069 522 1097 ταῦτα
540 1070 589 1105 μὲν
602 1071 713 1104 ἀφαιρεῖ
733 1070 780 1095 καὶ
803 1069 917 1104 παραδί-

136 1114 215 1141 δωσιν
238 1115 277 1146 εἰς
297 1114 395 1150 βρῶσιν
417 1125 426 1141 ι
439 1117 493 1146 τοῖς
515 1116 645 1146 πετεινοῖς
672 1114 717 1141 τοῦ
739 1115 853 1150 οὐρανοῦ
871 1114 917 1141 καὶ

136 1161 191 1190 τοῖς
205 1159 306 1196 θηρίοις
318 1160 366 1195 τῆς
382 1160 444 1195 γῆς,
460 1170 469 1185 ι
488 1161 520 1186 τὰ
537 1160 564 1186 δὲ
579 1160 624 1187 τὸν
638 1160 733 1195 ἐντελῆ
749 1160 917 1191 διασῴζοντα

135 1205 238 1241 καρπὸν
252 1205 294 1232 διὰ
308 1205 397 1241 πάσης
413 1206 569 1240 ἐπιμελείας
593 1205 735 1240 φρλάττει·
761 1205 830 1231 οὕτω
847 1205 916 1232 κατὰ

133 1251 177 1277 τὸν
201 1251 294 1286 καιρὸν
313 1251 358 1277 τοῦ
380 1251 509 1287 Θερισμοῦ
523 1251 683 1286 γενήσεσθαί
702 1260 777 1286 φησι,
798 1251 852 1277 τῶν
867 1251 916 1286 τῆς

130 1296 252 1331 ἀμπέλου
265 1297 398 1333 περιττῶν
408 1297 565 1332 κλημάτων,
575 1296 681 1323 καὶτῶν
692 1297 835 1332 ἀχρήστων
845 1296 915 1331 αὐτῇ

130 1342 249 1378 βοτρύων
271 1344 516 1379 περιαιρουμένων,
542 1344 588 1370 καὶ
614 1344 852 1378 ἀποκοπτομένων,
877 1344 916 1374 εἰς

129 1389 212 1425 βοράν
233 1398 262 1416 τε
285 1389 462 1425 ἐκδιδομένων
481 1391 540 1421 ταῖς
564 1391 737 1420 κολαστικαῖς
753 1389 914 1424 δυνάμεσιν,

126 1437 152 1463 οἱ
177 1436 275 1470 ἀγαθοὶ
298 1436 418 1472 βότρυες,
434 1437 461 1463 αἱ
481 1436 648 1472 καρποφόροι
664 1435 758 1471 ψυχαὶ,
775 1436 825 1470 τῆς
840 1435 915 1470 παρά

126 1482 195 1508 Θεοῦ
209 1482 346 1515 τεύξονται
366 1482 473 1516 ἀγαθῆς
489 1482 604 1514 ἐλπίδος.
628 1483 671 1508 Ἐν
686 1482 791 1513 τούτοις
805 1482 885 1513 αὐτὸς
900 1483 915 1508 ό

126 1527 223 1563 Σωτὴρ
238 1528 332 1554 ἑαυτὸν
346 1526 475 1563 εἶναιτὴν
488 1528 608 1564 ἄμπελον
622 1527 721 1563 ἔφησεν
730 1537 736 1543 ·
746 1529 810 1559 τοὺς
823 1528 850 1554 δὲ
865 1537 915 1563 μα-

124 1573 212 1609 θητὰς
231 1574 265 1601 τὰ
286 1574 426 1610 κλήματα·
443 1575 554 1610 βότρυες
570 1574 598 1600 δὲ
619 1574 672 1601 τῶν
687 1574 834 1610 κλημάτων
849 1574 914 1600 ἀκό-

124 1619 221 1647 λουθόν
236 1621 294 1647 ἐστι
303 1622 383 1652 νοεῖν,
391 1621 453 1652 τοὺς
467 1620 584 1648 ὑπὺ,τῶν
595 1620 749 1647 ἀποστόλων
763 1620 914 1655 μαθητευθ-

123 1670 226 1703 μένους
235 1674 242 1681 ”
254 1662 291 1692 ὧν
303 1666 338 1692 τὰ
348 1665 442 1701 ὥσπερ
452 1667 597 1701 νεκριμαῖα
611 1664 736 1700 βοτρύδια
747 1665 781 1692 τὰ
792 1664 916 1701 ἄχρηστα

122 1712 175 1739 καὶ
190 1712 309 1747 ζωτικῆς
324 1712 464 1748 δυνάμεως
480 1711 659 1747 ἐστερημένοι,
670 1711 740 1737 κατὰ
759 1711 805 1738 τὸν
821 1712 915 1747 καιρὸν

124 1758 175 1792 τῆς
192 1758 309 1794 κρίσεως
327 1757 562 1794 ἀποϐληθήσεσθαι
584 1757 721 1784 διδάσκει·
740 1757 787 1784 καὶ
801 1757 834 1784 τὰ
848 1757 915 1793 κλή-

121 1812 200 1839 ματα
214 1803 242 1830 δὲ
257 1803 396 1836 ὡσαύτως,
411 1804 446 1830 τὰ
466 1803 566 1839 μηδένα
591 1803 687 1839 βότρυν
710 1803 837 1838 φέροντα,
859 1800 914 1835 οἷος

121 1848 157 1885 ἧν
169 1849 185 1874 ὁ
198 1849 330 1884 προδότης
349 1849 458 1881 Ἰούδας,
471 1848 571 1884 ὁμοίως
585 1850 640 1881 τοῖς
657 1849 804 1885 ἀχρήστοις
819 1848 914 1886 βότρυ-

973 294 1034 320 dam
1057 294 1140 321 nubes
1154 294 1272 328 Spiritus
1289 293 1387 324 saucli,
1397 293 1475 327 plena
1494 293 1574 325 roris,
1586 294 1707 321 eamdem
1721 295 1760 322 ci-

974 341 1082 367 vitatein
1107 339 1283 372 iuumbrabit,
1312 346 1350 372 ut,
1374 339 1599 374 quemadmodum
1622 339 1649 366 in
1665 339 1759 368 diebus

975 385 1082 415 messis,
1095 393 1154 419 quae
1172 385 1256 419 ipsam
1277 391 1390 412 messem
1422 388 1609 418 praevertunt,
1625 389 1653 411 et
1669 384 1758 412 lumen

974 431 1124 466 splendeat,
1135 436 1163 458 et
1179 431 1263 458 nubes
1279 431 1413 458 inumbret
1429 430 1511 458 illam.

1010 565 1091 592 Vens.
1107 565 1135 598 5,
1151 565 1177 592 6.
1194 573 1203 590 (
1221 564 1279 591 Erit
1292 569 1354 591 ante
1369 571 1496 597 messem,
1510 571 1571 590 cum
1587 561 1668 590 fuerit
1690 568 1757 588 con-

973 615 1124 638 summatus
1139 609 1200 643 ﬂos,
1213 614 1240 637 et
1256 617 1307 636 uva
1323 617 1376 637 non
1393 614 1498 636 matura
1522 608 1648 635 eduxerit
1663 607 1755 634 ﬂorent

973 657 1129 692 germinans
1143 665 1150 684 :
1167 662 1195 684 et
1213 656 1318 683 auferet
1338 655 1490 683 racemulos
1512 661 1610 689 parvos
1626 653 1737 680 falcibus
1748 671 1756 684 ,

971 708 1000 731 et
1014 707 1152 731 sarmenta
1169 702 1245 729 tollet
1276 707 1304 729 et
1325 701 1474 728 abscindet.
1492 710 1502 726 ι
1525 699 1757 733 Quemadmodum

972 750 1056 782 enim,
1076 749 1175 783 inquit,
1189 748 1214 775 in
1228 748 1325 779 vineis,
1342 748 1404 774 dum
1423 755 1480 774 uva:
1495 746 1645 773 immatura:
1671 749 1733 772 sunt
1747 763 1756 775 ,

972 795 1120 822 adventans
1137 793 1254 829 agricola
1270 792 1377 820 inutiles
1391 793 1514 828 palmites
1527 791 1628 818 excidit
1641 810 1649 822 ,
1669 797 1756 824 neque

972 841 998 868 id
1011 845 1125 873 tantum,
1135 840 1181 867 sed
1190 839 1272 866 etiam
1286 838 1454 865 infructuosa
1467 844 1580 871 qumque
1593 841 1620 862 et
1634 842 1757 862 arescen-

973 888 1009 914 tia
1024 890 1128 915 resecat
1142 895 1149 913 :
1175 885 1275 913 etenim
1292 884 1336 912 illa
1352 890 1459 919 quoque
1475 904 1483 917 ,
1504 887 1598 915 utpote
1615 889 1675 916 quae
1688 879 1756 907 nihil

935 923 957 952 Β
971 932 1071 966 vigoris
1087 931 1221 963 habeant,
1242 938 1330 965 neque
1343 930 1424 957 ullam
1439 929 1472 956 ad
1490 928 1596 955 fructus
1607 926 1754 962 perfectio-

970 985 1030 1005 nem
1049 985 1123 1012 spem
1137 976 1302 1011 relinquant,
1314 984 1346 1003 ex
1361 975 1531 1010 agricultura:
1543 974 1639 1009 peritia
1655 974 1687 1001 tle
1702 981 1755 1001 me-

969 1025 1013 1051 dio
1028 1023 1109 1055 tollit,
1140 1029 1175 1050 ne
1196 1022 1332 1056 superﬂua
1352 1026 1379 1048 et
1404 1021 1507 1048 inutilia
1523 1020 1675 1054 vigentibus
1694 1018 1755 1046 uvis

968 1073 1105 1097 noceant:
1137 1068 1316 1103 quamobrem
1350 1066 1394 1093 illa
1413 1066 1524 1101 quidem
1550 1064 1650 1096 aufert,
1675 1069 1702 1091 et
1725 1063 1752 1091 in

969 1124 1057 1143 escam
1080 1114 1257 1142 «volatilibus
1269 1113 1329 1141 εαξΙί
1348 1118 1374 1140 et
1401 1113 1494 1140 bestiis
1512 1118 1590 1139 terra:
1607 1120 1615 1136 ι
1635 1109 1752 1145 abjicit;

968 1168 1028 1195 quae
1042 1168 1107 1187 vero
1120 1159 1271 1194 perfectum
1293 1158 1408 1185 fructum
1429 1161 1540 1184 servant
1559 1156 1728 1189 retinentque
1742 1173 1751 1186 ,

968 1213 1071 1233 summa
1093 1204 1273 1232 sollicitudine
1288 1203 1352 1231 colit
1365 1208 1391 1230 et
1408 1208 1515 1235 tuetur;
1532 1201 1572 1228 sic
1589 1201 1615 1228 in
1629 1205 1752 1234 tempore

969 1251 1066 1279 messis
1082 1250 1201 1277 futurum
1219 1257 1278 1277 esse
1293 1249 1340 1281 ait,
1354 1248 1451 1275 ablatis
1477 1247 1575 1282 quippe
1589 1253 1752 1280 supervaca-

968 1298 1028 1326 neis
1043 1298 1128 1325 vineae
1141 1296 1308 1331 palmitibus,
1332 1295 1499 1329 succisisque
1515 1293 1653 1320 inutilibus
1668 1293 1727 1319 uvis
1742 1311 1750 1324 ,

968 1346 1049 1377 atque
1064 1343 1091 1370 in
1106 1349 1195 1369 escam
1210 1341 1344 1369 ultricium
1361 1344 1520 1376 potestatum
1537 1339 1660 1371 traditis;
1675 1338 1753 1365 bona:

967 1395 1034 1420 uvae,
1050 1388 1105 1415 sive
1114 1388 1211 1415 anima!
1222 1387 1378 1417 fructiferae,
1393 1386 1490 1414 bonam
1506 1392 1579 1420 spent
1590 1392 1605 1411 a
1622 1384 1674 1411 Deo
1684 1391 1752 1410 con-

966 1438 1123 1468 saquentur.
1137 1433 1164 1460 ln
1182 1433 1223 1460 his
1231 1439 1312 1467 porro
1326 1433 1383 1467 ipse
1397 1432 1524 1458 Servator
1532 1438 1562 1458 se
1571 1431 1675 1457 vineam
1690 1436 1751 1456 esse

967 1480 1052 1512 dixit;
1065 1479 1211 1514 discipulos
1226 1486 1291 1507 vero
1315 1485 1390 1509 suos,
1410 1477 1550 1511 palmites;
1579 1483 1644 1504 uvas
1661 1480 1751 1502 autent

966 1526 1106 1561 palmitum
1122 1533 1291 1561 consequens
1307 1529 1388 1552 estut
1404 1523 1583 1558 intelligamus
1609 1528 1669 1549 esse
1683 1528 1730 1548 eos
1743 1539 1752 1552 ,

967 1573 1012 1607 qui
1031 1572 1065 1600 ab
1079 1572 1207 1607 apostolis
1221 1571 1334 1599 instituti
1351 1570 1478 1597 fuerunt:
1497 1576 1610 1603 quorum
1625 1567 1686 1594 illos
1702 1574 1752 1594 ceu

969 1618 1118 1646 racemulos
1131 1617 1238 1645 inutiles
1252 1625 1285 1645 ac
1306 1616 1489 1644 vitalivirtute
1498 1615 1626 1650 privatos,
1642 1613 1668 1640 in
1684 1617 1752 1640 teut-

967 1671 1033 1700 pore
1055 1664 1148 1698 judicii
1173 1663 1340 1698 abjiciendos
1369 1669 1428 1689 esse
1453 1663 1547 1693 docet;
1574 1659 1752 1693 similiterque

967 1711 1091 1746 palmites
1103 1710 1203 1738 nullam
1218 1717 1295 1737 uvam
1313 1708 1440 1740 ferentes,
1454 1706 1542 1742 qualis
1558 1709 1618 1732 erat
1630 1705 1752 1739 proditor

966 1756 1059 1789 ludas,
1073 1757 1183 1790 perinde
1196 1760 1276 1790 atque
1288 1754 1396 1781 inutiles
1407 1761 1483 1785 uvas,
1496 1760 1510 1778 δ
1523 1751 1676 1779 volatilibus
1689 1749 1752 1777 εαξΙὶ

965 1807 992 1830 et
1008 1803 1101 1830 bestiis
1115 1807 1204 1833 terrae,
1233 1800 1358 1828 videlicet
1381 1798 1545 1827 adversariis
1564 1801 1592 1825 et
1611 1795 1752 1824 ultricibus

965 1849 1121 1881 virtutibus,
1137 1849 1256 1875 excisum
1276 1847 1319 1879 iri,

121 1904 182 1927 σιν,
202 1893 425 1929 ἀποκοπήσεσθαι
440 1895 495 1925 τοῖς
516 1895 647 1926 πετεινοῖς
671 1894 718 1921 τοῦ
730 1895 843 1931 οὐρανοῦ
868 1895 915 1922 καὶ
933 1896 989 1927 τοῖς
1006 1895 1109 1930 θηρίοις
1140 1895 1189 1930 τῆς
1209 1894 1270 1929 γῆς,
1288 1893 1472 1928 ἀντικείμεναι
1488 1890 1646 1918 κολαστικαῖ¹
1673 1889 1750 1925 δηλο-

119 1943 184 1969 νότι
200 1941 340 1976 δυνάμεις.

162 1999 172 2016 ι
195 1989 239 2015 Ἐν
251 1988 290 2024 τῷ
306 1987 392 2024 καιρῷ
405 1987 500 2023 ἐκείνῳ
512 1987 720 2023 ἀνενεχθήσεται
732 1988 806 2025 δῶρα
819 1989 913 2026 Κυρίῳ

119 2034 240 2063 Σαϐαὼθ
264 2035 296 2061 ἐκ
317 2034 381 2060 λαοῦ
408 2033 585 2068 τεθλιμμὲνου
608 2034 656 2060 καὶ
676 2034 843 2069 τετιλμένου,
868 2035 914 2061 καὶ

120 2082 180 2110 ἀπὸ
194 2080 259 2108 λαοῦ
277 2080 406 2116 μεγάλου,
433 2079 487 2106 ἀπὸ
509 2079 556 2106 τοῦ
578 2079 626 2106 νῦν
639 2079 686 2107 καὶ
700 2081 740 2112 είς
763 2080 808 2106 τὸν
829 2080 914 2107 αίῶνα

120 2127 248 2163 χρόνον.»
261 2126 311 2161 Εῐη
324 2126 345 2153 δ’
363 2125 395 2153 ἂν
408 2123 485 2157 οὗτος
499 2126 513 2152 ὁ
528 2125 578 2160 τὴν
596 2126 692 2161 στενὴν
709 2125 755 2152 καὶ
768 2125 914 2161 τεθλιμμέ-

119 2182 175 2209 την
190 2172 288 2200 ὁδεύων
304 2172 354 2208 τὴν
374 2172 534 2206 ἀπάγουσαν
551 2173 591 2203 εἰς
616 2171 665 2207 τὴν
685 2171 757 2207 ζωήν
769 2180 776 2186 ·
801 2173 816 2198 ό
833 2171 914 2203 αὐτὸς
938 2186 949 2197 ο

1004 1988 1084 2016 Vens.
1095 1987 1121 2013 7.
1135 1995 1145 2012 ι
1167 1985 1194 2012 ln
1207 1989 1327 2019 tempore
1341 1983 1386 2010 illo
1394 1982 1544 2010 afferentur
1556 1981 1624 2008 dona
1637 1980 1751 2009 Domino

966 2033 1098 2065 Sabaoth,
1116 2039 1131 2059 a
1145 2029 1242 2066 populo
1257 2029 1378 2056 contrito
1394 2032 1421 2055 et
1438 2026 1551 2058 divulso,
1572 2031 1599 2053 et
1625 2034 1639 2053 a
1653 2026 1751 2061 popqu

967 2086 1076 2115 magno,
1086 2077 1120 2105 ab
1136 2078 1186 2104 hoc
1200 2081 1320 2110 tempore
1334 2081 1418 2108 usque
1433 2074 1459 2100 in
1472 2077 1641 2107 perpetuum.
1657 2081 1666 2096 ι
1682 2070 1752 2098 Fue-

965 2127 1001 2152 rit
1011 2130 1100 2152 autem
1116 2124 1160 2151 hic
1172 2122 1282 2158 populus
1297 2121 1321 2148 is
1334 2120 1417 2156 quiin
1429 2124 1543 2154 angusta
1560 2123 1588 2146 et
1602 2122 1677 2145 arcta
1694 2117 1750 2149 via,

965 2178 1026 2205 qua:
1037 2169 1112 2197 ducit
1126 2168 1159 2195 ad
1172 2168 1266 2198 vitam,
1277 2165 1418 2202 graditur:
1434 2164 1545 2198 ipseque
1561 2163 1683 2190 divulsus
1698 2167 1750 2195 est,

121 2219 175 2247 καὶ
199 2218 386 2253 ἐκτετιλμένος
409 2218 535 2254 ὑπάρχει,
567 2218 605 2249 ὡς
631 2218 664 2245 ἂν
688 2218 738 2252 τῆς
754 2218 846 2253 κοινῆς
861 2217 915 2244 τῶν

967 2221 1058 2251 utpote
1071 2215 1144 2250 quia
1163 2212 1301 2240 communi
1321 2211 1460 2238 hominum
1491 2209 1544 2236 vita
1573 2209 1676 2236 alienus
1695 2208 1749 2241 sit,

120 2265 276 2300 ἀνθρώπων
299 2263 374 2299 ζωῆς
388 2264 613 2300 ἡλλοτριωμένος,
631 2265 678 2291 καὶ
696 2264 783 2300 μέγας
803 2264 830 2290 δέ
854 2265 912 2290 ἐστι

120 2310 204 2346 παρὰ
221 2310 259 2345 τῷ
280 2310 339 2346 Θεῷ
363 2311 410 2337 καὶ
431 2310 529 2342 πολύς·
545 2310 586 2336 διὸ
604 2310 736 2343 λέλεκται,
757 2319 765 2336 ι
779 2310 832 2337 ἀπὺ
846 2309 911 2336 λαοῦ

122 2355 259 2393 μεγάλου.
270 2365 279 2381 ι
299 2356 353 2382 Καὶ
367 2355 421 2391 γὰρ
438 2356 466 2383 ἐν
490 2355 530 2391 τῷ
547 2356 660 2391 παρόντι
678 2356 737 2392 βίῳ,
761 2356 808 2382 καὶ
825 2357 854 2382 ἐν
873 2355 912 2391 τῷ

121 2401 291 2439 μέλλοντιδέ
304 2402 380 2429 αἰῶνι
394 2402 429 2428 τὰ
442 2402 538 2437 λογικά
565 2401 639 2438 δῶρα
657 2402 705 2429 καὶ
724 2401 774 2434 τὰς
794 2401 912 2437 ἀναιμά-

119 2456 211 2478 κτους
237 2446 276 2481 τῷ
294 2447 354 2482 Θεῷ
372 2447 466 2480 θυσίας
488 2448 658 2484 ἀναπέμπων
669 2448 699 2474 οὐ
711 2448 884 2484 διαλιμπάνει
897 2448 911 2473 ό

118 2493 257 2530 δηλωθεὶς
269 2492 341 2524 λαός.

163 2549 174 2566 ι
192 2538 288 2571 Ἐθνος
311 2538 418 2571 ἐλπίζον
442 2540 488 2567 καὶ
512 2540 787 2576 καταπεπατημένον,
809 2541 824 2567 ὅ
837 2541 911 2568 ἐστιν

119 2588 152 2615 ἐν
169 2585 248 2622 μέρει
263 2584 385 2620 ποταμοῦ
409 2586 459 2621 τῆς
476 2585 568 2622 χώρας
586 2586 670 2613 αὐτοῦ
694 2587 734 2618 είς
753 2586 799 2613 τὸν
819 2587 910 2619 τόπον,

118 2629 152 2660 οὗ
168 2632 201 2658 τὸ
221 2632 306 2667 ὄνομα
327 2630 430 2667 Κυρίου
453 2631 573 2665 Σαϐαὼθ,
601 2633 641 2664 εἰς
662 2632 725 2668 ὄρος
744 2632 830 2666 ἅγιον.
845 2641 854 2658 ι
875 2632 911 2658 Τὸ

117 2678 180 2714 τὰρ
193 2677 268 2709 ἔθνος
286 2676 367 2704 τοῦτο
386 2677 415 2702 ἐν
440 2677 516 2713 μέρει
540 2677 663 2713 ποταμοῦ
683 2678 731 2713 τῆς
751 2677 842 2713 χώρας
861 2676 908 2703 τοῦ

117 2721 192 2749 Θεοῦ
208 2721 364 2758 ἐτύγχανεν,
381 2721 426 2748 ὅτε
449 2721 477 2748 ἐν
493 2723 526 2757 τῇ
548 2722 693 2758 Ἐκκλησία
708 2722 754 2749 τοῦ
768 2722 835 2749 Θεοῦ
847 2723 910 2749 ἐπο-

118 2768 259 2795 λιτεύετο·
274 2768 311 2799 ὼς
327 2768 416 2802 λέγειν
427 2776 434 2783 ·
458 2777 467 2793 ι
485 2768 530 2795 Ἑν
546 2768 622 2804 μέρει
637 2769 806 2804 γινώσκομεν
819 2769 865 2795 καὶ
880 2769 909 2795 ἐν

122 2813 204 2849 μέρει
218 2814 435 2850 προφητεύομεν,
450 2823 459 2841 ι
477 2812 545 2840 Οὕτε
558 2813 612 2848 γὰο
625 2814 669 2841 τὸν
686 2814 773 2841 πάντα
788 2815 909 2850 ποταμὸν

159 2903 206 2930 "l
220 2903 280 2931 Cur.
296 2911 354 2933 χιιι.
371 2903 397 2931 9.

966 2269 1081 2296 magnus
1097 2260 1160 2287 item
1186 2264 1213 2287 et
1228 2258 1328 2286 multus
1341 2261 1383 2284 est
1403 2255 1472 2290 apud
1491 2255 1574 2282 Deum
1590 2265 1595 2281 :
1611 2261 1694 2289 quare
1708 2254 1750 2280 di-

965 2313 1037 2335 ctum
1051 2310 1103 2338 est,
1122 2314 1132 2332 ι
1156 2313 1171 2332 a
1186 2304 1283 2339 populo
1300 2310 1407 2338 magno.
1421 2311 1431 2328 ι
1449 2301 1484 2329 At
1498 2301 1569 2329 enim
1584 2301 1609 2327 in
1622 2299 1751 2335 praesenti

965 2354 1017 2380 vita
1034 2357 1061 2380 et
1077 2353 1104 2380 in
1130 2351 1220 2379 futuro
1239 2349 1356 2382 saeculo,
1383 2348 1554 2376 rationabilia
1569 2347 1650 2380 dona,
1665 2350 1693 2374 et
1707 2345 1749 2373 in—

965 2404 1092 2428 cruentas
1103 2398 1206 2426 hostias
1219 2397 1273 2424 Deo
1285 2397 1409 2424 emittere
1423 2401 1558 2429 nunquam
1588 2397 1678 2420 cessat
1690 2399 1749 2420 me«

966 2449 1086 2473 moratus
1102 2444 1224 2480 populus.

1003 2547 1011 2562 ι
1027 2537 1101 2564 Gens
1116 2542 1228 2571 sperans
1245 2539 1272 2562 et
1288 2533 1458 2566 conculcata,
1480 2539 1539 2567 qua;
1554 2535 1596 2559 est
1620 2530 1646 2557 in
1671 2532 1751 2564 parte

962 2583 1034 2611 ﬂuvii
1055 2583 1173 2618 regionis
1189 2581 1258 2615 ejus.
1276 2581 1302 2608 in
1321 2580 1380 2607 loco
1392 2579 1436 2606 ubi
1454 2585 1549 2606 nomen
1570 2576 1677 2604 Domini
1697 2574 1746 2602 Sa-

963 2630 1054 2663 baoth,
1073 2630 1099 2656 in
1116 2634 1206 2657 monte
1233 2632 1338 2655 sancto.
1354 2636 1364 2653 ι
1380 2626 1442 2653 Hme
1456 2625 1527 2653 enim
1548 2631 1612 2658 gens
1629 2623 1654 2649 in
1670 2626 1751 2657 parte

963 2676 1036 2703 ﬂuvii
1051 2676 1170 2711 regionis
1186 2674 1231 2702 Dei
1244 2678 1314 2707 erat,
1323 2673 1432 2708 quando
1451 2673 1476 2699 in
1491 2668 1610 2697 Ecclesia
1629 2668 1676 2695 Dei
1689 2675 1747 2695 ver-

964 2723 1092 2755 sabatur;
1109 2722 1146 2748 ita
1163 2726 1192 2747 ut
1208 2721 1292 2752 dicat,
1314 2729 1323 2746 ι
1342 2719 1370 2746 In
1385 2721 1461 2752 parte
1480 2715 1670 2749 cognoscimus
1679 2717 1707 2741 et
1718 2713 1747 2741 in

963 2773 1038 2803 parte
1051 2768 1243 2803 prophetamus
1261 2766 1295 2792 ".
1310 2775 1319 2792 ι
1336 2765 1427 2798 Neque
1437 2762 1509 2790 enim
1525 2766 1609 2788 totum
1622 2760 1744 2792 ﬂuvium,

963 2814 1068 2842 scilicet
1081 2812 1196 2841 Verbum
1212 2812 1270 2845 Dei,
1293 2810 1415 2845 capiebat
1444 2808 1488 2836 illa
1503 2807 1596 2843 regio:
1614 2813 1699 2842 quare
1715 2804 1747 2833 in
