2044 3215
305 186 357 214 219

643 184 776 212 EUSEBII
795 183 1030 212 CAESARlENSIS
1047 182 1124 210 OPP.
1144 181 1232 210 PARS
1251 181 1296 209 111.
1315 197 1350 202 -—
1368 180 1573 208 EXEGETICA.

1871 181 1920 207 2‘20

305 249 382 281 parte
395 243 469 271 lluvii
492 243 612 279 regionis
629 243 676 271 Dei
701 242 784 270 fuisse
803 242 903 270 dicitur
925 247 1089 270 memoratus

1141 240 1249 275 ἐχώρει,
1267 240 1337 274 λέγω
1361 240 1388 266 δὲ
1405 240 1451 267 τὸν
1473 239 1519 266 τοῦ
1534 237 1601 265 Θεοῦ
1622 238 1717 272 Λόγον,
1738 239 1755 274 ἡ
1776 238 1920 274 δηλωθεῖσα

303 290 430 327 populus.

597 379 710 407 CAPUT
727 379 798 407 XIX.

341 426 423 454 Vens.
438 426 464 452 1.
479 434 488 451 ι
501 425 575 452 Visio
591 424 712 459 Egypti.
730 424 800 452 Ecce
813 425 941 452 Dominus
959 425 1034 452 sedet
1047 433 1090 452 su-

304 479 354 507 per
367 471 464 498 nubem
483 471 580 502 levent,
591 475 619 497 et
630 470 718 497 veniet
734 471 760 496 in
776 469 933 505 Egyplum.
950 481 960 496 ι
979 472 1090 498 Attente

306 517 535 545 considerandum
553 521 605 548 est,
624 525 678 552 quo
692 522 771 549 pacto
783 517 907 549 dicatur,
923 527 932 544 ι
949 516 1025 544 Visio
1042 517 1090 545 ΛΞ-

305 562 390 598 gypti.
407 571 417 588 ι
440 561 497 588 Νοιι
513 562 585 588 enim
601 562 824 596 quemadmodum
844 563 877 589 de
891 563 1027 598 Babylone
1048 564 1089 590 di-

305 609 428 641 cebatur,
447 617 456 634 ι
477 607 552 635 Visio
572 613 666 635 contra
686 607 869 642 Babylonem;
889 619 899 635 υ
918 617 1004 643 neque
1019 610 1089 637 sicut

304 655 338 681 de
355 653 445 680 Iudaea
470 659 495 681 et
517 653 677 687 Jerusalem,
704 663 712 680 ι
735 655 808 682 Visio
825 663 904 689 quam
927 655 992 683 vidit
1006 655 1088 683 Isaias

304 700 376 727 ﬁlius
386 701 484 731 Amos;
511 708 592 734 quam
609 700 675 726 vidit
690 705 785 727 contra
803 700 922 728 Judaaam
939 707 966 729 et
977 701 1088 729 Jerusa-

305 746 373 777 lem;
388 756 397 771 ι
418 754 505 780 neque
530 751 559 773 ut
584 747 617 773 de
630 747 761 774 Damasco
777 752 803 774 et
818 747 851 774 de
869 748 1028 782 Moabitide;
1041 756 1088 776 eo-

305 791 366 818 dem
380 791 458 818 modo
481 793 513 818 de
530 791 666 827 Egypto:
685 801 738 820 non
765 793 837 820 enim
854 793 963 825 dicitur,
982 803 991 819 ι
1014 794 1089 821 Visio

305 842 402 865 contra
419 837 584 873 (Egyptum;
607 847 617 864 ι
632 839 678 865 sed
695 840 771 873 quasi
789 839 923 875 Egyptus
939 841 1047 873 visura,
1061 846 1089 869 et

304 883 391 910 oculis
408 884 579 911 discernendi
598 885 622 911 vi
650 886 770 919 praeditis
795 887 1008 920 eontemplatura
1031 892 1089 914 erat

1142 286 1217 321 χώρα
1227 295 1234 301 σ
1249 286 1290 312 διὸ
1301 287 1329 312 έν
1342 286 1419 320 μέρει
1431 285 1477 312 τοῦ
1491 285 1613 320 ποταμοῦ
1626 285 1675 320 τῆς
1691 284 1782 321 χώρας
1797 285 1845 311 τοῦ
1858 285 1920 312 Θεοῦ

1143 332 1251 365 λέγεται
1264 332 1403 365 γεγονέναι
1417 331 1445 357 τὸ
1456 331 1573 366 δηλωθὲν
1587 330 1670 362 tam:

1397 377 1593 404 ΚΕΦΑΛΑΙΟΝ
1612 377 1661 403 18'.

1178 424 1315 459 Nomm;
1341 423 1488 457 Αἰγύπτου.
1520 423 1584 449 Ἰδοὺ
1614 422 1714 457 Κύριος
1739 422 1857 458 κάθηται
1879 423 1920 450 ἐπὶ

1139 469 1253 505 νεφέλης
1272 469 1384 504 κούφης,
1405 469 1452 496 καὶ
1466 469 1524 504 ἥξει
1541 470 1580 500 εἰς
1600 468 1745 503 Αἴγυπτον.
1759 479 1769 494 ι
1788 469 1920 504 Προσήκει

1139 516 1167 542 δὲ
1181 515 1225 542 τὸν
1242 515 1302 542 νοῦν
1322 515 1466 549 ἐπιστῆσαι
1489 515 1563 546 ὃπως
1581 515 1686 550 εἴρηται
1699 523 1705 530 ·
1729 525 1737 540 ι
1751 515 1866 550 Ὅρασις
1878 515 1920 541 Ai-

1139 561 1252 595 γύπτου.
1265 571 1274 587 ι
1293 561 1330 587 Οὐ
1353 560 1406 596 γὰρ
1427 561 1464 592 ώς
1488 561 1533 587 ἐπὶ
1552 560 1602 595 τῆς
1623 559 1778 591 Βαὸυλῶνος
1793 559 1918 593 ἐλέγετο·

1143 618 1151 633 ι
1169 609 1281 643 Ὅρασις
1298 607 1368 634 κατὰ
1390 606 1563 637 Βαὸυλῶνος·
1581 605 1633 632 οὐδ’
1654 605 1692 637 ὡς
1709 605 1761 643 ,ἐπὶ
1785 605 1833 640 τῆς
1863 606 1920 632 Ἰου-

1139 654 1215 685 δαίας
1226 654 1272 680 καὶ.
1283 654 1332 688 τῆς
1343 652 1528 688 Ἰερουσαλὴμ,
1539 662 1547 677 ι
1562 652 1677 688 Ὄρασις
1687 653 1719 688 ἦν
1729 650 1796 679 εἶδεν
1810 652 1920 684 Ἡσαΐας

1139 698 1197 730 υἰὸς
1217 698 1316 734 Ἀμὼς,
1330 699 1362 733 ἢν
1377 695 1431 723 εἶδε
1447 697 1516 723 κατὰ
1537 696 1585 732 τῆς
1606 697 1734 728 Ἰουδαίας
1752 697 1799 722 καὶ
1823 697 1919 732 Ἰερου-

1140 744 1244 779 σαλήμ·
1258 753 1266 769 ι
1285 743 1338 770 οὐδ’
1354 743 1391 774 ὡς
1404 743 1449 769 ἐπὶ
1461 742 1510 777 τῆς
1529 741 1673 777 Δαμασκοῦ
1691 742 1797 777 καὶτῆς
1813 741 1921 768 Μωαϐί-

1138 790 1220 822 τιδος,
1243 789 1328 821 οὕτως
1350 789 1396 816 ἐπὶ
1422 788 1471 823 τῆς
1491 788 1644 822 Αἰγύπτου·
1668 789 1706 817 οὐ,
1721 788 1775 824 γὰρ
1800 789 1919 824 εἷρηται,

1142 845 1150 861 ι
1165 836 1279 870 Ὄρασις
1300 833 1370 860 κατὰ
1379 833 1428 869 τῆς
1437 833 1588 867 Αἰγύπτου·
1602 843 1610 858 ι
1624 833 1682 869 ἦτοι
1692 833 1729 864 ὡς
1741 833 1824 868 αὐτῆς
1833 833 1922 868 ,Αἰγύ-

1141 890 1206 908 πτου
1217 881 1364 917 μελλούσης
1377 881 1453 916 όρᾷν,
1467 880 1513 906 καὶ
1525 879 1634 915 θεωρεῖν
1652 879 1798 915 ὀφθαλμοῖς
1809 880 1922 914 διορατι-

305 936 337 956 ea
349 937 407 963 qua:
421 930 447 956 in
463 931 588 957 vaticinia
604 931 745 958 feruntur:
761 931 801 958 vel
816 932 878 966 quia
901 933 1032 967 propheta
1048 933 1089 960 vi-

1142 928 1199 958 κοῖς
1212 927 1245 954 τὰ
1259 925 1453 960 θεσπιζόμενα·
1471 926 1487 961 ἢ
1502 925 1540 957 ὡς
1553 925 1599 952 τοῦ
1614 926 1754 960 προφήτου
1766 927 1816 960 τὴν
1829 926 1922 960 ὅρασιν

306 977 411 1003 sionem
440 977 573 1004 habuerat
587 977 722 1012 z’Egyptiis
748 979 935 1013 pulcherrima
963 988 1090 1014 praenun-

305 1022 415 1049 tiantes.
431 1022 499 1055 Quid
513 1023 584 1049 enim
600 1023 748 1057 pulchri-ing,
763 1024 826 1058 quid
841 1024 946 1052 beatius
956 1025 1091 1061 Egyptiis

305 1072 466 1094 eventurum
480 1072 549 1099 erat,
563 1075 644 1102 quam
653 1069 724 1102 quod
741 1069 869 1096 Dominus
883 1073 1025 1104 praesentia
1041 1079 1089 1099 sua

305 1113 381 1147 ipsos
408 1112 577 1147 dignatnrns,
597 1117 623 1140 et
650 1113 770 1140 notitiam
790 1115 831 1141 sui
860 1115 926 1150 ipsis
943 1116 1090 1144 collaturus

303 1163 388 1191 esset,
403 1158 576 1193 facturusqne
597 1160 650 1186 alia
664 1161 754 1188 omnia
766 1168 826 1195 quae
844 1161 870 1187 in
897 1161 1089 1198 Egyptiorum

303 1203 403 1231 bonum
422 1205 582 1231 verterent?

342 1259 352 1276 ‹
370 1250 403 1277 Et
421 1250 598 1277 movebuntur
618 1251 770 1279 manufacta
791 1252 899 1287 Egypti
913 1260 927 1279 a
943 1253 1010 1280 facie
1021 1254 1088 1287 ejus,

303 1300 331 1322 et
345 1302 391 1321 cor
408 1303 500 1322 eorum
518 1296 689 1330 superabitur
706 1297 732 1323 in
747 1297 822 1332 ipsis.
836 1307 845 1323 ι
863 1297 938 1330 Quod
952 1306 1017 1326 sane
1030 1301 1090 1334 quis

304 1341 452 1368 secundum
469 1342 590 1369 historia
605 1342 748 1369 veritatem
767 1348 831 1370 tunc
841 1344 1002 1378 completum
1015 1346 1091 1373 dixe-

305 1387 352 1418 rit,
368 1383 428 1413 cum
445 1387 504 1421 ipse
519 1387 658 1420 Dominus,
670 1388 715 1422 qui
731 1388 756 1415 in
775 1389 908 1423 principio
921 1390 991 1424 apud
1007 1391 1088 1418 Deum

305 1435 378 1463 erat,
397 1431 467 1458 Deus
485 1431 614 1464 Verbum,
634 1440 688 1459 non
706 1433 868 1468 incorporeo
888 1441 976 1468 neque
995 1435 1092 1462 invisi-

304 1477 351 1504 bili
368 1478 447 1505 modo
465 1477 491 1504 in
510 1477 698 1513 Egyptiorum
722 1479 834 1514 regione
855 1480 1088 1515 peregrinabatur,

305 1522 352 1548 sed
369 1522 395 1548 in
408 1523 478 1550 nube
491 1523 533 1549 illa
545 1523 607 1555 levi,
623 1528 651 1550 ut
664 1524 846 1556 existimatur,
861 1525 958 1552 sedens
968 1525 1088 1558 advenit,

304 1567 409 1594 scilicet
421 1567 446 1594 in
460 1575 584 1602 corpore,
607 1568 678 1602 quod
692 1567 818 1595 Christus
845 1575 1039 1604 assumpserat,
1056 1577 1089 1597 ex

305 1613 410 1647 Spiritu
430 1618 524 1641 sancto
550 1618 577 1640 et
605 1621 637 1641 ex
654 1619 747 1641 sancta
777 1614 886 1650 Virgine
901 1616 1088 1643 constitutum.

305 1657 373 1685 Nam
391 1658 414 1685 si
433 1666 486 1685 non
500 1659 630 1693 scriptum
644 1664 717 1685 esset
734 1659 820 1692 ipsum
841 1659 904 1686 nubi
927 1660 1088 1687 insidentem

303 1708 449 1730 venturum
460 1711 529 1735 esse,
548 1708 637 1738 posset
648 1703 782 1737 quispiam
808 1703 910 1736 dicere,
928 1704 1010 1731 Deum
1025 1703 1090 1731 Ver-

303 1749 367 1777 bum
383 1749 588 1784 incorporaliter
602 1755 629 1776 et
644 1749 733 1776 divina
747 1749 847 1776 virtute
858 1750 958 1784 ubique
973 1758 1089 1784 pnesen-

303 1799 370 1828 tem,
395 1800 488 1830 utpote
505 1796 548 1830 qui
563 1795 651 1822 omnia
673 1793 792 1829 impleat,
814 1802 876 1821 nam
900 1804 909 1819 ι
934 1794 962 1822 In
991 1794 1089 1821 mundo

303 1846 373 1874 erat,
389 1846 417 1868 et
436 1842 550 1868 mundus
568 1848 615 1876 per
631 1841 716 1876 ipsum
735 1841 821 1867 factus
834 1845 872 1867 est
889 1841 924 1872 ὀ,
940 1849 949 1866 ι
967 1841 1089 1867 eamdem

304 1887 332 1915 in
360 1887 474 1923 Egypto
501 1887 672 1921 prtesentiam
704 1887 849 1920 exhibere,
873 1886 1088 1921 quandoquidem

304 1932 497 1967 lnspectionem
518 1938 545 1959 et
568 1933 762 1967 providentiam
792 1932 824 1959 ad
851 1933 911 1959 illos
937 1939 1021 1966 usque
1043 1939 1090 1959 ex-

304 1978 400 2005 tendit.
411 1977 509 2006 Verum
522 1978 566 2005 illo
578 1979 656 2006 modo
670 1986 722 2005 non
734 1979 818 2014 magis
829 1979 854 2005 in
867 1977 994 2013 Egypto,
1008 1985 1089 2012 quam

305 2023 333 2050 in
353 2023 406 2051 alia
424 2024 542 2059 qualibet
558 2024 649 2051 mundi
671 2029 747 2058 parte
759 2032 819 2052 esse
834 2025 951 2052 dicatur.
970 2023 1005 2050 At
1020 2030 1091 2050 nunc

305 2069 464 2103 specialiter
476 2075 503 2097 et
517 2070 644 2097 distincte
662 2070 772 2102 dicitur,
792 2071 879 2106 ipsum
895 2071 958 2098 nubi
977 2070 1028 2098 levi
1045 2070 1089 2097 in-

306 2115 440 2142 sidentem
459 2120 602 2143 venturum
618 2117 644 2143 in
655 2116 801 2152 Aigyptum
812 2124 882 2149 esse,
899 2124 952 2150 quo
963 2116 1090 2151 proprius

306 2161 416 2196 quidam
427 2167 454 2189 et
466 2170 612 2197 corporeus
626 2163 684 2197 ejus
694 2163 826 2189 adventus
847 2162 1026 2196 signiﬁcatur.
1041 2162 1090 2189 Cui

306 2206 405 2234 dixerit
418 2207 553 2241 quispiam
571 2208 597 2235 in
613 2208 707 2236 eadem
727 2208 920 2242 explanatione
949 2207 1088 2240 insistens,

1141 972 1302 1007 τεθεαμένου
1315 972 1363 1006 τὴν
1374 971 1409 998 τὰ
1425 971 1554 998 κάλλιστα
1567 973 1624 1002 τοῖς
1636 971 1792 1005 Αἰγυπτίοις
1803 979 1922 1006 προανα-

1141 1019 1312 1054 φωνήσασαν.
1322 1017 1353 1044 Τί
1364 1017 1417 1053 γὰρ
1428 1016 1545 1048 κάλλιον,
1552 1017 1612 1043 τίδὲ
1624 1017 1829 1052 μακαριώτερον
1839 1017 1923 1052 ὑπάρ-

1141 1074 1196 1100 χειν
1210 1064 1324 1100 ἤμελλεν
1348 1064 1506 1098 Αἰγυπτίοις
1526 1063 1573 1089 τοῦ
1594 1063 1639 1089 τὸν
1659 1062 1760 1097 Κύριον
1774 1063 1824 1097 τῆς
1843 1063 1922 1089 αὑτοῦ

1141 1111 1291 1146 παρουσίας
1313 1109 1455 1141 καταξιοῦν
1472 1109 1579 1140 αὐτοὺς,
1602 1109 1648 1134 καὶ
1665 1107 1713 1142 τὴν
1729 1107 1810 1134 αὑτοῦ
1825 1108 1923 1142 γνῶσιν

1141 1158 1232 1188 αὐτοῖς
1248 1156 1388 1192 παρέξειν,
1409 1156 1454 1182 καὶ
1480 1155 1601 1190 ποιήσειν
1615 1155 1666 1181 ὃσα
1689 1154 1756 1181 ἄλλα
1777 1154 1923 1190 ἐμφέρεται

1140 1204 1195 1234 τοῖς
1208 1203 1365 1236 Αἰγυπτίοις
1375 1211 1382 1234 ;

1179 1258 1187 1274 ι
1203 1249 1256 1274 Καὶ
1282 1247 1452 1282 σεισθήσεται
1467 1246 1502 1273 τὰ
1527 1246 1701 1281 χειροποίητα
1717 1245 1855 1279 Αἰγύπτου
1871 1244 1924 1274 ἀπὸ

1141 1294 1286 1329 προσώπου
1301 1293 1395 1324 αὐτοῦ,
1416 1293 1463 1319 καὶ
1519 1292 1616 1328 καρδία
1637 1291 1724 1318 αὐτῶν
1744 1290 1924 1326 ἡττηθήσεται

1141 1342 1169 1368 ὲν
1186 1341 1286 1371 αὐτοῖς.
1301 1349 1310 1364 ι
1330 1340 1362 1366 Ὃ
1375 1339 1407 1374 δὴ
1430 1337 1624 1374 πεπληρῶσθαι
1642 1337 1742 1364 εῑποιεν
1758 1337 1790 1364 ἄν
1801 1345 1844 1368 τις
1858 1336 1924 1371 πρὸς

1142 1385 1270 1422 ἱστορίαν,
1291 1385 1336 1410 ὅτε
1356 1383 1435 1416 αὐτὸς
1454 1384 1467 1410 6
1487 1383 1598 1419 Κύριος,
1615 1383 1629 1408 6
1646 1383 1674 1408 έν
1699 1383 1770 1417 ἀρχῇ
1797 1382 1865 1416 πρὸς
1880 1381 1924 1408 τὸν

1140 1432 1216 1465 Θεὸν,
1231 1431 1296 1463 Θεὸς
1310 1430 1394 1464 Λόγος
1406 1431 1456 1457 οὐκ
1468 1430 1620 1465 ἀσωμάτως
1633 1429 1693 1456 οὐδὲ
1703 1428 1812 1463 ἀφανῶς
1829 1428 1924 1464 ἐπεδή-

1142 1487 1185 1513 μει
1199 1479 1232 1513 τῇ
1246 1477 1300 1504 τῶν
1315 1477 1468 1511 Αἰγυπτίων
1482 1475 1569 1512 χώρᾳ,
1587 1475 1655 1502 ἀλλὰ
1671 1474 1739 1510 μετὰ
1752 1474 1800 1509 τῆς
1817 1473 1925 1508 νομιζο-

1142 1523 1225 1559 μένης
1242 1523 1345 1558 κούφης
1361 1522 1475 1558 νεφέλης
1499 1522 1652 1557 καθήμενον
1671 1520 1750 1547 αὑτὸν
1768 1519 1924 1554 ἀφικέσθαι,

1140 1568 1186 1595 τοῦ
1215 1567 1339 1603 σώματος
1364 1567 1473 1603 δηλαδὴ,
1491 1563 1520 1593 οὗ
1544 1566 1681 1602 ἀνειλήφει
1703 1567 1716 1592 6
1745 1565 1872 1601 Χριστὸς,
1896 1565 1926 1598 ἐξ

1142 1614 1218 1648 ἁγίου
1244 1614 1403 1648 Πνεύματος
1435 1612 1480 1638 καὶ
1511 1612 1561 1646 τῆς
1604 1611 1684 1645 ἁγίας
1711 1610 1847 1646 Παρθένου
1879 1610 1926 1636 ὲπ-

1140 1660 1350 1695 εσκευασμένου,
1366 1660 1397 1686 Εἰ
1413 1659 1461 1693 μὲν
1472 1659 1524 1694 γὰρ
1540 1658 1578 1694 μὴ
1598 1657 1756 1692 προσέκειτο
1771 1657 1800 1683 τὸ
1824 1657 1869 1683 ἐπὶ
1882 1665 1927 1683 νε-

1140 1707 1224 1742 φέλην
1245 1705 1396 1741 καθήμενον
1411 1705 1490 1731 αὑτὸν
1504 1703 1660 1738 ἀφικέσθαι,
1675 1703 1734 1738 ἦτοι
1757 1702 1872 1737 ἠδύνατό
1885 1711 1927 1734 τις

1140 1750 1240 1784 λέγειν,
1264 1750 1304 1776 ὅτι
1328 1750 1479 1784 ἁσωμάτως
1501 1749 1548 1775 καὶ
1565 1748 1641 1783 θεῖκῇ
1657 1748 1769 1784 δυνάμει
1788 1747 1926 1782 πανταχοῦ

1141 1797 1235 1833 παρὼν
1260 1797 1274 1823 6
1295 1796 1360 1828 Θεὸς
1375 1796 1470 1830 Λόγος,
1488 1795 1535 1822 ἅτε
1553 1795 1583 1831 δὴ
1600 1795 1689 1822 πάντα
1711 1795 1836 1830 πληρῶν·
1854 1804 1864 1820 ι
1883 1795 1928 1821 Ἐν

1139 1842 1178 1878 τῷ
1193 1843 1287 1877 κόσμῳ
1299 1851 1308 1867 ι
1325 1841 1379 1877 γὰρ
1400 1852 1408 1866 ι
1420 1839 1464 1877 ἧν,
1481 1841 1527 1868 καὶ
1540 1842 1554 1868 6
1569 1842 1668 1877 κόσμος
1685 1842 1718 1868 δι’
1737 1840 1820 1867 αὑτοῦ
1834 1840 1927 1874 ἐγένε-

1139 1898 1180 1921 το,
1194 1899 1203 1914 ι
1220 1890 1266 1915 καὶ
1284 1890 1317 1924 τῇ
1334 1888 1463 1923 Αἰγύπτῳ
1476 1889 1524 1924 τὴν
1541 1889 1624 1924 αὐτὴν
1639 1888 1788 1924 παρουσίαν
1800 1888 1926 1923 παρέχει.

1140 1935 1183 1962 διὰ
1199 1934 1245 1961 τοῦ
1267 1935 1315 1970 τὴν
1336 1935 1488 1970 ἐπισκοπὴν
1505 1934 1587 1961 αὑτοῦ
1607 1935 1654 1961 καὶ
1668 1934 1716 1970 τὴν
1735 1934 1862 1969 πρόνοιαν
1879 1933 1929 1968 μέ-

1140 1989 1201 2016 χρις
1226 1980 1315 2008 αὐτῶν
1349 1980 1488 2006 ἐκτείνειν.
1527 1979 1594 2006 Ἀλλ’
1618 1980 1647 2006 οὺ
1670 1979 1770 2014 μᾶλλον
1794 1980 1866 2005 εἴποι
1886 1987 1928 2010 τις

1141 2025 1221 2052 αὑτὸν
1245 2026 1273 2052 ὲν
1295 2025 1434 2060 Αἰγύπτῳ,
1449 2025 1466 2060 ἣ
1486 2027 1514 2052 ὲν
1530 2025 1615 2060 ἑτέρῳ
1632 2024 1709 2060 μέρει
1727 2025 1836 2056 πάντως
1856 2025 1930 2051 κατὰ

1140 2071 1233 2098 τοῦτον
1254 2071 1386 2107 ὑπάρχειν
1403 2071 1448 2098 τὸν
1467 2072 1578 2107 τρόπον.
1600 2071 1657 2098 Νῦν
1679 2071 1708 2097 δὲ
1728 2071 1930 2106 ἀφωρισμένως

1141 2117 1180 2147 εἰς
1198 2116 1334 2150 Αἴγυπτον
1347 2116 1428 2142 αὑτὸν
1442 2116 1516 2150 ἥξειν
1531 2117 1544 2142 6
1558 2116 1636 2150 λόγος
1654 2116 1699 2142 ἐπὶ
1718 2116 1833 2150 νεφέλης
1846 2116 1930 2142 αὑτὸν

1140 2163 1285 2198 ὀχούμενον
1301 2162 1404 2198 κούφης
1419 2159 1506 2195 εἶπεν,
1522 2162 1674 2195 ἰδιάζουσαν
1695 2171 1754 2189 τινα
1770 2163 1814 2189 καὶ
1833 2171 1929 2198 σωμα-

1141 2209 1219 2244 τικὴν
1231 2208 1279 2244 τὴν
1292 2209 1440 2244 παρουσίαν
1456 2208 1536 2235 αὑτοῦ
1550 2205 1688 2244 δηλῶν.’ῼ
1701 2208 1732 2243 δὴ
1753 2208 1824 2235 εἴποι
1838 2208 1871 2235 ἄν
1887 2217 1930 2239 τις

305 2256 371 2278 tunc
380 2253 565 2287 propheticum
581 2253 681 2280 dictum
696 2253 774 2280 linem
789 2252 927 2285 habuisse,
938 2259 999 2279 cum
1012 2252 1036 2279 is
1044 2252 1089 2286 qui

1141 2257 1155 2282 6
1169 2255 1253 2290 ταύτῃ
1267 2255 1460 2290 συνιστάμενος
1477 2256 1509 2290 τῇ
1524 2255 1619 2290 ὲκδοχῇ
1636 2255 1727 2286 τέλους
1751 2255 1883 2290 ἠξιῶσθαι
1897 2255 1930 2281 τὸ

304 2305 338 2325 ex
347 2296 457 2333 Virgine
470 2302 550 2325 natus
563 2304 605 2325 est
617 2299 698 2331 Deus,
709 2307 790 2334 quem
805 2297 1008 2325 Emmanuelem
1024 2305 1087 2332 pro-

306 2344 396 2379 phetia
415 2349 502 2376 vocat,
517 2345 550 2371 ad
564 2344 687 2372 homines
712 2345 830 2372 advenit.
856 2343 1088 2377 Quemadmodum

305 2389 379 2417 enim
392 2391 477 2417 nubes
486 2397 537 2416 non
551 2390 660 2417 aliunde
670 2390 890 2417 constitutionem
904 2389 996 2421 habet,
1008 2397 1089 2424 quam

305 2442 337 2462 ex
357 2443 420 2462 aere
435 2439 462 2462 et
478 2441 511 2462 ex
532 2442 633 2470 vapore
658 2441 756 2468 terrae,
776 2435 815 2462 sic
842 2440 869 2462 et
899 2442 997 2469 corpus
1018 2435 1091 2468 quod

305 2481 462 2516 assumpsit,
479 2489 511 2508 ex
529 2481 632 2516 Spiritu
647 2486 742 2509 sancto
754 2486 782 2508 et
795 2489 828 2509 ex
844 2486 952 2508 terrena
964 2481 1091 2508 substan-

305 2527 342 2554 tia
358 2528 548 2561 constitutum,
565 2528 626 2563 jure
642 2528 705 2556 nubi
721 2528 773 2555 levi
794 2532 978 2562 comparatur,
995 2528 1037 2554 cui
1048 2527 1090 2554 in-

304 2573 396 2601 sidens
410 2573 544 2606 Christus,
567 2574 594 2600 in
621 2573 750 2609 Egypto,
767 2575 831 2601 dum
852 2574 940 2601 adhuc
964 2577 1036 2600 esset
1050 2572 1090 2600 in-

304 2621 376 2653 fans,
393 2620 625 2655 peregrinabatur.
642 2620 669 2647 id
685 2622 782 2655 quippe
794 2625 851 2647 erat
863 2619 996 2654 Egyptiis
1011 2619 1088 2652 satis,

305 2666 350 2700 qui
361 2666 460 2693 virtute
475 2666 604 2694 ineﬁ'abili
615 2674 648 2693 ex
661 2667 775 2693 adventu
787 2665 937 2692 Salvatoris
964 2672 1090 2698 magnam

306 2716 370 2738 sunt
387 2712 530 2739 utilitatem
547 2712 628 2739 nacti.
659 2712 694 2738 At
719 2713 864 2739 secundum
891 2710 1089 2744 profundiorem

307 2760 438 2788 mentem,
452 2755 558 2784 Domini
575 2756 716 2791 praesentia
739 2755 854 2791 Asgyptii
873 2755 1006 2790 praecipue
1027 2762 1090 2789 egeo

310 2800 386 2833 bant,
402 2805 492 2835 utpote
503 2803 623 2830 omnium
650 2802 790 2830 hominum
807 2801 1065 2836 superstitiosissimi
1081 2810 1087 2834 ;

346 2891 368 2907 “
394 2891 472 2918 Joau.
494 2900 512 2925 ι,
528 2893 568 2920 10.

1139 2301 1217 2336 ῥητὸν
1231 2301 1276 2326 ἐπὶ
1289 2301 1321 2335 τῇ
1335 2301 1374 2332 εἰς
1387 2300 1547 2335 ἀνθρώπους
1559 2300 1664 2335 προόδῳ
1677 2300 1723 2326 τοῦ
1739 2301 1770 2326 ἐκ
1783 2301 1832 2336 τῆς
1847 2301 1932 2335 ἁγίας

1138 2345 1275 2382 Παρθένου
1302 2345 1475 2381 γεννηθέντος
1497 2345 1575 2377 Θεοῦ,
1602 2346 1631 2372 ὃν
1651 2346 1826 2382 Ἐμμανουήλ
1850 2346 1930 2373 καλεῖ

1137 2393 1154 2426 ἡ
1169 2391 1330 2427 προφητεία.
1353 2391 1396 2422 Ὠς
1411 2391 1465 2426 γὰρ
1479 2392 1494 2426 ἡ
1513 2391 1610 2426 νεφέλη
1622 2392 1671 2418 οὑκ
1687 2391 1797 2418 ἄλλοθεν
1812 2392 1869 2428 ἔχει
1880 2393 1932 2427 τὴν

1141 2437 1285 2468 σύστασιν,
1309 2436 1324 2472 ἦ
1348 2436 1377 2469 ἐξ
1398 2437 1478 2472 ἀέρος
1499 2437 1545 2463 καὶ
1571 2436 1777 2472 ἀναθυμιάσεως
1796 2438 1846 2473 τῆς
1866 2439 1930 2473 γῆς,

1140 2481 1226 2513 οὕτως
1243 2482 1272 2508 τὸ
1298 2481 1377 2517 σῶμα
1404 2482 1418 2508 ὃ
1442 2481 1596 2517 ἀνείληφεν,
1620 2482 1649 2514 ἐξ
1671 2483 1747 2517 ἁγίου
1770 2483 1931 2518 Πνεύματος

1141 2529 1188 2555 καὶ
1214 2529 1264 2562 τῆς
1293 2528 1408 2562 γεώδους
1430 2529 1523 2560 οὐσίας
1550 2528 1668 2555 ὑποστὰν
1689 2529 1801 2560 εἰκότως
1829 2529 1931 2565 νεφέλῃ

1141 2573 1229 2610 κούφῃ
1250 2573 1416 2609 παρεὸλήθη,
1472 2573 1656 2609 ἐγκαθήμενος
1676 2574 1690 2599 6
1703 2573 1818 2608 Χριστὸς
1836 2574 1927 2609 ἐπεδή-

1144 2627 1188 2654 μει
1202 2620 1234 2655 τῇ
1249 2619 1379 2654 Αἰγύπτῳ
1391 2619 1461 2645 κατὰ
1476 2619 1525 2654 τὴν
1543 2619 1642 2654 νηπίαν
1653 2618 1770 2654 ἠλικίαν.
1797 2619 1931 2655 Ἀπήρκει

1142 2665 1196 2700 γὰρ
1214 2666 1260 2692 καὶ
1281 2665 1359 2691 τοῦτο
1380 2665 1547 2699 Αἰγυπτίοις,
1564 2666 1674 2701 ἀρρήτῳ
1688 2665 1801 2701 δυνάμει
1813 2666 1931 2701 μέγιστα

1143 2711 1341 2745 ὠφελουμένοις
1353 2712 1385 2737 ἐκ
1397 2711 1446 2746 τῆς
1463 2711 1510 2737 τοῦ
1530 2711 1654 2746 Σωτῆρος
1674 2711 1838 2743 ὲπιϐάσεως.
1852 2711 1933 2738 Κατὰ

1143 2756 1171 2783 δὲ
1191 2755 1337 2791 βαθύτερον
1354 2756 1426 2784 νοῦν.
1451 2756 1499 2792 τῆς
1511 2756 1558 2783 τοῦ
1574 2756 1676 2792 Κυρίου
1690 2758 1841 2793 παρουσίας
1860 2757 1933 2790 ἐξαι-

1146 2802 1229 2837 ρέτως
1247 2802 1330 2828 ἐδεῖτο
1346 2803 1362 2837 ἡ
1384 2801 1530 2837 Αἴγυπτος,
1549 2802 1641 2837 ἐπειδὴ
1655 2802 1764 2830 πάντων
1778 2802 1935 2840 ἀνθρώπων
