2044 3215
135 193 187 220 221

612 193 863 222 COMMENTARIA
883 195 916 223 IN
935 194 1063 224 lSAlAM.
1082 210 1117 216 ——
1136 195 1212 224 CAP.
1233 195 1304 224 XI’X.

1707 195 1761 224 292

136 254 410 292 δεισιδαιμονέστεροι
433 255 587 290 γεγόνασιν,
609 256 647 288 ὡς
669 257 705 292 μὴ
731 256 809 292 μόνον
830 258 923 293 εἱμαρ-

978 257 1014 284 ita
1033 262 1063 285 ut
1074 265 1126 285 non
1141 258 1226 286 solum
1238 258 1294 286 fato
1304 262 1332 286 et
1342 258 1427 286 stellis
1442 259 1502 287 caeli
1515 258 1634 287 universi
1648 267 1759 287 causam

138 300 208 337 μένῃ
222 301 269 327 καὶ
292 302 349 332 τοῖς
371 302 431 328 κατ’
447 301 560 338 οὐρανὸν
573 302 683 338 ἄστροις
700 302 750 338 τὴν
766 302 812 329 τοῦ
827 303 926 335 παντὸς

137 345 292 373 ἀνατιθέναι
313 347 413 379 αἰτίαν,
439 349 566 374 ἐκπεσεῖν
587 348 615 374 δὲ
637 349 683 375 καὶ
703 349 782 384 μέχρι
803 349 853 383 τῆς
872 349 926 376 τῶν

137 391 242 425 ἀλόγων
255 391 343 423 ζώων,
359 393 405 418 καὶ
417 392 519 428 θηρίων
531 392 684 419 ἀτιθάσσων
708 393 816 428 πτηνῶν
837 402 866 419 τε
879 393 926 420 καὶ

138 438 261 473 ἑρπετῶν
281 438 426 471 θεοποιίας.
450 439 527 466 Οὕτω
551 438 579 465 δὲ
608 439 753 467 ἀδέσποτον
774 440 821 466 καὶ
841 440 926 475 ἀπρο-

137 483 232 520 νόητον
257 484 371 520 ἡγοῦντο
392 485 423 511 τὸ
448 486 520 518 πᾶν,
551 485 589 517 ὡς
618 485 663 511 καὶ
697 485 808 521 βασιλέα
836 486 925 513 αὐτῶν

137 530 228 565 γυμνῇ
247 531 281 564 τῇ
306 530 410 565 κεφαλῇ
425 530 529 564 λέγειν·
547 540 556 556 ι
569 532 625 558 Οὐκ
636 529 693 558 οἶδα
714 532 760 558 τὸν
781 531 897 567 Κύριον,
913 541 922 558 ι

137 574 195 606 καὶ,
211 584 220 600 ‹
236 574 284 606 Τίς
291 576 364 602 ἐστιν
377 573 406 602 οὗ
421 576 616 612 είσακούσομαι
637 579 687 613 τῆς
700 577 792 612 φωνῆς
805 577 887 604 αὐτοῦ
898 586 922 610 ς»

136 619 232 646 ταῦτα
241 620 269 646 δὲ
282 621 374 653 αὐτοῖς
385 620 475 656 ἔργοις
485 622 562 654 τέλος
573 622 707 658 ἐλάμόανε
720 622 817 649 καθ’ὃν
831 623 924 659 χρόνον

136 663 280 699 ἐκκλησίαι
305 665 354 699 μὲν
378 665 445 691 Θεοῦ
474 665 532 692 καθ’
554 666 618 702 ὅλης
648 667 752 702 ἵδρυντο
774 668 822 702 τῆς
842 667 926 701 Αίγύ-

141 718 223 742 πτου,
247 710 403 746 ἐπεδήμησε
418 711 445 736 δὲ
459 711 539 743 αὐτὸς
551 713 565 738 ὁ
579 712 679 748 Κύριος
694 714 749 743 τοῖς
756 713 923 747 Αἰγυπτίοις,

136 755 295 782 ἐπισκοπῶν
316 756 364 787 τὰς
381 756 526 791 ἐκκλησίας
538 757 619 784 αὐτοῦ
631 758 701 785 κατὰ
712 759 751 784 τό·
765 768 774 784 ι
782 759 867 785 Ὅπου
879 758 925 785 δύο

136 801 154 836 ἢ
166 803 240 837 τρεῖς
255 803 419 837 συνηγμένοι
433 804 500 830 εἰσὶν
514 804 554 834 είς
566 803 596 830 τὸ
611 803 676 838 ἐμὸν
689 804 784 839 ὖνομα,
798 805 857 831 ἐκεῖ
867 806 924 840 είμι

136 848 167 874 ἐν
179 848 254 884 μέσῳ
264 849 362 876 αὐτῶν.
377 859 387 875 ›
401 849 478 877 Οὕτω
491 850 556 884 γοῦν
568 851 595 877 αί
617 850 666 885 μὲν
676 851 820 886 ἐκκλησίαι
829 853 862 887 τῇ
877 852 926 878 αὖ·

136 892 185 919 τοῦ
198 893 344 929 διέλαμπον
356 894 456 930 χάριτι,
472 895 489 929 ὴ
506 895 534 921 δὲ
553 894 607 922 τῶν
626 895 717 922 αὐτόθι
729 896 863 932 δαιμόνων
876 906 925 924 κα-

137 938 248 974 θῃρεῖτο
261 938 358 974 πλάνη.

175 993 185 1010 ι
207 984 262 1011 Καὶ
277 983 506 1020 ἐπεγερθήσονται
529 985 673 1019 Αἰγύπτιοι
689 987 731 1012 ἐπ’
748 987 923 1021 Αἰγυπτίους,

139 1031 187 1058 καὶ
211 1030 359 1066 πολεμήσει
379 1030 524 1066 ἄνθρωπος
549 1031 595 1058 τὸν
620 1032 733 1067 ἀδελφὸν
759 1034 852 1065 αὑτοῦ,
878 1035 925 1061 καὶ

139 1076 281 1111 ἄνθρωπος
294 1076 338 1103 τὸν
351 1077 464 1111 πλησίον
477 1077 570 1104 αὑτοῦ.
587 1088 596 1104 ι
616 1079 672 1106 Καὶ
684 1079 768 1106 ταῦτα
782 1081 830 1115 μὲν
843 1081 925 1116 ἐπλη-

142 1121 221 1157 ροῦτο
239 1121 307 1156 μετὰ
326 1121 355 1148 τὸ
372 1122 550 1156 εύαγγελικὸν
571 1124 712 1159 κήρυγμα,
730 1125 760 1151 τὸ
779 1126 819 1157 εἰς
836 1127 925 1153 πᾶσαν

141 1167 260 1194 διαδοθὲν
282 1168 330 1204 τὴν
348 1169 496 1202 Αἴγυπτον,
517 1169 560 1204 ἐφ’
577 1167 598 1203 ᾧ
615 1170 649 1196 τὰ
673 1171 722 1206 μὲν
739 1171 829 1207 ἄψυχα
845 1172 926 1204 ξόανα

141 1213 189 1248 τῆς
203 1212 233 1244 ἐξ
255 1212 351 1244 αίῶνος
375 1214 505 1248 ἀκινήτου
531 1215 652 1247 στάσεως
668 1217 758 1243 αὐτῶν
782 1217 923 1253 ἐσαλεύθη,

138 1257 208 1285 ὥστε
223 1259 260 1294 μὴ
277 1259 455 1295 καθιδρύσθαι
472 1261 519 1287 καὶ
533 1261 644 1296 βεϐαίαν
661 1262 731 1297 ἔχειν
746 1262 816 1290 αὐτὰ
831 1264 924 1290 στάσιν

135 1303 180 1330 διὰ
201 1303 246 1330 τὸν
272 1304 450 1340 ἐγγενόμενον
468 1307 560 1339 αὐτοῖς
581 1307 660 1340 λαὸν,
685 1309 709 1334 οἱ
733 1308 761 1334 δὲ
783 1309 811 1334 ἐν
834 1309 924 1341 αὐτοῖς

135 1349 341 1384 ἐμφωλεύοντες
355 1350 482 1386 δαίμονες
495 1353 620 1388 πονηροὶ,
635 1353 666 1379 τὸ
682 1354 764 1389 μηδὲν
779 1354 854 1386 οντες
869 1355 925 1390 διη-

135 1394 264 1430 λέγχοντο
277 1396 324 1423 ἐπὶ
339 1397 452 1429 τούτοις.
468 1398 572 1434 ’Ὠσπερ
585 1398 639 1434 γὰρ
657 1401 674 1434 ἡ
689 1399 819 1435 ἐμφύλιος
833 1401 925 1432 στάσις

135 1440 199 1467 καθ’
210 1441 273 1477 ὅλης
287 1442 439 1478 διηγείρετο
453 1444 501 1479 τῆς
516 1444 652 1478 Αἰγύπτου
664 1455 670 1460 -
685 1445 863 1481 διισταμένων
878 1447 924 1473 ἀπ’

134 1485 259 1522 ἀλλήλων
274 1487 319 1513 καὶ
341 1488 512 1523 τεμνομένων
529 1490 576 1516 καὶ
595 1491 783 1526 μεριζομένων
805 1493 865 1519 κατ’
884 1491 925 1518 οἵ-

134 1541 212 1564 κους,
229 1534 275 1560 καὶ
290 1533 405 1561 πολιτῶν
417 1535 465 1570 τὴν
477 1535 568 1571 χώραν
584 1536 739 1568 οἰκούντων,
751 1537 790 1572 τῷ
799 1539 862 1570 τοὺς
878 1539 925 1565 ιιὲν

133 1578 227 1606 αὐτῶν
248 1580 426 1615 προστρέχειν
442 1581 481 1616 τῷ
496 1581 655 1618 κηρύγματι
672 1583 842 1620 εὐαγγελικῷ
861 1586 926 1612 ἀνα-

132 1625 291 1661 χωροῦντας
304 1626 354 1661 τῆς
370 1626 529 1663 δαιμονικῆς
545 1630 592 1655 καὶ
606 1630 792 1665 Αἰγυπτιακῆς
809 1630 922 1666 πλάνης·

131 1673 199 1704 τοὺς
222 1673 250 1699 δὲ
274 1674 490 1708 ἐναπομενοντας
512 1675 540 1701 ὲν
562 1675 628 1711 αὐτῇ
652 1675 768 1710 πόλεμον
792 1676 923 1703 ἄσπονδον

131 1718 206 1745 κατὰ
219 1719 320 1745 τούτων
333 1719 450 1754 ἐγείρειν
460 1728 467 1734 ·
483 1719 568 1752 οὕτως
582 1718 627 1747 οὖν
647 1721 824 1748 ἐπανίσταντο
839 1721 923 1756 Αἰγύ-

131 1772 208 1790 πτιοι
221 1764 265 1790 ἐπ’
280 1764 456 1798 Αἰγυπτίους.

177 1861 186 1878 ι
204 1851 284 1884 Πόλις
300 1853 345 1879 ἐπὶ
364 1853 450 1885 πόλιν,
466 1854 514 1880 καὶ
533 1855 614 1890 νομὸς
633 1856 679 1883 ἐπὶ
695 1857 786 1892 νομόν.
805 1858 859 1885 Καὶ
880 1868 924 1886 τα-

133 1898 304 1935 ραχθήσεται
319 1899 349 1925 τὸ
360 1899 468 1934 πνεῦμα
483 1900 537 1927 τῶν
552 1903 707 1935 Αἰγυπτίων
721 1905 749 1930 ὲν
763 1905 862 1937 αὐτοῖς,
876 1906 923 1933 καὶ

129 1945 186 1980 τὴν
213 1943 309 1979 βουλὴν
328 1945 417 1972 αὐτῶν
439 1945 618 1974 διασκεδάσω.
640 1949 695 1975 Καὶ
721 1950 923 1986 ἐπερωτήσουσι

128 1990 200 2021 τοὺς
217 1989 295 2021 θεοὺς
308 1989 398 2016 αὐτῶν
417 1991 464 2017 καὶ
487 1991 521 2018 τὰ
538 1992 682 2028 ἀγάλματα
700 1994 787 2021 αὐτῶν
801 1995 924 2029 καὶτοὺς

130 2035 166 2061 ἐκ
189 2034 238 2068 τῆς
259 2034 309 2069 γῆς
324 2034 497 2068 φωνοῦντας,
519 2036 567 2063 καὶ
587 2038 649 2069 τοὺς
678 2039 921 2074 ἐγγαστριμύθους.

129 2080 191 2108 Καὶ
212 2080 366 2116 παραδώσω
381 2082 430 2118 τὴν
449 2082 587 2117 Αἴγυπτον
600 2085 640 2116 είς
658 2086 752 2121 χεῖρας
774 2086 924 2122 ἀνθρώπων

130 2125 237 2161 κυρίων
253 2126 388 2162 σκληρῶν,
403 2129 449 2154 καὶ
469 2128 588 2163 βασιλεῖς
606 2131 720 2167 σκληρολ¹
737 2133 924 2168 κυριεύσουσιν

129 2170 235 2198 αὐτῶν.
254 2180 263 2196 ›
282 2172 367 2207 Νομοὶ
381 2173 409 2199 δὲ
423 2173 566 2201 καλοῦνται
581 2175 646 2211 παρ’
660 2177 819 2210 Αἰγυπτίοις
841 2179 923 2206 εἱσέτι

129 2216 182 2246 καὶ
196 2216 243 2242 νῦν
259 2217 287 2243 αἱ
304 2218 367 2254 παρ’
392 2220 483 2251 αὐτοῖς
502 2220 598 2256 χῶραι,
612 2222 640 2248 αῖ
656 2223 702 2248 καὶ
716 2223 795 2249 αὑταὶ
807 2223 923 2252 διίσταν-

128 2270 180 2289 ται
193 2262 259 2298 πρὸς
273 2263 389 2299 ἀλλήλας
401 2265 451 2300 τῆς
462 2266 545 2302 αὐτῆς
559 2267 651 2294 ἕνεκεν
663 2269 826 2302 ὑποθέσεως.
846 2272 924 2306 Ἐχω-

130 2309 226 2345 ρίζετο
239 2309 267 2335 δὲ
280 2310 330 2345 τῆς
348 2312 420 2338 κατὰ
434 2312 502 2338 Θεοῦ
519 2313 655 2346 πολιτείας
664 2316 678 2341 ὁ
689 2316 743 2342 τῶν
753 2317 840 2344 ἀθέων
856 2318 921 2352 βίος,

128 2355 183 2400 καὶ
196 2355 274 2400 νομὸς
296 2358 457 2393 ὲπηγείρετο
470 2359 562 2395 νομῷ,’
574 2361 620 2387 τοῦ
642 2362 821 2396 εὐαγγελικοῦ
837 2364 921 2400 νόμου

128 2399 169 2426 τὰ
184 2398 237 2428 τῶν
253 2399 407 2434 Αἰγυπτίων
421 2403 619 2439 ἀνατρέποντος
633 2407 745 2442 νόμιμα,
767 2408 805 2439 ὠς
819 2407 851 2436 αὖ
869 2398 921 2436 πά-

128 2445 178 2471 λιν
195 2444 242 2470 τοῦ
259 2446 307 2481 τῆς
327 2448 546 2485 εἰδωλολατρείας
567 2451 650 2486 νόμου
674 2453 855 2489 πολεμοῦντος
876 2456 921 2482 τὸν

129 2491 270 2527 σωτήριον
289 2491 375 2526 λόγον.
399 2495 491 2522 Ταῦτα
512 2497 540 2523 δὲ
556 2497 644 2524 πάντα
668 2500 782 2533 ἐγίνετο,
807 2501 855 2537 τὴν
875 2503 922 2529 ἐπὶ

127 2536 213 2573 κακῷ
230 2539 390 2573 συμφωνίαν
411 2541 464 2568 τῶν
485 2543 640 2577 Αἰγυπτίων
663 2546 711 2572 καὶ
726 2546 775 2582 τὴν
795 2548 921 2582 ὁμόνοιαν

127 2583 224 2610 αὐτῶν
235 2583 285 2618 τὴν
301 2585 365 2619 περὶ
378 2586 427 2619 τὴν
443 2587 570 2616 πολὺοεον
588 2590 692 2627 πλάνην
704 2593 862 2627 συγχέοντος
873 2593 921 2620 τοῦ

127 2628 351 2664 ἐπιδημήσαντος
363 2631 453 2664 αὐτοῖς
468 2633 578 2669 Κυρίου.
595 2636 640 2661 Διὸ
657 2636 764 2673 εἴρηται
785 2639 855 2665 κατὰ
876 2639 921 2666 τὸν

134 2672 264 2706 Ἀκύλαν,
280 2684 289 2699 ί
306 2675 361 2702 Καὶ
379 2678 517 2705 στασιάσω
534 2681 692 2714 Αἰγυπτίοις
710 2684 888 2717 Αἰγυπτίους·
908 2695 916 2711 ι

128 2717 204 2746 κατὰ
225 2718 252 2744 δὲ
271 2719 317 2746 τὸν
334 2719 491 2757 Σύμμαχον,
512 2731 521 2748 ι
542 2724 673 2759 Συμϐαλῶ
688 2727 850 2761 Αἰγυπτίους
871 2730 920 2755 Αἰ·-

127 2763 267 2809 γυπτίοιςν.
287 2774 296 2790 ι
320 2765 441 2802 Συγγενῆ
462 2767 491 2793 δὲ
508 2769 612 2801 τούτοις
626 2772 673 2799 καὶ
694 2773 804 2808 ἀδελφὰ,
820 2774 918 2809 μᾶλλον

127 2808 159 2835 δὲ
184 2808 218 2835 τὰ
233 2808 302 2836 αὐτὰ
325 2811 429 2848 ἑτέροις
450 2813 569 2849 ῥήμασιν
586 2816 666 2849 αὐτὸς
686 2819 700 2844 ὀ
721 2808 825 2855 Κύριος
839 2820 918 2856 ἡμῶν

372 2902 388 2921 ε)

169 2896 291 2928 "Exod.
310 2908 344 2935 v,
372 2902 398 2929 2.
436 2903 458 2919 ⁹¹
476 2902 568 2931 Matth.
590 2912 665 2939 xviii,
681 2905 724 2934 20.

940 941 961 969 Β

939 2292 961 2319 Ι)

979 303 1183 337 adscriberent,
1196 305 1243 332 sed
1255 305 1336 332 etiam
1348 304 1381 332 ad
1390 312 1475 339 usque
1488 306 1626 333 brutorum
1639 305 1762 332 animan-

979 349 1057 381 tium,
1075 349 1194 377 ferarum
1212 351 1380 383 immanium,
1392 350 1532 378 volucrum
1559 355 1587 378 et
1611 351 1759 385 reptilium,

979 399 1008 422 ut
1027 394 1150 427 deorum,
1166 396 1266 422 cultum
1278 396 1478 423 delaberentur.
1495 397 1532 423 Ita
1545 403 1609 423 vero
1624 395 1762 422 dominatu

978 445 1006 468 et
1021 440 1188 475 providentia
1201 449 1316 468 vacuum
1329 442 1485 468 universum
1503 441 1718 471 arbitrabantur,
1732 443 1762 466 ut

978 494 1025 514 rex
1038 487 1148 522 quidam
1163 494 1258 513 eorum
1272 487 1445 520 impudenter
1460 487 1572 518 diceret,
1592 495 1601 511 ι
1619 485 1676 513 Non
1699 484 1762 512 novi

978 532 1132 566 Dominum,
1151 537 1202 565 iet,
1218 541 1227 558 ι
1244 532 1309 565 Quis
1322 536 1363 559 est
1375 533 1451 566 cujus
1465 539 1558 559 vocem
1575 531 1683 558 audiam
1696 529 1719 546 "
1730 529 1757 556 τι

978 579 1041 606 Haec
1056 585 1136 613 porro
1163 578 1227 613 ipsis
1257 579 1385 613 operibus
1413 579 1491 606 finem
1510 581 1690 612 acceperunt,
1707 582 1761 610 quo

978 629 1100 659 tempore
1117 625 1240 652 ecclesia:
1256 624 1301 651 Dei
1319 631 1367 658 per
1383 628 1466 651 totam
1487 623 1634 658 Egyptum
1658 621 1761 649 consti-
1807 630 1813 637 -

979 671 1133 703 tuebantur,
1147 678 1178 698 ac
1192 670 1249 706 ipse
1268 671 1398 697 Dominus
1423 671 1455 697 ad
1484 669 1625 705 Egyptios
1640 668 1761 703 peregri-

977 721 1057 744 natus
1072 721 1124 748 est.
1139 723 1203 744 suas
1228 715 1342 743 visitans
1355 715 1486 743 ecclesias
1513 715 1662 741 secundum
1684 713 1760 744 illud,

980 772 990 788 ι
1004 762 1056 790 Ubi
1071 763 1125 789 duo
1144 761 1186 788 vel
1215 766 1271 789 tres
1301 760 1459 796 congregati
1484 760 1584 787 fuerint
1612 759 1639 785 in
1654 757 1761 785 nomine

977 816 1048 840 meo,
1066 808 1121 835 illic
1136 815 1195 835 sum
1212 808 1238 834 in
1259 807 1347 834 medio
1370 814 1464 834 eorum
1480 806 1514 832 ".
1536 815 1546 832 ι
1562 804 1600 832 ita
1614 804 1696 839 igitur
1717 811 1761 830 ec-

978 855 1065 882 elesi:e
1082 854 1190 888 quidem
1208 853 1266 888 ejus
1283 853 1370 888 gratia
1385 852 1534 888 fulgebant,
1549 852 1700 878 daemonum
1715 857 1761 876 au-

978 906 1030 928 tem
1044 901 1080 928 ibi
1095 901 1245 935 vigentium
1258 907 1336 927 error
1353 899 1554 927 destruebatur.

1013 990 1095 1018 Vnus.
1113 991 1140 1018 ‘2.
1160 1000 1170 1016 ‹
1187 991 1219 1017 Ει
1235 989 1426 1017 excitabuntur
1435 988 1554 1026 Egyptii
1566 987 1592 1016 in
1605 988 1759 1023 Egyptios,

977 1042 1004 1064 et
1025 1038 1136 1065 bellabit
1159 1037 1240 1064 homo
1254 1037 1382 1064 adversus
1399 1035 1514 1064 fratrem
1529 1043 1618 1067 suum,
1638 1040 1665 1061 et
1680 1035 1761 1062 homo

977 1083 1106 1111 adversus
1121 1083 1274 1118 proximum
1299 1089 1389 1110 suum.
1407 1092 1416 1109 ι
1446 1082 1480 1109 Et
1506 1083 1561 1109 haec
1581 1081 1689 1116 quidem
1711 1081 1761 1107 im-

975 1129 1118 1164 plebantur
1127 1134 1187 1164 post
1198 1130 1380 1164 evangelicum
1395 1129 1626 1163 praedicationem,
1637 1135 1697 1162 qua:
1713 1134 1761 1161 per

977 1182 1058 1204 totam
1076 1176 1220 1211 Egyptum
1246 1177 1377 1211 pervasit,
1403 1183 1457 1211 quo
1473 1180 1594 1210 tempore
1613 1175 1759 1202 inanimata

976 1221 1119 1249 simulacra
1145 1228 1160 1247 a
1186 1222 1305 1248 statione
1336 1228 1384 1248 sua
1409 1228 1488 1255 quam
1507 1228 1522 1247 a
1542 1219 1640 1247 saeculo
1658 1219 1761 1246 obtine-

975 1267 1051 1299 bant,
1071 1274 1185 1294 excussa
1212 1272 1293 1300 sunt,
1319 1271 1348 1294 ut
1368 1274 1422 1294 non
1441 1266 1512 1293 ultra
1537 1273 1571 1292 ex
1594 1264 1684 1300 pupilli
1707 1265 1761 1291 fre-

976 1314 1084 1348 quentia
1107 1314 1224 1340 firmiter
1248 1318 1330 1344 stare,
1357 1320 1406 1339 nec
1429 1312 1512 1339 solida
1533 1312 1680 1338 subsistere
1698 1318 1760 1345 ρος-

976 1363 1056 1386 sent:
1075 1359 1214 1386 damones
1230 1367 1294 1386 vero
1316 1358 1445 1394 maligni,
1464 1358 1509 1391 qui
1533 1358 1559 1384 in
1583 1357 1647 1391 ipsis
1667 1364 1717 1384 ceu
1733 1357 1760 1384 in

976 1404 1093 1432 latibulis
1109 1405 1237 1439 agebant,
1255 1406 1282 1432 in
1297 1405 1330 1431 iis
1350 1405 1415 1438 ipsis
1432 1403 1497 1430 nihil
1517 1410 1577 1430 esse
1593 1402 1761 1437 comprobati

977 1455 1049 1478 sunt.
1069 1450 1302 1483 Quemadmodum
1318 1450 1389 1477 enim
1406 1448 1494 1476 civilis
1510 1447 1641 1475 tumultus
1657 1455 1706 1482 per
1721 1451 1761 1474 to-

976 1502 1030 1524 tam
1047 1497 1192 1532 )Egyptum
1209 1496 1395 1524 concilabatur
1406 1516 1413 1528 ,
1435 1495 1540 1530 populis
1556 1494 1759 1525 dissidentibus,

977 1543 1123 1578 divisisque
1143 1543 1239 1571 studiis
1253 1549 1301 1577 per
1318 1542 1412 1568 domos
1435 1546 1528 1568 mutuo
1543 1539 1736 1567 altercantibus
1752 1547 1758 1565 :

977 1589 1047 1624 quod
1066 1597 1100 1616 ex
1118 1589 1222 1616 civibus
1241 1588 1358 1623 regionis
1382 1587 1486 1618 incolis,
1505 1586 1548 1613 alii
1573 1586 1680 1621 quidem
1698 1585 1760 1612 reli-

977 1639 1021 1661 cto
1037 1635 1170 1662 diabolico
1183 1642 1213 1661 nc
1230 1634 1391 1669 {Egyptiaco
1408 1641 1512 1666 errore,
1528 1633 1560 1660 ad
1578 1630 1759 1667 evangelicum

976 1680 1192 1715 praedicationem
1208 1681 1385 1711 accederent,
1403 1679 1448 1706 alii
1472 1687 1536 1706 vero
1556 1679 1581 1705 in
1603 1678 1695 1705 eodem
1720 1685 1759 1704 er-

977 1733 1039 1753 rore
1059 1730 1276 1760 perseverantes,
1293 1725 1456 1760 inexpiabile
1470 1725 1568 1753 bellum
1591 1729 1682 1751 contra
1701 1723 1759 1750 illos

977 1773 1148 1800 excitarent:
1169 1772 1209 1800 sic
1235 1772 1316 1808 igitur
1335 1771 1507 1807 insurgebant
1527 1770 1643 1806 Egyptii
1664 1775 1758 1797 contra

977 1818 1127 1854 Egyptios.

1014 1863 1095 1891 Vsus.
1111 1864 1173 1898 5,4.
1186 1873 1194 1890 ι
1205 1863 1306 1892 Civitas
1322 1864 1450 1892 adversus
1467 1863 1614 1896 civitatem,
1628 1867 1758 1890 etnomus

977 1918 1106 1937 adversus
1134 1918 1252 1938 nomum.
1273 1910 1304 1936 Et
1317 1910 1470 1938 turbabitur
1492 1909 1602 1944 spiritus
1620 1908 1757 1944 [Egyplio-

977 1963 1036 1983 rum
1059 1956 1085 1983 in
1112 1956 1194 1990 ipsis,
1217 1960 1244 1983 et
1268 1955 1408 1982 consilium
1431 1962 1523 1982 eorum
1551 1953 1698 1989 dissipabo.
1725 1953 1758 1981 Et

977 2001 1180 2034 interrogabnnt
1214 2001 1278 2027 deus
1302 2007 1367 2027 suos
1398 2003 1424 2027 et
1459 1999 1603 2026 simulacra
1628 2006 1697 2031 sua,
1732 2004 1758 2027 et

977 2054 1035 2078 eus,
1050 2047 1095 2081 qui
1116 2046 1149 2073 de
1174 2050 1244 2072 terra
1273 2045 1421 2079 loquuntur
1435 2065 1442 2077 ,
1463 2050 1491 2072 et
1513 2044 1706 2079 ventriluquos.
1726 2044 1757 2072 Et

979 2092 1080 2118 tradam
1107 2091 1252 2126 [Egyptum
1274 2091 1301 2118 in
1329 2097 1424 2117 manus
1448 2091 1604 2121 hominum,
1628 2090 1758 2117 durorum

977 2136 1159 2167 dominorum,
1174 2141 1200 2162 et
1222 2143 1298 2170 reges
1312 2136 1370 2162 duri
1392 2135 1601 2162 dominabuntur
1622 2143 1724 2163 eorum.
1746 2145 1757 2162 ι

976 2181 1054 2209 Nonii
1084 2183 1154 2216 apud
1179 2181 1322 2217 [Egyptios
1349 2181 1481 2215 hodieque
1513 2187 1643 2208 vocantur
1666 2188 1757 2208 eorum

978 2229 1110 2262 regiones,
1129 2235 1189 2262 quae
1216 2229 1296 2255 etiam
1320 2228 1414 2255 eadem
1431 2227 1465 2254 de
1484 2234 1565 2254 causa
1589 2232 1680 2253 mut-to
1703 2227 1756 2253 dis-

978 2274 1076 2301 sident.
1095 2273 1242 2300 Atheorum
1267 2278 1356 2300 autem
1380 2273 1433 2299 vita
1459 2273 1492 2298 ab
1519 2272 1639 2300 instituto
1661 2279 1756 2299 secun-

976 2320 1038 2346 dum
1068 2319 1149 2345 Deum
1174 2318 1369 2350 dissentiebat,
1391 2323 1419 2345 et
1443 2325 1538 2344 nonius
1558 2319 1685 2344 adversus
1706 2325 1755 2344 no-

976 2372 1048 2391 mnm
1068 2365 1239 2400 insurgebat,
1260 2364 1414 2398 evangelica
1437 2363 1494 2398 lege
1516 2365 1551 2398 (ε.
1572 2362 1655 2398 νόμῳ)
1672 2362 1755 2398 Eg;-

976 2410 1091 2444 ptioruni
1115 2409 1210 2444 legalia
1236 2410 1426 2441 subvertente.
1453 2417 1484 2436 ac
1510 2409 1627 2436 vicissim
1646 2408 1755 2436 idolola-

977 2456 1033 2482 triae
1053 2455 1109 2491 lege
1132 2456 1250 2483 salutare
1267 2456 1378 2482 verbum
1392 2459 1573 2490 oppugnante.
1594 2454 1656 2481 Haec
1674 2461 1755 2489 porro

975 2500 1064 2528 omnia
1089 2501 1299 2536 contingebant,
1328 2499 1517 2536 [Egypliorum
1545 2507 1706 2527 consensum
1727 2502 1754 2525 et

975 2547 1146 2574 concordiam
1164 2548 1236 2574 circa
1258 2547 1403 2575 multorum
1425 2546 1535 2573 deorum
1554 2552 1672 2573 errorem
1689 2552 1754 2571 con-

975 2592 1103 2620 fundente
1119 2593 1242 2625 Dumino,
1269 2593 1315 2627 qui
1338 2593 1371 2618 ad
1394 2592 1468 2626 ipsos
1491 2591 1648 2618 advenerat.
1666 2589 1754 2622 Quare

974 2639 1120 2666 secundum
1134 2639 1258 2673 Aquilam
1275 2639 1385 2671 dicitur,
1404 2648 1413 2664 ι
1433 2638 1466 2665 Et
1483 2637 1640 2664 seditionem
1655 2643 1752 2669 ponam

972 2685 1041 2712 inter
1061 2685 1202 2721 IEgyptios
1216 2691 1242 2712 et
1257 2685 1418 2721 Aigyptios;
1440 2694 1448 2710 ι
1466 2684 1612 2711 secundum
1631 2683 1753 2718 Symma—

971 2731 1049 2757 clmm
1072 2738 1145 2763 vero,
1173 2739 1182 2755 ι
1212 2730 1382 2757 Committam
1409 2728 1552 2764 Egyptios
1581 2735 1642 2755 cum
1671 2727 1752 2763 Egy-

969 2779 1042 2810 ptus.
1066 2785 1075 2800 »
1099 2775 1146 2803 llis
1170 2783 1250 2810 porro
1272 2774 1359 2802 aﬂinia
1390 2779 1417 2802 et
1440 2773 1548 2805 similia,
1579 2773 1633 2800 imo
1663 2774 1752 2807 potius

969 2821 1062 2850 eadem
1084 2821 1141 2857 ipsa
1158 2821 1218 2849 aliis
1239 2821 1329 2849 verbis
1351 2820 1477 2848 Dominus
1499 2824 1591 2848 uoster
1610 2821 1637 2847 in
1661 2819 1750 2847 Evan-
