2044 3215
299 193 356 223 Έῖσ

638 190 777 219 EUSEBll
794 190 1033 219 CESARIENSIS
1050 189 1125 220 OPP.
1147 188 1237 217 PARS
1254 188 1298 216 Ill.
1315 203 1351 210 —
1369 187 1573 216 EXEGETICA.

1880 185 1931 213 2‘24

300 253 380 288 geliis
402 252 504 285 docuit,
526 253 634 286 dicens,
665 261 674 279 ι
692 252 783 281 Nolite
806 258 903 288 putare
925 253 997 287 quod
1011 259 1084 280 vene-

1145 251 1174 278 ὲν
1187 250 1364 285 Εὐαγγελίοις
1386 249 1508 276 ἐδίδασκε
1528 248 1616 282 λέγων
1627 256 1633 263 ·
1661 256 1670 272 ι
1690 245 1734 282 Μὴ
1748 253 1878 281 νομισητι
1891 245 1929 272 ὅτι

302 300 354 326 rim
372 305 466 333 pacem
482 297 592 325 mittere
610 306 693 333 super
706 303 826 325 terram:
850 305 902 325 non
922 299 981 325 veni
998 305 1091 332 pacem

306 345 423 375 mittere.
440 345 487 371 sed
504 344 621 379 gladium
637 344 671 375 ιη,
690 353 698 368 .-
714 349 740 370 et
760 348 868 370 extera.
888 343 935 370 llis
951 352 1033 378 porro
1046 351 1093 378 ge-

302 390 363 422 stis,
379 390 595 417 conturbandum
613 397 672 415 esse
690 389 726 415 ait
740 389 864 422 spiritum
884 389 1090 424 1E3yptiorum;

302 435 450 462 secundum
472 434 664 468 Symmachum
692 441 766 466 vero,
792 443 800 459 ι
825 434 858 461 Et
882 440 1021 468 rumpettlt'
1039 435 1091 468 spi-

302 480 372 507 ritus
391 479 500 514 Egypti
521 480 547 505 in
566 480 639 513 ipsa;
665 488 673 504 ι
695 479 844 506 secundum
866 479 1089 512 Theodotionem,

304 533 315 550 ε
334 525 365 552 ΕΙ.
387 525 526 552 scindetur
547 524 659 558 spirilus
681 522 790 557 [Egypti
814 523 840 549 in
863 523 939 556 ipsa;
963 533 971 549 ι
994 524 1089 558 Aquila

302 575 393 597 autent
412 571 450 597 sic
476 570 522 601 ait,
554 579 563 594 ι
587 568 621 595 Et
643 569 765 595 tradetur
788 570 902 603 spiritus
926 570 1035 605 Aigypti
1064 570 1089 597 in

301 618 451 644 visceribus
467 617 534 650 ejus.
560 626 568 641 ›
586 616 641 644 Hoc
661 622 750 643 autem
775 617 883 651 dirupto
905 625 934 643 ac
950 624 981 643 ex
1000 617 1091 644 Eccle-

300 665 340 691 sia
365 665 503 698 projecto,
527 663 560 690 ad
588 663 737 697 profectum
764 662 954 698 [Egyptiorum
976 664 1089 690 consilia

299 717 380 745 prava
397 710 556 740 ineuntium,
574 709 629 743 Ego
648 709 714 743 ipse,
738 709 776 735 ait
793 709 930 741 Dominus,
946 710 1089 738 consilium

299 764 393 784 eorum
412 755 557 790 dissipabo.
585 764 593 780 ι
621 755 654 781 Ει
675 755 880 789 interrogabunt
903 756 968 783 deos
983 763 1048 783 suos
1064 759 1090 782 et

298 803 443 830 simulacra
461 810 525 834 sua,
548 807 575 828 et
594 809 640 828 eos
659 801 704 834 qui
726 802 758 828 de
783 807 853 828 terra
880 802 1043 836 loquuntur,
1064 806 1090 828 et

298 848 492 882 ventriloquos.
513 857 521 873 ι
543 846 645 874 Horum
670 846 778 873 nemine
799 854 847 880 pro
868 851 998 874 consueto
1015 853 1089 872 more

299 899 456 928 apparente,
481 894 506 920 in
527 899 662 921 extremas
679 894 817 926 angustias
833 894 1001 920 deiahentur.
1027 902 1034 917 ι
1057 893 1088 919 ΕΙ.

301 941 405 966 tradam
419 940 563 975 [Egyptum
580 941 605 967 iu
623 948 717 967 manus
736 940 885 971 hominum,
916 940 1087 966 dominorum

299 986 442 1019 durorum,
472 990 498 1013 et
523 993 600 1021 reges
622 987 680 1013 duri
710 986 920 1013 dominabuntur
943 993 1049 1011 eorum.
1077 994 1085 1010 ι

299 1027 348 1055 llis
368 1029 479 1056 iudicari
504 1035 567 1063 pulo
589 1035 693 1064 tempus
722 1038 776 1064 quo
814 1034 941 1056 eventura
968 1035 1031 1056 sunt
1058 1037 1087 1055 ea

296 1081 357 1107 qua:
372 1074 396 1100 in
413 1075 540 1101 vaticinio
555 1074 696 1102 leruntur:
719 1084 779 1102 nam
803 1075 995 1110 [Egyptiorum
1012 1076 1086 1109 regni

296 1119 474 1146 mutationem
500 1120 557 1147 fore
577 1120 731 1155 signiﬁcat,
750 1129 803 1154 quo
820 1125 940 1155 tempore
961 1121 1088 1148 Dominus

298 1164 324 1191 in
342 1163 491 1199 Egyplum
509 1165 707 1199 proﬁciscetur.
732 1165 798 1198 Quis
815 1174 877 1193 vero
894 1174 945 1193 non
969 1172 1086 1201 stupent,

298 1211 321 1238 si
363 1217 470 1244 tempus
493 1211 614 1238 conferat
640 1212 766 1238 salutaris
792 1213 991 1246 prmdicalionis
1027 1221 1085 1240 cunt

297 1257 373 1291 regni
395 1256 549 1292 {Egyptiaci
576 1259 734 1290 eversione,
764 1259 898 1293 quomodo
920 1259 1023 1286 scilicet
1039 1267 1087 1286 ex-

297 1302 359 1329 inde
376 1302 408 1328 ad
427 1303 587 1329 hodiernum
608 1312 693 1338 usque
719 1305 801 1337 diem,
828 1312 880 1331 non
908 1305 978 1331 ultra
1003 1306 1084 1339 prisci

296 1349 334 1375 illi
352 1349 497 1383 principes,
511 1349 646 1377 Ptolennei
663 1358 768 1385 nempe,
788 1351 853 1385 ipsis
870 1352 1022 1385 imperent,
1039 1352 1085 1378 sed

297 1394 412 1421 Romani
432 1403 525 1422 eorum
540 1395 661 1422 domini?

329 1528 382 1555 Pro
401 1529 447 1556 illo
463 1534 564 1562 autem,
583 1540 592 1555 ι
613 1538 690 1565 reges
715 1531 785 1563 duri,
804 1541 813 1557 ›
831 1532 936 1566 Aquila,
956 1542 963 1557 ι
985 1533 1018 1559 Ει
1036 1540 1084 1559 rex

295 1575 438 1602 roboratus
453 1575 575 1610 regnabit
595 1576 679 1610 ipsis:
699 1586 707 1602 ι
723 1576 901 1612 Symmachus
921 1586 1002 1609 vero,
1021 1588 1030 1603 ι
1052 1578 1084 1605 Et

294 1627 343 1646 rex
364 1619 449 1647 durus
462 1625 623 1654 potestatem
638 1621 749 1649 habebit
775 1622 802 1649 in
825 1623 904 1655 illos;
923 1632 931 1647 ι
958 1622 1083 1650 Theodo-

296 1666 344 1698 lio,
362 1675 371 1691 ι
388 1666 421 1693 Et
440 1675 486 1694 rex
506 1666 582 1694 fortis
596 1668 780 1695 dominabitur
797 1669 858 1695 illis.
877 1679 886 1694 ι
907 1669 983 1696 lluuc
1003 1676 1084 1703 porro

294 1711 395 1738 dixeris
408 1719 469 1738 esse
489 1712 691 1747 imperatorem,
717 1713 762 1747 qui
782 1719 902 1747 tempore
924 1720 999 1740 ortus
1023 1714 1083 1741 Sai-

293 1756 396 1783 vatoris
412 1758 499 1783 nostri
524 1757 710 1785 Romanorum
727 1759 912 1785 tnonarchiam
933 1760 1081 1787 obtinebat.

294 1800 370 1829 Tunc
389 1803 461 1829 enim
484 1804 622 1838 Augustus
643 1811 707 1830 vere
739 1805 892 1836 roboratus,
918 1812 949 1832 ac
976 1805 1084 1833 fortiter

293 1847 450 1883 imperans,
474 1850 578 1884 primus
610 1849 755 1884 Egyptum
790 1850 922 1878 Romanis
949 1851 1081 1885 subjecit,

292 1899 435 1930 postquam
457 1895 614 1922 diuturnam
637 1896 709 1922 illam
734 1896 770 1922 ibi
798 1897 969 1931 regnantium
986 1897 1083 1932 _Ptole-

293 1948 420 1968 IlliBOl‘ulll
440 1942 642 1969 successionem
664 1941 823 1969 sustulerat.

329 2084 410 2111 Vsus.
430 2085 456 2111 5.
475 2094 484 2110 ι
504 2085 566 2113 Πωο
583 2087 649 2113 dicit
663 2087 796 2115 Dominus
818 2087 955 2116 Sabaoth.
985 2090 1019 2117 Et
1040 2090 1080 2117 bi-

292 2129 357 2157 bent
372 2130 489 2165 [Egyptii
505 2140 602 2166 aquam
616 2140 675 2167 qua:
689 2138 729 2160 est
742 2134 819 2167 juxta
838 2142 923 2162 mare.
940 2145 949 2161 ι
960 2135 1012 2162 Pro
1026 2144 1079 2170 quo

291 2176 404 2211 Aquila,
424 2186 434 2203 ι
450 2177 483 2204 Ει
500 2178 671 2212 haurientur,
687 2179 785 2213 inquit,
801 2188 811 2205 ι
830 2187 907 2215 aquae
918 2188 950 2208 ex
964 2182 1049 2214 mari;
1067 2191 1078 2207 ι

292 2221 471 2257 Symmachus
499 2230 583 2257 vero,
602 2233 612 2250 ε
635 2224 667 2252 Et
689 2225 946 2254 exterminabuntur
967 2234 984 2254 ι
1010 2229 1079 2255 mari

1142 295 1223 333 ἦλθον
1237 297 1327 332 βαλεῖν
1339 296 1451 331 εἰρήνην
1466 295 1512 321 ἐπὶ
1526 295 1577 330 τὴν
1592 294 1656 329 γῆν”
1677 293 1727 320 οὐκ
1743 291 1824 328 ἦλθον
1842 291 1929 326 βαλεῖν

1143 345 1265 379 εἰρήνην,
1280 343 1347 369 ἀλλὰ
1372 343 1518 377 μάχαιραν,
1539 350 1547 365 ι
1563 340 1609 366 καὶ
1626 339 1659 365 τὰ
1690 339 1763 373 ἑξῆς,
1778 338 1887 365 Τούτων
1903 338 1928 364 δὲ

1142 389 1302 423 γινομένων,
1320 386 1539 422 ταραχθήσεσθαί
1552 393 1632 420 φησιν
1652 385 1666 410 ὁ
1683 384 1760 417 λόγος
1778 384 1809 410 τὸ
1824 382 1928 417 πνεῦμα

1142 434 1195 460 τῶν
1211 434 1384 467 Αἰγυπτίων·
1405 434 1475 458 κατὰ
1489 432 1516 458 δὲ
1531 432 1575 457 τὸν
1586 431 1742 466 Σύμμαχον,
1755 439 1763 454 ι
1775 430 1830 456 Καὶ
1844 429 1927 464 ῥαγή-

1143 488 1216 506 σεται
1234 480 1342 514 πνεῦμα
1358 478 1494 512 Αἰγύπτου
1508 479 1536 503 ὲν
1553 478 1632 512 αὐτῇ.
1652 487 1660 501 ι
1679 476 1756 502 Κατὰ
1767 475 1794 501 δὲ
1810 475 1857 501 τὸν
1868 474 1928 501 Θεο-

1140 526 1263 557 δοτίωνα,
1288 536 1295 551 ι
1321 525 1375 551 Καὶ
1393 524 1566 559 οχισθήσεται
1580 523 1610 549 τὸ
1627 522 1734 557 πνεῦμα
1749 520 1887 555 Αἰγύπτου
1900 520 1926 546 ὲν

1141 573 1220 607 αὐτῇ·
1242 582 1250 597 ›
1268 573 1281 598 ὁ
1296 572 1323 598 δὲ
1355 571 1483 601 ’Λκύλας,
1499 580 1508 594 ι
1527 570 1581 595 Καὶ
1593 567 1808 603 παραδοθήσεται
1821 566 1927 601 πνεῦμα

1140 618 1277 652 Αἰγύπτου
1294 619 1322 644 ὲν
1337 618 1444 651 ἐγκάτῳ
1457 616 1551 650 αὐτῆς.
1568 625 1577 640 ι
1601 614 1702 640 Τούτου
1715 614 1742 639 δὲ
1759 612 1926 649 ῥηγνυμένου

1141 667 1187 692 καὶ
1203 664 1474 701 καταρῤιπτουμένου
1491 664 1521 689 ὲκ
1542 663 1592 697 τῆς
1612 661 1783 695 Ἐκκλησίας,
1803 660 1925 695 προκοπῇ

1140 713 1193 739 τῶν
1209 712 1363 746 Αἰγυπτίων
1385 710 1480 745 βουλὰς
1503 708 1623 744 πονηρὰς
1641 706 1828 737 ἐπινοούντων,
1848 704 1924 739 Ἐγὼ,

1141 759 1234 794 φησὶν,
1243 758 1323 789 αὐτὸς
1335 758 1349 783 ὁ
1361 758 1472 791 Κυριος,
1480 755 1529 790 τὴν
1544 754 1638 789 βουλὴν
1650 752 1738 779 αὐτῶν
1749 751 1924 778 διασκεδάσω.

1143 816 1151 830 ι
1171 806 1225 831 Καὶ
1238 804 1442 840 ἐπερωτήσουσι
1453 803 1516 833 τοὺς
1528 801 1605 832 θεοὺς
1621 800 1718 832 αὐτῶν,
1734 799 1781 826 καὶ
1798 798 1832 825 τὰ
1846 798 1927 834 ἀγάλ-

1142 860 1213 886 ματα
1235 850 1333 882 αὐτῶν,
1356 850 1404 876 καὶ
1424 849 1485 880 τοὺς
1506 849 1538 874 ὲκ
1560 848 1608 882 τῆς
1630 847 1681 881 γῆς
1702 845 1867 881 φωνοῦντας,
1882 845 1926 872 καὶ

1140 898 1203 928 τοὺς
1219 895 1463 930 ἐγγαστριμύθους.
1485 904 1493 919 ι
1512 893 1610 920 Οὐκέτι
1634 892 1745 927 μηδενὸς
1761 890 1864 917 τούτων
1881 890 1926 916 αύ-

1104 932 1126 959 Β
1140 944 1196 973 τοῖς
1211 941 1332 975 συνήθως
1356 939 1529 974 φαινομένου,
1550 939 1588 969 εἰς
1611 938 1727 972 ἐσχάτην
1746 935 1925 971 ἐμπεσοῦνται

1141 988 1265 1023 ἀπορίαν,
1290 997 1296 1012 ι
1316 987 1371 1013 Καὶ
1386 985 1538 1021 παραδώσω
1557 984 1607 1019 τὴν
1626 983 1761 1017 Αἴγυπτον
1776 983 1815 1013 εἰς
1833 983 1926 1017 χεῖρας

1140 1033 1300 1069 ἀνθρώπων,
1326 1033 1428 1068 κυρίων
1452 1030 1585 1065 σκληρῶν,
1609 1031 1655 1056 καὶ
1677 1030 1795 1065 βασιλεῖς
1814 1029 1925 1064 σκληροὶ

1140 1078 1329 1115 κυριεύσουσιν
1363 1078 1462 1104 αὐτῶν.
1494 1086 1503 1102 ›
1545 1075 1676 1102 Ἐνταῦθα
1710 1073 1855 1109 δηλοῦσθαι
1881 1073 1926 1099 τον

1139 1125 1232 1159 χρόνον
1254 1122 1329 1158 οἶμαι
1350 1122 1399 1157 τῆς
1418 1121 1472 1147 τῶν
1488 1120 1689 1155 θεσπιζομένων
1712 1119 1859 1149 ἐκϐάσεως·
1878 1126 1924 1153 με·

1138 1169 1251 1204 ταϐολὴν
1271 1169 1322 1204 γὰρ
1345 1167 1453 1194 ἔσεσθαι
1469 1167 1518 1201 τῆς
1541 1166 1681 1201 βατιλείας
1701 1165 1754 1191 τῶν
1770 1164 1925 1198 Αἰγυπτίων

1139 1216 1276 1250 σημαίνει,
1291 1214 1361 1241 κατὰ
1375 1214 1438 1244 τοὺς
1455 1213 1567 1248 χρόνους
1585 1213 1634 1247 τῆς
1649 1210 1695 1237 τοῦ
1709 1210 1812 1246 Κυρίου
1825 1211 1866 1242 εἰς
1881 1209 1926 1236 Αἵ-

1138 1269 1239 1293 γυπτον
1258 1259 1385 1293 ἀςρίξεως.
1402 1258 1457 1284 Καὶ
1479 1258 1520 1288 τίς
1533 1257 1582 1282 οὐκ
1601 1257 1633 1282 ἂν
1649 1254 1808 1288 ἐκπλαγείη,
1823 1253 1925 1288 συμϐα-

1138 1306 1190 1332 λὼν
1205 1306 1267 1337 τοὺς
1281 1305 1327 1331 τοῦ
1346 1304 1479 1340 σωτηρίου
1494 1303 1669 1338 κηρύγματος
1685 1301 1731 1327 καὶ
1744 1300 1794 1335 τῆς
1807 1300 1835 1326 ὲν
1852 1299 1926 1334 αὐτῷ

1137 1350 1311 1382 καταλύσεως
1333 1350 1379 1376 τοῦ
1404 1349 1463 1375 κατ’
1492 1349 1629 1382 Αἴγυπτον
1662 1346 1807 1382 βασιλείου,
1832 1346 1871 1377 ὡς
1896 1346 1924 1378 ἐξ

1136 1398 1239 1424 ἐκείνου
1263 1397 1309 1422 καὶ
1325 1398 1363 1427 εἰς
1384 1396 1463 1431 δεῦρο
1484 1395 1581 1430 μηκέτι
1601 1394 1690 1420 αὐτῶν
1711 1394 1775 1424 τοὺς
1794 1393 1925 1427 πρότερον

1136 1445 1278 1479 ἄρχοντας,
1293 1443 1364 1476 λέγω
1381 1442 1412 1477 δὴ
1426 1442 1488 1473 τοὺς
1503 1440 1696 1475 Πτολεμαίους,
1713 1440 1834 1474 κρατεῖν,
1858 1438 1925 1463 Ῥω-

1138 1491 1233 1525 μαίους
1247 1490 1275 1516 δὲ
1292 1488 1382 1514 αὐτῶν
1399 1488 1509 1523 κυρίους
1525 1486 1729 1521 ἀποφανθῆναι;

1178 1536 1249 1562 Ἀντί
1270 1535 1298 1561 δὲ
1314 1535 1372 1566 τοῦ,
1392 1544 1400 1559 ι
1424 1534 1541 1568 βασιλεῖς
1562 1533 1684 1567 σκληροὶ,
1713 1541 1722 1557 ι
1741 1532 1755 1557 ὁ
1774 1531 1822 1565 μὲν
1846 1530 1924 1556 Ἀκύ-

1136 1582 1194 1613 λας,
1216 1591 1225 1607 ι
1245 1581 1299 1607 Καὶ
1316 1580 1441 1615 βασιλεὺς
1457 1578 1694 1614 κεκραταιωμένος
1707 1576 1860 1612 βασιλεύσει
1875 1577 1925 1602 αὖ·

1136 1629 1200 1660 τῶν,
1228 1638 1236 1653 ι
1266 1627 1392 1663 εἴρηκεν·
1415 1627 1428 1652 ὁ
1448 1626 1475 1651 δὲ
1496 1625 1653 1660 Σύμμαχος,
1679 1633 1687 1649 ι
1715 1623 1769 1649 Καὶ
1796 1622 1925 1657 βασιλεὺς

1136 1675 1252 1710 σκληρὸς
1269 1674 1419 1706 ἐξουσιάσει
1438 1671 1543 1699 αὐτῶν·
1564 1681 1572 1696 ι
1595 1671 1609 1696 ὁ
1624 1671 1652 1696 δὲ
1668 1669 1823 1700 Θεοδοτίων,
1844 1678 1854 1694 ‹
1870 1668 1926 1695 Καὶ

1137 1722 1261 1757 βασιλεὺς
1284 1720 1393 1754 ἰσχυρὸς
1413 1718 1551 1751 κυριεύσει
1578 1715 1676 1743 αὐτῶν.
1700 1725 1708 1740 ι
1739 1715 1833 1746 Εῖποις
1849 1714 1871 1740 δ’
1891 1714 1925 1740 ἂν

1135 1767 1228 1793 τοῦτον
1248 1764 1316 1791 εἶναι
1333 1765 1378 1790 τὸν
1397 1764 1467 1790 κατὰ
1484 1764 1546 1794 τοὺς
1569 1762 1680 1797 χρόνους
1704 1761 1753 1795 τῆς
1773 1761 1925 1795 γεννήσεως

1134 1813 1180 1839 τοῦ
1211 1814 1334 1849 Σωτῆρος
1365 1813 1442 1848 ἡμῶν
1472 1812 1525 1838 τῶν
1547 1811 1689 1846 Ῥωμαίων
1716 1809 1925 1845 μοναρχήσαντα

1135 1859 1255 1893 βασιλέα.
1275 1860 1341 1885 Τότε
1349 1859 1414 1893 γοῦν
1429 1859 1581 1892 Αῡγουστος
1599 1855 1838 1892 κεκραταιωμένος
1853 1854 1922 1890 ἀλη-

1135 1904 1188 1936 θῶς
1205 1905 1251 1930 καὶ
1272 1905 1390 1940 ίσχυρῶς
1412 1904 1572 1939 βασιλεύων,
1594 1903 1701 1938 πρῶτος
1721 1902 1769 1936 τὴν
1786 1901 1925 1935 Αἴγυπτον

1135 1951 1250 1984 ὑπέταξε
1274 1951 1429 1986 Ῥωμαίοις,
1445 1950 1567 1977 καθελὼν
1582 1950 1631 1985 τὴν
1648 1950 1680 1974 ἐκ
1696 1947 1801 1984 μακροῦ
1818 1947 1924 1982 κρατή-

1135 2006 1219 2024 σασαν
1233 1998 1357 2033 διαδοχὴν
1372 1997 1425 2023 τῶν
1439 1998 1503 2032 παρ’
1518 1997 1608 2027 αὐτοῖς
1625 1994 1843 2030 βασιλευσάντων
1856 1994 1925 2019 Πτο-

1133 2044 1160 2069 λε
1166 2044 1260 2079 μαίων.

1170 2100 1179 2115 ‹
1198 2090 1265 2116 Τάδε
1283 2090 1355 2123 λέγει
1373 2088 1476 2125 Κύριος
1502 2087 1630 2113 Σαϐαιῦθ⁵
1654 2088 1709 2113 Καὶ
1729 2087 1835 2112 πίονται
1851 2085 1925 2122 ὕδωρ

1132 2137 1162 2163 τὸ
1187 2136 1262 2171 παρὰ
1287 2136 1423 2162 θάλασσαν
1443 2135 1467 2160 ei
1484 2134 1636 2168 Αἰγύπτιοι.
1664 2143 1672 2159 ι
1708 2132 1778 2159 Ἀνθ’
1795 2129 1826 2159 οὗ
1842 2133 1857 2158 ὁ
1873 2133 1925 2168 μὲν

1138 2182 1262 2214 Ἀκύλας,
1278 2191 1287 2208 ι
1301 2182 1357 2208 Καὶ
1371 2180 1585 2216 ἀναποθήσεται,
1604 2180 1697 2215 φησὶν,
1711 2179 1796 2206 ὕδατα
1809 2179 1865 2206 ἀπὸ
1878 2178 1925 2206 θα-

1131 2228 1233 2264 λάσσης
1244 2237 1251 2243 ·
1271 2238 1280 2253 ι
1297 2229 1312 2254 ὁ
1325 2227 1354 2254 δὲ
1367 2227 1524 2263 Σύμμαχος,
1545 2236 1554 2252 ι
1572 2227 1628 2253 Καὶ
1641 2225 1854 2261 ἀφανισθήσεται
1868 2226 1925 2252 ἀπὺ

290 2275 378 2303 aquae.
395 2278 406 2296 ι
429 2268 478 2297 Hic
496 2277 578 2303 porro
600 2278 649 2304 per
670 2271 755 2298 maria
782 2271 965 2300 turbulentam
991 2273 1078 2310 Egy-

1136 2274 1269 2309 Βαλάσσης
1284 2273 1376 2300 ὕδατα.
1395 2283 1403 2299 ι
1421 2272 1568 2309 Τροπικῶς
1581 2272 1610 2299 δὲ
1620 2273 1635 2299 ὁ
1648 2272 1726 2306 λόγος
1741 2271 1879 2303 θαλάσσας
1893 2272 1924 2299 ἐν

290 2316 409 2350 ptiorum
436 2316 635 2345 multitudinem
659 2317 852 2346 subindicavit.

327 2407 409 2438 Vsus.
429 2410 456 2439 6.
480 2420 489 2436 ι
510 2410 620 2439 Fluvius
635 2416 725 2439 autem
748 2411 857 2440 deﬂciet
876 2418 905 2441 et
925 2419 1077 2444 exarescet.

290 2453 325 2481 Et
342 2453 467 2482 deﬁcient
486 2455 609 2489 ﬂumina,
628 2461 656 2484 et
686 2458 796 2486 canales
824 2457 921 2492 ﬂuvii,
943 2464 971 2487 et
988 2459 1079 2487 exsic-

290 2499 397 2527 cabitur
414 2501 504 2529 omnis
534 2503 709 2537 congregatio
738 2511 883 2539 aquarum.
909 2514 919 2531 ι
950 2504 985 2533 Ut
1007 2512 1078 2533 novo

289 2546 350 2574 illos
363 2551 426 2581 potu
442 2547 581 2583 excipias:
601 2557 663 2577 cum
679 2551 752 2578 enim
769 2557 856 2586 neque
871 2551 970 2579 ﬂumen
989 2560 1077 2587 neque

290 2593 342 2620 alia
362 2593 388 2621 in
411 2593 529 2629 Egypto
549 2602 620 2630 aqua
635 2597 764 2632 supersit,
782 2606 832 2626 nec
850 2598 955 2625 marina
980 2599 1013 2626 ad
1031 2607 1078 2633 po-

290 2643 346 2666 tum
362 2638 461 2667 idonea
482 2639 528 2673 sit,
547 2647 646 2668 novam
669 2646 698 2669 et
717 2642 889 2678 peregrinam
904 2643 964 2671 illos
977 2651 1075 2678 aquam

290 2683 424 2711 bibituros
444 2684 491 2712 ait.
514 2684 580 2713 Erat
599 2694 682 2721 porro
701 2686 746 2714 illa
761 2695 821 2722 quae
842 2696 876 2716 ex
897 2688 1017 2717 fontibus
1030 2697 1076 2716 sa-

290 2728 387 2758 lutaris
400 2738 414 2757 a
430 2730 545 2760 Domino
563 2732 630 2768 ipsis
650 2733 885 2768 suppeditabatur.
901 2733 971 2768 Quin
993 2735 1076 2763 etiam

290 2772 410 2803 Judaicis
427 2776 617 2806 deﬁcientibus
632 2779 722 2814 aquis,
737 2785 862 2815 captares
877 2780 1006 2814 piscium.
1027 2782 1076 2809 lm-

290 2828 432 2849 manarum
448 2830 546 2858 nempe
567 2824 730 2859 animarum,
751 2826 884 2861 plancturi
901 2833 961 2855 esse
981 2827 1075 2855 dicun-

327 2922 350 2939 ⁸³
363 2922 458 2951 Matth.
479 2930 494 2952 x
504 2942 512 2955 .
528 2922 573 2951 5i.

1132 2320 1237 2353 τούτοις
1258 2320 1289 2347 τὸ
1312 2320 1469 2357 ταραχῶδες
1493 2319 1595 2355 πλῆθος
1615 2318 1669 2345 τῶν
1689 2318 1844 2353 Αἰγυπτίων
1864 2318 1924 2354 ᾐνί-

1133 2367 1207 2401 ξατο.

1170 2423 1179 2439 ι
1205 2413 1234 2440 '0
1258 2413 1287 2440 δὲ
1302 2413 1423 2448 ποταμὸς
1438 2412 1558 2447 ἐκλείψει
1575 2412 1622 2439 καὶ
1638 2411 1847 2448 ξηρανθήσεται.
1865 2412 1924 2438 Καὶ

1132 2459 1299 2494 ἐκλείψουσιν
1315 2460 1339 2485 οἱ
1356 2459 1484 2495 ποταμοὶ,
1500 2459 1547 2486 καὶ
1571 2459 1599 2485 ai
1618 2458 1751 2494 διώρυγες
1771 2457 1818 2485 τοῦ
1835 2466 1922 2485 ποτα-

1133 2506 1195 2542 μοῦ,
1220 2506 1266 2533 καὶ
1291 2505 1488 2541 ξηρανθήσεται
1510 2506 1585 2532 πᾶσα
1605 2504 1750 2539 συναγωγὴ
1770 2504 1886 2531 ὑδάτων.
1909 2513 1920 2529 ν

1137 2553 1181 2584 Ὦς
1200 2552 1292 2579 καινὸν
1313 2552 1404 2583 αὐτοῖς
1419 2551 1527 2588 ξενίζῃς
1549 2552 1640 2578 πότον·
1660 2550 1758 2586 μηκέτι
1784 2549 1839 2586 γὰρ
1853 2551 1922 2585 ὑφε-

1131 2598 1232 2630 στῶτος
1246 2597 1293 2624 τοῦ
1308 2597 1442 2633 ποταμοῦ,
1455 2597 1527 2632 μηδὲ
1542 2597 1635 2632 ἑτέρου
1653 2595 1839 2631 Αίγυτιτιακοῦ
1857 2596 1921 2623 ὓδα-

1129 2651 1185 2676 τος,
1196 2643 1264 2670 ἀλλὰ
1281 2643 1347 2679 μηδὲ
1364 2643 1411 2670 τοῦ
1428 2643 1571 2670 θαλαττίου
1589 2643 1740 2679 ἐπιτηδείου
1758 2643 1833 2675 ὖντος
1850 2644 1921 2679 πρὸς

1130 2691 1219 2722 πόσιν,
1240 2690 1299 2717 νέον
1322 2690 1370 2717 καὶ
1388 2689 1462 2722 ξένον
1486 2689 1557 2726 ὕδωρ
1585 2689 1696 2717 πίεσθαι
1717 2690 1816 2722 αὐτούς
1838 2698 1920 2726 φησυ

1129 2735 1208 2763 τοῦτο
1223 2736 1251 2763 δὲ
1261 2733 1295 2771 ἧν
1311 2736 1343 2762 τὸ
1355 2737 1387 2762 ὲκ
1400 2735 1454 2762 τῶν
1466 2735 1563 2771 πηγῶν
1577 2736 1624 2763 τοῦ
1634 2736 1768 2772 σωτηρίου
1783 2736 1859 2771 παρὰ
1870 2735 1921 2762 τοῦ

1130 2782 1233 2818 Κυρίου
1251 2782 1342 2814 αὐτοῖς
1359 2782 1571 2818 χορηγούμενον.
1602 2782 1681 2810 Ἀλλὰ
1701 2782 1755 2819 γὰρ
1779 2782 1825 2809 καὶ
1844 2782 1920 2809 ἐκλι-

1130 2829 1233 2856 πόντων
1260 2829 1315 2856 τῶν
1344 2828 1497 2857 Ἰουδαϊκῶν
1525 2829 1639 2861 ὑδάτων,
1665 2830 1690 2856 οἱ
1716 2829 1833 2866 θηραταὶ
1860 2828 1919 2856 τῶν
