2044 3215
120 200 172 227 2‘i5

599 196 854 226 COMMENTAR-IA
875 197 908 225 ΙΝ
930 197 1056 225 ISAIAM.
1077 212 1112 218 —
1131 198 1208 227 CAP.
1229 199 1301 227 XIX.

1702 199 1756 228 226

121 258 230 296 ἰχθύων.
244 259 346 295 δηλαδὴ
364 258 420 285 τῶν
436 257 615 297 ἀνθρωπίνων
629 257 744 293 λψυχῶν,
767 257 909 294 πενθήσειν

965 261 1018 284 tur.
1043 257 1106 285 Illos
1124 261 1216 285 autem
1236 265 1251 285 a
1277 255 1410 293 propheta
1425 261 1591 284 memoratos
1605 257 1757 292 piscatores

119 305 248 340 λέγονται.
263 305 379 340 Νοήσεις
393 304 421 331 δὲ
435 305 499 336 τοὺς
513 304 543 331 ὲν
553 303 592 339 τῷ
607 304 735 340 προφήτῃ
748 303 912 336 λεγομένους

120 352 204 383 ἁλιεῖς
221 351 270 378 καὶ
286 350 448 386 ἀμφιϐολεῖς
469 350 498 384 ἐξ
517 350 619 386 ἑτέρων
635 350 733 377 ἀλιέων
757 350 805 376 καὶ
826 358 911 385 σαγη-

115 397 231 428 ⁸νευτῶιι,
247 397 320 431 λέγω
334 397 366 432 δὴ
381 397 435 424 τῶν
451 397 618 428 ἀποστόλων,
640 398 688 424 καὶ
713 397 842 433 μαθητῶν
862 396 910 424 τοῦ

119 444 244 480 Σωτῆρος
269 443 359 479 ἡμῶν,
381 441 422 475 οἷς
446 443 566 477 ἐλέγετο,
592 452 601 469 t
619 443 711 476 Δεῦτε,
733 444 782 470 καὶ
805 443 911 477 ποιήσω

120 490 191 526 ὑμᾶς
201 490 288 522 ἁλιεῖς
297 489 457 525 ἀνθρώπων.
478 499 487 516 ι
502 490 533 516 Εἰ
550 489 605 526 γὰρ
619 487 690 516 οὗτοι
702 489 746 516 διά
758 489 808 525 τῆς
820 489 911 516 αὐτῶν

119 535 290 568 διδασκαλίας
306 535 435 572 ἐθήρευον
448 535 499 567 τὰς
513 535 567 561 τῶν
580 535 731 572 ἀνθρώπων
752 535 850 571 ψυχὰς,
868 536 912 562 ἕλ-

119 591 212 615 κοντες
224 582 272 609 ἐπὶ
293 582 442 618 σωτηρίαν,
459 582 503 610 διὰ
522 583 549 609 τί
565 583 616 610 οὐκ
630 582 663 609 ἂν
682 582 770 613 είποις
786 582 833 608 καὶ
847 582 911 613 τοὺς

119 628 276 663 Αἰγυπτίων
301 628 464 664 λεγομένους
487 628 571 660 άλιετς
592 628 639 655 καὶ
661 627 823 663 ἀμφισολεῖς
846 628 912 659 τοὺς

119 673 202 700 πάλαι
212 673 390 705 διδασκάλους
403 673 452 709 τῆς
464 674 529 709 παρ’
544 674 636 704 αὐτοῖς
653 672 813 708 φιλοσοφίας
827 669 908 705 εἶναι,

119 719 141 745 oi
163 718 208 746 διὰ
230 719 281 754 τῆς
300 719 490 754 Αἰγυπτιακῆς
515 719 653 755 γοητείας,
679 719 840 753 ὲπαγίδευον
863 719 910 746 καὶ

119 765 212 801 ῶσπερ
228 765 368 797 έδελέαζον
384 765 446 797 τοὺς
461 765 508 792 ὑπ’
527 765 616 792 αὐτῶν
634 765 845 801 ἀλισκομένους’

155 819 165 835 ι
184 809 239 836 Καὶ
252 809 282 836 ὲν
294 810 375 836 παντὶ
391 810 445 836 ἕλει
459 810 581 845 καλάμου
596 810 643 836 καὶ
664 809 803 846 παπύρου,
817 810 864 837 καὶ
877 810 909 836 τὸ

120 855 165 890 ἀχὶ
179 854 210 881 τὸ
226 854 341 891 χλωρὸν,
358 855 412 881 πᾶν
428 855 459 881 τὸ
475 854 568 890 κύκλῳ
580 855 626 881 τοῦ
639 855 774 890 ποταμοῦ,
788 855 836 881 καὶ
853 855 906 882 πᾶν

118 901 147 928 τὸ
162 901 340 937 σπειρόμενον
359 900 403 928 διὰ
422 900 469 927 τοῦ
493 900 616 936 ποταμοῦ
633 900 831 937 ξηρανθήσεται
846 900 908 927 ἀνε-

121 947 263 983 μὸφθορον.
279 947 333 974 Καὶ
352 947 525 980 στενάξουσιν
538 948 562 974 οἱ
576 947 672 979 ἁλιεῖς,
688 947 734 974 καὶ
749 946 907 980 στενάξουσι

119 994 218 1026 πάντες
233 994 258 1021 οἱ
273 993 415 1030 βάλλοντες
434 993 582 1029 ἄγκιστρον
596 994 636 1025 είς
652 993 699 1020 τὸν
716 993 850 1028 ποταμὸν,
861 993 908 1019 καὶ

119 1041 143 1068 ol.
156 1040 297 1076 βάλλοντες
310 1041 432 1076 σαγήνας
446 1040 494 1067 καὶ
510 1040 670 1075 ἀμφιϐολεῖς
683 1039 873 1075 πενθήσουσιν.
896 1048 906 1065 ι

121 1086 242 1122 Παντελῆ
256 1086 285 1113 δὲ
302 1084 378 1122 οἴμαι
400 1086 533 1122 ξηρασίαν
555 1086 659 1112 ὑδάτων
681 1086 726 1112 διὰ
748 1086 850 1113 τούτων
864 1094 909 1122 ση-

123 1131 238 1167 μαίνειν,
255 1130 293 1163 ὡς
311 1131 377 1167 μηδὲ
400 1130 474 1166 ἴχνος
490 1131 599 1157 νοτίδων
621 1130 725 1157 ὑδάτων
743 1131 810 1166 μήτε
824 1131 852 1157 ὲν
869 1129 909 1165 τῷ

121 1178 234 1214 ποταμῷ
250 1177 401 1213 φαίνεσθαι,
420 1178 488 1213 μήτε
506 1178 534 1203 ὲν
553 1177 592 1212 τῷ
604 1176 658 1203 ’ἐλει
682 1177 745 1212 μήτ’
760 1177 832 1212 ἀμφὶ
855 1176 909 1202 τῶν

120 1224 248 1259 ποταμῶν
260 1223 347 1255 ἐκτὸς,
362 1223 425 1258 μήτ’
435 1224 464 1249 ὲν
474 1222 548 1258 αὐτῷ
559 1222 644 1258 μέσῳ,
657 1223 719 1258 μήτ’
730 1223 758 1248 ἐν
770 1222 907 1257 διώρυξιν,

119 1270 181 1306 μήτ’
193 1271 222 1297 ὲν
235 1269 376 1305 στασίμοις
395 1268 504 1296 ὕδασιν·
523 1268 610 1302 λείψιν
631 1268 660 1294 δὲ
677 1267 784 1304 ἀθρόως
806 1267 909 1294 τούτων

117 1317 224 1344 ἔσεσθαι
245 1316 383 1349 ἁπάντων,
401 1315 439 1347 ὡς
455 1315 581 1351 μηδαμοῦ
603 1315 653 1350 τῆς
674 1314 833 1349 Αἰγυπτίων
858 1316 909 1349 γῆς

117 1362 199 1390 ὕδατα
223 1362 382 1398 ὑφεστάναι.
405 1361 475 1388 Ἀλλ’
494 1358 571 1393 οὗτος
591 1361 605 1387 ὀ
626 1360 704 1395 λόγος
725 1361 772 1387 καὶ
792 1360 837 1387 τὸν
859 1361 909 1386 οὐκ

115 1409 241 1437 ἐθέλοντα
253 1409 376 1445 βιάζεται
388 1408 434 1435 ἐπὶ
444 1407 578 1444 τροπικὴν
593 1407 767 1443 μεταϐαίνειν
780 1406 907 1442 θεωρίων

114 1456 186 1483 ὥστε
199 1455 229 1489 ἐξ
244 1455 367 1490 ἀνάγκης
383 1454 522 1490 ποταμοὺς
532 1454 579 1481 καὶ
594 1453 678 1480 ὕδατα
688 1455 759 1480 νοεῖν
773 1453 908 1487 Αἰγύπτια

113 1503 175 1538 ἦτοι
186 1502 220 1530 τὰ
232 1502 320 1538 πλήθη
332 1502 384 1536 τῆς
397 1500 589 1535 Αἰγυπτιακῆς
600 1499 751 1535 δυνάμεως,
765 1499 782 1535 ἢ
794 1499 844 1535 τὴν
861 1498 909 1534 βα-

114 1549 219 1576 σιλείαν
240 1548 329 1575 αὐτῶν
353 1547 403 1582 τὴν
428 1547 511 1574 πάλαι
534 1545 659 1582 ποταμοῦ
681 1546 758 1581 δίκην
778 1545 908 1581 πλημμυ-

113 1595 216 1631 ροῦσαν
229 1595 245 1631 ἢ
260 1594 320 1622 καθ’
336 1594 433 1630 ἑτέραν
455 1593 580 1629 ἐκδοχὴν,
598 1593 649 1628 τὴν
663 1592 740 1638 παρὶ
748 1591 907 1638 Αίγυπτίοις
922 1607 944 1638 c

110 1642 142 1669 τὸ
153 1642 271 1669 παλαιὸν
282 1640 458 1676 ἀκμάζουσαν
467 1638 636 1674 φιλοσοφίαν,
648 1638 712 1674 περὶ
725 1635 759 1674 ἦς
771 1637 904 1664 λέλεκται·

114 1697 124 1715 ς
144 1688 204 1715 Καὶ
222 1685 368 1722 ἐπαιδεύθη
382 1685 503 1720 Μωῧσῆς
521 1684 596 1720 πάσῃ
609 1683 690 1719 σοφίᾳ
703 1683 870 1718 Αἰγυπτίων.
895 1693 905 1709 ι

111 1733 205 1770 Πολλὴ
217 1733 271 1770 γάρ
284 1742 326 1765 τις
335 1730 370 1767 ἦν
382 1731 460 1768 αὑτὴ,
474 1731 521 1758 καὶ
535 1730 621 1765 μέγας
631 1731 645 1756 ὁ
659 1731 723 1766 παρ’
735 1730 827 1761 αὐτοῖς
839 1729 908 1764 ῥέων

110 1780 249 1816 ποταμδς,
263 1780 278 1805 ὁ
296 1779 346 1814 τῆς
366 1778 432 1814 παρ’
455 1777 547 1808 αὐτοῖς
571 1775 783 1812 θαυμαζομένης
812 1775 909 1810 σοφίας

109 1826 205 1860 λόγος.
219 1824 320 1850 Τούτου
339 1823 368 1849 δὲ
386 1823 492 1858 ὑπῆρχε
516 1822 586 1858 μέρη
602 1821 688 1848 πολλὰ
704 1829 909 1856 κατακερματι-

109 1871 233 1907 ζομένου
247 1871 287 1901 εἰς
298 1868 432 1905 διώρυγας
443 1868 555 1900 πολλὰς,
570 1868 618 1895 καὶ
632 1869 672 1899 εἰς
686 1867 799 1899 πολλοὺς
822 1867 910 1903 μαθη-

108 1915 164 1946 τὰς
185 1913 240 1940 τῶν
265 1913 326 1940 καθ’
346 1913 460 1939 ἕκαστον
487 1912 542 1938 τῶν
564 1912 627 1947 παρ’
645 1913 736 1943 αὐτοῖς
762 1912 908 1948 μαθήσεων

108 1961 213 1995 λόγων,
228 1959 258 1992 ἐξ
272 1955 310 1986 ὧν
321 1958 402 1993 ἐφυον
414 1958 464 1985 οὐκ
481 1957 598 1993 ἄμπελοι
614 1957 675 1984 οὐδὲ
694 1957 793 1990 ὲλαϊαι,
809 1958 868 1984 οὐδέ
882 1966 908 1984 τι

108 2006 168 2033 τῶν
197 2005 344 2042 καρπίμων
364 2004 419 2032 τῶν
441 2004 597 2038 ἀναγκαίων
620 2004 747 2040 δένδρων,
768 2003 836 2031 ἀλλὰ
860 2004 910 2031 πά-

109 2060 210 2088 πυρος,
231 2051 353 2087 κάλαμος
366 2051 414 2079 καὶ
428 2051 458 2078 τὸ
475 2051 580 2086 χλωρὸν
596 2051 652 2086 ἀχί.
677 2050 804 2085 Σαγήνας
817 2050 844 2077 δὲ
857 2050 906 2076 αὺ-

108 2097 167 2125 τῶν
183 2098 290 2133 νοήσεις
307 2097 362 2124 ἀπὸ
373 2097 424 2132 τῆς
444 2097 490 2123 τοῦ
507 2096 633 2132 Σωτῆρος
651 2096 729 2132 ήμῶν
750 2095 909 2132 παραϐολῆς

109 2143 145 2170 δι’
163 2140 199 2179 ἦς
218 2142 326 2179 εἴρηται
336 2152 342 2158 ·
363 2152 372 2168 ι
395 2142 491 2178 Ὁμοία
505 2142 579 2169 ἐστὶν
592 2143 608 2177 ή
623 2141 744 2177 βασιλεία
759 2142 813 2168 τῶν
825 2142 908 2177 οὐρα-

107 2189 167 2218 νῶν
182 2190 286 2225 σαγήνῃ
308 2188 438 2225 βληθείσῃ
451 2190 491 2220 εις
508 2189 556 2224 τὴν
576 2187 724 2221 θάλασσαν,
744 2189 791 2215 καὶ
811 2188 908 2216 συλλα-

109 2235 200 2272 ϐούσῃ
213 2235 268 2262 ἀπὸ
284 2235 384 2267 παντὸς
399 2234 493 2269 γένους
509 2233 615 2270 ἰχθύων.
634 2243 643 2260 t
666 2234 770 2270 Ὥσπερ
785 2234 813 2260 δὲ
830 2235 859 2261 ἐν
873 2236 906 2270 τῇ

962 307 990 330 et
1015 303 1084 331 retia
1105 303 1240 338 jacienles
1263 303 1402 339 intelligas
1426 310 1458 331 ex
1489 303 1550 331 aliis
1572 302 1757 338 piscatoribus

962 354 989 376 et
1012 350 1120 384 sagenis
1143 349 1299 383 utentibus;
1325 357 1359 377 ex
1385 350 1517 384 apostolis
1542 350 1604 377 dico
1626 353 1653 377 et
1677 349 1758 377 disci-

961 395 1033 432 pulis
1054 395 1204 424 Salvatoris
1224 395 1328 429 nostri,
1355 396 1453 432 quibus
1480 396 1638 428 dicebatur,
1663 404 1673 422 ι
1703 395 1757 423 Ve-

962 442 1030 475 nite,
1053 445 1081 470 et
1105 441 1202 469 faciam
1218 450 1266 470 vos
1298 442 1449 477 piscatores
1477 442 1617 470 hominum
1632 441 1666 469 “.
1692 450 1702 468 ι
1726 441 1757 469 Si

961 488 1033 516 enim
1058 487 1102 515 isti
1118 487 1242 515 doctrina
1258 495 1308 516 sua
1327 488 1467 515 hominum
1482 488 1590 515 animas
1611 486 1757 522 piscaban-

962 539 1017 567 tur,
1037 535 1071 562 ad
1099 535 1213 563 salutem
1238 535 1299 562 illas
1317 535 1476 568 trahentes,
1505 542 1555 562 cur
1578 541 1631 561 non
1651 533 1755 561 dixeris

962 586 1128 609 memoratos
1149 580 1210 608 illos
1234 579 1427 615 Egyptiorum
1456 580 1608 615 piscatores
1635 584 1663 607 et
1685 579 1755 606 retia

958 627 1112 661 iacientes,
1133 627 1217 654 fuisse
1240 626 1301 654 illos
1322 626 1387 654 olim
1410 626 1589 661 philosophia:
1608 626 1754 657 doctores,

960 673 1005 708 qui
1026 680 1074 707 per
1085 672 1261 709 Egyptiacas
1275 673 1429 708 praestigias
1462 672 1648 707 illaqueabant
1667 675 1694 698 et
1712 671 1755 698 in-

960 718 1092 746 escabant
1103 726 1151 746 eos
1166 725 1235 754 quos
1253 725 1351 753 capere
1367 723 1494 754 poterant
1508 718 1519 745 ’3

998 806 1078 834 Vens.
1088 807 1115 841 7,
1132 805 1158 834 8.
1176 815 1186 832 ι
1204 806 1238 833 Et
1251 806 1277 834 in
1291 807 1365 834 omni
1383 805 1479 840 palude
1494 804 1590 832 calami
1604 808 1630 832 et
1647 803 1754 839 papyri.

959 858 987 881 et
1013 851 1076 880 achi
1090 852 1183 880 virens
1195 859 1277 880 omne
1296 852 1399 880 circum
1413 851 1526 882 ﬂumen.
1541 855 1568 878 et
1586 857 1666 877 omne
1681 849 1755 884 quod

959 899 1109 926 seminatur
1128 898 1162 925 ad
1178 897 1290 931 ﬂumen,
1309 901 1415 925 arescet
1438 901 1465 924 et
1481 901 1565 924 vento
1586 895 1696 931 peribit.
1718 895 1752 923 Et

960 949 1068 980 gement
1086 944 1248 980 piscatores.
1276 949 1303 970 et
1326 946 1436 978 gemant
1452 949 1547 970 omnes
1570 942 1617 976 qui
1644 941 1756 969 mittunt

961 991 1070 1018 hamum
1089 990 1115 1017 in
1136 989 1247 1021 ﬂumen.
1266 993 1292 1016 et
1313 990 1361 1024 qui
1384 989 1497 1016 mittunt
1516 995 1643 1023 sagenas,
1661 992 1690 1015 et
1707 987 1754 1022 qui

961 1036 1072 1063 mittunt
1092 1036 1174 1068 retia,
1205 1035 1347 1069 lugebunt.
1373 1044 1382 1061 ι
1405 1034 1453 1061 His
1474 1034 1658 1061 omnimodam
1679 1033 1754 1060 arbi-

961 1086 1018 1108 tror
1042 1087 1175 1116 aquarum
1202 1080 1358 1107 siccitatem
1385 1079 1520 1112 indicari,
1550 1079 1586 1106 ita
1613 1083 1644 1106 nt
1666 1086 1754 1113 neque

960 1127 1104 1163 vestigium
1124 1126 1247 1154 humoris
1267 1133 1362 1161 aquae,
1383 1124 1424 1152 vel
1442 1125 1468 1151 in
1487 1124 1582 1156 ﬂuvio.
1600 1125 1642 1152 vel
1663 1125 1689 1151 in
1710 1132 1754 1160 pa-

960 1173 1034 1206 lude,
1062 1173 1105 1200 vel
1124 1177 1201 1200 extra
1222 1171 1333 1199 llumina
1347 1171 1374 1198 in
1393 1171 1521 1203 circuitu,
1545 1170 1587 1198 vel
1606 1172 1632 1198 in
1652 1171 1753 1203 medio,

961 1219 1001 1247 vel
1019 1219 1209 1250 incanalibus.
1226 1217 1269 1245 vel
1286 1218 1311 1245 in
1330 1218 1409 1252 aquis
1423 1226 1476 1245 non
1493 1217 1651 1251 ﬂuentibus,
1666 1224 1750 1253 appa-

962 1269 1038 1297 reat,
1067 1264 1114 1291 sed
1134 1264 1257 1291 omnium
1278 1262 1424 1290 confertim
1445 1262 1570 1290 vacuitas
1593 1267 1622 1289 et
1642 1263 1752 1296 penuria

961 1311 1052 1337 futtira
1071 1310 1122 1341 sit,
1148 1309 1185 1337 ita
1202 1314 1231 1336 ut
1253 1309 1280 1336 in
1295 1308 1412 1343 Egypto
1426 1316 1561 1343 nusquam
1582 1315 1660 1342 aqua:
1676 1316 1753 1336 com-

960 1361 1083 1390 pareant.
1100 1355 1199 1384 Verum
1218 1355 1261 1383 hic
1274 1363 1365 1383 sermo
1378 1355 1422 1382 vel
1438 1355 1553 1382 invitum
1565 1362 1702 1390 quemque
1719 1354 1753 1381 ad

961 1403 1101 1437 ﬁguratam
1129 1402 1342 1437 speculationem
1369 1402 1395 1429 vi
1422 1401 1575 1436 pertrahit,
1597 1401 1634 1428 ita
1652 1405 1682 1428 ut
1704 1408 1753 1428 ne-

960 1448 1080 1476 cessario
1103 1454 1151 1482 per
1166 1448 1329 1483 Egyptiaca
1344 1447 1456 1475 ﬂumina
1488 1453 1515 1475 et
1540 1455 1625 1482 aquas
1655 1447 1752 1475 intelli-

961 1500 1008 1527 gas
1022 1491 1189 1528 Egyptiacar
1205 1493 1332 1528 potentia:
1347 1493 1399 1519 vim
1421 1498 1448 1520 et
1466 1493 1678 1526 multitudinem,
1704 1501 1752 1520 nec

961 1545 1013 1564 non
1034 1545 1145 1573 regnum
1164 1545 1272 1569 eorum,
1293 1537 1365 1572 quod
1385 1538 1448 1565 olim
1469 1538 1588 1566 ﬂuminis
1606 1538 1692 1566 instar
1706 1546 1752 1566 ex-

961 1585 1099 1618 undahat;
1121 1585 1178 1612 sive
1202 1585 1352 1612 secundum
1375 1585 1456 1612 aliam
1480 1585 1678 1619 interpretandi
1705 1593 1750 1612 ra-

962 1631 1073 1662 tionem,
1101 1631 1300 1666 philosophiam
1319 1631 1384 1659 olim
1399 1632 1471 1666 apud
1493 1631 1637 1667 [Egyptios
1652 1632 1751 1659 lloreu-

961 1681 1030 1704 tem:
1050 1677 1083 1704 de
1105 1684 1160 1712 qua
1179 1678 1280 1704 dictum
1302 1684 1360 1709 est,
1383 1687 1392 1704 ι
1418 1678 1561 1705 lustitntus
1581 1684 1623 1706 est
1644 1678 1751 1713 Moyses

960 1721 986 1748 in
1007 1722 1080 1748 omni
1099 1722 1233 1756 sapientia
1254 1722 1447 1758 Egyptiorum
1460 1724 1495 1752 ’⁵.
1516 1733 1526 1750 ι
1543 1723 1638 1759 Magna
1654 1725 1754 1759 quippe

959 1768 1112 1802 antiquitus
1135 1768 1179 1795 illa
1202 1773 1280 1800 erat.
1303 1777 1430 1804 magnum
1453 1769 1488 1796 ibi
1508 1770 1627 1804 ﬂumen,
1655 1777 1752 1804 magna

960 1821 1067 1849 quoque
1082 1822 1165 1849 penes
1185 1815 1246 1843 illos
1265 1821 1325 1843 erat
1346 1816 1499 1850 sapientia,
1515 1823 1596 1851 quam
1616 1816 1752 1843 miraban-

960 1865 1015 1893 tur,
1038 1862 1118 1888 ratio.
1136 1861 1226 1888 Multa:
1248 1869 1330 1897 porro
1353 1867 1443 1896 partes
1462 1868 1541 1889 erant
1559 1862 1638 1898 hujus
1662 1861 1752 1889 ﬂumi-

960 1908 1012 1939 nis,
1031 1908 1110 1936 divisi
1127 1916 1224 1943 nempe
1245 1909 1271 1936 in
1288 1909 1387 1937 multos
1398 1909 1526 1942 canales,
1546 1909 1572 1936 in
1590 1908 1690 1936 multos
1710 1909 1752 1936 ni-

961 1955 1059 1982 mirum
1080 1955 1227 1990 discipulos
1242 1956 1389 1983 secundnm
1410 1957 1500 1983 varias
1517 1955 1685 1991 singulorum
1709 1956 1751 1984 di-

959 2001 1110 2036 sciplinas:
1132 2009 1165 2028 ex
1178 2001 1278 2036 quibus
1290 2001 1460 2035 pullulabant
1479 2009 1531 2030 non
1547 2002 1645 2035 vineas,
1662 2009 1752 2038 neque

960 2046 1048 2079 olivae,
1072 2054 1161 2082 neque
1184 2047 1238 2074 alia
1259 2048 1392 2082 quazpiam
1407 2055 1440 2075 ex
1460 2047 1595 2076 fructibus
1608 2057 1640 2076 ac
1655 2056 1752 2077 neccl-

960 2092 1041 2119 sariis
1068 2091 1235 2126 arboribus,
1260 2092 1307 2120 sed
1331 2099 1462 2127 papyrus,
1488 2093 1609 2121 calamus
1634 2098 1661 2121 et
1689 2095 1751 2122 aclti

960 2138 1061 2165 virens.
1076 2137 1198 2172 Sagcnas
1212 2145 1293 2172 porro
1309 2145 1405 2165 eorum
1422 2138 1560 2174 intelligas
1572 2146 1606 2166 ex
1619 2139 1751 2174 parabola

960 2182 1125 2215 Salvatoris,
1163 2190 1216 2217 qna
1255 2183 1372 2216 dicitur,
1405 2193 1415 2209 ι
1438 2183 1534 2211 Simile
1561 2188 1603 2211 est
1637 2192 1750 2219 regnum

959 2227 1089 2256 calorum
1103 2236 1213 2263 sagena:
1227 2228 1315 2256 missae
1327 2229 1353 2256 in
1373 2237 1458 2262 mare,
1475 2235 1503 2257 et
1513 2237 1547 2257 ex
1559 2231 1633 2257 omni
1650 2238 1750 2266 genere

108 2280 257 2317 παραϐολῇ
268 2282 292 2307 oi
306 2280 445 2317 ἄνθρωποι
461 2279 553 2315 ἰχθύες
567 2279 700 2315 εἴρηνται,
715 2279 761 2306 καὶ
774 2281 880 2316 σαγήνη
893 2281 907 2306 ὁ

960 2274 1074 2308 piscium
1091 2276 1266 2310 congreganti
1282 2276 1317 2302 ".
1338 2284 1348 2301 ι
1378 2275 1613 2309 Quemadmodum
1630 2283 1697 2304 vero
1720 2277 1749 2304 in

108 2334 146 2352 πε
152 2325 181 2360 pi.
194 2325 245 2360 τῆς
258 2325 396 2360 βασιλείας
409 2325 463 2352 τῶν
478 2324 601 2361 οὐρανῶν
622 2324 799 2359 εὐαγγελικδς
809 2325 887 2359 λόγος
897 2334 904 2341 ·

107 2371 203 2402 οὕτως
217 2370 263 2397 καὶ¹
277 2371 393 2398 ἐνταῦθα
406 2371 423 2406 ή
441 2370 612 2402 πολύπλοκος
623 2371 744 2406 δεινότης
758 2370 805 2397 τοῦ
826 2371 907 2406 Αίγυ-

108 2417 196 2444 πιίου
220 2415 310 2450 λόγου,
330 2416 374 2452 εἴη
397 2416 431 2444 ἂν
459 2417 562 2452 σαγήνη
582 2417 628 2443 καὶ
651 2416 685 2443 τὰ
712 2416 906 2452 ἀμφίϐληστρα

106 2462 231 2499 ὁμοίως·
245 2463 270 2488 oi
283 2462 311 2488 δὲ
326 2463 536 2499 σαγηνευόμενοι
549 2463 618 2498 πρὸς
637 2462 728 2490 αὐτῶν
741 2462 831 2498 ἰχθύες
850 2461 906 2489 εἷεν

106 2509 133 2535 oi
156 2508 217 2538 ταῖς
238 2506 390 2542 ἀπατηλαῖς
410 2507 576 2542 σοφιστείαις
596 2509 637 2540 είς
660 2508 714 2534 πᾶν
734 2505 804 2540 εἶδος
823 2507 905 2534 ἀθέου

106 2553 324 2589 δεισιδαιμονίας
354 2552 561 2589 ὑποτυρὰμενοι.
589 2553 734 2586 Στενάξειν
767 2553 833 2587 γοῦν
858 2554 905 2580 καὶ

107 2599 259 2635 πενθήσειν
271 2598 399 2632 λέγονται
409 2597 432 2623 οῑ
447 2598 606 2633 ὰμφιῦολεῖς
621 2598 671 2633 τῆς
683 2598 833 2632 Αἰγύπτου,
851 2607 904 2634 μη-

107 2646 172 2674 κέτι
185 2645 291 2681 ἔχοντες
310 2643 442 2680 ὲργασίαν
454 2644 499 2671 διὰ
514 2645 560 2672 τὸν
578 2644 789 2681 ἐπιδημήσαντα
812 2645 904 2676 αὐτοῖς

107 2691 230 2727 Χριστὸν
247 2691 295 2718 καὶ
314 2690 365 2725 τὴν
383 2689 475 2716 πᾶσαν
495 2689 585 2716 αὐτῶν
603 2689 699 2724 σοφίαν
721 2689 902 2721 ἀπολέσαντα,

108 2736 185 2764 κατά
194 2736 235 2768 rb,
249 2745 258 2761 ι
270 2735 375 2762 Ἀπολῶ
383 2735 434 2771 τὴν
447 2734 542 2769 σοφίαν
553 2734 606 2762 τῶν
615 2735 714 2770 σοφῶν,
727 2735 774 2762 καὶ
784 2736 832 2771 τήν
846 2735 904 2762 σύν-

108 2792 170 2811 εσιν
180 2783 234 2810 τῶν
249 2782 366 2809 συνετῶν
375 2781 512 2809 ἀθετήσω.
531 2791 540 2808 ι

958 2321 1088 2356 parabola
1106 2321 1231 2349 homines
1248 2329 1296 2357 pro
1310 2322 1440 2357 piscibus,
1449 2329 1476 2350 et
1493 2331 1542 2357 pro
1557 2331 1656 2359 sagena
1664 2331 1748 2350 evan-

958 2367 1060 2405 gelicus
1083 2367 1116 2395 de
1142 2375 1226 2403 regno
1251 2368 1382 2396 cmlorum
1402 2376 1493 2397 sermo
1520 2369 1637 2401 dicitur,
1667 2369 1702 2396 ita
1721 2373 1749 2397 et

958 2413 1011 2441 hoc
1029 2414 1089 2441 loco
1108 2415 1246 2449 implicata
1263 2415 1307 2442 illa
1327 2415 1482 2451 [Egyptiaci
1503 2416 1637 2443 sermonis
1659 2417 1747 2452 gravi‘

960 2464 1011 2491 tas.
1028 2468 1077 2495 pro
1093 2468 1192 2495 sagena
1209 2466 1237 2488 et
1254 2462 1357 2489 retibus
1370 2462 1497 2489 similiter
1515 2462 1684 2496 accipiatur;
1707 2461 1749 2496 pi-

958 2514 1019 2534 sces
1036 2514 1101 2534 vero
1121 2507 1153 2534 iis
1189 2508 1262 2542 capti
1291 2507 1403 2540 fuerint,
1421 2508 1467 2542 qui
1493 2507 1633 2537 fallacibus
1657 2508 1747 2542 sophi-

960 2553 1094 2579 smatihns
1117 2553 1144 2580 in
1173 2561 1282 2581 omnem
1306 2553 1394 2588 impia-
1405 2553 1607 2588 superstitionis
1629 2554 1749 2587 speciem

956 2597 1146 2624 detrahuntur.
1168 2598 1280 2626 Luctum
1301 2605 1367 2633 ergo
1394 2603 1419 2625 et
1439 2599 1576 2633 planctuum
1593 2599 1680 2626 acturi
1703 2599 1745 2625 di-

955 2648 1054 2670 cuntur
1070 2643 1188 2679 Egyptii
1218 2644 1390 2679 piscatores,
1418 2645 1481 2680 quia
1507 2644 1669 2672 adveniente
1691 2645 1747 2673 sibi

954 2689 1073 2721 Christo,
1104 2695 1131 2717 et
1150 2697 1258 2717 omnem
1283 2690 1442 2724 sapientiam
1464 2697 1542 2717 suam
1567 2691 1747 2724 destruente,

958 2735 1062 2762 nullum
1079 2740 1204 2770 superest
1219 2736 1287 2771 ipsis
1302 2744 1370 2771 opus
1384 2735 1528 2770 agendum,
1550 2736 1696 2764 secundum
1714 2737 1744 2764 il-

955 2780 1020 2808 lud:
1043 2791 1052 2807 ι
1073 2781 1186 2809 Perdam
1208 2782 1369 2817 sapientiam
1391 2782 1567 2817 sapientium,
1585 2783 1745 2818 etpruden-

956 2829 1020 2856 tiam
1038 2828 1212 2864 prudentium
1230 2828 1388 2864 despiciam.
1404 2836 1414 2854 ι

150 2926 174 2942 ’⁸
188 2925 281 2954 Matth.
299 2925 389 2959 tv,i9.
423 2926 449 2964 ,"
464 2927 526 2955 Act.
538 2933 592 2963 .vn,
606 2925 652 2953 22.
691 2926 713 2942 “
726 2925 820 2955 Matth.
835 2933 896 2961 xm,
907 2925 952 2954 47.
