2044 3215
297 209 349 238 227

651 202 694 231 ΕΙ]
700 199 784 229 SEBll
803 196 1042 228 CESARIENSIS
1057 195 1131 223 OPP.
1152 193 1242 222 PARS
1256 193 1300 221 ιιι.
1315 207 1351 213 -
1363 190 1568 220 EXEGETICA.

1868 187 1920 216 228

332 268 415 296 Vens.
428 267 454 294 9.
475 275 484 292 ι
503 265 536 293 Et
550 262 673 292 confusio
686 260 870 296 apprehendet
883 265 941 289 eos,
959 257 1006 292 qui
1018 262 1082 291 ope-

1171 263 1180 279 ι
1200 253 1256 280 Καὶ
1270 252 1385 287 αἰσχύνη
1397 250 1511 286 λήψεται
1522 248 1585 280 τοὺς
1596 247 1795 283 ἐργαζομένους
1806 245 1838 273 τὸ
1850 246 1922 274 λίνον

298 319 394 342 rantur
408 313 492 340 linum
510 310 631 341 scissile,
650 313 678 336 et
693 307 738 342 qui
760 309 907 341 operantur
929 305 1052 338 byssum.
1069 311 1079 327 ι

299 361 356 389 Hoc
371 359 452 387 modo
475 362 565 386 mente
581 356 671 391 capias
686 361 733 381 eos
750 353 796 388 qui
823 354 972 387 operantur
985 350 1081 381 linum,

298 413 386 440 neque
410 405 516 431 iirmum
535 402 605 436 quod
632 401 717 435 rumpi
737 402 867 433 nequeat,
895 397 942 424 sed
959 395 1081 427 scissile,

299 457 451 479 sermonem
475 447 599 475 videlicet
629 445 787 473 dissolutum
811 449 839 470 et
869 443 1032 474 discissum,
1057 445 1084 468 et

299 498 409 532 byssum
423 494 547 522 similiter
561 502 568 520 :
594 492 657 526 quia
672 490 767 518 isthtec
785 490 818 516 ab
833 488 959 522 [Egyptio
973 486 1085 513 ﬂumine

300 542 460 569 fovebantur
493 543 520 565 et
551 536 746 571 irrigabantur.
775 533 866 567 Quare
893 533 932 559 ait
956 533 1085 559 harumce

301 594 391 614 rerum
418 584 536 612 artifices
560 582 698 617 planctum
727 580 864 610 edituros,
889 577 995 612 quando
1013 575 1084 603 nulla

301 632 415 665 amplius
436 629 478 656 (ila
495 627 635 662 sapientia:
653 633 710 652 suae
723 625 757 651 ad
776 624 904 651 amictum
919 627 946 649 et
959 626 1086 648 ornatum

300 677 367 712 ipsis
390 677 513 703 aderunt.
535 673 594 700 Lini
613 672 685 699 enitn
708 677 741 697 ac
766 670 839 704 byssi
862 668 938 701 copia
960 672 1086 695 ornatum

301 711 354 750 sibi
371 725 398 748 et
413 721 601 747 indumentum
618 715 818 750 excogitabant,
835 712 964 747 captiosis
976 711 1088 746 quibus-

302 768 364 794 dam
384 771 412 793 et
435 764 577 792 fallacibus
603 761 683 788 dictis
704 759 842 787 mendacia
860 765 907 786 sua
924 757 1086 792 aperientes.

338 860 420 888 Vsus.
437 858 479 886 10.
497 867 507 884 (
524 857 557 884 Et
574 861 654 884 erunt
667 855 712 890 qtti
727 858 875 890 operantur
887 861 919 881 ea
934 854 960 881 in
976 853 1087 881 dolore:

304 910 331 932 et
347 911 442 931 onmes
459 904 505 938 qui
526 903 628 929 faciunt
655 901 764 936 zylhum
782 900 920 932 dolebunt,
942 905 969 927 et
993 900 1089 927 animis

1135 300 1165 326 τὸ
1183 299 1300 335 σχιστὸν,
1321 298 1369 325 ml
1388 297 1452 328 τοὺς
1474 294 1676 331 ἐργαζομένους
1700 293 1749 329 τὴν
1774 292 1883 328 βύσσον.
1909 300 1920 318 ι

1137 346 1213 373 οὕτω
1232 345 1336 380 νοήσεις
1357 344 1420 374 τοὺς
1442 341 1640 378 ἐργαζομένους
1660 339 1691 366 τὸ
1711 339 1793 370 λίνον,
1809 337 1872 365 οὗτε
1893 337 1924 364 τὸ

1138 392 1249 427 στερρὸν
1264 391 1311 417 ml
1327 389 1455 426 ἀρραγὲς,
1471 387 1539 414 ἀλλὰ
1551 387 1581 413 τὺ
1595 385 1711 421 σχιστὸν,
1728 384 1806 419 λόγον
1823 383 1923 420 δηλαδὴ

1137 437 1312 473 διερρωγότα,
1335 435 1382 462 ml
1405 433 1601 469 διεσχισμένον,
1627 432 1674 458 καὶ
1700 430 1748 466 τὴν
1775 429 1874 465 βύσσον

1137 483 1280 514 ὡσαύτως·
1308 481 1368 507 ἐπεὶ
1392 480 1438 507 ml
1461 478 1529 506 αὐτὰ
1550 477 1596 504 τοῦ
1620 475 1774 511 Αἰγυπτίων
1799 472 1923 509 ποταμοῦ

1140 529 1273 564 μετεῖχεν,
1292 526 1321 559 ἐξ
1345 525 1427 552 αὺτοῦ
1451 523 1628 560 ἀρδευόμενα.
1653 522 1697 549 Διὸ
1713 521 1760 548 καὶ
1777 520 1842 552 τοὺς
1861 518 1924 546 τοῦ·

1138 582 1192 601 των
1213 574 1294 609 φησὶν
1313 572 1431 608 ἐργάτας
1450 569 1587 601 στενάξειν
1609 570 1623 595 ὁ
1644 568 1739 602 λόγος·
1763 567 1808 593 ὅτε
1823 564 1924 601 μηκέτι

1139 620 1231 650 αὐτοῖς
1248 618 1316 654 πρὸς
1330 616 1474 653 περιϐολὴν
1495 615 1543 641 καὶ
1565 614 1666 649 κόσμον
1680 613 1730 648 τῆς
1747 611 1811 647 παρ’
1832 609 1924 642 αὐτοῖς

1141 665 1236 699 σοφίας
1252 663 1286 690 τὰ
1300 663 1343 689 διὰ
1365 661 1465 688 τούτων
1482 660 1628 695 ὑφάσματα
1642 658 1800 693 ηὐπόριστο.
1819 655 1870 683 Διὰ
1884 655 1925 682 λι.

1140 720 1185 738 νου
1207 710 1260 744 γὰρ
1284 709 1378 743 ὥσπερ
1400 707 1446 734 καὶ
1468 706 1566 741 βύσσου
1591 705 1691 739 κόσμον
1712 703 1758 729 ml
1780 700 1925 738 περιεολὴν

1141 756 1246 786 ἑαυτοῖς
1259 754 1397 784 ἐπενόουν,
1415 753 1536 783 πιθανοῖς
1549 759 1604 777 τισι
1616 750 1663 777 καὶ
1678 748 1826 785 ἀπατηλοῖς
1836 747 1927 782 λόγοις

1141 802 1171 828 τὺ
1187 801 1252 836 παρ’
1269 800 1360 830 αὐτοῖς
1374 798 1471 833 ψεῦδος
1484 796 1678 826 καλύπτοντες.

1179 856 1188 872 ι
1207 847 1262 873 Kal.
1280 846 1385 872 ἔσονται
1408 845 1432 871 οἱ
1450 843 1626 880 ἐργαζόμενοι
1645 841 1714 868 αὐτὰ
1727 842 1756 867 ὲν
1773 839 1863 875 ὀδύνῃ·
1881 837 1928 865 καὶ

1144 892 1244 924 ’πάντες
1267 892 1291 918 οἱ
1310 890 1449 921 ποιοῦντες
1472 889 1518 916 τὸν
1540 888 1619 920 ζύθον
1643 887 1854 922 λυπηθήσονται,
1882 884 1928 912 καὶ

305 950 412 978 cadent.
432 959 442 975 ι
466 948 602 976 Gemitntn
621 947 743 974 edituros
759 946 798 972 ait
821 946 864 980 qui
890 945 1010 977 faciunt,
1036 953 1088 972 non

1147 938 1189 969 τὰς
1211 937 1298 972 ψυχὰς
1320 936 1473 962 πεσοῦνται.
1492 944 1501 960 ι
1526 933 1666 966 Στενάξειν
1686 932 1715 959 δὲ
1735 931 1839 964 πάντας
1862 930 1929 966 φησι

304 996 396 1022 vitium
413 1002 445 1022 ex
462 993 526 1025 vite,
549 992 595 1020 sed
617 991 805 1027 Egyptiacum
827 990 951 1026 zythum,
968 990 1040 1025 quod
1065 995 1092 1017 et

305 1042 392 1076 ipsum
415 1040 536 1074 spuriutn
565 1042 624 1065 erat
653 1042 681 1064 et
712 1037 866 1069 turbidum;
890 1044 943 1071 quo
972 1035 1092 1072 (Egyptii

305 1091 370 1121 potu
388 1085 544 1117 utebantur,
575 1089 720 1118 antequam
746 1083 812 1117 ipsis
835 1082 976 1109 adveniret
1001 1082 1092 1109 Domi-

308 1139 373 1159 nus.-
391 1131 448 1158 Hoc
463 1137 544 1164 porro
561 1129 724 1159 declinante,
738 1128 799 1163 jure
812 1128 913 1154 dicitur
925 1127 1046 1154 futurum
1064 1131 1093 1153 ut

306 1176 366 1212 ejus
386 1175 506 1203 artiﬁces
529 1175 666 1209 planctum
690 1174 772 1200 edant
803 1176 832 1200 et
855 1172 954 1200 animis
972 1172 1092 1200 doleant.

307 1222 371 1249 Haec
388 1228 452 1247 vero
467 1227 595 1255 passuros
610 1219 793 1246 comminatur
810 1218 918 1253 Egypti
939 1217 1074 1252 sophistas
1084 1237 1092 1250 ,

307 1267 381 1302 zythi
397 1266 525 1298 artifices,
544 1273 576 1292 ac
601 1265 646 1292 lini
662 1265 775 1292 scissilis
802 1265 930 1299 byssique
951 1265 1093 1299 operarios

307 1319 335 1340 et
348 1313 460 1348 piscium
478 1316 612 1346 captores,
638 1312 684 1346 qui
709 1310 901 1345 [Egyptiacum
927 1310 1044 1342 ilutnen,
1069 1314 1096 1338 et

308 1358 477 1395 [Egyptiacaa
496 1358 635 1392 sapientia:
650 1364 803 1385 sermonem
820 1356 937 1384 sollicite
955 1360 1094 1384 curarent.

346 1448 425 1477 Vens.
445 1449 489 1475 lt.
516 1454 531 1474 ι·
555 1447 589 1474 Et
615 1447 690 1475 stulti
711 1452 791 1475 erunt
812 1448 949 1483 principes
970 1446 1094 1481 Taneos,

310 1496 445 1531 sapientes
460 1494 610 1522 consiliarii
638 1495 726 1529 regis,
748 1495 892 1522 consilium
913 1502 1005 1522 eorum
1030 1494 1098 1521 inla-

311 1542 440 1569 tnabitur.
462 1550 471 1566 ι
493 1539 530 1567 lbi
552 1540 625 1567 enim
645 1541 761 1568 maxime
782 1542 857 1576 prius
879 1542 1036 1569 substitisse
1060 1542 1098 1568 ait

311 1593 405 1615 omnes
428 1586 568 1613 diabolicae
597 1586 758 1614 idololatria:
786 1588 957 1623 pratstigias:
984 1588 1097 1615 ibidem-

311 1640 364 1668 que
384 1637 506 1668 tcmpore
530 1633 629 1667 Moysis
656 1633 747 1660 sedem
772 1634 899 1662 habuisse
921 1642 978 1667 eos,
1002 1635 1047 1668 qui
1069 1635 1095 1661 in

312 1678 428 1714 Egypto
456 1678 615 1712 regnabant.
647 1679 737 1711 Quare
766 1680 867 1706 dictttm
896 1685 937 1707 est
969 1681 1044 1716 signa
1071 1681 1096 1708 in

312 1732 408 1758 campo
424 1725 533 1752 Tancos
546 1726 618 1752 edita
640 1725 734 1758 fuisse,
752 1731 806 1753 tam
832 1726 934 1762 Moysis
957 1733 1095 1761 tempore,

312 1777 393 1804 quam
412 1770 437 1796 in
457 1771 596 1805 praesenti.
617 1770 711 1805 Itaque
726 1773 918 1806 peregrinante
935 1774 1048 1800 Domino
1072 1775 1097 1802 in

313 1815 439 1851 (Egypto,
458 1824 518 1843 cum
538 1816 699 1851 {Egyptiaco
712 1817 823 1845 ﬂumine
836 1819 918 1845 etiatn
935 1825 1099 1847 memoratos

313 1862 374 1890 illos
389 1863 525 1898 principes
545 1864 682 1890 dmntones
706 1863 878 1892 infatuandos
899 1864 954 1898 ait,
979 1866 1097 1899 etiamsi,

314 1909 428 1936 absente
451 1909 576 1941 Domino,
598 1909 759 1943 sapientiam
782 1916 875 1945 aperte
896 1911 1098 1945 proﬁterentur.

313 1954 413 1982 Verum
430 1955 452 1982 is
469 1960 658 1990 argumentum
676 1956 740 1990 ipsis
761 1957 868 1988 obtulit.
890 1965 922 1985 ac
937 1958 1028 1989 evicit,
1053 1965 1100 1984 eos

313 2001 381 2028 nihil
395 2001 535 2035 sapientiae
552 2002 669 2035 habere;
686 2002 734 2029 sed
750 2003 777 2030 in
788 2003 894 2030 Domini
907 2003 1023 2031 adventu
1037 2010 1100 2031 vcre

313 2046 411 2073 stultos
432 2054 502 2074 esse.

350 2136 432 2164 Vnus.
451 2136 494 2168 12,
513 2136 557 2163 15.
575 2147 585 2162 ι
602 2136 741 2170 Quomodo
761 2139 854 2165 dicetis
873 2138 946 2173 regi,
961 2139 1021 2166 Filii
1037 2147 1101 2173 pru-

314 2181 424 2208 dentum
438 2189 497 2214 nos,
514 2183 561 2209 lilii
576 2191 679 2218 regum,
691 2184 737 2218 qui
761 2185 793 2210 ab
813 2184 890 2211 initio
907 2184 1013 2211 fuerunt
1025 2185 1036 2211 ?
1050 2185 1100 2212 Ubi

316 2235 386 2253 nunc
398 2227 531 2261 Sapientes
545 2229 581 2255 ttti
592 2229 604 2255 ?
615 2233 642 2255 et
654 2229 814 2256 annttntient
828 2230 885 2261 tibi,
895 2234 922 2257 et
934 2231 1023 2257 dicant
1037 2231 1101 2265 quid

314 2273 419 2300 consilii
445 2274 531 2300 inierit
552 2274 680 2301 Dominus
698 2275 817 2301 Sabaoth
841 2283 922 2310 super
943 2275 1099 2310 Egyptum.
1117 2286 1139 2314 ι)

317 2317 476 2345 Defecerunt
491 2318 626 2352 principes
637 2318 751 2350 Taneos,
762 2323 788 2344 et
799 2318 908 2345 exaltati
926 2324 988 2345 sunt
998 2319 1100 2353 princi—

316 2371 363 2397 pes
376 2363 538 2397 Mcmpheos,
550 2370 577 2390 et
587 2371 680 2391 errare
689 2364 787 2391 facient
796 2363 941 2399 Egyptum
952 2364 1099 2391 secundum

318 2408 411 2434 tribtts.
428 2417 437 2433 ι
452 2408 519 2435 Cum
538 2416 589 2435 non
601 2408 716 2443 amplius
735 2415 824 2443 regem
841 2408 974 2441 habeatis,
989 2416 1100 2443 quomo-

316 2452 351 2479 do
363 2453 475 2486 potestis
491 2454 524 2480 de
541 2454 680 2488 prudentia
690 2453 819 2488 gloriari?
829 2453 967 2486 Quomodo
978 2458 1098 2480 veterum

302 2505 407 2539 .regum
430 2497 500 2524 tilios
512 2506 559 2525 \‘os
580 2506 640 2525 esse
659 2499 764 2530 dicitis,
783 2499 878 2530 Orum,
898 2498 950 2526 Isin
971 2504 997 2526 et
1011 2498 1100 2526 Osirin

316 2549 343 2571 et
357 2543 513 2578 Typhonem
530 2543 700 2577 objicientes,
713 2549 794 2578 atque
803 2544 959 2577 iactitantes
976 2545 1101 2576 deorum,

317 2589 427 2615 heroum
447 2593 474 2614 et
486 2594 652 2615 mortuorum
672 2596 770 2623 genera
790 2589 853 2615 olim
871 2589 898 2615 in
919 2588 1035 2624 [Egypto
1053 2589 1103 2615 im-

318 2642 426 2668 perasse
442 2643 449 2660 :
463 2641 577 2667 quorum
594 2635 704 2661 deorum
715 2638 742 2661 et.
758 2641 848 2669 regunt
867 2642 926 2664 vos.
947 2642 973 2661 ιιι
987 2634 1103 2668 prophe-

319 2679 353 2704 tia
373 2679 483 2705 indicati
498 2679 633 2714 principes
646 2679 752 2706 Taneos
767 2684 794 2705 et
809 2679 975 2713 Mcmpheos,
993 2679 1062 2706 ﬁlios
1074 2683 1101 2706 et

319 2728 427 2755 nepotes
443 2732 505 2751 esse
529 2725 660 2752 dictitatis
675 2725 686 2750 ἰ
704 2724 761 2758 Qua
784 2725 888 2751 ratione
904 2724 940 2751 dii
958 2732 990 2752 ac
1014 2724 1101 2751 omnis

318 2767 455 2800 sapientia:
472 2773 608 2796 consortes
623 2775 682 2796 esse
695 2768 815 2802 potestis,
830 2768 875 2802 qui
887 2775 973 2802 neque
985 2767 1101 2794 futuram

319 2817 435 2839 vestram
452 2813 665 2841 confulationem
682 2813 830 2848 praevidere
842 2813 882 2840 vel
893 2814 1038 2848 praedicere
1054 2821 1103 2848 p0-

1140 984 1203 1015 τοὺς
1225 983 1365 1014 ποιοῦντας
1382 983 1411 1009 ού
1430 982 1476 1008 τὸν
1497 980 1526 1013 te
1547 978 1667 1015 ἀμπέλου
1688 976 1768 1011 οἶνον,
1790 976 1861 1004 ἀλλὰ
1882 975 1928 1003 τὸν

1142 1029 1324 1064 Αἰγυπτιακον
1339 1028 1433 1061 ζύθον·
1454 1028 1484 1060 ὃς
1498 1028 1544 1054 ml
1559 1027 1639 1058 αὐτὸς
1653 1025 1728 1057 νόθος
1744 1022 1777 1061 ἦν
1793 1024 1840 1051 καὶ
1853 1022 1929 1050 τεθο-

1142 1075 1262 1110 λωμένος
1272 1084 1279 1090 ·
1293 1071 1315 1109 ᾧ
1329 1075 1477 1110 ἐκέχρηντο
1492 1074 1552 1100 ἀντὶ
1572 1072 1653 1099 ποτοῦ
1675 1071 1738 1107 πρὶν
1755 1070 1848 1101 αὐτοῖς
1869 1070 1929 1095 ἑπι-

1143 1122 1263 1158 δημῆσαι
1279 1121 1323 1147 τὸν
1343 1120 1444 1155 Κύριον
1457 1121 1481 1146 οἱ
1495 1119 1648 1153 Αἰγύπτιοι.
1666 1117 1720 1144 Καὶ
1731 1115 1826 1143 τούτου
1841 1115 1872 1142 δὲ
1885 1115 1930 1141 ὲκ-

1144 1168 1288 1199 κλινοντος,
1302 1167 1413 1198 εἰκότως
1433 1166 1568 1197 στενάξειν
1584 1165 1707 1199 λέγονται
1720 1163 1767 1190 ml.
1780 1162 1830 1194 τὰς
1841 1160 1930 1197 ψυχὰς

1149 1213 1278 1248 ἀλγήσειν
1288 1214 1313 1239 οἱ
1324 1212 1418 1239 τούτου
1432 1212 1550 1247 ποιηταί.
1563 1210 1655 1237 Ταῦτα
1671 1210 1719 1245 μὲν
1730 1207 1776 1236 οὗν
1789 1206 1930 1234 πείσεσθαι

1144 1260 1207 1290 τοὺς
1236 1258 1285 1293 τῆς
1309 1257 1445 1292 Αἰγύπτου
1472 1256 1599 1292 σοφιστὰς
1627 1255 1742 1286 ἀπειλεῖ,
1772 1252 1931 1289 ζυθοποιούς

1145 1312 1220 1335 τινας
1236 1304 1283 1330 καὶ
1297 1303 1368 1330 λίνου
1389 1302 1497 1338 σχιστοῦ
1515 1302 1562 1329 καὶ
1579 1301 1675 1337 βύσσου
1690 1299 1818 1336 ἐργάτας,
1832 1297 1931 1334 ἰχθύων

1146 1359 1176 1376 τε
1197 1349 1339 1385 Θηρευτὰς,
1360 1349 1406 1375 τὴν
1435 1348 1556 1383 ποταμὸν
1580 1347 1625 1373 τὸν
1646 1345 1829 1381 Αἰγυπτιακὺν
1852 1351 1932 1379 περι-

1148 1395 1272 1427 έποντας,
1290 1395 1336 1422 καὶ
1350 1395 1396 1421 τὸν
1411 1394 1459 1428 τῆς
1475 1393 1662 1428 Αἰγυπτιακῆς
1679 1391 1774 1426 σοφίας
1790 1390 1880 1424 λόγον.

1185 1451 1195 1467 ι
1215 1440 1270 1467 Καὶ
1286 1440 1371 1475 μωροὶ
1383 1439 1487 1465 ἔσονται
1502 1439 1525 1464 οἰ
1538 1437 1667 1473 ἄρχοντες
1680 1436 1798 1472 Τάνεως,
1813 1434 1839 1461 οι
1856 1432 1933 1468 σοφοὶ

1149 1486 1295 1522 σύμϐουλοι
1306 1485 1352 1512 τοῦ
1368 1484 1507 1520 βασιλέως,
1523 1484 1539 1518 ἡ
1554 1482 1634 1518 βουλὴ
1651 1481 1738 1508 αὐτῶν
1758 1479 1934 1516 μωρανθήσε-

1148 1541 1202 1560 ται.
1219 1542 1228 1557 ι
1251 1532 1293 1558 Ἑν
1308 1531 1394 1567 ταύτῃ
1408 1530 1462 1565 γὰρ
1480 1528 1597 1565 μάλιστά
1612 1536 1677 1562 φησι
1691 1527 1740 1562 τὴν
1758 1527 1846 1552 πᾶσαν
1863 1533 1934 1561 μαγ-

1148 1577 1258 1613 γανείαν
1282 1578 1331 1612 τῆς
1351 1576 1509 1612 δαιμονικῆς
1532 1573 1752 1609 εἰδωλολατρείας
1774 1571 1935 1598 συνεστάναι

1149 1624 1287 1659 πρότερονν
1306 1622 1422 1649 ἐνταῦθα
1435 1622 1463 1648 δὲ
1477 1621 1507 1647 τὸ
1529 1621 1663 1655 βασίλειον
1675 1619 1745 1655 ἔχειν
1759 1619 1822 1650 τοὺς
1839 1618 1870 1644 ὲν
1879 1618 1935 1649 τοῖς

1148 1669 1286 1701 Μωῡσέως
1307 1668 1412 1704 χρόνοις
1436 1666 1624 1702 βασιλεύοντας
1647 1665 1697 1700 τῆς
1719 1664 1870 1698 Αἰγύπτου.
1890 1661 1937 1689 Διδ

1148 1715 1271 1742 λέλεκται
1292 1715 1320 1740 ὲν
1337 1714 1419 1749 πεδίῳ
1437 1713 1544 1744 Τάνεως
1561 1712 1595 1738 τὰ
1616 1712 1715 1746 σημεῖα
1735 1709 1885 1745 γεγονέναι,
1901 1709 1937 1736 τὰ

1149 1761 1195 1787 ἐπὶ
1210 1760 1349 1790 Μωῦσέως
1370 1759 1417 1785 ml
1432 1759 1478 1784 ἐπὶ
1494 1757 1541 1784 τοῦ
1559 1756 1699 1792 παρόντος.
1712 1754 1864 1791 Τοιγαροῦν
1877 1755 1938 1782 ἑπι-

1148 1807 1319 1841 δημήσαντος
1333 1805 1379 1831 τοῦ
1403 1805 1506 1840 Κυρίου
1528 1805 1561 1839 τῇ
1577 1803 1717 1837 Αἰγύπτῳ,
1737 1802 1785 1828 σὺν
1802 1800 1841 1836 τῷ
1854 1801 1938 1835 Αἰγυ-

1150 1854 1220 1888 πτίῳ
1253 1851 1366 1886 ποταμῷ
1396 1851 1442 1877 ml
1471 1851 1533 1881 τοὺς
1567 1849 1736 1885 δηλωθέντας
1762 1847 1938 1883 ἀρχοντικοὺς

1149 1898 1277 1934 δαίμονάς
1291 1906 1366 1929 τινας
1384 1895 1607 1932 μωρανθήσεσθαί
1624 1903 1702 1930 φησι,
1720 1894 1821 1928 καίπερ
1839 1891 1938 1927 σοφίαν

1151 1943 1404 1979 ἐπαγγελλομένους
1429 1942 1530 1968 ὅτε-οὺ
1559 1941 1649 1976 παρῆν
1676 1940 1766 1971 αὐτοῖς
1789 1939 1803 1965 ὁ
1823 1938 1937 1973 Κύριος.

1157 1991 1236 2018 Ἀλλὰ
1258 1991 1311 2025 γὰρ
1335 1989 1443 2024 ἔλεγχον
1465 1988 1556 2019 αὐτοῖς
1581 1988 1729 2022 ἐπήγαγεν,
1749 1985 1787 2017 ὼς
1808 1984 1939 2019 οὐδεμιᾶς

1153 2037 1274 2071 μετεῖχον
1290 2035 1398 2069 σοφίας·
1420 2033 1505 2068 μωροὶ
1524 2033 1552 2059 δὲ
1574 2030 1644 2067 ἦσαν
1667 2030 1773 2067 άληθῶς
1793 2031 1823 2056 ἐν
1836 2031 1870 2066 τῇ
1889 2029 1938 2057 τοῦ

1152 2083 1254 2117 Κυρίου
1270 2080 1405 2116 παρουσίᾳ.

1189 2138 1198 2153 ι
1220 2127 1281 2159 Πῶς
1296 2128 1381 2162 ἐρεῖτε
1397 2125 1435 2161 τῷ
1447 2125 1558 2160 βασιλεῖ,
1572 2124 1632 2151 Υἱοὶ
1648 2123 1764 2150 συνετῶν
1780 2123 1873 2158 ἡμεῖς,
1883 2122 1939 2149 υἱοὶ

1153 2174 1282 2210 βασιλέων
1302 2173 1356 2199 τῶν
1374 2172 1403 2205 ἐξ
1417 2171 1518 2207 ὰρχῆς;
1533 2171 1588 2197 Ποῦ
1608 2171 1660 2197 εἰσι
1673 2169 1720 2196 νῦν
1741 2170 1765 2196 οἰ
1782 2168 1858 2204 σοφοί
1875 2177 1939 2201 sou;

1152 2220 1198 2247 ml.
1219 2218 1456 2253 ἀναγγειλάτωσάν
1479 2226 1529 2249 σοι,
1550 2217 1595 2243 καὶ
1623 2217 1778 2243 εἰπάτωσαν
1798 2215 1825 2242 τί
1845 2214 1942 2250 βεϐού-

1151 2266 1243 2293 λευται
1263 2265 1364 2299 Κύριος
1388 2263 1500 2291 Σαϐαὼθ
1522 2263 1564 2289 ἐπ’
1583 2263 1730 2296 Αἴγυπτον.
1761 2261 1899 2294 Ἐξέλιπον
1916 2261 1941 2287 οἱ

1152 2312 1280 2348 ἄρχοντες
1300 2311 1419 2341 Τάνεως,
1435 2310 1480 2335 ml
1503 2308 1648 2343 ὑψώθησαν
1670 2310 1694 2334 οἱ
1712 2308 1840 2343 ἄρχοντες
1863 2306 1941 2341 Μέμ-

1152 2366 1233 2392 φεως,
1247 2357 1293 2383 καὶ
1312 2356 1478 2391 πλανήσουσι
1492 2354 1540 2389 τὴν
1562 2353 1699 2388 Αἴγυπτον
1721 2352 1791 2380 κατὰ
1814 2352 1912 2387 φυλάς.
1930 2361 1938 2377 ι

1151 2403 1257 2438 Μηκέτι
1275 2402 1329 2437 γὰρ
1348 2401 1515 2437 ὑπάρχοντος
1533 2400 1596 2434 ὑμῖν
1618 2399 1758 2434 βασιλέως,
1776 2407 1835 2430 πως
1849 2397 1901 2424 οἶοί
1913 2398 1942 2424 τέ

1151 2450 1213 2475 ἐστε
1227 2449 1273 2474 ἐπὶ
1284 2448 1388 2474 συνέσει
1402 2447 1579 2483 σεμνύνεσθαι
1590 2455 1597 2478 ;
1609 2445 1670 2477 Πῶς
1684 2445 1712 2471 δὲ
1725 2445 1798 2476 υἱοὺς
1808 2444 1944 2479 βασιλέων

1152 2493 1273 2521 παλαιῶν
1293 2493 1405 2525 ἑαυτοὺς
1427 2490 1495 2519 εἷναί
1515 2500 1594 2526 φατε,
1615 2489 1708 2526 Ὦρον,
1726 2491 1773 2517 καὶ
1793 2491 1873 2523 Ἶσιν,
1895 2489 1944 2516 καὶ

1154 2541 1261 2575 Ὄσιριν
1271 2539 1482 2574 προϐαλλόμενοι
1491 2538 1537 2564 καὶ
1551 2537 1667 2572 Τυφῶνα
1678 2537 1743 2572 (25],
1752 2536 1798 2563 καὶ
1808 2536 1886 2568 θεῶν,
1896 2537 1944 2563 καὶ

1153 2585 1261 2622 ἡρώων,
1279 2585 1326 2611 καὶ
1347 2583 1450 2611 νεκύων
1466 2584 1531 2619 γένη
1547 2584 1696 2618 φάσκοντες
1714 2583 1760 2608 τὸν
1781 2583 1865 2610 πάλαι
1878 2583 1944 2618 χρό-

1154 2641 1198 2660 νον
1214 2632 1267 2667 -τῆς
1288 2630 1424 2665 Αἰγύπτου
1450 2629 1660 2665 κεκρατηκέναι,
1681 2625 1717 2655 ὧν
1737 2628 1804 2654 θεῶν
1828 2629 1874 2654 καὶ
1897 2628 1946 2663 βα-

1157 2679 1251 2704 σιλέων
1262 2677 1336 2708 υἱοῦς
1350 2676 1396 2703 καὶ
1409 2675 1558 2709 ἀπογόνους
1574 2675 1686 2706 ἑαυτοὺς
1699 2672 1768 2701 εἷναί
1783 2682 1853 2708 φατε
1865 2674 1946 2709 ὑμεῖς

1155 2724 1178 2749 οἱ
1194 2723 1239 2748 διὰ
1258 2722 1307 2756 τῆς
1324 2720 1491 2755 προφητείας
1511 2719 1670 2755 δηλούμενοι
1686 2719 1815 2754 ἄρχοντες
1835 2719 1948 2750 Τάνεως

1157 2768 1203 2793 καὶ
1223 2767 1377 2801 Μέμφεως
1393 2765 1454 2797 Πῶς
1474 2766 1496 2791 δ’
1517 2765 1549 2792 ἂν
1565 2764 1638 2800 εἴητε
1653 2765 1708 2791 θεοὶ
1722 2765 1738 2799 ἢ
1754 2766 1844 2792 πᾶσαν
1864 2774 1948 2800 μετα-

1159 2817 1266 2848 σχοιητε
1293 2811 1398 2846 σοφίαν,
1427 2811 1494 2846 μηδὲ
1521 2810 1664 2844 δυνάμενοι
1695 2810 1849 2845 προγνῶναι
1877 2809 1947 2844 μηδὲ

356 2911 410 2943 (ἓῦ)
432 2909 456 2938 S.
472 2910 659 2944 Hieronymus,
676 2920 685 2937 ι
706 2917 739 2939 nt
750 2912 813 2941 deos
825 2915 949 2941 auctores
969 2911 1057 2943 uentis
1068 2911 1195 2941 simulent
1209 2911 1294 2940 Oron.
1308 2915 1335 2939 et
1354 2910 1417 2941 lrin,
1434 2915 1461 2938 et
1475 2910 1576 2940 Osirin.
1592 2914 1619 2939 ct
1636 2909 1803 2939 Tvoltonem.
1826 2917 1837 2935 ι
