2044 3215
108 201 160 228 229

585 203 839 232 COMMENTARIA
858 203 892 231 ΙΝ
912 204 1041 232 ISAIAM.
1062 221 1097 226 —-
1116 204 1194 232 CAP.
1214 204 1287 233 XIX.

1690 207 1742 237 250

106 263 308 298 προαγορεῦσαι
320 264 365 291 τὸν
388 264 519 300 ὑμέτερον
537 264 646 301 ἔλεγχον
665 266 711 293 καὶ
727 266 777 301 τὴν
788 266 837 301 τῆς
850 265 894 301 βα-

953 267 1038 299 testis,
1055 273 1144 301 neque
1159 266 1319 294 solutionem
1335 265 1409 300 regni
1423 272 1529 297 eorum,
1547 272 1662 300 quorum
1676 273 1741 293 cou-

106 309 207 341 σιλείας
223 310 370 337 κατάλυσιν
384 310 485 337 τούτων
505 307 541 337 ὧν
559 311 721 347 ἐτυγχάνετε
739 311 896 347 σύμϐουλοι,

106 356 152 387 οὒς
166 357 213 383 καὶ
225 356 379 392 ὲπιτρίὸετε
394 358 534 390 παντοίαις
546 358 660 390 πλάναις
672 358 878 394 περιϐάλλοντες
889 367 896 390 ;

146 412 157 430 ε
174 402 276 439 Κύριος
299 402 353 438 γὰρ
383 404 513 439 ἐκέρασεν
538 405 629 437 αὐτοῖς
662 405 769 440 πνεῦμα
795 405 898 440 πλανή-

111 456 189 480 σεως,
207 448 254 474 καὶ
275 447 431 483 ὲπλάνησαν
452 449 500 485 τὴν
527 450 663 484 Αἴγυπτον
682 451 710 476 ὲν
743 451 810 477 πᾶσι
841 452 897 481 τοῖς

109 493 201 530 ἔργοις
212 493 312 524 αὐτῶν,
328 494 366 525 ὼς
387 494 519 521 πλανᾶται
532 496 545 522 ὁ
562 495 668 530 μεθύων
699 496 745 522 καὶ
778 496 792 521 ὁ
823 495 896 530 ὲμῶν

109 539 175 574 ἇμα.
199 547 208 564 ›
226 538 426 574 Τεκμαίρεσθαι
441 539 468 565 δέ
486 540 543 566 ἐστι
556 540 642 575 ταύτῃ
660 541 709 575 τῆς
740 539 825 576 μέθης
847 539 896 575 τὴν

109 584 261 620 ὐπερὸολὴν
272 585 326 611 ἀπὸ
340 584 388 611 τοῦ
405 586 471 621 μηδὲ
485 586 586 621 ὁμοίως
602 587 658 617 τοῖς
671 586 774 618 λοιποῖς
790 585 896 621 ἁνθριῖμ

107 639 168 662 ποις
182 630 423 666 εἰδωλολατρεῦσαι
439 632 547 663 αὐτοὺς,
566 633 692 658 ἐκπεσεῖν
711 632 740 658 δὲ
753 632 800 659 καὶ
816 631 895 667 μέχρι

105 677 153 712 τῆς
169 677 224 704 τῶν
236 677 341 711 ἀλόγων
357 676 434 709 ζώων
454 678 486 705 ἂν
504 678 732 713 εἰδωλοποιήσεως
748 687 754 693 ·
785 678 825 704 διὸ
857 678 896 704 λέ-

106 723 209 756 λεκται,
228 732 238 749 ‹
254 723 297 755 Ὡς
313 723 446 751 πλανᾶται
461 725 475 750 ό
492 723 598 759 μεθύων
611 725 656 751 καὶ
669 725 684 750 ὁ
699 724 773 760 ἐμῶν
796 724 864 760 ἅμα.
883 734 892 749 ι

107 769 224 806 Τοιαύτῃ
239 769 293 795 τινὶ
326 769 396 806 μέθῃ
426 769 474 801 τὰς
492 769 546 796 τῶν
563 770 718 804 Αἰγυπτίων
738 770 894 805 ὲπλάνησαν

106 814 194 850 ψυχάς
209 815 233 841 οἱ
245 814 408 850 δηλωθέντες
422 815 550 850 ἄρχοντες
567 815 675 847 Τάνεως
688 816 735 842 καὶ
744 816 893 851 Μέμφεως,

105 858 144 891 οἷς
169 861 252 892 αὐτὸς
272 861 286 887 ὁ
310 861 411 895 Κύριος
427 861 570 896 πνεύματα
590 861 748 896 πλανήσεως
767 862 892 897 ἐκέρασε.

105 906 299 943 Δαίμονεςτγὰρ
311 907 387 939 ὄντες
399 907 513 943 πονηροὶ
528 908 574 934 καὶ
589 909 717 943 δυνάμεις
738 909 892 944 ἀντικείμε-

105 963 157 986 ναι,
174 954 283 981 ἐναντία
299 953 337 989 τῷ
354 953 412 988 θεῷ
425 954 565 989 ἐφρόνουν,
583 955 630 981 καὶ
650 955 793 990 Θεομαχεῖν
820 955 893 981 ἐπει-
908 941 930 968 Β

108 999 201 1034 ρῶντο.
215 998 260 1025 Διὸ
277 998 466 1034 παρεδόθησαν
479 998 577 1035 πλάνῃ,
592 999 639 1026 τοῦ
668 999 734 1025 Θεοῦ
752 1000 893 1035 κρίναντος

107 1044 223 1077 ἐπαξίως
237 1045 287 1080 τῆς
297 1045 430 1081 πονηρίας
450 1045 540 1072 αὐτῶν
555 1045 642 1082 πλάνῃ
659 1046 825 1081 παραδοῦναι
846 1047 894 1074 αὺ-

108 1091 179 1123 τούς.
196 1091 228 1117 01.
241 1091 269 1118 δὲ
283 1091 331 1127 τὴν
346 1091 420 1126 σφῶν
447 1091 545 1118 κακίαν
563 1092 608 1118 ἐπὶ
634 1092 697 1124 τοὺς
718 1093 892 1127 Αἰγυπτίους,

110 1137 202 1173 ὧσπερ
219 1137 281 1164 τινὰ
296 1137 332 1165 ίὸν
346 1137 532 1173 θανατηφόρον
545 1137 650 1173 διέχεαν
660 1159 667 1171 ,
682 1139 728 1165 καὶ
741 1139 893 1174 ὲπλάνησαν

109 1182 156 1218 τὴν
172 1183 317 1217 Αἴγυπτον,
337 1193 346 1208 ι
366 1183 410 1214 Ὠς
422 1182 555 1209 πλανᾶται
575 1184 588 1209 ὁ
602 1182 708 1218 μεθύων
723 1183 770 1210 καὶ
785 1185 799 1210 ὁ
819 1184 893 1219 ἐμῶν

108 1230 172 1264 ἅμα.
190 1239 199 1256 ι
219 1228 298 1256 Ἀλλὰ
319 1229 366 1256 καὶ
379 1229 481 1256 τούτων
502 1229 590 1256 αὐτῶν
618 1229 699 1265 χάριν
720 1230 850 1265 ἐπεδήμει
880 1231 894 1257 ὁ

106 1275 206 1312 Κύριος
220 1277 252 1311 τῇ
266 1275 407 1311 Αἰγύπτῳ,
422 1276 475 1307 ἵνα,
489 1276 588 1307 αὐτοὺς
605 1276 653 1312 τῆς
678 1276 782 1312 πλάνης
798 1277 894 1313 άνανῆ-

105 1322 152 1356 ψαι
171 1323 297 1358 ποιήσας,
311 1322 419 1358 μακράν
434 1322 523 1349 αὐτῶν
536 1323 710 1359 ἁποσκεδάσῃ
723 1324 785 1355 τοὺς
802 1323 891 1355 λαούς.

140 1423 149 1438 ι
166 1413 222 1440 Καὶ
245 1413 295 1440 οὐκ
313 1413 390 1440 ἔσται
412 1414 468 1445 τοῖς
481 1413 639 1447 Αἰγυπτίοις
655 1413 733 1448 ἔργον
747 1412 760 1438 ὂ
788 1413 894 1448 ποιήσει

103 1459 226 1496 κεφαλὴν
246 1460 293 1486 καὶ
324 1459 418 1495 οὐρὰν,
434 1459 520 1495 ἀρχὴν
542 1459 588 1485 καὶ
612 1459 697 1491 τέλος.
714 1468 723 1484 ι
749 1459 894 1493 Ἅπρακτα

101 1505 157 1541 τὰρ
169 1506 260 1538 αὐτοῖς
275 1506 333 1532 ἐστι
343 1505 377 1532 τὰ
391 1505 573 1541 ἐνεργούμενα
584 1505 618 1532 τὰ
630 1505 715 1532 πολλὰ
729 1506 793 1542 παρ’
804 1505 894 1536 αὐτοῖς

101 1552 227 1579 ἔπιτε).ού
232 1561 310 1587 μενοι,
322 1552 360 1583 ὡς
382 1551 449 1587 μηδὲ
463 1551 542 1587 ἔργον
556 1553 584 1578 ὲν
596 1551 687 1583 αὐτοῖς
711 1552 779 1587 μήτε
808 1551 894 1588 ἀρχὴν

100 1597 186 1632 ἔχειν,
200 1597 268 1632 μήτε
278 1596 363 1629 τέλος,
380 1596 426 1623 τοῦ
444 1597 546 1632 Κυρίου
564 1597 610 1622 καὶ
624 1595 714 1628 τοῦτο,
731 1596 768 1628 ὡς
779 1595 892 1630 ἀγαθοῦ,
907 1611 929 1640 C

100 1643 304 1679 ἐργασαμένου.
323 1642 412 1669 Πολλὰ
428 1642 477 1678 μὲν
491 1643 545 1678 γὰρ
564 1643 592 1668 ὲν
605 1643 638 1677 τῇ
657 1644 722 1678 παρ’
734 1643 892 1677 Αἰγυπτίοις

99 1688 228 1724 πολυθέῳ
243 1688 331 1724 πλάνῃ
348 1687 416 1723 ἔργα
433 1688 520 1723 ἀρχὴν
535 1687 630 1723 ἔχοντα
645 1686 678 1724 ἦν
693 1688 740 1714 καὶ
755 1688 831 1720 τέλος
849 1697 892 1714 νο-

101 1735 238 1771 μιζομένῃ
251 1735 405 1770 ἀκολουθίᾳ.
419 1734 497 1761 Κατὰ
507 1735 535 1762 δὲ
547 1735 609 1766 τοὺς
621 1735 821 1770 δεδηλωμένους
833 1735 894 1770 χρό-

97 1790 164 1813 νους
181 1781 230 1816 τῆς
251 1780 298 1807 τοῦ
322 1780 424 1815 Κυρίου
445 1781 484 1811 εἰς
507 1780 604 1812 αὐτοὺς
626 1781 775 1816 παρουσίας
803 1781 894 1807 οὐκέτι

97 1828 216 1855 ἔσεσθαι
229 1827 293 1862 παρ’
308 1827 398 1858 αὐτοῖς
415 1826 495 1861 ἔργον
514 1826 633 1853 τοιοῦτον
647 1827 747 1862 πλῆρες
763 1826 811 1853 καὶ
836 1826 894 1853 ὁλό-

96 1874 207 1908 κληρον
220 1873 266 1899 καὶ
275 1872 391 1898 τέλειον*
411 1871 468 1897 ἀλλ’
483 1872 506 1897 εἱ
521 1872 567 1898 καὶ
581 1871 678 1907 εὑρεθῇ
698 1872 723 1898 τί
740 1881 815 1903 ποτε,
828 1871 893 1898 ἀκέ-

95 1920 189 1955 φαλον
210 1918 286 1945 ἔσται
301 1918 348 1944 καὶ
359 1918 484 1952 ἄναρχον,
503 1917 595 1949 ἀτελές
614 1927 642 1944 τε
659 1918 706 1944 καὶ
735 1919 894 1954 ἁσυμπὲραη

98 1974 166 1993 στον
182 1973 188 1979 ·
213 1964 228 1991 ὃ
252 1964 283 2000 δὴ
312 1964 360 1990 καὶ
387 1963 460 1990 ἐστιν
475 1963 548 1999 ἔργῳ
566 1963 731 1999 παραλαϐεῖν
743 1972 749 1978 ·
772 1965 832 1990 ἐπεὶ
846 1964 894 1990 καὶ

95 2011 243 2038 ἐκλέλοιπε
257 2009 396 2041 παντελῶς
411 2009 500 2036 αὐτῶν
515 2011 530 2045 ἠ
543 2009 758 2045 εἰδωλολατρεία.
774 2009 894 2036 Τοιαῦτα

96 2058 127 2085 δέ
141 2059 202 2084 ἐστι
221 2058 289 2093 μήτε
316 2055 436 2092 κεφαλὴν
458 2055 530 2091 ἔχειν
562 2057 631 2092 μήτε
656 2056 731 2088 τέλος
755 2057 793 2088 εἰς
817 2056 894 2083 λόνον

99 2095 200 2131 ἱκανού
205 2112 280 2130 μενα.

139 2203 149 2219 ε
172 2193 212 2229 Τῇ
227 2193 317 2229 ἡμέρᾳ
330 2194 420 2229 ἐκείνῃ
433 2192 540 2220 ἔσονται
554 2192 698 2226 Αἰγύπτιοι
712 2192 749 2223 ὡς
766 2194 894 2226 γυναῖκες

97 2240 129 2265 ἐν
149 2239 245 2274 τρόμῳ
259 2239 306 2265 καὶ
328 2239 357 2265 ὲν
384 2238 458 2273 φόϐῳ
474 2238 528 2264 ἀπὸ
557 2237 701 2273 προσώπου
726 2238 774 2272 τῆς
803 2238 893 2274 χειρὸς

949 311 1043 339 siliarii
1062 312 1139 343 estis,
1156 319 1225 346 quos
1247 311 1328 338 etiam
1346 310 1514 345 opprimitis,
1532 310 1594 338 dum
1610 311 1744 338 omnimo-

949 359 990 386 dis
1003 358 1141 386 erroribus
1157 359 1230 392 ipsos
1245 357 1416 392 complicatis
1429 357 1440 384 ?

983 404 1066 432 Vsus.
1079 405 1139 432 ΗΛ
1157 405 1285 432 Dominus
1296 404 1367 431 enim
1382 404 1487 431 miscuit
1503 403 1542 431 eis
1560 404 1684 439 spiritum
1698 410 1743 431 er-

948 452 1028 483 roris,
1045 455 1073 478 et
1084 459 1177 478 errare
1191 451 1313 478 fecerunt
1330 449 1479 485 Egyptum
1495 451 1520 477 in
1534 451 1661 478 omnibus
1680 458 1744 484 ope-

948 497 1023 524 ribus
1037 496 1168 531 ipsorum,
1184 500 1212 523 ut
1224 501 1298 523 errat
1317 497 1361 531 qui
1383 496 1479 524 ebrius
1491 501 1541 528 est.
1554 501 1580 523 et
1599 498 1644 532 qui
1660 497 1744 528 vomit

947 543 1039 570 simul.
1061 552 1070 568 ›
1087 542 1154 569 Hinc
1175 549 1257 577 porro
1280 543 1485 576 coniectandum
1503 547 1544 569 est
1560 547 1680 576 quantus
1705 542 1743 570 ibi

948 588 1029 615 fuerit
1045 588 1186 615 ebrietatis
1211 595 1350 619 excessus,
1373 588 1444 622 quod
1459 596 1513 615 non
1534 589 1646 622 perinde
1659 594 1742 623 atque

947 634 1038 661 caeteri
1065 633 1190 660 homines
1213 633 1374 661 idololatriae
1395 634 1478 661 dediti
1504 639 1612 666 essent,
1636 635 1682 661 sed
1709 642 1743 662 eo

946 687 1032 714 usque
1046 679 1212 706 decidissent
1227 678 1391 713 impietatis,
1408 684 1437 706 ut
1454 679 1596 707 hrutorutn
1619 680 1743 706 animan-

946 725 1012 752 tium
1027 725 1172 752 simulacra
1187 725 1327 757 facerent;
1342 733 1427 760 quare
1440 726 1539 752 dictum
1551 729 1603 758 est,
1623 735 1632 751 ι
1652 724 1686 753 Ut
1697 733 1742 752 er-

946 775 988 797 rat
1004 771 1049 805 qui
1068 771 1158 798 ebrius
1174 776 1225 803 est,
1244 775 1271 797 et
1282 771 1327 805 qui
1345 771 1429 798 vomit
1449 771 1538 798 simul.
1557 781 1566 797 ι
1588 772 1628 798 Ad
1651 772 1743 805 hujus-

945 817 1187 844 modiebrielalem
1205 816 1326 851 praedicti
1343 816 1478 851 principes
1495 817 1602 845 Taneos
1614 822 1646 845 let
1658 818 1742 844 Mem-

945 863 1028 897 pheos
1041 862 1229 898 Egyptioruttt
1240 862 1345 889 animas
1364 862 1534 890 deduxerunt
1545 885 1551 896 ,
1565 863 1661 898 quibus
1684 864 1743 898 ipse

946 908 1073 936 Dominus
1084 909 1195 943 spiritus
1213 909 1315 936 erroris
1333 909 1453 936 miscuit.
1468 908 1534 936 Nam
1559 917 1620 937 cum
1642 911 1743 937 dzemo-

945 961 992 981 nes
1009 954 1119 989 maligni
1142 958 1170 980 et
1196 953 1359 981 adversaria:
1384 958 1532 988 potestates
1559 959 1667 988 essent,
1686 955 1742 982 Deo

944 999 1100 1026 adversaria
1117 999 1281 1033 sentiebant,
1298 1007 1329 1027 ac
1344 1003 1438 1027 contra
1453 1000 1535 1027 Deum
1554 1008 1675 1036 pugnare
1694 1009 1742 1029 co-

944 1045 1089 1073 nabantur.
1108 1044 1287 1078 Quamobrem
1313 1045 1399 1073 errori
1428 1046 1518 1072 traditi
1543 1051 1622 1079 sunt,
1649 1048 1742 1074 decer-

944 1096 1026 1118 nente
1036 1091 1100 1124 Deo,
1118 1091 1190 1126 quod
1204 1090 1331 1126 nequitiae
1341 1098 1435 1118 eorttm
1444 1096 1656 1119 consentaneum
1670 1097 1741 1124 erat,

943 1140 974 1163 ut
988 1136 1074 1163 errori
1091 1135 1273 1163 traderentur.
1296 1136 1336 1163 llli
1360 1143 1426 1163 vero
1442 1137 1583 1169 malitiam,
1602 1144 1650 1164 ceu
1667 1139 1742 1165 virus

945 1181 1080 1216 quoddam
1108 1181 1279 1214 letltiferutn,
1296 1183 1321 1209 in
1346 1182 1491 1219 Egyptios
1514 1183 1689 1216 diffuderunt,
1713 1189 1742 1211 et

943 1228 1089 1263 Egyptum
1105 1227 1132 1254 in
1149 1236 1269 1255 errorem
1283 1229 1458 1260 induxerunt.
1476 1238 1486 1255 ‹
1506 1229 1540 1256 Ut
1557 1235 1631 1257 errat
1645 1231 1679 1263 is,
1693 1231 1740 1266 qui

944 1273 1034 1300 ebrius
1047 1277 1099 1305 est,
1115 1277 1142 1300 et
1156 1273 1202 1307 qui
1219 1274 1303 1300 vomit
1317 1274 1406 1300 simul.
1420 1284 1428 1299 ι
1441 1274 1539 1302 Verum
1553 1282 1647 1302 eorttm
1658 1283 1741 1303 causa

945 1318 1014 1344 Deus
1032 1317 1058 1344 itt
1076 1318 1193 1353 Aigypto
1212 1319 1450 1353 peregrinabatur,
1468 1325 1508 1352 ul,
1520 1320 1573 1347 illis
1593 1320 1627 1347 ab
1648 1328 1742 1349 errore

944 1363 1076 1394 deductis,
1090 1363 1204 1398 populos
1220 1363 1253 1390 ab
1266 1364 1305 1390 eis
1316 1365 1410 1398 procul
1432 1365 1592 1393 diutoveret.

981 1409 1061 1437 Vens.
1081 1409 1124 1436 15.
1141 1419 1150 1436 ι
1169 1410 1202 1437 Ει
1216 1417 1268 1437 non
1293 1411 1344 1438 erit
1360 1410 1496 1446 Egyptiis
1510 1419 1589 1446 opus,
1602 1413 1674 1447 quod
1699 1412 1741 1440 l'a-

944 1455 999 1482 ciat
1017 1460 1098 1490 caput
1115 1460 1142 1483 et
1158 1456 1282 1488 caudam,
1300 1457 1462 1491 principium
1480 1460 1505 1484 et
1529 1456 1622 1484 linem.
1642 1467 1651 1484 ι
1669 1457 1742 1486 Infe-

943 1505 987 1528 cta
1009 1502 1108 1536 quippe
1129 1505 1194 1528 sunt
1222 1501 1276 1528 illis
1296 1509 1377 1536 opera
1400 1502 1484 1528 multa
1511 1510 1571 1536 quae
1589 1503 1658 1538 apud
1679 1503 1741 1530 illos

944 1547 1157 1581 perﬁciebantur
1174 1568 1181 1579 ,
1200 1547 1236 1574 ita
1253 1552 1281 1574 ut
1295 1555 1362 1582 opus
1373 1555 1456 1582 penes
1473 1548 1532 1575 illos
1550 1556 1601 1575 non
1622 1549 1741 1583 reperia-

946 1596 1000 1625 tur,
1020 1593 1090 1626 quod
1105 1592 1147 1620 vel
1163 1592 1321 1626 principium
1338 1592 1378 1619 vel
1395 1593 1474 1620 linem
1492 1593 1740 1632 habeatLDomino,

945 1643 1038 1673 utpote
1053 1639 1134 1671 bono,
1159 1640 1211 1666 hoc
1226 1641 1261 1666 ita
1283 1645 1439 1674 peragente.
1454 1639 1595 1674 Siquidem
1615 1640 1640 1667 in
1657 1640 1740 1676 Egy-

944 1685 1032 1718 ptiaca
1044 1685 1188 1712 multorum
1203 1685 1344 1712 numinum
1361 1686 1564 1720 superstitione,
1576 1686 1658 1713 multa
1675 1694 1741 1720 ope-

944 1738 974 1757 ra
1001 1730 1162 1765 principium
1186 1735 1213 1758 et
1237 1731 1328 1763 linem,
1351 1731 1499 1758 secundum
1526 1737 1678 1766 reputatam
1704 1732 1740 1762 ibi

944 1777 1055 1809 serient,
1076 1777 1221 1805 habt-bant.
1242 1779 1277 1805 At
1296 1784 1446 1806 memorato
1465 1780 1597 1808 Dominiei
1625 1780 1657 1807 ad
1681 1780 1740 1806 illos

944 1823 1076 1850 adventus
1088 1829 1217 1858 tempore,
1227 1825 1264 1851 ait
1280 1832 1332 1851 non
1345 1825 1414 1851 ultra
1429 1825 1486 1852 fore
1503 1834 1585 1859 penes
1599 1826 1658 1853 illos
1674 1833 1740 1860 opus

944 1868 1097 1903 hujusmodi
1119 1869 1239 1902 plenum,
1261 1869 1396 1904 integrum
1420 1875 1446 1897 et
1462 1871 1631 1904 perfectum;
1652 1872 1699 1898 sed
1716 1871 1739 1897 si

944 1914 1087 1949 quodpiam
1101 1909 1284 1948 hujuscemodi
1302 1916 1462 1950 reperiatur,
1475 1916 1562 1950 ipsum
1574 1916 1634 1943 sine
1651 1917 1739 1950 capite

944 1966 972 1988 et
992 1961 1137 1996 principio,
1165 1962 1224 1988 sine
1248 1963 1364 1989 termino
1388 1967 1416 1989 et
1441 1962 1493 1989 [ine
1519 1963 1639 1989 futurum
1665 1970 1737 1990 esse.

944 2005 1021 2039 Quod
1040 2007 1121 2034 etiam
1150 2007 1208 2041 ipso
1230 2014 1311 2040 opere
1335 2007 1498 2041 completum
1524 2009 1740 2035 animadvertere

944 2058 1006 2087 est;
1022 2062 1083 2081 nam
1101 2053 1255 2082 idololatria
1271 2053 1376 2088 penitus
1388 2055 1496 2083 defecit.
1507 2054 1562 2090 (‘24)
1576 2054 1642 2082 lllud
1659 2059 1740 2089 porro

944 2104 996 2132 est,
1008 2108 1094 2135 neque
1111 2107 1192 2135 caput
1206 2109 1293 2136 neque
1312 2102 1391 2129 ﬁnem
1410 2101 1519 2134 habere,
1538 2107 1566 2128 ut
1582 2101 1649 2128 satis
1663 2109 1739 2128 cotu-

945 2152 1124 2174 monstratum
1140 2153 1190 2175 CSI.

981 2192 1063 2221 Vens.
1077 2194 1119 2221 16.
1139 2204 1148 2219 ι
1168 2194 1195 2221 In
1214 2194 1258 2222 die
1283 2195 1327 2222 illa
1350 2199 1431 2222 erunt
1451 2193 1571 2230 Egyptii
1587 2194 1661 2221 velut
1679 2202 1739 2221 mu-

945 2237 1025 2264 lieres
1050 2239 1074 2265 in
1096 2244 1212 2267 tremore
1228 2244 1255 2267 et
1279 2241 1305 2267 in
1331 2241 1426 2268 timore
1444 2248 1458 2267 a
1480 2241 1550 2268 facie
1574 2248 1669 2268 manus
1690 2241 1739 2268 Do-

96 2284 207 2320 Κυρίου
228 2283 352 2315 Σαϐαὼθ,
374 2284 406 2319 ἣν
417 2284 498 2315 αὐτὸς
516 2282 640 2310 ὲπιϐαλεῖ
661 2282 762 2314 αὐτοῖς.
784 2293 793 2309 ι
815 2283 893 2310 Κατὰ

947 2284 1010 2312 mini
1030 2285 1158 2318 Sabaoth,
1187 2294 1265 2321 quam
1287 2288 1342 2322 ipse
1358 2288 1486 2314 immittet
1509 2287 1571 2314 illis.
1593 2297 1602 2313 ι
1633 2287 1735 2314 Memo-

95 2331 166 2361 τοὺς
184 2330 360 2361 ἀποδοθέντας
386 2330 498 2366 χρόνους
515 2330 563 2364 τῆς
577 2328 695 2363 ἀφίξεως
717 2328 764 2355 τοῦ
793 2330 892 2365 Κυρίου

94 2377 152 2412 τῆς
165 2376 205 2407 εἰς
221 2376 364 2409 Αἴγυπτον,
394 2376 485 2403 οὐκέτι
514 2376 622 2402 ἔσεσθαι
648 2377 704 2407 τοῖς
734 2376 893 2410 Αἰγυπτίοις

96 2422 234 2459 φρόνημα
248 2421 381 2457 άνδρικδν,
394 2421 529 2456 γυναικῶν
553 2421 581 2448 δὲ
607 2421 684 2457 δίκην
707 2422 735 2447 ὲν
751 2421 826 2457 φόϐῳ
846 2422 893 2448 καὶ

96 2469 201 2505 τρόμῳ
213 2468 312 2501 διάξειν
326 2468 413 2495 αὐτῶν
425 2469 469 2496 τὸν
485 2469 541 2504 βίον
564 2468 606 2495 διὰ
630 2468 677 2503 τὴν
702 2469 892 2494 ὲπαναστᾶσαν

98 2515 199 2546 αὐτοῖς
212 2514 291 2549 χεῖρα
303 2513 349 2539 τοῦ
365 2513 430 2540 Θεοῦ
445 2513 576 2545 θεσπίζει.
590 2513 656 2548 Χεὶρ
668 2513 696 2539 δὲ
720 2513 821 2548 Κυρίου
852 2513 892 2545 τίς

97 2561 133 2588 ἂν
150 2559 263 2594 νοηθείη
278 2559 358 2594 ἑτέρα
373 2559 445 2594 παρὰ
459 2560 507 2595 τὴν
521 2560 669 2595 λεγομένην
692 2559 781 2590 δεξιὰν
800 2559 892 2592 αὑτοῦ,

97 2605 161 2633 ἀλλ’
186 2604 204 2640 ἢ
229 2603 368 2639 Ῥωμαϊκὴ
398 2603 509 2639 δύναμις
539 2603 696 2637 ὑποτάξασα
726 2603 789 2634 τοὺς
813 2604 893 2638 Δίγυ-

98 2651 201 2683 πτίους
213 2651 260 2677 καὶ
275 2650 448 2685 ὑποχειρίους
462 2651 632 2686 ποιησαμένη
644 2650 688 2676 διὰ
703 2649 751 2686 τὴν
764 2650 811 2676 τοῦ
836 2651 892 2677 Κυ-

99 2698 163 2734 ρίου
181 2697 348 2732 παρουσίαν;
365 2694 443 2722 Οὕτω
455 2695 509 2731 γάρ
522 2705 585 2722 ποτε
602 2696 648 2722 καὶ
661 2696 675 2722 6
693 2695 816 2726 διάϐολος
824 2696 893 2730 πρὸς

97 2744 146 2770 τον
182 2743 248 2769 Θεὸν
272 2742 476 2777 ἀναγέγραπται
499 2741 617 2777 εἰρηκὼς
645 2742 709 2777 περὶ
740 2741 786 2768 τοῦ
820 2741 879 2768 Ίώ6

100 2798 110 2813 ι
133 2787 207 2815 Ἀλλ’
224 2787 382 2815 ἀπόστειλον
401 2787 450 2823 τὴν
464 2787 544 2822 χεῖρά
556 2796 613 2819 σου,
628 2787 676 2813 καὶ
691 2787 758 2822 ἅψαι
783 2787 891 2814 πάντων

95 2831 136 2861 ὧν
151 2834 256 2869 ἕχει,εί
275 2833 312 2869 μὴ
328 2834 368 2865 εἰς
382 2833 528 2870 πρόσωπόν
545 2842 575 2860 σε
589 2833 739 2870 εὐλογήσει.
757 2843 767 2860 )
787 2834 817 2860 Οἱ
837 2834 893 2861 τοί-

135 2880 159 2895 ⁹⁴¹
179 2878 319 2912 Jobt,H.

135 2925 196 2961 (Ἡ)
216 2927 302 2955 Locus
317 2927 434 2955 mutilus.

946 2331 1013 2358 ratis
1038 2332 1168 2360 adventus
1190 2333 1295 2360 Domini
1323 2334 1348 2360 in
1377 2333 1524 2369 (Egyptum
1552 2333 1737 2367 temporibus,

945 2378 1044 2405 nulltttn
1062 2379 1195 2415 Egyptiis
1209 2381 1327 2408 futurum
1356 2381 1462 2407 virilem
1487 2388 1607 2413 sensum,
1625 2383 1672 2407 sed
1691 2387 1738 2407 eos

945 2425 1088 2452 mulierum
1106 2427 1192 2453 instar
1211 2427 1238 2454 in
1256 2432 1330 2454 metu
1347 2431 1374 2454 et
1392 2432 1519 2458 tremore,
1537 2427 1572 2453 ob
1593 2427 1738 2453 imminen-

945 2473 998 2496 tem
1015 2469 1082 2503 ipsis
1104 2478 1211 2498 manum
1231 2471 1288 2502 Dei,
1302 2472 1383 2498 vitam
1398 2476 1507 2497 acturos
1523 2478 1583 2498 esse
1603 2471 1737 2497 vaticina-

946 2519 1000 2542 tur.
1025 2515 1119 2544 Manus
1143 2522 1233 2544 autem
1263 2517 1367 2544 Domini
1391 2525 1450 2552 quae
1476 2517 1526 2543 alia
1552 2521 1660 2550 putetur
1677 2524 1737 2543 esse

944 2567 1042 2595 praeter
1060 2569 1131 2593 eam.
1146 2571 1206 2597 qua:
1226 2569 1337 2590 vocatur
1353 2565 1462 2590 dextera
1479 2563 1549 2597 ejus,
1570 2563 1622 2589 nisi
1636 2562 1736 2589 noma-

945 2615 1038 2634 norum
1054 2609 1186 2642 potentia,
1198 2616 1257 2643 qua:
1272 2608 1413 2644 Egyptios
1429 2609 1533 2643 subegit
1549 2615 1579 2634 ac
1598 2607 1649 2634 sibi
1671 2607 1736 2634 sub.

945 2651 1016 2679 ditos
1039 2653 1172 2686 reddidit,
1192 2655 1271 2689 idque
1294 2656 1328 2681 ob
1350 2654 1450 2682 Christi
1479 2653 1650 2688 prtesentiatn
1667 2653 1678 2679 ?
1696 2653 1734 2680 lta

946 2698 1044 2733 quippe
1071 2700 1207 2727 diabolum
1237 2701 1269 2727 de
1291 2699 1343 2728 Job
1371 2700 1523 2734 loquentem
1556 2699 1609 2726 Deo
1635 2699 1735 2726 dixisse

945 2744 1074 2778 scriptum
1095 2751 1137 2772 est
1157 2754 1163 2772 :
1183 2754 1194 2770 ‹
1212 2745 1265 2772 Sed
1287 2746 1362 2773 mitte
1377 2752 1483 2772 manum
1500 2749 1587 2774 tuam.
1610 2749 1637 2771 et
1655 2747 1735 2779 tange

945 2790 1036 2816 omnia
1054 2790 1215 2824 quaehabet,
1233 2791 1282 2818 nisi
1303 2791 1328 2817 in
1345 2790 1441 2817 faciem
1454 2790 1596 2817 benedicat
1610 2790 1655 2816 tibi
1666 2791 1708 2816 ‘7?
1721 2799 1732 2816 ι

948 2835 997 2869 Qui
1014 2844 1078 2872 ergo
1092 2836 1237 2865 voluntatis
1256 2837 1303 2865 Dei
1323 2837 1356 2864 ad
1377 2835 1577 2871 subjugandum
1592 2836 1734 2873 lEgyptio-
