2044 3215
311 189 367 218 251·

666 188 800 216 EUSEBII
820 186 1056 216 (ὶίΕΞᾹΚΙΕΝΞΙΞ
1074 186 1096 214 Ο

1148 206 1150 214 ,
1171 185 1259 214 PARS
1277 185 1320 214 lll.
1340 201 1376 208 —
1394 185 1600 214 EXEGETICA.

1890 186 1944 214 232

311 254 370 277 rum
389 248 531 283 imperium
546 248 662 276 ministri
679 249 789 277 fuemnt
801 268 808 281 ,
824 248 950 276 videlicet
965 249 1022 283 ipsa
1047 247 1096 275 Ro-

1151 256 1198 274 νυν
1220 247 1445 283 διακονησάμενοι
1463 247 1502 284 τῷ
1524 245 1738 283 βουλήματιτοῦ
1761 245 1829 273 Θεοῦ
1849 247 1889 278 εἰς
1914 247 1944 273 το

311 294 384 321 mani
407 294 544 321 exercitus
560 294 689 328 potentis,
705 302 801 321 manus
821 299 943 322 vocatur.
962 293 1104 325 Quomodo

311 344 401 365 autem
418 338 561 366 mulierum
573 339 660 366 instar
685 346 746 366 cum
761 339 856 366 timore
866 342 892 366 et
908 338 1032 374 angustia
1048 338 1102 366 Ro-

312 384 399 410 manis
413 384 532 411 serviant
548 383 668 419 Egyptii
681 403 689 417 ,
712 383 738 410 id
757 390 824 410 sane
844 391 897 410 non
915 387 957 410 est
968 383 1040 418 quod
1053 390 1101 411 ει-

310 429 435 464 plicetur.

346 474 429 502 Vens.
443 475 487 502 l7.
501 484 510 500 ι
525 474 559 502 Ει
572 475 625 502 erit
648 474 722 510 regio
735 473 892 502 Judzeorum
915 473 942 500 in
958 478 1101 501 terrorem.

310 519 468 554 Quicunque
483 527 543 546 eam
560 519 742 546 nominaverit
753 519 832 553 ipsis,
849 519 1027 546 extimescant
1040 526 1102 553 pro-

310 571 370 601 pter
399 566 552 595 consilium.
569 565 639 600 quod
666 565 804 592 consuluit
827 565 955 592 Dominus
982 565 1101 592 SabaOth

309 620 390 647 super
403 619 474 640 eam.
494 622 503 638 ο
521 611 669 645 Regionem
683 619 747 638 vero
766 610 920 638 Judaeorum
937 612 960 638 si
978 611 1101 645 Scriptu-

308 667 367 686 ram
382 659 500 686 divinam
520 658 623 685 dixeris
643 665 721 690 esse,
735 657 892 692 neutiquam
919 658 1100 691 aberraveris,

307 713 399 741 quam,
408 705 503 732 obvim
512 705 620 739 pictatis
628 710 655 731 et
667 704 739 736 ﬁdei,
749 704 793 738 qui
805 704 946 731 Dominum
956 709 1099 738 noverunt,

307 759 368 779 cum
387 752 494 784 timore,
514 756 629 778 tremore
648 755 675 777 et
687 753 838 777 reverentia
850 750 961 782 adeunt,
977 757 1030 777 non
1044 758 1102 777 am~

307 798 378 832 plius
389 802 418 824 ut
434 797 497 823 olim
516 797 674 831 hlasphema
690 796 762 823 dicta
786 797 812 823 in
838 803 897 824 eam
919 795 1099 831 proferentes,

307 844 354 871 sed
370 844 404 871 ob
426 843 569 870 Dominum
591 843 616 870 in
641 851 672 869 ea
695 842 869 877 praedicatum
881 863 888 876 ,
901 847 1061 870 venerantes
1074 850 1102 872 et

306 890 436 917 colentes.
458 889 639 923 Quamobrem
658 889 782 924 quisquis
804 889 877 916 illam
895 889 961 923 ipsis
979 896 1100 916 comme-

1155 293 1338 329 χειρώσασθαι
1349 294 1398 328 τὴν
1412 294 1568 328 Δίγυπτϊων
1583 293 1681 329 ἀρχὴν,
1693 292 1806 328 δύναμις
1829 292 1900 328 αὕτη
1916 293 1944 319 δὲ

1152 335 1186 373 ἦν
1204 339 1220 373 ή
1239 338 1393 374 Ῥωμαϊκοῦ
1409 338 1536 374 στρατοῦ,
1553 339 1614 374 χεὶρ
1626 337 1791 373 ὠνόμασται.
1806 337 1901 366 Ὅπως
1916 336 1943 362 δὲ

1153 382 1291 417 γυναικῶν
1306 383 1384 418 δίκην
1401 384 1469 418 μετὰ
1485 383 1568 417 φόϐου
1582 382 1629 409 καὶ
1647 382 1766 416 ἀγωνίας
1787 380 1943 408 δουλεύουσι

1158 429 1303 465 Ῥωμαίοις
1317 427 1471 465 Αἰγύπτιοι,
1487 430 1561 456 οὐδὲν
1577 429 1618 455 δεῖ
1631 429 1730 464 λέγειν.

1187 485 1197 501 ι
1217 476 1272 503 Καὶ
1283 475 1360 503 ἔσται
1374 477 1390 512 ή
1409 477 1484 512 χώρα
1497 476 1551 503 τῶν
1570 476 1704 502 Ἰουδαίων
1718 476 1774 506 τοῖς
1783 474 1943 508 Αἰγυπτίοις

1152 522 1192 554 εἰς
1208 522 1350 558 φόϐητρον,
1374 523 1430 554 Πᾶς
1449 523 1478 554 ὃς
1506 523 1553 549 ἐὰν
1582 522 1702 558 ὀνομάσῃ
1726 521 1810 556 αὐτὴν
1838 520 1940 551 αὐτοῖς,

1152 567 1350 603 φοϐηθήσονται
1363 567 1406 594 διὰ
1417 567 1466 602 τὴν
1483 567 1590 603 βουλὴν,
1606 567 1639 602 ἢν
1654 566 1755 601 Κύριος
1769 563 1882 591 Σαϐαὼθ
1899 563 1942 598 βε-

1152 613 1292 640 ϐούλευται
1304 614 1346 640 ἐπ’
1360 614 1455 649 αὑτήν.
1468 623 1477 639 ι
1492 613 1591 648 Χώραν
1606 613 1635 639 δὲ
1657 611 1789 639 Ἰουδαίων
1803 610 1851 645 τὴν
1866 609 1940 636 Θείαν

1151 660 1201 687 οὐκ
1216 659 1249 687 ἂν
1267 661 1400 696 ἁμάρτοις
1421 659 1506 687 εἰπὼν
1525 660 1651 695 Γραφήν·
1679 659 1712 693 ἢν
1735 658 1768 684 δι’
1789 656 1941 692 ὑπερϐολὴν

1152 708 1296 739 εὐλαϐείας
1315 707 1362 734 καὶ
1380 707 1499 738 πίστεως
1513 707 1537 733 oi.
1561 706 1605 732 τον
1623 705 1723 740 Κύριον
1755 702 1940 736 ἐπεγνωκότες

1153 754 1222 789 μετὰ
1233 753 1315 788 φόϐου
1333 753 1379 780 καὶ
1401 753 1503 788 τρόμου
1534 752 1580 779 καὶ
1606 750 1747 782 εὐλαϐείας
1771 748 1939 785 προσίενται⁷

1151 797 1243 824 οὐκέτι
1259 797 1296 829 ὼς
1313 797 1343 823 τὸ
1367 798 1431 833 πρὶν
1459 796 1681 832 βλασφημοῦντες
1709 795 1803 830 αὐτὴν,
1816 794 1883 821 ἀλλὰ
1896 802 1940 820 τι-

1153 843 1256 878 μῶντες
1272 843 1318 870 καὶ
1333 843 1456 875 σέϐοντες
1469 843 1511 869 διὰ
1527 843 1571 869 τὸν
1595 843 1623 868 ὲν
1653 841 1720 876 αὐτῇ
1738 840 1940 876 κηρυττόμενον

1152 889 1254 925 Κύριον
1263 898 1270 904 ·
1285 890 1325 917 διὸ
1337 890 1410 921 πᾶςὸ
1419 889 1559 927 ὀνομάζων
1575 889 1658 924 αὐτὴν
1672 889 1760 920 αὐτοῖς
1775 886 1856 922 φόϐον
1871 886 1939 913 Θεοῦ

307 941 410 967 morat,
427 936 551 963 timorem
573 936 618 963 Dei
636 936 701 970 ipsis
727 935 858 968 immittit,
882 942 943 962 nam
961 944 971 960 ι
989 934 1096 962 Initium

1148 935 1255 970 ἐμποιεῖ
1279 936 1386 968 αὐτοῖς·
1414 946 1423 961 ‹
1442 936 1525 971 Ἀρχὴ
1537 945 1546 961 ›
1565 935 1620 971 γὰρ
1640 945 1649 961 ι
1662 935 1756 970 σοφίας
1783 934 1863 969 φόϐος
1880 935 1938 961 Κυ-

306 983 444 1017 sapieutiae
460 984 540 1010 timor
554 983 699 1009 Domini".
713 991 722 1008 ι

344 1028 423 1055 Vsus.
438 1028 481 1055 18.
502 1038 512 1054 ι
532 1027 560 1055 In
577 1029 621 1056 die
637 1028 681 1055 illa
694 1032 775 1054 erunt
791 1028 912 1062 quinque
927 1028 1051 1056 civitates
1070 1027 1096 1054 in

305 1079 377 1101 terra
391 1074 513 1109 Egypti,
531 1074 673 1108 loquentes
691 1074 783 1109 lingua
797 1074 1003 1107 Chanaanitide,
1019 1079 1046 1101 et
1056 1074 1098 1109 ju-

305 1125 397 1148 rantes
410 1128 457 1156 per
481 1128 579 1148 nomen
605 1120 710 1147 Domini
728 1120 848 1148 Sabaoth
864 1129 870 1147 :
884 1121 980 1148 civitas
994 1121 1098 1148 Asedec

304 1166 444 1194 vocabitur
470 1174 523 1194 una
549 1166 655 1194 civitas.
672 1176 681 1192 ι
703 1167 761 1193 Etsi
779 1167 898 1202 quinque
925 1167 1048 1194 civitates
1070 1167 1096 1194 in

304 1211 432 1238 vaticinio
463 1211 602 1243 ferantur,
632 1217 658 1238 at
685 1219 737 1238 non
773 1211 949 1246 ignorandum
978 1216 1019 1238 est
1038 1211 1097 1239 illas

305 1257 424 1292 quinque
449 1264 528 1283 unam
544 1263 615 1284 esse.
638 1256 728 1290 Quare
755 1265 853 1284 nomen
880 1265 962 1284 unum
976 1257 1097 1284 omnium

305 1303 430 1334 additur,
446 1302 566 1332 Asedec.
585 1302 657 1336 quod
683 1302 878 1336 interpretatur
898 1303 1096 1338 Symmachus,

309 1357 318 1374 ι
336 1348 410 1376 solis.
427 1357 435 1373 ι
456 1347 542 1381 Quam
556 1355 620 1375 vero
632 1348 733 1375 dixeris
749 1355 808 1375 eam
820 1355 891 1382 esse,
906 1348 957 1375 nisi
973 1353 1096 1375 sanctam

306 1395 352 1422 Dei
370 1394 526 1423 Ecclesiam,
552 1401 612 1428 qua:
629 1394 776 1420 secundum
804 1393 875 1421 LXX
898 1395 1009 1429 quidem
1027 1394 1096 1421 dici-

306 1445 352 1468 tur
365 1441 476 1471 Asedec,
493 1440 564 1473 quod
588 1439 732 1474 signiﬁcat,
752 1448 761 1464 ι
781 1439 910 1472 justitiae;
926 1449 935 1465 ι
949 1440 1095 1467 secundum

306 1486 498 1521 Symmachum
522 1493 603 1517 vero,
623 1494 632 1510 σ
663 1484 738 1516 solis,
764 1495 773 1511 ι
795 1485 828 1511 de
847 1492 899 1519 quo
921 1486 1021 1512 dictum
1043 1491 1095 1516 est.

308 1540 319 1556 ε
339 1530 507 1557 Timentibus
523 1534 610 1557 autem
622 1537 665 1556 me
683 1529 785 1556 orietur
804 1529 842 1556 sol
858 1529 980 1564 jnstitiaa.
993 1535 1019 1556 et
1041 1537 1097 1557 me-

306 1577 374 1604 dela:
388 1578 414 1604 in
428 1576 477 1603 alis
499 1576 574 1611 ejus;
595 1586 603 1602 ι
616 1576 762 1603 secundum
784 1580 939 1602 accuratam
957 1583 1021 1603 vero
1039 1576 1094 1602 dis-

306 1621 413 1649 serendi
438 1621 583 1651 rationem.
609 1627 689 1648 terra:
715 1621 812 1648 civitas
830 1621 945 1653 dicitur,
962 1623 1032 1656 quod
1058 1622 1094 1648 ita
1109 1611 1129 1638 (ἶ

307 1666 379 1693 reddi
394 1667 488 1701 possit,
507 1674 517 1691 ι
535 1665 637 1693 Civitas
654 1671 731 1693 terno
748 1666 888 1693 vocabitur
901 1674 954 1693 una
969 1667 1091 1694 civitas.»

304 1710 364 1746 Ipsa
379 1712 476 1746 quippe
490 1712 545 1739 sola
556 1712 583 1738 in
595 1712 718 1740 universa
735 1717 804 1739 terra
823 1713 875 1739 Deo
885 1713 979 1739 civitas
995 1713 1094 1740 consti-

306 1758 400 1792 tuitur,
429 1758 464 1786 ila
490 1755 523 1785 ut
538 1759 571 1785 de
589 1758 633 1784 illa
658 1758 928 1791 dicatur,«Gloriosa
942 1759 1013 1786 dicta
1031 1764 1095 1786 sunt

305 1804 338 1832 de
353 1808 391 1836 te,
405 1804 502 1831 civitas
524 1804 614 1831 Dei".
632 1814 642 1831 ι
664 1804 789 1839 Qninque
812 1809 901 1832 autem
922 1806 1048 1832 civitates
1067 1806 1093 1832 in

304 1850 424 1879 Ecclesia
449 1850 672 1878 luerintdiversae
684 1851 799 1878 instituti
817 1856 845 1878 et
860 1851 939 1878 oﬁieii
956 1851 1093 1884 rationes;

303 1898 422 1934 quinque
433 1905 497 1925 vero
513 1902 577 1924 sunt
595 1898 705 1925 ordines
716 1898 856 1928 distincti;
872 1901 928 1924 tres
942 1897 1046 1924 scilicet
1058 1897 1094 1924 ita

305 1951 451 1971 numeres:
467 1944 570 1978 primus
582 1949 623 1971 est
635 1944 778 1978 prazsulum
793 1944 870 1975 ordo,
883 1944 1015 1970 secundus
1030 1951 1093 1978 pre-

304 1989 485 2024 sbyterorum,
507 1989 682 2016 diaconornm
699 1989 811 2021 tertius,
832 1995 944 2023 quartus
960 1988 1094 2015 illumina-

305 2041 394 2062 torum
409 2035 436 2062 in
455 2034 572 2067 Christo,
589 2040 739 2069 postremus
759 2042 864 2066 eorum,
879 2035 923 2069 qui
940 2035 1092 2061 initiantur.

305 2081 450 2109 Sciendum
471 2089 535 2116 ergo
551 2086 594 2108 est
607 2081 715 2108 ordines
731 2081 850 2116 quinque
866 2081 892 2107 in
912 2080 1032 2108 Ecclesia
1046 2080 1092 2108 Dei

305 2127 423 2160 versari;
437 2134 520 2161 quare
533 2127 652 2161 quinque
673 2127 797 2154 civitates
815 2127 865 2154 sub
885 2134 936 2153 una
955 2127 1092 2158 dicuntur,

305 2172 445 2206 loquentes
470 2172 557 2206 lingua
575 2179 634 2206 quae
658 2171 722 2198 olim
737 2171 807 2205 apud
829 2170 970 2206 Egyptios
985 2170 1092 2198 Chana-

307 2225 362 2246 naaa
388 2219 576 2253 reputabatur,
590 2223 618 2245 et
635 2217 758 2252 iurantes
774 2225 826 2244 non
845 2225 893 2252 per
913 2225 978 2250 eos,
994 2217 1039 2252 qui
1055 2217 1092 2244 dii

305 2264 383 2300 patrii
407 2264 647 2296 existimabantur,
669 2264 715 2291 sed
731 2263 758 2291 in
783 2263 891 2290 nomine
910 2263 1015 2290 Domini
1040 2262 1091 2290 Sa-

307 2310 397 2342 baoth,
414 2309 459 2344 qui
475 2309 538 2336 olim
569 2308 668 2336 Judaeis
681 2308 805 2343 cognitus
819 2307 888 2335 Deus
903 2312 971 2334 erat.
987 2307 1036 2335 llic
1051 2308 1094 2336 ille

306 2361 364 2383 erat
378 2357 423 2391 qui
439 2357 464 2386 in
481 2355 552 2383 nnbe
564 2354 628 2388 levi,
645 2355 689 2382 hic
712 2359 769 2382 erat
784 2355 828 2389 qui
848 2354 881 2381 ad
900 2354 972 2388 ipsos
987 2354 1096 2382 advenit

305 2401 439 2428 Christus.

340 2493 422 2521 Vens.
445 2493 487 2521 19.
504 2502 512 2518 ε
530 2492 559 2519 ln
585 2493 628 2520 die
645 2492 688 2519 illa
704 2492 756 2520 erit
776 2492 860 2519 altare
879 2493 993 2520 Domino
1010 2493 1035 2520 in
1050 2500 1094 2521 re-

304 2542 383 2576 gione
400 2539 599 2575 Egypliornm,
613 2545 640 2567 et
664 2539 788 2566 columna
810 2539 842 2565 ad
865 2540 1007 2566 terminum
1034 2539 1092 2574 ejus

307 2586 428 2613 Domino.
444 2594 454 2611 ι
472 2585 508 2611 De
520 2584 661 2611 divinitate
675 2584 720 2611 Dei
735 2585 761 2611 in
774 2584 889 2619 Egypto
901 2585 1090 2612 constituenda

305 2638 331 2658 et
348 2634 380 2660 de
393 2632 507 2660 diversis
522 2631 548 2658 in
566 2631 676 2658 civitate
686 2631 1010 2664 ordinibus,vatictnatus.
1025 2639 1090 2659 con-

308 2684 450 2712 sequenter
465 2679 550 2706 altare
562 2678 588 2705 in
599 2677 710 2705 civitate
724 2678 770 2705 Dei
795 2677 912 2704 futurum
927 2685 1091 2705 commemo-

341 2735 364 2750 "
376 2734 444 2761 [θεοί.
458 2743 504 2767 cx,
518 2735 560 2762 lO.
598 2734 620 2751 ”
633 2734 705 2761 Psal.
720 2734 865 2766 Luxv1,3.

342 2803 398 2837 (25)
419 2803 467 2830 llic
492 2802 689 2837 Hieronymus,
710 2811 719 2828 (
747 2801 832 2828 Porro
851 2802 895 2835 qui
922 2802 947 2829 in
976 2803 1092 2831 adventu

307 2836 434 2870 Christi,»
448 2838 495 2868 ait,
507 2846 516 2862 ι
528 2843 553 2864 et
567 2836 689 2864 Roniauo
703 2837 817 2872 imperio
827 2838 993 2871 prophetiam
1009 2839 1096 2865 disse-

310 2876 384 2903 runt.
399 2872 665 2908 quinquercivitates
684 2872 726 2898 vel
749 2873 833 2907 legem
858 2872 981 2906 Domini,
995 2881 1054 2908 quae
1068 2874 1094 2901 in

308 2907 471 2935 Alexandria
495 2907 609 2938 pritnum
636 2908 811 2942 interpretata
833 2912 888 2941 est,
907 2909 951 2936 vel
977 2910 1094 2940 quinque

1148 980 1217 1016 ρίου.
1241 990 1250 1006 ι

1185 1037 1194 1052 ι
1210 1027 1248 1062 Τῇ
1280 1026 1371 1062 ἡμέρᾳ
1397 1026 1489 1063 ἐκείνῃ
1517 1026 1623 1053 ἔσονται
1643 1027 1723 1053 πέντε
1754 1026 1840 1057 πόλεις
1859 1025 1887 1053 ἒν
1900 1024 1938 1060 γῇ

1146 1073 1295 1107 Αἰγύπτου.
1309 1072 1436 1099 λαλοῦσαι
1461 1074 1495 1108 τῇ
1509 1072 1619 1109 γλώσσῃ
1636 1073 1669 1108 τῇ
1685 1072 1875 1102 Χαναανίτιδι,
1890 1071 1938 1098 καὶ

1146 1119 1292 1155 ὀμνύοντες
1305 1119 1344 1155 τῷ
1355 1120 1466 1155 ὀνόματι
1478 1120 1581 1156 Κυρίου
1590 1119 1718 1146 Σαϐαὼθ·
1734 1119 1810 1150 πόλις
1827 1118 1937 1145 Ἀσεδὲκ

1146 1167 1311 1203 κληθήσεται
1330 1166 1379 1202 μία
1394 1166 1480 1198 πόλις.
1499 1176 1508 1192 ι
1527 1167 1559 1193 Ει
1573 1166 1601 1192 δὲ
1616 1165 1697 1192 πέντε
1711 1165 1833 1199 λέγονται
1847 1164 1938 1195 πόλεκ

1146 1213 1174 1240 αἱ
1191 1212 1396 1248 θεσπιζόμεναι,
1414 1213 1470 1240 ἀλλ’
1487 1213 1517 1239 οὐ
1535 1212 1586 1248 χρὴ
1601 1213 1717 1247 ἀγνοεῖν,
1734 1211 1772 1242 ὠς
1800 1211 1827 1236 αἱ
1855 1209 1936 1236 πέντε

1148 1259 1212 1294 μίαν
1227 1259 1401 1295 τυγχάνουσι.
1414 1259 1460 1285 Διὸ
1478 1259 1525 1285 καὶ
1538 1258 1566 1284 ἓν
1579 1258 1664 1292 ὄνομα
1675 1256 1746 1284 κατὰ
1764 1255 1859 1282 πασῶν
1875 1256 1937 1281 επι-

1146 1303 1254 1339 λέγεται
1270 1305 1302 1331 τὸ
1321 1305 1442 1336 Ἀσεδὲκ,
1457 1305 1526 1339 ὅπερ
1553 1305 1565 1331 ὁ
1589 1304 1737 1338 Σύμμαχος
1763 1302 1936 1337 ήρμήνευσεν

1150 1361 1159 1377 ι
1179 1351 1265 1386 ήλίου.
1279 1360 1288 1377 ι
1306 1350 1373 1377 Τίνα
1385 1351 1433 1386 μὲν
1449 1348 1495 1377 οὖν
1510 1350 1598 1380 εἴποις
1613 1349 1646 1376 ἂν
1657 1349 1757 1383 ταύτην
1773 1345 1869 1382 εἶναιῆ
1886 1348 1936 1382 τὴν

1146 1397 1227 1432 ἁγίαν
1242 1396 1288 1424 τοῦ
1302 1396 1370 1423 Θεοῦ
1391 1396 1562 1429 Ἐκκλησίαν,
1575 1396 1645 1422 κατὰ
1660 1395 1709 1430 μὲν
1723 1395 1784 1426 τοὺς
1801 1394 1935 1428 Ἐϐδομή-

1147 1452 1228 1470 κοντα
1243 1443 1412 1478 καλουμενην
1436 1443 1557 1472 Ἀσεδὲκ,
1572 1442 1586 1468 ὃ
1598 1442 1631 1477 δὴ
1653 1441 1779 1476 σημαίνει
1807 1449 1816 1465 ι
1834 1440 1936 1466 δικαιο-

1147 1489 1244 1525 σύνηςο
1265 1498 1274 1514 ι
1290 1488 1362 1516 κατά
1377 1488 1405 1515 δὲ
1421 1488 1466 1515 τὸν
1485 1488 1643 1523 Σύμμαχον,
1655 1497 1664 1513 ι
1679 1487 1766 1523 ἡλίου,
1782 1496 1791 1512 ι
1809 1486 1874 1521 περὶ
1904 1482 1934 1512 οὗ

1146 1535 1285 1562 λέλεκται⁸
1305 1545 1314 1560 ι
1331 1536 1393 1567 Τοῖς
1414 1535 1442 1562 δὲ
1458 1534 1633 1569 φοϐουμένοις
1658 1542 1690 1568 με
1717 1533 1839 1560 ἀνατελεῖ
1861 1532 1937 1567 ἣλιος

1146 1581 1328 1617 δικαιοσύνης,
1342 1582 1388 1608 καὶ
1405 1581 1490 1612 ἰάσεις
1512 1581 1541 1607 ὲν
1565 1581 1626 1612 ταῖς
1652 1579 1778 1614 πτέρυξιν
1803 1578 1902 1605 αὐτοῦ·
1924 1587 1933 1602 ι

1147 1627 1218 1654 κατὰ
1244 1628 1271 1654 δὲ
1288 1628 1318 1654 τὸ
1335 1627 1447 1663 ἀκριϐὲς
1464 1627 1514 1662 τῆς
1527 1626 1608 1653 αὐτοῦ
1625 1625 1768 1658 διαλέξεως
1789 1625 1841 1659 γῆς
1860 1624 1936 1656 πόλις

1147 1674 1281 1705 λέλεκται,
1296 1675 1364 1710 ὅπερ
1386 1674 1472 1705 οὕτως
1488 1674 1520 1700 ἂν
1541 1672 1731 1709 ἑρμηνευθείη,
1757 1681 1766 1697 ε
1780 1672 1861 1702 Πόλις
1885 1671 1936 1705 τῆς

1147 1721 1198 1755 γῆς
1214 1720 1404 1756 κληθήσεταιή
1423 1720 1471 1754 μία
1488 1719 1574 1751 πόλις.
1593 1729 1602 1745 ι
1619 1718 1694 1753 Αὕτη
1710 1717 1764 1754 γὰρ
1779 1717 1846 1753 μόνη
1874 1717 1936 1744 καθ’

1147 1766 1210 1802 ὅλης
1224 1767 1275 1802 γῆς
1292 1766 1397 1801 ἵδρυται
1418 1759 1458 1800 τῷ
1472 1766 1532 1800 Θεῷ
1545 1765 1631 1798 πόλις,
1661 1765 1699 1797 ὡς
1724 1764 1842 1799 ὲρείσϐαι
1870 1763 1936 1799 περὶ

1147 1813 1242 1847 αὐτῆς,
1258 1821 1268 1837 ‹
1285 1811 1470 1846 Δεδοξασμένα
1485 1811 1602 1848 ἐλαλήθη
1615 1811 1679 1847 περὶ
1694 1810 1750 1842 σοῦ,
1765 1811 1782 1846 ἡ
1797 1810 1874 1841 πόλις
1888 1809 1935 1836 τοῦ

1147 1857 1223 1884 Θεοῦ.
1247 1866 1256 1882 ι
1271 1857 1354 1883 Πέντε
1366 1857 1394 1883 δὲ
1412 1856 1502 1888 πόλεις
1512 1857 1541 1882 ὲν
1560 1855 1705 1891 Ἑκκλησίᾳ
1716 1855 1770 1882 εἷεν
1786 1855 1819 1882 ἂν
1835 1855 1864 1881 αἱ
1877 1854 1934 1881 διὰ-

1147 1911 1224 1939 φοροι
1241 1902 1387 1929 πολιτεῖαι·
1411 1902 1467 1937 (25)
1483 1902 1561 1928 πέντε
1576 1902 1603 1928 δὲ
1619 1902 1746 1936 τάγματα
1772 1900 1934 1936 διῃρημένα,

1146 1949 1228 1984 ήγουν
1243 1950 1317 1984 τρεῖς
1333 1948 1548 1984 ἀριθμήσεις,τὺ
1577 1948 1684 1984 πρῶτον
1713 1947 1765 1974 τῶν
1797 1947 1934 1982 προέδρων

1145 1994 1250 2029 τάγμα,
1265 1995 1351 2021 καὶτὸ
1362 1995 1486 2030 δεύτερον
1497 1994 1552 2021 τῶν
1565 1993 1757 2030 πρεσϐυτέρων
1767 2013 1775 2025 ,
1791 1993 1822 2019 τό
1835 2001 1867 2018 τε
1881 1992 1934 2019 τῶν

1145 2041 1276 2068 διακόνων
1290 2041 1321 2067 τὸ
1334 2041 1434 2077 τρίτον,
1450 2041 1497 2067 καὶ
1511 2040 1566 2067 τῶν
1589 2041 1618 2067 ὲν
1632 2041 1743 2076 Χριστῳ
1758 2038 1934 2074 πεφωτισμέ-

1146 2095 1198 2112 νων
1222 2086 1369 2121 τέταρτον,
1387 2087 1441 2113 καὶ·
1461 2087 1508 2113 ἐπὶ
1535 2086 1639 2118 τούτοις
1666 2085 1720 2112 τῶν
1745 2087 1774 2112 ὲν
1795 2086 1933 2120 εἰσαγωγῇ

1145 2133 1342 2167 τυγχανόντων,
1366 2132 1472 2164 ’1στέον,
1483 2132 1520 2164 ὡς
1537 2132 1617 2159 πέντε
1627 2132 1756 2168 τάγματα
1763 2130 1934 2158 πολιτεύεται

1146 2178 1174 2204 ὲν
1187 2180 1219 2214 τῇ
1241 2179 1388 2214 Ἐκκλησία
1401 2178 1447 2205 τοῦ
1460 2178 1527 2205 Θεοῦ
1539 2187 1546 2194 ·
1555 2179 1594 2205 διδ
1605 2178 1684 2205 πέντε
1696 2178 1786 2210 πόλεις
1803 2177 1856 2204 ὑπὸ
1870 2177 1933 2212 μίαν

1147 2222 1415 2258 εἷρηνται,λαλοῦσαι
1429 2225 1461 2260 τῇ
1474 2224 1593 2260 γλώσσῃ,
1605 2224 1688 2250 πάλαι
1699 2225 1762 2259 παρ’
1776 2222 1934 2257 Αἰγυπτίοις

1146 2268 1310 2305 νομιζομένῃ
1324 2271 1507 2301 Χαναανίτιδι,
1521 2271 1568 2298 καὶ
1584 2269 1728 2306 ὀμνύοντες
1740 2269 1770 2296 οὺ
1794 2269 1860 2301 τοὺς
1883 2277 1934 2295 πα-

1148 2314 1252 2350 τρῴους
1268 2316 1346 2348 θεοὺς
1365 2316 1411 2348 οὓς
1423 2317 1556 2353 ἐνόμιζον,
1573 2316 1631 2343 ἀλλ’
1647 2316 1663 2352 ἢ
1683 2316 1721 2351 τῷ
1742 2315 1856 2351 ὀνόματι
1879 2315 1934 2340 Κυ-

1149 2361 1207 2396 ρίου
1235 2361 1359 2394 Σαϐαὼθ,
1387 2362 1434 2389 τοῦ
1459 2363 1559 2390 πάλαι.
1574 2361 1710 2393 Ἰουδαίοις
1732 2360 1932 2397 γνωριζομένου

1148 2405 1225 2432 Θεοῦ.
1244 2404 1327 2438 Οὗτος
1340 2407 1369 2433 δὲ
1390 2406 1424 2443 ἦν
1437 2409 1451 2434 ὁ
1475 2408 1521 2434 ἐπὶ
1537 2407 1651 2443 νεφέλης
1664 2406 1783 2442 κούφης,
1800 2401 1879 2436 οὗτος
1906 2404 1934 2431 δὲ

1148 2448 1181 2486 ἦν
1194 2452 1208 2478 ὁ
1225 2452 1394 2488 ἐπιδημήσας
1411 2453 1527 2488 Χριστὸς
1539 2453 1641 2485 αὐτοῖς.

1185 2507 1194 2523 ί
1211 2499 1250 2534 Τῇ
1276 2499 1367 2536 ἡμέρᾳ
1379 2500 1469 2535 ἐκείνῃ
1481 2500 1558 2526 ἔσται
1577 2499 1768 2534 θυσιαστήριον
1787 2498 1825 2534 τῷ
1839 2496 1934 2533 Κυρίῳ

1145 2543 1175 2570 ὲν
1186 2543 1262 2580 χώρᾳ.
1278 2545 1444 2578 Αἰγυπτίων,
1461 2545 1544 2581 στήλη
1560 2546 1628 2581 πρὸς
1643 2545 1673 2572 τὸ
1696 2546 1769 2580 ὅριον
1791 2544 1877 2578 αὐτῆς
1896 2543 1934 2578 τῷ

1145 2590 1250 2626 Κυρίῳ.
1270 2601 1279 2617 ι
1293 2591 1488 2630 ῌροφητεύσας
1498 2592 1511 2618 ὁ
1522 2591 1599 2626 λόγος
1614 2591 1678 2626 περὶ
1694 2590 1798 2622 πόλεως
1813 2589 1881 2616 Θεοῦ
1906 2589 1934 2616 ὲν

1145 2635 1276 2672 Αἰγύπτῳ
1287 2638 1500 2673 συστησομένης,
1525 2638 1571 2664 καὶ
1585 2638 1639 2664 τῶν
1654 2638 1682 2663 ὲν
1698 2637 1731 2672 τῇ
1754 2636 1830 2663 πόλει
1842 2634 1934 2670 διαφό-

1147 2690 1200 2717 ρων
1217 2683 1375 2719 ταγμάτων,
1387 2684 1540 2716 ἀκολούθως
1553 2683 1746 2719 θυσιαστηρίου
1759 2684 1788 2710 ὲν
1807 2683 1840 2718 τῇ
1858 2682 1934 2709 τώλει

1149 2806 1277 2834 Ερειεείω
1293 2805 1413 2836 ordines.
1427 2806 1569 2840 episcopos
1580 2825 1588 2839 ,
1602 2804 1787 2841 presbyteros.
1795 2805 1931 2841 diaconos.

1149 2841 1241 2868 ﬁdeles
1271 2846 1299 2867 et
1315 2838 1535 2881 catechumenos,
1554 2850 1564 2867 ι
1583 2838 1627 2868 ubi
1651 2838 1744 2875 aperte
1767 2839 1875 2868 Eusebii
1896 2838 1934 2865 iu-

1149 2880 1292 2910 terpretem
1304 2880 1369 2911 agit.
