2044 3215
144 168 198 196 253

618 164 871 194 COMMENTARIA
890 164 923 193 IN
942 164 1071 194 lSAlAM.
1091 180 1125 185 —-
1142 163 1218 192 CAP.
1238 163 1310 192 XIX.

1718 164 1772 194 254

141 226 189 253 τοῦ
207 225 275 252 Θεοῦ
293 225 474 261 γενησομένου
490 224 664 261 μνημονεύει,
674 225 720 251 καὶ
736 224 813 251 τοῦτο
824 224 932 250 ἔσεσθαι

987 228 1035 256 rat,
1051 223 1122 257 quod
1142 223 1221 250 modo
1241 229 1369 257 perquam
1393 222 1508 250 mirabili
1533 223 1591 250 fore
1612 223 1686 250 dicit.
1704 222 1771 250 Nam

142 271 311 308 παραδόξως.
323 272 382 298 Τῶν
394 272 448 306 γὰρ
461 271 544 297 πάλαι
559 272 623 307 παρ’
645 270 803 305 Αἰγυπτίοις
826 270 933 305 νομιζο-

144 318 233 353 μένων
250 317 318 344 θεῶν
337 316 525 348 ἀπολωλότων,
550 316 661 343 καὶτοῦ
691 314 815 351 ποταμοῦ
844 314 934 342 αὐτῶν

143 364 345 396 ἐκλελοιπότος,
362 363 475 390 καὶτῶν
497 363 634 399 ἀρχόντων
654 362 763 394 Τάνεως
785 363 831 388 καὶ
858 362 935 396 Μέμ-

144 415 217 445 φεως
234 410 503 446 ἁπομωρανθέντων,
527 410 557 436 τὸ
572 410 637 445 παρ’
655 409 792 440 Ἰουδαίοις
804 408 933 444 ὀνομαζό-

145 463 226 491 μενον
248 455 342 490 Κυρίῳ
366 455 558 491 θυσιαστήριον
573 463 639 490 φησι
652 454 850 489 συστήσεσθαι·
866 453 880 480 ὃ
902 454 934 489 δὴ

144 501 192 529 καὶ
207 502 223 537 ἡ
240 501 293 528 τῶν
311 502 481 537 πραγμάτων
504 502 616 534 ἔκϐασις
635 501 786 536 ὀφθαλμοῖς
803 502 868 537 ἡμῖν
888 501 935 527 αὑ-

144 548 202 579 τοῖς
226 546 361 574 δείκνυσιν
375 554 382 561 ·
411 547 449 579 ώς
479 547 578 583 μηκέτι
608 548 648 579 εὶς
678 547 808 583 μέλλοντα
841 547 935 582 καιρὸν

144 594 297 630 ⁴εροιῐδοκᾷιν
309 593 356 620 τοῦ
378 594 457 628 λόγου
470 594 500 621 τὸ
516 594 698 629 ἀποτέλεσμα.
709 594 765 629 (26)
787 594 829 625 Ὡς
846 594 874 620 δὲ
888 593 937 629 μία

144 641 236 672 πίστις
255 640 301 667 καὶ
318 640 347 666 ἓν
360 640 501 676 βάπτισμα
516 641 562 668 καὶ
581 641 631 676 μία
653 640 801 676 Ἐκκλησία
815 640 935 675 εἴρηται,

143 687 216 714 οὕτω
232 687 278 713 καὶ
293 686 486 723 θυσιαστήριον
508 687 537 714 ἒν
557 687 618 714 καθ’
633 687 696 722 ὅλης
724 687 772 722 τῆς
799 686 936 720 Αἰγύπτου

145 734 330 770 ἐγηγερμένον
343 735 372 760 ἐν
390 736 448 766 ταῖς
461 733 618 769 ἐκκλησίαις
626 730 746 760 ’ποῦ’Θεοῦ
759 733 937 768 θυσιαστήρια

144 779 283 815 τυγχάνει,
312 779 358 806 καὶ
375 779 424 814 μία
446 779 478 813 δὴ
496 779 551 815 (‘27)
568 779 652 814 στήλη
666 780 759 814 γραφὴ
775 779 822 805 σὺν
839 778 877 813 τῷ
892 778 938 805 Ου-

147 826 297 862 σιαστηρίῳ
311 826 340 852 ὲν
359 824 510 860 δηλωθείσῃ
533 824 609 851 πόλει
627 824 753 860 συνέστη,
785 823 938 859 διορίζουσα

146 874 208 904 τοὺς
225 873 337 904 πιστοὺς
350 871 404 898 τῶν
421 871 586 906 Αίγυπτὶων,
603 871 651 897 καὶ
666 871 832 906 ἀφορίζουσα
840 871 938 903 αὐτοὺς

145 918 199 946 τῶν
211 918 343 945 ἀπίστων.
367 918 398 944 Ἦ
414 917 462 953 μὲν
476 915 522 944 οὖν
538 917 667 953 ἀνωτέρω
681 917 721 948 είς
735 916 869 952 φόΰητρον
880 917 936 948 τοῖς

146 965 303 999 Αἰγυπτίοις
326 963 434 990 ἔσεσθαι
457 963 590 998 λεγομένη
612 962 689 998 χώρα
714 962 769 989 τῶν
792 962 934 993 Ἰουδαίων,

147 1011 197 1047 τὴν
213 1010 359 1046 Ἰουδαῖκὴν
371 1009 518 1037 αἰνίττεται
530 1010 550 1035 Γ
552 1009 651 1044 ραφὴν,
665 1009 711 1035 καὶ
731 1008 777 1035 τὸν
802 1008 852 1043 τῆς
878 1008 935 1034 Πα-

147 1056 227 1088 tua;
242 1055 376 1091 Διαθήκης
389 1055 466 1089 λόγον
478 1063 485 1069 ·
497 1055 513 1090 ἠ
526 1054 554 1081 δὲ
567 1054 606 1090 τῷ
621 1054 738 1090 Χριστοῦ
749 1054 934 1089 θυσιαστηρίῳ

150 1098 346 1139 συνεζευγμένη
362 1102 447 1138 στήλη
462 1102 491 1128 τὸ
508 1102 557 1137 τῆς
572 1102 677 1137 Καινῆς
690 1101 827 1137 Διαοήκης
843 1101 886 1136 εἴη
904 1102 936 1127 ἂν

151 1160 248 1184 σαντας
255 1150 307 1177 τῶν
317 1149 471 1184 Αἰγυπτίων
485 1149 538 1176 ἀπὸ
549 1148 604 1175 τῶν
617 1149 750 1176 ἀπίστων.

187 1205 197 1223 ‹
216 1196 269 1223 Καὶ
293 1195 368 1222 ἔσται
394 1195 433 1226 εἰς
460 1195 572 1230 σημεῖον
588 1195 628 1226 εἰς
641 1194 686 1221 τὸν
703 1194 788 1221 αἰῶνα
801 1193 894 1230 Κυρίῳ
908 1193 937 1220 ἐν

148 1242 224 1279 χώρᾳ
240 1242 390 1277 Αἰγύπτου,
403 1241 444 1268 ὄτι
458 1241 636 1277 κεκράξονται
671 1241 738 1278 προς
765 1239 867 1275 Κύριον
893 1239 937 1266 διὰ

145 1290 207 1321 τοὺς
219 1288 357 1320 θλίϐοντας
371 1287 480 1319 αὐτούς.
494 1288 548 1314 Καὶ
560 1287 704 1314 ἀποστελεῖ
717 1287 809 1318 αὐτοῖς
831 1286 936 1322 ἄνθρω-

147 1343 198 1362 πον
225 1334 254 1367 ὃς
283 1333 364 1361 σώσει
393 1333 506 1365 αὐτούς’
531 1333 631 1368 κρίνων
649 1332 730 1359 σώσει
741 1332 851 1364 αὐτούς.
881 1332 937 1358 Καὶ

145 1381 266 1416 γνωστὸς
278 1381 353 1408 ἔσται
367 1380 466 1416 Κύριος
480 1380 534 1412 τοῖς
547 1380 714 1414 Αἰγυπτίοις,
727 1380 773 1407 καὶ
787 1378 936 1414 γνώσονται

145 1429 171 1455 οἱ
190 1427 332 1463 Αἰγύπτιοι
356 1426 402 1453 τὸν
434 1426 536 1462 Κύριον
565 1426 594 1453 ἐν
616 1427 649 1461 τῇ
672 1425 763 1461 ἡμέρᾳ
776 1423 935 1461 ὲκείνῃ,καὶ

144 1475 289 1510 ποιήσουσι
304 1473 398 1500 θυσίαν
410 1473 457 1499 καὶ
472 1472 569 1508 δῶρον,
582 1472 629 1498 καὶ
645 1471 767 1504 εὒξονται
787 1470 870 1506 εὐχὰς
896 1469 935 1505 τῷ

145 1519 252 1556 Κυρίῳ,
268 1519 315 1546 καὶ
340 1517 519 1545 ἀποδώσουσι.
539 1526 550 1544 ι
574 1516 619 1544 Διὸ
644 1516 683 1552 τῷ
715 1515 819 1551 σημείῳ
849 1515 935 1550 τούτῳ

985 277 1045 296 cum
1060 269 1096 296 illi
1110 268 1176 296 olim
1190 269 1259 304 apud
1279 268 1422 304 [Egyptios
1443 270 1559 303 reputati
1574 269 1610 296 dii
1631 269 1770 303 perierint,

984 315 1083 343 lluinen
1098 316 1215 350 ipsorum
1231 315 1372 347 defecerit,
1384 315 1520 350 principes
1533 314 1639 342 Taneos
1652 320 1678 342 et
1691 314 1772 341 Mem-

986 362 1069 397 pbeos
1080 362 1202 389 infamati
1215 361 1325 394 fuerint,
1339 367 1401 390 tunc
1411 362 1497 390 altare
1511 362 1581 397 apud
1596 361 1701 389 Iudaeos
1720 361 1773 389 Do-

987 408 1060 435 mino
1084 411 1285 442 nuncupatum,
1305 408 1523 435 constituendum
1553 408 1611 435 fore
1633 407 1773 442 ait,quod

986 459 1051 479 sane
1068 453 1105 479 rei
1123 456 1237 479 eventus
1250 452 1327 479 nobis
1343 452 1377 480 ob
1392 451 1485 479 oculos
1500 452 1593 487 ponit;
1606 452 1642 479 ita
1661 456 1691 478 ut
1707 451 1772 478 dicti

986 499 1211 533 complementum
1237 498 1270 525 ad
1293 496 1412 525 futurum
1434 502 1538 532 tempus
1557 506 1611 525 non
1632 502 1773 533 exspecte-

989 553 1058 571 mus.
1078 543 1308 578 Quemadmodum
1327 549 1415 571 autem
1425 551 1477 571 una
1493 542 1571 577 ﬁdes,
1587 551 1668 571 unum
1685 542 1775 578 bapti-

988 598 1055 623 sma,
1074 594 1101 617 et
1119 597 1171 617 una
1186 589 1305 616 Ecclesia
1323 589 1439 623 dicitur,
1454 590 1493 617 sic
1504 594 1531 617 et
1543 588 1638 617 altaria
1658 589 1774 625 plurima

988 637 1014 663 in
1033 640 1089 664 tota
1103 634 1219 670 (Egypto
1231 634 1386 666 constituta,
1401 642 1450 669 pro
1468 642 1520 662 uno
1536 634 1613 661 altari
1633 634 1660 661 in
1680 633 1774 661 Eccle-

988 682 1036 710 siis
1059 681 1105 709 Dei
1132 681 1281 709 constituto
1298 679 1422 707 habenda
1441 684 1520 711 sunt,
1536 684 1563 707 et
1578 687 1629 707 una
1650 676 1774 706 columna

988 728 1045 755 sive
1065 727 1159 763 cippus
1179 734 1240 754 cum
1263 726 1342 754 altari
1365 726 1391 752 in
1411 725 1455 752 illa
1476 725 1586 753 civitate
1609 725 1696 760 posita
1717 728 1775 757 est.

988 773 1081 802 ﬁdeles
1104 773 1245 808 [Egyptios
1265 772 1298 799 ah
1317 771 1468 799 inﬁdelibus
1491 778 1638 807 segregans
1654 778 1687 798 ac
1707 770 1776 798 divi—

989 822 1065 850 dens.
1081 821 1166 857 Regio
1179 821 1262 857 igitur
1276 821 1319 847 illa
1337 820 1504 854 Judazorum,
1517 828 1577 856 qua:
1597 821 1622 847 in
1643 826 1776 848 terrorem

990 868 1125 905 AZgyptiis
1136 868 1225 895 t‘ulura
1241 868 1350 899 dicitur,
1369 866 1508 895 Judaicam
1531 866 1686 894 subindicat
1703 867 1778 895 Scri»

953 902 974 930 Β
988 902 1112 950 ptitram,
1131 921 1162 941 ac
1188 913 1294 942 Veteris
1314 913 1480 941 Testamenti
1505 913 1635 945 verbum;
1652 913 1777 941 column.)

988 968 1053 989 vero
1069 968 1129 988 cum
1140 959 1241 988 Christi
1261 959 1338 986 altari
1355 959 1508 993 conjuncta,
1524 958 1590 986 Novi
1614 958 1778 987 Testamenti

989 1006 1163 1042 Evangelium
1187 1005 1397 1038 luerit.Christi
1422 1005 1514 1033 ﬁdeles
1531 1012 1565 1033 ex
1590 1004 1725 1040 Egyptiis
1743 1005 1778 1031 ab

987 1052 1139 1080 inﬁdelibus
1152 1051 1352 1079 disterminans.

956 1099 1130 1134 Εύαγγέλιον,
1145 1097 1261 1134 διορίζον
1289 1097 1352 1129 τοὺς
1385 1097 1424 1129 είς
1452 1097 1497 1124 τὸν
1522 1096 1638 1133 Χριστὸν
1670 1095 1780 1123 πιστοί»⁸

1026 1193 1107 1221 Vsns.
1123 1193 1168 1226 20,
1179 1192 1225 1219 21.
1243 1201 1252 1217 ι
1274 1191 1306 1218 Ει
1318 1189 1371 1218 erit
1386 1190 1412 1217 in
1424 1189 1529 1225 signum
1545 1189 1572 1216 in
1587 1188 1714 1217 saeculum
1728 1187 1780 1215 Do-

989 1242 1062 1268 mino
1075 1241 1102 1268 in
1118 1240 1225 1275 regione
1236 1237 1355 1273 Egypti,
1368 1231 1495 1270 quoniam
1509 1235 1665 1263 clamabunt
1677 1234 1711 1262 ad
1727 1233 1781 1261 Dn-

988 1289 1090 1315 minum
1108 1291 1218 1322 propter
1234 1284 1417 1319 opprimentes
1440 1289 1497 1309 eos.
1515 1282 1549 1309 Et
1571 1281 1659 1308 mittet
1675 1281 1715 1308 eis
1732 1281 1782 1309 ho—

989 1334 1100 1364 minem,
1122 1332 1166 1367 qui
1183 1330 1298 1359 salvabit
1307 1337 1372 1362 eos;
1389 1328 1516 1363 judicans
1538 1327 1653 1355 salvabit
1668 1334 1726 1355 eos.
1746 1327 1781 1354 Et

988 1386 1068 1408 notus
1086 1378 1138 1406 erit
1159 1377 1289 1404 Dominus
1304 1375 1447 1410 (Egyptiis,
1463 1378 1490 1402 et
1515 1378 1679 1409 cognoscent
1694 1372 1781 1409 Egy-

988 1426 1037 1461 ptii
1059 1424 1200 1452 Dominum
1223 1423 1250 1450 in
1277 1422 1320 1449 die
1335 1421 1389 1455 illa,
1414 1425 1442 1448 et
1458 1419 1558 1447 facient
1576 1419 1740 1447 sacriﬁcium
1755 1423 1782 1446 et

988 1473 1100 1505 donum,
1125 1476 1153 1498 et
1175 1469 1310 1497 vovebunt
1337 1473 1399 1495 vota
1425 1466 1549 1499 Domino,
1573 1471 1600 1494 et
1624 1466 1747 1494 reddent.
1768 1474 1779 1491 ι

989 1517 1180 1552 Quamobrem,
1198 1523 1266 1543 cum.
1279 1515 1331 1543 hoc
1345 1514 1422 1548 signo
1437 1521 1497 1541 sese
1512 1512 1616 1540 munire
1636 1512 1782 1540 didicerint

145 1564 422 1600 κατασφραγίζεσθαι
440 1564 629 1600 μεμαθηκότες
644 1564 668 1590 ot
680 1563 724 1589 τὸν
737 1562 838 1598 Κύριον
849 1570 936 1597 παρα-

989 1564 1121 1600 Ᾰζιςγῃιίἰ,
1135 1563 1180 1598 qui
1194 1561 1335 1590 Dominum
1355 1565 1539 1594 susceperunt,
1555 1560 1605 1586 hoc
1634 1562 1783 1586 tutamenta

143 1610 301 1646 δεδεγμένοι
315 1609 458 1644 Αἰγύπτιοι
476 1609 653 1644 φυλακτηρίῳ
668 1607 755 1643 τούτῳ
772 1608 919 1643 κέχρηνται
930 1616 936 1621 ·

143 1655 217 1683 ὥστε
231 1657 278 1683 καὶ
294 1657 322 1682 ὲν
338 1657 398 1687 ταῖς
415 1655 535 1690 θλίψεσιν
548 1654 622 1691 αὐτῷ
640 1654 746 1690 σημείῳ
762 1653 852 1689 βοηθῷ
867 1653 938 1689 χρώ--

145 1710 223 1729 aevo:
245 1701 361 1737 ἁναὸοᾷν
382 1701 427 1728 καὶ
438 1700 625 1728 ἐπικαλεῖσθαι
644 1701 690 1727 τὸν
706 1699 808 1736 Κύριον
818 1699 862 1725 διὰ
875 1699 939 1731 τοὺς

142 1747 332 1780 διαολίδοντας
349 1747 457 1780 αὐτούς.
477 1747 556 1779 Τίνες
565 1747 592 1773 δὲ
606 1744 676 1783 ἦσαν
687 1744 768 1777 οὗτοι,
787 1745 842 1772 ἀλλ’
870 1745 887 1780 ἢ
913 1745 939 1771 οἱ

143 1793 344 1826 ἁπομείνανπες
358 1795 390 1828 τῇ
404 1792 526 1828 ἀπωλείᾳ
545 1792 687 1826 Αἰγύπτιοι
699 1812 707 1824 ,
731 1792 795 1828 περὶ
819 1787 856 1818 ὧν
878 1792 938 1817 κατ’

144 1840 236 1875 ἀρχὰς
258 1839 364 1873 ὲλὲγετο
387 1839 436 1874 τῆς
465 1839 643 1874 προφητείας,
675 1848 684 1864 ‹
703 1839 758 1865 Καὶ
787 1838 939 1873 ἐπαναστή-

147 1894 242 1912 σονται
259 1885 401 1919 Αἰγύπτιοι
422 1885 490 1920 πρὸς
521 1885 694 1919 Αἰγυπτίους,
722 1885 768 1911 καὶ
791 1885 938 1920 πολεμήσει

145 1931 294 1964 ἄνθρωπος
309 1931 354 1957 τὸν
368 1931 482 1965 ἀδελφὸν
498 1930 591 1963 αὐτοῦ,
608 1930 683 1962 πόλις
701 1931 747 1957 ὲπὶ
777 1931 865 1963 πόλιν,
892 1932 938 1957 καὶ

146 1978 232 2013 νομὸς
246 1979 292 2005 ἐπὶ
307 1977 398 2013 νομόν.
422 1987 430 2003 ι

187 2035 198 2051 ι
216 2025 271 2051 Καὶ
287 2023 400 2056 πατάξει
414 2024 515 2060 Κύριος
530 2023 592 2056 τοὺς
605 2023 770 2058 Αἰγυπτίους
788 2022 878 2058 πληγῇ
892 2022 939 2049 καὶ

147 2071 255 2098 ἰάσεται
281 2070 379 2102 αὐτούς
390 2079 396 2085 ·
413 2071 461 2097 καὶ
469 2070 718 2106 ἐπιστραφήσονται
735 2070 804 2105 πρὸς
826 2069 937 2104 Κύριον,

146 2118 198 2145 καὶ
209 2116 399 2144 είσακούσεται
416 2115 517 2148 αὐτῶν,
536 2116 582 2142 καὶ
596 2115 702 2142 ἰάσεται
716 2114 814 2146 αὐτοὺς
832 2114 910 2141 ἰάσει.
926 2123 935 2140 ι

153 2163 232 2190 Ἐπεὶ
247 2163 300 2199 γὰρ
313 2172 322 2189 1
335 2162 365 2191 ὃν
382 2163 478 2198 ἀγαπᾷ
494 2162 595 2198 Κύριος
605 2182 612 2194 ,
628 2161 674 2188 καὶ
691 2160 825 2188 παιδεύει·
844 2169 939 2196 μαστι-

145 2211 194 2244 γοῖ
205 2210 233 2236 δὲ.
259 2209 347 2236 πάντα
363 2210 430 2241 υἱὸν,
448 2209 478 2236 ὃν
501 2208 700 2244 παραδέχεται·
715 2217 724 2233 ι
748 2207 860 2239 εἰκότως
891 2206 938 2234 καί

990 1615 1118 1643 utentur;
1135 1609 1172 1636 ita
1191 1613 1219 1635 ul.
1239 1608 1265 1636 in
1293 1607 1423 1635 aerumnis
1445 1606 1539 1634 eodem
1555 1606 1632 1641 signo
1643 1612 1692 1640 pro
1706 1604 1784 1639 adju-

991 1662 1049 1684 tore
1073 1654 1125 1688 usi,
1140 1654 1257 1682 clament
1273 1658 1301 1681 et
1327 1653 1455 1680 invocent
1481 1651 1626 1679 Dominum
1653 1651 1784 1678 adversus

989 1710 1035 1730 eos
1070 1703 1115 1737 qui
1135 1709 1165 1730 se
1192 1700 1354 1736 oppriment.
1380 1699 1495 1732 Quinam
1512 1702 1611 1725 .autem
1636 1696 1673 1724 illi
1693 1701 1782 1728 erant,

990 1749 1041 1776 nisi
1054 1749 1071 1776 ii
1087 1748 1133 1783 qui
1148 1749 1174 1775 in
1190 1746 1309 1783 pernicie
1322 1750 1482 1774 manserunt
1496 1743 1628 1780 Egyptii,
1638 1743 1671 1771 de
1686 1742 1784 1777 quibus

990 1795 1016 1822 in
1032 1794 1178 1830 prophetia
1191 1793 1267 1821 initio
1281 1793 1430 1825 dicebatur,
1442 1800 1451 1817 ι
1463 1790 1498 1818 Et
1520 1788 1784 1825 iiisurgentEgy|itii

989 1845 1083 1868 contra
1098 1839 1252 1876 IEgyptios.
1262 1844 1289 1866 et
1305 1837 1414 1866 bellabit
1433 1837 1515 1864 homo
1528 1835 1658 1863 adversus
1673 1834 1784 1861 fratrem

989 1893 1078 1919 suum,
1107 1886 1201 1912 civitas
1216 1885 1346 1912 adversus
1362 1883 1498 1911 civitatem
1508 1903 1515 1915 ,
1528 1886 1556 1909 et
1577 1887 1674 1908 nomus
1688 1881 1784 1907 adver-

989 1939 1035 1959 SUS
1048 1939 1168 1959 ιιοιυυῐιι.
1191 1941 1200 1957 Ι

1026 2024 1106 2052 Vens.
1119 2023 1164 2050 22.
1174 2032 1183 2048 ι
1193 2023 1226 2049 Ει
1241 2021 1375 2056 percutiet
1385 2020 1512 2048 Dominus
1527 2018 1671 2055 {Egyptios
1682 2018 1760 2054 plaga
1773 2038 1781 2050 ,

990 2076 1016 2098 et
1032 2069 1139 2097 sanabit
1159 2076 1216 2096 eos.
1242 2068 1275 2095 Et
1304 2071 1494 2094 convertentur
1518 2066 1551 2092 ad
1579 2064 1734 2096 Dominum,
1755 2070 1784 2091 et

989 2115 1114 2144 exaudiet
1127 2121 1184 2147 eos,
1201 2118 1228 2141 et
1245 2113 1354 2140 sanabit
1373 2120 1420 2140 eos
1439 2111 1591 2140 sanatione.
1606 2120 1615 2137 ι
1632 2110 1698 2144 Quia
1710 2109 1783 2138 enim

992 2171 1002 2188 ι
1023 2169 1102 2197 quem
1118 2160 1203 2196 diligit
1217 2160 1299 2192 Deus,
1317 2160 1452 2194 castigat;
1473 2157 1591 2193 ﬂagellat
1613 2162 1704 2184 autem
1724 2163 1784 2184 om-

989 2216 1052 2236 nem
1069 2208 1164 2239 ﬁlium,
1177 2213 1257 2241 quem
1277 2205 1432 2239 suscipit‘;
1453 2214 1462 2230 ι
1482 2204 1544 2238 jure
1558 2202 1701 2238 [Egyptios
1719 2209 1783 2237 per-

144 2256 212 2287 τοὺς
227 2255 392 2290 Αἰγυπτίους
410 2256 543 2282 πατάσσει
556 2254 679 2289 ἀγαπῶν,
692 2252 801 2280 ἐπειδὰν
817 2253 845 2279 ὲν
862 2253 936 2288 χρείᾳ

991 2255 1087 2287 cutiet,
1110 2253 1162 2282 etsi
1177 2252 1281 2288 diligat,
1293 2252 1316 2279 si
1331 2251 1440 2286 quando
1469 2250 1648 2285 castigatione
1668 2253 1696 2276 et
1716 2255 1784 2276 con-

146 2301 277 2335 γίνωνται
287 2301 411 2333 παιδείας
427 2301 474 2327 καὶ
490 2299 666 2336 ἐπιστροφῆς,
683 2299 741 2325 ἀλλ’
764 2299 812 2325 οὐκ
828 2299 868 2330 εἰς
885 2307 937 2333 μαμ

147 2346 239 2382 κράν·
268 2346 349 2382 μηδὲν
374 2347 402 2373 δὲ
426 2345 609 2382 ὑπερθέμενος
638 2346 708 2371 ἰᾶται
737 2346 770 2380 τῇ
793 2343 875 2371 αὑτοῦ
899 2343 939 2371 ιά-

151 2400 207 2418 σει.

192 2446 202 2463 ‹
217 2437 256 2473 Ti]
287 2437 376 2473 ἡμέρᾳ
400 2438 493 2474 ἐκείνῃ
520 2436 597 2464 ἔσται
619 2436 679 2468 όδδς
702 2435 840 2470 Αἰγύπτου
871 2435 939 2471 πρὸς

155 2482 326 2518 Ἀσσυρίους,
341 2483 389 2510 καὶ
408 2483 607 2510 εἰσελεύσονται
629 2482 767 2518 Ἀσσύριοι
794 2482 862 2518 πρὸς
890 2481 938 2508 Αί-

147 2537 266 2565 γυπτον,
280 2529 327 2556 καὶ
340 2529 481 2564 Αἰγύπτιοι
495 2529 672 2565 πορεύσονται
684 2528 752 2564 πρὸς
770 2527 939 2563 Ἀσσυρίους,

146 2576 199 2603 καὶ
209 2575 395 2603 δουλεύσουσιν
409 2575 550 2610 Αἰγύπτιοι
570 2576 627 2607 τοῖς
646 2573 824 2611 Ἀσσυρίοις.)
844 2570 940 2600 Ἀσσυ-

147 2621 227 2657 ρίους
239 2621 268 2648 δὲ
283 2621 401 2648 ἐνταῦθα
413 2619 488 2656 οἶμαι
503 2621 593 2648 καλεῖν
615 2620 665 2657 τὴν
682 2619 793 2656 Γραφὴν
803 2620 867 2652 τοὺς
884 2619 933 2647 νῦν

146 2666 337 2702 καλουμένους
349 2665 451 2701 Σύρους
460 2674 467 2681 ·
485 2666 554 2694 κατὰ
563 2666 594 2693 τὸ
602 2666 685 2694 πάλαι
699 2666 728 2693 δὲ
739 2666 764 2692 οἱ
778 2664 828 2701 τὴν
839 2665 939 2699 Συρίαν

188 2724 197 2740 ¹
214 2722 297 2751 llebr.
313 2731 362 2757 xtl,
374 2725 402 2752 6.

188 2779 246 2816 (26)
268 2789 278 2807 ι
302 2780 341 2808 Ita
356 2785 446 2808 autem
464 2788 546 2807 unum
566 2781 651 2808 altare
670 2780 780 2816 dicitur,
803 2778 940 2816 quomodo

147 2813 206 2843 una
232 2813 309 2849 tldes,
322 2821 349 2843 et
373 2823 457 2843 unum
481 2816 623 2850 baptisma.
638 2821 665 2843 et
686 2822 740 2843 una
760 2814 892 2850 Ecclesia.
907 2813 942 2840 Et

149 2850 252 2886 titulus,
264 2850 344 2886 juxta
366 2849 586 2886 terminunt’ejm
604 2850 726 2883 Domino,
745 2849 816 2886 haud
831 2849 941 2886 dubium

148 2885 219 2922 quin
235 2884 409 2921 Evangelium
417 2891 445 2914 et
457 2884 643 2921 apostolnrum
658 2886 759 2921 scripta
778 2884 938 2920 signiﬁcet.»

258 2945 394 2977 Pereat.
416 2945 474 2975 Gn.
499 2944 615 2987 xxiv.

990 2300 1115 2328 versione
1142 2306 1210 2334 opus
1233 2298 1371 2329 habeant;
1391 2298 1437 2325 sed
1463 2297 1489 2324 id
1509 2304 1561 2324 non
1581 2296 1614 2323 ad
1628 2295 1784 2323 diuturnum

991 2351 1097 2380 tempus
1114 2345 1213 2379 faciet;
1228 2351 1260 2371 ac
1274 2343 1340 2371 nihil
1356 2343 1598 2378 comperentlinans
1616 2340 1785 2369 curationem

991 2396 1019 2419 et
1034 2391 1166 2418 medelam
1182 2390 1332 2418 adhibebit.

1027 2436 1110 2464 Vens.
1121 2436 1167 2464 23.
1180 2445 1190 2462 ι
1206 2436 1235 2464 ln
1248 2437 1292 2464 die
1308 2436 1353 2463 illa
1367 2436 1421 2463 erit
1431 2435 1474 2462 via
1486 2434 1596 2471 Egypti
1606 2434 1640 2462 ad
1648 2432 1785 2469 Assyrios,

992 2487 1021 2510 ct
1048 2483 1234 2517 ingrediantur
1254 2482 1358 2518 Assyrii
1377 2483 1403 2509 in
1426 2481 1573 2517 Egyptum
1586 2500 1594 2514 ,
1613 2484 1642 2508 et.
1662 2478 1785 2514 Egyptil

993 2527 1072 2556 ibunt
1091 2528 1125 2556 ad
1144 2528 1271 2564 Assyrios
1293 2534 1321 2556 et
1337 2528 1458 2557 servient
1478 2527 1598 2563 Egyptii
1623 2525 1754 2561 Assyriis.
1772 2533 1783 2551 ι

992 2574 1121 2610 Assyrios
1139 2575 1183 2603 hic
1205 2580 1270 2610 puto
1283 2582 1299 2602 a
1317 2574 1458 2610 Scriptura
1472 2575 1563 2602 vocari
1577 2580 1636 2606 eos,
1652 2571 1699 2607 qui
1713 2578 1787 2598 nunc

993 2618 1056 2656 Syri
1070 2621 1254 2657 appellantur;
1271 2621 1335 2648 olim
1350 2620 1449 2656 quippe
1462 2619 1565 2654 Assyrii
1580 2617 1787 2650 vocabanturii,

992 2668 1037 2694 rui
1062 2667 1169 2704 Syriam
1188 2673 1217 2695 et.
1235 2667 1457 2696 Mesonotamiam
1486 2665 1652 2694 incolebant.
1680 2664 1786 2693 inimici

993 2778 1057 2807 Haec
1079 2779 1277 2821 llieronymns,
1300 2780 1346 2842 tuti
1372 2780 1453 2807 etiam
1473 2779 1586 2808 inferius
1601 2781 1636 2808 de
1657 2779 1737 2817 Syris
1759 2786 1786 2809 et

995 2815 1129 2842 Ezvutns
1144 2822 1196 2842 non
1213 2822 1300 2842 nauca
1331 2822 1374 2842 mc
1389 2819 1538 2842 mutuatur.

995 2815 1129 2850 Egyptiis
1144 2822 1196 2842 non
1213 2822 1300 2849 pauca
1312 2815 1374 2842 hinc
1389 2819 1538 2843 mutuatur.

999 2886 1010 2891 Δ
1032 2850 1089 2886 (17)
1106 2850 1315 2885 Στηλοῃοαφία
1329 2850 1399 2879 alius
1409 2851 1519 2886 γραφεῖ.
