2044 3215
290 175 342 201 9.33

661 175 793 203 EUSEBII
814 174 1046 204 CIESARIENSIS
1065 175 1139 203 OPP.
1160 174 1249 203 PARS
1266 175 1311 203 III.
1325 191 1361 196 —-
1375 175 1582 204 EXEGETICA.

1867 178 1923 208 256

290 241 379 263 autent
398 239 490 263 mutuo
507 239 584 263 erant
602 234 719 271 Egyplii
743 241 769 264 et
787 237 900 272 Assyrii,
919 244 949 264 ac
971 244 1076 271 semper

1131 237 1177 263 καὶ
1192 236 1404 271 Μεσοποταμίαν
1419 236 1557 268 οἰκοῦντες
1579 235 1715 273 ’Δσσύριοι
1729 236 1922 273 ἐχρημάτιζον.

290 286 385 308 mutuo
401 281 503 309 infesti.
521 280 598 309 Nunc
614 288 704 309 autem
721 289 839 317 praesens
855 290 946 310 sermo
961 291 1083 311 commu-

293 328 400 355 nionem
429 328 494 362 ipsis
517 333 546 355 et
572 328 788 355 commistionem
813 329 989 361 vaticinatur,
1012 330 1085 364 quod

291 381 427 407 nunquam
445 375 511 400 alias
525 374 623 401 factum
642 373 812 400 fuerat.Nam
831 379 892 400 ante
903 373 1084 401 Romanorum

291 420 433 453 imperium
450 420 574 454 proprios
590 427 665 454 reges
678 420 813 447 habebant
826 419 948 455 [Egyptii
959 425 985 447 et
1000 420 1083 456 Assy-

292 464 470 499 iii;/Egyptii
497 464 605 499 quidem
635 463 812 497 Ptolcinaeos,
828 465 890 500 Syri
918 468 1007 492 autem
1030 465 1085 492 An-

292 513 372 540 tiochi
393 518 418 540 ct
437 513 562 539 Demetrii
578 517 712 547 pOSteros,
732 513 757 539 in
782 520 898 548 quorum
918 513 1007 540 medio
1029 514 1083 541 sita

290 559 391 591 Judzea,
406 567 419 585 a
435 559 551 594 propriis
567 559 630 586 item
655 559 823 594 principibus
847 560 1000 595 regebatur.
1016 560 1084 587 Cum

291 609 378 631 autem
391 604 501 631 Iudaica
519 612 585 640 gens
603 604 764 632 intermedia
782 610 863 637 esset,
875 605 954 632 modo
968 613 982 632 a
996 605 1083 641 Syris,

290 650 369 676 modo
393 657 406 676 a
427 649 580 676 Ptolemreis
606 648 677 676 bello
707 649 897 683 impetebatur.
919 649 975 676 Imo
1002 651 1083 677 etiam

290 695 423 730 [Egypliis
442 695 546 722 inimici
572 694 633 730 Syri
658 700 748 729 erant,
774 700 801 722 et
819 695 938 731 Egyptii
964 696 1085 731 Assyriis

290 744 401 773 hostes;
416 741 568 768 utminime
587 741 673 768 libera
699 747 771 769 esset
797 742 911 769 alterius
939 743 1029 777 populi
1050 742 1083 769 ad

290 788 403 814 alterum
421 787 563 822 profectio.
581 786 636 814 IIoc
652 794 729 822 pacto
745 795 774 815 se
790 795 833 815 res
852 788 915 815 olim
937 788 1082 815 habebant.

290 833 324 859 At
349 837 407 867 post
439 833 581 860 adventum
615 833 720 860 Domini
747 834 773 860 in
801 833 965 868 Aigyptum,
991 840 1084 868 pacem

291 878 539 912 profundissimam,
556 887 587 907 ac
604 880 820 907 communionem
835 880 1083 914 commerciumque

290 924 355 958 ipsis
376 923 494 951 futurum
510 932 628 959 prmsens
653 932 745 952 sermo
760 926 932 959 prmnuntiat.
952 925 998 951 Ille
1018 932 1082 952 vero

289 977 345 1001 eos,
363 970 407 1004 qui
425 970 487 996 olim
505 970 605 997 inimici
623 976 710 1004 erant,
726 971 810 1006 Syros
831 972 901 1003 dico,
913 971 1039 1005 Assyrios
1055 976 1083 997 ct

289 1014 425 1048 Israclem,
439 1020 531 1043 mutuo
547 1016 683 1049 conciliat,
700 1022 781 1051 atque
795 1024 874 1044 unam
893 1024 987 1044 omnes
999 1024 1013 1043 a
1026 1017 1081 1044 Deo

288 1062 505 1089 benediCIionem
519 1068 679 1098 accepturos
696 1064 778 1097 dicit;
792 1064 828 1091 ita
844 1069 874 1091 ut
889 1064 945 1098 jam
959 1072 1011 1092 non
1025 1071 1081 1091 am-

287 1108 357 1143 plius
375 1107 456 1136 Israel
470 1109 553 1136 altum
566 1110 665 1144 sapiat,
686 1115 813 1145 nequeut
831 1111 905 1138 solus
924 1111 1082 1139 benedictus

287 1159 382 1181 contra
395 1155 462 1182 alios
477 1162 534 1183 sese
546 1156 668 1183 extollat.
686 1155 751 1189 Quis
766 1163 830 1191 ergo
849 1156 985 1184 Romanos
1002 1164 1081 1184 exer-

287 1201 358 1227 citus
372 1208 405 1228 ex
424 1201 554 1236 Syrorum
571 1203 667 1229 militia
690 1203 786 1230 videns
802 1202 988 1238 [Egyptiorum
1002 1203 1079 1238 capi-

288 1248 360 1273 tibus
376 1247 528 1281 imminere,
548 1253 575 1275 et
600 1248 743 1283 Egyptios
763 1248 815 1276 illis
833 1250 946 1281 servire,
963 1250 1081 1284 prophe-

288 1293 332 1318 tia:
350 1297 475 1319 eventum
488 1300 540 1320 non
558 1294 730 1321 admiretur?
744 1294 810 1327 Quis
836 1303 888 1321 non
910 1295 1081 1330 Obstupescat

288 1345 403 1365 cernens
426 1337 567 1374 Egyptios
589 1340 674 1367 libero
696 1341 812 1367 transitu
826 1341 933 1375 Syriam
958 1346 1080 1376 petentes

288 1391 320 1410 ac
334 1384 453 1411 vicissim
466 1385 550 1420 Syros
566 1386 624 1414 sine
636 1387 712 1414 obice
733 1386 758 1413 in
778 1386 926 1422 (Egyptum
949 1388 1079 1415 acceden-

288 1433 338 1461 tes,
354 1434 435 1464 atque
446 1437 491 1458 eos
502 1431 524 1458 vi
534 1432 718 1459 dominatricis
728 1433 852 1466 potentia:
867 1433 990 1460 subditos
1002 1434 1079 1461 esse?

287 1475 418 1511 Quodque
435 1477 553 1504 omnium
569 1477 800 1505 mirabilissimum
819 1483 869 1510 est,
889 1479 914 1505 in
938 1479 1079 1514 prophetia

287 1523 368 1555 dixit,
379 1523 473 1550 eodem
492 1527 613 1558 tempore
633 1524 703 1559 apud
722 1524 805 1559 Syros
821 1530 848 1552 et
867 1524 1027 1560 Egyptios,
1046 1532 1078 1553 ac

287 1569 314 1595 in
337 1573 407 1597 terra
421 1569 503 1597 Israel
526 1570 638 1605 populos
658 1570 703 1598 Dei
726 1571 795 1603 fore,
819 1571 945 1606 ipsosque
965 1572 1077 1599 benedi-

288 1621 362 1642 ctos:
378 1620 407 1642 ut
421 1615 501 1643 Israel
517 1623 569 1643 non
582 1616 696 1651 amplius
709 1616 814 1644 diﬂ'erat
827 1617 861 1644 ab
873 1616 1010 1652 ﬂgyptio,
1027 1625 1074 1644 ne-

286 1669 338 1695 que
362 1670 376 1688 a
400 1662 490 1697 Syro;
512 1669 607 1697 neque
638 1664 707 1697 apud
733 1663 816 1690 Deum
838 1664 922 1698 pluris
942 1663 1073 1690 habeatur

286 1709 382 1742 Syrus,
398 1716 478 1742 quam
496 1708 577 1735 Israel
606 1709 649 1735 vel
676 1708 837 1743 Egyptius;
855 1716 940 1743 neque
951 1710 1072 1736 vicissim

285 1754 427 1789 ngyptius
446 1755 534 1781 minor
547 1755 581 1782 sit
595 1755 665 1790 apud
685 1755 767 1783 Deum
784 1754 881 1783 Isracle
898 1761 925 1782 ct
940 1756 1018 1791 Syro.

1141 281 1366 319 Ἐχθροὶδὲῆσαν
1383 282 1527 317 Αἰγύπτιοι
1544 283 1591 309 καὶ
1613 283 1761 319 Ἀσσύριοι,
1781 284 1828 310 καὶ
1844 284 1927 312 πολέ-

1137 337 1192 363 μιοι
1205 329 1339 356 διετέλουν
1353 328 1429 360 ὄντες
1447 329 1479 355 ἐκ
1490 328 1536 355 τοῦ
1554 329 1662 361 παντός.
1674 328 1736 356 ΔΝῦν
1748 330 1776 357 δὲ
1792 330 1807 357 6
1828 331 1928 360 παρὼν

1135 375 1213 408 λόγος
1229 374 1369 401 κοινωνίαν
1385 375 1475 405 αὐτοῖς
1497 374 1542 400 καὶ
1557 374 1696 409 ἐπιμιξίαν
1707 375 1840 408 Θεσγίζει.
1855 376 1927 412 ὅπερ

1135 421 1193 447 οὐδὲ
1203 421 1294 448 ἄλλοτε
1310 422 1406 455 γέγονέ
1426 430 1500 447 ποτε.
1514 421 1570 457 Πρὸ
1585 422 1639 456 γὰρ
1651 421 1700 457 τῆς
1721 422 1769 449 Ῥιι
1777 423 1864 457 μαίων
1876 422 1928 459 ἁρο

1135 467 1185 502 χῆς
1204 467 1351 499 ίδιάζοντας
1365 465 1437 502 εἶχον
1463 466 1589 501 βασιλέας
1604 467 1630 493 οῖ
1656 476 1685 493 τε
1711 468 1855 502 Αἰγύπτιοι
1878 469 1928 495 καὶ

1142 512 1295 548 Ἀσσύριοι’
1328 514 1352 539 οἱ
1381 513 1524 547 Αἰγύπτιοι
1555 513 1604 549 μὲν
1631 514 1694 545 τοὺς
1719 513 1926 549 Πτολεμαίους,

1135 558 1214 594 Σύροι
1236 560 1263 586 δὲ
1291 560 1354 591 τοὺς
1372 560 1426 586 ἀπὸ
1458 560 1593 595 Ἀντιόχου
1622 560 1668 586 καὶ
1697 557 1925 596 Δημητρίου-ὧν

1137 607 1205 641 μέση
1217 606 1330 641 κειμένη
1347 608 1363 641 ἠ
1386 606 1499 633 Ἰουδαία
1520 607 1567 633 καὶ
1584 606 1658 637 ίδίοις
1671 606 1718 633 καὶ
1727 607 1795 642 αὐτὴ
1810 600 1924 642 ἄρχουσι

1135 652 1309 687 ἐκυΰερνᾶτο.
1327 653 1566 688 Μεσολαϐούμενον
1579 653 1607 679 δὲ
1628 653 1658 679 τὸ
1680 653 1812 680 Ἰουδαίων
1836 653 1924 685 ἔθνος,

1135 698 1199 723 ποτὲ
1217 698 1265 733 μὲν
1286 698 1337 724 ὑπὸ
1352 698 1443 734 Σύρων
1457 699 1629 734 ἐπολεμεῖτο,
1645 699 1709 725 ποτὲ
1729 699 1757 726 δὲ
1775 699 1826 726 ὑπὸ
1856 699 1925 726 Πτο-

1135 744 1263 779 λεμαίων.
1298 745 1376 771 Ἀλλὰ
1392 746 1438 771 καὶ
1454 745 1612 780 Αἰγυπτίοις
1637 745 1783 780 ἐτύγχανον
1801 746 1826 772 oi.
1842 745 1924 782 Σύροι

1136 791 1270 825 πολέμιοι·
1289 791 1433 825 Αἰγύπτιοι
1454 791 1482 818 δὲ
1504 793 1558 823 τοῖς
1581 791 1734 827 Ἀσσυρίοις
1753 792 1922 827 διεμάχοντο,

1134 836 1171 867 ὡς
1187 837 1289 872 ἄμικτα
1307 834 1375 863 εἶναι
1388 838 1478 869 αὐτοῖς
1493 838 1539 864 καὶ
1555 838 1701 870 ἀδιαϐάτας
1724 838 1772 870 τὰς
1796 839 1864 874 πρὸς
1876 838 1924 865 ἁλ-

1135 881 1232 917 λήλους
1249 883 1370 918 πορείας.
1386 883 1503 910 Τοιαῦτα
1518 884 1568 919 μὲν
1584 882 1629 910 οὖν
1651 884 1794 919 ἐτύγχανον
1815 884 1849 911 τὰ
1872 884 1924 911 πά-

1098 917 1118 944 B
1134 927 1187 955 λαι.
1209 917 1290 954 Μετᾶ
1307 929 1334 955 δὲ
1360 930 1409 965 τὴν
1425 917 1577 964 ἄφιξιν-τοῦ
1594 917 1767 966 Κυρίουντὴν
1783 930 1823 962 είς
1838 931 1921 965 Δίγυ-

1133 983 1199 1001 τττον
1219 976 1330 1011 είρήνην
1344 976 1505 1012 βαθυτάτην,
1524 978 1664 1010 κοινωνίας
1679 986 1708 1003 τε
1723 978 1769 1004 καὶ
1783 977 1923 1013 ἐπιμιξίας

1132 1022 1147 1047 ὀ
1162 1020 1256 1056 παρὼν
1271 1021 1349 1056 λόγος
1362 1023 1453 1054 αὐτοῖς
1469 1023 1681 1057 εὐαγγελίζεται.
1703 1024 1732 1051 '0
1749 1024 1797 1059 μὲν
1818 1023 1851 1059 δὴ
1875 1021 1922 1050 οὖν

1134 1068 1245 1102 συνάγει
1273 1069 1335 1099 τοὺς
1363 1068 1446 1095 πάλαι
1469 1069 1591 1105 ἐχθροὺς,
1620 1070 1690 1105 λέγω
1713 1070 1745 1106 δὴ
1762 1070 1864 1106 Σύρους
1874 1072 1921 1097 καὶ

1132 1114 1299 1148 Αἰγυπτίους
1312 1115 1359 1141 καὶ
1379 1115 1424 1141 τὸν
1444 1116 1565 1151 Ἰσραὴλ,
1585 1117 1650 1151 μιᾶς
1671 1126 1700 1143 τε
1722 1116 1847 1151 εὐλογίας
1871 1117 1920 1152 τῆς

1133 1161 1207 1195 παρὰ
1224 1160 1291 1186 Θεοῦ
1306 1160 1443 1193 τεύξεσθαι
1461 1160 1559 1192 αὐτούς
1575 1169 1655 1196 φησι·
1673 1161 1711 1192 ὡς
1730 1161 1827 1197 μηκέτι
1850 1162 1921 1196 μέγα

1132 1207 1239 1242 φρονεῖν
1252 1207 1296 1232 τὸν
1313 1207 1432 1242 Ἰσραὴλ,
1445 1207 1511 1242 μηδὲ
1526 1207 1738 1242 κατεπαίρεσθαι
1749 1208 1802 1235 τῶν
1821 1209 1919 1239 ἄλλων,

1131 1253 1168 1284 ὡς
1184 1252 1262 1287 μόνον
1278 1252 1470 1288 ηὑλογημὲνον.
1481 1253 1528 1285 Τίς
1537 1251 1593 1283 οὖν.
1601 1254 1748 1289 ὀφθαλμοῖς
1761 1254 1831 1290 ὁρῶν
1839 1263 1919 1291 στρα-

1131 1297 1229 1324 τόπεδα
1253 1298 1395 1333 Ῥωμαϊκὰ
1407 1298 1499 1334 Σύρων
1511 1299 1614 1335 ἀνδρῶν
1635 1300 1704 1327 κατὰ
1716 1299 1835 1336 κεφαλῆς
1864 1300 1918 1327 τῶν

1130 1343 1285 1377 Αἰγυπτίων
1301 1345 1487 1379 ἐγκαθήμενα,
1510 1345 1674 1379 Αἰγυπτίους
1687 1354 1715 1372 τε
1728 1345 1834 1377 τούτοις
1859 1346 1918 1372 δου-

1130 1390 1266 1421 λεύοντας,
1287 1391 1337 1416 οὐκ
1359 1390 1391 1417 ἃν
1420 1391 1571 1426 ἐκπλαγείη
1599 1391 1649 1427 τὴν
1671 1391 1721 1426 τῆς
1751 1392 1917 1427 προφητείας

1131 1434 1317 1467 ἕκϐασιν;Τίς
1342 1436 1370 1462 δὲ
1398 1437 1427 1463 οὺ
1455 1437 1622 1472 θαυμάσεται
1650 1437 1721 1472 ὀρῶν
1752 1437 1917 1472 Δίγυπτίους

1130 1481 1214 1513 ἀδεῶς
1226 1481 1272 1507 ἐπὶ
1285 1482 1334 1517 τὴν
1352 1482 1444 1517 Σύρων
1459 1483 1642 1514 διαϐαίνοντας
1658 1483 1758 1519 χώραν,
1772 1483 1874 1519 Σύρους
1887 1493 1916 1511 τε

1129 1527 1274 1559 ἀκωλύτως
1289 1527 1477 1559 ἐπιϐαίνοντας
1497 1530 1553 1559 τοῖς
1574 1529 1741 1563 Αἰγυπτίοις,
1757 1529 1871 1566 δυνάμει
1886 1538 1916 1556 τε

1128 1573 1291 1608 ἀρχοντικῆς
1306 1574 1429 1606 ἐξουσίας
1454 1575 1737 1610 καταδεδουλωμένους
1749 1575 1863 1609 αὐτούς
1880 1576 1917 1602 Τὸ

1127 1619 1155 1645 δὲ
1170 1619 1296 1646 ἁπάντων
1321 1620 1534 1655 παραδοξότατον
1544 1640 1551 1652 ,
1564 1620 1665 1656 ταύτην
1679 1621 1763 1656 ῆρατο
1785 1621 1854 1648 κατὰ
1871 1622 1916 1649 τον

1127 1666 1206 1692 αὑτὸν
1230 1667 1325 1701 χρόνον
1342 1666 1416 1702 παρὰ
1433 1666 1528 1702 Σύροις
1550 1668 1596 1693 καὶ
1611 1669 1674 1703 παρ’
1691 1668 1848 1702 Αἰγυπτίοις
1869 1669 1916 1695 καὶ

1127 1713 1156 1737 ἐν
1174 1714 1206 1747 τῇ
1220 1714 1254 1747 γῇ
1269 1712 1316 1738 τοῦ
1339 1713 1445 1748 Ἰσραὴλ
1462 1713 1543 1744 λαοὺς
1567 1713 1675 1740 ἔσεσθαι
1701 1713 1740 1749 τῷ
1769 1713 1838 1749 Θεῷ,
1869 1720 1915 1741 καὶ

1128 1757 1237 1789 τούτους
1248 1758 1470 1793 ηύλογημένουςο
1490 1759 1527 1790 ὡς
1555 1760 1622 1795 μηδὲ
1650 1760 1750 1795 μηκέτι
1776 1760 1915 1796 διαφέρειν

284 1802 328 1827 τὸν
350 1802 456 1837 Ἰσραὴλ
470 1802 516 1829 τοῦ
538 1803 696 1837 Αἰγυπτίου,
717 1803 786 1838 μήτε
809 1803 855 1829 τοῦ
877 1803 973 1839 Σύρου,
1001 1804 1067 1839 μηδὲ
1086 1805 1251 1831 διαλλάττειν
1283 1806 1357 1841 παρὰ
1382 1806 1441 1841 Θεῷ
1450 1806 1565 1842 κρείττω
1576 1807 1621 1833 τὸν
1632 1805 1717 1839 Σύρον
1729 1807 1777 1834 τοῦ
1794 1808 1911 1843 Ἰσραὴλ,

286 1848 351 1883 μηδὲ
381 1848 427 1874 τοῦ
443 1848 601 1882 Αἰγυπτίου,
634 1849 695 1884 μηδ’
712 1847 746 1876 αὖ
773 1849 854 1876 πάλιν
881 1849 926 1875 τὸν
945 1849 1102 1885 ιΑίγύπτιον
1123 1850 1297 1878 ἐλαττοῦσοαι
1325 1853 1399 1887 παρὰ
1429 1852 1489 1888 Θεῴ
1518 1853 1564 1880 τοῦ
1600 1853 1706 1889 Ἰσραὴλ
1728 1854 1745 1889 ἦ
1779 1854 1826 1881 τοῦ
1861 1856 1912 1882 Σύ-

317 1903 342 1921 υ.

317 1903 342 1921 υ.

284 1903 402 1968 poVitis.
422 1940 470 1968 24.
493 1950 503 1967 ι
516 1942 546 1968 1η
565 1941 610 1969 die
636 1942 681 1969 illa
705 1942 759 1970 erit
776 1942 858 1970 Israel
876 1942 972 1971 tertius
998 1943 1070 1970 inter

284 1985 436 2021 Egyptios,
461 1991 487 2013 et
507 1987 577 2014 inter
599 1987 726 2023 Assyrios
755 1989 914 2016 benedictus
933 1988 959 2015 in
984 1992 1068 2021 terra,

282 2037 366 2064 quam
383 2030 522 2058 benedixit
540 2031 670 2059 Dominus
685 2031 814 2064 Sabaoth,
830 2034 875 2068 qui
890 2033 966 2066 dicit,
985 2033 1069 2061 Bene-

285 2075 375 2104 dictus
389 2075 505 2111 populus
518 2084 606 2111 meus,
615 2078 663 2112 qui
682 2084 724 2106 est
736 2079 763 2106 in
771 2079 936 2115 Egypto,et
947 2080 974 2107 in
983 2081 1068 2116 Assy-

283 2121 345 2154 riis,
367 2126 395 2149 et
414 2122 559 2150 haereditas
583 2131 643 2151 mea
668 2123 763 2151 Israel.
778 2134 787 2151 ι
817 2125 895 2158 Quod
908 2126 932 2153 si
948 2125 1065 2159 dicatur,

283 2168 392 2197 tertium
404 2168 487 2197 Israel
503 2169 576 2197 inter
589 2169 734 2207 Egyptios
751 2176 778 2198 et
800 2171 928 2207 Assyrios
943 2171 1064 2200 futurum

1159 1951 1168 1968 ι
1181 1942 1220 1977 Τῇ
1233 1940 1325 1977 ἡμέρᾳ
1341 1940 1433 1977 ἐκείνῃ
1442 1939 1519 1967 ἔσται
1538 1939 1646 1975 Ἰσραὴλ
1657 1939 1748 1976 τρίτος
1760 1940 1789 1967 ἐν
1798 1941 1854 1973 τοῖς
1870 1941 1912 1967 Δί-

1119 1988 1254 2024 γυπτίοις,
1279 1987 1326 2012 καὶ
1337 1987 1367 2012 ὲν
1388 1987 1444 2017 τοῖς
1462 1986 1615 2021 ’Δσσυρίοις
1629 1985 1814 2021 ηὑλογημένος
1835 1987 1866 2015 ὲν
1879 1987 1912 2021 τῇ

1118 2036 1166 2071 γῇ,
1181 2034 1214 2070 ἢν
1228 2033 1363 2068 ηὑλόγησε
1379 2031 1482 2068 Κύριος
1506 2030 1619 2059 Σαϐαὼθ
1643 2033 1658 2059 6
1671 2031 1757 2066 λέγων
1767 2040 1774 2047 ·
1791 2032 1912 2067 Εὐλογη-

1120 2081 1199 2116 μένος
1210 2080 1225 2106 ὀ
1239 2079 1302 2111 λαός
1318 2087 1368 2114 μου
1387 2079 1402 2104 6
1414 2079 1443 2105 ὲν
1454 2077 1593 2114 Αἰγύπτῳ,
1610 2078 1657 2104 καὶ
1670 2079 1685 2104 6
1696 2079 1726 2105 tv
1745 2078 1908 2114 Ἀσσυρίοις,

1117 2126 1165 2153 καὶ
1179 2127 1195 2161 ἡ
1209 2124 1374 2161 κληρονομία
1391 2133 1442 2160 μου
1458 2124 1574 2160 Ἰσραήλ.
1587 2133 1596 2149 ι
1615 2124 1678 2151 Ἐὰν
1688 2123 1716 2151 δὲ
1732 2123 1844 2160 λέγηται
1857 2124 1911 2160 τρί-

1118 2180 1164 2203 τος
1183 2170 1290 2206 Ἰσραὴλ
1312 2171 1341 2197 ὲν
1365 2171 1420 2202 τοῖς
1441 2169 1601 2204 Αἰγυπτίοις
1617 2169 1665 2196 καὶ
1690 2170 1719 2196 ὲν
1733 2170 1791 2202 τοῖς
1812 2169 1907 2196 Ἀσσυ-

281 2221 352 2248 esse,
373 2214 545 2242 benedictum
568 2214 595 2242 in
622 2221 705 2249 terra,
721 2223 802 2251 quam
819 2216 960 2244 benedixit
977 2217 1068 2246 Domi-

1128 2217 1188 2248 βίοις
1201 2215 1320 2248 ἔσεσθαι,
1331 2215 1509 2251 εὐλογημένος
1525 2215 1554 2242 ὲν
1567 2216 1601 2251 τῇ
1616 2216 1650 2251 τῇ
1664 2215 1698 2251 ῆν
1710 2214 1839 2250 εὐλόγησε
1850 2214 1907 2242 Κύ-

282 2268 334 2287 nus
357 2259 535 2294 exercituum,
549 2267 584 2288 ne
603 2260 685 2288 aliam
698 2265 824 2296 putemus
841 2269 901 2289 esse
918 2266 1019 2289 terram
1033 2263 1067 2290 ab

1128 2270 1176 2294 πος
1190 2260 1314 2293 Σαϐαὼθ,
1332 2261 1369 2297 μὴ
1380 2261 1475 2296 ἑτέραν
1488 2260 1641 2296 νομίζωμεν
1656 2258 1725 2287 εἶναι
1735 2261 1785 2296 τὴν
1798 2260 1850 2296 γῆν
1859 2260 1908 2296 τῆς

280 2305 404 2333 Ecclesia
432 2305 491 2333 Dei.
515 2304 569 2333 Per
595 2306 680 2334 Israel
702 2311 793 2333 autem
819 2305 933 2341 intelligi
962 2311 1065 2342 potest,

1128 2307 1288 2343 Έκκλησίας
1305 2306 1351 2334 τοῦ
1369 2306 1447 2334 Θεοῦ.
1482 2306 1588 2342 Ἰσραὴλ
1603 2307 1631 2333 δὲ
1651 2306 1769 2333 νοεῖσθαι
1793 2305 1907 2334 δύναται

279 2353 382 2380 chorus
396 2352 486 2380 omnis
501 2357 659 2381 sanctorum
675 2352 919 2389 religiosorumque
931 2353 1063 2385 virorum,

1128 2354 1167 2381 ιαὶ
1177 2354 1231 2386 πᾶς
1244 2355 1258 2380 6
1281 2353 1360 2389 χορὸς
1375 2352 1429 2379 τῶν
1443 2352 1528 2387 ἁγίων
1550 2352 1597 2379 καὶ
1612 2351 1742 2387 θεοφιλῶν
1755 2351 1861 2388 ἀνδρῶν
1874 2353 1906 2379 ὲκ

279 2399 327 2434 qui
342 2406 376 2427 ex
391 2398 503 2427 Iudaica
514 2404 596 2435 gente
609 2399 731 2428 defuncti
746 2404 818 2427 sunt.
840 2399 1012 2435 Quapropter
1021 2400 1065 2428 di-

1128 2400 1162 2427 τοῦ
1180 2399 1313 2427 Ἰουδαίων
1328 2399 1421 2431 ἔθνους
1434 2398 1686 2434 προεξεληλυθότων
1706 2397 1754 2425 τοῦ
1775 2398 1843 2434 βίου.
1861 2398 1905 2425 Διὺ

279 2446 360 2478 citur,
385 2455 394 2472 ι
409 2446 442 2473 Et
457 2446 602 2474 haereditas
620 2454 680 2474 mea
699 2445 795 2474 Israel.
811 2446 878 2474 Nam
893 2446 1003 2481 quando
1024 2447 1065 2474 di-

1128 2445 1240 2472 .έλεκται
1250 2453 1256 2460 ⁸
1275 2454 1285 2470 ι
1297 2445 1351 2471 Καὶ
1361 2445 1378 2480 ἠ
1391 2443 1557 2480 κληρονομία
1570 2452 1620 2479 μου
1640 2443 1760 2479 Ἰσραήλ.
1777 2444 1842 2471 Ὅτε
1851 2443 1905 2479 γὰρ

278 2492 390 2519 videbat
402 2492 563 2521 Altissimus
581 2497 691 2528 gentes,
715 2492 787 2520 facta
804 2497 847 2520 est
873 2500 936 2528 pars
957 2493 1065 2521 Domini

1128 2490 1267 2527 ἰιεμέριζεν
1281 2491 1295 2517 6
1313 2490 1442 2525 Ὕψιστος
1465 2488 1539 2525 ἔθνη,
1557 2489 1672 2525 ἐγενήθη
1697 2497 1776 2525 μερις
1800 2489 1904 2525 Κυρίου

278 2536 393 2571 populus
408 2536 467 2570 ejus
488 2536 585 2569 Iacob,
608 2536 747 2565 funiculus
762 2537 931 2564 hmreditatis
947 2537 1007 2571 ejus
1025 2537 1065 2565 Is-

277 2582 334 2609 rael
346 2583 384 2609 ³.»
399 2582 474 2610 Nunc
485 2587 576 2610 autem
590 2582 711 2618 [Egyptii
729 2583 843 2618 populus
858 2584 928 2618 ejus,
943 2587 970 2610 et
981 2590 1063 2617 popu-

279 2627 320 2654 Ius
336 2627 394 2663 ejus
409 2627 579 2661 benedictus,
597 2633 747 2661 vocantur;
763 2632 790 2655 et
802 2627 908 2663 Assyrii
923 2627 1060 2654 similiter.

277 2672 343 2700 Illud
356 2679 456 2706 autem,
481 2672 530 2700 «In
556 2678 641 2707 terra,
672 2681 752 2708 quam
780 2672 920 2701 benedixit
932 2672 1063 2701 Dominus

279 2717 409 2751 Sabaoth,
430 2729 439 2745 ι
460 2719 494 2746 ad
516 2719 656 2747 caelestem
673 2725 780 2754 quoque
799 2722 900 2746 terram
916 2717 1061 2749 referatur,

277 2764 310 2790 de
329 2771 381 2798 qua
399 2765 465 2792 dicit
479 2765 616 2801 Salvator,
639 2775 648 2792 ι
667 2765 743 2793 Beati
761 2765 850 2799 mites,
860 2763 989 2799 quoniam
1009 2763 1060 2798 ipsi

312 2872 322 2886 ’
338 2871 413 2898 Deut.
430 2880 517 2905 xxxn,
533 2873 559 2898 8.

1116 2537 1180 2569 λαδς
1206 2535 1289 2564 αὑτοῦ
1320 2535 1427 2569 Ἰακὼϐ,
1453 2535 1595 2570 σχοίνισμα
1619 2534 1799 2570 κληρονομίας
1823 2533 1904 2561 αὐτοῦ

1121 2581 1239 2617 Ἰσραήλ.
1255 2590 1264 2607 ι
1279 2580 1337 2607 Νῦν
1350 2581 1379 2607 δὲ
1393 2580 1439 2607 καὶ
1449 2580 1592 2616 Αἰγύπτιοι
1609 2580 1673 2611 λαὸς
1687 2580 1769 2607 αὑτοῦ
1785 2580 1903 2616 εἴρηται,

1115 2627 1163 2653 καὶ
1178 2627 1242 2659 λαὸς
1258 2625 1340 2653 αὐτοῦ
1359 2626 1549 2661 εὐλογημένος,
1573 2626 1621 2652 καὶ
1638 2625 1773 2661 Ἀσσύριοι
1793 2625 1903 2661 ὁμοίως.

1115 2672 1152 2698 Τδ
1163 2672 1202 2705 δὲ,
1220 2681 1229 2698 ι
1239 2672 1284 2699 Ἐν
1298 2673 1332 2708 τῇ
1349 2673 1384 2707 γῇ
1398 2672 1433 2707 ἢν
1447 2672 1582 2707 ηὐλόγησε
1595 2672 1697 2707 Κύριος
1714 2671 1837 2704 Σαϐαὼθ,
1850 2681 1859 2698 ι
1874 2672 1903 2698 ἔ-

1114 2727 1157 2753 χοι
1169 2718 1202 2745 ἂν
1213 2718 1262 2754 τὴν
1279 2718 1418 2753 ἀναφορὰν
1438 2718 1485 2745 καὶ¹
1510 2718 1556 2745 ἐπὶ
1572 2718 1621 2754 τὴν
1644 2718 1813 2754 ἐπουράνιον,
1839 2719 1902 2753 περὶ

1113 2762 1148 2801 ἧς
1163 2773 1244 2800 φησιν
1257 2765 1272 2791 6
1287 2765 1397 2800 Σωτήρ·
1415 2774 1424 2790 ι
1435 2764 1573 2801 Μακάριοι
1601 2765 1625 2791 οι
1642 2765 1750 2801 πραεῖς,
1763 2764 1805 2791 ὅτι
1824 2763 1903 2790 αὐτοὶ
