2044 3215
167 173 219 201 257

645 168 899 198 COMMENTARIA
919 169 955 197 IN
975 169 1104 198 lSAlAM.
1123 185 1158 189 —
1175 169 1251 198 CAP.
1272 169 1333 199 XX.

1743 174 1797 202 S58

166 227 400 266 κληρονομήσουσι
427 232 476 263 τήν
503 226 571 262 γῆν·
587 237 596 253 ι
612 226 676 254 ἔνθα
693 227 740 254 καὶ
754 228 771 262 ή
797 227 958 263 ἐπουράνιος

1014 228 1186 262 possidebunt
1200 232 1300 256 terram
1312 229 1334 261 ³,
1353 238 1362 255 ι
1380 229 1426 257 ubi
1445 234 1474 257 et
1494 230 1614 259 caelestis
1630 231 1796 265 Jerusalem,

170 274 358 310 Ἰερουσαλὴμ,
372 274 420 301 καὶ
433 273 464 300 τὸ
478 272 548 302 Σιὼν
559 273 622 310 ὅρος
638 274 798 309 ἐπουράνιον
807 273 889 300 Θεοῦ,

426 318 624 347 ΚΕΦΑΛΑΙΟΝ
650 319 693 345 Κ¹.

202 376 212 392 ι
222 365 276 393 Τοῦ
289 366 368 398 ἔτους
383 361 413 392 οὗ
430 365 538 401 εἰσῆλθε
554 364 679 392 Ταναθὰν
697 366 737 397 είς
755 364 886 397 Ἀζωτον,
899 365 958 400 ἡνί-

166 421 201 440 κα
217 412 359 447 ἀπεστάλη
386 411 438 439 ὑπὸ
459 411 541 448 Ἀρνὰ
570 411 702 446 βασιλέως
723 411 884 446 Ἀσσυρίων,
911 411 958 438 καὶ

165 459 319 495 ἐπολέμησε
332 457 383 494 τήν
394 458 525 490 Ἄζωτον,
540 458 587 485 καὶ
600 457 764 485 κατελάϐετο
775 458 861 493 αὑτήν
874 466 880 472 ·
896 457 957 484 τότε

166 504 282 541 smnus
299 505 400 539 Κύριος
425 504 494 539 πρὸς
511 504 625 531 Ἡσαΐαν
643 503 730 537 λέγων
742 511 749 518 ·
765 503 896 539 Πορεύου,
911 504 959 531 καὶ

165 550 249 585 ἄφελε
259 549 305 577 τὸν
319 550 420 576 σάκκον
434 549 487 576 ἀπὸ
502 549 552 584 τῆς
563 548 662 583 ὀσφύος
679 556 736 575 σου.
751 557 760 575 ι
774 548 919 584 Θαυμάσαι
931 549 959 576 δὲ

166 595 224 623 ἐστι
235 595 282 622 τὸν
296 594 464 630 προφητικὸν
484 593 551 629 βίον,
566 594 595 621 ὃν
609 596 625 621 ὁ
643 594 693 630 μὲν
714 594 874 627 Ἀπόστολος
888 604 960 631 παρ-

165 642 278 678 έστησεν
299 640 395 673 εἰπὼν,
411 650 421 666 (
442 640 590 676 Περιῆλθον
601 641 630 667 ὲν
642 640 788 676 μηλωταῖς,
802 642 831 668 ὲν
845 641 960 676 αἰγείοις

164 688 307 724 δέρμασιν,
317 687 521 723 ὑστερούμενοι,
536 686 919 722 θ).ιεόμενοι,κακουχούμενοι
928 695 934 702 ·
947 697 957 713 ›

165 736 183 771 ή
195 735 224 762 δὲ
234 733 358 771 παροῦσα
372 733 468 770 Γραφὴ
481 733 521 760 ἐνὶ
534 733 662 769 ὲνδύματι
677 734 771 770 σάκκῳ
785 734 830 761 τὸν
847 734 961 761 Ἡσαΐαν

166 781 337 818 κεχρημένον
347 781 462 815 εἰσάγει,
482 779 631 807 πενθοῦντα
639 780 740 816 δηλαδὴ
755 781 803 808 καὶ
815 780 960 808 ἁποκλαιό-

166 836 246 864 μενον
263 827 326 858 τοὺς
341 825 385 853 διὰ
402 825 451 858 τὰς
473 825 576 858 οἰκείας
589 825 716 858 ἀσεϐείας
737 826 846 862 μακρὰν
861 826 962 853 ἀποπί-

165 882 280 905 πτοντας
292 873 339 899 τοῦ
354 871 433 899 Θεοῦ.

202 929 212 946 ι
227 920 282 946 Καὶ
292 919 330 946 τὰ
360 918 491 946 σανδάλιά
507 927 555 945 σου
575 918 708 946 ὑπόλυσαι
726 918 781 946 ἀπὸ
791 918 846 946 τῶν
873 917 961 946 ποδῶν

166 973 224 992 σου.
251 965 308 992 Καὶ
323 965 452 1000 ἐποίησεν
472 963 569 997 οὕτως,
598 963 781 1000 πορευόμενος
796 963 899 1000 γυμνδς
915 964 962 991 καὶ

166 1011 338 1044 ἀνυπόδετος.
356 1011 412 1039 Καὶ
427 1009 489 1039 εἶπε
500 1010 618 1046 Κύριος,
634 1010 664 1037 ὃν
677 1010 778 1046 τρόπον
795 1010 961 1046 πεπόρευται

172 1057 287 1089 Ἦσαῖας
299 1058 313 1084 ό
328 1058 394 1089 παῖς
411 1066 462 1093 μου
475 1057 578 1093 γυμνὸς
592 1056 639 1084 καὶ
651 1056 814 1088 ἀνυπόδετος
823 1056 886 1092 τρία
902 1056 960 1092 ἐτη,

169 1103 232 1139 τρία
245 1103 378 1139 ἐτηέσται
392 1105 432 1135 εἰς
447 1104 548 1139 σημεῖα
561 1103 608 1130 καὶ
622 1102 723 1138 τέρατα
738 1104 794 1134 τοῖς
804 1103 963 1136 Αἰγυπτίοις

170 1150 217 1176 καὶ
229 1149 359 1184 Αἰθίοψιν.
375 1159 384 1175 ι
400 1149 437 1176 Τὸ
449 1149 478 1176 δὲ
493 1149 673 1176 κελευσθέντα
682 1148 784 1184 γυμνὸν
796 1148 903 1183 βαδίσαι
916 1149 963 1176 καὶ

171 1196 208 1232 μὴ
222 1195 364 1231 μελλῆσαι,
374 1196 478 1232 πρᾶξαι
492 1196 523 1223 δὲ
537 1195 616 1222 τοῦτο
628 1195 798 1231 παραχρῆμα
810 1196 854 1222 ἐπ’
864 1195 963 1230 assas-

169 1241 227 1277 μῶν
255 1241 311 1268 τῶν
336 1241 479 1277 παρόντων
502 1239 586 1276 αὐτῷ,
606 1240 738 1275 μεγίστης
765 1240 887 1275 ὑπακοῆς
916 1240 963 1266 καὶ

168 1287 321 1324 προθυμίας
336 1288 389 1322 τῆς
401 1287 473 1323 πρὸς
489 1287 534 1314 τὸν
550 1287 615 1314 Θεὸν
631 1286 728 1322 δεῖγμα
743 1286 857 1320 γένοιτο.
876 1295 964 1322 παραρ

168 1334 307 1370 στήματός
331 1342 362 1361 τε
379 1334 427 1360 καὶ
439 1333 613 1369 φρονήματος
627 1332 793 1370 ἐπῃρμένου,
811 1333 902 1360 πᾶσαν
915 1332 964 1369 τὴν

168 1381 233 1415 παρ’
251 1378 406 1415 ἀνθρώποις
419 1379 499 1412 δόξαν
524 1380 552 1406 ἐν
564 1379 652 1406 οὐδενὶ
664 1379 816 1414 τιθεμένου.
827 1378 921 1406 Ταῦτα
936 1379 964 1406 δὲ

168 1424 324 1461 πράξαντος
339 1424 385 1452 τοῦ
399 1425 552 1460 προφήτου,
568 1424 603 1451 τὰ
616 1425 697 1459 ὅμοια
709 1423 849 1450 πείσεσθαι
867 1423 905 1459 τῷ
916 1422 963 1450 τοῦ

169 1471 310 1508 προφήτου
328 1471 448 1506 σχήματι
464 1471 466 1473 ’
480 1471 543 1502 τοὺς
571 1470 736 1504 Αἰγυπτίους
762 1469 964 1506 πολεμηῠέντας

170 1518 223 1544 ὑπὸ
244 1517 393 1553 Ἀσσυρίων
413 1517 494 1553 φησὶν
509 1517 522 1543 ό
539 1516 615 1549 Θεὸς,
631 1516 751 1552 γυμνοὺς
768 1516 816 1544 καὶ
835 1515 964 1542 ἀνυποδέ-

168 1572 232 1595 τους
242 1563 457 1599 ἀΜχθὴσεσοαι,
473 1563 503 1589 οὐ
516 1562 621 1598 μόνους,
637 1562 705 1589 ἀλλὰ
718 1562 764 1588 καὶ
776 1562 840 1593 τοὺς
853 1562 964 1589 ἐπικου-

172 1610 268 1645 ρήσειν
282 1609 329 1635 καὶ
357 1608 548 1644 συμμαχήσειν
575 1607 666 1639 αὐτοῖς
680 1606 856 1638 ὲλπισθέντας
871 1607 962 1634 Αἰθίο-

171 1662 236 1687 πας.
253 1654 298 1689 Τῷ
323 1653 376 1690 γὰρ
401 1653 499 1689 πλήθει
515 1652 569 1680 τῶν
594 1653 731 1680 Αἰθιόπων
752 1653 800 1680 καὶ
814 1653 848 1688 τῇ
862 1652 962 1680 τούτων

169 1702 254 1738 χειρὶ,
269 1700 373 1736 μεγάλα
389 1702 448 1727 κατ’
464 1701 552 1727 ἐκεῖνο
579 1699 674 1736 καιροῦ
702 1699 867 1735 δυναμένων,
896 1699 963 1735 θαρ-

171 1748 282 1784 ροῦντες
307 1748 331 1774 οἰ
358 1747 511 1781 Αἰγύπτιοι,
536 1745 777 1782 καταφρονητικῶς
792 1745 894 1781 εἴχοντο
910 1745 964 1773 τῶν

177 1794 342 1829 Ἀσσυρίων·
358 1792 415 1820 ἀλλ’
431 1793 445 1820 ὁ
466 1792 532 1824 Θεὸς
547 1792 577 1819 τὸ
594 1791 688 1828 μέλλον
703 1792 847 1828 προφαίνει
866 1791 962 1826 λέγων,

175 1840 244 1866 (“LW
261 1838 363 1873 τρόπον
376 1837 541 1873 πεπόρευται
557 1838 570 1864 ό
591 1838 656 1869 παῖς
668 1846 718 1873 μου
739 1837 852 1869 Ἡσαΐας
862 1837 964 1872 γυμνὸς

175 1884 223 1912 καὶ
239 1883 410 1916 ἀνυπόδετος,
427 1892 436 1908 ι
453 1883 547 1910 καὶτὰ
560 1882 633 1918 ἑξῆς.

212 1928 388 1959 (Ὃτιοῦτως
403 1928 461 1960 ἄξει
485 1928 610 1963 βασιλεὺς
631 1929 780 1964 Ἀσσυρίων
802 1929 852 1964 τὴν
864 1930 965 1964 αἰχμα-

172 1976 273 2004 λωσίαν
288 1974 426 2009 Αἰγύπτου
439 1974 487 2001 καὶ
501 1973 647 2006 Αἰθιόπων,
662 1974 818 2006 νεανίσκους
835 1975 881 2001 καὶ
897 1984 964 2010 πρε-

172 2022 274 2054 σϐύτας
290 2022 410 2057 γυμνοὺς
425 2021 472 2048 καὶ
484 2020 674 2052 ἀνυποδέτους,
690 2020 964 2056 ἀνακεκαλυμμένους

172 2068 222 2104 τὴν
231 2067 363 2103 αἰσχύνην
376 2067 526 2101 Αίγύπτου.
539 2076 548 2092 ι
564 2066 638 2099 Δόξει
654 2065 687 2093 τὰ
710 2066 876 2101 προκείμενα
888 2067 964 2093 ἐναν-

173 2114 218 2141 τία
232 2112 301 2140 εἶναι
315 2115 370 2144 τοῖς
387 2113 488 2149 ἀρτίως
513 2112 679 2147 εἰρημένοις,
702 2112 735 2138 δι’
747 2108 784 2139 ὧν
799 2111 907 2138 ἔσεσθαι
920 2112 966 2138 ΑΞ-

174 2159 296 2194 γυπτίων
313 2159 360 2185 καὶ
388 2157 538 2192 Ἀσσυρίων
550 2154 692 2192 ἓπιμιξίαν
708 2156 817 2192 εἴρηκεν
833 2158 848 2183 ὁ
866 2157 944 2190 λόγος
957 2165 962 2171 ·

173 2205 221 2231 νῦν
236 2205 264 2231 δὲ
281 2205 326 2231 τὸν
342 2203 453 2238 βασιλέα
477 2203 533 2230 τῶν
552 2202 700 2238 Ἀσσυρίων
717 2201 904 2237 αἰχμαλώτους
917 2202 965 2237 λή-

1007 280 1035 301 et
1048 274 1113 302 Sion
1129 281 1206 302 mons
1218 275 1340 302 ecolestis
1350 275 1400 303 Dei
1413 280 1466 303 est.

1304 320 1420 349 CAPUT
1438 321 1498 350 XX.

1044 366 1127 394 Vens.
1143 366 1169 398 ἰ,
1183 366 1211 395 2.
1231 375 1240 392 ι
1263 365 1290 393 lu
1309 374 1380 394 anno
1403 374 1458 402 quo
1477 368 1618 403 ingressus
1643 373 1686 396 est
1708 368 1798 395 Tann-
1834 376 1837 380 ·

1010 411 1073 439 than
1089 413 1215 442 Azotum.
1232 419 1293 439 cum
1308 412 1407 441 missus
1423 418 1466 441 est
1481 413 1516 441 ab
1532 414 1605 441 Arna
1633 422 1697 450 rege
1713 415 1797 450 Assy-

1009 458 1123 490 riorum,
1137 461 1165 484 et
1180 459 1345 493 oppugnavit
1356 459 1484 491 Azolum.
1502 464 1529 487 et
1543 460 1616 495 cepit
1635 467 1715 488 eam:
1734 464 1798 488 tunc

1009 502 1117 530 locutus
1139 507 1182 530 est
1206 503 1338 530 Dominus
1361 505 1394 531 ad
1416 504 1513 533 Isaiam
1530 505 1638 538 dicens,
1664 505 1751 538 Vade,
1770 512 1798 534 et

1009 547 1087 575 aufer
1116 555 1225 577 saccum
1239 557 1254 576 a
1271 548 1370 577 lumbis
1389 550 1452 578 luis.
1467 560 1479 576 ι)
1502 550 1595 578 Mirari
1618 552 1691 580 subit
1731 560 1796 588 pro-

1010 594 1145 629 pheticum
1174 595 1277 625 vitam,
1303 603 1385 630 quam
1410 596 1560 631 Apostolus
1582 597 1731 626 declaravit
1754 598 1798 627 his

1010 640 1112 673 verbis,
1133 650 1143 666 ι
1155 639 1328 668 Circuierunt
1343 641 1368 668 in
1385 642 1493 669 melotis
1508 647 1535 670 et
1557 643 1584 670 in
1602 644 1721 678 caprinis
1741 645 1799 680 pel-

1010 683 1093 717 libus,
1117 690 1239 721 egentes,
1262 685 1424 720 angustiati.
1451 686 1545 715 afﬂicti
1571 688 1592 715 ⁸.
1607 698 1620 714 ο
1646 688 1709 716 Haec
1728 697 1797 718 vero

1011 727 1152 764 Scriptura
1181 730 1279 758 Isaiam
1316 738 1371 758 uno
1398 732 1527 759 vestitum
1568 740 1648 762 sacco
1676 735 1797 764 inducit:

1010 773 1146 808 lugentem
1161 774 1279 807 scilicet,
1302 780 1330 803 et
1346 775 1564 811 illacrymantem
1598 785 1680 813 super
1699 780 1733 808 iis
1751 780 1799 816 qui

1011 820 1046 849 ob
1063 820 1219 856 impietates
1234 827 1298 850 suas
1309 821 1405 857 procul
1418 822 1580 851 exciderant
1594 831 1610 851 a
1628 824 1692 853 Deo.

975 904 998 933 Β
1048 910 1130 940 Vens.
1144 912 1172 940 5.
1193 921 1203 938 ι
1218 911 1251 940 Et
1266 912 1452 941 calceamenta
1468 918 1514 942 tua
1538 914 1614 943 solve
1629 915 1663 945 de
1684 917 1799 951 pedibus

1013 958 1077 984 tuis.
1097 957 1130 985 Et
1145 957 1210 985 fecit
1231 959 1281 992 ita,
1301 959 1444 988 ambulans
1456 960 1545 989 nudus
1559 965 1587 989 et
1603 961 1799 991 .discalceatus.

1012 1001 1046 1030 Et
1060 1003 1130 1030 dixit
1143 1003 1284 1037 Dominus,
1297 1006 1526 1040 quemadmodum
1540 1008 1691 1037 ambulavit
1704 1016 1801 1038 servus

1013 1055 1090 1076 meus
1121 1048 1204 1076 Isaias
1220 1050 1309 1078 nudus
1333 1055 1361 1078 et
1374 1051 1552 1080 discalceatus
1567 1059 1623 1081 tres
1635 1061 1733 1088 annos,
1743 1060 1801 1084 tres

1013 1095 1076 1132 anni
1090 1101 1170 1122 erunt
1184 1095 1210 1122 in
1226 1097 1303 1132 signa
1318 1102 1346 1124 et
1363 1098 1485 1133 prodigia
1500 1098 1637 1135 [Egyptiis
1654 1105 1681 1128 et
1693 1100 1802 1129 IEthio-

1013 1141 1102 1176 pihus.
1119 1150 1130 1168 ι
1159 1141 1235 1175 Quod
1262 1141 1393 1177 iubeatur
1415 1144 1503 1172 nudus
1527 1145 1654 1174 incedere
1678 1151 1706 1175 et
1731 1147 1801 1175 nihil

1013 1187 1148 1221 cunctari,
1165 1188 1246 1222 idque
1270 1189 1416 1218 confestim
1437 1197 1518 1226 agere
1541 1192 1569 1218 in
1592 1191 1680 1220 oculis
1702 1197 1800 1220 astan-

1015 1233 1092 1266 tium,
1121 1233 1247 1261 maximae
1275 1242 1341 1263 sane
1367 1236 1555 1270 obsequentia:
1580 1245 1644 1272 erga
1664 1237 1748 1266 Deum
1769 1243 1802 1266 et

1013 1279 1271 1314 alaeritatis,parati
1286 1280 1351 1308 item
1364 1281 1544 1317 sublimisque
1559 1282 1644 1310 animi
1656 1290 1802 1319 argumen-

1015 1329 1070 1353 tum
1087 1325 1182 1359 fuerit,
1195 1326 1241 1361 qui
1257 1327 1404 1355 humanam
1423 1328 1538 1363 gloriam
1552 1336 1585 1356 ne
1601 1328 1676 1356 [locci
1691 1330 1800 1364 quidem

1014 1370 1107 1399 faciat.
1123 1371 1187 1400 llaec
1207 1378 1298 1400 autem
1325 1378 1423 1409 agente
1448 1374 1591 1409 propheta.
1608 1375 1641 1403 iis
1661 1383 1721 1410 quae
1734 1384 1801 1411 pro-

1014 1417 1096 1452 pheta
1122 1419 1349 1454 reprzesentabal,
1371 1420 1470 1447 similia
1500 1428 1629 1456 passuros
1656 1422 1802 1459 Egyptios

1014 1463 1050 1490 ab
1064 1463 1185 1499 Assyriis
1200 1463 1349 1492 debellatos
1368 1465 1494 1500 prmdicit
1512 1466 1598 1500 Deus;
1623 1468 1712 1497 nudos
1725 1469 1802 1497 vide-

1014 1508 1077 1536 licet
1090 1514 1118 1536 et
1133 1509 1312 1538 discalceatos
1335 1511 1481 1539 abductum
1498 1512 1549 1545 iri;
1568 1521 1656 1548 neque
1670 1514 1731 1542 illos
1745 1520 1802 1543 tau-

1016 1559 1083 1589 tum,
1109 1558 1155 1584 sed
1179 1557 1262 1585 etiam
1291 1557 1445 1593 Ethiopas,
1462 1566 1531 1593 quos
1550 1560 1591 1586 ad
1619 1560 1750 1588 auxilium
1771 1567 1800 1588 et

1015 1602 1202 1630 commilitium
1224 1609 1353 1631 venturos
1376 1610 1437 1631 esse
1460 1605 1635 1638 sperabatur.
1662 1605 1800 1642 Siquidem

1014 1648 1175 1684 Ethiopum
1191 1657 1224 1678 eo
1239 1655 1361 1685 tempore
1378 1652 1523 1679 admodum
1542 1652 1708 1687 potentium,
1732 1653 1789 1681 mul

1016 1695 1124 1723 titudini
1146 1701 1172 1724 et
1190 1698 1280 1724 manui
1304 1697 1418 1725 ﬁdentes
1443 1697 1577 1733 Egyptii,
1600 1699 1728 1732 Assyrios
1753 1700 1788 1727 de

1015 1742 1119 1776 spectui
1135 1742 1292 1770 habebant:
1307 1747 1333 1770 et
1344 1743 1416 1771 Deus
1435 1744 1555 1772 futurum
1572 1747 1737 1779 praenuntiat
1758 1747 1784 1773 di

1015 1795 1091 1822 cens,
1109 1797 1119 1813 ‹
1135 1787 1532 1821 Quemadmodumambulavit
1559 1798 1654 1818 servus
1680 1798 1757 1819 meus
1780 1792 1803 1818 l-

1015 1835 1087 1861 saiss
1104 1835 1192 1862 nudus
1204 1841 1232 1863 et
1245 1835 1432 1868 discalceatus,
1444 1845 1453 1862 ι
1467 1841 1495 1863 et
1514 1842 1623 1864 caetera.

1051 1925 1133 1954 Vens.
1154 1926 1180 1954 4.
1214 1935 1224 1952 ε
1241 1927 1374 1960 Quoniam
1400 1929 1440 1956 sic
1463 1933 1526 1963 aget
1550 1937 1597 1956 rex
1623 1929 1800 1964 Assyriorum

1016 1973 1200 2008 captivitatem
1214 1973 1326 2010 Egypti
1340 1974 1547 2010 etEthiopum,
1558 1975 1672 2010 juvenes
1683 1982 1710 2004 et
1724 1985 1803 2004 senes

1016 2018 1104 2045 nudos
1127 2023 1156 2045 et
1170 2019 1360 2053 discalceatos,
1383 2021 1570 2055 discoopertos
1592 2023 1695 2057 pudore
1718 2023 1802 2058 Egy-

1016 2065 1066 2098 pti.
1081 2073 1090 2090 ι
1108 2064 1172 2093 llaec
1201 2072 1274 2094 certe
1301 2067 1345 2100 iis,
1363 2075 1423 2101 qua:
1443 2069 1524 2101 paulo
1545 2073 1607 2096 ante
1631 2070 1700 2096 dicta
1726 2076 1800 2102 sunt,

1016 2112 1155 2139 contraria
1171 2113 1324 2146 videantur,
1347 2113 1425 2148 queis
1454 2114 1524 2141 inter
1543 2115 1685 2150 [Egyptios
1703 2120 1730 2143 et
1753 2116 1804 2142 As-

1018 2157 1108 2192 syrios
1125 2158 1344 2191 eonjunctionem
1357 2163 1385 2186 et
1396 2160 1592 2187 commercium
1618 2160 1674 2188 fore
1696 2161 1805 2191 diceba-

1021 2207 1083 2229 tur:
1100 2211 1171 2230 nunc
1185 2209 1276 2231 autem
1296 2205 1336 2232 ait
1352 2212 1441 2240 regem
1458 2205 1633 2241 Assyriorum
1646 2206 1762 2240 juvenes
1777 2211 1806 2233 et

172 2250 272 2286 ψεσθαί
285 2258 355 2286 φησι
364 2249 419 2276 τῶν
429 2248 584 2283 Αἰγυπτίων
597 2249 660 2280 τοὺς
675 2248 830 2279 νεανίσκους
845 2249 892 2275 καὶ
903 2249 963 2280 τοὺς

1019 2256 1099 2277 senes
1114 2249 1304 2286 Egyptiorum
1330 2252 1416 2280 nudos
1436 2257 1462 2280 et
1480 2251 1658 2280 discalceatos
1678 2250 1804 2285 captivos

175 2295 329 2332 upeaﬁti'rac
347 2295 467 2330 γυμνοὺς
485 2295 532 2321 καὶ
545 2294 733 2326 ἀνυποδέτους.
750 2294 887 2329 Εὑρεοείη
898 2294 920 2320 δ’
934 2293 966 2320 ἂν

173 2341 251 2373 λύσις
277 2341 325 2376 τῆς
338 2340 465 2376 ἀπορίας,
483 2340 508 2366 εἰ
532 2340 728 2376 ἐπιστήσαιμεν
751 2339 788 2375 τῷ
804 2340 897 2375 τρόπῳ
919 2339 967 2366 τοῦ

174 2386 343 2423 προφητικοῦ
360 2387 525 2421 πνευματος.
547 2387 591 2418 Ὠς
607 2386 662 2422 γὰρ
683 2387 716 2421 τῇ
738 2386 868 2421 Αἰγύπτῳ
881 2394 967 2422 προσ-

174 2434 251 2469 έσχε,
268 2436 367 2462 συνεῖδε
395 2436 444 2471 μὲν
457 2436 504 2462 καὶ
518 2434 552 2461 τὰ
569 2434 727 2469 παραυτίκα
740 2435 797 2465 τοῖς
809 2433 967 2468 Αἰγυπτίοις

172 2480 310 2516 μέλλοντα
317 2481 423 2508 ἔσεσθαι
438 2482 508 2509 κατὰ
524 2481 624 2516 τὸνλτοῦ
639 2482 778 2516 προφήτου
790 2480 895 2516 χρόνον,
911 2481 965 2506 ἀπ-

175 2527 276 2554 έϐλεπε
308 2527 337 2554 δὲ
352 2528 399 2554 καὶ
412 2528 459 2554 ἐπὶ
469 2528 504 2555 τὰ
521 2529 635 2564 μακροῖς
654 2526 766 2563 ὕστερον
779 2526 884 2562 χρόνοις
900 2527 968 2553 ἀπο-

175 2573 315 2610 ϐησόμενα
339 2573 446 2609 χρηστὰ
461 2573 524 2609 περὶ
539 2573 588 2608 τὴν
612 2573 666 2599 τῶν
682 2573 838 2607 Αἰγυπτίων
865 2572 965 2608 χώραν.

174 2612 242 2648 Εἶτα
270 2619 367 2655 πρῶτα
391 2620 497 2655 χρηστὰ
522 2619 652 2651 Θεσπίσας
664 2619 709 2646 διὰ
728 2619 785 2645 τῶν
801 2619 965 2656 ἔμπροσθεν,

173 2667 221 2693 ἐπὶ
236 2666 270 2693 τὰ
284 2666 453 2702 παραχρῆμα
467 2667 635 2701 γενησόμενα
657 2665 824 2701 μεταϐαίνει.
851 2665 968 2701 Δυπηρὰ

173 2713 202 2739 δὲ
219 2714 275 2744 τοῖς
288 2712 447 2747 Αἰγυπτίοις
460 2711 545 2738 ταῦτα
558 2709 591 2747 ἦν
601 2720 608 2727 ι
622 2711 640 2738 ἃ
653 2712 701 2738 καὶ
723 2711 774 2738 οὐκ
793 2712 832 2743 εἰς
847 2711 964 2748 ,μακρὰν

174 2758 326 2794 ἐπληροῦτο
341 2759 402 2785 κατ’
416 2757 515 2788 αὐτοὺς
529 2757 658 2791 ἐκείνους,
675 2758 736 2785 καθ’
748 2757 794 2790 οὓς
819 2759 833 2784 ὁ
859 2759 965 2794 προφή-

174 2813 225 2841 Ιτης
251 2805 412 2841 ἐγνωρίζετο
439 2804 560 2840 χρόνους.
591 2804 758 2838 Ἀναγκαίως
780 2804 810 2830 δὲ
835 2804 864 2831 τὸ
894 2804 967 2832 θεῖον

176 2908 187 2924 ³
205 2907 378 2944 Mntlhmud.
417 2907 432 2933 ⁴.
444 2907 528 2935 Hebr.
544 2914 581 2939 xt,
598 2905 645 2933 37.

1018 2295 1196 2324 abducturum
1208 2304 1280 2324 esse.
1295 2297 1377 2329 Cujus
1389 2303 1479 2326 tamen
1503 2297 1670 2325 ditiioultatis
1685 2296 1804 2324 solutio-

1018 2349 1079 2369 nem
1097 2342 1273 2376 reperiemus,
1291 2343 1312 2369 si
1333 2351 1436 2372 morem
1461 2345 1634 2372 attendamus
1652 2343 1804 2378 prophetici

1019 2389 1145 2422 spiritus.
1163 2388 1197 2415 Ut
1210 2389 1281 2416 enim
1301 2389 1419 2425 Egypto
1440 2390 1560 2417 animum
1583 2389 1742 2421 adhibebat,
1764 2388 1806 2415 vi-

1017 2435 1100 2461 debat
1126 2433 1284 2468 quidemea
1300 2442 1361 2469 qua:
1386 2442 1448 2462 mox
1473 2434 1610 2470 Egyptiis
1625 2434 1650 2461 in
1666 2433 1724 2468 ipso
1738 2441 1803 2468 pm-

1019 2481 1108 2514 pheta:
1125 2485 1256 2515 tempore,
1271 2486 1403 2509 eventura
1419 2485 1515 2513 erant;
1533 2479 1807 2514 itemqneprospicim

1020 2526 1067 2552 bat
1081 2526 1151 2553 bona
1170 2524 1214 2552 illa
1238 2533 1298 2559 qua:
1322 2527 1451 2553 diuturno
1466 2531 1528 2560 post
1544 2531 1665 2559 tempore
1680 2525 1706 2551 in
1721 2524 1803 2560 [Egy-

1020 2572 1137 2606 ptiorum
1153 2574 1264 2608 regione
1278 2573 1367 2599 futura
1380 2577 1469 2600 erant.
1488 2572 1555 2599 lliuc
1569 2579 1630 2598 eum
1645 2571 1720 2605 prius
1734 2570 1805 2598 bona

1022 2618 1183 2646 vaticinatus
1198 2625 1280 2650 esset,
1297 2619 1332 2645 ad
1353 2626 1384 2645 ea
1405 2625 1466 2652 qum
1489 2624 1550 2644 mox
1573 2621 1707 2644 eventura
1727 2622 1808 2643 erant

1020 2664 1179 2697 pertransit.
1201 2663 1263 2691 Hazc
1283 2671 1364 2698 porro
1387 2663 1524 2698 [Egyptiis
1547 2662 1647 2696 tristia,
1671 2669 1732 2697 qua
1757 2669 1807 2690 nec

1017 2709 1062 2736 diu
1076 2715 1171 2744 postea
1186 2710 1296 2744 impleta
1311 2714 1384 2742 sunt,
1400 2709 1495 2737 iisdem
1512 2708 1579 2743 ipsis
1597 2716 1652 2743 quo
1673 2708 1806 2743 propheta

1019 2756 1181 2790 conspicuus
1202 2761 1230 2783 et
1253 2761 1335 2784 notus
1355 2760 1415 2783 erat
1436 2756 1614 2790 temporibus.
1642 2753 1806 2782 Necessario

1019 2807 1108 2830 autem
1122 2802 1240 2837 Spiritus
1252 2802 1361 2830 divinus
1377 2801 1410 2829 de
1429 2801 1536 2829 Domini
1553 2801 1579 2829 in
1595 2800 1743 2837 [Egyptum
1757 2799 1806 2827 ad-
