2044 3215
252 163 316 196 ’23!)

613 146 751 196 EUSEBII
770 167 1008 195 C/ESARIENSIS
1025 166 1099 195 OPP.
1121 166 1212 194 PARS
1231 168 1276 195 Ill.
1298 183 1331 187 —
1351 167 1556 195 EXEGETICA.

1840 168 1894 195 9J0

260 231 352 259 ventu,
370 231 398 254 et
415 226 447 254 de
460 226 539 254 bonis
555 225 655 254 ibidem
672 227 697 254 in
717 226 860 262 Egyptios
873 226 1042 253 conlercndis

1100 226 1211 261 Πνεῦμα
1225 227 1274 262 τῆς
1291 227 1354 257 περὶ
1368 226 1414 252 τοῦ
1430 226 1533 262 Κυρίου
1550 226 1589 257 εἰς
1613 224 1749 260 Αἴγυπτον
1763 224 1893 259 ἀφίξεως.

260 274 436 305 vaticinatus,
451 281 481 300 ea
497 281 558 307 qua:
577 281 637 300 mox
654 273 733 300 finem
754 277 866 300 nactura
883 278 962 300 erant
982 273 1048 300 sub-

261 320 339 351 didit,
368 324 397 345 ut
420 326 434 344 a
462 319 636 353 lirmsentiutit
651 323 750 346 eventu
770 326 812 350 ea,
834 326 894 354 qua:
920 318 1048 346 diuturno

261 371 321 401 post
336 371 459 401 tempore
472 365 561 392 futura
582 365 826 398 erant,~credibilia
840 369 933 392 essent
950 365 984 392 iis
1001 365 1047 398 qui

261 416 326 438 tunc
339 411 557 446 propheticorum
570 417 724 437 sermonum
732 410 871 437 auditores
881 414 970 438 erant.
986 409 1048 438 Haec

260 464 325 491 ergo
338 464 398 492 qua:
409 455 464 491 jam
481 460 639 487 tractamus,
656 464 708 483 non
731 461 810 483 erant
835 460 899 483 ante
921 463 1048 491 praenun-

260 503 335 530 tiatis
346 502 500 530 contraria:
515 501 560 528 illa
576 502 677 536 quippe
691 509 740 536 pro
753 503 922 537 temporibus
938 502 966 528 in
985 509 1047 537 pro-

258 549 350 584 phetia
365 549 483 581 notatis;
504 548 562 576 haec
585 555 651 575 vero
668 555 718 583 pro
736 548 818 576 rebus
835 555 897 575 mox
921 549 1047 584 gerendis

260 595 429 623 cnuntiabat.

294 685 377 714 Vens.
394 685 421 712 5.
441 695 454 710 ί
468 684 499 711 Et
516 684 719 712 confundantur
733 685 853 720 superati
870 683 990 720 [Egyptii
1012 683 1047 711 ab

258 732 443 767 Aithiopibus,
463 732 490 758 in
504 731 602 765 quibus
617 731 790 759 conﬁdebant
811 731 949 767 Egyptii:
968 735 1046 759 erant

258 778 329 805 enim
350 777 416 813 ipsis
430 777 526 813 gloria.
539 786 550 804 ι
574 777 774 804 Erubescentes
795 777 902 805 scilicet
923 777 956 805 de
971 777 1004 805 iis
1019 777 1045 804 in

258 825 357 859 quibus
367 823 559 856 confidebant;
581 824 617 850 ita
635 829 665 851 ut
681 832 743 851 sese
763 823 813 859 ipsi
836 824 999 852 damnarent
1017 829 1046 852 et

258 874 413 904 arguerent.

1099 273 1146 299 καὶ
1162 273 1227 308 περὶ
1247 272 1301 298 τῶν
1320 272 1363 298 ἐπ’
1379 272 1447 307 αὐτῇ
1462 271 1652 306 γενησομένων
1663 272 1719 303 τοῖς
1736 271 1896 305 Αἰγυπτίοις

1099 319 1208 354 ἀγαθῶν
1225 319 1368 351 θεσπίσαν,
1387 318 1420 345 τὰ
1448 318 1620 354 παραχρῆμα
1648 318 1776 353 μέλλοντα
1798 318 1895 351 τέλους

1098 365 1242 400 τυγχάνειν
1260 364 1378 400 συνῆψεν
1391 373 1397 379 ·
1421 365 1465 391 ἵνα
1481 364 1535 391 ἀπὸ
1550 364 1600 399 τῆς
1619 363 1673 390 τῶν
1686 364 1828 400 παρόντων
1847 365 1896 391 ὲκ-

1098 411 1204 443 ϐἁσεως
1218 412 1264 438 καὶ
1278 411 1313 438 τὰ
1330 412 1446 447 μακροῖς
1463 411 1575 446 ὕστερον
1591 410 1697 445 χρόνοις
1715 410 1844 445 μέλλοντα
1857 410 1895 444 γί-

1097 457 1191 484 νεσθαι
1209 456 1365 492 πιστευθείη
1382 457 1438 488 τοῖς
1455 456 1516 482 τότε
1529 454 1681 491 τηνικαῦτα
1694 455 1748 481 τῶν
1760 464 1894 491 προφητι-

1097 503 1154 530 κῶν
1165 503 1252 537 λόγων
1268 502 1442 530 ἐπακούουσι.
1461 502 1518 529 Οὺκ
1539 499 1574 537 ἦν
1587 499 1633 528 οὖν
1647 501 1754 528 ἐναντία
1774 501 1809 528 τὰ
1825 510 1893 537 προ-

1098 549 1211 585 κείμενα
1222 548 1276 576 τῶν
1286 548 1330 576 διὰ
1343 548 1397 575 τῶν
1408 547 1562 584 ἔμπροσθεν
1574 547 1818 583 προφητευομένων
1830 556 1837 562 ·
1857 547 1893 574 τὰ

1099 595 1148 632 μὲν
1171 595 1226 631 γὰρ
1241 596 1281 626 εἰς
1295 596 1358 627 τοὺς
1382 594 1639 630 προφητευομένους
1665 594 1794 629 χρόνους
1812 594 1847 621 τὰ
1863 594 1893 621 δὲ

1097 642 1224 678 περὶτῶν
1239 641 1351 676 ἔγγιστα
1365 642 1556 677 γενησομένων
1572 640 1705 675 ἀνεφὼνει

1135 697 1145 714 t
1159 689 1214 715 Καὶ
1237 687 1496 724 ἀναισχυνθήσονται
1516 687 1678 723 ἡττηθέντες
1699 687 1724 713 oi.
1747 687 1892 722 Αἰγύπτιοι

1096 736 1142 762 ἐπὶ
1158 736 1214 766 τοῖς
1229 734 1361 769 Αἰθίοψιν,
1376 735 1420 768 ἐφ’
1438 731 1479 766 οἷς
1501 731 1570 770 ἦσαν
1587 733 1746 765 πεποιθότες
1766 735 1790 760 οἰ
1807 734 1892 768 Αἰγύ-

1097 789 1169 807 πτιοι
1179 789 1186 796 ·
1207 778 1276 816 ἦσαν
1291 767 1345 815 γὰρ
1360 767 1451 812 αὐτοῖς
1466 767 1529 813 δόξα
1540 767 1569 805 θ’»
1597 779 1776 815 ἐρυθριῶντες
1794 780 1836 813 ἐφ’
1849 767 1892 810 οἷς

1096 826 1227 862 ἐθάρσουν
1243 826 1290 853 καὶ
1310 824 1516 852 ἐπεποίθεισαν·
1543 825 1581 857 ὡς
1604 824 1819 859 καταγινώσκειν
1839 826 1890 852 κα).

1098 871 1254 908 μέμφεσθαι
1270 871 1367 903 αὐτοὺς
1380 870 1502 903 ἑαυτούς.

295 916 375 944 Vens.
393 915 418 942 6.
439 924 448 940 ε
460 915 493 942 Et
505 915 597 942 dicent
609 915 653 950 qui
671 915 794 942 habitant
820 916 847 942 in
871 915 959 944 insula
981 916 1042 949 hac,

1137 927 1145 944 ι
1159 918 1214 945 Καὶ
1225 917 1333 953 ἐροῦσιν
1349 918 1373 944 οἱ
1397 916 1588 947 κατοικοῦντες
1607 917 1636 943 ἐν
1646 917 1679 952 τῇ
1693 917 1767 952 νήσῳ
1779 916 1867 953 ταύτῃ
1879 911 1890 931 ⁵

257 962 326 989 Ecce
352 968 401 989 nos
425 961 640 993 contidebamus,
672 966 699 988 ul
726 961 758 988 ad
784 968 879 988 eorum
910 961 1044 989 auxilium

257 1008 476 1042 confugeremus,
507 1008 553 1042 qui
573 1015 626 1034 non
653 1011 802 1042 potuerunt
821 1007 926 1035 servari
951 1015 967 1035 a
981 1014 1046 1043 rege

255 1054 440 1090 Assyriorum,
455 1059 483 1081 et
493 1053 629 1088 quomodo
641 1061 690 1080 nos
707 1052 896 1080 servabimur?
908 1062 918 1079 ν

548 1099 662 1127 CAPUT
682 1099 753 1126 XXI.

293 1146 456 1178 Vens.l,2.
484 1155 494 1171 (
511 1146 585 1173 Visio
611 1146 721 1173 deserti.
746 1145 824 1173 Sicut
850 1145 969 1180 procella
997 1152 1045 1181 per

255 1194 392 1221 desertum
414 1192 524 1223 transit,
542 1199 576 1219 ex
588 1191 697 1218 deserto
717 1190 829 1218 veniens
844 1198 858 1217 a
874 1196 945 1218 terra
963 1199 970 1218 :
989 1195 1045 1218 ter-

255 1239 343 1267 ribilis
355 1239 424 1266 visio
441 1243 469 1265 et
489 1237 567 1268 dura,
585 1237 739 1264 renuntiata
758 1241 800 1263 est
816 1236 893 1263 mihi.
915 1237 1045 1264 Contem-

255 1290 317 1319 ptor
331 1283 491 1314 contemnit,
508 1287 535 1310 et
555 1283 664 1317 iniquus
679 1282 772 1316 inique
785 1283 850 1316 agit.
871 1282 910 1310 Ad
924 1290 968 1309 me
981 1282 1042 1309 Ela-

255 1331 338 1363 mitae,
354 1335 382 1357 et
399 1329 479 1364 legati
501 1329 647 1356 Persarum
670 1328 702 1354 ad
726 1335 771 1355 me
790 1328 910 1355 veniunt.
927 1337 936 1354 ι
952 1328 1043 1356 Persae

255 1377 347 1412 itaque
359 1383 413 1402 non
432 1376 476 1402 diu
490 1380 582 1410 postea
600 1374 738 1402 Medorum
752 1374 894 1410 imperium
911 1375 1043 1410 excipien-

255 1428 308 1456 tes,
326 1421 470 1457 Babylonis
492 1421 623 1456 reliquias
637 1425 803 1448 everterunt.
817 1420 881 1448 Jure
905 1420 988 1456 igitur
1007 1429 1043 1448 ze-

255 1468 337 1495 stimo
351 1467 410 1494 haec
429 1467 536 1494 hostilia
551 1466 621 1493 facta
638 1466 671 1493 de
683 1465 822 1502 Babylone
835 1467 897 1494 dici.
911 1466 979 1501 Quid
991 1467 1042 1495 sibi

254 1513 313 1540 vult
329 1517 420 1539 autem
435 1519 496 1540 cum
509 1512 559 1544 ait,
578 1522 587 1538 ι
600 1511 676 1540 Visio
688 1511 810 1539 deserti?
826 1522 835 1538 ν
862 1512 922 1540 Jam
944 1513 1042 1540 exhinc

254 1557 420 1591 Babylonem
433 1561 512 1584 vocat
527 1557 677 1590 desertum,
702 1561 814 1591 propter
828 1564 859 1584 ea
873 1564 933 1591 quae
948 1558 981 1585 de
997 1565 1043 1584 va—

253 1603 347 1630 stitate
371 1602 430 1636 ejus
449 1602 475 1628 in
498 1601 640 1636 prophetia
665 1601 800 1629 feruntur.
825 1602 916 1636 Quare
932 1610 964 1630 ex
982 1611 1040 1638 per-

253 1655 321 1676 sona
344 1648 428 1683 ipsius
449 1647 596 1682 Babylonis
622 1647 679 1674 haec
700 1647 773 1674 dicta
797 1647 882 1675 fuisse
910 1648 1040 1682 arbitror,

250 1695 330 1729 quasi
352 1694 432 1726 mala,
449 1701 510 1728 qua:
521 1697 651 1720 eventura
666 1693 716 1720 sibi
732 1698 809 1720 erant
830 1694 940 1722 auribus
960 1702 1040 1722 acce-

253 1741 348 1776 pisset,
363 1747 395 1767 ac
410 1744 580 1775 precaretur,
597 1743 626 1765 ut
638 1739 735 1766 horum
755 1738 864 1766 auditus
890 1740 1041 1774 pertransi-

252 1792 306 1819 ret,
326 1792 410 1821 utque
426 1795 468 1818 ea,
489 1793 550 1820 qua
565 1786 793 1819 exspectabantur
808 1793 860 1812 non
875 1786 1040 1813 acciderent.

292 1834 372 1860 Vens.
386 1833 412 1859 5.
430 1841 439 1857 ι
458 1831 534 1859 Nunc
549 1831 646 1865 lugebo
667 1836 694 1857 et
709 1831 873 1858 consolabor
898 1839 949 1858 me.
971 1831 1041 1859 Pro-

253 1879 481 1915 ptereaimpletus
493 1881 535 1906 est
551 1877 657 1904 lumbus
675 1884 750 1904 meus
761 1877 906 1909 solutione,
924 1881 951 1904 et
964 1877 1041 1905 dolo-

253 1934 297 1953 res
315 1927 472 1952 invaserunt
487 1932 529 1952 me
540 1929 667 1959 tanquam
682 1924 890 1958 parturientem.
905 1933 913 1949 ι
927 1923 1038 1957 Verum,

252 1976 284 1998 ut
296 1978 346 2005 par
361 1975 411 2002 est,
427 1978 498 1996 nunc
517 1969 624 2004 lugebo,
646 1970 719 2004 quod
736 1977 788 1996 non
806 1974 888 1996 antea
909 1969 1038 2002 feceram,

253 2016 316 2051 quia
331 2016 446 2051 superba
460 2022 546 2048 eram,
561 2019 589 2042 et
605 2015 737 2041 adversus
756 2015 876 2049 reliquas
888 2020 982 2049 gentes
997 2022 1039 2042 me

254 2060 418 2088 extollebant
434 2080 441 2091 .
461 2060 497 2086 ita
519 2064 550 2087 ut
573 2060 634 2087 aliis
650 2067 736 2086 essem
754 2059 841 2086 luctus
857 2067 950 2087 causa.
963 2059 1040 2087 Nunc

253 2114 320 2134 vero
333 2113 382 2141 ego
395 2107 450 2141 ipsa
467 2105 595 2140 Babylon,
615 2113 676 2132 cum
701 2106 800 2140 populo
816 2113 875 2133 meo
890 2106 997 2140 lugebo,
1013 2111 1041 2133 et

251 2154 327 2182 luctu
355 2160 398 2181 me
419 2152 598 2183 consolabor;
615 2153 679 2187 quia
699 2160 743 2179 me
767 2160 859 2179 rerum
884 2152 1039 2186 hujusmodi

248 2199 377 2228 nuntium
391 2197 519 2234 perculit:
543 2197 620 2232 cujus
635 2205 717 2225 causa
735 2198 856 2232 repletus
875 2201 916 2224 est
933 2198 1039 2225 lumbus

1107 964 1173 991 Ἰδοὺ
1188 965 1269 999 ἡμεῖς
1285 961 1356 999 ἦμεν
1372 963 1531 994 πεποιθότες
1554 962 1601 990 τοῦ
1617 964 1712 998 φυγεῖν
1732 963 1773 994 είς
1788 963 1890 995 αὐτοὺς

1095 1011 1136 1042 είς
1150 1011 1287 1046 βοήθειαν,
1300 1011 1324 1037 οἳ
1340 1011 1389 1037 οὐκ
1402 1010 1531 1046 ἠδύναντο
1548 1009 1666 1045 σωθῆναι
1687 1009 1741 1036 ἀπὸ
1755 1009 1888 1045 βασιλέως

1102 1057 1250 1094 Ἀσσυρίων
1261 1065 1268 1073 ’
1282 1057 1329 1085 καὶ
1346 1057 1403 1089 πῶς
1415 1058 1497 1092 ἡμεῖς
1513 1056 1712 1092 σωθησόμεθα;
1726 1066 1735 1082 ι

1351 1102 1548 1131 ΚΕΦΑΛΑΙΟΝ
1564 1104 1629 1130 KA'.

1134 1158 1144 1175 ι
1157 1149 1192 1176 Τὸ
1219 1150 1311 1186 ὅραμα
1323 1150 1372 1186 τῆς
1393 1150 1507 1185 ἐρήμου.
1532 1149 1576 1180 Ὦς
1588 1148 1714 1182 καταιγὶς
1735 1147 1769 1175 δι’
1783 1147 1888 1183 ἐρήμου

1095 1191 1203 1228 διέλθοι,
1219 1195 1249 1228 ἐξ
1262 1195 1365 1232 ἐρήμου
1381 1195 1513 1231 ἐρχομένη
1528 1195 1561 1221 ἐκ
1573 1195 1624 1230 γῆς
1635 1201 1642 1209 ·
1659 1194 1772 1230 φοϐερὸν
1783 1193 1813 1220 τὸ
1822 1194 1888 1228 ὅρα-

1096 1251 1146 1278 μα,
1163 1243 1210 1270 καὶ
1224 1242 1341 1278 σκληρὸν
1357 1241 1493 1277 ἀνηγγέλη
1511 1250 1566 1278 μοι.
1587 1241 1617 1267 ’0
1633 1239 1736 1268 ἀθετῶν
1760 1239 1860 1272 ἀθετεῖ,
1872 1241 1887 1266 ὁ

1095 1287 1204 1322 ἀνομῶν
1219 1287 1326 1322 ὰνομεῑ.
1358 1287 1415 1313 Ἐπ’
1431 1286 1492 1321 ἐμοὶ
1521 1286 1546 1312 οἱ
1564 1285 1704 1320 Ἐλαμίται
1718 1284 1764 1311 καλ¹
1777 1284 1803 1311 oi
1819 1283 1887 1319 πρέ-

1095 1333 1170 1365 σϐεις
1185 1332 1239 1359 τῶν
1255 1331 1367 1368 Περσῶν
1388 1331 1431 1358 ἐπ’
1447 1331 1497 1367 ἐμὲ
1514 1331 1647 1367 ἔρχονται.
1663 1340 1672 1356 ›
1691 1330 1795 1367 Πέρσαι
1808 1330 1886 1365 γοῦν,

1094 1379 1203 1415 Μήδους
1212 1379 1262 1406 οὐκ
1278 1379 1317 1410 εἰς
1332 1378 1440 1414 μακρὰν
1460 1377 1655 1413 διαδεξάμενοι,
1667 1377 1701 1404 τὰ
1712 1377 1824 1411 λείψανα
1836 1377 1887 1412 τῆς

1093 1425 1253 1457 Βαϐυλῶνος
1270 1424 1404 1451 καθεῖλον.
1418 1424 1537 1455 Εἰκότως
1550 1421 1596 1450 οὖν
1607 1423 1671 1459 περὶ¹
1683 1423 1841 1454 Βαϐυλῶνος
1850 1423 1885 1449 τὰ

1093 1472 1229 1508 πολεμικὰ
1244 1471 1369 1507 είρῆσθαι
1385 1469 1514 1506 ἠγοῦμαι.
1530 1470 1562 1496 Τί
1578 1469 1607 1496 δὲ
1636 1469 1759 1505 βούλεται
1779 1469 1794 1494 ὀ
1806 1468 1887 1502 λόγος

1094 1519 1218 1553 φάσκων,
1237 1517 1293 1544 «Τὸ
1316 1517 1407 1552 ὅραμα.
1432 1516 1483 1552 τῆς
1508 1516 1611 1552 ἐρήμου
1624 1524 1631 1549 ;
1646 1525 1655 1542 ›
1681 1514 1820 1542 Ἐντεῦθεν
1833 1514 1884 1550 ἤδη

1093 1564 1240 1591 Βαϐυλῶνα
1261 1563 1364 1599 ἔρημον
1379 1562 1505 1598 ὀνομάζει
1520 1562 1564 1589 διὰ
1579 1562 1613 1589 τὰ
1627 1561 1806 1588 θεσπισθέντα
1820 1561 1885 1597 περὶ

1092 1611 1144 1646 τῆς
1159 1610 1277 1647 ἐρημίας
1290 1610 1385 1645 αὐτῆς.
1401 1609 1446 1635 Διὸ
1458 1609 1491 1635 ἐκ
1509 1608 1654 1644 προσώπου
1667 1608 1716 1644 τῆς
1727 1607 1885 1638 Βαϐυλῶνος

1093 1657 1178 1691 αὐτῆς
1191 1655 1267 1692 οἶμαι
1279 1655 1366 1683 ταῦτα
1379 1655 1514 1689 λέγεσθαι,
1530 1655 1568 1687 ὡς
1579 1655 1620 1686 εἰς
1630 1654 1714 1690 ἀκοὴν
1732 1653 1885 1689 παραδεξα-

1094 1702 1178 1738 μένης
1188 1704 1221 1729 τὰ
1237 1702 1367 1738 μέλλοντα
1379 1702 1448 1737 αὒτῇ
1463 1701 1567 1728 ἐπιέναι
1583 1700 1666 1732 κακὰ,
1684 1699 1833 1735 εὐχομένης
1853 1707 1884 1725 τε

1092 1747 1236 1784 παρελθεῖν
1248 1747 1296 1783 τὴν
1312 1746 1406 1782 ἀκοὴν,
1424 1746 1471 1773 καὶ
1489 1745 1526 1782 μὴ
1541 1745 1667 1781 γενέσθαι
1679 1745 1714 1772 τὰ
1728 1743 1884 1781 προσδοκώ-

1094 1804 1173 1831 μενα.

1130 1852 1139 1868 ι
1150 1841 1206 1869 Νῦν
1221 1841 1340 1873 στενάξω
1355 1841 1403 1869 καὶ
1419 1839 1604 1876 παρακαλέσω
1614 1839 1740 1874 ἐμαυτόν.
1757 1838 1806 1865 Διὰ
1822 1837 1884 1864 τοῦ-

1091 1896 1122 1914 το
1136 1886 1288 1922 ἐνεπλήσθη
1303 1886 1320 1922 ή
1332 1885 1417 1920 ὀσφύς
1433 1894 1483 1921 μου
1497 1884 1642 1916 ἐκλύσεως,
1653 1884 1701 1910 καὶ
1716 1883 1809 1914 ὠδῖνες
1820 1883 1883 1911 ἐλα-

1092 1933 1137 1960 εόν
1155 1941 1189 1968 με
1203 1933 1242 1964 ὡς
1265 1932 1419 1960 τίκτουσαν.
1433 1942 1441 1958 ι
1463 1931 1532 1958 Ἀλλ’
1544 1930 1582 1963 ὡς
1598 1930 1670 1957 ἔοικε
1689 1930 1737 1957 νῦν
1754 1930 1882 1963 στενάξω,

1090 1979 1158 2013 ὅπερ
1176 1978 1308 2013 πρότερον
1325 1977 1375 2004 οὐκ
1387 1977 1532 2013 ἔπραττον,
1552 1975 1726 2011 ὑπερήφανος
1740 1973 1817 2007 οὖσα,
1835 1975 1884 2002 καὶ

1090 2023 1144 2050 τῶν
1157 2022 1258 2049 λοιπῶν
1284 2021 1367 2049 ἐθνῶν
1389 2021 1608 2056 κατεπαιρομένη
1621 2029 1628 2035 ·
1654 2020 1693 2051 ὡς
1711 2021 1814 2056 ἑτέροις
1834 2021 1884 2056 ἐμ-

1091 2070 1178 2096 ποιεῖν
1190 2067 1366 2103 στεναγμούς.
1387 2067 1444 2093 Νῦν
1459 2066 1488 2092 δέ
1505 2065 1574 2100 αὐτὴ
1589 2065 1643 2100 ἐγὼ
1658 2064 1796 2097 Βαϐυλὼν,
1811 2066 1858 2093 καὶ
1868 2066 1883 2092 6

1092 2116 1120 2141 ἐν
1136 2115 1197 2149 ἐμοὶ
1207 2114 1281 2145 λαὸς,
1299 2112 1429 2145 στενάζω,
1445 2112 1492 2139 καὶ
1505 2111 1687 2148 παρακαλέσω
1701 2111 1823 2147 ἐμαυτὴν
1838 2111 1882 2138 διὰ

1090 2160 1136 2187 τοῦ
1150 2159 1304 2195 στεναγμοῦ
1315 2167 1322 2175 ·
1335 2158 1428 2193 ἐπειδὴ
1437 2151 1580 2194 καθήψατό
1606 2166 1655 2193 μου
1666 2158 1683 2193 ἡ
1698 2157 1763 2194 περὶ
1775 2156 1829 2184 τῶν
1843 2157 1883 2183 λε-

1091 2205 1208 2241 χθέντων
1217 2201 1380 2239 ἀγγελία,ἦς
1386 2204 1466 2231 ἕνεκα
1480 2201 1601 2239 ἐπλήσθη
1616 2203 1633 2239 ή
1644 2201 1729 2238 ὀσφύς
1741 2211 1792 2238 μου
1803 2202 1883 2229 ἐκλύ-

251 2253 329 2273 meus
348 2245 491 2276 solutione,
513 2244 558 2279 qui
584 2244 648 2272 olim
677 2244 840 2279 praecinctus
871 2248 976 2272 eratet
999 2245 1038 2271 la-

1093 2260 1160 2281 σεως
1186 2250 1268 2277 πάλαι
1285 2249 1489 2285 κατεσφιγμένη
1521 2250 1568 2277 καὶ
1582 2248 1788 2284 νεανιευομένη·
1802 2248 1882 2283 ὀδύνη

252 2291 395 2320 sciviebat.
411 2290 492 2317 Dolor
505 2289 570 2317 item
589 2295 617 2317 et
631 2289 738 2317 labores
754 2296 797 2316 me
809 2293 989 2323 occuparunt,
1003 2289 1038 2316 ita

251 2344 282 2365 ut
299 2341 349 2372 ego
364 2337 495 2372 Babylon,
513 2336 576 2364 olim
600 2336 708 2363 cmteris
723 2335 862 2368 terribilis,
881 2335 946 2363 nihil
961 2335 1038 2363 ditl'e-

251 2393 311 2412 ram
325 2392 340 2411 a
359 2383 472 2411 muliere
498 2382 630 2418 pariente.
654 2381 717 2409 Haec
738 2389 819 2416 porro
842 2382 906 2409 mihi
930 2382 1038 2410 accide-

251 2435 325 2464 runt,
344 2431 408 2465 quia
434 2430 522 2457 fateor
540 2436 582 2456 me
601 2428 694 2463 inique
711 2428 811 2462 egisse,
827 2435 888 2455 cum
903 2428 1038 2455 neminem

250 2475 540 2504 commonefacientem
553 2481 597 2501 me
613 2474 747 2505 audirem,
765 2478 792 2500 et
807 2481 868 2501 cum
887 2474 952 2500 mihi
967 2481 1039 2501 cura:

252 2528 333 2554 esset,
353 2527 383 2549 ut
397 2526 500 2549 rectum
513 2521 581 2548 nihil
597 2521 757 2556 aspicerem.
775 2519 877 2554 Quare,
894 2520 944 2553 ait,
968 2528 1040 2548 nunc

245 2568 406 2602 conﬁtendo
423 2567 495 2595 dico.

285 2613 370 2642 Vsus.
387 2613 416 2641 4.
439 2622 449 2639 ι
465 2613 559 2649 Inique
579 2612 634 2648 egi,
654 2613 725 2647 quod
751 2620 806 2639 non
830 2611 950 2640 viderem
966 2621 972 2638 :
990 2620 1038 2640 cor

246 2668 340 2688 meum
367 2665 454 2693 errat,
476 2660 608 2694 iniquitas
632 2666 694 2686 mea
714 2658 846 2693 demergit
869 2665 933 2685 me:
948 2658 1038 2684 anima

252 2714 310 2733 mea
326 2707 352 2733 in
370 2710 444 2734 metu
459 2711 593 2734 versatur.
606 2714 616 2731 ι
633 2704 697 2732 llaec
711 2711 778 2731 sane
796 2708 861 2739 puto
878 2711 892 2730 a
907 2703 1037 2738 propheta

249 2753 320 2778 dicta
349 2751 443 2784 fuisse,
472 2751 619 2786 Babylonis
646 2757 789 2785 personam
817 2754 985 2783 assumente,
1012 2755 1039 2777 et

250 2797 327 2832 quasi
345 2797 476 2831 ejusdem,
494 2797 552 2825 sive
567 2797 656 2832 gentis
679 2796 802 2824 eamdem
827 2795 971 2824 incolentis
989 2803 1039 2823 no-

249 2845 324 2871 mine
344 2843 402 2870 lucc
413 2843 485 2870 dicta
504 2842 632 2878 proferri.

290 2888 412 2918 Vens.'5.
447 2898 456 2915 ε
471 2887 596 2922 Prol-para
627 2895 761 2923 mensam,
781 2889 926 2923 comedite,
936 2890 1037 2926 bibite;

1090 2306 1120 2323 τε
1135 2297 1183 2323 καὶ
1208 2296 1283 2322 πόνοι
1299 2295 1448 2322 κατέλαϐον
1467 2304 1511 2331 με,
1537 2295 1574 2327 ὡς
1592 2295 1675 2331 μηδὲν
1694 2295 1835 2331 διαφέρειν
1846 2303 1882 2330 με

1090 2343 1139 2379 τὴν
1152 2342 1309 2374 Βαϐυλῶνα,
1325 2342 1374 2378 τὴν
1389 2342 1584 2377 πάλαιέτέροις
1594 2339 1675 2368 οὖσαν
1691 2340 1818 2377 φοϐερὰν,
1834 2349 1882 2375 γυ-

1091 2387 1184 2419 ναικὸς
1193 2387 1346 2422 τικτούσης.
1362 2386 1454 2413 Ταῦτα
1468 2387 1497 2413 δέ
1515 2395 1558 2422 μοι
1580 2386 1762 2422 συμϐέϐηκεν,
1778 2387 1883 2422 ἐπειδή-

1091 2441 1142 2469 περ
1152 2433 1274 2468 ὁμολογῶ
1285 2433 1453 2468 ἠδικηκέναι,
1466 2433 1509 2459 ὅτε
1520 2433 1631 2468 μηδενὸς
1642 2433 1740 2468 ἤκουον
1748 2433 1802 2459 τῶν
1811 2441 1881 2469 παρ-

1090 2479 1236 2505 αινούντων
1251 2487 1306 2514 μοι,
1323 2479 1369 2505 καὶ
1395 2479 1438 2505 ὅτε
1454 2478 1572 2513 σπουδὴν
1583 2478 1732 2514 ἐποιούμην
1744 2479 1825 2515 μηδὲν
1834 2479 1881 2515 ὀρ-

1091 2524 1135 2551 θὸν
1153 2524 1272 2560 βλέπειν.
1287 2524 1341 2557 Διὸ,
1360 2525 1437 2560 φησὶ,
1454 2523 1501 2551 νῦν
1516 2523 1748 2560 ἐξομολογουμένη
1767 2524 1848 2560 φημί·

1128 2623 1137 2640 ι
1149 2614 1280 2650 Ἦδίκησα
1288 2614 1335 2641 τοῦ
1349 2614 1385 2650 μή
1400 2613 1521 2649 βλέπειν·
1534 2613 1695 2650 πλανᾶταιή
1708 2614 1807 2651 καρδία
1818 2623 1880 2650 μου,

1091 2661 1136 2687 καὶ
1153 2662 1169 2696 ή
1183 2660 1283 2696 ἀνομία
1300 2669 1350 2696 μου
1371 2659 1496 2695 βαπτίζει
1513 2668 1562 2695 με’
1579 2661 1596 2695 ἡ
1610 2660 1682 2696 ψυχή
1699 2670 1750 2696 μου
1766 2660 1881 2696 ἐφέστη-

1090 2715 1137 2732 κεν
1147 2707 1186 2738 εὶς
1197 2706 1286 2740 φόϐον.
1305 2716 1314 2732 ι
1331 2705 1423 2733 Ταῦτα
1437 2706 1485 2741 μὲν
1498 2703 1575 2741 οἶμαι
1587 2705 1710 2741 λελέχθαι
1721 2706 1759 2742 τῷ
1774 2707 1880 2742 προςρήα

1089 2759 1134 2788 τη,
1149 2751 1365 2787 προσωποιοῦντι
1391 2751 1440 2788 τὴν
1452 2751 1610 2784 Βαϐυλῶνα,
1622 2752 1670 2778 καὶ
1695 2752 1733 2784 ὡς
1744 2752 1774 2784 ἐξ
1785 2752 1878 2787 αὐτῆς,

1089 2798 1105 2834 ἢ
1121 2798 1167 2824 καὶ
1184 2797 1230 2824 τοῦ
1250 2798 1279 2824 ἐν
1296 2798 1366 2833 αὑτῇ
1386 2797 1575 2828 κατοικοῦντος
1595 2797 1688 2830 ἔθνους
1702 2797 1737 2825 τὰ
1748 2798 1879 2834 εερημένα

1089 2844 1279 2880 προέρχεσθαι.

1127 2889 1305 2924 «Ἑτοίμασον
1331 2890 1381 2926 τὴν
1403 2891 1552 2927 τράπεζαν,
1578 2891 1688 2928 φάγετε,
1715 2891 1878 2919 πίετε⁸ἁνα-
