2044 3215
163 222 213 250 ⁸241

584 218 589 223 ’
639 225 892 254 COMMENTARIA
914 227 946 255 ΙΝ
967 227 1095 258 iSAIAM.
1116 246 1148 250 —
1167 230 1244 258 CAP.
1266 229 1334 258 XXI.

1741 233 1795 261 242

163 280 285 313 στάντες,
301 281 326 307 οἱ
343 281 660 318 ἄρχοντες,ἀνασπάσατε
676 284 798 321 Ουρεούς.
811 296 819 312 ι
836 287 873 313 Τὸ
891 296 941 322 προ

994 312 996 317 .
1010 294 1169 324 surgentes,
1188 291 1336 326 principes,
1346 290 1457 326 arripite
1468 291 1587 326 clypeos.
1603 301 1613 319 ›
1624 291 1726 326 Medos,
1735 293 1795 321 Ela~

162 326 277 361 φητικὸν
295 327 404 362 πνεῦμα
424 328 490 364 πρὸς
502 329 565 361 τοὺς
581 329 687 365 Μήδους
702 332 748 358 καὶ
761 332 824 364 τοὺς
844 332 953 368 Ἐλαμί-

160 380 219 405 τας,
231 372 279 399 καὶ
294 373 362 408 πρὸς
372 373 434 405 τοὺς
446 373 573 409 πρέσϐεις
583 375 636 401 τῶν
649 376 761 411 Περσῶν
771 377 950 410 ἀποτείνεται,

160 417 292 454 διεγεῖρον
317 419 364 446 καὶ
380 419 528 455 παρορμῶν
543 421 641 453 αὐτοὺς
654 422 700 448 ἐπὶ
713 422 758 449 τὸν
777 423 846 449 κατὰ
861 424 951 451 Βαϐυ-

161 463 263 491 λωνίων
275 464 403 500 πόλεμον.
424 465 469 492 Διὸ
483 465 521 497 ὡς
536 467 603 502 πρὸς
618 467 715 500 αὐτούς
728 477 810 503 φησιν
820 478 826 484 ·
845 480 854 495 ‹
866 471 950 497 Ἑτοί-

161 518 247 545 μασον
258 510 308 546 τὴν
323 511 473 547 τράπεζαν,
489 512 601 547 φάγετε,
614 522 624 539 ι
643 514 691 540 καὶ
707 514 740 541 τὰ
755 515 828 550 ἑξῆς.

197 556 275 583 «Ὅτι
294 556 381 590 οὕτως
393 556 453 584 εἶπε
467 558 570 594 Κύριος
586 560 654 596 πρὸς
670 561 704 596 μὲ
714 570 721 576 ·
737 561 853 594 Βαδίσας
871 571 949 590 σεαυ-

157 599 199 637 τῷ
214 601 316 637 στῆσον
338 603 448 636 σκοπὸν,
465 604 511 630 καὶ
523 604 537 631 ὅ
553 605 599 632 ἐὰν
612 605 680 642 [δῃς,
703 607 871 642 ἀνὰγγειλον.
897 610 950 636 Καὶ

158 646 228 675 εῐδον
243 649 382 681 ἀναϐάτας
404 651 495 683 ἱππεῖς
522 651 577 683 δύο,
595 652 642 679 καὶ
657 652 796 689 ἀναϐάτην
815 654 886 687 δνου,
904 656 949 682 καὶ

156 694 296 730 ἀναϐάτην
306 695 439 731 καμήλου.
467 697 612 732 Ἀκρόασαι
628 698 758 733 ἀκρόασιν
777 700 886 736 πολλὴν,
902 702 949 729 καὶ

157 740 272 767 κάλεσον
284 741 387 777 Οὐρίαν
397 742 437 774 εἰς
451 742 635 778 τὴννσκοπιάν.
649 754 658 770 ι
673 744 778 781 Σημεῖα
785 746 813 772 δὲ
827 747 873 773 καὶ
885 747 950 782 σύμ-

156 785 222 813 ϐολα
235 785 270 822 ἦν
282 787 369 814 ταῦτα
383 788 433 823 τῆς
446 788 500 815 τῶν
513 789 650 825 πολεμίων
665 791 855 827 παρατάξεως,
872 790 909 820 ὧν
924 795 947 820 οἱ

158 832 208 867 μὲν
218 832 262 867 ἐφ’
278 832 410 868 ἁρμάτων
423 833 564 870 ὀχούμενοι
579 835 707 871 ἐπῄεσαν,
722 837 746 864 οί
760 837 788 864 δὲ
802 839 848 865 ἐπὶ
864 848 946 866 νωτο-

156 878 257 914 φόρων,
271 878 306 905 τὰ
322 879 415 906 δέοντα
432 880 500 916 πρὸς
512 881 605 917 χρείας
621 882 793 918 ἐπαγόμενοι.
814 894 823 910 ι
835 885 946 921 Ἀκρόα-

155 933 199 951 σαι
211 924 343 960 ἀκρόασιν
355 925 466 962 πολλὴν,
479 927 526 953 καὶ
537 927 651 955 κάλεσον
664 929 765 965 Οὐρίαν
775 931 814 962 εἰς
825 931 874 966 τὴν
885 940 948 959 0x0-

153 970 230 1003 πιὰν,
243 981 251 997 ι
269 972 318 1007 τὴν
328 972 493 1008 ῥηθήσεσθαι
508 974 659 1009 μέλλουσαν
666 975 771 1010 ἔπειτα,
787 977 862 1013 ἢτὴν
875 978 948 1005 λέαι-
964 973 984 1000 Β

152 1017 245 1053 mihi}
272 1018 317 1045 τὸν
340 1019 432 1055 ’Δριὴλ
459 1019 584 1053 κάλεσαι,
611 1021 685 1054 ὅπως
708 1023 754 1049 καὶ
766 1023 847 1056 αὐτὸς
861 1024 945 1051 ἐλθὼν

154 1061 209 1088 ὑπὸ
220 1062 268 1089 τοῦ
283 1063 383 1090 σκοποῦ
397 1064 518 1102 ϐεαοείη,
539 1066 586 1093 τοῦ
601 1068 741 1103 προφήτου
758 1068 815 1104 ἃμα
832 1069 870 1104 τῷ
883 1078 946 1096 σκο-

155 1107 200 1144 πῷ
213 1108 357 1145 θεωμένου.
379 1110 409 1137 '0
427 1111 456 1137 δὲ
473 1113 613 1147 σημαίνων
633 1113 707 1148 λέγει
720 1114 754 1141 τὰ
775 1113 847 1150 ἑξῆς.
865 1113 947 1151 Οἶμαι

154 1154 198 1182 διὰ
207 1155 307 1182 τούτων
319 1157 499 1192 σημαίνεσθαι
511 1158 562 1193 τῆς
583 1160 732 1196 ’Δσσυρίων
744 1160 882 1196 βασιλείας
898 1162 946 1196 τὴν

153 1200 272 1236 παντελῆ
287 1201 445 1237 καθαίρεσιν
459 1203 527 1229 Θεοῦ
549 1204 639 1239 κρίσει
651 1205 809 1242 γενομένην.
834 1207 906 1233 ’Δντὶ
918 1207 946 1234 δὲ

150 1246 208 1279 τοῦ,
224 1256 233 1272 ι
245 1247 357 1284 Οὐρίαν,
372 1259 381 1274 ι
399 1249 414 1275 ὁ
427 1250 476 1285 μὲν
495 1250 619 1283 Ἀκύλας,
638 1261 647 1276 ι
661 1251 765 1285 λέοντα,
783 1262 792 1278 ι
808 1254 822 1279 ὁ
832 1253 860 1280 δὲ
874 1254 946 1289 Σύμ-

153 1301 251 1328 μαχος,
273 1303 283 1319 ι
303 1294 442 1327 >.έαιναν,ι
461 1297 476 1323 ὁ
494 1296 522 1322 δὲ
544 1297 700 1331 Θεοδοτίων,
728 1307 737 1323 ι
749 1298 851 1334 Ἀριὴλ,
865 1309 874 1325 ι
900 1300 944 1333 ὲξ-

150 1337 263 1366 ἔδωκεν.
280 1340 374 1372 Οὐδεὶς
389 1342 476 1369 τοίνυν
492 1342 592 1378 Οὐρίαν
604 1343 760 1379 ὠνόμασεν
774 1345 835 1372 ἐπεὶ
855 1346 915 1373 οὐδὲ
927 1348 944 1383 ἡ

154 1384 287 1421 Ἕϐραῖκὴ
299 1387 375 1422 φωνὴ
386 1387 573 1424 ἐμνημόνευσε
588 1389 634 1416 τοῦ
651 1390 748 1425 Οὐρία.

187 1440 196 1456 ι
207 1431 262 1458 Καὶ
278 1429 369 1460 εἶπεν·
385 1433 466 1469 ἔστην
483 1434 629 1467 διαπαντὸς
642 1436 758 1472 ἡμέρας,
773 1437 820 1464 καὶ
835 1438 882 1464 ἐπὶ
894 1439 943 1474 τῆς

148 1477 324 1514 παρεμϐολῆς
335 1478 417 1515 ἔστην
431 1479 495 1516 ὅλην
512 1481 562 1516 τὴν
581 1482 675 1510 νύκτα.
689 1491 698 1508 ›
715 1483 842 1520 Εῐστήκει
853 1485 943 1513 τοίνυν

147 1524 197 1551 καὶ
209 1525 224 1551 ό
237 1526 381 1562 προφήτης
396 1526 454 1562 ἅμα
463 1527 502 1563 τῷ
514 1528 617 1564 σκοπῷ,
636 1531 795 1566 καραδοκῶν
812 1532 860 1567 τὴν
879 1532 942 1568 μέλ-

146 1571 247 1599 λουσαν
262 1572 354 1605 αὐτοῖς
381 1573 547 1609 ὀφθήσεσθαι
563 1574 624 1610 ὄψιν
650 1576 697 1603 τοῦ
714 1577 819 1609 λέοντος
835 1580 882 1605 καὶ
893 1579 942 1614 τῆς

145 1619 266 1655 λεαίνης,
284 1619 300 1656 ἢ
314 1619 359 1647 τοῦ
383 1620 488 1657 Ἀριήλ.
512 1623 737 1659 Διακαρτερήσας
753 1624 781 1651 δὲ
796 1625 842 1651 τὸν
852 1625 940 1652 πάντα

143 1664 197 1700 τῆς
218 1665 324 1701 ἡμέρας
346 1666 394 1693 καὶ
413 1666 459 1694 τὸν
479 1667 528 1702 τῆς
555 1668 651 1700 νυκτὸς
673 1669 778 1705 χρόνον,
807 1671 937 1705 ὲπιλέγεν

146 1720 157 1735 ε
174 1710 231 1736 Καὶ
249 1709 304 1737 ιδοὺ
318 1711 400 1742 αὐτὸς
413 1711 533 1746 ἔρχεται.
548 1720 557 1737 ι
579 1711 626 1743 Τίς
640 1712 668 1738 δὲ
683 1708 800 1749 οὗτος,ἢ
818 1714 938 1749 δηλονότι

150 1755 246 1793 Ἀριὴλ
267 1756 439 1792 ἐπιϐεϐηκὼς
464 1756 605 1793 ξυνωρίδι;
623 1758 668 1785 Διό
682 1767 765 1794 φησι·
787 1770 796 1785 ι
810 1760 865 1787 Καὶ
883 1761 937 1787 ἰδοὺ

142 1802 229 1833 αὐτὸς
245 1802 352 1837 ἔρχεται
366 1803 419 1830 καὶ-
430 1804 569 1841 ἀναϐάτης
582 1805 735 1841 Ξυνωρίδος.
757 1816 766 1832 t
778 1807 825 1839 Τίς
850 1807 878 1834 δὲ
893 1804 937 1834 οὖ-

143 1857 194 1880 τος
206 1849 261 1884 ἆρα
270 1847 315 1885 ἦν,
327 1850 345 1885 ἢ
358 1851 477 1886 τιμωρός
490 1860 530 1883 τις
550 1852 674 1886 ἄγγελος,
689 1854 721 1880 δι’
737 1844 814 1881 οἵίτὲι
826 1855 876 1890 τῆς
889 1864 938 1882 πο-

142 1893 270 1929 λιορκίας
284 1894 334 1929 τῆς
360 1895 518 1928 Βαϐυλῶνος
531 1897 625 1933 ἔμελλε
652 1898 835 1936 πληροῦσθαι;
862 1901 938 1936 Τάχα

144 1948 199 1967 που
217 1940 310 1976 Ἀριὴλ
336 1941 545 1977 ὀνομαζόμενος,
558 1944 574 1979 ἦ
597 1945 643 1971 καὶ
659 1945 739 1977 αὐτὸς
754 1946 856 1978 ἐκεῖνος
869 1948 884 1973 ό
899 1947 938 1979 ὡς

141 1986 214 2013 λέων
222 1986 386 2022 ὼρυόμενος,
400 1988 447 2014 καὶ
463 1989 621 2023 περιπατῶν
637 1990 725 2026 ζητῶν
736 1991 796 2017 τίνα
804 1993 936 2029 καταπίῃ.

140 2032 200 2058 Καὶ
206 2032 238 2068 δὴ
251 2032 419 2068 θεασάμενος
428 2034 508 2062 αὐτὸν
520 2035 535 2061 ό
550 2037 702 2071 προφήτης,
717 2037 835 2064 συνεῖδεν
850 2039 887 2070 ὡς
902 2047 938 2065 τι-

143 2079 302 2114 μωρητικδς
317 2079 355 2106 ὢν
369 2080 484 2114 ἄγγελος
498 2081 548 2116 τὴν
564 2082 614 2117 τῆς
628 2083 788 2115 Βαϐυλῶνος
800 2083 937 2112 ἀπώλειαν

140 2124 304 2159 ἐργάζεται·
321 2125 361 2152 διὸ
382 2126 479 2162 ὲπιϐοᾷ
501 2126 604 2161 λέγων·
626 2137 634 2152 ι
648 2128 791 2160 Πέπτωκε,
809 2129 936 2157 πέπτωκε

140 2169 282 2203 Βαϐυλὼν,
296 2171 343 2198 καὶ
358 2172 445 2198 πάντα
459 2171 493 2198 τὰ
504 2172 650 2208 ἀγάλματα
663 2174 758 2209 αὐτῆς,
773 2175 820 2201 καὶ
833 2176 867 2202 τὰ
881 2185 937 2211 χει-

1007 334 1100 367 mitas,
1112 340 1140 362 et
1155 335 1301 364 Persarum
1327 336 1432 372 legatos
1456 337 1601 373 compellat
1620 339 1793 374 propheticus

1006 381 1128 414 spiritus,
1139 382 1262 410 excitans
1279 390 1326 410 eos
1340 383 1373 410 ad
1389 383 1488 410 bellum
1505 388 1602 412 contra
1617 384 1791 421 Babylonios.

1006 426 1096 460 Quare
1114 428 1192 462 quasi
1208 428 1240 455 ad
1260 428 1321 456 illos
1334 429 1399 456 talia
1417 429 1503 463 fatur,
1536 439 1546 456 ι
1567 430 1692 466 Praepara
1714 438 1793 458 men~

1005 479 1074 505 sam,
1096 473 1242 506 comedite,
1259 482 1267 499 ι
1282 479 1308 500 et
1320 478 1431 502 caetera.

1042 565 1125 593 Vsus.
1144 564 1204 592 6~8.
1226 565 1360 599 Quoniam
1386 567 1425 594 sic
1448 567 1518 594 dixit
1531 567 1660 595 Dominus
1677 568 1710 594 ad
1736 576 1790 601 me,

1003 611 1145 639 Profectus
1159 617 1248 639 statue
1265 612 1311 640 tibi
1329 613 1539 647 speculatorem,
1554 615 1662 648 etquod
1677 615 1791 647 videris,

1004 658 1141 685 renuntia.
1159 658 1192 685 Et
1206 657 1262 685 vidi
1284 665 1406 686 sessores
1422 659 1528 694 equites
1551 660 1629 693 duos,
1653 668 1791 688 sessorem

1004 704 1085 737 asini,
1111 709 1139 732 et
1157 712 1292 732 scssoretn
1323 706 1433 733 cameli.
1456 706 1524 733 Audi
1539 706 1705 735 auditionem
1722 708 1791 734 mul-

1003 755 1069 783 tam,
1087 756 1115 778 et
1131 758 1199 778 voca
1214 751 1306 778 Uriam
1326 752 1359 778 ad
1375 752 1524 787 speculam.
1537 761 1547 778 ι
1574 752 1655 789 Signa
1677 761 1744 780 Vero
1763 748 1804 780 et‘

1002 797 1125 832 symbola
1141 798 1200 824 haec
1215 802 1291 824 erant
1312 797 1380 824 aciei
1400 798 1585 831 inimicorum,
1600 807 1716 835 quorum
1743 799 1790 827 alii

1002 841 1128 869 curribus
1142 842 1210 869 vecti
1228 842 1380 875 irruebant,
1409 843 1454 870 alii
1471 843 1603 878 jumentis
1622 845 1747 872 sarcinas
1762 849 1790 872 et

1000 892 1182 915 commeatum
1200 890 1328 923 agebant.
1357 899 1366 914 ι
1381 889 1450 916 Audi
1470 890 1636 918 auditionem
1664 890 1788 922 multam,

1000 939 1028 962 et
1040 942 1106 962 voca
1129 934 1221 962 Uriam
1245 935 1276 962 ad
1303 936 1482 970 speculamp
1512 937 1638 964 videlicet
1655 944 1727 969 eam,
1755 937 1790 963 do

999 990 1052 1018 qua
1063 987 1159 1017 postea
1172 990 1274 1016 sermo,
1291 985 1347 1011 sive
1359 983 1484 1017 leaenam,
1507 984 1565 1012 sive
1583 985 1655 1012 Ariel
1684 992 1785 1017 evoca;

999 1033 1029 1056 ut
1045 1035 1074 1057 et
1091 1030 1150 1065 ipse
1162 1030 1276 1057 veniens
1288 1038 1302 1056 a
1320 1030 1490 1065 speculatore
1502 1030 1638 1063 videatur,
1655 1032 1790 1066 propheta

999 1075 1063 1103 item
1083 1082 1145 1102 cum
1163 1075 1336 1110 speculatore
1353 1083 1405 1102 una
1432 1075 1628 1110 conspiciente.
1650 1076 1697 1104 Ille
1721 1084 1788 1104 vero

999 1121 1156 1156 speculator
1169 1128 1284 1148 monens
1296 1122 1438 1156 sequentia
1458 1121 1534 1149 dicit.
1549 1121 1597 1149 liis
1616 1127 1705 1149 autem
1721 1127 1790 1156 puto

998 1167 1146 1202 signiﬁcari
1161 1167 1334 1203 Assyriorum
1352 1174 1476 1201 regnum,
1491 1167 1593 1202 judicio
1610 1167 1655 1194 Dei
1666 1167 1790 1195 funditus

997 1221 1135 1241 eversum.
1151 1212 1205 1241 Pro
1220 1214 1266 1240 illo
1280 1219 1382 1245 autem,
1399 1223 1408 1239 ι
1424 1213 1528 1247 Uriam,
1542 1223 1551 1239 ι
1579 1213 1687 1248 Aquila,
1705 1224 1714 1239 ι
1731 1214 1782 1241 leo-

997 1267 1070 1293 nem,
1094 1269 1104 1286 ι
1131 1259 1323 1295 Symmachus,
1338 1268 1347 1284 ι
1366 1259 1491 1290 leaenam,
1509 1268 1518 1284 ι
1534 1259 1695 1291 Theodotio,
1720 1268 1729 1284 ι
1751 1260 1785 1285 A-

997 1305 1057 1338 riel,
1072 1315 1082 1332 »
1095 1305 1190 1333 edidit.
1205 1305 1290 1332 Nemo
1306 1305 1387 1340 igitur
1406 1305 1498 1333 Uriam
1516 1306 1678 1333 memoravit
1692 1316 1698 1333 :
1717 1313 1786 1339 quo-

995 1352 1069 1379 niam
1087 1359 1137 1380 nec
1149 1351 1282 1380 Hebraica
1297 1360 1348 1380 vox
1363 1351 1456 1380 Uriam
1472 1352 1606 1379 nominat.

1031 1440 1114 1470 Vens.
1128 1441 1156 1468 9.
1177 1450 1187 1466 ι
1203 1440 1236 1468 Et
1247 1440 1336 1468 dixit:
1353 1440 1423 1469 Steti
1441 1445 1497 1468 tcta
1512 1440 1566 1473 die,
1585 1445 1613 1468 et
1638 1440 1664 1466 in
1685 1439 1789 1467 castris

994 1488 1056 1515 steti
1073 1492 1128 1515 tota
1143 1493 1233 1515 nocte.
1252 1497 1261 1514 ι
1278 1487 1361 1515 Stetit
1378 1495 1444 1522 ergo
1460 1487 1590 1522 propheta
1611 1494 1672 1513 cum
1687 1493 1784 1520 specu-

994 1532 1090 1566 latore,
1107 1538 1271 1568 exspectans
1287 1533 1406 1560 futuram
1421 1532 1494 1560 illam
1518 1533 1664 1564 visionem,
1682 1532 1782 1563 leonis,

993 1578 1034 1606 vel
1051 1579 1153 1612 lemma,
1169 1579 1211 1605 vel
1227 1579 1312 1606 Ariel.
1329 1578 1394 1606 Cum
1410 1583 1503 1606 autem
1528 1583 1585 1606 toto
1611 1578 1664 1606 diei
1682 1582 1709 1605 et
1733 1585 1784 1605 no-

992 1626 1045 1653 ctis
1062 1630 1182 1661 tempore
1196 1625 1369 1660 perstitisset,
1387 1625 1490 1658 subdit,
1505 1635 1514 1651 ι
1533 1625 1566 1652 Et
1577 1632 1641 1652 ecce
1663 1625 1719 1658 ipse
1736 1631 1784 1650 ve-

993 1671 1042 1698 nit.
1061 1680 1070 1696 »
1087 1670 1153 1703 Quis
1169 1670 1212 1697 ille
1230 1675 1319 1697 autent
1342 1675 1396 1702 est,
1416 1670 1469 1698 nisi
1487 1670 1561 1697 Ariel
1576 1670 1637 1705 biga
1664 1669 1782 1696 vectus?

993 1717 1082 1750 Quare
1094 1717 1142 1749 ait,
1170 1726 1179 1742 ι
1196 1716 1228 1743 Ει
1241 1723 1306 1744 ecce
1328 1717 1385 1751 ipse
1411 1716 1497 1748 venit,
1525 1723 1654 1744 ascensor
1673 1716 1751 1750 bigae.
1768 1725 1780 1741 ι

992 1763 1060 1797 Quis
1073 1771 1138 1790 vero
1152 1767 1211 1789 erat
1227 1762 1283 1794 ille,
1300 1762 1350 1790 nisi
1366 1762 1438 1789 ultor
1452 1761 1563 1797 quidam
1588 1761 1710 1796 angelus.
1730 1769 1779 1788 cu-

989 1810 1034 1845 jus
1048 1817 1129 1845 opera
1144 1809 1288 1845 Babylonis
1303 1809 1410 1836 obsidio
1427 1807 1591 1843 perﬁcienda
1611 1808 1693 1835 erat?
1709 1806 1777 1835 For-

993 1861 1065 1883 tasse
1082 1855 1155 1883 Ariel
1176 1855 1275 1882 dicitur
1289 1855 1332 1882 vel
1353 1855 1424 1882 idem
1440 1854 1497 1889 ipse
1514 1854 1560 1888 qui
1577 1853 1655 1888 quasi
1674 1853 1715 1880 leo
1734 1861 1782 1880 ru-

992 1901 1069 1936 giens
1081 1900 1180 1928 circuit
1193 1907 1319 1935 quaerens
1336 1907 1417 1934 quem
1432 1900 1554 1927 devoret.
1584 1899 1617 1926 Et
1633 1906 1699 1925 sane
1715 1906 1780 1926 con-

992 1951 1085 1981 specto
1107 1946 1163 1978 illo,
1179 1945 1310 1980 propheta
1328 1945 1464 1973 intellexit
1482 1954 1554 1978 eum,
1581 1950 1674 1980 utpote
1695 1953 1782 1980 ange-

992 1992 1047 2020 lum
1064 1993 1190 2025 ultorem,
1204 1992 1350 2027 Babylonis
1372 1993 1485 2019 exitium
1506 1999 1676 2028 procurare:
1693 1999 1779 2027 quare

991 2039 1127 2067 exclamat
1140 2039 1183 2066 his
1195 2039 1298 2070 verbis,
1315 2048 1324 2064 ι
1340 2039 1455 2071 Cecidit,
1472 2039 1571 2067 cecidit
1593 2038 1725 2074 Babylon,
1751 2043 1780 2066 et

990 2086 1081 2113 omnia
1101 2085 1244 2112 simulacra
1266 2085 1335 2120 ejus,
1358 2089 1386 2112 et
1408 2085 1563 2112 manufacta
1585 2084 1644 2119 ejus
1659 2085 1779 2112 contrita

991 2135 1054 2158 sunt
1080 2131 1106 2158 in
1136 2135 1249 2158 terram.
1274 2140 1283 2157 ι
1313 2131 1380 2158 Nam
1405 2131 1480 2166 quasi
1495 2131 1521 2158 id
1540 2138 1674 2166 peragere
1687 2131 1778 2165 jussus

990 2182 1062 2205 esset
1079 2177 1166 2209 Ariel,
1189 2177 1262 2205 hanc
1275 2177 1378 2204 emittit
1393 2177 1526 2212 propheta
1542 2185 1654 2205 vocem:

141 2218 277 2254 ροποίητα
289 2219 374 2255 αὐτῆς
385 2219 529 2255 συνετρίϐη
551 2221 595 2252 είς·
609 2222 659 2257 τὴν
670 2222 730 2257 γῆν.
745 2232 755 2248 ι
775 2222 819 2254 Ὡς
843 2223 898 2260 γὰρ
928 2224 1014 2252 ταῦτα
1036 2225 1139 2260 πρᾶξαι
1159 2225 1369 2261 κεκελευσμένου
1391 2225 1437 2252 τοῦ
1455 2225 1558 2261 Ἀριὴλ,
1580 2225 1680 2260 ταύτην
1703 2225 1778 2261 ἠφίει

139 2265 191 2300 τὴν
204 2267 297 2302 φωνὴν
311 2267 325 2293 ὁ
342 2268 503 2303 προφήτης·

182 2322 191 2336 ε
204 2311 361 2345 Ἀκούσατε,
373 2314 397 2340 οί
408 2314 650 2350 καταλελειμμένοι
662 2316 707 2342 καὶ
723 2317 747 2342 οἱ
760 2316 934 2352 ὀδυνώμενοι,

1026 2317 1108 2345 Vens.
1128 2315 1171 2342 10.
1190 2324 1200 2340 ι
1216 2314 1314 2342 Audite
1332 2314 1380 2349 qui
1397 2315 1519 2343 derelicti
1533 2317 1611 2348 estis.
1625 2322 1651 2344 et
1667 2317 1712 2351 qui
1726 2317 1776 2345 do-

139 2357 289 2389 ἀκούσατε,
306 2358 324 2385 ἃ
337 2359 442 2394 ηκουσα
466 2359 543 2396 παρὰ
566 2361 669 2397 Κυρίου
690 2362 815 2396 Σαϐαὼθ,
832 2364 847 2390 ὁ
866 2363 932 2397 Θεὸς

139 2401 191 2430 τοῦ
213 2403 319 2438 Ἰσραὴλ
341 2404 501 2440 ἀνήγγειλεν
522 2407 597 2442 ἡμῖν.
611 2416 619 2432 t
639 2408 672 2433 Ἀ
686 2408 740 2443 γὰρ
757 2409 819 2444 ἐμοὶ
829 2409 933 2436 ἀπεκά-

140 2448 223 2483 λυψε,
233 2447 318 2476 ταῦτα
332 2450 380 2476 καὶ
393 2452 457 2486 ὑμῖν
467 2451 596 2487 ἐξέφηνεν
612 2453 650 2484 ὡς
663 2453 695 2479 δι’
704 2453 929 2491 ἐρμηνέωςὲμοῦ.

183 2503 192 2519 ι
205 2493 243 2520 Τὸ
253 2494 343 2530 ὅραμα
359 2495 408 2529 τῆς
426 2495 586 2533 Ἰδουμαίας.
601 2498 673 2532 Πρὸς
687 2499 737 2534 ἐμὲ
765 2499 843 2527 κάλει
857 2501 933 2537 παρὰ

137 2540 189 2568 τοῦ
206 2540 298 2576 Σηείρ.
316 2540 466 2569 Φυλάσσετε
478 2543 613 2577 ἐπάλξεις.
627 2555 636 2570 ι
657 2545 748 2572 Ἔοικε
757 2546 785 2572 δὲ
799 2549 856 2579 τοῖς
870 2548 933 2574 ἑαυ-

136 2587 189 2614 τοῦ
204 2587 352 2623 γνωρίμοις
370 2589 384 2614 ὁ
398 2587 463 2620 Θεὸς
480 2592 649 2626 προσφωνεῖν
666 2591 751 2626 λέγων
762 2601 768 2607 ·
794 2602 803 2618 ι
816 2594 888 2629 Πρὸς
904 2595 932 2620 ὲ-

139 2633 177 2669 μὲ
191 2632 268 2660 κάλει
297 2633 373 2669 παρὰ
387 2633 434 2660 τοῦ
450 2635 546 2671 Σηείρ·
562 2646 572 2662 ι
595 2647 603 2662 ι
614 2637 676 2669 τοὺς
690 2647 698 2663 ι
719 2637 773 2673 γὰρ
796 2648 805 2664 ι
818 2639 932 2674 φεύγον-

135 2688 190 2711 τας
205 2679 280 2715 παρὰ
297 2679 343 2706 τοῦ
367 2680 460 2715 Σηεὶρ,
473 2689 483 2706 ι
512 2681 581 2708 κατὰ
594 2682 658 2714 τοὺς
672 2683 781 2716 λοιποὺς
800 2685 933 2721 ἑρμηνευ-

135 2725 201 2758 τὰς.
221 2734 230 2751 ι
243 2725 312 2760 πρὸς
329 2726 379 2761 ἐμὲ
397 2725 486 2758 κάλει,
499 2736 508 2752 ›
525 2728 616 2763 φησίν.
631 2729 715 2765 Σηεὶρ
730 2729 758 2756 δὲ
771 2730 892 2758 ἐκαλεῖτο
903 2733 932 2758 ὲν

135 2772 173 2806 τῇ
196 2771 310 2807 Ἀραϐίᾳ
324 2771 386 2807 ὅρος
401 2771 449 2798 τοῦ
466 2771 561 2804 Ἠσαῦ,
582 2773 611 2799 ὲν
624 2770 647 2807 ᾧ
666 2775 834 2810 συνειστήκει
849 2775 933 2803 αὐτοῦ

135 2816 175 2843 τὰ
193 2816 332 2851 βασίλεια·
347 2817 510 2852 γνωρίζεται
531 2817 560 2844 δὲ
584 2819 640 2851 τοῖς
670 2820 826 2855 ἐπιχωρίοις
849 2821 931 2847 εἰσέτι

140 2863 188 2890 καὶ
199 2863 247 2890 νῦν
259 2863 331 2891 οὕτω
345 2863 521 2899 καλούμενον.
541 2863 603 2896 Τοῖς
615 2862 662 2891 οὖν
671 2866 807 2900 ἀγωνιῶσι
818 2866 864 2893 τὸν
878 2867 932 2893 ἀπὸ

138 2908 193 2935 τῶν
216 2909 372 2944 Ἰδουμαίων
389 2910 470 2945 φόϐον
489 2911 603 2944 φάσκει·
619 2910 690 2946 Πρὸς
705 2911 753 2947 ἐμὲ
767 2912 932 2945 σπουδάζονς

989 2362 1050 2390 letis
1063 2361 1164 2391 audite,
1181 2367 1242 2394 qua:
1261 2360 1352 2387 audivi
1377 2367 1392 2388 a
1419 2360 1534 2389 Domino
1548 2362 1680 2395 Sabaoth,
1705 2363 1777 2391 Deus

987 2407 1070 2435 lsrael
1086 2406 1257 2434 annuntiavit
1270 2406 1357 2433 nobis.
1374 2415 1384 2432 ι
1404 2406 1469 2439 Quae
1495 2407 1568 2434 enim
1585 2407 1630 2435 ille
1646 2408 1778 2436 revelavit

988 2454 1065 2486 mihi,
1081 2454 1177 2481 eadem
1192 2453 1268 2480 vobis
1283 2460 1326 2479 me
1344 2453 1495 2488 interprete
1510 2454 1672 2483 declaravit.

1025 2498 1105 2527 Vsus.
1121 2500 1165 2527 Η.
1182 2508 1192 2525 ι
1209 2498 1283 2527 Visio
1297 2498 1432 2526 Idumaeas.
1454 2499 1494 2527 Ad
1514 2507 1557 2527 me
1572 2508 1636 2527 voca
1651 2501 1685 2527 de
1703 2501 1775 2528 Seir.

986 2546 1128 2574 Custodite
1143 2546 1358 2581 propugnacula,
1373 2555 1382 2572 ι
1402 2545 1490 2574 Notos
1506 2554 1571 2574 suos
1586 2547 1687 2581 alloqui
1703 2546 1777 2574 Deus

985 2592 1094 2620 videtur
1109 2593 1152 2620 his
1169 2592 1271 2626 verbis,
1297 2601 1306 2618 ι
1327 2592 1367 2620 Ad
1386 2599 1430 2620 me
1449 2600 1516 2620 voca
1537 2593 1570 2620 de
1583 2592 1662 2620 Scir:
1682 2602 1692 2619 ι
1711 2601 1775 2620 nam

987 2648 997 2664 ι
1014 2637 1149 2674 fugientes
1164 2638 1197 2666 de
1212 2638 1284 2670 Seir,
1301 2647 1310 2663 ι
1331 2639 1480 2666 secundum
1496 2638 1616 2672 reliquos
1638 2639 1774 2672 interpre-

987 2690 1038 2717 tes,
1054 2694 1064 2710 ί
1079 2686 1113 2712 ad
1135 2692 1179 2712 me
1194 2692 1274 2718 voca,
1290 2694 1300 2710 ι
1320 2685 1420 2719 inquit.
1438 2685 1500 2712 Seir
1518 2689 1607 2712 autem
1625 2685 1774 2713 vocabatur

986 2730 1012 2757 in
1027 2730 1128 2758 Arabia
1144 2737 1222 2757 mons
1240 2730 1319 2762 Esau,
1348 2731 1374 2757 in
1398 2738 1452 2764 quo
1477 2731 1572 2758 stabat
1592 2731 1650 2765 ejus
1678 2732 1773 2767 regia:

986 2776 1122 2810 hodieque
1137 2782 1217 2804 notus
1235 2776 1331 2804 incolis
1345 2780 1387 2803 est
1408 2777 1503 2804 eodem
1528 2777 1639 2805 nomine
1652 2778 1774 2814 appella-

986 2828 1040 2849 tus.
1062 2823 1097 2849 lis
1115 2822 1209 2856 itaque
1231 2829 1263 2849 ex
1283 2821 1408 2850 lduma:is
1429 2823 1475 2857 qui
1500 2827 1574 2852 metu
1599 2824 1773 2859 laborabant,

983 2869 1032 2901 ait,
1051 2878 1061 2894 ι
1077 2867 1115 2894 Ad
1127 2874 1169 2894 mc
1181 2867 1341 2896 festinantes
1350 2868 1450 2900 venite,
1463 2873 1490 2896 et
1501 2877 1562 2897 cum
1576 2870 1610 2897 ad
1626 2877 1668 2898 me
1681 2878 1776 2899 acces«

984 2913 1088 2946 seritis,
1110 2914 1241 2941 custodite
1258 2914 1458 2950 propugnacula
1475 2919 1562 2943 vestra
1578 2924 1584 2942 :
1603 2923 1614 2941 ι

138 2963 185 2988 τες
200 2956 292 2992 ἥκετε,
310 2957 357 2984 καὶ
372 2960 436 2993 παρ’
452 2958 513 2994 ἐμοὶ
542 2957 680 2994 γενόμενοι
710 2958 859 2994 φυλάσσετε
884 2960 930 2993 τὰς
950 2961 1052 2991 ἑαυτῶν
1068 2960 1194 2994 ἐπάλξεις
1206 2970 1212 2976 ν
