2044 3215
270 209 331 237 843

621 209 753 237 EUSEBII
771 208 1009 237 CASSARIENSIS
1026 207 1102 237 ΘΡΡ.
1123 207 1212 236 PARS
1229 207 1274 235 lli.
1294 223 1329 229 —
1347 207 1553 236 EXEGETlCA.

1853 207 1902 234 2H

317 267 397 296 Vna.
410 267 455 295 12.
485 277 497 293 ι
518 267 551 295 Et
565 274 621 303 ego
632 268 785 296 custodiam
799 276 850 296 vos
866 268 910 296 die
925 275 957 296 ac
973 273 1051 296 nocte

1150 278 1161 294 ί
1173 268 1259 302 Κάγὼ
1272 268 1300 294 δὲ
1316 268 1425 303 φυλάξω
1438 268 1509 303 ὑμᾶς
1522 268 1556 295 δι’
1570 268 1676 304 ἡμέρας
1684 268 1730 294 καὶ
1744 268 1848 299 νυκτὸς,
1858 269 1901 294 καὶ

277 320 306 343 et
322 314 393 349 apud
407 321 451 342 me
464 315 553 343 eritis.
569 325 583 343 ιι
603 315 632 343 Si
655 315 717 351 quis
733 315 761 342 in
779 316 858 343 vobis
874 315 976 342 auxilio
997 322 1065 350 opus

277 360 385 393 habent,
397 367 413 387 a
430 366 475 388 me
489 365 595 395 quaerat
608 367 686 396 opem
702 369 709 388 :
726 365 753 388 et
765 360 787 388 si
802 360 863 395 quis
882 360 998 388 salutem
1017 368 1065 387 cn-

278 410 321 433 rat
346 413 434 439 suam,
452 407 542 435 adlme
557 407 659 435 venint.
682 416 690 432 ι
706 406 769 435 Hac
782 407 891 442 quidem
903 407 975 434 dicta
997 407 1063 434 mihi

274 452 405 480 videntur
420 454 452 480 ad
469 461 518 481 eos
539 461 573 481 ex
599 453 735 488 ldummis,
749 454 913 489 quiterrore
938 457 1063 481 conster-

276 497 332 526 nati
349 503 437 532 erant,
452 506 520 534 quos
536 499 570 527 ad
588 507 618 527 se
631 504 711 527 vocat
731 499 814 531 Deus,
839 499 976 534 pollicitus
999 499 1064 533 ipsis

274 543 406 571 auxilium
420 552 511 578 suum,
528 545 550 573 si
565 550 658 573 tamen
674 545 701 573 in
720 553 751 574 se
765 550 955 580 permaneant.

309 634 392 663 Vnus.
407 636 504 664 13-15.
525 636 581 664 ιλίοη
603 636 674 665 saltu
692 644 806 671 vespere
824 636 955 667 dormias,
971 641 1016 662 aut
1034 637 1060 663 in

271 681 319 708 via
331 681 440 715 Dardan,
458 683 485 710 in
500 690 644 711 occursum
669 683 774 710 sitienti
796 690 894 717 aquam
918 682 998 714 ferte.
1015 682 1061 716 qui

270 726 401 756 habitatis
430 728 457 756 in
480 729 591 764 regione
613 729 741 757 Tbmman
756 737 763 755 :
778 729 893 764 panibus
923 727 1062 756 occurrite

271 773 449 809 fugientibus,
464 781 575 811 propter
594 775 793 803 multitudinem
817 775 982 807 occisorum,
997 782 1060 809 pro-

271 825 334 855 pter
348 821 554 849 multitudinem
565 822 726 852 errantium,
739 827 850 856 propter
862 821 1059 849 multitudinem

270 866 364 901 gladii,
387 871 415 894 et
439 872 550 902 propter
574 867 773 895 multitudinem
797 875 911 894 arcuum
938 867 1059 894 intenso-

269 919 341 945 rum,
361 916 395 940 et-
405 918 517 948 propter
538 912 741 940 multitudinem
770 920 866 940 eorum
890 913 935 947 qui
952 911 1057 939 cecide-

1115 314 1180 350 παρ’
1195 315 1256 350 ἐμοὶ
1270 314 1391 348 γένεσθε.
1407 323 1417 341 ›
1435 314 1469 341 Εἰ
1485 323 1527 346 τις
1542 315 1571 341 ὲν
1591 314 1655 349 ὑμῖν
1670 314 1796 350 βοηθείας
1809 313 1900 345 δεῖται,

1115 362 1180 396 παρ’
1202 361 1270 396 ἐμοῦ
1291 361 1407 397 ζητείτω
1424 361 1476 397 τὴν
1502 361 1643 397 βοήθειαν·
1660 361 1707 388 καὶ
1718 360 1745 387 εῐ
1755 369 1798 392 τις
1822 359 1900 386 αὖτοῦ

1114 407 1279 444 πεφρόντικε
1298 407 1445 442 σωτηρίας,
1461 408 1525 442 παρ’
1541 407 1603 442 ἐμοὶ
1627 406 1726 443 ἡκέτω.
1744 406 1839 433 Ταῦτα-
1854 405 1901 440 μὲν

1114 453 1243 489 εἰρῆσθαί·
1256 462 1300 489 μοι
1315 453 1387 480 δοκεῖ
1400 453 1469 489 πρὸς
1492 454 1556 486 τοὺς
1570 452 1811 489 ἐπτοημένουςτδν
1823 452 1902 487 φόϐον

1114 500 1168 527 τῶν
1188 500 1355 535 Ἰδουμαίων,
1375 500 1422 532 οὓς
1439 500 1508 536 πρὸς
1531 500 1627 527 ἑαυτὸν
1648 499 1777 527 ἀνακαλεῖ
1798 499 1812 525 ὀ
1826 498 1900 530 Θεὸς,

1113 546 1347 581 ἐπαγγελλόμενος
1360 546 1409 582 τὴν
1435 547 1498 582 παρ’
1523 545 1606 574 αὐτοῦ
1623 545 1758 582 βοήθειαν,
1774 545 1798 572 εἰ
1815 553 1901 580 παρα-

1115 593 1221 628 μένοιεν
1231 593 1260 620 ὲν
1278 592 1363 628 αὐτῷ,

1137 647 1160 664 λι
1183 638 1227 665 Ἐν
1250 638 1290 674 τῷ
1311 638 1406 674 δρυμῷ
1425 638 1544 674 ἑσπέρας
1562 637 1707 673 κοιμηθῇς,
1723 637 1741 673 ἢ
1758 637 1787 663 ἐν
1802 637 1835 673 τῇ
1849 635 1900 671 ὁδῷ

1112 683 1220 710 Δαιδάν·
1236 683 1278 716 εἰς
1294 683 1456 718 συνάντησιν
1472 682 1584 718 διψῶντι
1595 682 1667 718 ὕδωρ
1682 682 1790 718 φέρετε,
1805 682 1901 708 οξὲνοι-

1112 728 1223 760 κοῦντες
1238 729 1267 756 ὲν
1278 730 1310 764 τῇ
1337 728 1413 765 χώρᾳ
1426 728 1541 764 Θαιμάν·
1557 728 1649 764 ἄρτοις
1675 728 1821 755 συναντᾶτε
1845 728 1900 758 τοῖς

1112 775 1256 809 φεύγουσιν
1272 774 1355 802 διὰτὸ
1368 774 1470 810 πλῆθος
1482 775 1536 802 τῶν
1552 774 1771 810 πεφονευμένων,
1787 774 1834 801 καὶ
1857 773 1901 800 διὰ

1110 821 1141 848 τὸ
1159 821 1261 857 πλῆθος
1284 821 1338 848 τῶν
1362 821 1558 857 πλανωμένων,
1571 821 1618 849 καὶ
1628 821 1672 848 διὰ
1685 820 1716 848 τὸ
1729 820 1830 856 πλῆθος
1851 820 1900 855 τῆς

1112 867 1259 902 μαχαίρας,
1283 866 1330 894 καὶ
1354 866 1399 893 διὰ
1413 866 1445 892 τὸ
1463 866 1565 901 πλῆθος
1581 865 1636 892 τῶν
1656 865 1829 900 τοξευμάτων
1847 864 1899 891 τῶν

1111 912 1322 948 διατεταμένων,
1347 912 1394 940 καὶ
1410 911 1454 938 διὰ
1474 912 1505 938 τὸ
1529 911 1631 947 πλῆθος
1648 911 1703 938 τῶν
1718 911 1900 938 πεπτωκότων

269 963 335 985 runt
347 958 374 986 in
388 958 470 986 bello.
484 968 494 985 ι
517 958 577 987 Iam
604 959 676 986 enim
699 959 864 987 instantibus
885 966 986 994 vosque
1007 965 1053 985 ca:-

1111 959 1139 985 ὲν
1152 958 1191 994 τῷ
1209 958 1329 994 πολέμῳ.
1347 968 1362 984 ιν
1381 959 1450 994 Ἦδη
1465 958 1519 994 γὰρ
1535 958 1704 985 ἐπιστάντων
1717 957 1770 984 τῶν
1783 965 1899 984 κατακο-

268 1003 396 1032 dentibus
421 1005 595 1038 adversar-iis,
613 1012 693 1040 quam
717 1005 825 1040 plurimi
847 1009 966 1031 vestrum
984 1004 1056 1039 peri-

267 1050 336 1078 bunt
352 1050 394 1078 :si
415 1055 505 1078 autem
522 1059 592 1079 unus
606 1059 640 1079 ex
654 1051 742 1084 vobis,
759 1051 879 1084 vcl‘duo,
898 1051 940 1078 vel
959 1051 1056 1077 admo-

266 1096 333 1123 dum
355 1097 434 1132 pauci
453 1097 605 1125 incolumes
622 1097 771 1130 evaserint,
784 1097 846 1132 fuga
867 1096 982 1124 salutem
1006 1104 1055 1123 na-

265 1148 320 1177 cti;
335 1145 379 1173 his
394 1152 455 1181 ego,
472 1149 567 1181 utpote
584 1135 760 1181 fugientibus,
777 1150 806 1173 et
823 1145 887 1179 fuga
901 1143 1057 1179 defatigatis

266 1194 295 1218 et
307 1190 416 1223 solutis,
428 1197 489 1218 cum
506 1191 588 1218 urbes
602 1190 761 1218 incolendas
772 1198 825 1217 non
843 1189 971 1221 habeant,
988 1196 1056 1222 pne-

264 1237 335 1271 eipio
355 1241 386 1264 ut
403 1237 430 1264 iu
455 1236 526 1264 saltu
553 1236 626 1264 etin
656 1236 772 1264 desertis
798 1235 877 1267 locis,
905 1238 1056 1267 occupante

263 1288 396 1317 vespera.
408 1282 554 1309 dormiant.
574 1281 674 1309 Verum
690 1288 724 1308 ne
739 1280 813 1307 {anne
835 1285 960 1314 pereant,
977 1279 1056 1307 lassis

263 1329 317 1358 ilfis
341 1335 370 1358 et
395 1329 552 1358 sitientibus
568 1329 658 1357 ol‘l'erri
684 1337 782 1364 aquam
799 1334 827 1357 et
844 1336 944 1365 panem
963 1328 1052 1363 iubeo.

264 1377 312 1404 llis
329 1383 419 1404 autem
442 1384 489 1404 vos
511 1377 704 1412 alloquor,qui
723 1377 865 1407 'Ihmman,
889 1376 929 1403 sic
953 1376 1053 1402 dictam

264 1423 417 1458 regionem.
437 1423 579 1450 incolitis]:
597 1430 667 1458 quos
690 1423 816 1449 convenit
839 1421 976 1456 fugientes
992 1428 1054 1455 per-

262 1467 421 1495 humaniter
443 1468 571 1502 excipere
593 1473 621 1495 et
646 1473 778 1495 tractare.
803 1467 871 1494 Puto
894 1471 984 1494 autem
1007 1474 1054 1494 eos

262 1521 326 1540 eum
346 1513 486 1542 civitatem
503 1514 623 1542 incolere
639 1521 693 1541 non
712 1514 827 1549 possint.
841 1514 869 1541 in
891 1513 944 1540 viis
957 1517 986 1540 et
999 1512 1053 1540 sal-

263 1560 338 1587 tibus
356 1559 532 1587 habitatnros
548 1567 620 1587 esse.
636 1559 819 1593 Quamobrem
838 1567 871 1587 ne
895 1559 1054 1594 despiciatis

261 1612 313 1633 eos
332 1605 378 1640 qui
406 1611 461 1633 tam
486 1605 682 1633 miserabiliter
703 1605 774 1633 [aure
796 1609 910 1640 pereunt
924 1625 932 1636 .
952 1605 997 1639 qui
1017 1612 1050 1632 ex

261 1651 439 1680 inimicorum
457 1653 548 1688 gladio
567 1653 634 1681 salvi
657 1657 803 1680 evaserunt
818 1661 826 1680 :
844 1653 915 1687 quod
933 1652 1054 1679 maxime

261 1705 295 1725 in
317 1702 390 1726 tanta
412 1698 585 1726 multitudine
607 1699 757 1731 evaserint;
783 1698 892 1726 caeteris
917 1698 1053 1733 pereunti-

260 1743 324 1775 bus,
342 1749 390 1771 aut
404 1745 431 1771 in
448 1744 511 1772 aliis
527 1744 643 1772 desertis
657 1745 724 1772 locis
739 1743 907 1771 errantibus.

1109 1006 1231 1032 πτόντων
1242 1005 1314 1041 ὑμᾶς
1327 1005 1472 1041 πολεμίων,
1487 1005 1512 1032 οἱ
1530 1005 1579 1040 μὲν
1595 1004 1716 1031 πλεῖστοι
1729 1003 1783 1030 τῶν
1792 1004 1822 1030 ἐν
1837 1004 1899 1038 ὑμῖν

1107 1051 1282 1084 ἀπόλλυνται,
1304 1048 1345 1084 εἷς
1367 1051 1396 1078 δέ
1410 1060 1462 1078 που
1481 1051 1529 1078 καὶ
1541 1050 1677 1086 δεύτερος,
1701 1050 1777 1086 ἢκαὶ
1799 1049 1901 1086 σφόδρα

1108 1097 1221 1134 βραχεῖς
1244 1098 1269 1124 εί
1290 1097 1468 1134 περισωθεῖεν
1483 1099 1554 1133 φυγῇ
1576 1096 1625 1133 τὴν
1639 1097 1776 1132 σωτηρίαν
1792 1095 1901 1132 ποριζό-

1108 1152 1195 1179 μενοι,
1225 1143 1331 1176 τούτοις
1354 1143 1445 1175 αὐτοῖς
1471 1142 1526 1177 ἐγὼ
1547 1142 1780 1179 παρακελεύομαι,
1800 1141 1901 1168 ὡσανεὶ

1107 1189 1238 1224 φεύγουσι
1265 1189 1314 1216 καὶ
1339 1190 1371 1216 ὲκ
1394 1189 1443 1225 τῆς
1460 1189 1550 1224 φυγῆς
1575 1188 1753 1225 παρειμένοις
1775 1188 1826 1224 ἥδη
1854 1188 1902 1215 καὶ

1106 1236 1307 1272 ἐκλελυμένοις,
1324 1235 1422 1272 μηκέτι
1430 1235 1495 1270 γοῦν
1512 1235 1589 1262 πόλιν
1600 1236 1684 1263 οἰκεῖν
1700 1234 1817 1270 ἔχοντες,
1828 1230 1900 1261 οὗτοι

1106 1283 1136 1308 ὲν
1151 1282 1247 1318 δρυμῷ
1267 1283 1313 1310 καὶ
1329 1283 1358 1309 ὲν
1372 1283 1487 1318 ἐρήμοις
1507 1283 1612 1314 τόποις,
1631 1281 1839 1317 καταλαϐούσης
1851 1281 1900 1308 αὺ-

1106 1329 1168 1361 τοίις
1191 1329 1311 1365 ὲσπέρας
1338 1328 1562 1364 κοιμηθήσονται.
1591 1328 1660 1355 Ἀλλ’
1684 1328 1727 1355 ἵνα
1764 1327 1801 1364 μὴ
1828 1326 1900 1362 λιμῷ

1105 1375 1290 1411 διαφθαρεῖεν,
1305 1374 1475 1411 κεκμηκόσιν
1487 1375 1578 1406 αὐτοῖς
1592 1374 1640 1401 καὶ¹
1653 1373 1766 1409 διψῶσιν
1779 1372 1833 1399 ἀπὸ
1848 1381 1899 1400 κα-

1107 1422 1204 1457 μάτου,
1220 1421 1386 1458 προσφέρειν
1407 1421 1479 1457 ὓδωρ
1500 1421 1548 1448 καὶ
1567 1420 1648 1457 ἄρτον
1665 1418 1896 1456 παρακελεύομαι.

1104 1468 1198 1495 Ταῦτα
1215 1468 1244 1495 δὲ
1260 1468 1328 1504 πρὸς
1351 1468 1424 1504 ὑμᾶς
1452 1476 1523 1503 φημι
1551 1467 1615 1499 τοὺς
1630 1467 1680 1503 τὴν
1703 1465 1811 1502 Θαιμὰν
1826 1464 1900 1492 οὕτω

1104 1514 1276 1550 καλουμένην
1305 1513 1396 1549 χώραν
1422 1513 1574 1545 οἰκοῦντας,
1600 1512 1648 1545 οὓς
1675 1512 1775 1548 πρέπει
1803 1511 1899 1545 δεξιῶς

1103 1560 1283 1596 ἀποδέχεσθαι
1308 1560 1356 1587 καὶ
1376 1559 1648 1595 φιλανθρωπεύεσθαι
1675 1559 1739 1590 τοὺς
1763 1557 1895 1593 φυγάδας.

1105 1605 1188 1642 Οἶμαι
1199 1606 1227 1633 δὲ
1245 1606 1322 1634 πόλιν
1339 1605 1378 1632 ἔτι
1399 1607 1537 1633 κατοικεῖν
1556 1605 1586 1632 οὐ
1603 1605 1756 1640 δυνάμενοι,
1778 1605 1807 1631 ὲν
1829 1604 1900 1635 ὁδοῖς

1104 1653 1151 1680 καὶ
1163 1653 1275 1688 δρυμοῖς
1300 1652 1520 1688 αὑλισθήσονται.
1542 1651 1588 1678 Διὸ
1609 1651 1647 1687 μὴ
1661 1651 1792 1687 παρίδητε
1812 1651 1898 1683 οὕτως

1103 1699 1221 1735 οἰκτρῶς
1230 1698 1302 1734 λιμῷ
1317 1698 1509 1734 φθειρομένους
1523 1698 1587 1729 τοὺς
1601 1697 1785 1729 διασωθέντας
1799 1697 1832 1723 ὲκ
1847 1696 1899 1732 τῆς

1103 1745 1158 1773 τῶν
1180 1745 1317 1780 πολεμίων
1341 1745 1489 1781 μαχαίρας·
1517 1745 1542 1771 οἳ
1568 1744 1687 1780 μάλιστα
1712 1745 1745 1770 ὲκ
1768 1742 1896 1770 τοσούτου

262 1789 383 1825 πλήθους
396 1790 553 1826 δεδύνηνται
564 1791 716 1826 διαφυγεῖν,
735 1791 789 1818 τῶν
801 1791 903 1819 λοιπῶν
919 1791 1106 1825 ἀπολωλότων,
1130 1792 1147 1828 ἦ
1171 1793 1218 1819 καὶ
1237 1791 1482 1828 ἀποπλανηθέντων
1508 1792 1537 1818 ὲν
1560 1791 1664 1828 ἑτέροις
1693 1790 1898 1826 ἀπῳκισμένοις

259 1846 363 1870 mnarg.

296 1881 378 1912 Vtilis.
396 1884 441 1918 1'6,
456 1885 499 1913 Π.
516 1895 530 1911 (ι
538 1885 671 1919 Quoniam
687 1886 727 1913 sic
740 1886 808 1913 dixit
823 1886 889 1913 mihi
906 1886 1049 1918 Dominus.

257 1931 354 1958 Aditur:
374 1938 464 1958 annus
476 1935 607 1966 tanquam
635 1938 724 1959 annus
748 1932 922 1963 mercenarii,
939 1931 1053 1959 deﬁciet-

259 1977 346 2013 gloria
368 1978 488 2005 iiliorum
505 1977 654 2006 (ζωοί-εει
673 1979 746 2014 quod
773 1979 910 2013 reliquum
937 1984 977 2006 est
1005 1985 1050 2004 ar-

257 2031 339 2050 cuum
360 2023 472 2050 fortium
492 2023 610 2050 illiorum
632 2023 731 2056 Cedar,
749 2024 803 2051 erit
822 2024 962 2058 exiguum,
980 2031 1050 2058 quo-

258 2068 332 2096 niam
350 2069 479 2096 Dominus
495 2069 566 2097 Deus
578 2069 660 2096 Israel
677 2069 783 2096 locutus
799 2073 851 2096 est.
867 2078 877 2094 ι
890 2068 967 2102 Quod
984 2075 1048 2102 pro-

258 2121 304 2149 pe,
322 2120 349 2142 et
371 2115 451 2149 quasi
476 2114 548 2142 intra
571 2115 670 2150 januus
691 2115 842 2150 ingressum
870 2115 907 2142 sit
926 2114 1054 2142 Idumam

257 2160 371 2187 exitium
385 2169 392 2187 :
404 2166 431 2188 et
444 2161 523 2196 quod.
542 2162 655 2189 omnino
681 2162 710 2189 in
731 2162 882 2197 perniciem
901 2161 963 2188 ituri
980 2161 1054 2193 sint,

257 2207 416 2243 Babyloniis
440 2215 535 2236 eorum
562 2208 647 2235 urbes
670 2208 889 2240 incendentibus,
906 2215 939 2235 ac
962 2212 1048 2235 totam

257 2254 397 2290 regionem
424 2254 637 2289 populantibus,
665 2255 739 2282 clare
765 2255 940 2289 praenuntiat.
970 2253 1048 2282 Unus

257 2303 369 2338 quippe,
389 2301 439 2333 ait,
458 2301 610 2328 intercedet
634 2308 733 2333 annus,
749 2306 777 2328 et
792 2301 926 2337 sagittarii
946 2301 1046 2334 Cedar,

256 2348 377 2381 etiamsi,
392 2348 491 2382 inquit,
506 2348 604 2374 mirum
618 2348 666 2380 sir,
683 2348 710 2375 in
730 2348 790 2383 ejus
810 2349 848 2375 rei
863 2347 1046 2383 suspicionem

255 2395 408 2426 venientes,
429 2393 557 2421 deﬁcient
581 2398 609 2420 et
635 2393 772 2428 peribunt.
797 2393 922 2428 Veraque
948 2393 1047 2428 praedi-

255 2441 311 2468 ctio
325 2445 376 2472 est,
398 2439 529 2467 Dominus
549 2439 622 2465 enim
653 2437 724 2465 Deus
752 2437 838 2465 Israel
861 2437 968 2465 locutus
991 2441 1044 2464 est.

256 2487 366 2514 Veritas
376 2491 466 2513 alitem
482 2492 621 2519 nunquam
637 2485 796 2512 mentietur.

539 2584 654 2612 CA‘PUT
674 2584 756 2612 XX".

289 2667 372 2695 Vens.
390 2667 417 2695 ιτ.
430 2677 445 2693 ιη
455 2666 533 2694 Visio
546 2665 626 2693 vallis
641 2665 718 2692 Sion.
735 2664 806 2698 Quid
822 2664 922 2692 factum
932 2670 974 2692 est
986 2665 1044 2698 tibi,

253 2713 380 2748 quoniam
401 2721 476 2741 nunc
498 2711 669 2740 ascendistis
684 2718 781 2738 omnes
800 2710 826 2737 in
847 2715 917 2738 tecta
931 2711 1019 2738 vana?
1032 2721 1042 2738 ι

252 2760 377 2788 Pramus
391 2760 470 2787 vallis
488 2758 581 2786 Sionis
596 2758 677 2786 visio.
692 2765 745 2784 non
761 2757 794 2784 de
814 2757 874 2793 ipsa
890 2757 983 2789 Sione.
997 2758 1044 2785 sed

254 2806 288 2833 de
303 2805 447 2839 adiacente
458 2805 528 2832 valle
540 2805 650 2832 dicitur.
667 2803 853 2837 Quamobrem
875 2805 912 2832 ait
926 2809 1021 2839 postea
1034 2813 1041 2832 :

255 2860 265 2878 ‹
279 2851 406 2878 ﬁlerunt
420 2850 512 2878 electa:
522 2851 605 2878 valles
621 2855 684 2882 tuae,
702 2849 880 2884 replebuntur
896 2851 1040 2878 curribus:

252 2898 358 2933 equites
387 2905 454 2925 vcro
483 2897 629 2925 occludent
660 2904 756 2933 portas
787 2901 880 2924 tuas.»
919 2897 1044 2925 Arbitror

253 2951 334 2980 porro
353 2943 438 2974 Deum
462 2943 507 2974 his
527 2942 706 2979 ahjcctioucm
733 2943 841 2973 lsraclis
854 2949 880 2973 et
892 2950 1042 2974 extremam

1143 1896 1151 1912 ι
1174 1886 1247 1913 Διότι
1265 1885 1353 1917 οὕτως
1376 1883 1436 1912 εῐπέ
1453 1894 1498 1921 μοι
1512 1885 1624 1922 Κύριος⁸
1643 1885 1703 1912 Ἔτι
1720 1884 1843 1916 ἐνιαυτὸς
1857 1883 1900 1917 ὡς

1103 1931 1225 1964 ἐνιαυτὸς
1240 1931 1386 1967 μισθωτοῦ,
1402 1931 1520 1966 ἔκλείψει
1537 1932 1554 1967 ἡ
1567 1930 1630 1963 δόξα
1642 1930 1697 1958 τῶν
1709 1930 1775 1958 υἱῶν
1788 1929 1896 1966 Κηδὰρ,

1103 1978 1151 2004 καὶ
1158 1978 1188 2004 τὸ
1199 1978 1361 2005 κατάλοιπον
1370 1978 1424 2004 τῶν
1435 1977 1609 2012 τοξευμάτων
1623 1976 1678 2003 τῶν
1694 1975 1814 2012 ἰσχυρῶν
1829 1975 1896 2002 υίῶν

1102 2024 1199 2060 Κηδὰρ
1215 2024 1291 2051 ἔσται
1307 2024 1406 2058 ὀλίγον,
1424 2023 1464 2050 ὅτι
1479 2023 1581 2059 Κύριος
1596 2024 1610 2050 ὁ
1621 2022 1686 2055 Θεὸς
1709 2021 1818 2059 Ἰσραὴλ
1832 2021 1896 2049 ἑλά-

1102 2072 1194 2108 λησεν.
1212 2082 1221 2098 ι
1237 2072 1300 2099 Ὅτι
1323 2072 1433 2106 γέγονεν
1458 2071 1551 2105 ἐγγὺς,
1569 2070 1616 2097 καὶ
1640 2067 1697 2097 οἷον
1711 2069 1777 2097 εἴσω
1795 2069 1894 2106 βέϐηκε

1102 2118 1193 2154 θυρῶν
1208 2120 1222 2145 ὁ
1237 2119 1286 2154 τῆς
1312 2117 1465 2154 Ἰδουμαίας
1490 2117 1611 2152 ὄλεθρος,
1633 2117 1681 2144 καὶ
1701 2117 1745 2144 ὅτι
1759 2117 1849 2152 πάντη
1865 2125 1898 2143 τε

1102 2165 1150 2191 καὶ
1180 2164 1288 2196 πάντως
1313 2165 1468 2200 οἰχήσονται
1496 2163 1564 2199 πρὸς
1590 2163 1738 2196 ἀπώλειαν,
1757 2171 1895 2199 κατεμπι-

1101 2212 1229 2247 πράντων
1245 2213 1337 2243 αὐτοῖς
1363 2210 1413 2243 τὰς
1438 2210 1531 2242 πόλεις
1557 2210 1612 2237 τῶν
1633 2210 1822 2242 Βαϐυλωνίων,
1848 2210 1897 2236 καὶ

1102 2258 1209 2285 ἃπασαν
1223 2257 1252 2284 δὲ
1265 2257 1471 2293 καταδῃούντων
1486 2256 1535 2293 τὴν
1554 2258 1657 2293 χώραν,
1673 2255 1895 2292 προαπαγγέλλει

1102 2303 1206 2338 σαφῶς.
1227 2301 1275 2335 Εἷς
1294 2302 1348 2339 γὰρ
1365 2302 1452 2334 ἔσται,
1469 2303 1561 2338 φησιν,
1581 2303 1596 2328 ὁ
1612 2302 1734 2334 ἐνιαυτὸς
1747 2302 1760 2329 ό
1779 2301 1893 2338 μεταξὺ,

1101 2350 1148 2376 καὶ
1165 2351 1189 2377 οἱ
1204 2350 1252 2385 τῆς
1267 2349 1363 2385 Κηδὰρ
1382 2349 1498 2381 τοξόται,
1518 2349 1616 2381 καίτοι,
1635 2349 1726 2384 φησὶν,
1739 2349 1791 2376 οὐκ
1810 2348 1896 2376 ἀθαύ-

1101 2403 1212 2431 μαστον⁸
1230 2396 1274 2422 ἐπ’
1294 2395 1367 2431 αὐτῷ
1382 2395 1411 2422 δὲ
1423 2395 1510 2431 τούτῳ
1524 2395 1572 2431 τὴν
1585 2395 1719 2431 ὑπόληψιν
1733 2395 1895 2431 ἐσχηκότες,

1099 2440 1255 2476 ἐκλείψουσί
1268 2449 1298 2467 τε
1314 2441 1361 2467 καὶ
1376 2440 1550 2467 ἀπολοῦνται.
1563 2441 1618 2468 Καὶ
1632 2441 1735 2477 ἀληθὴς
1747 2443 1764 2477 ἡ
1775 2442 1896 2478 προαγό-

1101 2494 1202 2521 psus-tr
1218 2485 1321 2521 Κύριος
1336 2485 1391 2522 γὰρ
1404 2485 1534 2521 ἐλάλησεν
1547 2487 1560 2513 ὁ
1571 2486 1638 2518 Θεὸς
1655 2487 1773 2522 Ἰσραήλ.
1786 2487 1895 2514 Ψεύσε-

1100 2539 1145 2558 ται
1163 2531 1191 2557 δὲ
1205 2531 1304 2566 μᾶλλον
1318 2531 1444 2567 οὐδαμῶς
1453 2532 1470 2567 ἡ
1485 2531 1608 2568 ἀλήθεια.

1361 2589 1558 2617 ΚΕΦΑΛΑΙΟΝ
1570 2591 1633 2618 KB’.

1138 2678 1146 2694 ι
1175 2668 1212 2694 Τὸ
1225 2669 1316 2704 ὅραμα
1329 2669 1380 2703 τῆς
1396 2669 1538 2704 φάραγγος
1560 2670 1640 2697 Σιών.
1655 2671 1687 2697 Τί
1707 2670 1818 2706 ἐγένετό
1839 2680 1894 2704 σοι,

1098 2715 1139 2742 ὅτι
1154 2715 1202 2743 νῦν
1217 2715 1332 2751 ἁνέὸητε
1344 2715 1446 2748 πάντες
1461 2717 1502 2748 εἰς
1522 2716 1639 2753 δώματα·
1652 2717 1772 2753 μάταια;
1788 2728 1797 2744 ι
1811 2719 1848 2745 Τό
1863 2725 1898 2752 γε

1101 2762 1154 2797 μὴν
1181 2761 1362 2797 προκείμενον
1392 2762 1535 2797 φάραγγος
1565 2763 1635 2790 Σιὼν
1665 2764 1757 2800 ὅραμα
1781 2764 1812 2791 οὐ
1843 2765 1896 2800 τῆς

1098 2807 1183 2843 αὐτῆς
1200 2807 1279 2840 Σιὼν,
1299 2806 1367 2834 ἀλλὰ
1386 2809 1450 2844 περὶ
1472 2808 1523 2843 τῆς
1548 2810 1735 2845 προκειμένης
1750 2810 1820 2846 αὐτῇ
1841 2812 1896 2845 φά·-

1098 2863 1201 2890 ραγγος
1213 2855 1330 2890 εἴρηται.
1352 2855 1451 2891 Διόπερ
1479 2855 1542 2891 ἑξῆς
1557 2855 1658 2891 προῖὼν
1680 2857 1695 2882 ό
1719 2856 1798 2891 λόγος
1812 2858 1891 2893 φησί-

1100 2910 1108 2926 (
1131 2901 1186 2928 Καὶ
1200 2900 1306 2928 ἔσονται
1334 2901 1462 2929 ἐκλεκταὶ
1475 2902 1618 2938 φάραιίγές
1635 2911 1693 2935 σου,
1719 2903 1891 2939 πλησθήσυγ-

1097 2957 1140 2975 ται
1165 2948 1304 2984 ἁρμάτων·
1327 2950 1349 2977 οἱ
1373 2949 1401 2977 δὲ
1415 2951 1515 2986 ,ἱππεῖς
1535 2950 1705 2987 ὲμφρὰξουσι
1729 2950 1779 2982 τὰς
1802 2949 1891 2982 πύλαις
