2044 3215
162 198 215 227 265

620 202 868 231 COMMENTARIA
888 203 920 231 IN
941 204 1069 233 lSAlAM.
1089 222 1124 229 —-
1142 206 1217 235 CAP.
1238 205 1320 234 XXII.

1725 210 1780 239 246

165 267 222 285 σου.
240 267 249 284 ι
270 256 354 294 οἶμαι
378 259 422 286 διὰ
438 259 539 286 τούτων
555 260 600 286 τὸν
614 261 680 288 Θεὸν
695 261 744 297 τὴν
755 262 889 297 ἀποϐολὴν
902 263 945 289 τοῦ

999 263 1057 298 ejus
1070 265 1177 292 ruinam
1192 266 1349 300 signiﬁcare
1366 267 1445 299 velle,
1466 267 1593 301 ipsosque
1607 269 1632 295 in
1651 269 1779 305 alienige-

170 304 276 340 Ἰσραὴλ
291 305 338 331 καὶ
351 306 399 340 τήν
414 306 530 341 ἐσχάτην
544 306 700 333 ἀπόπτωσιν
717 308 836 343 σημῆναι
853 308 944 342 βουλό-

166 358 254 385 μενον,
268 351 296 376 ὲν
312 350 351 385 τῷ
360 350 479 386 τάγματι
490 352 542 377 τῶν
551 351 705 386 ἀλλοφύλων
719 353 816 384 αὐτοὺς
830 362 898 379 κατα
904 354 946 380 τά-

165 395 218 428 ξαι,
235 395 334 431 μέσους
349 397 571 432 παραληφθέντας
578 398 627 432 τῆς
642 398 697 424 τῶν
711 398 865 433 ἀλλοφύλων
875 400 945 434 Γρα-

163 441 227 477 φῆς.
242 441 321 468 Ἀλλὰ
335 442 381 468 καὶ
391 442 439 478 τὴν
451 443 554 469 πτῶσιν
568 443 618 479 τῆς
638 443 812 479 Ἰερουσαλὴμ
826 445 946 480 ἡγοῦμαι

162 486 318 522 δηλοῦσθαι,
334 486 378 513 διὰ
393 487 472 514 τοῦτο
492 487 620 522 φάραγγα
641 488 710 515 Σιὼν
726 489 875 524 ὀνομάζων.
891 489 946 515 Καὶ

162 532 249 565 ἄλλως
261 532 289 559 δὲ
309 533 445 568 μέμφεται
459 534 472 559 ὁ
487 534 552 565 θεὸς
562 533 608 560 τοῦ
629 534 762 561 Ἰουδαίων
778 534 870 566 ἔθνους
884 535 946 566 τοὺς

161 579 350 611 ἀποπεσόντας
365 579 411 606 τοῦ
428 580 510 614 ὕψους
526 580 572 607 τοῦ
582 580 723 613 θεοσεϐοῦς
739 581 944 617 πολιτεύματος,

161 625 257 661 ὥσπερ
275 625 307 661 δὴ
315 626 344 652 ὲν
358 625 461 652 κοιλάσι
478 627 524 652 καὶ
538 627 566 653 ἐν
579 627 698 662 φάραγξι
721 627 767 653 τοῦ
784 628 832 663 τῆς
848 628 945 659 κακίας

163 671 244 706 βυθοῦ
272 672 529 704 καταπεπτωκότας.
556 672 624 699 Σιὼν
654 673 702 708 μὲν
716 673 771 708 γὰρ
792 674 854 709 ὅρος
873 674 946 700 ἐστὶν

161 717 274 753 ὑψηλὸν,
293 717 336 752 ἐφ’
351 715 381 744 οἶ)
396 718 410 744 ὁ
431 716 498 749 νεὼς
513 718 559 744 τοῦ
574 718 641 745 θεοῦ
659 718 823 754 ᾠκοδόμητο·
837 719 877 745 διὸ
903 719 946 745 λέ-

160 762 264 790 λεκταισ
282 771 291 788 ι
316 763 374 789 Ἐπ’
387 763 449 798 ὅρος
460 763 559 799 ὑψηλὸν
572 764 697 799 ἀνάϐηθι,
714 765 728 790 ὁ
738 765 947 800 εὐαγγελιζόμε-

160 818 205 841 νος
219 808 297 836 Σιών·
326 819 335 835 ι
355 810 413 842 καὶ,
429 819 438 835 ι
462 810 682 846 Προσεληλύθατε
710 811 779 837 Σιὼν
805 812 873 847 ὄρει,
899 812 946 839 καὶ

160 855 236 881 πόλει
251 855 320 882 Θεοῦ
333 854 433 887 ζῶντος
454 856 628 892 Ἰερουσαλὴμ
648 857 810 892 ἐπουρανίῳ.
833 868 841 883 ι
861 858 915 885 Καὶ
931 859 945 884 ὁ

160 900 274 935 λόγοςδὲ
287 902 302 928 ὁ
317 901 492 936 εὐαγγελικος
505 903 547 929 διὰ
562 902 606 929 τοῦ
619 902 686 929 Σιὼν
693 903 754 938 ὅρος
766 903 945 939 σημαίνεσθαι

998 317 1094 336 narum
1107 311 1201 337 ordine
1218 318 1368 345 reponere;
1383 319 1443 338 nam
1467 312 1546 339 medii
1567 313 1636 340 inter
1651 314 1778 349 alienige-

997 362 1046 380 nas
1067 354 1092 381 in
1119 355 1260 390 Scriptura
1283 356 1419 383 locantur.
1445 356 1499 384 Sed
1519 359 1602 385 etiam
1624 364 1689 393 puto
1715 367 1777 386 cum

998 399 1187 436 Hierosolyma:
1202 402 1307 429 ruinatn
1317 402 1463 435 declarare,
1479 403 1592 438 ideoque
1604 405 1699 432 vallem
1714 405 1778 433 Sion

997 446 1083 479 ipsam
1108 454 1215 474 vocare.
1240 448 1367 481 Alioquin
1395 456 1460 476 vero
1475 456 1490 476 c
1513 448 1667 477 Juda‘orum
1700 455 1780 484 gente

997 492 1067 520 Deus
1078 500 1125 521 eos
1137 494 1272 528 coarguit,
1284 495 1330 529 qui
1345 502 1361 521 a
1371 495 1490 529 religiosi
1506 496 1622 523 instituti
1639 497 1780 524 cacumine

997 538 1168 570 deciderunt,
1180 547 1229 566 ceu
1247 540 1274 566 in
1294 540 1376 567 valles
1397 545 1426 568 et
1443 541 1585 576 voragines
1600 541 1780 575 profundissi-

997 591 1047 610 rme
1072 584 1179 613 malitia:
1204 584 1315 619 delapsi.
1330 585 1435 612 Etenim
1463 585 1528 613 Sion
1556 593 1634 614 mons
1650 591 1692 613 est
1709 594 1778 620 prae-

996 628 1076 661 altus,
1092 629 1119 656 in
1135 637 1188 663 quo
1203 630 1330 664 templum
1348 630 1395 657 Dei
1414 631 1576 658 :edilieatum
1595 636 1654 658 erat
1669 640 1676 657 :
1692 639 1778 666 quare

997 674 1116 702 dicitur:
1133 684 1142 700 ‹
1158 674 1245 709 Super
1269 680 1388 702 montem
1419 676 1554 703 excelsum
1583 677 1710 711 ascende,
1732 677 1777 710 qui

997 721 1170 755 evangelizas
1195 721 1295 753 Sion“;
1311 730 1320 746 ι
1351 726 1377 748 et
1403 729 1409 746 ι
1438 722 1622 750 «Accessistis
1652 722 1686 750 ad
1713 722 1780 750 Sion

997 771 1129 798 montem,
1146 771 1173 793 ct
1197 767 1332 794 civitatem
1353 767 1399 795 Dei
1419 767 1535 795 viventis
1557 767 1706 795 Jerusalem
1720 775 1779 795 cu:-

996 811 1125 841 losteni“.
1140 822 1149 838 ι
1168 812 1357 847 Evangelicum
1379 819 1469 839 autent
1482 820 1634 841 sermonem
1650 820 1697 847 per
1714 813 1780 841 Sion

997 863 1116 884 montem
1145 858 1290 893 signiﬁcari
1314 859 1439 892 superius
1463 863 1705 886 commonstratunl
1727 864 1779 886 est.

996 904 1046 937 Qui
1071 912 1153 939 porro
1170 912 1202 931 ex
1227 905 1278 932 hac
1294 912 1341 938 spe
1356 905 1523 937 deciderunt,
1539 904 1567 932 in
1583 904 1680 933 vallem
1704 904 1779 932 Sioni

159 947 204 974 διὰ
216 947 270 974 τῶν
284 947 437 983 ἔμπροσθεν
452 948 631 976 ἐπεδεῖκνυτο.
649 950 681 976 Οἱ
701 950 730 976 δὲ
743 950 844 985 ταύτης
866 951 945 976 ἐκπε-

997 949 1165 982 adjacentem
1178 949 1278 984 delapsi
1295 955 1359 977 sunt
1377 961 1383 977 ι
1399 957 1461 976 nam
1486 957 1580 978 rursus
1596 950 1722 978 virtutem
1738 958 1780 977 se-

161 993 308 1029 σόντεςτῆς
323 993 428 1026 ἐλπίδος
439 995 467 1021 ὲν
481 995 601 1030 φάραγγι
611 995 798 1031 παρακειμένῃ
813 996 861 1030 τῆς
876 995 945 1022 Σιὼν

161 1040 330 1067 πεπτώκασι·
344 1040 425 1067 πάλιν
450 1042 504 1077 γὰρ
520 1043 605 1077 ἀρετῇ
620 1042 703 1068 κακία
720 1042 881 1077 παρέπεται,
906 1042 945 1073 εἰς

161 1087 195 1121 ἣν
211 1087 341 1122 ἐμπίπτει
356 1088 373 1115 ὁ
392 1088 441 1123 τῆς
458 1088 558 1123 ἀρετῆς
577 1087 774 1120 ἐξολισθαίνων.
790 1087 868 1114 Οὖτω
881 1087 945 1120 γοῦν

162 1132 243 1166 ’λιτῆς
261 1131 373 1164 πίστεως
388 1133 618 1168 ἐξαμαρτάνοντες
632 1134 671 1165 εὶς
679 1134 806 1160 ἀπιστίαν
819 1134 945 1169 περιτρέ-

164 1186 266 1204 πονται.
285 1178 312 1204 Ὀ
321 1179 408 1205 τοίνυν
421 1179 452 1205 ἐκ
463 1179 612 1214 περιτομῆς
621 1179 694 1211 λαὸς,
708 1179 753 1205 τοῦ
767 1179 945 1213 εὺαγγελικοῦ

161 1223 244 1258 {Eone
272 1223 406 1253 ἐκπεσὼν.
430 1225 478 1251 καὶ
492 1224 541 1259 τῆς
565 1224 726 1259 ἐπουρανίου
743 1224 810 1251 Σιὼν
829 1225 945 1252 ἀπαλλο-

158 1269 292 1304 τριωθεὶς,
314 1270 354 1302 είς
363 1270 408 1296 τὸν
427 1270 476 1306 τῆς
489 1271 617 1302 ἀπιστίας
632 1272 800 1307 περιετράπη
812 1272 943 1307 κρημνόν·

158 1315 199 1341 διὸ
220 1315 266 1342 καὶ
280 1317 309 1342 ἐν
333 1315 490 1350 ἀλλοφύλοις
505 1316 641 1351 ἐλογίσθη.
660 1316 740 1343 Ὅθεν
759 1318 775 1352 ἡ
792 1317 945 1353 προφητεία

156 1360 207 1396 τήν
225 1361 342 1396 ἐσχάτην
357 1362 446 1389 αὐτῶν
466 1362 600 1397 ἀποϐολὴν
616 1362 798 1398 αἰνιττομένη,
813 1362 842 1389 τὸ
869 1363 945 1397 ῥῆμα

157 1407 206 1442 τῆς
221 1407 361 1443 φάραγγος
376 1408 536 1443 ἀνέγραψεν,
560 1408 634 1435 Ἐπεὶ
649 1409 684 1443 μή
698 1409 755 1435 ἐστι
769 1409 944 1444 προσωπολη-

155 1453 207 1487 ψία
230 1454 304 1489 παρὰ
318 1454 357 1489 τῷ
380 1454 450 1489 Θεῷ.
467 1454 562 1481 τούτου
582 1455 661 1490 χάριν
676 1456 704 1481 ὲν
717 1456 772 1487 τοῖς
796 1455 865 1482 κατὰ
890 1455 944 1481 τῶν

156 1498 312 1532 ἀλλοφύλων
323 1498 441 1533 ἐλέγχοις
458 1498 539 1533 μέσος
551 1498 716 1533 ὲμδέὕληται
732 1498 778 1524 καὶ
788 1498 802 1524 ό
817 1498 880 1533 περὶ
895 1498 944 1533 τῆς

157 1544 228 1571 Σιὼν
242 1544 329 1579 λόγος.
340 1544 385 1571 Διὸ
405 1544 452 1571 καὶ
465 1544 528 1575 τοὺς
542 1544 592 1579 τῆς
610 1544 785 1580 Ἰερουσαλὴμ
799 1544 943 1580 οἰκήτορας

156 1590 253 1626 ὥσπερ
269 1591 297 1617 ὲν
311 1590 470 1625 ἀλλοφύλοις
482 1590 642 1618 κατατάττει
656 1590 753 1622 ὀθεὸς,
767 1590 812 1616 καὶ
824 1590 873 1626 τὴν
883 1591 942 1616 κατ’

156 1635 247 1662 αὐτῶν
260 1635 391 1671 προφέρει
406 1635 503 1671 ψῆφον.

196 1690 206 1707 ι
234 1681 400 1717 Ἐνεπλήσθη
416 1683 433 1717 ή
449 1682 525 1714 πόλις
538 1682 669 1717 βοώντωψ
680 1683 703 1708 οἱ
715 1682 881 1718 τραυματίαι
897 1691 942 1709 σου

155 1726 189 1754 οὗ
198 1728 361 1763 τραυματίαι
371 1728 516 1763 μαχαίρας·
523 1728 575 1754 οὐδ’
583 1729 607 1755 οἱ
614 1728 703 1763 νεκροί
711 1737 756 1754 σου
766 1729 857 1764 νεκροὶ
867 1728 943 1754 πολέ-

158 1781 222 1808 μου.
242 1782 252 1798 ι
264 1772 379 1808 Θεωρῶν
388 1772 417 1798 δὲ
428 1774 443 1799 ὁ
458 1774 599 1809 προφήτης
614 1773 652 1808 τῷ
663 1774 796 1809 πνεύματι
812 1774 861 1805 τὰς
873 1773 944 1800 κατὰ

156 1818 206 1845 τοῦ
233 1818 359 1854 Σωτῆρος
382 1818 445 1853 βοὰς
464 1819 564 1852 αὐτῶν,
581 1820 628 1846 καὶ
647 1820 696 1852 τὰς
713 1820 808 1854 ἀθέους
820 1821 879 1847 κατ’
893 1821 943 1847 αὺ-

159 1863 208 1890 τοῦ
235 1863 417 1899 βλασφημίας,
449 1864 481 1891 δι’
510 1864 544 1897 ἃς
570 1865 777 1901 ἅπεϐλήθησαν,
807 1866 942 1902 ἐπιφέρει·

199 1962 209 1979 ι
236 1951 426 1988 Ἐνεπλήσθηή
437 1951 512 1984 πόλις
520 1951 650 1987 βοώντων.
664 1954 766 1986 Πάντες
780 1955 805 1981 οἱ
816 1955 945 1991 ἄρχοντές

157 2007 207 2026 σου
229 1998 392 2033 πεφεύγασι,
411 1998 457 2024 καὶ
480 1998 504 2024 οἱ
525 1998 632 2031 ἁλόντες
659 1999 783 2035 σκληρῶς
808 2000 944 2036 δεδεμένοι

155 2045 222 2078 εἰσὶ,
240 2045 322 2072 κα.ὶοὶ
338 2044 474 2080 ἰσχύοντες
492 2046 521 2072 ὲν
538 2045 579 2073 σοὶ
591 2046 684 2082 πόρρω
700 2046 860 2081 πεφεύγασι.
876 2056 885 2073 ι
900 2048 945 2075 Διὸ

154 2091 248 2119 οὐκέτι
262 2090 333 2118 κατὰ
347 2090 378 2118 τὺ
393 2090 506 2118 παλαιὸν
523 2092 587 2127 παρ’
600 2092 692 2124 αὐτοῖς
703 2092 735 2119 οὐ
754 2092 883 2127 βασιλεῖς,
895 2093 944 2129 οὺχ

156 2135 313 2175 ἡγούμενοι,
328 2138 379 2165 οὐκ
403 2138 551 2175 ἀρχιερεῖς,
577 2138 608 2166 οὐ
635 2139 783 2174 προφῆται,
808 2139 865 2167 ἀλλ’
884 2140 944 2167 οὐδὲ

155 2186 309 2221 Φαρισαῖοι,
333 2184 395 2211 οὐδὲ
422 2184 606 2217 Σαδδουκαῖοι,
622 2184 683 2211 οὐδὲ
700 2185 757 2212 ὅσοι
780 2185 811 2212 τὸ
829 2186 944 2213 παλαιὸν

155 2232 217 2262 ταῖς
233 2230 298 2266 παρ’
311 2230 402 2261 αὐτοῖς
417 2229 514 2265 ἀρχαῖς
528 2229 680 2264 τετίμηντο.
693 2229 785 2256 Ταῦτα
804 2229 915 2256 συνιδὼν
930 2230 945 2257 ὁ

156 2275 300 2310 προφήτης
311 2274 350 2309 τῷ
368 2273 514 2308 πνεύματι,
535 2273 582 2300 καὶ
597 2273 647 2309 τὴν
663 2275 695 2300 ἐκ
713 2274 841 2301 τοσούτου
861 2274 945 2309 ὕψους

157 2321 206 2347 ἐπὶ
228 2319 277 2356 τὴν
295 2320 412 2355 ὲσχάτην
428 2318 527 2346 κακίαν
549 2318 643 2355 ὥσπερ
662 2319 722 2347 τινὰ
738 2320 879 2356 φάραγγα,
895 2320 944 2356 τήν

158 2364 262 2392 πτῶσιν
271 2364 317 2392 τοῦ
338 2364 473 2393 Ἰουδαίων
488 2363 553 2392 λαοῦ
563 2364 761 2400 ἀπολοφύρεται
776 2365 873 2400 λέγων·

197 2462 207 2479 ι
225 2451 273 2479 Διὰ
287 2452 364 2479 τοῦτο
377 2451 450 2485 εἶπα,
465 2453 564 2488 ’Λφετέ
582 2461 626 2488 με,
650 2452 755 2488 πικρῶς
779 2452 941 2489 κλαύσομαι,

158 2499 198 2535 μὴ
226 2498 405 2534 κατισχύσητε
424 2499 591 2535 παρακαλεῖν
614 2507 647 2534 με
664 2498 711 2525 ὲπὶ
734 2498 764 2525 τὸ
785 2498 942 2535 σύντριμμα
960 2533 972 2542 .

156 2547 207 2583 τῆς
230 2546 363 2581 θυγατρὸς
388 2546 434 2573 τοῦ
454 2546 548 2580 γένους
569 2555 631 2582 μου.
648 2556 658 2572 ι
682 2544 747 2573 Οἶδα
768 2546 832 2582 γὰρ,
849 2546 942 2582 φησὶν,

156 2591 291 2628 ἀκριϐῶς,
308 2591 355 2618 καὶ
370 2591 408 2626 τῷ
426 2592 558 2627 πνεύματι
576 2591 697 2628 πῳορῶ,
711 2592 758 2618 καὶ
768 2591 812 2618 διὰ
824 2591 857 2618 τὰ
874 2600 943 2627 προ-

155 2638 288 2674 λεχθέντα
309 2637 410 2669 πάντα,
431 2638 478 2664 καὶ
493 2638 510 2673 ἡ
526 2638 601 2670 πόλις
616 2639 634 2674 ἡ
647 2637 686 2674 τῷ
700 2636 761 2672 Θεῷ
776 2638 944 2674 ἀνακειμένη

154 2683 312 2716 ἁλώσεται,
328 2684 375 2711 καὶ
393 2683 490 2716 πάντες
502 2684 526 2711 οἱ
545 2685 574 2711 ὲν
585 2685 654 2720 αὐτῇ
674 2685 713 2716 εἰς
735 2683 824 2719 χαρὰν
840 2683 945 2720 ἐχθρῶν

157 2730 401 2766 παραδοθήσονται.
418 2729 517 2765 Διάπερ
542 2730 667 2757 ἐντεῦθεν
694 2729 747 2765 ήδη
762 2729 944 2765 ἁποδύρομαι,

157 2777 205 2803 καὶ
221 2776 315 2812 ὥσπερ
338 2776 384 2803 ἐπὶ
407 2775 527 2811 γνησίοις
543 2776 659 2811 ἐμαυτοῦ
691 2775 853 2812 σπλάγχνοις
878 2776 945 2803 ἁπο-

157 2821 296 2858 κλαίομαι.

194 2924 205 2940 ⁸
218 2925 280 2953 lsai.
297 2932 341 2960 η,
356 2925 383 2953 9.
422 2925 431 2941 ⁸
445 2924 526 2970 llcbr.
547 2932 595 2959 xu,
607 2924 651 2952 22.

997 996 1089 1030 quitur
1108 996 1221 1029 malitia,
1246 997 1272 1024 in
1292 1004 1372 1031 quam
1389 995 1491 1023 decidit
1511 995 1557 1031 qui
1573 1003 1606 1023 ex
1621 997 1722 1023 virtute
1736 997 1780 1023 de-

996 1041 1106 1069 labitur.
1120 1040 1164 1069 Sic
1180 1041 1262 1077 igitur
1278 1042 1323 1076 qui
1340 1049 1374 1069 ex
1390 1040 1444 1068 ﬁde
1459 1041 1588 1069 aberrant
1607 1042 1641 1069 ad
1656 1042 1780 1069 incredu—

996 1087 1098 1115 litatem
1120 1092 1273 1115 vertuntur.
1294 1088 1411 1122 Populus
1430 1089 1524 1123 itaque
1541 1095 1574 1116 ex
1594 1088 1781 1116 circumcisio-

996 1140 1040 1165 ne,
1061 1141 1095 1160 ex
1122 1134 1280 1168 evangelica
1304 1135 1446 1162 cacumine
1468 1135 1568 1169 lapsus,
1585 1139 1613 1162 et
1637 1141 1652 1161 a
1675 1134 1780 1161 emlcsti

997 1179 1061 1207 Sion
1077 1180 1254 1212 abalienatus,
1270 1180 1296 1207 in
1310 1181 1490 1216 praecipitium
1506 1180 1705 1208 incredulitatis
1717 1188 1777 1207 cor-

996 1226 1076 1253 ruit:
1099 1233 1183 1260 quare
1211 1226 1282 1253 inter
1321 1226 1488 1262 alienigenas
1520 1231 1670 1260 reputatur.
1702 1225 1780 1253 Unde

995 1271 1135 1306 prophetia
1154 1276 1302 1299 extremam
1321 1279 1416 1299 eorum
1443 1272 1577 1307 repulsam
1602 1271 1778 1302 adumbrans.

996 1317 1108 1344 verbum
1126 1317 1204 1345 vallis
1219 1317 1374 1352 descripsit.
1389 1318 1457 1351 Quia
1475 1325 1538 1345 vero
1552 1325 1603 1345 non
1620 1322 1662 1345 est
1685 1324 1777 1350 μοι-⁵ος

996 1370 1090 1389 uarum
1115 1363 1236 1397 acceptio
1260 1363 1330 1398 apud
1352 1364 1455 1396 Deum,
1479 1363 1540 1391 ideo
1570 1363 1595 1390 in
1617 1362 1780 1397 alienigena-

996 1415 1055 1434 rum
1076 1408 1331 1443 reprehensionibus
1348 1408 1453 1436 medius
1467 1409 1500 1435 de
1515 1408 1599 1435 Sionc
1623 1415 1714 1436 sermo
1734 1407 1778 1433 in-

994 1460 1084 1482 sertus
1101 1459 1153 1482 est.
1176 1454 1306 1488 Quocirca
1322 1454 1516 1490 Hierosolyma:
1529 1454 1643 1485 incolas.
1658 1453 1734 1489 quasi
1753 1454 1778 1480 in

995 1499 1156 1535 alienigenis
1180 1500 1251 1527 Deus
1274 1500 1425 1532 constituit.
1440 1500 1658 1535 sententiamque
1677 1499 1781 1534 prolcrt

994 1547 1134 1574 adversum
1148 1546 1217 1575 illos.

1034 1674 1115 1702 Vens.
1128 1674 1155 1702 2.
1175 1684 1184 1701 ι
1199 1675 1312 1710 liepleta
1335 1680 1375 1703 cst
1393 1681 1491 1703 cn'ttas
1507 1676 1687 1703 clamantibus
1702 1686 1707 1703 :
1724 1676 1781 1702 vul‘

998 1721 1083 1747 nerati
1103 1721 1154 1754 tui,
1170 1729 1223 1749 non
1242 1721 1375 1749 vulnerati
1395 1722 1500 1756 gladio;
1518 1729 1603 1756 neque
1614 1722 1712 1749 mortui
1731 1723 1780 1754 tui,

997 1767 1097 1793 mortui
1112 1766 1191 1794 bello.
1205 1777 1214 1793 I
1232 1766 1335 1802 Spiritu
1349 1768 1520 1802 conspicatus
1542 1768 1671 1803 propheta
1685 1776 1779 1796 eorum

997 1818 1091 1841 contra
1119 1813 1290 1841 Salvatorem
1308 1814 1452 1846 clamores,
1477 1814 1626 1849 impiasquc
1646 1815 1672 1842 in
1693 1815 1781 1849 ipsum

997 1860 1190 1895 hlasphcmias,
1207 1868 1323 1895 quarum
1346 1868 1429 1888 causa
1445 1861 1535 1895 rejecti
1556 1866 1630 1893 sunt,
1644 1861 1783 1896 subjungit

998 1907 1062 1935 illud
1078 1915 1086 1935 :

1033 1952 1114 1981 Vsus.
1130 1953 1156 1981 3.
1177 1962 1187 1980 ι
1201 1953 1310 1988 Repleta
1331 1957 1372 1981 est
1388 1953 1486 1981 civitas
1501 1953 1693 1981 clamantibus.
1717 1954 1782 1981 0m-

998 2005 1046 2026 nes
1063 1998 1198 2034 principes
1217 1999 1256 2026 tui
1279 1998 1419 2034 fugerunt,
1434 2003 1462 2027 et
1483 1999 1555 2034 capti
1578 2000 1682 2027 duriter
1698 2000 1784 2027 vincti

997 2050 1072 2077 sunt,
1086 2050 1114 2073 et
1126 2045 1171 2080 qui
1190 2048 1314 2080 potentes
1335 2050 1399 2073 sunt
1421 2045 1449 2073 in
1466 2050 1503 2079 te,
1517 2045 1596 2081 longe
1613 2045 1750 2080 fugerunt.
1768 2055 1777 2072 ι

997 2089 1087 2124 Quare
1103 2097 1156 2117 non
1173 2090 1289 2124 amplius
1301 2094 1332 2117 ut
1350 2090 1502 2126 antiquitus
1513 2097 1602 2126 reges,
1619 2098 1671 2119 non
1688 2091 1783 2123 duces,

998 2144 1052 2163 non
1069 2135 1235 2168 sacerdotes,
1250 2143 1304 2163 non
1326 2136 1466 2170 prophetat
1478 2136 1549 2171 apud
1565 2136 1625 2164 illos
1638 2141 1717 2167 sunt;
1733 2136 1781 2164 sed

998 2189 1085 2216 neque
1108 2181 1247 2215 Pharisaei.
1270 2188 1358 2216 neque
1380 2181 1513 2215 Saducazi,
1531 2189 1620 2218 neque
1642 2182 1686 2209 alii
1704 2187 1784 2216 quot-

998 2225 1135 2261 quotolim
1153 2234 1247 2254 eorum
1263 2227 1468 2262 magistratibus
1483 2226 1619 2262 Perfuncti
1632 2232 1703 2254 sunt.
1722 2227 1784 2254 llaec

997 2279 1059 2299 cum
1083 2272 1180 2307 spiritu
1203 2278 1328 2301 cerneret
1350 2273 1498 2309 propheta,
1523 2280 1629 2302 necnon
1650 2272 1724 2300 illum
1749 2280 1783 2300 et

999 2322 1071 2345 tanta
1095 2318 1261 2346 sublimitate
1289 2319 1314 2345 in
1343 2323 1495 2346 extremam
1523 2318 1736 2348 maiitiam,ccu
1756 2319 1781 2345 in

997 2363 1142 2399 quamdam
1165 2363 1273 2397 vallem,
1289 2364 1395 2392 Judaici
1417 2364 1509 2400 populi
1534 2363 1650 2399 lapsum,
1666 2363 1741 2390 luctu
1753 2370 1784 2390 St:

996 2407 1144 2435 discruciat
1160 2408 1253 2435 dicens
1269 2418 1276 2435 :

1030 2453 1113 2482 Vens.
1134 2454 1161 2481 4.
1187 2453 1355 2489 «Propterea
1386 2453 1458 2487 dixi,
1491 2453 1573 2481 sinite
1606 2461 1668 2487 mc,
1692 2461 1784 2481 amare
1807 2488 1815 2496 ἱ

994 2501 1074 2535 llebo,
1098 2508 1150 2529 non
1173 2500 1297 2536 poteritis
1322 2500 1455 2528 consolari
1490 2507 1534 2527 me
1566 2507 1647 2534 super
1682 2500 1782 2527 contri-

996 2547 1069 2574 tione
1094 2546 1155 2574 lilia:
1181 2547 1289 2581 generis
1316 2546 1380 2574 mei.
1395 2556 1404 2573 ι
1423 2545 1490 2573 Nam
1508 2551 1634 2574 accurate
1649 2545 1723 2577 novi,
1746 2546 1782 2572 in-

994 2592 1063 2628 quit,
1079 2597 1105 2620 et
1117 2592 1214 2628 spiritu
1229 2593 1375 2628 pra-video,
1388 2593 1472 2620 etiam
1490 2600 1523 2620 cx
1539 2593 1572 2619 iis
1584 2592 1710 2620 omnibus
1724 2600 1784 2627 qua:

997 2646 1077 2674 supra
1098 2639 1169 2666 dicta
1195 2643 1269 2672 sunt,
1289 2638 1427 2665 civitatem
1444 2638 1499 2665 Deo
1522 2637 1657 2665 addictam
1673 2638 1784 2673 capieu.

998 2685 1072 2716 dam,
1088 2688 1115 2711 et
1126 2691 1221 2712 omnes
1235 2683 1282 2719 qui
1301 2683 1328 2710 in
1348 2683 1393 2710 illa
1415 2688 1487 2715 sunt,
1501 2682 1528 2710 in
1545 2683 1673 2718 gaudium
1695 2682 1783 2710 inimi-

997 2738 1091 2758 corum
1119 2730 1221 2758 dandos
1241 2737 1313 2758 esse.
1346 2730 1438 2763 Quare
1457 2728 1515 2764 jam
1532 2729 1631 2758 exhinc
1653 2729 1742 2766 lugeo,
1757 2734 1785 2757 ct.

997 2777 1074 2813 quasi
1087 2777 1206 2813 genuina
1222 2777 1325 2805 viscera
1340 2783 1398 2804 mea
1415 2774 1535 2810 dcploro.
