2044 3215
276 203 329 232 947

611 201 745 229 EUSEBII
765 199 1000 229 DIESARIENSIS
1017 198 1094 227 OPP.
1114 198 1206 225 PARS
1225 197 1271 225 111.
1291 212 1326 217 -
1346 196 1555 225 EXEGETICA.

1852 195 1906 225 2'3

310 261 393 289 Vsus.
409 261 437 289 5.
456 261 544 294 «Quia
573 261 631 289 dies
658 261 824 289 turnattonis
835 265 861 288 et
880 260 1018 293 interitus,
1033 264 1058 287 et

1152 268 1161 284 ι
1178 259 1240 285 ’Ὁτι
1257 258 1348 294 ἡμέρα
1363 258 1486 294 ταραχῆς
1498 259 1545 285 καὶ
1557 258 1705 290 ἀπωλείας,
1723 258 1769 286 καὶ
1783 267 1911 286 καταπα-

273 306 549 335 conculcationis:et
573 314 653 334 error
680 314 695 333 a
721 306 838 334 Domino
871 305 1004 333 Sabaoth.
1033 305 1062 333 ln

273 353 342 380 valle
365 353 431 380 Sion
453 358 546 380 errant
563 362 569 380 :
589 361 602 379 a
616 359 700 388 parvo
724 353 757 379 ad
777 359 904 387 magnum
921 356 1017 379 errant
1034 352 1061 379 in

272 399 422 428 montibus.
439 409 449 425 ›
478 399 541 426 "me
564 406 671 434 quoque
688 398 795 426 aestimo
814 398 888 426 dicta
910 398 943 425 de
957 398 1001 430 iis,
1015 397 1061 433 qui

273 450 459 474 convenerunt
472 446 498 472 in
514 453 609 478 unum,
623 446 686 472 dum
702 445 808 473 insidia:
821 450 917 473 contra
935 443 1062 472 Servato-

272 498 329 519 rem
350 496 472 519 nostrum
485 496 507 519 SI
513 497 618 519 ruerent
625 500 666 519 ιη’.

308 536 393 564 νειμ.
408 537 435 564 6.
453 546 462 562 ι
482 536 606 565 Elamitze
620 544 709 566 autem
723 543 895 573 sumpserunt
909 539 1060 573 pharetras,

271 589 299 612 et
324 584 450 612 homines
479 584 524 618 qui
555 584 706 612 ascendunt
724 592 819 619 equos,
835 589 863 612 et
889 588 1062 622 congregatio

270 629 349 657 aciei.
364 639 373 655 ι
391 629 532 664 Signiﬁcat
545 635 635 657 autem
659 630 776 658 virtutes
792 631 913 660 occultas
931 637 959 659 et
974 633 1062 661 inimi-

271 681 329 708 cas,
342 675 420 709 queis
433 681 447 700 ιι
460 674 515 701 Deo
529 675 620 702 traditi
639 679 712 702 sunt.
735 674 826 709 Quare
841 677 963 705 Elamilae
976 678 1061 714 signi-

271 720 354 749 ﬁcant
369 721 561 756 deapicientes;
580 721 643 756 quia
658 723 828 756 pereuntium
844 723 957 751 salutem
977 725 1062 760 negli-

273 772 352 803 gunt,
371 775 404 795 ac
421 767 522 795 nemini
547 773 672 802 parcunt;
686 768 746 795 ideo
760 769 945 797 verisimiliter
960 770 997 798 ita
1013 779 1060 798 vo-

271 819 369 842 cantur
391 822 487 842 eorum
515 820 611 841 turmae
639 814 806 842 obsidentes.
836 815 938 843 Verum
963 824 1061 853 magno

278 866 342 886 cum
369 859 493 886 exercitu
516 859 647 886 instructa
675 860 734 888 acie
757 860 784 887 in
808 861 877 889 valle
892 861 957 890 Sion
977 863 1010 890 ab
1026 863 1061 891 iis

271 906 384 933 obsessa
409 911 561 939 versantes,
585 914 644 934 eam
664 907 691 934 in
710 912 861 936 extremam
884 916 997 945 egerunt
1012 918 1060 938 V3-

269 952 399 980 atitatem.

259 1034 262 1037 '
309 997 389 1025 Vens.
409 999 436 1025 7.
453 999 507 1026 «Et
519 1003 600 1026 erunt
616 999 709 1028 electa:
733 1000 816 1029 valles
834 1005 896 1036 tuae,
917 1002 1060 1038 replebun-

270 1049 315 1071 tnr
327 1044 461 1078 curribus,
478 1046 584 1080 equites
599 1051 688 1074 autem
701 1047 947 1082 occludentportas
962 1054 1031 1076 tuas.
1046 1057 1055 1076 ι

269 1089 329 1118 Non
346 1098 417 1118 nunc
441 1098 529 1126 neque
554 1091 580 1119 in
595 1093 722 1127 praesenti
741 1097 863 1129 tempore
875 1113 883 1126 ,
900 1093 947 1121 sed
965 1093 992 1121 in
1011 1094 1058 1122 illa

270 1136 330 1170 die;
346 1137 475 1164 nimirum
492 1137 518 1164 in
533 1142 654 1173 tempore
665 1146 713 1175 per
725 1140 894 1175 prophetiam
905 1141 1057 1170 enuntiato.

306 1222 389 1251 Vens.
403 1224 431 1256 8,
447 1224 475 1252 9.
493 1233 502 1250 ι
518 1223 550 1251 Ει
567 1225 706 1253 recludent
725 1230 820 1261 portas
831 1227 911 1261 Iuda.
928 1234 956 1258 et
969 1230 1058 1258 intue-

269 1269 372 1297 buntur
387 1269 416 1296 in
435 1269 478 1297 die
493 1270 540 1297 illa
554 1270 657 1299 electas
671 1271 766 1300 domos
782 1273 866 1301 urbis.
886 1274 920 1302 Et
937 1280 1059 1311 retegent

271 1313 429 1341 abscondita
444 1314 586 1342 domorum
600 1318 672 1344 arcis
686 1316 781 1346 David.
793 1317 825 1345 Et
834 1319 970 1352 viderunt,
986 1321 1057 1356 quod

269 1359 362 1394 plures
375 1366 449 1394 sunt,
468 1366 496 1389 et
514 1361 586 1396 quod
601 1364 700 1391 avertit
716 1371 815 1399 aquam
827 1367 928 1394 veteris
947 1367 1058 1401 piscina:

269 1406 298 1433 in
311 1406 430 1434 civitate.
447 1417 457 1434 ι
475 1407 537 1435 Haec
554 1415 635 1443 porro
649 1414 728 1437 erant
741 1418 842 1438 arcana
859 1413 934 1448 regni
948 1414 1058 1449 symbo-

271 1451 310 1484 ιε,
326 1457 354 1480 et
376 1460 438 1488 qua:
460 1453 487 1480 in
514 1455 671 1482 sanctuario
685 1457 802 1491 reposita
825 1464 923 1485 erant:
939 1466 999 1493 quae
1014 1467 1059 1487 ne-

270 1498 350 1531 mini,
377 1503 559 1535 praaterquam
595 1502 730 1529 sacerdoti
757 1507 870 1537 tantum,
900 1505 1058 1541 conspicere

269 1543 370 1572 licebat
384 1555 390 1572 :
406 1553 465 1580 qme
477 1546 560 1573 etiam
578 1547 696 1576 inimicis
711 1549 838 1577 tradenda
856 1550 933 1579 dicit.
956 1551 1013 1580 Hac
1024 1553 1058 1581 de

269 1598 354 1619 causa
379 1591 455 1619 vallis
481 1592 546 1620 Sion
570 1593 671 1621 incolas
698 1595 869 1630 criminatur,
896 1598 967 1633 quod
984 1604 1057 1627 vete-

269 1637 310 1665 ris
324 1638 349 1665 in
366 1638 431 1666 urbe
448 1639 558 1673 piscina:
571 1648 655 1675 aquas
670 1643 820 1671 averterint
833 1663 840 1676 ,
854 1644 990 1680 aliamque
1002 1646 1055 1674 sibi

270 1683 342 1711 intra
358 1684 427 1712 duos
440 1693 531 1713 muros
544 1694 643 1722 aquam
659 1688 850 1724 cxcogitarint.
873 1691 951 1726 Aqua
975 1699 1057 1727 porro

268 1731 372 1758 veteris
392 1731 419 1758 in
436 1732 504 1759 urbe
530 1732 651 1767 piscinae,
671 1738 729 1761 erat
752 1735 854 1763 veteris
874 1742 901 1763 et
925 1737 1057 1767 divinitus

268 1775 410 1811 inspirata:
429 1776 577 1812 Scriptum
594 1786 695 1812 sermo,
711 1787 790 1814 quem
808 1779 974 1814 derivantes,
990 1783 1058 1810 alie-

268 1828 331 1848 nant
358 1821 409 1850 sibi
432 1830 530 1858 aquam
553 1824 754 1859 excogitarunt,
777 1826 914 1854 seniorum
933 1827 1057 1856 videlicet

267 1867 437 1901 traditiones,
462 1869 600 1898 doctrinas
616 1875 644 1898 et
667 1877 801 1906 praecepta
829 1872 966 1901 hominum
991 1875 1056 1902 edo~

267 1918 380 1942 centes:
396 1922 450 1950 qua
465 1916 499 1943 de
520 1923 550 1943 re
562 1917 634 1951 ipsos
651 1916 781 1946 Servator
795 1919 932 1954 coarguit,
948 1927 1054 1948 eorum-

267 1967 321 1994 que
343 1962 491 1997 nequitiam
508 1963 672 1991 criminatur
689 1964 732 1992 his
744 1965 836 1993 verbis
851 1975 858 1994 :
874 1975 883 1992 ι
898 1966 931 1994 Ει
946 1967 1054 1995 irritum

267 2004 373 2034 fecistis
389 2007 501 2034 verbum
516 2007 563 2035 Dei
577 2013 688 2043 propter
701 2010 874 2038 traditionem
888 2015 1003 2039 vestram
1015 2013 1053 2040 ⁷.)

267 2100 354 2136 ὑμῶν.
375 2110 385 2126 ι

305 2145 388 2174 Vens.
403 2146 447 2179 10,
463 2146 506 2174 11.
526 2156 536 2173 ι
550 2147 585 2175 Et
602 2148 674 2183 quod
700 2148 842 2177 diruerunt
864 2150 960 2178 domos
975 2150 1055 2179 Jern-
1072 2160 1096 2188 Ῑ)

267 2192 353 2220 salem
370 2193 397 2220 in
409 2193 587 2221 munitionem
602 2194 672 2221 muri
685 2194 799 2222 civitati.
812 2195 847 2223 Et
862 2196 965 2225 fecistis
978 2198 1055 2226 vobis

267 2246 366 2274 aquam
382 2239 410 2267 in
427 2239 516 2267 medio
539 2247 679 2268 murorum
696 2241 811 2269 duorum
837 2241 908 2269 intra
925 2243 1054 2278 piscinam

265 2290 399 2314 veterem.
414 2295 423 2312 ι
442 2285 470 2313 ld
485 2291 576 2314 autem
599 2286 660 2314 illos
684 2287 816 2323 hodieque
840 2294 1000 2324 peragentes
1015 2291 1056 2318 vi-

265 2332 341 2363 deas,
368 2331 442 2366 quia,
456 2332 601 2367 assumptis
630 2332 778 2368 Scriptura
800 2335 902 2369 verbis,
922 2336 955 2363 iis
984 2344 1055 2364 com-

265 2382 356 2405 menta
377 2385 426 2404 sua
445 2385 493 2405 ceu
518 2378 604 2405 muris
621 2379 756 2413 muniunt,
774 2379 886 2415 ipsaque
910 2380 990 2416 quasi
1009 2388 1055 2408 se-

263 2431 336 2462 pem,
359 2424 514 2458 praesidium
536 2428 564 2451 et
589 2424 690 2452 muenia
715 2425 813 2454 fabulis
830 2426 889 2455 suis
904 2427 1057 2462 circumpo-

243 2474 247 2479 '
263 2475 345 2498 nunt.
365 2470 597 2504 Quemadmodum
611 2473 684 2500 enim
703 2472 876 2508 peregrinum
899 2473 952 2501 sibi
965 2473 1055 2501 locum

265 2517 465 2553 cxcogitarunt,
481 2526 513 2546 ac
528 2527 635 2546 murum
656 2519 706 2547 sibi
723 2519 936 2554 circumquaque
947 2525 1056 2547 struxe-

264 2569 341 2598 runt,
355 2565 511 2593 divinarum
525 2564 728 2600 Scripturarnm
754 2565 843 2593 verbis
857 2573 906 2593 ceu
922 2566 1056 2601 lapidibus

264 2612 305 2639 usi
318 2634 325 2646 ,
343 2613 381 2640 ita
399 2618 427 2641 et
444 2620 542 2649 aquam
560 2613 660 2640 veteris
679 2613 706 2640 in
732 2613 798 2640 urbe
818 2613 930 2648 piscina:
950 2618 1057 2641 averte-

262 2664 339 2692 runt,
355 2664 383 2687 et
399 2667 496 2688 novam
510 2660 562 2688 sibi
582 2667 680 2695 aquam
704 2659 776 2686 inter
788 2659 855 2687 duos
869 2667 962 2688 muros
975 2668 1056 2688 exco-

244 2699 400 2740 fgitarunt,
420 2707 547 2734 nimirum
584 2707 655 2734 inter
675 2705 757 2733 Vetus
781 2710 809 2733 et
824 2704 929 2733 Novum
956 2706 1053 2734 Testa-

261 2756 384 2779 mentum
399 2760 407 2778 :
421 2753 477 2780 haec
491 2754 590 2788 quippe
613 2753 683 2781 muri
702 2753 756 2781 duo
770 2758 832 2781 sunt
854 2753 972 2781 civitatis
997 2754 1054 2787 Dei,

261 2798 368 2827 scilicet
382 2800 443 2826 vitae
465 2799 580 2827 instituti
598 2801 747 2828 secundum
773 2800 857 2828 Dcum
874 2800 922 2827 :in
938 2807 1055 2835 quorum

261 2845 352 2873 medio
373 2845 403 2878 ii,
421 2847 467 2881 qui
495 2847 665 2881 incusantnr,
688 2848 804 2877 alienant
830 2851 857 2874 et
879 2846 1049 2882 peregrinam

299 2891 310 2903 '
324 2891 420 2920 Matth.
437 2900 480 2924 sv,
495 2892 512 2919 6

298 2939 365 2977 (27‘)
388 2941 560 2977 Ἐπιιιήσατε.

1115 305 1247 340 τήματος·
1276 305 1323 331 καὶ
1347 304 1479 340 πλάνησις
1499 303 1574 340 παρὰ
1593 304 1697 340 Κυρίου
1720 304 1845 332 Σαϐαὼθ.
1864 305 1911 331 Ἐν

1115 351 1237 386 φάραγγι
1258 349 1326 377 Σιὼν
1346 350 1510 378 πλανῶνται·
1528 351 1582 377 ἀπὸ
1603 351 1701 387 μικροῦ
1724 351 1776 383 ἕως
1788 351 1911 387 μεγάλου

1113 397 1266 424 πλανῶνται
1282 397 1329 424 ἐπὶ
1339 398 1373 424 τὰ
1385 397 1446 433 ὅρη.
1468 407 1477 423 ι
1489 398 1544 424 Kal
1558 397 1643 424 ταῦτα
1657 398 1685 425 δὲ
1697 396 1772 433 οἶμαι
1780 398 1910 432 λέγεσθαι

1113 443 1178 478 περὶ
1196 443 1250 470 τῶν
1266 442 1336 469 κατὰ
1359 443 1388 469 τὸ
1401 443 1467 470 αὐτὸ
1480 443 1660 470 συνελθόντων
1676 444 1705 471 ὲν
1717 445 1751 480 τῇ
1763 443 1834 471 κατά
1859 443 1909 471 τοῦ

1112 488 1238 523 Σωτῆρος
1247 488 1325 524 ἡμῶν
1338 488 1467 524 ἐπιϐουλῇ
1474 509 1481 517 .

1151 544 1160 561 ι
1176 536 1208 562 Ol
1218 535 1247 563 δὲ
1265 535 1406 570 Ἐλαμῖται
1431 535 1526 562 ἔλαϐον
1550 535 1697 572 φαρέτρας,
1711 545 1758 563 και
1772 535 1908 564 ἀναϐάται

1111 581 1250 617 ἄνθρωποι
1263 582 1307 617 ἐφ’
1320 582 1430 614 ἵππους,
1456 583 1503 609 καὶ
1519 582 1663 618 συναγωγὴ
1683 583 1870 619 παρατάξεως.
1894 592 1906 610 r

1111 629 1192 664 Δηλοῖ
1215 628 1243 656 δὲ
1259 628 1389 664 δυνάμεις
1413 629 1527 663 ἀφανεῖς
1547 629 1595 656 καὶ
1615 629 1771 664 πολεμίους,
1785 627 1830 662 αἷς
1854 629 1910 656 bis?)

1112 674 1180 702 Θεοῦ
1197 674 1394 711 παρεδόθησαν.
1404 675 1449 701 Διὸ
1457 674 1502 701 καὶ
1511 675 1536 701 oi
1558 674 1700 710 Ἐλαμῖται
1711 674 1908 710 ἑρμηνεύσνται

1114 731 1124 746 ε
1142 720 1373 756 παραϐλέποντες·
1392 730 1401 747 ι
1428 720 1473 747 διὰ
1498 721 1529 747 τὸ
1555 722 1679 757 παρορᾷν
1698 721 1748 756 τὴν
1768 721 1907 757 σωτηρίαν

1111 767 1165 794 τῶν
1181 767 1387 802 ἀπολλυμένων,
1396 767 1444 794 καὶ
1464 767 1577 802 μηδενὸς
1591 767 1737 802 φείδεσθαι,
1748 767 1820 799 aut;
1833 767 1908 794 οὕτω

1111 813 1261 849 κεκλῆσθαι
1287 813 1322 840 τὰ
1347 812 1566 849 πολιορκήσαντα
1591 813 1690 845 αὐτοὺς
1723 812 1907 848 στρατιωτικά

1112 859 1212 896 πλήθη.
1233 859 1313 887 Ἀλλά
1331 859 1400 896 μετά
1415 859 1545 895 πλείστης
1552 859 1693 895 δυνάμεως
1708 859 1906 895 παραταξάμε-

1111 915 1151 933 νοι
1177 907 1210 942 τῇ
1239 905 1447 942 πολιορκηθείσῃ
1473 906 1595 942 φάραγγι
1619 905 1698 938 Σιὼν,
1721 907 1762 938 εἰς
1791 905 1906 941 ἔσχατον

1074 940 1096 968 Β
1113 940 1230 988 ἐρημίας
1245 940 1329 988 αὐτὴν
1346 940 1458 988 ἠγαγον.

1150 1007 1159 1024 ι
1179 998 1235 1025 Kal
1245 998 1352 1025 ἔσονται
1367 999 1395 1025 αί
1407 998 1535 1025 ὲκλεκταὶ
1550 997 1692 1034 φάραγγές
1711 1006 1771 1030 σου,
1784 998 1906 1034 πλησθη-

1113 1055 1203 1073 σονται
1217 1046 1358 1083 ἁρμάτων,
1370 1047 1396 1073 οί
1412 1046 1441 1073 δὲ
1460 1047 1553 1078 ἱππεῖς
1567 1045 1736 1081 ἐμφράξουσι
1751 1045 1800 1077 τὰς
1818 1045 1905 1079 πύλας

1112 1102 1171 1120 σου.
1189 1103 1198 1120 t
1218 1093 1285 1128 Οὐχὶ
1295 1093 1353 1125 νῦν,
1364 1092 1425 1120 οὐδὲ
1440 1092 1563 1120 κατάτδν
1577 1092 1698 1128 παρόντα
1714 1091 1819 1128 καιρὸν,
1836 1091 1906 1119 ἀλλά

1111 1139 1144 1173 τῇ
1168 1138 1260 1174 ἡμέρᾳ
1283 1137 1384 1174 ἐκείνῃ-
1402 1137 1476 1172 λέγει
1502 1138 1531 1164 δὲ
1556 1138 1585 1164 ὲν
1607 1137 1645 1174 τῷ
1675 1138 1906 1174 προφητευομένῳ

1111 1193 1157 1211 και
1162 1193 1208 1220 ρῳ.

1151 1239 1160 1256 l
1181 1231 1236 1257 Καὶ
1257 1229 1459 1265 ἀνακαλύψουσι
1476 1229 1525 1262 τὰς
1549 1230 1636 1263 πύλας
1659 1230 1754 1264 Ἰούδα,
1779 1230 1826 1258 καὶ
1852 1230 1903 1266 ἑμ-

1111 1276 1254 1311 ϐλέψονται
1270 1278 1303 1312 τῇ
1317 1276 1408 1312 ἡμέρᾳ
1424 1276 1515 1312 ἐκείνῃ
1532 1277 1571 1308 εἰς
1579 1277 1643 1310 τοὺς
1658 1277 1802 1310 ἐκλεκτοὺς
1812 1277 1904 1309 οίκους

1110 1323 1161 1358 τῆς
1178 1322 1291 1354 πόλεως.
1300 1321 1354 1349 Kal
1368 1321 1571 1357 ἀνακαλύψουσι
1583 1322 1618 1349 τὰ
1633 1322 1743 1359 κρυπτὰ
1754 1323 1810 1350 τῶν
1821 1323 1904 1350 οἴκων

1110 1369 1160 1405 τῆς
1175 1369 1263 1404 ἄκρας
1278 1368 1369 1395 Δαυῖδ.
1386 1368 1442 1395 Kal
1457 1368 1573 1403 είδοσαν,
1593 1368 1634 1397 ὅτι
1654 1369 1762 1402 πλείους
1779 1369 1842 1402 είσὶ,
1856 1369 1904 1396 καὶ

1110 1415 1150 1442 ὅτι
1162 1414 1316 1450 ἀπέστρεψε
1332 1414 1363 1442 τὸ
1379 1413 1452 1451 ὕδωρ
1465 1416 1516 1451 τῆς
1528 1416 1644 1452 ἀρχαίας
1659 1414 1850 1451 κολυμϐήθρας
1863 1415 1904 1447 εις

1111 1461 1160 1497 τὴν
1177 1461 1264 1489 πόλιν.
1277 1470 1286 1487 ι
1302 1461 1395 1489 Ταῦτα
1412 1463 1441 1489 δὲ
1455 1460 1489 1498 ἦν
1502 1462 1537 1489 τὰ
1547 1463 1690 1499 ἀπόρρητα
1700 1463 1749 1499 τῆς
1765 1460 1903 1498 βασιλείας

1112 1507 1246 1544 σύμϐολα,
1263 1508 1310 1535 καὶ
1325 1508 1361 1535 τὰ
1376 1509 1405 1536 ὲν
1419 1509 1459 1545 τῷ
1472 1509 1621 1545 ἀγιάσματι
1638 1509 1815 1545 ἀποκείμεναπ
1831 1509 1848 1537 ἀ
1858 1508 1903 1536 οὺ-

1111 1554 1167 1582 δενὶ
1184 1554 1246 1590 ἐξῆν
1260 1557 1284 1582 εί
1299 1555 1336 1592 μὴ
1352 1556 1425 1592 μόνῳ
1437 1556 1476 1592 τῷ
1497 1556 1621 1592 ἀρχιερεῖ
1637 1556 1808 1584 ὲποπτεύειν-
1831 1556 1849 1584 ἃ
1870 1556 1903 1592 δὴ

1111 1601 1159 1628 καὶ
1176 1601 1246 1629 αὑτά
1256 1603 1312 1634 τοῖς
1329 1602 1469 1638 πολεμίοις
1481 1603 1716 1639 παραδοθήσεσθαι
1733 1612 1824 1639 φησιν.
1840 1603 1903 1630 Ἐπὶ

1109 1647 1214 1681 τούτοις
1232 1648 1370 1684 μέμφεται
1384 1648 1447 1680 τοὺς
1461 1649 1490 1675 ὲν
1500 1650 1534 1685 τῇ
1551 1649 1674 1685 φάραγγι
1689 1649 1768 1681 Σιὼν,
1781 1649 1819 1682 ὡς
1834 1650 1903 1677 ἀπο-

1112 1694 1280 1729 στρέψαντας
1294 1693 1330 1720 τὰ
1346 1693 1430 1720 ὕδατα
1446 1693 1497 1729 τῆς
1514 1694 1631 1730 ἀρχαίας
1650 1695 1844 1732 κολυμϐήθρας
1867 1695 1904 1722 τὰ

1110 1739 1175 1766 ὄντα
1186 1740 1214 1766 ὲν
1230 1740 1263 1774 τῇ
1272 1739 1358 1771 πόλει,
1373 1739 1467 1776 ἕτερον
1481 1739 1510 1766 δὲ
1521 1739 1592 1776 ὕδωρ
1600 1741 1690 1773 αὐτοῖς
1706 1742 1903 1777 ἐπινοήσαντας

1112 1784 1212 1821 μεταξὺ
1228 1783 1284 1811 τῶν
1300 1783 1347 1811 δύο
1372 1784 1495 1819 τειχέων.
1514 1784 1607 1822 ’Υδωρ
1621 1785 1649 1812 δὲ
1665 1783 1699 1821 ἧν
1724 1786 1842 1819 παλαιᾶς
1857 1795 1903 1814 κο-

1110 1829 1271 1865 λυμϐήθρας
1285 1829 1315 1856 ὲν
1334 1829 1368 1864 τῇ
1386 1829 1462 1856 πόλει
1474 1830 1488 1856 ό
1503 1829 1554 1865 τῆς
1577 1830 1694 1863 παλαιᾶς
1710 1832 1756 1858 καὶ
1773 1831 1901 1859 θεοπνεύ-

1111 1886 1174 1904 στου
1201 1877 1312 1913 Γραφῆς
1337 1876 1425 1911 λόγος,
1454 1877 1483 1904 ὃν
1506 1877 1737 1914 ἀποστραφέντες,
1763 1878 1901 1915 ἀλλότριον

1110 1923 1182 1960 ὕδωρ
1199 1924 1304 1955 ἑαυτοῖς
1318 1923 1479 1958 ἐπενόησαν,
1493 1923 1543 1955 τὰς
1552 1923 1714 1960 παραδόσεις
1721 1924 1775 1951 τῶν
1783 1925 1901 1961 πρεσϐυ-

1107 1970 1204 2006 τέρων,
1232 1969 1403 2002 διδάσκοντες
1418 1969 1591 2002 διδασκαλίας
1607 1971 1654 1998 καὶ
1681 1971 1836 2007 ἐντάλματα
1852 1972 1900 1999 ἀν⁴

1109 2015 1235 2052 θρώπωψ
1254 2015 1296 2051 ἀφ’
1315 2012 1338 2050 ᾧ
1355 2015 1403 2042 καὶ
1423 2016 1559 2052 μέμφεται
1578 2017 1675 2049 αὐτοὺς
1693 2018 1707 2044 ὁ
1724 2017 1830 2053 Σωτὴρ,
1845 2018 1899 2045 ἀπ-

211 2070 214 2071 ν
266 2054 387 2089 ελόγχων
409 2053 499 2080 αὐτῶν
514 2053 563 2089 τὴν
582 2055 756 2091 παρανομίαν
776 2056 819 2091 ἐφ’
837 2055 878 2089 οἷς
901 2066 977 2093 φησι·
997 2068 1007 2084 α
1028 2061 1075 2087 καὶ
1093 2062 1254 2098 ὴκυρώσατε
1280 2062 1326 2090 τὸν
1359 2062 1438 2097 λόγον
1459 2061 1506 2091 τοῦ
1527 2062 1595 2090 Θεοῦ
1615 2062 1659 2091 διὰ
1679 2062 1728 2100 τὴν
1753 2062 1901 2101 παράδοσιν

1156 2159 1166 2176 ι
1186 2150 1240 2177 Καὶ
1256 2151 1297 2178 ὄτι
1313 2150 1473 2177 καθείλοσαν
1484 2151 1548 2183 τοὺς
1563 2151 1653 2183 οἴκους
1675 2153 1851 2188 Ἰερουσαλὴμ
1867 2153 1904 2184 είς

1115 2195 1356 2232 ὀχύρωματείχσυς
1363 2198 1396 2233 τῇ
1403 2197 1487 2224 πόλει.
1497 2197 1551 2224 Kal
1559 2198 1732 2225 ὲπεσπάσατε
1740 2198 1808 2234 (ΞΤ)
1814 2199 1903 2230 αὐτοῖς

1116 2242 1188 2279 ὕδωρ
1203 2243 1254 2270 ἀνά
1272 2243 1353 2278 μέσον
1365 2243 1419 2270 τῶν
1427 2243 1473 2271 δύο
1480 2243 1729 2280 τειχέων¹ὲσώτερον
1745 2245 1794 2280 τῆς
1808 2245 1900 2280 κολυμ-

1114 2288 1218 2325 ϐήθρας
1232 2290 1280 2325 τῆς
1288 2289 1413 2324 ἀρχαίας.
1430 2299 1439 2315 t
1461 2290 1540 2322 Ἴδοις
1558 2290 1580 2317 δ’
1597 2289 1630 2317 ἂν
1647 2291 1745 2323 αὐτοὺς
1758 2291 1842 2318 είσέτι
1857 2292 1901 2319 καὶ

1113 2333 1161 2361 νῦν
1175 2334 1254 2361 τοῦτο
1271 2335 1450 2370 πράττοντας.
1465 2336 1585 2367 ἐπειδὰν,
1602 2335 1637 2363 τὰ
1654 2338 1762 2372 ῥήματα
1773 2337 1823 2373 τῆς
1830 2337 1902 2370 θεῖας

1112 2379 1224 2416 Γραφῆς
1241 2380 1491 2416 ἀπολαμϐάνοντες,
1508 2381 1558 2413 τὰς
1582 2382 1685 2414 οἰκείας
1700 2383 1901 2418 περιτειχίζωσι

1113 2425 1285 2461 μυθολογίας,
1302 2425 1396 2460 ὥσπερ
1412 2425 1473 2451 τινὰ
1488 2425 1613 2461 φραγμὸν
1629 2426 1676 2452 καὶ
1689 2426 1838 2460 ἀσφάλειαν
1855 2426 1901 2453 καὶ

1111 2473 1198 2507 τεῖχος
1210 2472 1266 2503 τοῖς
1281 2471 1356 2504 ίδίοις
1370 2471 1578 2508 περιϐάλλοντες
1596 2471 1700 2507 μύθοις,
1720 2473 1825 2508 ’Ὠσπερ
1847 2473 1900 2509 γὰρ

1111 2518 1185 2552 ξένον
1198 2519 1280 2545 τόπον
1295 2519 1400 2551 ἑαυτοῖς
1427 2518 1587 2553 ἐπενόησαν,
1601 2519 1648 2546 καὶ
1664 2520 1751 2554 τεῖχος
1766 2519 1830 2545 ἴδιον
1850 2528 1900 2546 πεη

1111 2564 1244 2601 ριέϐαλον,
1261 2565 1343 2597 λίθοις
1358 2565 1523 2601 χρησάμενοι
1541 2567 1602 2598 ταῖς
1617 2567 1672 2593 τῶν
1688 2567 1767 2594 θείων
1780 2566 1897 2602 Γραφῶν

1109 2610 1207 2643 λέξεσι·
1224 2610 1308 2643 οὕτως
1324 2609 1369 2638 οὖν
1391 2610 1565 2646 ἀπέστρεψαν
1582 2611 1612 2638 τὺ
1629 2611 1701 2648 ὕδωρ
1713 2612 1763 2647 τῆς
1780 2612 1896 2644 παλαιᾶς

1108 2656 1300 2692 κολυμϐήθρας
1311 2657 1341 2683 τὸ
1355 2657 1383 2683 ὲν
1394 2658 1427 2692 τῇ
1444 2657 1531 2690 πόλει,
1550 2657 1596 2684 καὶ
1619 2658 1766 2693 ἐπενόησαν
1789 2659 1895 2692 ἑαυτοῖς

1108 2703 1181 2735 ξένον
1199 2702 1269 2738 ὕδωρ
1301 2703 1401 2738 μεταξὺ
1416 2703 1470 2730 τῶν
1496 2703 1544 2730 δύο
1570 2704 1693 2740 τειχέων,
1710 2703 1781 2739 λέγω
1798 2705 1829 2741 δὴ
1846 2705 1894 2740 τῆς

1107 2748 1228 2780 Παλαιᾶς
1239 2749 1286 2776 καὶ
1301 2750 1405 2785 Καινῆς
1418 2750 1563 2786 Διαθήκης·
1573 2750 1619 2777 δύο
1635 2750 1689 2787 γὰρ
1705 2751 1739 2777 τὰ
1755 2751 1831 2787 τείχη
1843 2751 1893 2785 τῆς

1105 2794 1153 2821 τοῦ
1167 2793 1234 2821 Θεοῦ
1261 2795 1374 2827 πόλεως,
1391 2795 1490 2831 δηλαδὴ
1519 2797 1567 2832 τῆς
1584 2796 1654 2823 κατὰ
1669 2797 1735 2823 Θεὸν
1758 2797 1892 2828 πολιτείας

1105 2840 1242 2877 τυγχάνει·
1256 2838 1293 2869 ὧν
1311 2841 1391 2877 μέσον
1407 2842 1544 2879 ἀλλότριον
1557 2844 1602 2870 καὶ
1617 2843 1691 2876 ξένον
1701 2843 1773 2879 ὕδωρ
1788 2844 1892 2875 ἑαυτοῖς
