2044 3215
109 204 163 233 259

592 205 845 237 COMMENTARIA
863 209 897 238 ΙΝ
916 210 1045 239 ISAIAM.
1065 226 1098 232 ——
1114 209 1196 242 CAP.
1211 207 1295 236 XX“.

1664 187 1669 190 ’
1684 209 1738 238 250

109 265 135 292 οῑ
147 266 380 302 κατηγορούμενα.
404 266 565 303 ἐπενόησαν,
576 267 625 299 τὰς
641 268 696 294 τῶν
713 269 902 303 πρεσϐυτέρων

956 278 1054 306 aquam
1071 270 1122 298 sibi
1137 269 1342 305 excogitarunt,
1357 268 1484 296 videlicet
1499 267 1638 295 seniorqu
1657 269 1740 296 tradi-

110 313 286 348 παραδόσεις,
301 314 344 348 ἐφ’
361 311 405 345 αἶς
414 314 461 341 xui
479 314 550 350 μέγα
571 315 715 350 φρονοῦσιν
729 316 752 342 οἱ
773 317 837 352 παρ’
854 317 903 343 αὑ-

110 359 167 390 τοίς
185 358 346 394 καλούμενοι
370 359 544 395 δευτερωταί.
573 369 582 386 t
601 361 656 387 Kui.
676 362 725 388 οὐκ
742 361 902 397 ἐνεὸλέψατε

109 405 151 436 είς
160 405 205 431 τὸν
217 405 265 431 ἀπ’
279 405 367 440 ἀρχῆς
379 405 529 441 ποιήσαντα
541 406 636 442 αὐτὴν,
657 408 702 434 καὶ
717 407 762 434 τὸν
773 408 903 436 κτίσαντα

110 450 195 485 αὐτὴν
210 450 261 476 οὐκ
277 449 372 478 εἴδετε.
394 460 404 476 ι
425 451 504 485 Λέγω
524 452 556 487 δὴ
571 452 622 488 τὴν
637 453 755 480 παλαιὰν
771 453 902 480 τῶν’θεο-

111 494 251 522 πνεύστων
266 495 286 521 Γ
289 495 380 531 ραφῶν
396 496 599 532 κολυμϐήθραν,
616 497 664 533 τὴν
680 498 734 524 ἀπὸ
747 498 842 533 πηγῶν
855 498 902 525 τοῦ

111 540 183 568 θείου
200 540 358 576 Πνεύματος
371 543 566 579 προχεομένην.

148 595 158 611 ι
177 585 233 612 Kui.
247 586 360 614 ἐκάλεσε
375 587 476 623 Κύριος
488 587 602 615 Σαϐαὼθ
619 589 648 615 ἐν
658 589 691 625 τῇ
709 589 800 625 ἡμέρᾳ
810 589 902 626 ἐκείνῃ

110 631 250 668 κλαυθμὸν
267 632 314 660 καὶ
332 633 445 660 κοπετὸν
462 633 509 660 xui.
534 633 658 670 ξύρησιν,
675 635 724 661 xui.
737 634 820 666 ζῶσιν
834 635 902 662 σάκ-

109 687 175 705 κων·
191 678 269 706 αὐτοὶ
277 679 306 706 δὲ
314 679 475 715 ἐποιήσαντο
492 680 661 716 εὐφροσύνην
676 680 724 707 καὶ
733 680 901 717 ἀγαλλίαμα,

109 723 258 758 σφάζοντες
269 724 387 760 μόσχους
400 726 447 752 xui
457 725 568 758 θύοντες
581 727 714 762 πρόϐατα,
724 726 793 753 ὥστε
805 729 902 762 φαγεῖν

109 769 223 805 κρέατα,
237 769 285 797 xui.
297 771 369 797 πιεῖν
382 767 462 802 οἶνον,
479 771 613 806 λέγοντες,
630 771 764 807 Φάγωμεν
774 772 821 799 καὶ
833 773 902 799 πίω-

112 824 171 851 μεν·
187 815 281 852 αὔριον
301 815 356 852 γὰρ
381 817 599 853 ἀποθνήσκομεν.
619 827 629 844 ι
650 817 679 844 '0
702 818 751 854 μέν
774 816 820 845 οὖν
837 818 903 851 Θεὸς

112 861 218 897 μεγάλα
233 863 396 898 τολμήσασι,
418 863 455 898 μὴ
470 863 631 899 βουλόμενος
649 863 762 891 θάνατον
773 864 903 900 ἀμαρτω-

108 906 156 934 λοῦ
169 907 208 940 ὼς
219 907 269 943 τήν
281 907 426 943 μετάνοιαν
443 908 535 940 αὑτοῦ,
553 908 662 945 θρηνεῖν
670 910 768 940 αὐτοὺς
781 910 828 937 καὶ
839 909 904 937 ἀπο-

108 952 250 980 κλαίεσθαι
270 952 320 989 τὴν
343 953 447 980 ἑαυτῶν
462 953 600 981 ἀπώλειαν
627 953 856 990 παρεκελεύσατο·
877 955 901 980 οἱ
917 950 939 979 Β

108 998 137 1026 δὲ
151 999 180 1027 ἐν
191 999 322 1031 τοιούτοις
345 1000 439 1031 κακοῖς
458 999 657 1035 ἐξεταζόμενοι,
669 1000 706 1032 ὡς
724 1000 757 1027 ἂν
779 1000 902 1034 ἀπεγνω-

110 1044 188 1076 κότες
205 1044 308 1072 ἐαυτῶν
319 1045 466 1080 σωτηρίαν,
478 1046 518 1077 είς
529 1046 656 1072 ἀπόνοιαν
666 1045 822 1078 ἐξώκειλαν,
831 1046 902 1083 μέθῃ

112 1090 160 1116 xui.
175 1091 265 1126 τρυφῇ
281 1091 392 1122 ἑαυτοὺς
406 1091 540 1124 ἐκδόντες,
560 1092 597 1124 ὠς
607 1092 638 1118 ού
649 1091 843 1128 διαδεξομένης
853 1093 903 1120 αὑ-

113 1135 175 1167 τοὺς
200 1135 268 1162 Θεοῦ
290 1136 406 1172 κρίσεως
423 1137 493 1172 μετὰ
517 1137 568 1173 τὴν
589 1136 636 1164 τοῦ
653 1137 750 1174 θνητοῦ
777 1138 836 1174 βίου
862 1147 904 1165 τε·

113 1181 219 1217 λευτήν.

150 1236 160 1252 ‹
177 1226 232 1254 Καὶ
246 1227 493 1263 ἁνακεκαλυμμένα
504 1228 592 1255 ταῦτά
609 1229 661 1255 είσι
678 1230 706 1256 ὲν
716 1230 772 1261 τοῖς
779 1229 831 1256 ὠσὶ
845 1229 902 1256 Κυ-

113 1272 170 1308 ρίου
182 1272 306 1301 Σαϐαὼθ,
326 1283 337 1299 ι
355 1274 402 1301 Διὸ
416 1274 511 1310 ὥσπερ
527 1275 620 1310 δεσμῷ
633 1275 701 1301 Θεοῦ
717 1275 902 1303 καταδεθεϊσιν

109 1317 201 1350 αὐτοῖς
215 1319 248 1354 τῇ
265 1318 386 1354 ἁμαρτίᾳ
397 1319 533 1354 ἀπόφασις
544 1319 716 1355 ἐξενήνεκται
731 1321 790 1347 κατ’
800 1320 901 1354 αὐτῶν,

109 1363 230 1398 φήσασα’
249 1372 258 1389 t
270 1364 327 1392 οὐκ
343 1364 509 1401 ἀφεθήσεται
521 1366 538 1402 ἡ
552 1365 663 1402 τοιαύτη
682 1366 802 1402 ἁμαρτία
814 1367 901 1403 ὑμῶν,

108 1409 164 1441 ἓως
178 1409 343 1446 ἀποθάνητε.
367 1420 377 1437 ι

147 1464 158 1481 ι
176 1455 246 1482 Τάδε
261 1455 335 1491 λέγει
348 1456 450 1493 Κύριος
469 1457 594 1485 Σαδαώί)⁵
612 1457 734 1494 Πορεύου
745 1459 786 1490 είς
802 1467 901 1486 παστο-

107 1501 204 1538 φόριον
220 1503 289 1538 πρὸς
304 1503 410 1540 Σομνὰν
427 1504 472 1531 τὸν
483 1504 595 1539 ταμίαν,
613 1505 661 1532 καί
674 1503 749 1532 εἶπον
762 1505 845 1540 αὐτῷ·
870 1506 903 1532 Τί

106 1557 152 1576 σοι
170 1545 238 1581 ὦδε;
250 1549 303 1576 Καὶ
310 1549 336 1576 τί
349 1543 390 1576 σὶιι
400 1550 475 1576 ἐστιν
489 1546 551 1583 ὧδε,
561 1550 602 1577 ὅτι
615 1550 787 1586 ἐλατόμησας
798 1551 903 1587 σεαυτῷ

106 1591 163 1623 ὦδε
181 1597 329 1632 μνημεῖον;
355 1597 402 1623 καὶ
414 1596 545 1632 ἐποίησας
561 1596 668 1632 σεαυτῷ
681 1598 710 1624 ἐν
723 1596 816 1632 ὑψηλῷ
835 1606 903 1632 μνη-

105 1642 198 1677 μεῖον,
212 1642 260 1669 καὶ
277 1642 399 1678 ἔγραψας
418 1643 524 1678 σεαυτῷ
540 1644 570 1670 ἐν
589 1643 678 1679 πέτρᾳ
696 1644 815 1679 σκηνήν;
837 1644 901 1671 Ἰδοὺ

100 1687 142 1724 δὴ
157 1687 259 1723 Κύριος
276 1688 390 1715 Σαῦαὼθ
415 1689 525 1716 ἐκδαλεῖ
542 1690 588 1716 xui.
604 1690 727 1725 ἐκτρίψει
743 1690 837 1726 ἄνδρα,
855 1690 902 1717 xui.

100 1733 205 1768 ἀφελεῖ
219 1733 268 1769 τὴν
284 1735 378 1770 στολήν
389 1744 447 1767 σου,
463 1736 510 1762 καὶ
524 1736 570 1764 τὸν
590 1737 721 1771 στέφανόν
738 1746 785 1764 σου
801 1737 846 1764 τὸν
859 1737 901 1764 ἔν-

98 1779 195 1814 δοξον,
212 1781 260 1807 καὶ
275 1780 346 1816 ῥίψει
373 1790 402 1808 σε
412 1783 452 1814 είς
468 1781 560 1819 χώραν
583 1782 704 1819 μεγάλην
719 1784 764 1810 xui.
780 1783 903 1820 ἀμέτρη-

99 1835 165 1858 τον,
192 1827 239 1853 καὶ
262 1828 320 1858 ἐκεῖ
348 1827 481 1864 ἀποθανῇ·
500 1829 547 1855 xui
573 1828 651 1864 οήσει
665 1829 696 1856 τὸ
712 1829 789 1865 ἅρμα
806 1838 852 1856 σου
871 1829 902 1856 τὸ

102 1872 195 1900 καλὸν
211 1873 251 1904 εἰς
266 1873 387 1908 ἀτιμίαν,
412 1875 460 1901 καὶ
476 1875 521 1901 τὸν
540 1872 614 1901 οἷκον
635 1874 684 1901 τοῦ
711 1875 840 1911 ἄρχοντός
854 1884 901 1902 σου

102 1920 150 1950 εἰς
168 1919 363 1954 καταπάτημα·
382 1920 428 1946 καὶ
444 1921 616 1957 ἀφαιρεθήσῃ
633 1922 664 1948 ἐκ
679 1922 729 1956 τῆς
746 1921 902 1957 οἰκονομίας

103 1974 156 1993 σου
177 1965 222 1991 καὶ
249 1965 281 1992 ὲκ
303 1966 353 2001 τῆς
378 1965 499 1998 στάσεώς
523 1975 580 1994 σου.
612 1976 621 1993 ι
649 1967 746 2002 Ἔλεγε
775 1968 863 1995 τοίνυν
888 1970 902 1996 ὁ

108 2012 240 2047 Έὸραῖος
251 2012 381 2048 ἀρχιερέα
392 2013 555 2048 γεγενῆσθαι
574 2014 619 2040 τὸν
639 2014 746 2049 Σομνὰν
760 2016 902 2050 τρυφητήν

101 2067 180 2090 τινα,
193 2058 240 2084 καὶ
254 2058 300 2084 τὸν
319 2057 375 2093 βίον
391 2058 509 2093 ἄσεμνον
525 2058 618 2094 ἄνδρα·
637 2060 675 2091 ὼς
692 2060 738 2086 καὶ
758 2060 902 2096 προδοῦναι

100 2104 153 2132 τὸν
164 2103 228 2130 λαὸν
236 2103 292 2138 (28)
301 2104 347 2131 καὶ
355 2104 538 2141 αὐτομολῆσαι
545 2106 614 2141 πρὸς
623 2106 841 2142 Σεναχηρεὶμτὺν
848 2106 901 2133 τῶν

109 2149 265 2185 Ἀσσυρίων
289 2149 410 2185 βασιλέα,
437 2151 507 2187 πρὸς
530 2151 560 2179 ὃν
585 2151 725 2178 ἐκελεύετο
752 2152 868 2188 βαδίζειν
887 2154 901 2180 ό

101 2196 252 2233 προφήτης
269 2197 309 2229 είς
327 2196 358 2223 τὺ
369 2197 586 2233 παστοφόριονᾹ
599 2199 670 2225 κατὰ
682 2199 728 2225 τὸν
742 2199 899 2235 Σύμμαχον,

103 2253 115 2269 ι
131 2242 180 2269 τὸν
192 2243 416 2278 σκηνοποιοῦντα,
440 2253 450 2269 ι
473 2243 575 2279 ῆκατὰ
588 2244 634 2270 τὸν
657 2244 782 2277 Ἀκύλαν,
803 2255 812 2271 ι
832 2245 900 2281 πρὸς

955 317 1052 350 tiones,
1067 316 1094 343 in
1123 316 1222 351 quibus
1236 315 1320 342 altum
1347 319 1458 349 sapiunt
1473 314 1501 346 ii,
1516 313 1562 349 qui
1584 314 1654 348 apud
1680 314 1740 342 illos

954 363 1109 390 Deuterotae
1127 361 1307 397 appellantur.
1323 371 1331 387 t
1343 361 1376 388 Et
1392 369 1446 389 non
1462 359 1620 395 respexistis
1637 360 1662 387 iu
1678 367 1739 387 eum

954 409 999 443 qui
1014 409 1047 436 ab
1062 407 1140 436 initio
1161 407 1225 436 fecit
1243 407 1329 439 illam,
1340 411 1368 434 et
1379 406 1548 434 conditorem
1559 405 1619 440 ejus
1632 413 1684 433 non
1700 405 1740 432 vi-

954 455 1042 483 distis.
1058 464 1068 481 ι
1085 454 1123 482 De
1140 454 1223 482 veleri
1239 454 1390 481 divinarum
1409 453 1612 488 Scripturarum
1634 451 1740 486 piscina

955 501 1064 536 loquor,
1078 507 1138 536 qua:
1151 507 1166 527 a
1176 499 1297 528 fontibus
1311 499 1396 527 divini
1410 498 1528 534 Spiritus
1547 502 1667 526 emanat.

989 589 1072 617 Vsus.
1089 589 1133 621 1⁸2,
1149 588 1193 616 l3.
1211 597 1220 614 ι
1232 587 1265 615 Et
1293 587 1402 615 vocavit
1423 587 1554 615 Dominus
1576 586 1695 615 Sabaoth
1711 587 1740 614 in

954 635 998 663 die
1011 635 1055 662 illa
1075 634 1180 668 fletum,
1195 638 1223 662 et
1246 633 1397 669 planctum,
1409 638 1435 661 et
1451 633 1625 662 abrasionem
1641 638 1668 661 et
1682 633 1739 660 cin-

953 685 1060 708 cturam
1078 687 1220 707 saccorum
1235 689 1242 708 :
1255 679 1294 707 illi
1308 684 1399 706 autem
1415 679 1498 706 laetati
1517 684 1545 706 et
1560 678 1648 714 gavisi
1664 682 1738 712 sunt,

951 727 1108 762 jugulames
1131 726 1232 754 vitulos
1255 730 1283 753 et
1309 729 1460 753 mactantes
1486 732 1561 758 oves,
1577 729 1606 752 ut
1628 726 1742 753 ederent

953 780 1060 806 carnes,
1076 777 1104 801 et
1115 773 1241 801 biberent
1257 771 1359 805 vinum,
1375 771 1506 804 dicentes,
1526 770 1700 798 comedamus
1712 773 1740 797 et

953 820 1091 853 bibamus,
1107 827 1169 847 cras
1189 819 1262 846 enim
1289 818 1447 846 moriemur.
1461 827 1470 843 ι
1497 816 1569 844 Deus
1584 816 1676 853 igitur,
1693 816 1740 851 qui

953 874 1007 894 non
1024 865 1082 893 vult
1107 870 1222 893 mortem
1246 864 1408 900 peccatoris,
1423 863 1470 890 sed
1494 862 1579 898 magis
1604 862 1741 897 paeniten-

954 912 1032 945 tiam,
1048 912 1121 947 ipsos
1149 918 1246 946 magna
1279 909 1400 938 facinora
1423 915 1575 944 aggressos,
1601 908 1694 944 lugere
1712 912 1741 935 et

953 957 1101 994 perniciem
1124 957 1190 984 ﬂere
1204 963 1281 984 suam
1294 955 1387 990 jubet;
1408 954 1446 982 illi
1463 961 1528 982 vero
1544 954 1570 981 in
1585 953 1739 988 huiusmodi

952 1004 1032 1033 malis
1045 1007 1198 1036 versantes,
1210 1001 1288 1037 quasi
1305 1002 1337 1029 de
1349 1001 1436 1029 salute
1448 1000 1626 1035 desperantes
1638 1008 1698 1032 sua,
1712 1000 1739 1027 in

952 1049 1085 1078 insaniant
1111 1053 1286 1084 proruerunt,
1315 1046 1441 1075 ebrietati
1466 1051 1494 1074 et
1518 1045 1649 1081 voluptati
1679 1053 1740 1073 sese

952 1096 1096 1127 dedentes;
1111 1094 1187 1128 quasi
1205 1099 1301 1129 nempe
1317 1097 1377 1128 post
1391 1093 1493 1120 exitum
1507 1099 1541 1119 ex
1554 1092 1605 1120 hac
1622 1091 1678 1118 vita
1692 1090 1740 1119 Dei

950 1140 1081 1175 judicium
1101 1140 1258 1174 neutiquam
1274 1138 1334 1167 illos
1348 1143 1521 1174 excepturum
1537 1141 1620 1165 esset.

989 1231 1070 1259 Vens.
1087 1230 1131 1258 14.
1148 1239 1158 1256 α
1171 1230 1204 1258 Et
1229 1230 1288 1258 haec
1304 1229 1422 1257 revelata
1440 1233 1503 1256 sunt
1519 1228 1546 1255 in
1562 1228 1674 1255 auribus
1687 1227 1741 1254 Do-

953 1277 1019 1304 mini
1044 1276 1175 1304 Sabaoth.
1192 1285 1202 1302 ι
1219 1275 1310 1309 Quare
1339 1274 1394 1302 illis
1420 1278 1531 1308 peccato
1561 1281 1610 1301 ceu
1633 1271 1740 1299 vinculo

953 1323 1000 1350 Dei
1017 1323 1128 1354 vinctis,
1143 1322 1202 1350 haec
1215 1321 1352 1349 sententia
1374 1320 1513 1356 profertur
1527 1329 1534 1346 :
1553 1328 1562 1343 ι
1576 1319 1633 1346 Non
1648 1318 1741 1346 dimit-

954 1372 1025 1396 tetur
1038 1368 1116 1395 vobis
1131 1367 1182 1395 hoc
1194 1370 1347 1402 peccatum,
1361 1365 1449 1394 donec
1465 1363 1632 1392 morianiiui.
1647 1373 1656 1390 ι

988 1457 1072 1486 Vens.
1087 1457 1176 1485 l5—l9.
1194 1467 1203 1484 ι
1216 1456 1280 1485 Haec
1289 1457 1354 1485 dicit
1367 1457 1497 1485 Dominus
1511 1455 1629 1484 Sabaoth
1644 1465 1650 1483 :
1666 1454 1741 1483 Vade

953 1504 980 1532 in
1005 1504 1210 1539 pastophoriutn
1236 1503 1269 1531 ad
1297 1503 1427 1531 Somnam
1455 1503 1627 1538 penuarium,
1645 1506 1673 1529 et
1695 1500 1740 1528 dic

953 1549 978 1577 ei
996 1557 1003 1576 :
1020 1548 1090 1583 Quid
1110 1548 1158 1576 tibi
1178 1548 1244 1576 hic?
1264 1549 1296 1576 Et
1313 1549 1377 1584 quid
1394 1548 1443 1576 tibi
1458 1553 1511 1580 est,
1529 1547 1600 1582 quod
1615 1545 1741 1575 excidisti

954 1595 1004 1623 tibi
1028 1595 1073 1623 hic
1090 1595 1362 1623 monumentum?et
1390 1594 1479 1622 fecisti
1508 1593 1556 1621 tibi
1580 1594 1606 1620 in
1632 1591 1740 1621 excelso

954 1646 1171 1674 monumentum,
1188 1645 1216 1668 et
1229 1641 1364 1676 scripsisti
1387 1641 1436 1669 tibi
1452 1641 1478 1668 in
1494 1644 1569 1674 petra
1585 1639 1741 1668 tabemacu-

953 1688 1028 1716 lum?
1046 1688 1115 1716 Ecce
1127 1693 1203 1716 certe
1219 1687 1349 1716 Dominus
1362 1686 1482 1715 Sabaoth
1493 1687 1584 1722 ejiciet
1596 1691 1621 1713 et
1642 1688 1741 1712 atteret

952 1734 1053 1768 virum,
1069 1739 1096 1762 et
1110 1735 1216 1762 auferet
1230 1735 1358 1762 amictum
1374 1739 1458 1767 tuum,
1478 1738 1505 1761 et
1524 1740 1652 1761 coronam
1665 1737 1740 1760 tuam

953 1781 1111 1818 gloriosam.
1128 1787 1155 1810 et
1170 1781 1296 1816 projiciet
1311 1787 1338 1809 te
1353 1782 1380 1808 iu
1401 1781 1541 1817 regionem
1565 1787 1688 1816 magnam
1713 1782 1743 1806 et

953 1827 1124 1858 immensam,
1141 1831 1169 1855 et
1183 1827 1219 1854 ibi
1241 1827 1383 1859 morieris;
1398 1831 1426 1854 et
1446 1831 1529 1861 ponet.
1541 1833 1649 1853 currum
1665 1830 1740 1852 tuum

951 1873 1095 1908 pulchrum
1111 1873 1137 1900 in
1147 1873 1276 1906 dedecus,
1286 1873 1428 1900 ctdomum
1439 1872 1568 1908 principis
1581 1871 1618 1899 tui
1631 1871 1658 1898 in
1674 1879 1740 1899 con-

953 1918 1132 1946 culcationem
1143 1927 1149 1945 :
1162 1924 1189 1947 et
1202 1927 1216 1946 a
1228 1919 1430 1954 dispensatione
1443 1923 1488 1946 tua
1501 1922 1529 1946 et
1539 1926 1553 1945 a
1567 1917 1682 1945 statione
1697 1922 1741 1944 tua

952 1964 1098 1994 arceberis.
1116 1975 1124 1991 ι
1145 1965 1190 1993 Ait
1215 1965 1306 2000 itaque
1333 1964 1473 1998 Hebraeus,
1499 1964 1628 1992 Somuam
1659 1962 1742 1990 fuisse

952 2017 1125 2052 pontificem,
1148 2012 1328 2047 voluptarium
1347 2015 1373 2038 et
1404 2010 1538 2038 indecora:
1567 2011 1628 2037 vitaz
1654 2009 1742 2038 homi-

952 2071 1030 2097 nem,
1051 2063 1087 2090 ita
1115 2066 1144 2088 ut
1168 2060 1249 2087 etiam
1266 2058 1393 2094 populum
1419 2058 1546 2092 proderet
1570 2062 1598 2085 et
1621 2056 1741 2084 transfu-

952 2113 1029 2145 geret
1050 2109 1083 2135 ad
1103 2105 1278 2134 Senacherim
1295 2105 1468 2140 Assyrionim
1486 2111 1586 2138 regem,
1605 2111 1684 2139 quem
1698 2102 1747 2137 ju-'

952 2154 1032 2182 betur
1051 2153 1180 2189 propheta
1202 2151 1228 2179 in
1250 2150 1426 2187 pastoplmrio
1452 2151 1541 2183 adire;
1555 2151 1622 2184 sive,
1644 2157 1742 2177 secun-

952 2201 1015 2228 dum
1030 2199 1234 2236 Symmachum,
1251 2207 1261 2224 ι
1275 2198 1308 2224 ad
1324 2197 1558 2225 tabernaculorum
1573 2196 1703 2224 artificem
1714 2205 1738 2230 ς)

952 2255 1011 2280 seu,
1029 2245 1176 2274 secundum
1203 2244 1340 2279 Aquilam,
1370 2252 1380 2270 ί
1396 2244 1429 2271 ad
1457 2243 1628 2271 tabernacula
1659 2243 1742 2278 figen-

98 2288 153 2316 τὸν
169 2288 330 2323 σκηνοῦντω
346 2297 356 2315 ›
380 2288 452 2315 οὕτω
464 2288 519 2324 γὰρ
531 2289 704 2325 ήρμήνευσαν
720 2290 788 2317 Θεοῦ
804 2291 835 2317 τὸ
847 2300 900 2318 πα-

954 2298 1046 2327 ιοιη,›
1076 2292 1112 2319 ita
1147 2291 1218 2318 enim
1249 2290 1455 2325 pastophoriutn
1488 2289 1535 2317 Del
1571 2289 1741 2324 interpretati

99 2333 261 2369 στοῳόριον·
279 2335 366 2361 εἰπεῖν
380 2343 410 2362 τε
426 2335 511 2370 αὐτῷ’
522 2336 630 2370 Μάτην,
640 2333 662 2363 ὦ
673 2334 760 2369 οὗτος,
773 2337 821 2364 καὶ
837 2346 904 2373 προ-

97 2379 202 2411 πετῶς
218 2380 309 2407 ἐνθάδε
322 2381 412 2416 σαυτῷ
427 2382 495 2417 πρὸς
505 2383 538 2417 τῇ
554 2382 643 2418 πέτρᾳ
659 2384 691 2419 τῇ
709 2383 797 2419 ὑψηλῇ
812 2383 903 2411 ἐλατό-

101 2434 203 2463 μησας
220 2427 359 2461 μνημεῖον,
378 2427 516 2460 κοιλαὶνας
539 2428 568 2454 ἐν
590 2428 666 2464 αὐτῷ
686 2428 832 2465 γράμμασι
854 2430 903 2465 τῆς

100 2471 211 2500 σαυτοῦ
229 2471 341 2507 γνώμης
365 2472 496 2508 σύμϐολαυ
513 2474 563 2500 οὐκ
589 2474 676 2506 εἰδὼς,
692 2475 738 2501 “ὄτι
753 2476 814 2510 ὄρος
832 2476 902 2502 κατὰ

100 2519 157 2546 σοῦ
175 2518 350 2553 ἐξενήνεκται
370 2519 445 2554 παρὰ
464 2521 565 2555 Κυρίου
595 2520 720 2553 Σαϐαὼθ,
748 2522 762 2548 ό
783 2521 901 2548 κελεύων

98 2564 307 2600 καθαιρεθέντα
318 2572 348 2590 σε
357 2565 406 2599 τῆς
418 2566 510 2601 τιμῆς,
525 2563 558 2601 ἧς
572 2567 618 2593 ἐπὶ
629 2566 675 2593 τοῦ
689 2567 821 2602 παρόντος
838 2576 902 2603 μετ-

98 2613 193 2646 εῖχες,
209 2609 256 2636 καὶ
276 2609 454 2645 γυμνωθέντα
471 2611 520 2646 τῆς
532 2612 727 2648 περικειμένης
739 2621 779 2639 σοι
793 2613 899 2649 στολῆς,

97 2656 154 2684 τοῦ
171 2664 201 2683 τε
231 2656 366 2690 στεφάνου
388 2656 435 2682 xui.
460 2657 508 2692 τῆς
522 2657 604 2693 ἄλλης
625 2658 713 2693 δόξης,
730 2659 899 2694 πορρωτάτω

96 2703 155 2746 τῇς
182 2701 299 2728 ἐνταῦθα
313 2701 376 2736 γῆς,
399 2702 444 2728 ἐπὶ
460 2701 538 2737 ξένης
559 2703 631 2735 τινος
653 2704 700 2730 καὶ
723 2704 831 2740 μακρὰν
848 2706 902 2731 ἁπ-

95 2747 265 2784 ῳκισμένης
277 2747 370 2783 χώρας
385 2747 542 2776 ἀποθανεῖν.
558 2749 695 2785 Περιττῶς
712 2750 766 2786 ἄρα
781 2750 904 2784 ἐφιλοκά-

97 2794 164 2824 λειξ
182 2793 228 2820 τὸν
247 2794 330 2821 πολὺν
350 2794 454 2821 ἐκεῖνον
471 2795 595 2828 συνάγων
609 2796 733 2829 πλοῦτον,
745 2796 780 2823 τὰ
792 2796 902 2832 ἅρματα

98 2840 152 2867 xui.
169 2839 215 2866 τὺν
229 2839 323 2867 λοιπὸν
332 2839 426 2875 τῦφον,
442 2840 472 2867 ὃν
482 2840 566 2867 είσέτι
576 2842 623 2868 καὶ
635 2842 682 2870 νῦν
695 2843 901 2879 περιόἐὸλησας.

142 2897 204 2933 (9.8)
225 2899 271 2926 Sic
297 2897 488 2935 Hieronymus,
507 2909 517 2925 t
536 2899 622 2934 Supra
648 2901 764 2928 diximus
779 2901 897 2929 Subitam

101 2934 193 2962 fuisse
215 2935 383 2970 pontificem,
397 2934 443 2970 qui
467 2935 589 2971 Assyriis
612 2937 730 2971 prodidit
747 2937 896 2966 civitatem.

955 2343 1038 2368 sunt:
1055 2339 1159 2374 ipsique
1177 2337 1269 2365 dicere
1292 2337 1457 2372 praecipitur,
1481 2335 1554 2364 Heus
1576 2341 1615 2368 tu,
1640 2335 1742 2362 frustra

954 2390 981 2412 ct
999 2390 1100 2412 temere
1121 2384 1165 2411 hic
1182 2384 1230 2410 tibi
1248 2383 1275 2411 in
1293 2384 1345 2410 alta
1367 2388 1443 2418 petra
1467 2387 1668 2410 monumentum
1693 2390 1742 2409 ex-

953 2429 1226 2463 cidisti,'insculptis
1245 2428 1343 2456 litteris
1366 2428 1511 2456 voluntatis
1537 2433 1589 2455 tua:
1619 2427 1742 2463 symbola

955 2480 1151 2511 repraesentans
1174 2483 1181 2501 τ
1205 2474 1333 2508 ignoratis
1354 2474 1491 2500 decretum
1511 2479 1526 2499 a
1555 2472 1668 2499 Domino
1692 2471 1741 2498 Sa-

955 2522 1035 2549 baoth
1049 2525 1142 2548 contra
1159 2525 1184 2547 te
1197 2520 1316 2555 prodire,
1330 2526 1383 2554 quo
1398 2523 1424 2546 te
1438 2518 1524 2552 jubet,
1543 2518 1644 2545 honore
1661 2523 1740 2551 queui

955 2575 1026 2594 nunc
1051 2566 1157 2593 obtines
1178 2565 1367 2597 deturbatum,
1389 2565 1505 2598 amictu,
1530 2572 1585 2599 quo
1608 2561 1739 2593 iuducris,

954 2619 1054 2640 corona
1067 2619 1098 2639 ac
1115 2612 1218 2646 reliquo
1230 2612 1328 2638 decore
1342 2616 1466 2643 exutum,
1480 2610 1574 2644 procul
1589 2610 1640 2636 hac
1656 2614 1740 2640 terra,

955 2658 981 2685 in
999 2657 1141 2693 peregrina
1160 2663 1187 2685 et
1209 2657 1390 2684 remotissima
1418 2658 1527 2691 regione
1552 2655 1670 2690 defungi.
1688 2654 1741 2682 Su-

955 2704 1057 2738 perflue
1073 2703 1154 2738 igitur
1169 2707 1256 2729 tantas
1273 2702 1333 2730 iilus
1347 2701 1456 2730 divitias
1471 2700 1592 2728 Studiose
1612 2700 1740 2735 colligere

955 2750 1106 2784 samgcbas,
1128 2756 1160 2776 ac
1188 2756 1283 2776 currus
1303 2748 1505 2783 superbumque
1521 2747 1603 2774 alium
1623 2754 1739 2781 appara-

955 2800 1020 2827 tum,
1042 2803 1095 2829 quo
1117 2801 1189 2822 nunc
1203 2794 1334 2822 inducris.
1358 2792 1421 2821 Πὧῦ
1441 2793 1503 2821 item
1523 2793 1656 2828 quispiam
1673 2798 1740 2820 temc

955 2842 1013 2877 pori
1031 2841 1165 2877 passionis
1187 2839 1341 2868 Servatoris
1361 2840 1447 2867 nostri
1464 2844 1642 2876 congruenter
1662 2845 1738 2874 apta-

953 2901 1005 2928 Sed
1021 2900 1082 2934 quia
1099 2900 1151 2926 hoc
1164 2898 1319 2927 traditionis
1333 2902 1375 2927 est
1391 2897 1542 2931 llebraicm,
1557 2901 1582 2925 et
1598 2896 1739 2931 Scriptura

952 2944 1005 2965 tiou
1024 2935 1152 2970 loquitur,
1165 2938 1217 2962 etc.
1370 2934 1372 2937 '
