2044 3215
258 191 311 218 253

298 251 378 279 Vens.
399 251 444 284 10,
471 251 514 278 ll.
539 260 547 276 ι
563 249 683 285 Operare
709 255 809 277 terram
835 253 908 276 luam
929 257 936 275 :

260 298 333 325 cnim
352 304 403 324 non
428 296 543 332 amplius
563 296 674 324 veniunt
692 294 866 330 Carthagine.
883 294 978 322 Manus
1000 302 1050 321 au-

263 348 316 371 tem
332 348 376 371 tua
393 343 458 370 nihil
478 347 566 378 potest
583 342 698 376 amplius
718 342 744 368 in
766 341 847 373 mari,
868 348 929 374 qua:
951 347 1051 375 provo-

262 385 464 420 cabatreges.»
494 383 532 412 Ne
557 384 638 419 igitur
661 383 778 417 amplius
802 382 956 418 superbias,
982 389 1051 409 neve

262 436 423 465 arroganter
439 438 514 465 agas,
534 430 569 457 ob
586 430 695 457 divitias
710 435 738 457 et
751 437 816 463 opes
832 428 900 455 mari
923 428 1052 456 advectas

264 476 311 504 tibi
335 485 343 504 :
367 483 461 503 verum
488 476 615 510 depressa
641 480 668 503 et
694 475 814 506 humilis,
828 474 946 502 colenda:
973 479 1052 501 terra:

262 529 340 553 vaca,
358 525 388 548 ut
411 520 542 548 fructibus
558 526 639 548 terrm
655 527 689 547 ex
711 519 876 554 agricultura
893 519 979 554 partis
1002 526 1052 546 ttu-

265 567 386 595 triaris:
414 567 518 594 marina
549 566 686 600 siquidem
717 566 763 593 tibi
793 566 869 592 lucra
898 571 1050 593 cessarunt.

262 612 329 640 Nam
343 613 406 640 dum
422 612 456 640 iis
479 611 624 644 fruelnaris,
640 611 797 639 felicitatem
813 610 885 639 ferre
907 615 980 638 tuam
998 619 1051 638 non

261 663 383 692 poteras.
404 658 451 686 sed
468 657 572 685 vicinos
587 664 665 692 reges
682 658 779 684 omnes
798 657 969 685 contumeliis
990 664 1052 691 pro-

261 704 388 733 vocabas.
404 704 536 732 Cazterum
555 703 612 731 haec
637 703 708 731 ultra
731 702 823 731 facere
840 703 889 731 tibi
915 711 968 730 non
987 703 1052 730 lice-

261 750 317 784 bit,
339 758 427 785 neque
453 756 548 778 contra
564 749 633 778 alios
659 751 820 785 quospiam,
844 757 932 785 neque
956 755 1052 777 contra

262 797 405 824 ﬁnitimam
419 796 558 830 Sidonem,
572 803 653 831 quam
668 795 765 823 laedere
778 796 915 823 tentabas.
932 805 941 822 ι
958 795 1052 823 Manus

263 847 352 869 autem
370 847 415 870 tua
431 842 497 870 nihil
514 845 602 876 potest
615 841 749 877 amplius;
766 851 775 867 ι
792 841 919 869 videlicet
932 846 1052 878 potestas

263 888 348 923 regia,
364 894 416 922 qua
431 887 495 914 olitn
511 888 617 914 ﬁrmata
629 890 697 914 erat.

613 186 749 216 EUSEBII
767 185 1009 215 CESARIENSIS
1027 185 1103 214 OPP.
1125 183 1215 212 PARS
1235 182 1278 210 Ill.
1300 197 1334 202 ——
1353 180 1548 209 EXEGETICA

967 255 1048 275 naves
1063 257 1086 281 Α
1137 256 1147 271 r
1172 242 1305 280 Ἑργάζον
1325 242 1374 278 τὴν
1395 242 1446 277 γῆν
1470 248 1533 267 σου·
1557 239 1605 266 καὶ
1622 238 1676 273 γὰρ
1702 237 1779 264 πλοῖα
1799 235 1892 262 οὐκέτι

1840 174 1892 202 256

1100 292 1208 328 ἔρχεται
1222 291 1254 316 ἐκ
1270 288 1456 324 Καρχηδόνος.
1476 287 1508 313 Ἡ
1521 286 1549 313 δὲ
1559 285 1621 321 χείρ
1636 293 1683 311 σου
1696 283 1789 310 οὐκέτι
1805 283 1892 317 ἰσχύει

1101 337 1172 365 κατὰ
1191 336 1340 367 θάλασσαν,
1362 336 1379 370 ἡ
1397 333 1585 370 παροξύνουσα
1604 330 1733 366 βασιλεῖς.
1755 339 1763 355 ι
1785 328 1892 363 Μηκέτι

1101 385 1191 410 τοίνυν
1212 381 1326 418 ἐπαίρου
1341 382 1379 413 ὡς
1397 380 1468 415 αὑτὴ
1487 376 1730 415 μεγαλαυχουμένη
1747 374 1793 401 ὲπὶ
1807 373 1847 408 τῷ
1861 374 1894 399 ὲκ

1102 430 1240 464 θαλάσσης
1257 427 1429 463 ποριζομένῳ
1445 434 1486 452 σοι
1503 424 1626 459 πλούτῳ·
1642 421 1841 449 ταπεινωθεῖσα
1853 419 1892 451 δὲ,

1102 476 1166 510 περὶ
1186 463 1236 509 τῆν
1259 472 1361 507 σαυτῆς
1379 470 1495 506 ἀσχολοῦ
1511 469 1562 504 γῆν
1576 466 1760 504 γεωπονοῦσα,
1775 465 1822 492 καὶ
1840 463 1894 490 ἀπὸ

1100 521 1154 547 τῶν
1173 520 1228 547 ἀπὸ
1239 519 1290 554 γῆς
1309 517 1424 554 καρπῶν
1442 515 1597 552 τρεφομένη
1607 523 1614 529 ·
1631 512 1769 539 πέπαυται
1782 511 1838 545 γάρ
1852 518 1894 536 σοι

1100 567 1136 594 τὰ
1149 567 1203 594 ἀπὺ
1224 567 1273 601 τῆς
1292 564 1430 598 θαλάσσης
1448 562 1541 598 κέρδη.
1563 562 1619 588 Καὶ
1635 560 1689 596 γὰρ
1705 559 1806 585 τούτων
1826 558 1896 584 ἀπο-

1101 613 1232 645 λαύουσα,
1252 612 1302 638 οὐκ
1326 611 1423 646 ἔφερες
1449 609 1532 644 αὐτῆς
1558 608 1607 642 τὴν
1631 605 1816 641 εὐδαιμονίαν·
1835 603 1894 630 ἀλλ’

1103 659 1249 695 ἐξύϐρισας
1269 657 1458 694 παροξύνουσα
1476 655 1595 690 βασιλεῖς
1618 653 1720 684 πάντας
1740 652 1804 682 τοὺς
1825 650 1896 685 πλη-

1103 705 1262 741 σιοχώρους.
1278 704 1352 740 Πλὴν
1368 702 1460 729 οὐκέτι
1473 709 1514 727 σοι
1525 699 1611 727 ταῦτα
1625 699 1754 734 πράττειν
1775 696 1894 730 ἐξέσται,

1102 753 1163 780 οὐδὲ
1178 752 1238 779 καθ’
1252 751 1366 786 ἐτέρων,
1377 750 1437 777 οὐδὲ
1451 747 1521 776 κατὰ
1531 747 1581 782 τῆς
1592 745 1705 782 πλησίον
1717 753 1758 770 σοι
1767 743 1895 775 Σιδῶνος,

1103 799 1136 834 ἢν
1160 798 1206 825 καὶ
1221 797 1305 832 αὐτὴν
1321 796 1425 823 ἀδικεῖν
1447 794 1605 829 ἐπιχειρεῖς.
1635 801 1643 816 ι
1673 791 1705 818 ‘H
1721 790 1750 817 δὲ
1765 789 1825 825 χείρ
1849 797 1896 816 σου

1103 845 1196 872 οὐκέτι
1213 843 1315 879 ἰσχύει·
1341 852 1350 868 ι
1372 843 1444 877 λέγω
1458 841 1491 877 δὴ
1504 842 1521 876 ἡ
1541 839 1655 875 δύναμις
1671 839 1687 874 ἡ
1703 836 1840 873 βασιλικὴ,
1862 835 1897 862 δι’

1104 889 1138 928 ἧς
1153 891 1183 918 τὸ
1197 891 1281 918 πάλαι
1295 889 1449 924 ὠχύρωται.

300 934 380 961 Vens.
395 933 491 961 12-16.
509 942 518 959 ι
535 933 665 961 Dominus
683 933 852 961 exercituum
872 933 998 969 praecepit
1020 933 1053 960 de

1143 947 1153 962 ι
1179 936 1282 972 Κύριος
1305 933 1419 961 Σαϐαὼθ
1441 931 1592 959 ἐνετείλατο
1613 930 1677 965 περὶ
1702 928 1823 960 Χαναὰν,
1845 928 1898 955 ἀη-

263 979 404 1012 Chanaan,
421 984 451 1006 ut
466 979 628 1013 perderetur
645 978 704 1014 ejus
719 980 811 1007 robur.
830 979 863 1006 Et
878 980 980 1011 dicent,
995 978 1053 1006 Non

264 1024 335 1051 ultra
350 1023 484 1059 adjicietis
497 1024 676 1052 contumelias
698 1029 726 1052 et
743 1025 858 1059 injurias
875 1024 977 1053 inferre
993 1025 1055 1052 lilia:

263 1070 340 1097 Sion.
359 1069 392 1096 Et
405 1069 427 1097 si
452 1069 553 1097 abieris
567 1070 600 1096 ad
618 1069 774 1103 Cittienses,
790 1077 877 1105 neque
898 1070 934 1098 ibi
949 1071 1056 1105 requies

262 1115 315 1143 erit
329 1116 377 1143 tibi
392 1127 399 1143 :
413 1121 440 1143 et
454 1116 477 1143 si
492 1116 526 1143 ad
543 1120 644 1144 terram
657 1116 857 1149 Chaldaorum,
873 1117 930 1152 ipsa
946 1124 1056 1152 quoque

263 1162 299 1190 ab
318 1162 439 1198 Assyriis
454 1167 559 1190 vastata
573 1167 625 1194 est,
642 1170 729 1198 neque
745 1163 783 1190 ibi
798 1163 850 1190 erit
865 1163 914 1191 tibi
934 1164 1054 1198 requies,

263 1209 326 1245 quia
347 1217 441 1237 murus
455 1209 512 1244 ejus
522 1208 632 1237 cecidit.
647 1208 763 1242 Ululate,
780 1216 861 1237 naves
872 1209 1055 1245 Carthaginis,

263 1255 327 1289 quia
345 1255 426 1290 periit
447 1254 563 1282 munitio
580 1258 681 1281 vestra.
703 1254 736 1282 Et
756 1255 809 1282 erit
827 1255 854 1282 in
881 1255 924 1282 die
948 1255 991 1282 illa
1012 1263 1056 1282 res

263 1300 402 1335 linquetur
425 1300 515 1335 Tyrus
539 1307 593 1327 Lxx
623 1300 720 1333 annis,
743 1300 814 1327 sicut
842 1305 946 1335 tempus
974 1301 1056 1336 regis,

263 1345 337 1373 sicut
355 1351 460 1381 tempus
477 1345 607 1373 hominis.
628 1345 662 1372 Et
677 1346 731 1372 erit
754 1350 815 1380 post
839 1353 926 1373 annos
948 1350 1057 1380 septua-

263 1393 349 1427 ginta,
362 1393 416 1420 erit
427 1391 514 1427 Tyrus
527 1396 657 1426 tanquam
673 1392 809 1419 canticum
822 1391 962 1420 adulterae.
974 1392 1058 1420 Sume

263 1439 408 1471 citharam,
431 1437 534 1472 circui,
556 1437 655 1465 civitas
679 1437 816 1470 adultera,
841 1437 973 1465 oblivioni
999 1443 1056 1465 tra-

264 1485 341 1512 dita:
359 1484 427 1512 bene
443 1484 520 1520 pulsa
535 1485 678 1516 citharam,
697 1484 780 1511 multa
797 1491 876 1518 cane,
894 1489 923 1512 ut
941 1485 978 1512 tui
1000 1493 1058 1513 me-

265 1530 352 1559 moria
372 1530 498 1558 exsistat.
510 1539 520 1556 ι
537 1529 603 1563 Quae
623 1537 705 1564 porro
718 1534 815 1557 contra
828 1529 930 1565 Tyrum
950 1531 977 1558 in
995 1530 1060 1557 vati-

265 1577 339 1605 cinio
362 1577 496 1607 feruntur.
521 1576 612 1604 omnia
640 1577 735 1612 paucis
757 1576 836 1604 annis
861 1577 1056 1605 absolventur:

1106 983 1197 1010 ολέσαι
1218 982 1303 1018 αὐτῆς
1320 981 1368 1017 τὴν
1382 979 1470 1016 ίσχύν.
1485 979 1540 1006 Kal
1554 977 1672 1013 ἐροῦσιν·
1697 975 1796 1003 Οὐκέτι
1810 975 1841 1001 οὐ
1861 974 1900 1010 μὴ

1105 1029 1275 1066 προσθήσετε
1295 1027 1342 1055 τοῦ
1358 1027 1480 1063 ὑϐρίζειν
1499 1026 1546 1053 καὶ
1566 1025 1670 1052 ἀδικεῖν
1687 1021 1900 1058 τὴνὲθυγατέρα

1106 1076 1185 1104 Σιών.
1206 1076 1262 1103 Kal
1282 1074 1329 1102 ἐὰν
1348 1073 1469 1110 ἀπέλθῃς
1488 1073 1528 1104 είς
1546 1072 1675 1102 Κιττιείς,
1690 1070 1749 1096 οὐδὲ
1763 1070 1821 1096 ἐκεῖ
1835 1067 1900 1095 ἀνά-

1106 1130 1208 1153 παυσις
1218 1120 1295 1147 ἔσται
1315 1128 1372 1146 σοι·
1395 1120 1442 1146 καὶ
1460 1119 1500 1151 εἰς
1517 1119 1568 1154 γῆν
1590 1116 1742 1148 Χαλδαίων,
1764 1115 1811 1142 καὶ
1830 1114 1900 1149 αὑτὴ

1106 1167 1253 1203 ἠρήμωται
1267 1166 1322 1193 ἀπὸ
1340 1165 1395 1192 τῶν
1417 1165 1569 1201 Ἀσσυρίων
1581 1184 1588 1196 ,
1604 1162 1665 1190 οὐδὲ
1689 1162 1748 1189 ἐκεῖ
1772 1169 1813 1188 σοι
1835 1160 1900 1187 ἀνά-

1107 1221 1208 1244 παυσις
1223 1208 1316 1239 ἔσται·
1338 1212 1380 1238 ότι
1402 1211 1417 1237 ὁ
1434 1211 1523 1245 τοῖχος
1542 1209 1626 1244 αὐτῆς
1649 1207 1803 1234 πέπτωκεν.
1826 1206 1901 1232 Ὀλο-

1107 1259 1215 1291 λύξατε,
1232 1258 1312 1285 πλοῖα
1326 1257 1510 1293 Καρχηδόνος,
1527 1256 1568 1282 ὅτι
1581 1254 1705 1282 ἀπώλετο
1724 1253 1755 1280 τὸ
1769 1252 1901 1288 ὀχύρωμα

1107 1305 1194 1340 ὑμῶν,
1214 1304 1268 1331 Kal
1289 1303 1365 1331 ἔσται
1380 1304 1409 1329 ὲν
1424 1304 1457 1339 τῇ
1475 1302 1566 1339 ἡμέρᾳ
1582 1301 1674 1337 ἐκείνῃ
1686 1299 1901 1334 καταλειφθήσε-

1107 1359 1152 1378 ται
1171 1350 1257 1386 Τύρος
1276 1350 1324 1385 ἕτη
1352 1353 1383 1380 o',
1406 1349 1444 1381 ὼς
1460 1348 1556 1384 χρόνος
1582 1347 1724 1383 βασιλέως,
1747 1346 1784 1377 ὡς
1806 1345 1900 1381 χρόνος

1108 1397 1265 1434 ἀνθρώπου.
1289 1396 1344 1423 Καὶ
1366 1395 1440 1422 ἔσται
1461 1392 1529 1430 μετὰ
1549 1393 1583 1420 τὰ
1605 1392 1696 1428 ο¹ετη,
1718 1392 1793 1419 ἔσται
1814 1391 1901 1427 Τύρος

1108 1444 1145 1475 ὡς
1166 1441 1243 1479 ᾆσμα
1264 1443 1377 1479 πόρνης.
1396 1440 1470 1468 Λάϐε
1491 1440 1617 1475 κιθάραν,
1639 1439 1800 1475 ρέμϐευσον,
1824 1437 1901 1470 πόλις

1110 1489 1195 1524 πόρνη
1218 1487 1430 1522 ὲπιλελησμένη,
1447 1485 1538 1517 καλῶς
1553 1485 1704 1520 κιθάρισον,
1720 1482 1806 1510 πολλὰ
1824 1480 1900 1518 ᾆσον,

1109 1534 1153 1561 ἴνα
1167 1542 1214 1560 σου
1231 1533 1310 1569 μνεία
1323 1533 1449 1568 γένηται.
1469 1540 1479 1556 ι
1500 1530 1540 1557 Τὰ
1553 1530 1581 1556 δὲ
1594 1528 1818 1566 προφητευόμενα.
1831 1527 1903 1554 κατά

1109 1581 1159 1614 τῆς
1175 1580 1263 1616 Τύρου
1281 1578 1370 1605 πάντα
1384 1579 1414 1604 ὲν
1430 1577 1531 1611 ὀλίγοις
1549 1576 1621 1602 ἔτεσι
1640 1574 1881 1610 συν-τελεσθήσεται
1892 1581 1900 1588 ο

266 1624 366 1659 quibus
381 1623 462 1650 etiam
480 1622 577 1651 civitas
593 1622 648 1650 Deo
670 1628 843 1656 consecrata,
867 1624 976 1651 deserta
996 1623 1056 1650 fuit.

1111 1626 1141 1653 ὲν
1156 1623 1196 1657 οἷς
1211 1615 1257 1652 καὶ
1272 1625 1288 1660 ἡ
1302 1624 1341 1660 τῷ
1355 1623 1413 1659 Θεῷ
1427 1621 1603 1658 ἀφιερωμένη
1619 1619 1696 1652 πόλις
1710 1620 1827 1656 κατέστη
1839 1619 1903 1656 ἐρη-

267 1669 506 1704 Decrevitquippe
529 1669 612 1703 Deus,
634 1669 715 1697 unius
740 1669 857 1698 hominis
880 1670 942 1696 vita:
958 1661 1071 1704 spatio,‘

267 1715 326 1742 sive
350 1714 431 1741 etiam
457 1714 537 1742 unius
559 1714 656 1742 annosi
683 1714 756 1748 regis
780 1714 937 1747 dominatu,
961 1722 1058 1750 nempe

267 1760 439 1796 septuaginta
455 1761 545 1794 annis,
571 1760 688 1788 futuram
707 1760 771 1796 Tyri
795 1760 970 1788 solitudinem
992 1760 1058 1788 deﬁ-

267 1807 337 1834 nire.
352 1806 380 1834 lu
398 1807 441 1834 his
459 1812 548 1834 autem
574 1806 745 1841 septuaginta
768 1806 858 1840 annis,
881 1806 1016 1833 canticum
1032 1811 1059 1833 et

268 1860 377 1880 carmen
397 1853 430 1880 de
453 1853 582 1880 vastitate
607 1857 652 1880 tua
678 1857 778 1880 cauettt
802 1859 897 1880 omnes
923 1852 1057 1884 homines,

267 1899 314 1934 ιεἊί
327 1903 353 1926 te
376 1899 440 1926 olim
458 1904 586 1927 accurate
612 1902 755 1931 noverant,
777 1898 1002 1934 quemadmodum
1026 1900 1059 1926 de

268 1945 382 1973 muliere
396 1953 411 1972 a
428 1948 525 1973 decore
541 1953 590 1973 suo
607 1945 692 1979 lapsa.
708 1944 748 1972 Tu
765 1953 830 1973 vero
846 1945 904 1980 ipsa
920 1949 976 1972 toto
991 1944 1058 1971 soli-

270 1991 371 2019 tudinis
384 1995 436 2018 tum
457 1996 588 2026 tempore,
610 1992 823 2026 circumquaque
836 1991 944 2023 oberra,
958 1997 1059 2026 gyrans

269 2041 297 2066 et
309 2046 324 2064 a
339 2037 398 2065 loco
413 2038 439 2064 iu
456 2037 544 2065 locum
561 2043 743 2070 transmeans,
758 2043 840 2072 atque
854 2037 926 2072 apud
940 2037 1059 2072 reliquas

269 2087 364 2118 gentes
387 2082 535 2110 fornicans.
549 2083 626 2116 Quod
640 2083 662 2110 si
680 2083 764 2116 vales,
787 2090 880 2110 sumas
895 2082 958 2110 licet
972 2083 1057 2110 citita-

269 2137 329 2157 ram
344 2134 429 2161 tuam,
443 2136 495 2155 non
508 2133 535 2155 ut
550 2129 714 2160 meretricio,
728 2128 775 2156 sed
790 2133 820 2156 ut
832 2129 957 2163 prudenti
973 2136 1058 2162 more,

268 2175 451 2202 instrumento
477 2175 562 2202 utaris
585 2179 643 2202 tuo.
668 2174 782 2202 Multum
807 2175 912 2202 cithara
941 2175 1014 2207 lude,
1031 2179 1060 2202 et

267 2221 382 2249 multum
396 2227 474 2252 cane,
489 2227 520 2247 ac
535 2227 630 2255 preces
644 2221 908 2256 supplicationesque
922 2221 956 2248 ad
974 2221 1058 2248 Deum

267 2269 381 2297 emitte:
398 2268 437 2295 sic
450 2268 522 2294 enim
547 2266 599 2294 erit
621 2266 658 2293 tui
679 2267 810 2295 memoria
836 2267 906 2301 apud
925 2267 1020 2299 Deum,
1036 2267 1059 2294 si

268 2314 496 2344 modulationibus
515 2315 625 2346 cantici,
640 2319 667 2342 et
681 2314 704 2342 si
720 2314 844 2342 sensibus
859 2314 928 2349 ejus,
948 2313 1061 2341 cithara:

268 2363 366 2395 instar,
394 2362 540 2396 prudenter
567 2361 664 2393 utaris,
689 2365 872 2396 tetnperanter
893 2361 1002 2394 vivens,
1028 2369 1060 2388 ac

268 2409 325 2436 Deo
340 2409 468 2444 placitum
490 2414 598 2436 cantum
618 2408 714 2437 edens.
729 2407 774 2435 Sie
792 2408 844 2435 erit
860 2409 990 2435 memoria
1009 2408 1058 2442 tui,

269 2455 325 2483 Deo
340 2461 366 2482 te
382 2455 570 2483 recordatione
586 2463 634 2483 sua
652 2455 791 2491 dignante.

304 2546 385 2574 VIus.
400 2546 443 2573 l7.
464 2555 473 2572 ι
489 2546 522 2573 Ει
536 2547 588 2574 erit
611 2551 673 2582 post
695 2554 782 2575 annos
798 2548 980 2583 septuaginta,
997 2547 1062 2575 visi—

268 2593 338 2620 tabit
353 2593 423 2621 Deus
441 2593 553 2629 Tyrum,
569 2599 596 2622 et
614 2602 725 2622 rursum
751 2595 911 2621 restituetur
928 2595 955 2621 in
974 2594 1062 2629 pristi—

268 2645 344 2671 nttm,
356 2643 384 2666 et
400 2640 451 2666 erit
468 2641 617 2674 emporium
634 2641 759 2668 omnibus
784 2640 874 2675 regnis
890 2641 963 2668 Orbis
981 2649 1062 2675 super

269 2684 366 2712 faciem
392 2690 503 2713 terrae.»
524 2687 687 2721 Supradicto
706 2687 799 2721 elapso
818 2692 948 2722 tempore,
968 2687 1061 2714 visita-

270 2731 370 2757 tionem
392 2732 451 2766 cjus
475 2734 655 2765 nancisceris,
678 2740 710 2760 ac
733 2732 887 2760 restitueris
908 2734 935 2759 in
950 2737 1059 2770 ‘statutn

270 2776 430 2811 pristinum;
448 2777 483 2804 ita
506 2783 535 2805 ut
552 2787 659 2806 rursum
678 2785 761 2813 penes
778 2782 803 2805 te
827 2778 976 2813 emporium
994 2786 1060 2805 con-

270 2823 410 2855 stituatur,
423 2831 455 2851 ac
467 2830 560 2858 gentes
574 2825 754 2860 undequaqu
769 2824 927 2854 festinanter
938 2824 1059 2858 allluatnt,

271 2874 299 2897 et
315 2876 418 2898 merces
432 2877 494 2897 suas
509 2871 542 2898 ad
557 2875 582 2899 to
597 2871 720 2899 deferant

1114 1681 1173 1708 μσς.
1190 1673 1301 1707 ’Ἐκρινε
1319 1671 1373 1706 γὰρ
1387 1671 1401 1696 ὁ
1412 1669 1477 1701 Θεὸς
1489 1668 1634 1704 ἀνθρώπου
1647 1667 1704 1699 ἑνὸς
1716 1667 1789 1702 ζωῆς
1801 1666 1901 1702 χρόνῳ,

1112 1718 1183 1752 λέγω
1202 1717 1231 1744 δὲ
1250 1717 1434 1752 ἑϐδομήκοντα
1455 1715 1554 1746 ἐτεσιν,
1574 1714 1664 1750 ὁρίσαι
1682 1713 1731 1749 τὴν
1753 1713 1903 1748 μέλλουσαν

1111 1764 1288 1800 διαλήψεσθαι
1310 1762 1428 1799 ἐρημίαν
1450 1762 1500 1798 τὴν
1525 1761 1630 1797 Τύρον,
1654 1761 1671 1797 ἢ
1700 1761 1747 1788 καὶ
1771 1760 1904 1796 βασιλέως

1113 1811 1172 1843 ἑνὸς
1191 1809 1336 1841 πολυετοῦς
1348 1810 1445 1844 ἀρχήν.
1466 1809 1510 1835 Ἐν
1529 1808 1557 1835 δὲ
1570 1807 1676 1839 τούτοις
1692 1808 1748 1838 τοῖς
1768 1807 1788 1832 ο¹
1803 1806 1901 1836 ἔτεσιν,

1112 1857 1183 1892 ᾠδὴν
1199 1856 1246 1883 καὶ
1259 1853 1335 1891 ᾆσμα
1352 1854 1478 1890 περὶτῆς
1494 1854 1543 1889 σῆς
1556 1853 1674 1889 ἐρημίας
1690 1852 1784 1888 ᾇσουσι
1802 1852 1903 1883 πάντες

1113 1902 1250 1937 ἄνθρωποι
1268 1902 1292 1929 οἱ
1307 1901 1390 1928 πάλαι
1413 1909 1442 1927 σε
1462 1899 1583 1935 ἀκριϐῶς
1602 1899 1712 1930 εἰδότες,
1732 1898 1771 1929 ὡς
1791 1898 1838 1924 ἐπὶ
1856 1906 1904 1932 γυ-

1113 1949 1186 1976 ναικὶ
1206 1947 1359 1982 ὲκπεσούσῃ
1382 1947 1432 1982 τῆς
1456 1947 1523 1978 ἰδίας
1545 1945 1639 1982 τιμῆς.
1656 1946 1713 1978 Καὶ
1735 1945 1767 1972 σὺ
1787 1944 1815 1971 δὲ
1835 1944 1904 1980 αὑτὴ

1113 1995 1238 2032 περίελθε
1260 1994 1306 2021 τὸν
1324 1994 1369 2020 σὺν
1396 1993 1491 2029 χρόνον
1510 1992 1561 2027 τῆς
1585 1992 1712 2027 ἐρημίας,
1736 1991 1903 2027 ῥεμϐομένη,

1114 2043 1161 2070 καὶ
1177 2042 1259 2069 τόπον
1279 2042 1311 2067 ἐκ
1332 2039 1414 2066 τόπου
1434 2038 1630 2074 μεθισταμένη,
1650 2038 1697 2064 καί
1713 2038 1752 2069 εἰς
1770 2037 1803 2063 τὰ
1823 2036 1904 2063 λοιπά

1113 2089 1177 2124 ἔθνη
1190 2087 1402 2122 ὲκπορνεύουσα.
1419 2086 1451 2111 Εἰ
1464 2085 1492 2111 δὲ
1507 2084 1618 2111 δύνασαι
1629 2082 1748 2110 λαϐοῦσα
1760 2083 1810 2118 τὴν
1825 2091 1904 2109 σεαυ-

1112 2136 1162 2170 τῆς
1188 2133 1304 2168 κιθάραν
1334 2132 1432 2167 μηκέτι
1459 2130 1594 2166 πορνικῷ,
1618 2130 1674 2157 ἀλλ’
1700 2128 1904 2164 ὲπιστημονικῷ

1113 2179 1266 2215 χρήσασθαι
1283 2178 1322 2213 τῷ
1337 2179 1438 2213 σαυτῆς
1451 2177 1569 2213 ὀργάνῳ,
1588 2175 1673 2203 πολλὰ
1689 2175 1840 2210 κιθάρισον,
1857 2174 1905 2201 καὶ

1114 2225 1200 2252 πολλὰ
1213 2223 1289 2261 ᾆσον,
1306 2225 1354 2251 καὶ
1369 2224 1403 2250 δι’
1420 2224 1507 2258 εὐχῶν
1524 2223 1571 2250 καὶ
1589 2222 1732 2258 ίκετηρίων
1748 2222 1835 2256 λόγων
1850 2221 1905 2247 τῶν

1114 2272 1182 2308 πρὸς
1196 2271 1271 2298 Θεόν·
1284 2271 1355 2298 οὕτω
1368 2271 1422 2305 γὰρ
1436 2270 1511 2296 ἔσται
1526 2278 1571 2295 σου
1588 2269 1667 2304 μνεία
1682 2268 1750 2304 πρὸς
1765 2268 1811 2294 τὸν
1827 2268 1904 2300 Θεὸν,

1114 2319 1138 2345 εἰ
1152 2319 1207 2350 τοῖς
1225 2318 1318 2353 μέλεσι
1331 2317 1379 2344 τοῦ
1393 2316 1514 2352 ᾄσματος
1529 2317 1576 2343 καὶ
1590 2317 1645 2347 τοῖς
1657 2315 1842 2351 αἰσθητηρίοις
1857 2315 1905 2342 αύ-

1113 2364 1162 2400 τῆς
1180 2363 1394 2399 ὲνηρμοσμένοις
1409 2363 1523 2398 κιθάρας
1537 2361 1614 2397 δίκην
1631 2362 1820 2397 ἐπιστημόνως
1835 2362 1904 2397 χρή-

1114 2419 1185 2441 σαιο,
1200 2409 1346 2445 σωφρόνως
1359 2408 1466 2444 βιοῦσα,
1479 2407 1527 2435 καὶ
1537 2407 1597 2443 Θεῷ
1608 2407 1779 2443 ἀρεσκόντως
1792 2407 1902 2442 ᾄδουσα·

1112 2456 1184 2483 οὕτω
1202 2455 1257 2491 γάρ
1279 2464 1325 2481 σου
1354 2455 1433 2491 μνεία
1456 2455 1617 2489 γενήσεται,
1635 2452 1852 2486 καταξιώσαντός
1875 2461 1905 2480 σε

1113 2503 1163 2537 τῆς
1179 2500 1260 2527 αὐτοῦ
1279 2501 1389 2536 μνήμης
1404 2500 1452 2527 τοῦ
1470 2500 1548 2527 Θεοῦ.

1152 2558 1160 2574 ι
1181 2548 1235 2574 Καὶ
1246 2547 1322 2574 ἔσται
1338 2547 1407 2582 μετὰ
1421 2547 1443 2573 ο’
1454 2547 1512 2582 ἔτη,
1527 2546 1680 2583 ἐπισκοπὴν
1691 2547 1798 2582 ποιήσει
1811 2547 1825 2572 ό
1839 2545 1906 2578 Θεὸς

1115 2594 1215 2630 Τύρου,
1231 2593 1277 2620 καὶ
1298 2592 1379 2619 πάλιν
1400 2592 1654 2628 ἀποκαταστήσεται
1675 2593 1714 2624 εἰς
1734 2592 1765 2619 τὺ
1781 2593 1904 2628 ἀρχαῖον,

1117 2642 1164 2668 καὶ
1183 2641 1257 2667 ἔσται
1276 2640 1407 2676 ἐμπόριον
1424 2639 1524 2672 πάσαις
1540 2642 1600 2672 ταῖς
1623 2640 1773 2675 βασιλείαις
1793 2640 1842 2675 τῆς
1867 2639 1906 2666 οἰ-

1114 2687 1250 2723 κουμένης
1264 2687 1310 2713 ἐπὶ
1326 2686 1471 2721 πρόσωπον
1487 2688 1537 2719 τῆς
1553 2687 1614 2722 γῆς.
1638 2696 1647 2712 ι
1666 2686 1780 2718 Λύτίκα,
1799 2694 1904 2721 συμπε-

1115 2732 1257 2769 ρανθέντος
1273 2731 1320 2758 τοῦ
1341 2731 1555 2766 προλελεγμένου
1572 2731 1677 2767 χρόνον,
1691 2730 1842 2765 ὲπισκοτής
1856 2730 1906 2764 τῆς

1114 2779 1179 2813 παρ’
1194 2776 1275 2808 αὐτοῦ
1288 2776 1381 2813 τεύξῃ,
1404 2777 1451 2803 καὶ
1468 2775 1546 2808 αὖθις
1559 2776 1809 2813 ἁποκαταστηθήσῃ
1823 2777 1863 2808 εἰς
1874 2776 1906 2802 τὸ

1114 2825 1226 2860 ἀρχαῖον
1238 2832 1244 2838 ·
1263 2823 1334 2850 ὥστε
1354 2823 1434 2850 πάλιν
1451 2824 1580 2859 συστῆναι
1594 2824 1623 2849 ἐν
1641 2823 1682 2849 σοὶ
1700 2824 1841 2859 ἐμπόριον,
1857 2823 1906 2850 καὶ

1115 2871 1177 2902 τοὺς
1194 2870 1382 2905 ἁπανταχόθεν
1405 2871 1513 2906 συρρεῖν
1533 2869 1760 2904 ὲπισπεύδοντας,
1784 2870 1832 2897 καὶ
1854 2869 1905 2902 τὰς

1115 2916 1217 2943 ἑαυτῶν
1234 2915 1279 2943 ἐπὶ
1298 2916 1338 2942 σοὶ
1353 2914 1542 2952 πραγματείας
1558 2914 1727 2950 κομίζοντας.
