2044 3215
99 168 153 198 257

558 171 809 202 COMMENTARIA
829 172 861 199 IN
882 172 1011 200 lSAlAM.
1030 189 1065 194 —
1083 172 1160 200 CAP.
1182 172 1277 200 XXIV.

1685 178 1739 207 258

140 236 149 253 ι
168 227 222 253 Καὶ
237 227 312 254 ἔσται
329 228 412 263 αὐτῆς
430 229 445 263 ή
463 228 593 263 ἐμπορία,
609 229 654 254 καὶ
674 229 687 254 6
703 229 798 263 μισθὸς
818 229 888 263 ἅγιος

983 228 1123 256 Vt;ns.18.
1148 239 1157 255 ι
1174 230 1206 256 Ει
1232 231 1285 257 erit
1310 231 1367 264 ejus
1405 233 1551 268 negotiatio
1572 239 1598 261 et
1632 244 1737 265 merces

100 273 207 308 Κυρίῳ.
221 283 230 298 ι
246 273 301 307 (‘29)
315 275 347 298 Ὃ
355 273 386 308 δὴ
399 274 444 299 καὶ
459 273 609 308 πληροῦται
625 274 683 300 xui)”
697 275 770 309 ἡμᾶς
784 274 890 305 αὐτούς.

99 318 158 353 Τῆς
172 318 227 354 γὰρ
250 319 412 353 Ἐκκλησίας
431 318 477 345 τοῦ
493 319 559 345 Θεοῦ
576 319 721 354 ἱδρυμένης
740 320 769 345 ἐν
786 321 818 355 τῇ
842 321 893 345 Τυ-

100 364 169 399 ρίων
195 363 285 396 πόλει,
300 364 393 400 ὥσπερ
415 362 461 390 οὖν
480 365 526 390 καὶ
542 366 570 390 ὲν
592 367 647 396 τοῖς
666 365 768 397 λοιποῖς
793 365 890 397 ἔθνεσι,

82 438 85 442 ,
99 409 187 436 πολλά
198 410 251 436 τῶν
265 410 293 435 ὲν
306 411 374 444 αὐτῇ
393 410 574 445 μισοωμάτων
590 411 621 436 ἐκ
637 411 829 446 πραγματείας
846 420 892 437 κο-

99 456 256 491 μιζομένων
267 456 408 490 ἁγιάζεται
420 456 458 491 τῷ
467 456 559 492 Κυρίῳ
571 458 781 492 προσφερόμενα
789 459 821 492 τῇ
831 458 892 483 Ἑκ-

98 503 200 538 κλησίᾳ
207 502 299 529 αὑτοῦ·
309 503 409 538 ἄπεροί
419 503 577 538 κομίζοντες
586 504 770 539 προσφέρουσι
787 505 834 531 σὺν
848 505 892 530 εὐ-

97 549 204 585 λαϐείᾳ.
216 558 225 574 α
236 550 293 576 υῦκ
300 550 391 581 αὐτοῖς
400 550 606 585 συναχθήσεται,
613 551 680 576 ἀλλὰ
686 552 742 582 τοῖς
751 550 894 577 κατοικοῦ-

99 605 142 623 σιν
155 596 245 622 ἔναντι
268 596 369 631 Κυρίου
380 604 386 610 ·
403 597 478 623 πᾶσα
493 598 509 632 ἡ
527 597 646 632 ἐμπορία
665 598 765 633 αὐτῆς,
782 599 890 632 φαγεῖν,

99 643 147 670 καὶ
160 643 297 674 πιεῖν,κα“ι
310 643 511 678 ἐμπλησθῆναι,
523 645 568 670 καὶ
577 645 617 675 εἰς
627 644 773 679 συμϐολὴν,
785 645 890 680 μνημό-

99 699 177 716 συνον
202 689 291 716 ἔναντι
308 690 425 725 Κυρίου·
455 699 463 716 ι
486 690 586 726 δηλαδὴ
604 692 660 722 τοῖς
677 691 825 726 παρέδροις
843 691 890 717 τοῦ

99 736 309 772 ουσιαστηρίου’
332 735 403 762 οὕτω
428 737 482 772 γὰρ
504 737 606 771 Κύριος
626 737 766 770 διετάξατο
784 739 841 769 τοῖς
860 738 891 763 τὸ

98 783 265 817 Εὑαγγέλιον
286 783 514 817 καταγγέλλουσιν
536 785 567 810 ὲκ
583 784 629 810 τοῦ
646 784 812 818 Εὐαγγελίου
829 784 888 820 ζῆν’

99 830 144 855 καὶ
158 830 182 855 οἱ
194 829 232 863 τῷ
250 829 433 864 θυσιαστηρίῳ
450 829 671 864 παρεδρεύοντες,
691 829 729 864 τῷ
744 829 891 865 Θυσιαστη-

99 875 150 910 ρίῳ
162 875 387 910 συμμερὶζεσθαι.
401 875 510 906 Τούτοις
522 874 568 901 οὖν
580 876 681 907 αὐτοῖς,
695 876 732 907 ὡς
743 876 775 902 ἂν
789 877 889 911 ἱερεῦσι

948 280 1040 301 sancta
1059 274 1183 301 Domino.
1197 284 1205 300 ›
1225 276 1299 308 Quod
1315 282 1389 303 certe
1408 283 1500 305 nostro
1518 284 1637 314 tempore
1661 290 1736 309 com-

947 320 1047 354 pletum
1064 321 1210 348 cernimus.
1231 321 1297 348 Nam
1324 330 1384 349 cum
1408 323 1528 351 Ecclesia
1551 325 1597 353 Dei
1617 326 1643 352 in
1671 327 1737 354 urbe

948 366 1101 401 Tyriorum,
1119 367 1230 400 perinde
1249 372 1331 402 atque
1354 369 1380 395 in
1398 369 1508 403 reliquis
1525 371 1653 406 gentibus
1676 372 1738 398 fun-

947 412 1008 438 data
1036 412 1088 443 sit,
1121 412 1210 439 multa:
1234 420 1267 439 ex
1292 414 1350 448 ejus
1385 415 1520 442 mercibus
1555 418 1738 451 negotiatione

946 458 1030 491 partis
1048 458 1160 484 Domino
1174 465 1383 492 consecrantur,
1399 459 1528 488 Ecclesiae
1543 462 1601 497 ejus
1617 462 1735 491 oblatzc:

946 511 1005 538 qua;
1023 511 1082 531 cum
1105 504 1205 538 pietate
1227 512 1241 531 a
1257 506 1442 539 praebentibus
1466 506 1627 535 olferuntnr.
1652 517 1661 534 ι
1678 508 1736 535 Non

947 550 1011 584 ipsis
1033 551 1257 585 congregabitur;
1280 552 1327 578 sed
1349 552 1397 583 iis,
1422 553 1467 587 qui
1495 553 1620 581 habitant
1642 562 1735 582 corant

945 596 1068 623 Domino.
1084 596 1178 624 Omnis
1199 597 1346 631 negotiatio
1368 598 1437 631 ejus,
1458 603 1487 625 nt
1505 600 1577 632 edat,
1601 604 1629 628 el
1645 601 1734 634 bibat,

945 647 972 669 et
986 643 1109 676 satietur,
1125 648 1153 670 et
1174 643 1199 670 in
1225 644 1394 678 symbolum,
1418 651 1620 673 monumentum
1644 654 1735 674 coram

945 686 1073 720 Domino;
1091 688 1219 714 videlicet
1237 688 1369 716 ministris
1389 689 1481 717 altaris
1498 700 1504 717 :
1522 692 1560 718 sic
1584 692 1653 718 enim
1671 699 1736 726 pra:-

945 732 1015 767 ccpit
1028 732 1154 759 Dominus
1170 733 1201 761 iis
1215 734 1259 768 qui
1276 734 1450 770 Evangelium
1466 737 1636 771 annuntiant,
1656 743 1684 765 ut
1700 745 1734 765 cx

944 778 1088 814 Evangelio
1102 780 1210 812 vivant,
1226 784 1253 807 et
1268 785 1296 807 ut
1318 781 1336 807 ii
1352 781 1396 815 qni
1418 781 1495 808 altari
1511 787 1609 815 astant,
1629 783 1656 810 in
1673 791 1734 818 por-

945 824 1044 851 tionem
1069 825 1164 853 altaris
1184 826 1373 854 admittantur.
1391 827 1438 854 ilis
1462 835 1527 863 ergo
1548 828 1623 863 ipsis.
1641 833 1734 863 utpote

944 871 1131 899 sacerdotibus
1151 872 1196 899 Dei
1210 892 1217 904 ,
1247 873 1433 900 habitantibus
1455 874 1481 900 in
1504 879 1650 909 conspectu
1674 874 1727 901 Do-

97 920 145 946 τοῦ
161 920 226 946 Θεοῦ
241 922 297 952 τοῖς
311 920 482 947 κατοικοῦσιν
499 921 588 947 ἔναντι
603 921 706 956 Κυρίου
716 942 722 953 ,
739 922 788 953 τὰς
801 922 888 957 ἀπαρ-

945 918 1021 951 mini,
1041 918 1173 952 primitias
1197 918 1342 947 otTerentes
1367 920 1508 947 memorati
1537 920 1679 953 homines.
1705 929 1733 949 re

99 966 149 1001 χὰς
165 966 366 1002 προσφέροντες
378 967 402 993 οἱ
417 967 592 1001 δηλωθέντες,
605 967 679 1003 ἔργῳ
694 968 828 1004 πληροῦσι
843 968 892 1004 τὴν

99 1013 256 1047 φάσκουσαν
268 1013 446 1048 προφητείαν·
464 1023 472 1038 ι
489 1014 544 1039 Καὶ
557 1013 632 1040 ἔσται
644 1014 775 1049 ἐμπόριον
789 1015 890 1046 αὐτοῖς,

101 1059 147 1085 καὶ
163 1059 258 1093 μισθὸς
271 1059 371 1091 αὐτοῖς,
389 1069 398 1084 ι
423 1059 469 1085 καὶ
488 1059 521 1085 τὰ
535 1058 608 1095 ἑξῆς.

354 1126 553 1152 ΚΕΦΛΛΛΙΟΝ
572 1126 634 1152 ΚΔ’.

137 1203 146 1219 ε
168 1193 233 1220 Ἰδοὺ
255 1193 356 1229 Κύριος
375 1193 553 1229 καταφθείρει
570 1193 619 1229 τὴν
639 1193 801 1230 οἰκουμένην
815 1193 889 1230 ὅλην,

98 1240 145 1267 καὶ
157 1239 295 1276 ἐρημώσει
310 1240 405 1276 αὐτὴν,
422 1241 469 1267 καὶ
496 1239 664 1275 ἀνακαλύψει
687 1240 717 1267 τὺ
744 1240 890 1275 πρόσωπον

97 1287 192 1321 αὐτῆς.
213 1296 222 1312 ι
248 1286 356 1322 Ἐπειδὴ
372 1286 426 1322 γὰρ
450 1296 459 1312 ι
488 1286 535 1313 τοῦ
561 1286 663 1322 Κυρίου
686 1287 703 1322 ή
726 1286 760 1322 γῆ
790 1286 836 1313 καὶ
861 1286 891 1313 τὸ

98 1332 238 1368 πλήρωμα
255 1333 350 1368 αὐτῆς,
370 1342 379 1358 ι
398 1333 498 1359 ὡσανεὶ
509 1333 619 1359 πάντων
638 1332 790 1369 ἀνθρώπων
807 1333 888 1369 κηδό-

99 1387 190 1413 μενος,
206 1378 390 1406 διαστέλλεται
406 1380 439 1415 τῇ
459 1379 605 1415 οἰκουμένῃ
620 1379 655 1405 τά
671 1379 735 1415 περὶ
754 1379 803 1414 τῆς
823 1378 888 1414 μελ-

97 1424 196 1460 λούσης
223 1425 345 1457 ῖιπαντας
368 1424 526 1461 ἀνθρώπους
546 1424 724 1460 διαλήψεσθαι
746 1424 792 1454 τοῦ
821 1424 888 1451 Θεοῦ

98 1471 224 1507 κρίσεως,
240 1472 268 1498 ὲν
279 1471 370 1508 ἡμέρᾳ
388 1472 432 1499 ὅτε
447 1472 534 1508 κρινεῖ
548 1472 562 1498 6
578 1471 643 1503 Θεὸς
659 1471 694 1498 τὰ
709 1471 818 1507 κρυπτά
834 1471 888 1497 τῶν

95 1517 264 1553 ἀνθρώπων,
291 1526 300 1543 ι
329 1518 375 1544 καὶ
404 1517 546 1553 διασπερεῖ
570 1518 634 1549 τοῦς
660 1517 830 1550 ἐνοικοῦντας
858 1519 888 1545 ὲν

96 1563 179 1598 αὐτῇ.
215 1572 224 1588 ι
251 1563 285 1589 Ἦ
315 1563 386 1590 κατά
412 1563 459 1590 τὸν
488 1563 603 1589 Ἀκύλαν
632 1563 679 1590 καὶ
710 1563 885 1596 Θεοδοτιωνα,

98 1618 109 1635 ι
129 1608 317 1645 διασκορπίζει
341 1608 437 1641 ἄλλους
458 1607 585 1644 ἀλλαχοῦ,
607 1618 616 1635 ι
635 1608 707 1635 κατὰ
723 1609 772 1644 τὴν
788 1609 886 1636 ἀναλο-

96 1654 160 1689 γίαν
176 1654 230 1681 τῶν
239 1655 355 1683 ἑκάστου
371 1654 498 1690 πράξεων
508 1662 514 1669 ·
529 1654 624 1681 πολλαὶ
640 1654 694 1690 γὰρ
712 1655 792 1690 μοναὶ
812 1654 888 1692 παρὰ

96 1699 137 1735 τῷ
147 1700 245 1736 Πατρὶ,
264 1700 350 1736 μέγας
369 1709 399 1727 τε
416 1701 463 1727 καὶ
480 1700 563 1732 πολὺς
585 1701 599 1727 6
619 1699 666 1727 τοῦ
686 1699 753 1727 Θεοῦ
771 1700 887 1736 κόσμος,

95 1748 135 1781 ὼς
150 1748 279 1776 δύνασθαι
298 1749 389 1781 πάσας
406 1748 585 1784 ὑποδέχεσθαι
609 1748 658 1775 καὶ
670 1748 720 1780 τὰς
743 1747 773 1781 ἐξ
791 1748 889 1780 αἰῶνος

96 1793 127 1819 δν
141 1794 173 1828 τῇ
195 1794 231 1829 γῇ
254 1793 487 1829 πεπολιτευμένας
508 1792 606 1829 ψυχὰς,
628 1793 683 1820 τῶν
711 1793 760 1829 μὲν
782 1793 889 1820 ἀσεϐῶν

96 1839 142 1866 τὸν
162 1838 229 1875 ᾅδην
250 1839 296 1866 καὶ
313 1839 344 1865 τὸ
361 1839 413 1865 ὑπὸ
427 1839 479 1875 γῆν
499 1839 667 1875 οἰκητήριον,
694 1839 818 1872 σκοτίους
841 1840 889 1867 καὶ

95 1884 234 1919 ἀοράτους
255 1885 357 1919 μυχοὺς
379 1884 609 1920 κληρωσαμένων,
634 1885 705 1912 κατὰ
729 1885 769 1917 τὺ,
790 1895 799 1911 ι
825 1886 889 1913 Εἰσ-

95 1930 252 1957 ελεύσονται
264 1933 304 1962 εἰς
315 1929 350 1957 τά
362 1929 505 1958 κατώτατα
516 1931 565 1967 τῆς
580 1931 642 1967 γῆς·
657 1932 888 1968 παραδοθήσονται

95 1978 137 2008 είς
151 1977 247 2013 χεῖρας
263 1977 410 2013 ῥομφαίας,
436 1977 544 2013 μερίδες
564 1978 713 2005 ἀλωπέκων
730 1977 854 2005 ἔσονται·
876 1989 885 2004 ι

98 2021 150 2049 τῶν
173 2023 201 2050 δὲ
225 2023 345 2050 εὐσεϐῶν
374 2023 613 2060 άρπαγησομένων
639 2025 668 2051 ἐν
698 2024 824 2059 νεφέλαις
848 2025 889 2057 είς

94 2069 248 2104 ἀπάντησιν
263 2069 310 2096 τοῦ
330 2069 435 2106 Κυρίου
448 2070 488 2102 εἰς
502 2070 582 2106 ἀέρα,
597 2070 645 2097 κα)⁸
665 2069 751 2102 οὕτως
773 2070 887 2097 πάντοτε

96 2116 147 2142 σὺν
161 2115 257 2151 Κυρίῳ
270 2115 472 2151 γενησομένων.

136 2170 145 2187 ι
164 2161 220 2188 Καὶ
235 2161 311 2188 ἔσται
327 2162 342 2188 6
357 2162 420 2194 λαὸς
436 2162 474 2194 ὼς
491 2163 506 2189 6
522 2162 622 2198 ἱερεὺς,
644 2161 691 2189 καὶ¹
707 2162 722 2188 6
739 2162 803 2193 παῖς
819 2162 856 2193 ὡς
873 2162 887 2188 6

95 2207 203 2244 κύριος,
217 2208 264 2235 καὶ
280 2208 297 2244 ἡ
314 2208 466 2244 θεράπαινα
484 2208 523 2241 ὡς
537 2210 554 2245 ὴ
572 2208 663 2244 κυρία.
682 2207 780 2235 Ἔσται
792 2209 806 2235 6
821 2208 887 2242 ἀγο-

97 2253 190 2289 ράζων
207 2253 244 2285 ὼς
262 2253 277 2279 6
297 2253 405 2286 πωλῶν,
423 2263 471 2281 και
487 2254 502 2281 6
524 2253 654 2286 δανείζων
677 2253 714 2285 ὡς
734 2254 748 2280 6
767 2253 886 2286 δανειζό-

98 2308 191 2335 μενος,
208 2300 255 2326 καὶ
270 2300 284 2326 6
299 2299 414 2335 ὀφείλων
425 2300 464 2332 ὡς
478 2301 493 2327 6
507 2297 529 2334 ᾧ
544 2299 656 2335 ὀφείλει·
678 2308 687 2325 ι
708 2299 885 2335 σημαίνοντος

95 2345 146 2373 τοῦ
169 2345 249 2381 λόγου
273 2345 320 2373 τοῦ
351 2346 520 2383 προφητικοῦ
547 2346 593 2373 τὸν
621 2347 672 2382 τῆς
694 2346 748 2373 τῶν
778 2346 885 2382 νεκρῶν

94 2392 273 2424 ἀναστάσεως
309 2393 419 2428 τρόπον.
449 2393 572 2419 Ἐπειδὰν
597 2392 626 2419 δὲ
657 2392 833 2428 ἀνακαλυφθῇ
852 2392 887 2419 τὰ

95 2438 309 2474 ἐγκεκρυμμένοι
330 2440 359 2466 ὲν
377 2440 410 2475 τῇ
425 2441 460 2475 γῇ
480 2439 603 2475 σώματα,
624 2439 844 2474 παραστήσονται
862 2439 886 2465 οἱ

95 2483 251 2520 κρινόμενοι
269 2485 321 2521 πρὸ
345 2485 392 2512 τοῦ
418 2485 538 2521 βήματος
551 2485 597 2512 τοῦ
616 2485 733 2521 μεγάλου
751 2484 845 2520 κριτοῦ
857 2485 887 2518 ἐξ

97 2530 155 2557 ἴσου
179 2530 297 2562 πάντες,
319 2530 357 2562 ὡς
374 2531 440 2566 μηδὲ
458 2531 596 2567 διαφέρειν
612 2531 676 2562 τοὺς
695 2531 725 2557 ὲν
740 2530 780 2566 τῷ
796 2529 886 2566 θνητῷ

95 2577 148 2612 βίῳ
163 2577 228 2604 ποτὲ
241 2577 371 2610 δόξαντας
383 2577 463 2603 πλέον
478 2586 504 2604 τι
517 2576 661 2613 ἐσχηκέναι
674 2577 733 2612 ἦτοι
753 2577 782 2603 ὲν
803 2575 886 2610 ἀξιώ-

96 2632 174 2659 ματι,
192 2623 209 2658 ἢ
224 2622 308 2657 γένει,
328 2622 344 2658 ἦ
361 2621 478 2658 πλούτῳ,
502 2623 555 2650 τῶν
574 2622 763 2657 ἐνδεεστέρων.
780 2623 885 2654 Πάντες

95 2669 150 2705 γάρ
168 2668 198 2702 ἐξ
210 2670 267 2696 [σου
282 2669 342 2696 τότε
359 2669 577 2706 παραστήσονται
589 2668 628 2704 τῷ
640 2668 741 2705 βήματι
754 2667 801 2695 τοῦ
816 2669 885 2704 Χρι-

95 2716 171 2742 στοῦ·
190 2715 237 2742 καὶ
250 2714 290 2751 τῷ
309 2715 377 2750 ἱερεῖ
393 2714 589 2750 παραπλησίως
605 2715 620 2741 6
636 2714 710 2747 λαὸς,
725 2714 772 2741 καὶ
785 2713 885 2749 ὁμοίως

131 2772 142 2788 ⁸
158 2771 228 2799 Psal.
245 2771 290 2804 25,
310 2779 328 2798 ι.
381 2770 392 2786 ⁹
408 2770 480 2798 Psal.
498 2778 564 2802 un,
581 2770 623 2797 Η.

132 2818 190 2853 (29)
211 2817 274 2845 Haec
296 2818 332 2845 ita
356 2817 483 2852 exprimit
500 2816 687 2853 Hieronymus,
708 2826 718 2842 ι
733 2815 883 2853 cernamus

96 2854 122 2881 in
137 2853 211 2889 Tyro
233 2858 386 2880 exstructas
399 2853 501 2880 Christi
519 2852 667 2885 ecclesias;
681 2852 883 2889 consideremus

96 2887 168 2923 opes
179 2889 310 2921 omnium,
324 2888 395 2923 quod
426 2896 478 2915 non
509 2892 683 2922 reponantur,
706 2894 755 2915 nec
775 2887 883 2914 thesau-

945 963 1000 997 ipsa
1023 969 1051 990 et
1076 971 1158 998 opere
1178 964 1290 999 implent
1311 965 1479 1000 prophetiam
1506 974 1566 1000 quae
1592 967 1645 999 ait,
1673 976 1683 993 ι
1701 968 1733 995 Ει

943 1009 996 1037 erit
1018 1010 1167 1045 emporium
1200 1011 1282 1045 ipsis,
1304 1017 1331 1038 et
1356 1019 1460 1039 merces
1493 1012 1569 1046 ipsis.
1584 1022 1593 1038 ι
1618 1018 1645 1041 et
1677 1020 1731 1041 cte—

945 1060 1011 1083 tera.

1217 1126 1334 1170 _CAPUT
1361 1126 1455 1154 XXIV.

979 1194 1059 1222 νεεδ.
1077 1195 1103 1222 Ι.
1124 1204 1133 1221 ε
1159 1195 1228 1224 Ecce
1247 1196 1376 1224 Dominus
1401 1202 1557 1231 corrumpet
1581 1201 1665 1224 totum
1684 1205 1729 1225 or-

942 1242 1013 1275 bem,
1027 1246 1055 1270 et
1070 1242 1187 1270 vastabit
1206 1250 1280 1275 eum,
1303 1247 1330 1270 et
1351 1243 1483 1271 revelabit
1515 1243 1613 1271 faciem
1636 1244 1711 1279 ejus.

941 1287 1009 1321 Quia
1025 1297 1035 1314 ι
1057 1288 1127 1316 enim
1143 1298 1153 1314 ι
1172 1288 1278 1315 Domini
1300 1293 1341 1316 est
1355 1294 1425 1316 terra
1435 1293 1462 1317 et
1474 1289 1613 1325 plenitudo
1627 1290 1726 1325 ejus'u

942 1337 1071 1367 tanquam
1089 1333 1134 1368 qui
1152 1333 1291 1361 hominum
1310 1334 1430 1361 omnium
1456 1342 1550 1362 curam
1570 1339 1657 1371 gerat,
1669 1334 1729 1362 orbi

940 1381 1075 1405 terrarum
1096 1378 1214 1413 explicat
1234 1386 1266 1406 ea
1281 1387 1341 1414 qua:
1354 1380 1387 1407 ad
1414 1380 1460 1408 Dei
1481 1379 1613 1414 judicium
1644 1381 1730 1416 perti-

940 1428 1014 1455 nent,
1042 1424 1076 1451 de
1093 1425 1228 1452 universis
1243 1425 1397 1453 hominibus
1425 1425 1592 1460 habendum,
1618 1433 1670 1461 qua
1685 1426 1731 1453 die

936 1470 1068 1506 judicabit
1075 1469 1147 1498 Deus
1153 1472 1257 1499 occulta
1268 1472 1418 1505 hominum,
1430 1482 1439 1499 l
1450 1471 1480 1499 Et
1487 1472 1676 1508 dispergeteos
1682 1472 1730 1507 qui

940 1517 1065 1544 habitant
1083 1517 1108 1544 in
1121 1518 1191 1552 ipso.
1205 1527 1214 1544 ι
1226 1517 1289 1546 Sive
1303 1519 1451 1546 secundum
1465 1519 1592 1554 Aquilam
1602 1523 1629 1546 et
1639 1519 1729 1546 Theo-

939 1565 1087 1598 dotionem,
1124 1574 1133 1591 ε
1153 1565 1273 1600 Dissipat
1300 1565 1367 1592 alios
1396 1565 1471 1599 alibi,
1492 1575 1502 1592 ι
1536 1573 1585 1601 pro
1623 1565 1729 1593 ratione

940 1618 1052 1645 operum
1082 1610 1234 1646 cujusque:
1256 1619 1318 1639 nam
1343 1611 1434 1639 multa:
1469 1612 1626 1639 mansiones
1657 1612 1728 1647 apud

940 1654 1068 1683 Patrem:
1087 1663 1255 1691 magnusque
1275 1661 1302 1683 et
1322 1661 1415 1684 vastus
1429 1661 1472 1684 est
1492 1648 1538 1685 Dei
1556 1657 1682 1689 mundus,
1699 1661 1729 1684 ut

939 1703 1024 1738 possit
1042 1702 1103 1730 illas
1125 1710 1220 1730 omnes
1238 1702 1380 1731 continere
1396 1703 1512 1735 animas.
1528 1709 1588 1738 qua
1602 1711 1617 1730 a
1628 1704 1729 1731 saeculo

940 1748 966 1776 in
985 1753 1059 1776 terra
1072 1754 1187 1776 versatae
1210 1754 1275 1776 sunt
1296 1758 1304 1776 :
1322 1748 1412 1784 impiis
1428 1749 1563 1776 infernum
1577 1754 1606 1776 et
1619 1750 1728 1777 subter-

940 1801 1052 1821 raneum
1072 1793 1251 1827 domicilium,
1265 1794 1423 1822 tenebrosos
1442 1794 1548 1822 scilicet
1561 1799 1590 1822 et
1607 1794 1727 1822 occnitos

939 1847 1061 1867 recessus
1076 1839 1175 1872 nactis,
1190 1840 1337 1867 secundum
1354 1840 1429 1873 illud,
1444 1850 1453 1867 ‹
1471 1840 1622 1868 lniroibunt
1641 1841 1667 1868 in
1687 1841 1728 1868 in-

939 1885 1041 1914 feriora
1066 1891 1145 1914 terra:
1166 1894 1173 1913 :
1191 1887 1333 1914 tradentur
1355 1887 1382 1914 in
1400 1894 1495 1914 manus
1519 1886 1613 1922 gladii,
1637 1892 1728 1922 partes

940 1933 1060 1968 vulpium
1070 1934 1182 1967 erunt';
1195 1942 1204 1959 ι
1215 1933 1266 1968 piis
1277 1940 1341 1961 vero
1351 1934 1435 1967 raptis
1451 1934 1477 1960 in
1491 1932 1607 1960 nubibus
1619 1934 1728 1961 obviam

943 1980 1055 2007 Domino
1074 1979 1101 2007 in
1127 1987 1201 2012 aera,
1229 1983 1256 2007 et
1277 1980 1319 2007 sic
1341 1986 1448 2014 semper
1473 1986 1535 2006 cum
1553 1978 1666 2007 Domino
1683 1979 1726 2008 fu-

940 2026 1019 2053 turis.

974 2159 1056 2188 Vens.
1069 2160 1098 2187 2.
1117 2169 1126 2186 ι
1145 2160 1177 2188 Et
1187 2160 1240 2188 erit
1262 2167 1377 2195 populus
1392 2164 1520 2195 tanquam
1546 2161 1686 2193 sacerdos,
1699 2165 1728 2188 et

938 2213 1032 2234 servus
1048 2211 1176 2242 tanquam
1197 2207 1336 2240 dominus,
1359 2211 1387 2234 et
1404 2206 1504 2233 larmtla
1532 2212 1659 2242 tanquam
1677 2208 1726 2235 do-

899 2265 925 2295 D
939 2251 1022 2280 mina.
1043 2251 1102 2279 Erit
1124 2253 1174 2287 qui
1185 2253 1251 2280 emit
1281 2258 1409 2288 tanquam
1424 2252 1471 2287 qui
1490 2253 1594 2284 vendit,
1615 2254 1660 2287 qui
1688 2253 1727 2280 le-

939 2297 997 2324 nori
1015 2297 1060 2324 dat
1085 2300 1213 2332 tanquam
1232 2297 1278 2332 qui
1293 2297 1402 2331 accipit,
1430 2297 1475 2332 qui
1492 2297 1571 2324 debet
1597 2302 1725 2330 tanquam

938 2343 963 2370 is
974 2343 1016 2370 cui
1031 2342 1120 2371 debet.
1138 2352 1147 2369 ›
1164 2343 1327 2378 Prophetico
1340 2350 1416 2371 more
1429 2343 1637 2371 resurrectionis
1651 2350 1725 2370 mor-

940 2393 1047 2416 tuorum
1064 2390 1173 2416 modum
1194 2389 1338 2424 significat.
1353 2388 1419 2416 Cum
1434 2394 1523 2416 autent
1540 2388 1656 2416 revelata
1669 2387 1726 2415 fue-

941 2434 996 2461 rint
1014 2442 1046 2462 ea
1072 2441 1130 2468 quae
1151 2435 1177 2462 in
1201 2439 1273 2462 terra
1302 2435 1411 2463 condita
1429 2442 1555 2469 corpora,
1582 2434 1628 2469 qui
1654 2434 1726 2469 judi-

941 2481 1018 2508 candi
1035 2486 1098 2509 sunt
1116 2478 1179 2508 ante
1198 2481 1316 2508 tribunal
1341 2481 1432 2516 magni
1463 2480 1571 2515 judicis,
1586 2488 1619 2507 ex
1648 2488 1725 2515 a'quo

940 2536 1034 2556 omnes
1056 2530 1202 2563 sistentur,
1223 2529 1260 2557 ita
1281 2534 1311 2557 ut
1330 2531 1375 2564 qui
1402 2529 1466 2557 olim
1494 2529 1520 2556 in
1538 2529 1644 2556 mortali
1670 2529 1724 2555 vita

940 2576 1041 2611 aliquid
1060 2576 1120 2611 plus
1139 2576 1201 2603 aliis
1216 2576 1317 2603 habere
1337 2575 1498 2602 videbantur
1511 2576 1569 2603 sive
1582 2574 1723 2607 dignitate,

938 2621 995 2648 sive
1009 2629 1119 2656 genere,
1131 2622 1189 2649 sive
1205 2621 1317 2652 divitiis,
1331 2620 1395 2648 nihil
1412 2619 1536 2647 tliﬂ'et'ant
1554 2628 1567 2646 a
1584 2619 1726 2655 pauperio-

938 2667 1024 2695 ribus.
1063 2667 1164 2695 Omnes
1195 2668 1267 2695 enim
1296 2667 1437 2702 mqualitcr
1463 2665 1590 2693 tribunali
1622 2665 1724 2693 Christi

939 2714 1079 2748 sistentur,
1095 2714 1208 2749 perinde
1225 2719 1254 2741 ut
1272 2713 1411 2745 sacerdos,
1436 2713 1473 2739 ita
1489 2716 1516 2739 et
1543 2715 1671 2747 populus,
1696 2717 1725 2740 et

934 2817 1067 2858 rigentur,
1088 2817 1135 2845 sed
1158 2817 1257 2844 dentur
1274 2816 1316 2844 his
1338 2814 1383 2849 qui
1408 2813 1530 2841 habitant
1555 2821 1645 2842 coram
1669 2813 1723 2842 Do-

935 2861 1017 2880 ιιιιιιο.
1030 2862 1040 2879 ι
