2044 3215
289 159 342 189 259

288 221 403 255 perinde
417 219 462 248 alii
489 226 596 253 omnes,
612 219 687 254 'quia
705 227 758 247 non
774 224 816 248 est
835 226 1014 254 personarum
1039 226 1086 247 ac-

290 267 382 302 ceptio
401 266 473 301 apud
491 267 586 294 Deum.
616 265 800 299 Quamobrem
818 266 889 301 apud
909 265 960 293 Job
982 266 1084 294 dictum

291 318 358 340 est:
380 322 389 339 ι
407 312 510 340 Parvus
526 316 553 340 et
577 319 692 347 magnus
716 311 771 339 illic
795 315 880 346 sunt,
908 317 937 340 et
968 311 1086 340 famulus

292 366 346 385 non
363 364 490 386 metuens
515 357 654 385 dominum
677 365 756 384 suum
775 357 806 384 “’.
825 367 835 383 ι

327 403 410 431 Vens.
425 403 453 436 5,
471 404 498 430 ό.
523 412 532 429 ι
551 402 732 438 Corruptione
747 408 940 438 corrumpetur
955 408 1043 436 terra,
1058 408 1086 431 et

292 450 448 486 direptione
471 449 617 484 diripiatur
631 454 705 477 terra
721 457 728 476 :
745 457 775 477 os
795 450 868 477 enim
895 450 1002 478 Domini
1019 450 1087 478 dixit

293 496 360 523 hare.
375 495 456 523 Luxit
472 501 556 528 terra,
571 500 599 522 et
624 500 772 531 corruptus
783 501 826 523 est
845 497 939 524 orbis:
959 496 1088 524 luxerunt

292 543 392 572 excelsi
417 549 508 571 terrae.
524 553 534 570 ι
546 543 615 570 Νιιιη
634 543 737 579 prolata
761 551 809 578 per
829 543 988 579 prophetam
1001 550 1016 570 a
1031 543 1087 571 Deo

293 589 440 621 sententia,
455 592 511 616 haec
524 589 683 624 contingent
701 589 746 620 iis,
770 589 816 624 qui
839 589 960 624 pejorem
983 594 1085 616 sortem

293 636 366 663 nacti
396 636 499 664 fuerint
516 645 523 663 :
540 644 608 671 quos
634 636 736 663 terreni
765 643 864 663 sensus
880 643 962 663 causa
986 640 1086 663 terram

291 687 381 710 vocat.
400 682 633 716 Quemadmodum
655 681 727 709 enim
744 681 807 708 olim
829 681 895 708 Ada‘
909 681 1013 709 dictum
1033 687 1086 714 est,

294 738 304 754 ι
322 728 408 756 Terra
424 735 464 756 es.
483 732 509 755 et
525 728 550 755 in
567 732 668 755 terram
693 727 841 755 reverteris
857 727 877 742 “
889 748 897 760 ,
915 737 924 754 ι
943 728 983 755 sic
999 732 1026 755 et
1053 727 1086 755 iis

291 773 339 809 qui
357 779 479 808 tempore
506 767 591 800 divini
619 772 725 808 iudicii.
753 772 899 808 voluptarii
917 777 944 801 et
963 773 1087 808 corporis

293 823 426 852 amantes,
441 826 473 846 ac
487 818 601 853 proinde
617 818 717 845 terreni
741 822 769 846 et
787 818 911 846 carnales
926 819 1086 854 deprehensi

293 865 408 898 fuerint,
425 865 609 900 corruptimiis
630 865 793 900 supplicium
811 865 1004 892 comminatur.
1022 865 1087 899 Quae

295 916 386 938 autem
402 911 437 937 sit
457 915 529 937 terra
547 910 643 946 lugens
667 915 694 938 et
710 911 770 946 quis
791 911 867 938 orbis
882 916 1037 946 corruptus,
1059 912 1084 939 in

294 955 471 991 sequentibus
485 955 621 988 declarat,
649 964 658 981 (
676 955 816 983 Luxeruut
829 955 931 983 excelsi
955 960 1054 984 terrae:
1075 967 1084 983 ι

295 1003 345 1030 hos
361 1003 461 1038 quippe
479 1002 595 1029 maxime
612 1002 651 1029 ira
673 1002 719 1030 Dei
736 1002 855 1034 invadet,
872 1002 999 1037 quoniam
1014 1011 1023 1029 ι
1043 1011 1088 1030 su-

294 1050 386 1086 perbis
404 1049 518 1083 resistit,
547 1048 695 1076 humilibus
714 1054 806 1076 autem
825 1049 873 1076 dat
900 1049 1016 1083 gratiam
1032 1050 1084 1077 η.»

328 1140 413 1168 Vsus.
429 1140 456 1167 5.
475 1148 484 1165 ι
503 1139 588 1166 Terra
608 1139 665 1174 egit
681 1138 763 1173 impie
783 1143 894 1174 propter
918 1139 1088 1168 habitatores

294 1194 377 1215 suos:
397 1186 459 1221 quia
476 1185 646 1221 praevaricati
661 1190 724 1212 sunt
739 1185 824 1219 legem
848 1186 968 1219 Domini,
984 1191 1011 1213 et
1031 1186 1088 1213 dis-

296 1234 455 1267 sipaverunt
480 1235 508 1259 et
528 1234 701 1258 mutaverunt
723 1236 871 1266 praecepta.
894 1236 1086 1258 testamentum

294 1284 440 1307 aeternum.
464 1287 474 1304 ι
494 1279 594 1305 Oinncs
621 1278 723 1312 quippe
751 1277 874 1304 homines
890 1277 935 1311 qui
961 1284 975 1303 a
990 1277 1088 1304 sacculo

296 1325 390 1352 orbem
406 1325 589 1357 incoluerunt,
607 1323 693 1351 Graeci
720 1323 800 1351 simul
820 1328 848 1351 et
871 1323 993 1356 barbari,
1010 1328 1089 1350 natu-

295 1370 346 1398 rali
363 1375 473 1406 accepta
493 1370 562 1405 lege,
573 1373 599 1397 et
612 1374 743 1404 praxepta
759 1369 806 1396 Dei
822 1369 848 1395 in
869 1369 1014 1396 animabus
1032 1368 1089 1395 suis

297 1416 431 1451 insculpta
448 1417 590 1450 habentes,
604 1421 683 1450 atque
702 1419 893 1443 testamentum
911 1424 926 1442 ιι
947 1415 1046 1443 saeculo
1062 1415 1087 1442 in

296 1462 432 1489 communi
467 1462 601 1496 cogitandi
633 1462 712 1488 modo
738 1462 952 1496 complectentes
969 1470 976 1487 :
994 1464 1088 1493 postea

297 1507 344 1535 ubi
361 1515 391 1535 se
405 1508 526 1542 peccatis
535 1512 629 1535 contra
642 1513 766 1534 naturam
778 1506 950 1537 dediderunt,
960 1507 1090 1534 naturalis

297 1553 366 1590 legis
381 1558 596 1588 transgressores
611 1553 698 1580 eﬂecti
718 1557 793 1580 sunt.
828 1552 1009 1587 Quamobrem
1027 1553 1088 1586 jure

297 1601 332 1628 ad
352 1599 468 1627 tribunal
481 1599 526 1626 Dei
544 1600 686 1633 sistentur,
702 1599 728 1627 in
744 1599 848 1634 judicio
863 1599 1088 1635 transgressionis

297 1653 355 1674 sua:
370 1645 502 1673 rationem
520 1646 622 1673 daturi.

332 1735 416 1763 Vens.
437 1735 515 1763 θ-ιο.
545 1745 554 1762 ι
584 1736 698 1771 Propter
717 1737 769 1765 hoc
797 1737 953 1766 maledictio
981 1739 1090 1767 vorabit

298 1786 409 1814 terram,
438 1783 566 1817 quoniam
590 1788 771 1818 peccaverunt
799 1785 846 1818 qui
881 1784 1001 1813 incolunt
1017 1793 1088 1813 eam.

297 1827 359 1855 Ideo
376 1835 507 1863 pauperes
532 1834 612 1856 erunt
641 1829 809 1858 habitatores
841 1835 932 1863 ιρι-ιω,
960 1837 988 1858 et
1007 1831 1090 1858 relin-

296 1879 415 1908 quentur
430 1874 552 1902 homines
565 1875 655 1909 pauci.
671 1875 786 1911 Lugebit
805 1876 909 1907 vinum.
930 1876 1032 1912 lugebit
1051 1877 1091 1904 vi-

299 1926 369 1946 nea:
387 1919 565 1954 ingeiniscent
588 1927 684 1948 omnes
716 1921 762 1956 qui
799 1921 960 1949 laetabantur
987 1923 1090 1950 animo.

297 1963 424 1992 Cessavit
443 1966 570 2001 gaudium
601 1971 804 2002 tympanorum,
837 1969 955 1997 cessavit
973 1977 1026 1998 vos
1051 1971 1090 1998 ci-

301 2013 395 2039 tharave.
421 2012 605 2046 Erubuerunt,
631 2021 684 2041 non
710 2014 838 2042 biberunt
859 2016 952 2042 vinum
970 2025 977 2043 :
997 2024 1090 2044 amara

302 2057 373 2084 facta
392 2062 435 2084 est
456 2058 541 2091 sicera
560 2059 715 2087 bibentibus
732 2068 738 2086 :
756 2060 878 2088 desolata
889 2067 932 2089 est
944 2063 1033 2089 omnis
1054 2064 1093 2090 ci-

301 2104 388 2136 vitas;
405 2104 511 2131 claudet
526 2106 633 2132 domum
648 2112 682 2132 ne
694 2110 785 2140 pateat
800 2107 950 2142 ingressus.
967 2117 976 2133 ι
990 2108 1090 2141 Quem-

302 2149 449 2176 admodum
486 2150 512 2176 in
546 2150 679 2185 principio
701 2151 864 2185 creationis,
899 2154 1016 2180 nondum
1045 2162 1092 2181 ex-

301 2195 414 2222 sistente
439 2200 562 2228 peccato,
596 2196 734 2223 benedixit
755 2197 825 2224 Deus
842 2197 993 2231 hominem,
1009 2199 1048 2225 sic
1065 2203 1092 2226 et

301 2242 328 2268 in
350 2241 583 2268 consummatione
602 2242 773 2270 smculornm.
799 2243 893 2278 Neque
907 2244 979 2271 enim
995 2251 1090 2272 Omnes

301 2287 329 2315 in
358 2288 485 2324 praesenti
509 2288 563 2314 vita
589 2294 733 2317 versantes
761 2290 948 2325 'ingemituros
967 2291 1015 2323 ait,
1041 2292 1088 2319 sed

300 2339 406 2362 tantum
418 2341 476 2366 eos,
488 2334 533 2369 qui
548 2335 573 2361 in
591 2335 644 2362 lata
664 2341 691 2363 et
706 2338 822 2371 spatiosa
845 2337 887 2364 via
909 2338 1090 2371 incesserunl,

300 2381 348 2415 qui
364 2381 565 2415 conipolatione
582 2386 610 2409 et
630 2382 693 2409 luxu
709 2391 760 2411 sua
779 2384 870 2411 omnia
884 2383 1067 2419 dilapidarunt
1081 2395 1089 2413 :

300 2428 348 2463 qui
368 2436 421 2455 non
436 2428 507 2455 ultra
529 2428 714 2463 voluptatibus
735 2429 884 2464 fruuntur,
912 2431 959 2459 sed
982 2432 1014 2459 de
1032 2436 1091 2459 tur-

301 2474 380 2508 pibus
400 2481 431 2501 ac
448 2473 562 2501 nefariis
579 2475 663 2509 gestis
682 2475 739 2502 suis
759 2476 888 2509 convicti,
916 2477 1018 2512 pudore
1032 2478 1091 2505 suf-

300 2518 461 2546 l'unduntur.
480 2519 643 2554 Plerumque
660 2524 750 2548 autem
763 2520 918 2557 Theologus
926 2522 1018 2550 vinum
1033 2531 1090 2550 ine-

301 2572 421 2595 morans.
450 2564 592 2592 hominum
612 2565 777 2600 voluptatein
809 2567 1003 2601 subindicavit,
1035 2569 1092 2596 sive

301 2611 452 2638 mercedem
467 2611 587 2644 malitize,
604 2617 684 2646 atque
700 2613 797 2639 animm
816 2618 968 2646 veternum,
981 2615 1027 2649 qui
1044 2622 1091 2642 co-

301 2657 461 2691 gitationum
479 2663 614 2686 rectarum
636 2662 662 2685 et
685 2659 849 2686 naturalium
866 2660 998 2688 rationem
1014 2668 1091 2688 ever-

302 2703 344 2731 tit.
359 2702 416 2736 Qua
435 2704 564 2732 ebrietate
591 2705 668 2740 quasi
694 2705 854 2739 evigilantes
870 2707 916 2741 qui
946 2712 1009 2735 tunc
1027 2715 1091 2742 sup-

301 2747 383 2781 plicio
409 2747 579 2783 allicientut‘,
616 2757 697 2777 voces
732 2755 760 2777 et
795 2751 928 2779 clamores
962 2751 1089 2787 lugubres

301 2791 446 2820 effundent.

290 2873 293 2876 ’
338 2883 359 2899 '°
368 2883 417 2912 Job
432 2883 523 2919 "1,19.
555 2885 652 2913 “Gen.
670 2895 711 2922 ιιι,
726 2886 768 2915 l9.
809 2887 830 2903 "
845 2886 938 2916 Iacob.
949 2889 1024 2922 "1,43.

639 156 774 187 EUSEBII
793 156 1032 186 CIESARIE‘NSIS
1047 156 1088 185 -οι

1149 156 1240 184 PARS
1255 155 1303 184 Ill.
1324 171 1360 177 —
1378 154 1591 186 EXEGETiCA.

1877 153 1933 185 280

1101 221 1125 251 Α
1139 218 1248 250 πάντες·
1261 218 1322 245 ἐπεὶ
1338 218 1376 253 μή
1390 218 1449 244 ἐστι
1464 215 1678 254 προσωωληψὶα
1701 214 1778 251 παρὰ
1798 213 1840 250 τῷ
1860 214 1931 250 θεῷ.

1136 265 1182 292 Διὸ
1205 265 1314 300 εἴρηται
1340 262 1416 300 παρὰ
1437 263 1477 299 τῷ
1506 262 1582 289 Ἶώὸ·
1610 271 1620 288 ι
1644 262 1751 298 Μικρὸς
1773 261 1822 288 καὶ
1844 261 1933 297 μέγας

1137 311 1196 337 ἐκεῖ
1220 311 1288 342 ἐστι,
1322 310 1371 337 καὶ
1394 309 1522 346 θεράπων
1548 309 1578 336 οὐ
1608 307 1735 340 δεδοικὼς
1763 307 1810 334 τὸν
1830 307 1934 343 κύριον

1136 356 1231 384 αὐτοῦ.
1247 366 1262 382 λ»

1175 413 1184 429 ι
1209 403 1300 440 Φθορᾷ
1325 402 1494 438 φθαρήσεται
1513 399 1531 438 ἦ
1547 401 1594 437 γῆ,
1616 401 1665 428 καὶ
1685 401 1810 437 προνομῇ
1828 408 1932 436 προνο-

1138 449 1302 485 μευθήσεται
1323 449 1340 484 ἡ
1361 448 1408 484 γῆ·
1433 448 1464 475 τδ
1487 447 1541 484 γὰρ
1570 447 1658 483 στόμα
1684 447 1787 483 Κυρίου
1814 446 1933 483 ὲλάλησε

1137 495 1233 522 ταῦτα.
1257 495 1421 530 Ἐπένθησεν
1442 495 1459 530 ὴ
1479 494 1515 530 γῆ
1536 494 1582 521 καὶ
1601 493 1708 534 ἐφθάρη
1731 494 1749 529 ἡ
1766 493 1931 529 οἰκουμένη·

1137 541 1290 577 ἐπένθησαν
1301 543 1325 568 οἳ
1339 541 1436 576 ὑψηλοὶ
1451 540 1502 576 τῆς
1517 540 1579 576 γῆς.
1601 550 1610 566 ι
1630 540 1724 575 Φωνῆς
1738 539 1793 576 γὰρ
1807 540 1934 575 ἀποφαν-

1137 588 1216 624 τικῆς
1231 587 1298 615 θεοῦ
1309 587 1353 615 διὰ
1369 588 1416 614 τοῦ
1439 587 1578 623 προφήτου
1602 586 1823 623 προενεχθείσης,
1844 586 1933 613 ταῦτα

1136 633 1282 665 ἐσταιτοῖς
1298 633 1346 669 τὴν
1366 633 1475 668 χείρονα
1495 631 1572 668 λῆξιν
1587 631 1741 668 είληχόσιν·
1763 630 1810 663 οὓς
1831 630 1875 657 διὰ
1898 631 1934 657 τὸ

1136 680 1238 715 γεῶδες
1259 680 1388 715 φρόνημα
1417 679 1469 714 γῆν
1494 677 1632 714 ὀνομάζει.
1659 678 1765 714 Ὥσπερ
1787 677 1843 714 γάρ
1864 686 1933 705 ποτε

1137 725 1233 761 ἐλέχθη
1246 725 1284 760 τῷ
1303 725 1398 761 Ἀδὰμ,
1418 734 1427 750 ι
1447 724 1487 760 Γῆ
1504 722 1540 756 εἴ,
1559 723 1607 750 καὶ⁸
1622 724 1661 756 είς
1675 723 1727 759 γῆν
1746 723 1896 760 ἁπελεύσῃ,
1920 733 1930 750 ›

1136 771 1208 798 οὕτω
1220 772 1331 803 καὶτοῖς
1342 771 1413 798 κατὰ
1427 771 1473 798 τὸν
1483 770 1579 806 καιρὸν
1595 769 1645 806 τῆς
1658 769 1706 796 τοῦ
1719 769 1789 796 Θεοῦ
1812 770 1934 806 κρίσεως

1136 818 1289 854 φιληδόνοις
1312 819 1360 845 καὶ
1384 818 1565 853 φιλοσώμασι,
1589 817 1636 844 καὶ
1653 816 1702 844 ’διὰ
1720 816 1800 844 τοῦτο
1825 817 1933 853 γηῖνοις

1137 866 1185 892 καὶ¹
1197 865 1337 900 σαρκίνοις
1349 864 1575 901 εὐρεθησομὲνοις
1589 865 1606 900 ἡ
1619 863 1767 900 διαφθορᾶς
1780 864 1932 900 ἡπείληται

1137 912 1264 947 τιμωρία.
1283 912 1331 943 Τίς
1347 911 1375 938 δέ
1388 912 1462 938 ἐστιν
1482 912 1498 946 ἡ
1516 909 1652 937 πενθοῦσα
1673 909 1709 945 γῆ
1725 909 1773 936 καὶ
1795 909 1933 946 φθαρεῖσα

1135 958 1294 994 οἰκουμένη,
1321 958 1448 992 διασαφεῖ
1474 957 1631 993 ἐπιφέρων·
1669 966 1679 984 ι
1715 956 1886 992 Ἐπένθησαν
1904 957 1932 983 οἱ

1136 1005 1233 1040 ὑψηλοὶ
1249 1005 1299 1041 τῆς
1323 1006 1391 1040 γῆς·
1413 1013 1424 1030 ι
1448 1004 1566 1040 μάλιστα
1599 1003 1654 1040 γὰρ
1688 1002 1800 1035 τούτους
1821 1003 1838 1039 ἡ
1860 1003 1931 1039 ὀργὴ

1137 1051 1184 1078 τοῦ
1196 1051 1263 1078 Θεοῦ
1276 1051 1478 1086 μετελεύσεται,
1494 1050 1556 1077 ἐπεὶ
1574 1060 1583 1076 ι
1604 1049 1790 1086 ὑπερηφάνοις
1803 1049 1933 1076 ἀντιτάσ-

1138 1107 1224 1131 σεται,
1238 1099 1374 1130 ταπεινοῖς
1385 1098 1413 1125 δὲ
1423 1097 1514 1124 δίδωσι
1532 1097 1622 1133 χάριν.
1638 1106 1648 1123 ι

1175 1154 1184 1170 ι
1204 1145 1236 1171 Ἡ
1244 1145 1280 1180 γῆ
1292 1144 1415 1180 ἡνόμησε
1425 1143 1469 1171 διὰ
1479 1144 1543 1176 τοὺς
1557 1142 1752 1174 κατοικοῦντας
1760 1142 1855 1178 αὑτήν·
1862 1142 1932 1169 διότι

1138 1192 1299 1228 παρέϐησαν
1317 1191 1362 1218 τὸν
1380 1191 1462 1226 νόμον
1484 1190 1589 1226 Κυρίου
1611 1190 1658 1217 καὶ
1680 1190 1867 1221 διεσκέδασαν,
1883 1188 1933 1225 ἧλ-

1137 1235 1221 1267 λαξαν
1234 1234 1268 1261 τὰ
1283 1234 1490 1270 προστάγματα,
1506 1234 1640 1270 διαθήκην
1658 1233 1776 1261 αἰώνιον.
1798 1244 1807 1260 ι
1825 1233 1932 1265 Πάντες

1138 1281 1192 1316 γὰρ
1210 1280 1346 1315 ἄνθρωποι
1363 1280 1387 1306 οἱ
1404 1279 1434 1312 ἐξ
1447 1279 1546 1312 αἰῶνος
1561 1280 1610 1316 τὴν
1623 1280 1784 1315 οίκουμένην
1801 1280 1932 1315 οἰκήσαν-

1138 1333 1194 1357 τες,
1206 1325 1336 1360 Ἕλληνες
1349 1325 1417 1361 ὁμοῦ
1432 1325 1479 1351 καὶ
1494 1325 1637 1361 βάρϐαροι,
1654 1325 1699 1352 τὸν
1715 1325 1828 1360 φυσικὸν
1843 1325 1930 1361 νόμον

1139 1371 1339 1407 παρειληφότες
1358 1372 1453 1398 καὶτὰ
1474 1371 1673 1407 προστάγματα
1696 1371 1742 1398 τοῦ
1769 1371 1838 1398 Θεοῦ
1868 1371 1931 1402 ταῖς

1139 1417 1243 1445 ἑαυτῶν
1256 1417 1355 1453 ψυχαῖς
1372 1417 1478 1453 ἔχοντες
1497 1416 1721 1453 ἐγγεγραμμένα,
1746 1417 1796 1453 τήν
1817 1425 1848 1444 τε
1868 1416 1930 1444 δια-

1139 1465 1225 1500 θήκην
1235 1464 1284 1500 τὴν
1295 1464 1325 1497 ἐξ
1336 1464 1431 1496 αἰῶνος
1444 1464 1472 1490 ὲν
1486 1465 1547 1495 ταῖς
1568 1465 1672 1496 κοιναῖς
1689 1463 1804 1495 ἐννοίαις
1829 1463 1928 1490 ὑποδε-

1139 1510 1274 1546 δεγμένοι,
1288 1510 1404 1537 κᾶπειτα
1417 1509 1529 1541 ἑαυτοὺς
1543 1510 1599 1541 τοῖς
1614 1509 1690 1545 παρὰ
1707 1509 1788 1544 φύσιν
1805 1510 1931 1546 ἁμαρτή-

1100 1574 1124 1605 G
1141 1565 1206 1592 μασι
1221 1556 1409 1588 ὲκδεδωκότες,
1425 1555 1583 1591 παραϐάται
1597 1554 1645 1581 τοῦ
1663 1554 1779 1589 φυσικοῦ
1800 1555 1931 1590 γεγόνασι

1139 1603 1230 1638 νόμου.
1252 1602 1298 1629 Διὸ
1318 1602 1351 1638 δὴ
1371 1602 1490 1636 εὐλόγως
1510 1601 1733 1636 παραστήσονται
1754 1600 1793 1636 τῷ
1810 1600 1875 1636 θείῳ
1889 1600 1933 1627 δι-

1139 1649 1290 1688 καστηρίῳ,
1317 1648 1511 1684 κριθησόμενοι
1536 1648 1574 1679 ὡς
1602 1647 1680 1682 λόγον
1710 1646 1855 1682 ὑφέξοντες
1879 1647 1932 1682 τῆς

1136 1694 1244 1721 ἑαυτῶν
1262 1693 1452 1730 παραϐάσεως.

1177 1750 1186 1766 ι
1205 1739 1255 1766 Διὰ
1268 1740 1346 1766 τοῦτο
1359 1739 1413 1775 ἀρὰ
1425 1739 1512 1766 ἔδεται
1527 1739 1576 1774 τὴν
1590 1738 1652 1774 γῆν.
1670 1738 1711 1765 ὅτι
1728 1737 1889 1773 ἡμάρτοσαν
1904 1738 1931 1763 οἱ

1139 1786 1329 1818 κατοικοῦντες
1355 1786 1448 1822 αὐτήν,
1471 1786 1521 1812 Διὰ
1541 1785 1622 1812 τοῦτο
1644 1784 1746 1819 πτωχοὶ
1770 1783 1877 1810 ἔσονται
1904 1784 1931 1809 οἱ

1139 1833 1306 1864 ἐνοικοῦντες
1317 1834 1346 1859 ὲν
1358 1833 1390 1868 τῇ
1405 1833 1452 1868 γῇ,
1473 1832 1521 1858 καὶ
1537 1830 1799 1866 καταλειφθήσονται
1823 1829 1933 1865 ἄνθρω-

1140 1888 1185 1906 ποι
1197 1879 1291 1913 ὀλίγοι.
1309 1878 1441 1913 Πενθήσει
1457 1876 1538 1911 οἶνος,
1561 1877 1697 1912 πενθήσει’
1712 1876 1846 1912 ἄμπελος,
1869 1884 1933 1902 στε-

1140 1925 1249 1958 νάξουσι
1263 1925 1364 1956 πάντες
1377 1925 1402 1950 οἱ
1418 1924 1624 1960 εὐφραινόμενοι
1637 1923 1686 1958 τὴν
1700 1922 1799 1958 ψυχήν.
1819 1922 1932 1949 Πέπαυ-

1139 1981 1184 1998 ται
1199 1971 1351 2007 εὐφροσύνη
1368 1970 1527 2005 τυμπάνων,
1545 1970 1682 1996 πέπαυται
1703 1968 1779 2004 φωνὴ
1802 1967 1932 2004 κιθάρας.

1147 2018 1344 2054 ’ῌσχύνθησαν,
1369 2017 1419 2043 οὐκ
1437 2016 1528 2043 ἔπινον
1548 2015 1634 2043 οἶνον·
1653 2015 1752 2051 πικρὸν
1774 2015 1879 2049 ἐγίνετο
1900 2014 1933 2040 τὺ

1142 2064 1238 2099 σίκερα
1257 2064 1313 2094 τοῖς
1328 2063 1463 2089 πίνουσιν·
1481 2061 1616 2098 ἠρημώθη
1633 2062 1707 2088 πᾶσα
1719 2061 1812 2093 πόλιςι
1828 2061 1934 2088 κλείσει

1141 2110 1229 2136 οἰκίαν
1252 2109 1299 2136 τοῦ
1327 2109 1364 2144 μὴ
1379 2108 1519 2135 εἰσελθεῖν.
1539 2117 1549 2133 ›
1567 2108 1672 2143 Ὥσπερ
1693 2107 1720 2134 δὲ
1739 2108 1768 2134 ἐν
1790 2107 1862 2143 ἀρχῇ
1881 2107 1935 2142 τῆς

1141 2156 1329 2191 κοσμοποιίας,
1346 2155 1429 2190 μήπω
1445 2154 1582 2190 ἁμαρτίας
1595 2153 1763 2189 ὑποστάσης,
1779 2153 1935 2189 ηὺλόγησεν

1141 2204 1155 2229 ὁ
1168 2201 1234 2234 Θεὸς
1248 2201 1293 2228 τὸν
1308 2201 1461 2236 ἄνθρωπον,
1480 2200 1566 2232 οὕτως
1582 2201 1629 2227 ἐπὶ
1642 2199 1782 2235 συντελείᾳ
1800 2199 1855 2226 τῶν
1867 2199 1937 2226 ald»

1105 2249 1128 2278 D
1142 2257 1204 2275 νων.
1226 2247 1293 2274 Οὐδὲ
1313 2247 1367 2283 γὰρ
1386 2247 1490 2278 πάντας
1510 2246 1647 2279 στενάξειν
1667 2247 1735 2282 φησὶ
1754 2246 1818 2278 τοὺς
1839 2247 1869 2272 ὲν
1892 2246 1936 2281 τῷ

1144 2295 1257 2330 παρόντι
1277 2294 1336 2329 βίῳ,
1349 2293 1434 2329 ἀλλ’ἢ
1449 2294 1512 2325 τοὺς
1525 2293 1575 2329 τὴν
1588 2292 1716 2320 πλατεῖαν
1737 2293 1784 2320 καὶ
1808 2292 1935 2329 εὐρύχω-

1145 2349 1191 2377 ρον
1203 2340 1363 2372 ὡδευκότας,
1381 2339 1563 2375 οἰνοφλυγίαις
1577 2339 1623 2367 καὶ
1633 2339 1763 2371 ἀσωτίαις
1775 2339 1810 2366 τὰ
1827 2339 1936 2366 ἑαυτῶν

1143 2387 1379 2423 κατατρίψανταςι
1410 2387 1434 2413 οἱ
1459 2387 1506 2413 καὶ
1532 2385 1630 2422 μηκέτι
1663 2385 1770 2421 ἔχοντες
1794 2385 1843 2421 τὴν
1878 2385 1936 2412 τῶν

1142 2433 1242 2468 ἡδονῶν
1265 2433 1428 2459 ἀπόλαυσιν·
1459 2431 1527 2459 ἀλλὰ
1547 2432 1594 2458 καὶ
1624 2431 1796 2466 ἐλεγχόμενοι
1822 2431 1865 2466 ἐφ’
1888 2429 1936 2463 αἷς

1141 2479 1262 2515 ἔπραξαν
1276 2479 1402 2515 αἰσχραῖς
1420 2479 1467 2506 καὶ⁸
1480 2479 1621 2514 ἀθεμίτοις
1639 2478 1780 2514 πράξεσιν,
1800 2477 1935 2514 αἰσχύνην

1145 2526 1352 2561 καταχεοῶται.
1368 2525 1502 2557 Πολλάκις
1518 2525 1546 2551 δὲ
1564 2526 1579 2551 ὁ
1592 2524 1722 2559 Θεολόγος
1741 2524 1811 2550 οἴνου
1826 2533 1934 2559 μνημο-

1145 2571 1252 2604 νεύσας,
1261 2571 1308 2607 τὴν
1320 2571 1373 2598 τῶν
1387 2571 1434 2598 ἀνθ
1440 2571 1537 2606 ρώπων
1555 2571 1660 2606 τρυφὴν
1673 2570 1791 2606 ᾐνίξατο,
1805 2570 1822 2605 ἥ
1839 2570 1871 2596 τὺ
1885 2571 1934 2606 τῆς

1144 2617 1244 2648 κακίας
1256 2616 1384 2652 μίσθωμα
1400 2617 1446 2643 καὶ
1462 2616 1508 2643 τὸν
1522 2616 1571 2652 τῆς
1585 2616 1674 2652 ψυχῆς
1687 2616 1780 2652 κάρον,
1794 2616 1934 2651 παρατρέ-

1144 2671 1230 2690 ποντα
1244 2664 1293 2700 τὴν
1308 2663 1426 2690 διάνοιαν
1449 2663 1503 2690 τῶν
1523 2663 1611 2699 ὀρθῶν
1628 2663 1675 2689 καὶ
1698 2661 1770 2689 κατὰ
1789 2661 1872 2697 φύσιν
1889 2662 1933 2688 λο-

1144 2710 1265 2745 γισμῶν·
1282 2707 1312 2737 οὗ
1333 2710 1507 2746 μεθύσματος
1526 2711 1620 2746 ὥσπερ
1642 2709 1820 2744 διανήψαντες
1830 2709 1856 2736 οἱ
1873 2709 1933 2735 τότε

1144 2754 1338 2791 κολαζόμενοι,
1379 2756 1471 2789 φωνὰς
1509 2755 1645 2790 ἀφήσουσι
1686 2754 1734 2781 καὶ
1772 2753 1838 2789 βοὰς
1875 2762 1937 2780 πεν-

1144 2800 1232 2833 θὶκάς.
1557 2800 1560 2802 ⁷
