2044 3215
116 174 170 202 ’261

160 241 170 258 1
199 232 355 266 ὀλολύζετε
368 233 433 270 περὶ
447 233 494 260 τοῦ
512 234 584 261 οῐνου
603 236 728 271 πανταχῆ
742 244 748 250 ·
775 236 913 263 πέπαυται
929 238 950 265 Α

121 280 200 307 πᾶσα
211 281 375 317 εὐφροσύνη,
397 280 501 318 ἀπῆλθε
521 282 598 310 πᾶσα
617 283 770 319 εὐφροσύνη
792 285 842 320 τῆς
855 285 917 319 γῆς.

120 325 176 351 Καὶ
192 325 452 361 ιαταλειφθήσονται
468 326 561 359 πόλεις
576 327 686 363 ἔρημοι,
700 328 748 355 καὶ
759 326 829 355 οἶκοι
840 330 920 363 ἐγκα-

120 371 329 407 ταλελειμμένοι
345 372 520 400 ἀπολοῦνται.
538 373 633 401 Ταῦτα
647 374 736 401 πάντα
749 374 824 402 ἔσται
835 376 868 402 ὲν
884 377 918 412 τῇ

120 419 169 453 γῇ,
180 418 210 444 ιν
225 418 301 454 μέσῳ
313 418 367 446 τῶν
382 418 477 446 ἐθνῶν.
492 420 540 446 ’θν
556 420 657 456 τρόπον
674 420 722 447 ὲάν
736 430 778 454 τις
798 422 919 458 καλαμη-

121 471 204 499 σηται
220 463 327 497 ὲλαίαν,
344 463 432 496 οὕτως
446 465 652 501 καλαμήσονται
667 466 766 499 αὐτούς
785 475 792 483 ”
807 468 855 495 καὶ
870 467 917 494 ἐὰν

121 509 263 545 παύσηται
283 511 298 537 ὁ
317 511 466 547 τρυγητός.
489 520 499 537 ι
525 512 570 543 Ὦς
587 511 689 547 μηδένα
709 513 917 550 περιλειφθῆναι

120 555 178 582 τῶν
191 555 311 589 ἀσεϐῶν,
331 557 400 584 ἀλλὰ
423 557 472 584 καὶ
493 557 591 593 μέχρις
612 558 672 590 ἑνὸς
690 559 739 595 τὴν
759 559 849 595 κρίσιν
869 559 917 587 τοῦ

119 602 190 629 Θεοῦ
205 603 353 638 μετελθεῖν.
374 604 418 636 Ὡς
433 604 488 640 γὰρ
510 605 535 631 οἱ
558 605 605 631 τὸν
621 606 673 641 τῆς
695 606 790 639 ἐλαίας
810 607 917 642 καρπὸν

120 648 317 684 ἀναλεγόμενοι
328 649 464 685 καλάμοις
473 649 584 676 εἰώθασι
598 649 753 686 διακρούειν
769 651 817 678 καὶ
826 659 915 678 κατα-

114 694 215 722 νσαλεῖν
234 694 315 730 μέχρι
337 695 394 721 καὶ,
409 696 484 731 μιᾶς,
502 695 581 722 εἵπου
597 696 796 732 περιλειφθείη,
808 697 860 724 καὶ
877 698 917 730 ὡς

121 740 195 776 μετὰ
222 741 268 768 τον
293 741 429 777 τρυγητὸν
458 741 615 773 ἐπανιόντες
634 741 709 774 τινὲς
738 742 916 777 ἅναλέγονται

122 787 216 823 eam
230 787 429 823 τιναςβραχείς
439 787 456 823 ἢ
468 787 585 823 βότρυας
596 789 661 821 τοὺς
670 789 912 825 παραλειφθέντας·

118 833 169 860 τὸν
186 833 268 860 αὐτὸν
280 833 382 870 τρόπον
399 834 446 861 καὶ
467 835 530 867 τοὺς
548 835 660 867 ἀσεϐεῖς
675 834 849 868 ἀναλέξονται
860 836 915 863 -καὶ

121 879 222 915 μέχρις
232 880 299 912 ἑνὸς,
308 879 345 911 ὡς
355 879 456 915 μηδένα
464 881 606 916 διαφυγεῖν
617 880 667 916 τὴν
679 881 726 908 τοῦ
732 880 801 908 Θεοῦ
812 881 913 917 κρίσιν.

151 935 169 952 -1
186 922 267 953 Οὗτοι
284 926 340 962 βοῇ
359 927 539 963 φωνήσουσιν.
561 936 570 953 ι
588 927 666 959 Τίνες
687 927 715 954 δὲ
734 923 808 954 οὗτοι
824 927 882 955 ἀλλ’
896 917 952 963 ii’B

118 973 147 999 οἱ
156 972 205 999 τοῦ
219 973 374 1009 κρείττονος
390 971 625 1009 τάγματοςςηΕῐεν
648 974 670 1000 δ’
687 974 720 1000 ἂν
738 971 810 1001 οὗτοι
827 974 851 1000 el
863 974 914 1010 τῆς

118 1017 197 1054 παρὰ
211 1017 275 1054 ’Θεῷ
298 1019 508 1055 μεγαλειότητος
529 1020 684 1055 ἠξιωμένοι.
710 1029 718 1045 ι
740 1020 814 1047 Οίδὲ
829 1029 914 1046 κατα-

114 1064 276 1100 λειφθέντες
294 1066 340 1092 ὲπὶ
352 1065 400 1101 τῆς
416 1065 469 1101 γῆς
484 1066 716 1101 εὐφρανθήσονται
732 1066 789 1101 ἅμα
801 1067 835 1101 τῇ
850 1066 913 1102 δόξῃ

113 1110 240 1148 Κυρίου·
261 1112 463 1148 ταραχθήσεται
480 1112 511 1139 τδ
527 1112 600 1147 ὕδωρ
620 1113 669 1148 τῆς
686 1112 834 1148 θαλάσσης.
856 1122 865 1138 ›
881 1113 913 1139 Οί

108 1158 210 1194 «ἢτῆς
226 1158 334 1194 μερίδος
354 1159 493 1194 γενόμενοι
513 1159 561 1186 τοῦ
584 1159 652 1185 Θεοῦ
677 1158 913 1194 εὐφρανθήσονται

120 1203 179 1240 ἅμα
190 1206 228 1241 τῇ
243 1205 307 1241 δόξῃ
322 1205 370 1231 τοῦ
396 1205 497 1241 Κυρίου
507 1214 514 1219 ·
529 1205 591 1232 τότε
608 1205 662 1241 γὰρ
680 1206 761 1237 αὐτὸς
776 1206 791 1232 ὁ
808 1205 913 1241 Κύριος

119 1252 261 1279 ἐλεύσεται
277 1252 307 1279 ὲν
319 1251 353 1288 τῇ
367 1251 430 1288 δόξῃ
445 1252 492 1278 τοῦ
512 1252 618 1288 [ἰατρὸς
636 1252 720 1279 αὑτοῦ
743 1252 812 1288 μετὰ
832 1252 912 1280 δυνάυ

114 1306 195 1334 -μεως
206 1297 255 1325 καὶ
270 1297 349 1333 δόξης
365 1297 475 1333 πολλῆς.
504 1297 565 1324 Ἐπὶ
583 1297 668 1334 ταύτῃ
693 1297 782 1324 τοίνυν
799 1298 832 1333 τῇ
850 1297 913 1333 δόξῃ

114 1342 168 1372 τοῦ
190 1343 295 1370 ἑαυτῶν
321 1343 425 1379 Κυρίου
452 1343 685 1379 εὐφρανθήσονται
710 1343 735 1370 οἱ
760 1343 844 1370 πάλαι
871 1344 913 1375 είς

114 1388 202 1416 αὐτᾶν
213 1388 370 1424 ἠλπικότες.
396 1388 469 1415 ’Δντὶ
489 1388 517 1415 δὲ
536 1388 595 1420 τοῦ,
623 1398 632 1414 ι
657 1388 865 1424 Ταραχθήσεται
883 1388 913 1414 τὸ

119 1433 254 1470 ὓδωρ-τῆς
266 1433 414 1470 θαλάσσης,
436 1443 444 1459 ι
465 1442 474 1459 1
492 1433 617 1469 Ἤχησαν
634 1433 718 1461 ὕδατα
734 1434 882 1469 θαλάσσης,
901 1443 909 1459 ι

117 1480 268 1507 Θεοδοτίων
275 1480 442 1516 ἡρμήνευσε,
450 1479 592 1515 σημαίνων
601 1480 631 1506 τὸ
643 1480 757 1516 μέγεθος
768 1482 816 1516 τῆς
828 1480 911 1515 ζωῆς,

119 1523 139 1563 ᾖ
156 1525 301 1562 χρῄζοντα
315 1528 339 1554 οἱ
353 1526 510 1560 δοξάζοντες
531 1527 577 1554 τὸν
597 1527 701 1554 ἑαυτῶν
717 1528 834 1563 Κύριον
853 1527 913 1563 ἤχῳ

119 1572 178 1608 γὰρ
192 1572 328 1609 θαλάσσης
338 1573 686 1609 παραϐληθήπταιταύτῶν
701 1574 717 1610 ἡ
735 1575 822 1609 φωνή.

159 1629 170 1646 1
191 1620 239 1648 Διὰ
253 1619 331 1647 τοῦτο
348 1621 365 1656 ἡ
380 1620 444 1654 δόξα
463 1619 565 1656 Κυρίου
582 1620 611 1646 ἐν
633 1621 693 1653 ταῖς
717 1621 808 1656 νήσοις
835 1620 912 1649 ἔσται

117 1666 170 1703 ’τῆς
182 1665 332 1702 θαλάσσης.
345 1676 361 1693 -ι
380 1666 446 1699 Ταῖς
467 1666 642 1702 Ἐκκλησίαις
665 1666 764 1702 δηλαδὴ
784 1669 844 1699 ταῖς
865 1676 912 1702 με-

118 1711 186 1745 ταξὺ
209 1712 294 1740 πάλαι
313 1713 368 1740 τῶν
393 1712 514 1740 ἀπίστων
544 1713 644 1744 ἐθνῶν,
669 1712 764 1748 ὥσπερ
783 1713 812 1739 ἐν
826 1713 912 1749 ,μέσῳ

119 1758 267 1794 θαλάσσης,
280 1759 511 1794 ἀπειλημμέναις,
522 1758 564 1793 ἐφ’
574 1758 607 1790 ἃς
623 1759 639 1794 ἡ
656 1759 720 1791 δόξα
735 1759 837 1795 Κυρίου
850 1761 911 1786 ἐπι-

117 1805 221 1840 λάμψει
235 1805 306 1832 τότε.
323 1813 333 1830 1
345 1804 381 1831 Τδ
392 1804 476 1840 δνομα
490 1804 594 1840 Κυρίου
605 1804 709 1837 ἔνδοξον
724 1804 810 1832 ἔπαι.
826 1805 913 1841 Κύριε

112 1850 214 1881 ὸθεὸς
235 1850 353 1886 Ἰσραὴλ,
366 1850 419 1877 ἀπὸ
436 1850 490 1878 τῶν
511 1850 655 1886 πτερύγων
672 1850 722 1885 τῆς
736 1852 788 1887 γῆς
811 1851 912 1887 τέρατα

112 1895 268 1931 ἠκούομεν,
282 1895 359 1927 ἐλπὶς
373 1894 413 1930 τῷ
426 1895 541 1923 εὐσεϐεῖ.
560 1896 638 1925 Κατὰ
652 1895 680 1922 δὲ
697 1896 743 1922 τὸν
764 1896 912 1932 Σύμμαχον

114 1942 167 1970 καὶ
182 1941 358 1972 Θεοδοτίωνα.
372 1950 382 1967 1
399 1942 466 1969 Ἀπὸ
481 1942 535 1969 τῶν
549 1941 692 1978 πτερύγων
713 1943 762 1978 τῆς
777 1944 828 1978 γῆς
842 1943 913 1977 ψαλ-

113 1988 189 2024 μοὺς
210 1988 385 2024 ἠκούσαμεν
406 1997 416 2014 ι
435 1987 505 2020 κατὰ
524 1987 553 2015 δὲ
573 1987 618 2014 τὸν
651 1987 776 2019 Ἀκύλαν,
794 1997 803 2013 1
825 1988 911 2023 μελῳ-

117 2033 188 2066 δίας.
210 2044 219 2060 ι
242 2035 273 2061 Οἱ
289 2034 344 2070 γὰρ
361 2035 410 2070 τῆς
430 2034 537 2070 μερίδος
559 2034 606 2060 τοῦ
631 2033 708 2066 Θεοῦ,
733 2033 783 2069 τὴν
803 2033 911 2061 δικαίαν

117 2080 202 2110 αὑτοῦ
219 2081 310 2117 κρίσιν
325 2080 577 2117 ἁποθαυμάζοντες,
593 2080 786 2115 εὐφραίνονται
803 2080 861 2115 ἃμα
878 2082 911 2116 τῇ

117 2126 183 2163 δόξῃ
199 2125 246 2153 τοῦ
272 2126 386 2161 Κυρίου,
406 2127 454 2152 καὶ
477 2124 684 2161 εὐφραινόμενοι
708 2124 809 2160 ὕμνους
836 2125 911 2160 αὐτῴ

119 2171 166 2198 καὶ
183 2171 342 2207 ψαλμῳδίας
364 2171 589 2206 εὐχαριστηρίους
611 2169 830 2204 ἁναπέμπουσιν.
852 2168 911 2196 Ei‘t7

117 2216 251 2251 ἐπιλέγει,
268 2226 277 2242 ι
304 2216 396 2248 Ἐλπὶς
405 2216 444 2251 τῷ
458 2215 572 2242 εὐσεϐεῖ.
589 2224 598 2240 ι
621 2214 729 2250 Ἐπειδὴ
742 2215 797 2250 γὰρ
811 2215 846 2241 τὰ
855 2216 912 2248 τοῖς

117 2262 232 2291 ἀσεϐέσι
246 2262 352 2299 διῆλθεν
363 2262 543 2298 ὴπειλημένα,
565 2260 629 2296 ἑξῆς
652 2261 715 2297 περὶ
732 2262 780 2296 τῆς
804 2261 911 2297 μερίδος
929 2275 949 2302 D

116 2311 169 2346 τῆς
189 2309 256 2338 θεοῦ
277 2310 425 2345 ἐπήγαγεν,
449 2308 486 2340 ὡς
507 2317 516 2334 ι
539 2306 778 2343 Εὐφρανθήσονται
801 2307 859 2342 ἅμα
877 2309 911 2343 τῇ

108 2355 184 2392 ,δόξῃ
196 2355 310 2392 Κυρίου,
325 2365 335 2380 ›
347 2355 395 2384 καὶ
405 2354 444 2386 ὡς
463 2363 472 2379 1
495 2353 526 2380 'H
537 2352 601 2385 δόξα
621 2352 726 2388 Κυρίου
745 2354 773 2379 ὲν
790 2354 850 2385 ταῖς
865 2354 912 2388 νή-

118 2411 177 2434 σοις
190 2402 282 2429 ἔσται’
301 2411 311 2428 ›
329 2402 367 2433 ὠς
379 2401 411 2437 δὴ
423 2400 472 2436 τὴν
481 2399 679 2435 δικαιοκρισίαν
697 2398 744 2425 τοῦ
764 2398 831 2425 Θεοῦ
851 2408 913 2426 πα-

117 2448 268 2484 ραστήσας,
298 2446 451 2478 ἀκολούθως
483 2446 607 2481 ἐπήγαγε
630 2444 678 2470 τό·
710 2453 719 2470 1
757 2444 851 2476 Ἐλπὶς
873 2445 912 2481 τῷ

117 2494 238 2521 εὐσεϐεῖ·
261 2503 271 2519 ι
286 2494 368 2521 παντὶ
382 2493 435 2529 γὰρ
446 2491 542 2527 δικαίῳ
554 2491 601 2518 καὶ
620 2489 727 2517 εὐσεϐεῖ
742 2490 818 2526 ἀνδρὶ
833 2489 911 2521 ἐλπὶς

117 2540 210 2576 ἀγαθὴ
225 2539 362 2576 σωτηρίας
375 2539 530 2565 ἀπόκειται.

155 2596 166 2614 1
182 2587 239 2614 Καὶ
255 2584 363 2622 ὲροῦσι·
385 2584 454 2611 Οὐαὶ
476 2585 532 2615 τοῖς
555 2582 693 2614 ἀθετοῦσι,
709 2583 734 2609 οἱ
749 2581 912 2614 ἀθετοῦντες

116 2633 164 2662 seu
180 2633 279 2670 νόμον·
298 2641 307 2659 t
322 2631 393 2658 κατὰ
414 2631 462 2666 μὲν
474 2622 519 2657 τὸν
537 2629 652 2658 ’Δκύλαν
665 2629 782 2665 εἴρηται,
798 2638 808 2655 1
829 2629 861 2654 Ὢ
872 2628 914 2654 οῗ-

119 2690 166 2717 μοι
178 2679 352 2711 ἀθετοῦντες·
366 2677 510 2714 ὴθέτησαι.
524 2686 533 2702 ι
552 2677 632 2712 Ὁρᾷς
643 2676 718 2707 ὃπως
744 2675 913 2710 συνέπασχον

116 2728 175 2758 τοῖς
202 2724 411 2760 ἀπολλυμένοις,
434 2722 482 2749 καὶ
506 2722 678 2757 ὑπερήλγουν
712 2720 803 2748 αὐτῶν
821 2721 846 2747 οἱ
864 2720 912 2746 τοῦ

117 2772 187 2800 Θεοῦ
201 2771 340 2808 ἄνθρωποι
365 2770 409 2797 διὰ
429 2767 645 2804 φιλανθρωπίαν,
671 2767 710 2799 ὡς
737 2768 777 2799 εἰς
801 2766 913 2798 ἑαυτοὺς

116 2818 299 2854 ἀναστρέφειν
324 2817 370 2844 τὸν
401 2813 578 2850 ταλανισμδν,
599 2814 647 2841 καὶ
669 2814 770 2849 λέγειν,
794 2812 817 2840 ὣ
840 2813 913 2848 οἴμοι

116 2867 160 2902 ἐφ’
171 2865 213 2898 οἷς
227 2865 364 2901 ἠθέτησαν
372 2864 396 2890 οἱ
413 2860 586 2898 παραϐάταιι

583 175 835 204 COMMENTAR-IA
852 175 890 203 ἸΝ
909 175 1037 204 ιεΑιΑΜ.
1058 192 1092 197 —
1110 177 1188 205 CAP.
1205 176 1301 207 XXIV.

1705 185 1762 214 262

1002 234 1085 262 Vsus.
1102 235 1193 264 1H3.
1208 245 1218 262 1
1237 236 1340 265 Ululate
1355 245 1404 273 pro
1417 238 1482 266 vino
1495 239 1596 276 ubique
1617 249 1624 267 :
1641 244 1761 273 cessavit

970 282 1060 308 omnis
1080 281 1183 314 laetitia,
1202 283 1332 311 discessit
1347 285 1437 312 omnis
1451 285 1542 314 laetitia
1557 291 1648 315 term.
1666 288 1700 316 Et
1714 297 1760 318 re-

971 325 1127 361 linquentur
1142 328 1225 355 urbes
1241 329 1365 361 deserta»,
1379 334 1408 356 et
1422 329 1519 358 domus
1535 331 1677 361 derelictae
1699 341 1762 369 per-

970 371 1058 400 ibunt.
1081 372 1144 400 Haec
1171 374 1262 401 omnia
1280 379 1365 402 erunt
1390 375 1420 402 in
1438 379 1521 410 terra,
1542 377 1570 405 in
1588 379 1678 406 medio
1692 386 1760 415 gen-

962 417 1048 446 tium.
1064 418 1296 452 Quemadmodum
1324 420 1346 448 si
1373 421 1435 455 quis
1451 423 1573 450 excutiat
1587 423 1701 458 olivam,
1721 425 1761 455 sic

968 464 1108 491 excutient
1132 464 1223 499 ipsos;
1241 470 1269 493 et
1289 465 1312 493 si
1333 467 1455 501 quiescat
1470 468 1618 496 vindemia.
1640 478 1650 495 ι
1669 469 1708 497 Ita
1731 474 1761 498 ut

969 509 1059 537 nullus
1075 510 1221 545 impiorum
1236 511 1362 539 residuus
1384 512 1434 545 sit,
1452 513 1504 541 sed
1529 515 1562 542 ad
1576 523 1658 542 unum
1673 524 1761 552 usque

967 563 1063 583 omnes
1074 556 1206 591 judicium
1225 556 1272 584 Dei
1288 557 1414 585 subeant.
1427 558 1667 592 Quemadmodum
1684 563 1760 591 enim

966 602 1014 637 qui
1024 602 1108 630 olivae
1124 602 1242 630 fructum
1260 603 1403 638 colligunt,
1428 605 1543 639 perticis
1570 606 1658 635 solent
1680 608 1760 637 oliva:

959 655 1051 683 grana
1062 654 1193 678 excutere
1209 657 1247 677 ac
1265 649 1385 685 dejicere
1402 657 1489 686 usque
1504 652 1538 679 ad
1560 660 1654 685 unum,
1664 653 1759 682 sicuhi

959 694 1171 730 vdorelinquatur
1185 703 1193 721 :
1210 703 1243 723 ac
1259 696 1485 731 quemadmodum
1506 702 1568 732 post
1580 699 1757 734 vindemiam,

959 746 1138 770 Irevertentes
1161 743 1270 778 quidam
1288 750 1389 778 parvos
1397 744 1495 772 acinos
1504 750 1532 772 et
1551 753 1616 773 uvas
1634 746 1759 775 residuas

967 787 1114 822 colligunt,
1134 788 1173 816 ita
1190 793 1218 817 et
1232 789 1329 825 impios
1343 790 1472 826 colligant
1498 798 1584 827 usque
1603 793 1638 821 ad
1654 801 1755 829 unum;

967 833 1004 860 ita
1019 839 1049 861 ut
1067 834 1198 870 judicium
1220 835 1268 863 Dei
1286 843 1366 864 nemo
1385 837 1568 873 subterfugiat

1000 923 1084 952 Vens.
1100 925 1144 954 M.
1161 925 1214 953 dli
1226 926 1345 955 clamore
1361 927 1591 956 vociferabuntur.
1610 939 1620 956 ι
1640 929 1756 964 Quinam

959 970 1004 1004 iii,
1019 971 1070 1002 nisi
1084 971 1134 1006 qui
1148 972 1298 1007 superioris
1315 973 1418 1000 ordinis
1429 974 1514 1001 sunt?
1533 974 1579 1002 lsti
1603 983 1685 1010 porro
1698 976 1757 1006 fuer-

965 1016 1031 1049 rint,
1055 1016 1100 1051 qui
1124 1023 1168 1049 ea.
1195 1024 1255 1051 qua}
1271 1018 1342 1052 apud
1362 1018 1446 1046 Deum
1467 1024 1510 1046 est
1540 1021 1754 1056 magniﬁcentia,

965 1060 1067 1096 dignati
1081 1066 1153 1089 sunt.
1169 1071 1180 1088 ς
1193 1062 1246 1095 Qui
1263 1067 1353 1090 autem
1369 1063 1455 1091 relicti
1481 1064 1582 1092 fuerint
1603 1074 1685 1101 super
1700 1072 1756 1096 ter-

964 1114 1035 1139 ram,
1053 1107 1215 1136 laetabuntur
1226 1115 1288 1136 eum
1302 1108 1389 1144 gloria
1402 1109 1510 1137 Domini
1523 1119 1530 1136 :
1548 1112 1755 1141 conturbabitur

958 1158 1034 1185 aqua
1059 1152 1152 1180 maris.
1178 1161 1188 1179 ι
1215 1152 1266 1186 Qui
1284 1158 1374 1181 autem
1393 1161 1426 1181 ex
1452 1155 1577 1188 portione
1596 1155 1642 1183 Dei
1661 1161 1753 1190 erunt.

964 1196 1127 1226 lmlabunlur
1141 1206 1202 1226 cum
1219 1199 1306 1234 gloria
1323 1199 1428 1228 Domini
1440 1208 1446 1226 :
1459 1205 1523 1228 tunc
1532 1202 1609 1229 enim
1629 1202 1687 1237 ipse
1704 1203 1755 1232 Do-

965 1244 1055 1271 minus
1075 1244 1164 1272 veniet
1184 1245 1211 1272 in
1228 1245 1314 1281 gloria
1335 1245 1426 1274 Patris
1440 1247 1480 1274 sui
1500 1253 1560 1274 cum
1578 1251 1713 1282 potestate
1726 1254 1755 1276 et

964 1289 1105 1323 majestate
1125 1290 1231 1325 grandi.
1257 1290 1284 1318 In
1307 1291 1359 1319 hac
1385 1298 1449 1326 ergo
1469 1292 1574 1319 Domini
1599 1293 1641 1321 sui
1669 1294 1754 1329 gloria

964 1334 1136 1368 lazlabuntur,
1160 1335 1206 1370 qui
1217 1335 1281 1363 olitn
1295 1336 1322 1364 in
1339 1337 1425 1372 ipsum
1438 1342 1626 1372 speraverunt.
1641 1337 1695 1365 Pro
1709 1338 1755 1366 illo

963 1384 1065 1411 autem,
1085 1389 1095 1406 1
1110 1380 1318 1408 conturbabitur
1339 1389 1409 1416 aqua
1424 1383 1517 1415 maris,
1538 1392 1548 1409 ι
1565 1383 1604 1410 sic
1630 1383 1754 1411 Theodo-

964 1425 1002 1452 tio
1027 1425 1222 1460 interpretatus
1243 1430 1295 1459 est,
1322 1435 1332 1452 1
1352 1431 1502 1455 sonuerunt
1531 1435 1609 1463 aqua;
1631 1428 1724 1462 maris,
1741 1438 1752 1456 ι

965 1470 1027 1497 vita:
1046 1469 1120 1497 illius
1135 1470 1352 1504 magnitudinem
1379 1470 1547 1506 signiﬁcans,
1561 1477 1613 1506 qua
1629 1470 1755 1498 fruentur

965 1515 983 1543 ii
999 1516 1045 1551 qui
1060 1515 1204 1543 Dominum
1229 1523 1308 1543 suum
1330 1517 1416 1552 gloria
1440 1515 1561 1544 alliciunt
1579 1525 1586 1544 :
1601 1524 1654 1545 vox
1680 1518 1754 1546 enim

965 1568 1060 1590 eorum
1081 1562 1182 1589 sonitui
1202 1560 1286 1588 maris
1303 1561 1516 1596 comparabitur.

1000 1607 1083 1636 Vrsas.
1101 1608 1143 1635 l5.
1160 1617 1169 1633 1
1191 1607 1338 1643 Propterea
1365 1607 1451 1643 gloria
1479 1608 1586 1636 Domini
1609 1609 1636 1636 in
1659 1609 1754 1637 insulis

965 1654 1048 1682 maris
1064 1654 1125 1681 erit.
1144 1662 1154 1680 ι
1174 1652 1203 1680 in
1222 1652 1350 1680 Ecclesiis
1364 1653 1500 1685 videlicet,
1523 1661 1583 1689 quze
1594 1654 1658 1682 olim
1683 1654 1755 1683 inter

964 1698 1118 1727 incredulas
1136 1703 1242 1734 gentes,
1270 1698 1346 1734 quasi
1376 1699 1402 1726 in
1428 1699 1516 1727 medio
1544 1700 1623 1733 mari,
1641 1700 1755 1728 inclusae

964 1750 1043 1774 erant
1058 1755 1065 1773 :
1084 1746 1110 1772 in
1124 1746 1202 1779 queis
1215 1745 1301 1781 gloria
1316 1745 1422 1772 Domini
1439 1750 1502 1773 tunc
1513 1745 1660 1782 eﬂ‘ulgebit.
1673 1756 1682 1773 1
1701 1746 1755 1774 No-

964 1799 1026 1820 men
1046 1792 1150 1819 Domini
1171 1791 1317 1826 gloriosum
1332 1792 1393 1819 erit.
1407 1791 1518 1819 Domine
1532 1792 1604 1820 Deus
1617 1792 1709 1826 lsrael,
1720 1793 1755 1820 ab

964 1839 1014 1866 alis
1032 1843 1112 1866 terrae
1127 1838 1252 1874 prodigia
1274 1838 1448 1865 audivimus:
1465 1845 1528 1872 spes
1542 1839 1596 1873 pio.
1617 1849 1627 1866 ι
1650 1839 1753 1866 Secun-

964 1885 1026 1911 dum
1047 1884 1240 1920 Symmachum
1256 1891 1323 1912 vero
1335 1888 1363 1911 et
1376 1883 1604 1917 Theodotionem,
1622 1893 1632 1910 1
1647 1885 1688 1912 Ah
1703 1885 1754 1913 alis

965 1936 1043 1957 terra:
1069 1929 1189 1964 psalmos
1212 1929 1383 1961 audivimus;
1409 1938 1419 1954 ι
1440 1930 1589 1956 secundum
1616 1930 1752 1965 Aquilam,

966 1985 975 2001 1
993 1975 1133 2002 melodias.
1153 1985 1161 2001 I
1180 1974 1246 2002 Nam
1260 1975 1305 2010 qui
1320 1982 1352 2002 ex
1373 1975 1498 2009 portione
1509 1975 1555 2002 Dei
1565 1975 1753 2010 sunt,justum

962 2019 1163 2055 ejusjudicium
1184 2020 1360 2052 admirantes,
1374 2019 1502 2047 laetantur
1519 2027 1581 2047 cum
1598 2020 1683 2055 gloria
1699 2020 1754 2048 Do-

963 2066 1041 2098 mini,
1071 2073 1102 2093 ac
1127 2065 1180 2092 la‘ti
1211 2066 1326 2100 hymnos
1350 2065 1401 2100 ipsi
1430 2070 1510 2100 atque
1538 2065 1703 2099 psalmodias
1726 2066 1753 2094 in

963 2113 1114 2148 gratiarum
1123 2112 1261 2140 actionem
1276 2112 1416 2140 emittunt.
1431 2111 1527 2139 Postea
1546 2112 1638 2144 infert,
1655 2120 1664 2138 1
1685 2111 1755 2147 Spes

963 2158 1017 2193 pio.
1035 2166 1044 2183 ι
1065 2157 1132 2185 Cum
1149 2157 1221 2184 enim
1233 2157 1367 2184 commina
1375 2157 1474 2183 tionem
1489 2156 1579 2192 impiis
1594 2157 1755 2185 intentatam

963 2203 1150 2237 praeteriisset,
1186 2203 1236 2229 sub
1260 2202 1318 2229 haec
1336 2202 1369 2229 de
1393 2201 1519 2236 portione
1550 2202 1598 2230 Dei
1620 2202 1671 2229 ista
1687 2203 1754 2229 sub-

962 2249 1061 2284 jungit,
1096 2257 1106 2274 1
1126 2248 1303 2277 Lmtabuntur
1326 2255 1388 2275 cum
1417 2247 1503 2283 gloria
1539 2247 1662 2280 Domini,
1691 2256 1702 2274 ›
1727 2252 1754 2275 et

968 2295 1082 2323 cGloria
1107 2295 1214 2322 Domini
1241 2295 1268 2322 in
1297 2294 1393 2321 insulis
1414 2294 1491 2321 erit:
1516 2303 1526 2319 ι
1547 2301 1580 2322 ac
1612 2298 1754 2328 postquam

963 2342 1065 2377 justum
1090 2341 1138 2368 Dei
1162 2341 1294 2375 judicium
1324 2341 1525 2374 enuntiaverat,
1555 2343 1754 2374 consequenter

966 2388 1065 2422 adjecit
1082 2387 1159 2420 illud,
1178 2395 1188 2412 1
1213 2387 1281 2421 Spes
1295 2387 1358 2422 pio:
1376 2395 1385 2412 ι
1403 2393 1465 2413 nam
1480 2385 1555 2413 omni
1567 2385 1638 2419 iusto
1656 2385 1756 2420 pioque

966 2437 1026 2463 viro
1038 2435 1107 2462 bona
1121 2434 1216 2462 salutis
1234 2433 1354 2468 reposita
1371 2439 1434 2467 spes
1453 2437 1507 2459 est.

1002 2571 1084 2599 Vsus.
1104 2571 1146 2598 16.
1161 2580 1170 2596 ι
1189 2570 1222 2598 Et
1235 2571 1325 2598 dicent
1342 2569 1406 2596 :Vae
1422 2571 1689 2604 prazvancatormus,
1708 2566 1755 2601 qui

965 2618 1179 2654 praevaricantur
1195 2618 1281 2653 legem
1298 2617 1305 2644 ί
1325 2626 1334 2642 ι
1364 2615 1518 2642 Secundum
1534 2613 1660 2648 Aquilam
1688 2612 1757 2640 dici-

965 2672 1028 2694 tur:
1044 2676 1054 2691 1
1074 2664 1108 2699 Ο,
1131 2672 1170 2692 vm
1195 2664 1272 2694 mihi.
1303 2660 1532 2698 prmvaricanles!
1562 2659 1757 2693 praevaricatus

963 2720 1004 2739 es.
1028 2721 1037 2738 ι
1054 2711 1148 2739 Viden‘
1159 2718 1214 2746 quo
1237 2714 1317 2745 pacto
1333 2709 1380 2737 Dei
1394 2707 1518 2736 homines
1530 2707 1563 2734 de
1580 2705 1754 2741 pereuntium

965 2767 1028 2787 casu
1043 2759 1169 2787 dolebant
1182 2762 1211 2785 et
1225 2757 1406 2793 angebantur,
1423 2761 1521 2790 nempe
1534 2762 1568 2781 ex
1580 2752 1756 2780 humanitatis

964 2805 1078 2838 all'ectu,
1105 2805 1143 2833 ita
1167 2808 1198 2833 ut
1227 2803 1255 2830 in
1270 2803 1377 2837 seipsos
1401 2801 1518 2828 miserim
1539 2800 1676 2835 planet-um
1691 2807 1756 2828 con-

963 2857 1114 2885 verterent,
1135 2858 1167 2878 ac
1193 2850 1315 2878 dicerent
1333 2848 1390 2883 :0,
1404 2855 1445 2876 va:
1469 2847 1537 2877 mihi
1557 2855 1606 2883 pro
1625 2846 1756 2882 praevari-

963 2899 1072 2929 catione
1087 2904 1320 2934 transgressurum
1333 2897 1341 2924 ι
