2044 3215
317 122 373 157 263

640 128 776 157 EUSEBll
797 128 1038 157 CESARIENSIS
1056 129 1132 159 OPP.
1153 130 1243 158 PARS
1262 131 1306 160 ΙΙΙ.
1326 147 1362 153 -
1380 128 1587 163 EXEGETICA:

1900 140 1947 169 σοι

356 189 437 218 Vm.
457 189 500 222 Π,
519 189 563 217 l8.
582 198 591 215 ι
607 188 700 218 Timor
713 194 740 217 et
754 190 842 222 fovea,
857 194 885 217 et
905 175 1018 224 laqueus
1029 197 1092 224 snpe

1142 214 1148 223 ,
1199 201 1207 217 ι
1228 191 1312 224 Φόϐος
1339 192 1386 219 καὶ
1405 193 1515 228 βόθυνος
1540 194 1588 222 καὶ
1615 195 1698 230 παγὶς
1723 195 1767 231 ἐφ’
1795 196 1869 233 ὑμᾶς
1888 200 1948 232 τοὺς

318 244 377 270 vos,
388 237 433 271 qui
449 237 580 264 habitatis
600 241 712 264 terram.
733 237 767 263 Et
780 236 833 264 erit
848 236 894 271 qui
908 236 1009 271 fugerit
1027 237 1109 265 timo-

318 291 388 316 rctn,
403 283 482 311 cadet
507 283 534 310 in
551 283 655 311 foveam
668 291 676 316 ;
692 283 737 318 qui
750 287 840 310 autem
855 282 956 310 exierit
974 282 1008 311 de
1018 282 1107 316 fovea,

316 330 415 365 laqueo
439 330 562 365 capietur
587 339 593 357 :
613 329 676 364 quia
700 329 828 358 fenestras
852 329 886 357 de
913 328 984 357 celo
1007 333 1108 364 apertae

315 382 390 409 sunt,
405 382 433 404 et
448 377 639 405 concutientur
654 375 831 404 fundamenta
855 380 945 404 terras.
972 386 982 403 ι
1003 377 1049 405 Dei
1065 377 1107 405 in-

315 425 496 459 spectionem,
522 428 549 450 et
563 422 624 457 ejus
638 423 767 450 virtutem
790 421 957 455 subindicat,
977 430 1030 458 qua
1047 430 1107 450 om-

315 470 394 499 nibus
409 470 547 506 providet,
562 474 590 497 et
605 469 697 497 omnia
711 468 866 504 speculatur
885 469 962 504 quasi
979 476 1012 497 ex
1031 469 1107 497 fene-

313 517 379 546 stris
391 517 451 545 cmli
467 517 595 544 universa
613 515 772 551 respiciens.
783 516 849 549 Qua:
859 515 967 550 quidem
978 514 1106 543 fenestrae

313 569 380 593 tunc
393 564 481 592 claudi
496 563 635 596 videnlur,
649 570 711 591 cum
724 554 797 590 Deus
809 562 836 590 in
850 567 924 590 terra
948 567 1106 597 peceatores

312 611 527 643 cirtzumlustrat,
542 617 590 638 nec
601 614 691 637 tamen
710 610 784 644 ipsos
797 609 913 645 castigat
928 616 936 636 :
953 613 1018 637 tunc
1031 609 1104 637 enim

312 666 361 686 ceu
375 665 488 686 aversus
504 657 571 684 nihil
586 660 732 692 peccantes
757 655 892 690 inspicere
903 656 1023 684 videtur.
1035 655 1104 684 Cum

311 709 401 732 autem
416 708 560 739 peccantes
573 702 666 731 ulcisci
679 703 811 736 decrevit,
826 707 890 731 tunc
903 702 1028 731 fenestrae
1039 702 1103 731 coeli

311 757 411 787 aperta:
436 751 572 778 videntur.

346 839 429 868 Vens.
443 838 486 871 l9,
495 838 540 866 20.
553 847 563 865 ‹
573 838 741 866 anbatione
753 838 917 872 turbabitur,
931 844 959 867 et
969 839 1102 876 angustiis

1159 237 1332 270 ἐνοικοῦντας
1354 239 1401 264 ἐπὶ
1422 241 1472 275 τῆς
1495 241 1558 276 γῆς,
1583 241 1638 268 Καὶ
1656 242 1733 270 ἔσται
1751 243 1766 269 ὁ
1782 243 1891 278 φεύγων
1905 245 1947 271 τὸν

1155 284 1251 319 φόϐον,
1265 286 1424 320 ἐμπεσεῖται
1437 287 1478 318 είς
1489 287 1535 313 τὸν
1546 286 1672 322 βόθυνον
1688 289 1703 315 δ
1718 288 1746 315 δὲ
1765 289 1899 316 ἐκϐαίνων
1916 291 1945 317 ἐκ

1157 329 1205 355 τοῦ
1225 329 1335 364 βοθύνου
1347 330 1480 358 ἁλώσεται
1492 332 1544 359 ὑπὸ
1552 334 1602 368 τῆς
1615 334 1736 368 παγίδος·
1751 335 1792 361 ὃτι
1805 334 1909 371 θυρίδες
1919 337 1948 362 ἐκ

1156 375 1204 403 τοῦ
1217 377 1332 413 οὺρανοῦ
1346 377 1532 413 ἀνεῴχθησαν,
1546 379 1594 406 καὶ
1607 379 1780 416 σεισθήσεται
1791 380 1826 408 τὰ
1837 381 1946 417 θεμέλια

1156 424 1206 459 τῆς
1212 425 1274 460 γῆς.
1287 433 1297 449 ι
1306 423 1364 458 Τὴν
1379 424 1583 461 ὲπισκοπὴντοῦ
1594 425 1672 460 Θεοῦ,
1683 427 1730 454 καὶ
1742 427 1791 462 τὴν
1798 427 1944 463 immtth

1156 471 1203 497 καὶ
1210 471 1260 507 τήν
1267 470 1436 508 θεωρητικὴν
1445 472 1527 499 αὑτοῦ
1535 472 1588 500 τῶν
1596 472 1663 500 ὅλων
1671 473 1784 510 δύναμιν
1798 474 1946 510 αἰνιττόμε-

1155 527 1210 551 νος,
1223 518 1363 554 ἐφορῶσαν
1371 519 1405 546 τὰ
1413 519 1513 552 πάντα,
1520 519 1614 556 ὥσπερ
1625 519 1668 547 διὰ
1680 519 1794 556 θυρίδων
1803 520 1850 547 τοῦ
1860 521 1945 557 οὐρα-

1156 564 1213 598 νοῦ,
1225 565 1255 592 αἶ
1271 565 1379 593 δοκοῦσι
1397 566 1446 601 μὲν
1463 565 1629 599 κεκλεῖσθαι,
1647 566 1758 593 ἐπειδὰν
1771 567 1834 599 τοὺς
1849 568 1943 603 ἁμαρ-

1156 612 1288 645 τάνοντας
1307 613 1354 639 ἐπὶ
1371 614 1423 648 γῆς
1442 612 1618 648 περιέρχεται
1639 613 1654 639 ὁ
1670 613 1747 646 Θεὸς,
1771 613 1810 649 μὴ
1831 613 1942 646 ἐπεξιὼν

1153 660 1212 690 τοῖς
1232 658 1438 695 πλημμελοῦσι·
1463 659 1524 686 τότε
1547 659 1600 695 γὰρ
1628 659 1723 696 ὥσπερ
1746 659 1942 696 ἀποστραφεὶς,

1153 705 1208 732 οὐδ’
1222 705 1321 742 δρῶντι
1338 706 1401 738 τοὺς
1419 705 1626 742 ἁμαρτᾴνοντας
1649 705 1746 734 ἔοικεν.
1776 706 1901 733 Ἐπειδὰν
1915 706 1942 734 δὲ

1154 751 1236 788 κρίνῃ
1256 751 1411 784 ἐπεξελθεῖν
1425 753 1482 784 τοῖς
1500 751 1706 788 ἡμαρτηκόσιν,
1728 751 1824 787 ὥσπερ
1844 752 1942 781 ἀναπε-

1153 797 1297 824 τάννυνται
1309 796 1356 824 τοῦ
1370 796 1486 832 οὐρανοῦ
1500 798 1529 823 αί
1542 796 1650 832 Θυρίδες

1190 853 1200 869 t
1216 843 1328 879 Ταραχῇ
1343 842 1545 879 ταραχθήσεται
1563 844 1580 878 ἡ
1599 844 1646 879 γῆ,
1666 842 1714 870 καὶ
1724 842 1827 878 ἀπορία
1837 843 1940 879 ἀπορη-

309 885 512 921 angustiabitur
527 890 600 913 terra
616 892 624 912 :
645 884 787 912 inclinavit
811 890 839 913 et
861 885 1015 913 movebitur
1028 886 1092 914 sicui

1151 877 1265 925 θήσεται
1380 877 1475 916 ’ἔκλινε
1495 890 1542 916 καὶ
1559 877 1730 925 σεισθήσεται

309 933 446 968 tugurium
460 937 543 965 terra,
558 932 629 959 sicut
650 932 744 960 ebrius
759 936 788 960 et
815 932 984 968 crapulatus.
1007 942 1021 970 »ι
1036 932 1100 962 Haec

309 985 390 1013 porro
416 979 508 1006 omnia
534 977 653 1013 patietur
673 982 764 1012 terra;
791 978 831 1007 sic
850 979 954 1008 vocatis
972 979 1025 1008 illis
1041 979 1100 1016 ejus

306 1025 370 1053 olim
388 1024 600 1058 habitatoribus,
622 1031 690 1059 quos
707 1024 765 1053 haec
781 1033 958 1061 perpessuros
974 1027 1033 1060 ait;
1060 1027 1098 1055 ita

305 1077 337 1100 ut
353 1080 385 1100 ex
412 1072 546 1100 malorum
564 1071 589 1099 vi
605 1075 633 1099 et
647 1071 793 1107 gravitate,
817 1072 902 1100 ebriis
914 1077 942 1100 et
950 1072 1098 1108 crapulatis

305 1119 408 1148 similes
424 1119 489 1148 sint.
510 1128 520 1145 ι
536 1118 569 1146 Ει
593 1119 685 1151 cadet,
702 1122 730 1146 et
745 1125 799 1146 non
814 1119 914 1154 poterit
930 1126 1075 1156 resurgere
1089 1127 1095 1146 :

305 1173 367 1193 nam
383 1165 525 1202 prawaluit
538 1165 567 1193 in
579 1172 612 1192 ea
629 1164 769 1200 iniquitas.
786 1174 796 1191 ι

339 1270 424 1299 Vsus.
443 1269 489 1297 Ἃ.
508 1279 517 1296 ι
536 1268 571 1297 Ει
597 1269 650 1297 erit
669 1269 697 1296 in
712 1268 757 1296 die
775 1268 833 1302 illa,
853 1269 964 1297 inducet
984 1269 1055 1297 Deus
1067 1269 1095 1297 in

303 1321 431 1344 ornatum
445 1315 506 1344 coeli
518 1323 639 1343 manum.
656 1324 666 1342 ι
683 1315 823 1350 Siquidem
834 1315 919 1344 semel
934 1317 960 1344 in
976 1316 1030 1344 ﬁne
1044 1317 1096 1344 hu-

302 1371 390 1392 manae
405 1364 465 1392 vitae
476 1363 552 1398 lapsa
565 1367 647 1396 terra,
661 1363 720 1390 sive
734 1369 817 1390 carne
830 1363 951 1390 terrestri
966 1367 994 1390 et
1005 1363 1094 1390 anima

302 1411 425 1446 corporis
440 1414 566 1443 amante;
593 1413 649 1437 tum
664 1409 693 1442 ii,
720 1407 768 1444 qui
781 1407 847 1436 olim
869 1413 972 1437 terram
990 1409 1093 1436 incole-

302 1458 386 1491 bant,
416 1457 644 1485 resurrectionem
683 1461 779 1492 postea
820 1460 1034 1491 consequentur,
1064 1459 1094 1483 ut

301 1505 434 1532 sistantur
449 1503 578 1532 tribunali
598 1503 712 1536 Christi,
730 1507 757 1531 et
781 1502 970 1537 unusquisque
991 1501 1093 1530 referat

1150 935 1244 962 λάκιον
1263 936 1280 971 ἠ
1302 937 1349 971 γῆ,
1366 936 1404 967 ὡς
1423 936 1438 962 δ
1454 935 1561 971 μεθύων
1589 935 1636 962 καὶ
1657 935 1826 971 κραιπαλῶν.
1850 945 1861 962 ι
1886 935 1939 963 Καὶ

1150 981 1236 1009 ταῦτα
1253 981 1344 1008 πάντα
1359 981 1483 1008 πείσεται
1498 981 1515 1016 ὴ
1531 981 1577 1016 γῆ,
1595 980 1650 1007 τῶν
1670 988 1735 1007 ποτε
1758 979 1938 1016 κατοικησάν-

1148 1037 1203 1055 των
1226 1027 1312 1064 αὺτὴν
1327 1027 1399 1055 οὕτω
1420 1028 1453 1064 δὴ
1475 1028 1650 1064 καλουμένων
1663 1035 1671 1043 ·
1688 1026 1799 1054 τοιαῦτα
1820 1027 1850 1054 δέ
1874 1035 1938 1064 φησι

1150 1073 1290 1101 πείσεσθαι
1302 1074 1411 1107 αὐτοὺς,
1424 1074 1461 1106 ὡς
1472 1074 1588 1101 ἐοικέναι
1604 1073 1733 1110 μεθύουσι
1751 1073 1799 1101 καὶ
1820 1081 1938 1109 κραιπα-

1148 1119 1230 1148 λῶσιν
1241 1121 1274 1148 ἐκ
1290 1121 1340 1156 τῆς
1355 1119 1409 1147 τῶν
1425 1119 1518 1148 κακῶν
1533 1120 1696 1156 ὑπερϐολῆς.
1713 1129 1723 1146 ι
1735 1119 1791 1147 Καὶ
1806 1121 1936 1152 πεσεῖται,

1148 1167 1196 1194 καὶ
1214 1167 1245 1194 οὐ
1267 1166 1304 1203 μὴ
1323 1166 1435 1202 δύνηται
1455 1167 1615 1202 ἀναστῆναι·
1641 1166 1789 1202 κατίσχυσε
1814 1166 1870 1202 γὰρ
1894 1165 1936 1194 ἐπ’

1149 1215 1232 1250 αὐτῆς
1245 1215 1262 1250 ή
1280 1214 1389 1250 ἀνομία.
1409 1223 1419 1240 ι
1700 1228 1703 1231 ~

1185 1281 1195 1298 ι
1217 1271 1272 1298 Καὶ
1285 1271 1361 1299 ἔσται
1379 1273 1409 1299 ἐν
1425 1273 1458 1308 τῇ
1481 1271 1573 1309 ἡμέρα
1595 1271 1698 1308 ἐκείνῃ,
1720 1270 1816 1304 ἐπάξει
1836 1272 1851 1299 ό
1870 1271 1936 1305 θεὸς

1146 1318 1193 1345 ἐπὶ
1202 1317 1247 1345 τὸν
1256 1317 1357 1354 κόσμον
1372 1318 1419 1345 τοῦ
1437 1318 1553 1354 οὐρανοῦ
1570 1318 1620 1354 τὴν
1642 1319 1730 1354 χεῖρα.
1750 1327 1760 1344 ι
1778 1318 1870 1351 ’Δπαξ
1886 1318 1935 1354 μὲν

1145 1366 1200 1402 γὰρ
1213 1365 1333 1393 πεσοῦσα
1349 1365 1419 1392 κατὰ
1433 1365 1482 1401 τὴν
1504 1365 1552 1392 τοῦ
1574 1365 1671 1401 θνητοῦ
1695 1365 1753 1401 βίου
1771 1365 1900 1401 τελευτὴν
1915 1365 1933 1402 ἡ

1145 1414 1192 1448 γῆ,
1215 1412 1274 1449 ἦτοι
1300 1411 1369 1448 σὰρξ
1394 1411 1497 1448 γεώδης
1520 1412 1568 1438 κα¹ι
1590 1411 1777 1447 φιλοσώματος
1798 1411 1888 1447 ψυχὴ,
1908 1413 1934 1440 οἱ

1145 1459 1228 1486 πάλαι
1241 1459 1290 1495 τὴν
1303 1460 1355 1495 γῆν
1372 1459 1532 1495 οἰκήσαντες
1553 1459 1603 1493 τῆς
1622 1457 1738 1493 καθεξῆς
1757 1458 1931 1490 ἀναστάσεως

1144 1507 1282 1541 τεύξονται
1295 1507 1336 1538 είς
1350 1506 1381 1533 τὸ
1397 1506 1566 1542 παραστῆναι
1581 1504 1620 1540 τῷ
1631 1505 1733 1540 βήματι
1742 1504 1789 1531 τοῦ
1802 1505 1932 1541 Χριστοῦ,

301 1551 451 1579 secundum
469 1557 501 1579 ea
517 1557 579 1586 quae
591 1557 707 1585 corpore
722 1549 900 1585 perpetravit,
918 1550 976 1576 sive
992 1548 1091 1576 bonum

1143 1553 1191 1580 καὶ
1206 1552 1370 1588 κομίσασθαι
1385 1551 1499 1578 ἕκαστον
1514 1550 1549 1577 τὰ
1561 1550 1605 1577 διὰ
1619 1549 1666 1577 τοῦ
1686 1549 1810 1585 σώματος
1825 1550 1894 1585 πρὸς
1914 1550 1933 1578 ἃ,

301 1599 360 1626 sive
386 1598 499 1626 malum.
515 1598 581 1625 Cum
600 1601 691 1624 autem
724 1596 780 1624 lato
797 1595 901 1631 judicio
918 1602 933 1622 a
949 1595 1019 1623 bona
1044 1602 1093 1629 spe

299 1643 465 1677 exciderint,
481 1647 509 1671 et.
536 1642 677 1678 suppliciis
696 1641 761 1669 olim
789 1641 978 1677 pratnuntiatis
998 1641 1091 1669 traditi

298 1691 420 1725 fuerint;
442 1695 506 1718 tunc
519 1697 535 1718 a
555 1689 611 1717 Deo
625 1688 705 1724 lapsi,
733 1695 786 1716 non
800 1688 871 1715 ultra
886 1694 1028 1723 resurgere
1044 1694 1092 1722 po-

299 1742 401 1766 terunt.
416 1737 500 1771 Queis
518 1735 637 1764 universi
650 1733 915 1762 consummationem
931 1733 1090 1765 declaravit,

298 1793 352 1821 qua
373 1784 471 1812 ccelum
485 1788 514 1812 et
528 1789 601 1811 terra
614 1781 781 1809 transibunt.
798 1780 932 1809 Ornatum
948 1786 1014 1808 vero
1027 1779 1090 1808 cteli

297 1833 367 1862 solet
379 1831 485 1867 Moyses
500 1829 634 1865 appellare
648 1827 743 1861 solem,
753 1827 844 1854 lunam
860 1831 888 1853 et
902 1825 1008 1853 stellas.
1023 1833 1032 1851 ι
1045 1825 1090 1852 Ιη-

297 1880 377 1907 ducet
391 1879 463 1907 Dens
482 1877 509 1905 in
521 1880 648 1905 ornatum
664 1873 727 1902 ορειί
741 1880 871 1907 manum;
891 1881 901 1898 ι
918 1879 1016 1907 nempe
1029 1878 1088 1899 me—

297 1931 404 1954 morato
418 1924 512 1961 iudicii
531 1923 579 1952 Dei
592 1927 729 1958 tempore.

334 2080 415 2110 Vens.
431 2081 478 2109 22.
493 2091 502 2108 ι
523 2083 556 2109 Et
572 2082 600 2109 in
625 2088 702 2117 reges
717 2085 808 2113 terrae,
834 2084 862 2108 et
883 2079 1088 2115 congregabunt

294 2127 532 2163 congregationem
554 2127 612 2162 ejus
634 2127 660 2154 in
682 2133 832 2159 carcerem,
845 2130 873 2153 et
893 2124 1038 2153 occludent
1060 2125 1087 2151 in

297 2173 489 2206 munitionem;
512 2181 560 2208 per
574 2173 673 2200 multas
695 2172 885 2208 generationes
896 2170 1017 2198 visitatio
1032 2170 1086 2197 erit

293 2229 399 2249 eorum.
412 2220 542 2248 iVidetur
548 2220 612 2248 mihi
623 2227 670 2255 per
679 2227 756 2255 reges
767 2216 1086 2253 terrae,principeshujus

294 2268 387 2297 saeculi
401 2267 576 2304 signiﬁcare;
602 2266 642 2294 sic
656 2266 728 2294 enim
743 2264 848 2292 Danieli
862 2263 1018 2292 declarabat
1031 2261 1086 2290 Ga-

293 2314 375 2348 briel,
397 2314 460 2342 dum
478 2312 587 2341 oracula
617 2312 667 2348 ipsi
689 2311 784 2339 ederet
809 2310 852 2338 his
883 2309 998 2337 verbis:
1018 2318 1027 2335 ι
1051 2308 1085 2335 Ει

293 2361 367 2389 venit
379 2361 406 2388 in
420 2367 565 2389 occursum
582 2366 671 2386 meum
682 2358 808 2393 princeps
819 2356 895 2391 regni
908 2355 1057 2383 Medorum.
1071 2364 1081 2381 ι

292 2408 439 2443 Postquam
460 2405 610 2434 invisibiles
624 2403 778 2438 huiusmodi
802 2403 923 2438 gentiutn
943 2409 1020 2435 reges
1037 2401 1081 2428 hic

294 2454 465 2485 memoravit,
476 2453 549 2488 ipsos
563 2459 643 2478 manu
657 2450 705 2478 Dei
715 2449 922 2485 congregandos
933 2447 983 2480 ait,
1000 2452 1082 2481 atque

292 2502 320 2530 in
338 2507 475 2529 carcerem
494 2497 690 2534 conﬁciendos.
708 2500 734 2523 et
749 2494 931 2523 occludendos
949 2493 977 2520 in
991 2491 1081 2520 muni-

292 2549 377 2575 tione.
392 2546 460 2574 Nam
475 2553 538 2573 cum
555 2544 674 2572 futurum
694 2547 768 2570 esset
781 2546 812 2569 ut
826 2547 939 2576 regnum
955 2539 1002 2567 Dei
1017 2544 1081 2566 tunc

292 2593 422 2629 temporis
442 2592 639 2628 resplenderet,
654 2597 687 2618 ac
708 2596 809 2616 novum
825 2587 963 2619 saeculum,
977 2585 1081 2621 princi-

291 2647 382 2676 patus,
401 2644 551 2675 potestates
571 2642 599 2665 et.
625 2641 747 2664 rectores
773 2634 866 2662 mundi
895 2633 1079 2664 tenebrarum,

291 2695 323 2714 ac
349 2686 502 2720 spiritualia
521 2683 651 2719 nequitiae
667 2685 820 2717 superaret,
840 2686 1010 2714 consequens
1021 2682 1081 2706 erat

291 2737 320 2759 ut
334 2733 352 2759 ii
370 2731 397 2759 in
414 2731 501 2758 lacum
518 2737 598 2766 quem
616 2727 962 2762 foderantconjicerentur.
978 2724 1079 2751 Lacum

290 2779 361 2805 enini
377 2778 477 2813 impius
498 2777 587 2804 omnis
602 2775 708 2811 aperuit
726 2779 753 2802 et
764 2773 857 2802 ell'odit
874 2780 949 2804 eum,
962 2776 989 2799 et
999 2771 1079 2798 cadet

291 2824 317 2851 in
330 2823 436 2850 foveam
448 2830 529 2857 quam
544 2822 619 2850 fecit.

1143 1599 1270 1635 ἔπραξεν,
1283 1599 1337 1626 εἴτε
1351 1597 1464 1632 ἀγαθὸν,
1474 1598 1528 1624 εἴτε
1543 1596 1637 1624 κακόν·
1655 1596 1764 1623 ἐπειδὰν
1783 1596 1812 1623 δὲ
1827 1596 1934 1632 κριθέν-

1142 1654 1188 1678 τες
1199 1646 1338 1672 ἐκπὲσωσι
1361 1645 1412 1680 τῆς
1427 1643 1533 1680 ἀγαθῆς
1548 1642 1665 1675 ἐλπίδος,
1683 1643 1730 1670 καὶ
1742 1644 1802 1674 ταῖς
1816 1642 1932 1678 ἠπειλη-

1143 1693 1238 1728 μέναις
1251 1691 1378 1718 κολάσεσι
1394 1690 1576 1726 παραδοθῶσι,
1591 1689 1621 1716 τὸ
1635 1688 1785 1725 τηνικαῦτα
1798 1689 1846 1716 τοῦ
1863 1689 1931 1716 Θεοῦ

1141 1737 1313 1769 ἐκπεσόντες,
1334 1736 1427 1763 οὐκέτι
1452 1736 1601 1772 ἀναστῆναι
1623 1736 1791 1771 δυνήσονται.
1825 1736 1870 1762 Ἐν
1891 1733 1933 1768 οἷς

1139 1783 1189 1820 τὴν
1203 1783 1356 1810 συντέλειαν
1370 1782 1488 1818 ἐδήλωσε
1509 1781 1556 1808 τοῦ
1572 1782 1682 1814 παντὸς,
1700 1782 1729 1808 ὲν
1744 1778 1760 1818 ᾖ
1781 1781 1796 1808 ὁ
1817 1781 1932 1817 οὐρανὸς

1140 1831 1188 1858 καὶ
1207 1831 1225 1866 ή
1248 1831 1284 1866 γῆ
1301 1828 1523 1866 παρελεύσονται.
1544 1828 1654 1864 Κόσμον
1670 1827 1699 1854 δὲ
1718 1827 1831 1864 οὐρανοῦ
1850 1827 1932 1854 εἴωθε

1139 1877 1228 1909 λέγειν
1243 1876 1257 1902 ὁ
1275 1876 1396 1911 Μωῦσῆς
1409 1876 1454 1902 τὸν
1470 1875 1545 1911 ήλιον
1557 1875 1604 1902 καὶ
1621 1874 1671 1910 τὴν
1685 1874 1797 1910 σελήνην
1808 1875 1932 1906 καὶτοὺς

1137 1923 1265 1959 ἀστέρας.
1281 1933 1291 1948 ι
1302 1922 1412 1956 Ἐπάξει
1427 1922 1441 1948 ὁ
1457 1921 1523 1953 Θεὸς
1536 1921 1583 1947 ἐπὶ
1598 1921 1643 1947 τὸν
1658 1921 1759 1956 κόσμον
1783 1920 1831 1948 τοῦ
1846 1921 1930 1957 οὐρα-

1138 1970 1184 1998 νοῦ
1200 1971 1250 2007 τὴν
1266 1971 1360 2007 χεῖρα·
1379 1979 1390 1995 ι
1408 1969 1480 2003 λέγω
1499 1969 1528 1995 δέ
1544 1968 1614 1996 κατᾶ
1631 1967 1677 1995 τὸν
1697 1967 1862 2003 δηλούμενον
1878 1968 1931 2003 τῆς

1138 2017 1185 2044 τοῦ
1202 2016 1269 2043 Θεοῦ
1286 2016 1404 2051 κρίσεως
1417 2015 1524 2051 καιρόν.

1175 2083 1185 2100 ι
1202 2074 1257 2101 Καὶ
1275 2074 1322 2100 ἐπὶ
1340 2073 1403 2104 τοὺς
1426 2071 1545 2107 βασιλεῖς
1561 2072 1611 2106 τῆς
1632 2072 1692 2106 γῆς,
1717 2069 1765 2096 καὶ
1784 2068 1931 2103 συνάξουσι

1138 2121 1299 2156 συναγωγὴν
1313 2120 1398 2155 αὐτῆς
1409 2120 1450 2150 είς
1466 2118 1666 2154 δεσμωτήριον,
1688 2117 1736 2144 καὶ
1751 2117 1931 2144 ἀποκλείσου-

1138 2176 1179 2194 σιν
1194 2168 1234 2198 είς
1247 2166 1393 2202 ὀχύρωμα·
1408 2165 1451 2192 διὰ
1466 2164 1571 2191 πολλῶν
1585 2163 1685 2199 γενεῶν
1700 2164 1837 2199 ἐπισκοπὴ
1851 2163 1931 2190 ἔσται

1136 2213 1235 2241 αὐτῶν.
1256 2222 1265 2239 ι
1283 2213 1361 2239 Δοκεῖ
1377 2220 1422 2247 μοι
1434 2212 1498 2242 τοὺς
1509 2211 1640 2246 ἄρχοντας
1650 2209 1696 2237 τοῦ
1715 2209 1813 2241 αἰῶνος
1830 2209 1931 2235 τούτου

1100 2247 1123 2274 Ῑ)
1138 2258 1280 2295 σημαίνειν
1291 2258 1335 2285 διὰ
1348 2257 1401 2284 τῶν
1417 2257 1547 2292 βασιλέων
1561 2257 1610 2292 τῆς
1624 2257 1690 2292 ῆς·
1707 2254 1779 2282 οὕτω
1797 2254 1863 2290 γοῦν
1880 2254 1931 2281 καὶ

1136 2305 1175 2341 τῷ
1187 2304 1286 2340 Δανιὴλ
1295 2305 1309 2331 ὁ
1320 2303 1496 2340 χρηματίζων
1508 2301 1582 2338 αὐτῷ
1592 2301 1711 2338 Γαϐριὴλ
1721 2301 1816 2337 ἐδήλου
1827 2300 1928 2335 λέγων·

1139 2362 1148 2378 ι
1170 2352 1224 2378 Καὶ
1236 2351 1347 2387 ἐξῆλθεν
1363 2351 1404 2382 εἰς
1419 2349 1580 2384 συνάντησίν
1603 2357 1653 2384 μου
1677 2348 1767 2384 ἄρχων
1788 2347 1932 2383 βασιλείας

1135 2398 1244 2434 Μήδων.
1265 2407 1274 2423 ι
1292 2397 1362 2429 Τοὺς
1375 2395 1513 2427 τοιούτους
1528 2395 1661 2430 ὰοράτους
1677 2393 1734 2420 τῶν
1746 2392 1832 2420 ἐθνῶν
1850 2393 1932 2428 βασι-

1134 2444 1189 2476 λεῖς
1204 2443 1320 2471 ἐνταῦθα
1338 2441 1477 2479 προειπὼν
1496 2443 1510 2468 ὁ
1525 2441 1614 2475 λόγος,
1638 2439 1852 2475 συναχθήσεσθαι
1875 2439 1932 2466 αὑ-

1135 2490 1197 2522 τούς
1213 2498 1294 2526 φησιν
1310 2489 1363 2516 ὑπὸ
1375 2490 1424 2524 τῆς
1439 2487 1529 2523 χειρὸς
1547 2486 1594 2513 τοῦ
1613 2486 1694 2518 Θεοῦ,
1714 2487 1760 2513 καὶ
1784 2486 1931 2522 ἐμϐληθή-

1136 2536 1229 2563 σεσθαι
1250 2537 1290 2567 εἰς
1314 2534 1499 2570 δεσμωτήριον
1524 2534 1571 2560 καὶ
1597 2531 1861 2568 ἀποκλεισθήσεσθαι
1886 2533 1932 2564 εἰς

1134 2583 1275 2619 ὀχύρωμα.
1299 2581 1455 2608 Ἀκόλουθόν
1473 2590 1518 2616 μοι
1537 2581 1592 2617 γὰρ
1602 2578 1636 2616 ἦν
1651 2581 1701 2615 τῆς
1721 2579 1859 2615 βασιλείας
1877 2578 1931 2606 τοῦ

1131 2630 1199 2657 Θεοῦ
1215 2628 1364 2664 μελλούσης
1378 2627 1438 2654 τότε
1454 2627 1626 2662 διαλάμπειν,
1644 2626 1690 2652 τοῦ
1704 2634 1734 2652 τε
1748 2625 1810 2652 νὲου
1827 2624 1933 2656 αἰῶνος

1131 2677 1289 2712 ἐπικρατεῖν
1313 2675 1363 2706 τὰς
1385 2673 1472 2710 ἀρχὰς
1495 2674 1543 2700 καὶ
1567 2673 1615 2704 τὰς
1640 2672 1765 2705 ἐξουσίας
1790 2671 1838 2698 κα¹ι
1861 2671 1932 2702 τοὺς

1131 2722 1355 2758 κοσμοκράτορας
1371 2719 1418 2746 τοῦ
1441 2720 1554 2752 σκότους
1569 2719 1676 2751 τούτου,
1691 2717 1784 2745 καὶτὰ
1800 2725 1934 2751 πνευμα-

1130 2768 1194 2795 τικὰ
1209 2769 1258 2804 τῆς
1279 2767 1420 2803 πονηρίας,
1443 2767 1483 2799 είς
1498 2767 1544 2793 τὸν
1566 2766 1738 2802 προσήκοντα
1755 2763 1852 2794 αὐτοὺς
1871 2770 1930 2788 κα-

1129 2815 1297 2851 ταϐληθῆναι
1313 2814 1423 2847 λάκκον,
1435 2813 1465 2840 ὃν
1474 2813 1551 2840 αὐτοὶ
1564 2813 1669 2844 ἑαυτοῖς
1680 2810 1796 2848 ὤρυξαν.
1811 2809 1930 2837 Δάκκον

289 2874 343 2910 γὰρ
359 2872 414 2904 πᾶς
438 2871 538 2907 ἀσεϐὴς
554 2871 641 2906 ὤρυξε
669 2871 717 2897 καὶ
739 2868 891 2904 ἀνέσκαψεν
916 2868 1006 2900 αὑτὸν,
1032 2867 1080 2894 καὶ
1099 2865 1257 2900 ἐμπεσεῖται
1272 2863 1311 2894 εἰς
1326 2862 1420 2898 βόθρον
1438 2861 1468 2889 ὃν
1482 2860 1636 2898 εἰργάσατο.
