2044 3215
242 200 293 227 267
302 211 311 218 π

578 197 714 226 EUSEBH
733 196 971 226 CESARIENSIS
989 195 1065 225 OPP.
1086 196 1174 224 PARS
1194 196 1237 225 Ill.
1258 212 1292 218 ——
1311 196 1519 225 EXEGETICA.

1825 197 1880 225 9.63

242 264 271 288 et
284 261 468 294 legumentum
487 264 549 284 eras
565 263 574 283 ξ
591 257 648 284 imo
660 256 743 284 etiam
765 255 818 282 illis
836 259 900 282 tunc
917 254 1036 282 sitienti-

1092 254 1154 281 Ξιλλὰ
1170 254 1218 281 καὶ
1240 253 1380 289 διψώντων
1399 255 1459 281 κατ’
1476 255 1564 280 ἐκεῖνο
1579 254 1675 289 καιροῦ
1686 274 1693 286 ,
1722 255 1760 287 ὡς
1777 254 1879 290 λέγειν,

243 307 305 338 bus,
327 313 359 333 ac
384 304 546 335 dicentibus,
571 313 580 329 ι
598 303 690 330 Sitivit
713 302 802 329 anima
824 309 883 328 mea
902 302 935 328 ad
950 301 1035 328 Deum

245 349 341 376 fortem
365 353 393 375 et
409 347 557 379 viventem,
573 357 582 372 ι
611 351 638 373 tu
657 347 719 373 item
744 345 805 373 fons
826 353 903 378 eras,
922 346 967 381 qui
989 353 1036 373 eos

245 395 335 422 sancti
350 394 468 429 Spiritus
492 393 568 420 alveo
596 392 777 427 refrigerabas
805 396 887 427 atque
910 393 1035 428 putabas,

244 449 276 469 ac
290 449 337 469 eos
350 436 441 468 animo
455 439 610 467 deﬁcientes
626 439 782 470 recreabas,
795 439 924 474 ipsosque
936 439 1036 466 virtute

244 486 377 520 unigeniti
396 485 476 514 Verbi
504 486 540 512 tui
563 485 750 512 confortabas.
775 484 814 512 Ne
844 492 909 512 vero
923 485 980 513 lucc
1003 486 1036 512 de

245 540 274 560 se
298 533 370 560 dicta
397 533 480 560 fuisse
504 532 708 567 suspicarentur
735 531 841 563 Judmi,
868 531 980 559 effusam
1009 532 1036 559 in

245 585 342 605 omnes
368 583 464 611 gentes
488 577 589 604 Christi
618 577 735 612 gratiam
763 577 916 604 necessario
944 577 1037 605 adiicit

244 625 288 653 his
304 625 394 652 verbis
409 634 416 652 :

282 714 365 743 Vsus.
382 714 408 741 6.
431 715 490 742 ιΕι
511 714 593 741 faciet
614 714 745 742 Dominus
768 713 888 741 Sabaoth
911 714 1037 741 omnibus

244 762 372 796 gentibus
388 762 414 788 in
433 764 525 788 monte
543 761 603 788 hoc.
621 771 630 787 ι
651 761 721 794 Quid
736 768 802 788 vero
818 760 919 788 faciet?
936 754 1039 788 Secun-

245 808 308 835 dum
331 808 448 842 reliquos
471 807 579 842 quidem
596 807 769 841 interpretes,
788 815 797 833 ι
818 812 943 842 polum,»
968 807 1037 834 dici—

246 859 308 888 tur;
334 854 482 882 secundutu
503 858 592 881 autem
606 853 690 885 LXX,
711 863 720 879 ι
732 853 840 886 Bibent,
858 854 955 888 inquit,
970 853 1039 881 ιωιί-

245 901 325 932 tiam,
346 900 439 927 bibent
455 899 559 926 vinum.
573 908 582 925 ι
606 898 765 926 Convivium
781 906 846 934 ergo
861 907 913 925 non
933 898 1037 931 lsraeli,

1089 311 1098 326 ι
1124 300 1266 336 Ἐδίψησεν
1280 301 1297 335 ή
1312 300 1384 336 ψυχή
1403 309 1453 336 μου
1473 300 1542 335 πρὸς
1556 300 1602 327 τὸν
1624 301 1690 327 Θεὺν
1705 301 1751 328 τὸν
1771 302 1880 338 ἰσχυρὸν

1087 348 1134 373 καὶ
1148 346 1247 378 ζῶντα,
1268 356 1277 371 ι
1298 346 1330 373 σὺ
1348 346 1428 373 πάλιν
1442 344 1515 382 ἦσθα
1525 346 1611 382 πηγὴ,
1636 347 1767 382 δροσίζων
1781 347 1880 379 αὐτοὺς

1087 393 1134 419 καὶ
1145 391 1262 424 ποτίζων
1277 393 1311 427 τῇ
1324 391 1371 418 τοῦ
1384 392 1463 426 ἁγίου
1478 391 1636 426 Πνεύματος
1646 393 1773 429 ἐπιρροῇ,
1786 393 1835 419 καὶ
1848 394 1881 419 σὺ

1086 438 1136 474 τῆς
1153 438 1327 474 όλιγοψυχίας
1349 438 1447 470 αὐτοὺς
1476 438 1600 471 άνεκτῶ,
1625 439 1757 474 ἐνισχύων
1782 440 1881 470 αὐτοὺς

1086 487 1120 521 τῇ
1137 485 1249 520 δυνάμει
1272 484 1320 511 τοῦ
1345 485 1506 520 μονογενοῦς
1532 494 1579 511 σου
1597 485 1696 519 Λόγου.
1715 486 1774 512 Ἵνα
1796 486 1825 512 δὲ
1844 485 1882 521 μὲ

1088 532 1152 567 περὶ
1167 531 1256 558 αὐτῶν
1282 530 1368 557 ταῦτα
1385 530 1513 565 λέγεσθαι
1540 530 1712 558 ὐπολάΰωσιν
1744 531 1882 558 Ἰουδαίων

1088 578 1192 609 παῖδες,
1219 577 1375 612 ἀναγκαίως
1387 577 1437 613 τὴν
1456 578 1497 609 εἰς
1512 577 1601 604 πάντα
1623 577 1656 604 τὰ
1672 577 1736 612 ἔθνη
1753 577 1882 613 χυῦεϊσαν

1087 623 1134 650 τοῦ
1145 622 1263 658 Χριστοῦ
1279 624 1359 658 χάριν
1375 622 1502 658 ὲπιφέρει
1517 622 1605 657 λέγων
1616 631 1622 638 ·

1126 723 1135 739 ‹
1155 713 1210 740 Καὶ
1228 713 1336 749 ποιήσει
1350 714 1364 740 ό
1378 713 1482 749 Κύριος
1499 712 1612 739 Σαϐαὼο
1633 714 1699 740 πᾶσι
1719 714 1775 745 τοῖς
1793 713 1883 740 ἔθνεσι

1088 759 1134 785 ἐπὶ
1148 759 1178 786 τὸ
1191 759 1254 795 typo;
1264 759 1353 786 τοῦτο.
1374 769 1384 785 ι
1411 760 1444 786 Τί
1466 759 1495 786 δὲ
1515 760 1641 795 nomen;
1664 759 1734 785 κατὰ
1757 759 1806 794 μὲν
1819 759 1883 791 τοὺς

1088 805 1197 838 λοιποὺς
1209 806 1390 842 ἐρμηνευτὰς,
1419 815 1427 831 ι
1447 806 1539 838 πότον,
1556 815 1566 832 ›
1589 805 1653 841 ἑξῆς
1669 805 1776 841 εἴρηται
1787 814 1793 820 ·
1813 805 1884 832 κατὰ

1088 851 1116 878 δὲ
1136 852 1199 883 τοὺς
1218 851 1429 887 Ἐΰδομήκοντα,
1449 861 1458 877 ‹
1477 852 1599 885 Πίονται,
1618 861 1627 876 ι
1646 851 1743 886 φησὶν,
1760 861 1769 877 ι
1789 852 1884 887 εὖφρο-

1091 897 1186 933 σύνην,
1203 898 1310 924 πίονται
1323 895 1404 924 οἶνον.
1425 907 1434 924 ι
1456 897 1611 933 Συμπόσιον
1624 897 1714 924 τοίνυν
1725 898 1756 924 οὺ
1772 897 1811 932 τῷ
1830 898 1885 924 Ἰσ-

248 954 339 981 neque
351 945 466 974 Judaico
483 945 590 980 populo.
617 945 663 972 sed
679 943 805 972 omnibus
814 932 945 980 _gentibus
959 952 1039 979 para-

1093 943 1173 979 ραὴλ,
1193 943 1252 969 οὐδὲ
1276 943 1315 978 τῷ
1344 943 1481 970 Ἰουδαίων
1499 932 1572 978 λαῷ,
1597 943 1664 969 πᾶσι
1683 943 1711 970 δὲ
1723 944 1780 975 τοῖς
1795 943 1885 970 ἔθνεσι

246 997 335 1020 turum
348 1000 410 1020 esse
421 991 563 1018 Dominum
574 991 746 1022 vaticinatur,
761 998 813 1017 non
827 991 852 1017 in
862 990 1039 1022 convallibus,

245 1046 297 1066 non
316 1038 342 1065 in
358 1038 482 1074 planitie,
499 1037 546 1065 sed
570 1045 657 1071 neque
675 1037 766 1064 multis
784 1038 810 1064 in
828 1038 974 1069 montibus,
993 1045 1041 1063 nc-

243 1091 297 1119 que
314 1084 340 1111 in
361 1084 415 1111 alio
434 1083 531 1118 quovis
559 1087 661 1115 monte,
676 1083 723 1110 sed
741 1083 766 1110 in
784 1083 839 1117 illo,
855 1091 935 1118 quem
953 1084 1040 1116 expli-

244 1139 310 1159 cans
324 1131 444 1164 diccbat,
463 1141 472 1156 ι
485 1131 618 1164 Quoniam
637 1129 760 1165 regnabit
778 1130 908 1157 Dominus
924 1130 949 1157 in
964 1138 1040 1157 lItOII-

244 1177 328 1210 tibus,
350 1182 377 1205 et
399 1177 425 1204 in
446 1181 592 1212 conspectu
609 1177 747 1204 seniorum
773 1183 883 1203 suorum
907 1176 1040 1212 gloriﬁca-

244 1224 328 1252 bitur.
342 1233 351 1250 ι
372 1223 440 1251 Nam
459 1224 485 1250 in
506 1228 597 1250 monte
619 1223 695 1258 regni
719 1223 771 1255 sui,
797 1222 824 1249 in
847 1230 901 1257 quo
925 1223 1039 1258 gloriam

245 1278 322 1298 suam
345 1270 499 1298 senioribus
517 1269 574 1296 suis
594 1268 739 1303 prmhehit,
761 1276 792 1296 ac
808 1269 933 1304 gentibus
947 1270 1040 1297 cauri-

243 1316 319 1342 vium
348 1315 501 1349 apparabit.
529 1313 742 1341 immortalitatis
769 1318 861 1348 potum
887 1314 952 1348 ipsis
969 1314 1040 1342 elar-

245 1361 344 1395 gietur.
365 1360 442 1388 llunc
467 1367 531 1387 vero
557 1364 676 1387 montem
699 1358 818 1392 explicat
839 1359 984 1394 Apostolus
1000 1360 1041 1387 di-

245 1415 310 1435 cens
324 1407 354 1439 ¹⁸.
376 1416 384 1432 ι
401 1406 562 1434 Accessistis
582 1405 616 1432 ad
632 1405 696 1432 Sion
714 1410 845 1438 montem,
859 1410 887 1433 et
903 1405 1040 1433 civitatem

245 1452 292 1480 Dei
316 1452 455 1484 viventis,
480 1450 631 1479 Jerusalem
661 1451 813 1483 cmicstem,
840 1455 869 1478 et
893 1451 1040 1478 multorum

245 1499 362 1527 millium
385 1498 544 1534 angelorum
567 1496 757 1532 frequentiam,
773 1501 800 1524 et
815 1497 964 1525 Ecclesiam
984 1498 1041 1532 pri-

245 1544 414 1578 mitivorum,
428 1544 473 1579 qui
489 1543 617 1578 descripti
635 1547 700 1570 sunt
716 1543 742 1570 in
756 1543 844 1572 caelis.
858 1553 868 1570 τ
885 1543 943 1572 Hoc
959 1544 1040 1579 igitur

245 1590 345 1618 inloco
359 1589 511 1622 constituti,
530 1597 584 1618 non
601 1588 696 1621 Israel,
718 1589 766 1617 sed
779 1594 912 1624 quotquot
924 1597 958 1618 ex
971 1598 1038 1625 gen-
1053 1610 1074 1639 Ο

246 1639 318 1666 tibus
332 1637 459 1665 omnibus
479 1636 709 1671 promissionibus
725 1636 829 1671 dignati
845 1641 910 1664 sunt
921 1656 929 1669 ,
945 1636 1040 1664 bibent

245 1683 382 1717 laetitiam,
398 1683 491 1711 bibent
511 1683 574 1710 item
591 1682 657 1710 illud
674 1689 707 1709 ex
724 1689 788 1709 vera
805 1682 860 1709 vile
879 1690 1038 1717 expressum

246 1731 351 1763 vinum,
372 1730 405 1757 de
429 1737 484 1765 quo
509 1729 635 1757 Salvator
657 1729 705 1760 ait.
731 1738 741 1754 ι
756 1728 814 1756 Non
837 1729 930 1764 utique
949 1729 1039 1757 bibam

246 1775 322 1808 illud,
342 1775 428 1802 donec
444 1774 534 1802 bibam
549 1773 614 1801 illud
632 1780 733 1800 novum
751 1772 892 1800 vobiscum
909 1773 937 1799 in
957 1779 1040 1807 regno

246 1822 379 1850 caelorum
394 1821 428 1848 η.
443 1830 452 1846 ι

282 1911 368 1939 Vsns.
387 1912 415 1939 7.
444 1920 455 1937 ι
471 1911 614 1946 Ungentur
641 1914 784 1946 unguento
809 1910 837 1937 in
864 1915 955 1937 monte
978 1910 1040 1937 hoc.

246 1955 336 1983 Trade
353 1956 445 1983 omnia
469 1957 527 1984 htec
542 1955 672 1990 gentibus
690 1964 698 1983 :
724 1955 869 1984 consilium
891 1955 963 1982 enim
989 1955 1042 1982 hoc

247 2010 330 2037 super
352 2009 450 2030 omnes
472 2007 575 2037 gentes.
592 2012 601 2029 ›
634 2002 734 2029 Horum
757 2009 842 2037 porro
866 2001 999 2036 imagines
1015 2006 1043 2028 et

247 2048 369 2084 syinhola
386 2049 412 2076 iu
431 2049 570 2084 mysteriis
594 2049 657 2075 novi
678 2048 844 2075 Testamenti
873 2056 921 2083 per
945 2048 1042 2083 mysti-

247 2103 309 2122 cum
325 2096 446 2122 chrisma
460 2100 488 2122 et
502 2095 647 2122 salutarem
663 2095 823 2129 sanguinem
842 2095 919 2121 nobis
931 2093 1041 2121 tradidit

247 2142 421 2177 evangelicus
435 2149 541 2172 seruio;
557 2145 586 2167 ut
604 2140 630 2167 in
651 2141 694 2168 his
710 2141 827 2175 probati,
845 2140 928 2168 etiam
948 2139 1042 2167 melio-

248 2197 309 2216 rum
340 2188 485 2223 participes
511 2188 622 2215 simus:
641 2187 741 2214 etenim
768 2187 850 2214 Israel
879 2187 922 2214 his
945 2187 1042 2221 dignus

247 2241 302 2261 non
332 2238 385 2260 cst.
416 2233 650 2266 Quemadmodum
679 2237 771 2260 autent
800 2231 862 2266 quis
890 2231 1041 2266 depositura

1092 990 1314 1025 παρασκευάσειν
1329 989 1376 1016 τὸν
1398 989 1500 1026 Κύριον
1517 990 1546 1016 ὲν
1561 988 1666 1021 τούτοις
1688 989 1820 1021 Θεσπίζει,
1835 989 1885 1016 οὐκ

1091 1037 1119 1062 ἐν
1134 1035 1311 1071 κοιλώμασιν,
1332 1035 1392 1062 οὐδὲ
1407 1036 1436 1062 ὲν
1452 1035 1598 1070 φάραγξιν,
1619 1035 1679 1062 οὐδὲ
1695 1036 1723 1062 ἐν
1741 1036 1867 1072 πεδιάσιν
1877 1044 1884 1050 ·

1090 1082 1161 1109 ἀλλ’·
1176 1082 1236 1108 οὐδὲ
1262 1082 1290 1108 ἐν
1318 1081 1426 1114 πολλοῖς
1447 1083 1550 1118 δρεσινς
1576 1081 1631 1108 οὐδ’
1646 1081 1684 1113 ὡς
1708 1081 1802 1117 ἔτυχεν
1827 1081 1886 1112 ένδς

1090 1128 1184 1163 ὅρους·
1199 1128 1256 1155 ἀλλ’
1281 1129 1309 1154 ὲν
1332 1128 1438 1163 ἐκείνῳ,
1453 1129 1521 1164 ὅπερ
1531 1129 1639 1160 δεικνὺς
1658 1128 1769 1162 ἔλεγεν
1790 1138 1799 1153 ι
1823 1128 1887 1155 ’Ότι

1091 1173 1246 1209 βασιλεύσει
1265 1174 1366 1210 Κύριος
1383 1175 1412 1201 ὲν
1430 1174 1518 1210 δρεσι,
1542 1175 1589 1201 καὶ
1613 1174 1729 1201 ἐνώπιον
1745 1175 1800 1201 τῶν
1817 1183 1886 1210 πρε-

1091 1219 1230 1255 σϐυτέρων
1247 1219 1331 1246 αὑτοῦ
1352 1219 1558 1255 δοξασθήσεται.
1580 1227 1589 1245 ι
1615 1220 1659 1247 Ἐν
1685 1218 1739 1255 γὰρ
1762 1219 1801 1254 τῷ
1828 1219 1887 1255 δρει

1089 1266 1138 1301 τῆς
1153 1265 1249 1291 ἑαυτοῦ
1266 1264 1416 1300 βασιλείας,
1429 1265 1457 1290 ὲν
1471 1261 1493 1298 ᾧ
1506 1264 1553 1291 καὶ
1567 1263 1616 1299 τὴν
1627 1263 1706 1295 δόξαν
1717 1262 1814 1290 ἑαυτοῦ
1830 1263 1887 1294 τοῖς

1090 1309 1187 1336 ἑαυτοῦ
1213 1309 1411 1345 πρεσϐυτέροις
1433 1308 1558 1344 παρέξει,
1587 1309 1635 1336 καὶ
1661 1310 1717 1340 τοῖς
1743 1308 1832 1335 ἔθνεσι
1855 1308 1887 1335 τὸ

1092 1356 1242 1391 συμπόσιον
1261 1355 1488 1391 παρασκευάσας,
1506 1355 1537 1382 τὸ
1555 1355 1605 1390 τῆς
1621 1353 1773 1386 ἀθανασίας
1794 1354 1887 1387 αὐτοῖς

1091 1402 1172 1429 ποτὸν
1185 1402 1347 1438 δωρήσεται.
1365 1401 1518 1437 Παρίστησι
1530 1401 1558 1428 δὲ
1571 1401 1603 1427 τὸ
1615 1400 1678 1436 ὄρος
1690 1401 1704 1426 ὁ
1725 1400 1886 1432 Ἀπόστολος

1090 1448 1190 1475 εἰπών·
1205 1458 1214 1474 ι
1227 1447 1453 1484 Προσεληλύθατε
1475 1447 1545 1474 Σιὼν
1567 1447 1624 1484 lipsi.
1637 1467 1644 1479 ,
1663 1447 1710 1474 καὶ
1726 1447 1801 1480 πόλει
1817 1447 1886 1474 Θεοῦ

1092 1493 1192 1526 ζῶντος
1211 1493 1390 1529 Ἰερουσαλὴμ
1405 1493 1570 1528 ἐπουρανίῳ,
1594 1493 1641 1519 καὶ
1661 1492 1788 1529 μυριάσιν
1803 1492 1886 1527 ἀγγέ-

1090 1539 1144 1566 λων
1172 1539 1338 1576 πανηγύρει,
1361 1540 1409 1566 καὶ
1433 1539 1582 1575 Ἐκκλησία
1608 1540 1791 1576 πρωτοτόκων
1815 1540 1886 1566 ἀπο-

1091 1587 1295 1622 γεγραμμένων
1319 1587 1348 1613 ὲν
1372 1587 1507 1622 οὐρανοῖς.
1542 1595 1552 1612 ›
1585 1586 1718 1613 Ἐνταῦοα
1736 1586 1824 1613 τοίνυν
1840 1593 1888 1620 γε-

1091 1632 1209 1668 νόμενοι,
1221 1633 1272 1668 οὐχ
1282 1633 1296 1659 ὁ
1314 1633 1434 1669 Ἰσραὴλ,
1449 1632 1506 1659 ἀλλ’
1519 1632 1544 1659 οί
1556 1631 1587 1664 ἐξ
1597 1632 1723 1660 ἁπάντων
1736 1633 1790 1660 τῶν
1801 1633 1888 1660 ἐθνῶν

1092 1679 1300 1715 καταξιούμενοι
1316 1679 1372 1706 τῶν
1389 1678 1560 1713 ἐπαγγελιῶν
1577 1678 1685 1705 πίονται
1701 1678 1886 1715 εὐφροσύνην,

1093 1726 1139 1753 καὶ
1156 1725 1262 1752 πίονται
1275 1725 1320 1751 τὸν
1335 1725 1368 1752 ἐκ
1379 1725 1429 1760 τῆς
1443 1724 1573 1761 ἀληθινῆς
1587 1725 1710 1761 ἀμπέλου
1725 1723 1808 1757 οἶνον,
1823 1726 1896 1761 περὶ

1092 1769 1122 1798 οὗ
1136 1772 1150 1798 ό
1166 1772 1262 1806 Σωτὴρ
1276 1771 1353 1805 ἔλεγε
1365 1779 1371 1785 ·
1394 1781 1403 1797 ι
1425 1771 1464 1797 Οὐ
1478 1770 1531 1806 μὴν
1545 1771 1600 1797 πίω
1615 1771 1707 1803 αὑτὸν,
1722 1770 1774 1803 ἕως
1789 1771 1822 1797 ἂν
1833 1771 1890 1798 πίω

1093 1816 1176 1843 αὐτὸν
1200 1815 1293 1843 καινὸν
1313 1815 1372 1852 μεθ’
1395 1815 1473 1851 ὑμῶν
1494 1816 1524 1843 ὲν
1539 1817 1572 1852 τῇ
1599 1816 1721 1852 βασιλείᾳ
1737 1816 1790 1843 τῶν
1805 1817 1897 1852 οὐρα-’

1094 1870 1156 1888 νων.
1177 1871 1185 1886 ι

1130 1917 1140 1933 ί
1161 1907 1308 1944 Χρίσονται
1331 1907 1415 1944 μύρον
1439 1908 1468 1935 ὲν
1493 1907 1533 1943 τῷ
1559 1907 1618 1944 δρει
1641 1907 1738 1943 τούτῳ.
1764 1908 1889 1943 Παράδος

1092 1954 1181 1982 ταῦτα
1203 1955 1291 1981 πάντα
1310 1955 1365 1986 τοῖς
1383 1954 1488 1981 ἔθνεσιν
1502 1961 1510 1969 '
1530 1955 1546 1990 ἠ
1574 1953 1629 1990 γάρ
1644 1954 1725 1990 βουλὴ
1748 1953 1818 1990 αὕτη
1842 1954 1889 1980 ἐπὶ

1096 2002 1185 2028 πάντα
1200 2001 1235 2028 τὰ
1251 2000 1326 2036 ἔθνη.
1348 2010 1358 2026 ι
1377 2000 1485 2027 Τούτων
1498 2000 1527 2026 δὲ
1542 2000 1649 2032 εἰκόνας
1665 2001 1732 2036 ἡμῖν
1751 2000 1798 2026 καὶ
1817 1999 1888 2035 σύμ-
1927 2002 1932 2006 ”

1094 2046 1159 2073 ϐολα
1173 2047 1201 2072 ὲν
1216 2048 1273 2077 τοῖς
1291 2046 1454 2082 μυστηρίοις
1464 2046 1513 2081 τῆς
1528 2047 1626 2081 καινῆς
1640 2045 1777 2081 Διαθήκης
1786 2045 1830 2072 διὰ
1841 2045 1889 2072 τοῦ

1096 2093 1227 2129 μυστικοῦ
1250 2093 1400 2129 χρίσματος
1428 2093 1476 2119 καλ.
1503 2092 1549 2119 τοῦ
1574 2093 1709 2128 σωτηρίου
1735 2092 1850 2127 αἵματος
1874 2094 1889 2118 ὁ

1094 2139 1272 2174 εὑαγγελικὺς
1288 2139 1468 2176 παραδέδωκε
1485 2139 1563 2174 λόγος
1581 2148 1587 2154 ·
1604 2139 1658 2173 ἵνα,
1679 2140 1709 2166 ὲν
1725 2139 1829 2171 τούτοις
1843 2140 1889 2167 δο-

1095 2185 1286 2222 κιμασθέντες,
1309 2186 1356 2212 καὶ
1369 2185 1423 2212 τῶν
1441 2186 1604 2222 κρειττόνων
1626 2185 1824 2221 μεταλάϐωμεν
1838 2194 1847 2202 ·
1874 2187 1890 2212 ὁ

1094 2233 1149 2268 γὰρ
1170 2232 1279 2268 Ἰσραὴλ
1297 2232 1348 2259 οὐκ
1362 2231 1437 2264 ἄξιος
1451 2232 1563 2259 τούτων.
1582 2233 1688 2269 ’Ὠσπερ
1703 2232 1732 2259 δέ
1749 2241 1790 2265 τις
1804 2241 1890 2268 παρα-

248 2287 309 2307 cum
337 2286 462 2306 mensura
496 2279 595 2313 tradit,
623 2279 681 2311 sic,
710 2279 809 2312 inquit,
835 2279 978 2314 mysticum
1006 2279 1040 2304 de

1092 2279 1249 2315 χαταθήκην
1265 2279 1294 2305 ὲν
1303 2279 1394 2315 μέτρῳ
1406 2279 1582 2314 παραδίδωσι,
1590 2279 1672 2311 οὕτω,
1685 2279 1762 2314 φησὶ,
1771 2279 1816 2306 τὸν
1825 2279 1902 2314 περὶ.

247 2325 385 2360 prazdictis
415 2325 496 2352 rebus
525 2332 679 2352 sermonem
717 2326 793 2350 trade
824 2323 948 2350 omnibus
977 2330 1042 2357 gen-

249 2372 321 2398 tibus
350 2378 358 2397 :
389 2379 450 2398 nam
485 2372 536 2399 hoc
567 2371 712 2398 consilium
743 2378 826 2405 super
852 2377 948 2397 orunes
975 2376 1039 2404 geu-

247 2421 289 2445 tes
304 2423 355 2444 est.

285 2463 366 2491 Vsns.
382 2464 408 2491 8.
429 2473 438 2490 ι
451 2464 594 2499 Absorpsit
613 2471 687 2490 mors
705 2462 874 2499 praevalens,
898 2467 926 2489 et
947 2469 1042 2489 rursus

247 2510 359 2538 abstulit
374 2510 445 2537 Deus
460 2518 568 2537 omnem
584 2510 732 2545 lacrymant
748 2511 782 2536 ab
795 2508 869 2536 ornni
884 2508 957 2535 vultu
974 2517 981 2536 :
997 2515 1042 2542 op-

247 2555 390 2590 probrium
417 2555 508 2590 populi
535 2555 648 2582 abstulit
672 2555 707 2582 ab
738 2555 866 2581 universa
892 2558 987 2581 terra:
1011 2561 1042 2580 us

247 2602 320 2628 cuitu
334 2601 441 2628 Domini
457 2602 578 2628 locutqu
591 2605 642 2628 est.
656 2610 665 2626 ι
684 2601 753 2628 Tum
769 2601 862 2635 igitur,
877 2607 938 2627 cum
953 2599 1041 2626 sancti

247 2655 300 2674 una
325 2656 386 2674 cum
411 2648 480 2675 Filio
506 2648 553 2675 Dci
582 2646 755 2683 rcgnabunt,
782 2647 839 2681 ipsa
869 2653 951 2677 mors,
983 2653 1042 2680 quze

247 2693 312 2721 olim
327 2694 493 2728 deglutiebat
508 2702 555 2721 cos
565 2715 573 2727 ,
587 2694 698 2722 omnino
713 2693 914 2720 absorbebitur.
930 2692 982 2720 Pro
996 2691 1040 2719 illa

247 2744 352 2772 autem,
368 2741 419 2767 erit
435 2741 532 2768 unctio
550 2749 602 2775 qua
629 2741 794 2774 inungentur
815 2746 911 2766 omnes
935 2743 1039 2773 gentes.

248 2786 354 2813 Etenim
370 2787 444 2813 uncti
468 2787 512 2814 illo
527 2792 676 2821 unguento,
699 2794 753 2813 non
771 2780 936 2813 ultra‘morti
961 2790 1043 2813 erunt

248 2833 357 2860 obnoxii
370 2853 378 2865 ,
399 2833 447 2860 scd
462 2833 676 2861 immortalitatis
692 2839 719 2861 et
732 2839 842 2861 aeterna:
858 2833 918 2860 vitm
932 2827 1042 2860 conSor-

249 2935 271 2952 "
299 2934 379 2963 Hchr.
394 2934 506 2985 ’(11.322.
547 2935 568 2951 ¹⁶
581 2934 674 2963 Matth.
691 2942 766 2965 uti,
785 2934 828 2962 29.

1093 2325 1148 2352 τῶν
1170 2324 1321 2361 λεχθέντων
1348 2325 1478 2361 μυστικὸν
1505 2325 1584 2359 λόγον
1606 2324 1726 2361 παράδος
1743 2325 1809 2352 πᾶσι
1833 2327 1889 2356 τοῖς

1095 2372 1182 2399 ἔθνεσι
1198 2381 1203 2387 ·
1219 2374 1266 2399 καὶ
1281 2372 1335 2409 γὰρ
1350 2372 1430 2408 βουλὴ
1446 2372 1515 2407 αὕτη
1531 2372 1578 2400 ἐπὶ
1594 2372 1682 2399 πάντα
1691 2371 1726 2399 τὰ
1741 2371 1814 2407 ἔθνη.

1131 2473 1140 2488 ι
1162 2463 1301 2490 Κατέπιεν
1311 2464 1325 2489 ὁ
1337 2463 1452 2494 θάνατος
1463 2463 1584 2498 ἰσχύσας,
1594 2463 1641 2489 καὶ
1649 2462 1730 2490 πάλιν
1742 2459 1890 2496 άφεῖλεινό
1903 2466 1906 2471 ”

1093 2508 1159 2541 Θεὸς
1171 2510 1226 2536 πᾶν
1238 2509 1355 2544 δάκρυον
1371 2510 1424 2536 ἀπὸ
1436 2509 1535 2542 παντὸς
1551 2509 1699 2546 προσώπου
1711 2517 1718 2524 ’
1736 2508 1765 2535 τὺ
1788 2507 1893 2541 ὄνειδος

1090 2555 1139 2581 τοῦ
1158 2555 1222 2582 λαοῦ
1238 2556 1347 2589 ἁιρεῖλεν
1357 2556 1411 2583 ἀπὸ
1424 2555 1515 2591 πάσης
1529 2556 1578 2591 τῆς
1590 2554 1645 2591 γῆς’
1655 2563 1661 2570 ·
1680 2555 1710 2581 τὺ
1722 2555 1777 2590 γὰρ
1800 2553 1890 2589 στόμα

1090 2600 1192 2636 Κυρίου
1204 2601 1327 2636 ὲλάλησε.
1341 2611 1350 2627 ι
1362 2602 1427 2628 Τότε
1437 2601 1538 2636 τοίνυνι
1545 2602 1589 2628 ὅτε
1602 2601 1641 2637 τῷ
1657 2601 1715 2637 Υίῷ
1726 2601 1772 2627 τοῦ
1785 2600 1852 2627 Θεοῦ
1863 2600 1890 2627 οἱ

1091 2648 1164 2682 ἅγιοι
1180 2641 1450 2684 συμϐασιλεύσουσίν,
1467 2639 1548 2680 αὐτὸς
1561 2650 1575 2675 ὁ
1588 2648 1703 2680 Θάνατος
1712 2649 1726 2675 ὁ
1741 2647 1825 2674 πάλαι
1839 2655 1889 2674 κα-
1902 2683 1906 2685 γ

1092 2694 1215 2721 ταπίνων
1222 2695 1330 2727 αὐτοὺς,
1341 2695 1450 2726 πάντως
1463 2695 1694 2731 καταποθήσεται.
1703 2694 1776 2721 ’Δντὶ
1786 2693 1815 2721 δὲ
1828 2693 1890 2720 τού-

1095 2749 1142 2767 του
1157 2740 1233 2768 ἔσται
1249 2742 1266 2776 ἡ
1283 2736 1377 2777 χρίσις
1391 2742 1407 2777 ὴ
1423 2735 1590 2778 κεχρισμένῃ
1605 2743 1645 2777 είς
1659 2742 1748 2768 πάντα
1764 2741 1798 2768 τὰ
1813 2741 1888 2776 ἔθνη.
1899 2740 1908 2746 ’Δ

1096 2780 1259 2822 Χρισθέντες
1285 2778 1352 2823 γὰρ·
1366 2787 1405 2823 τῷ
1425 2782 1586 2824 χρίσματι,¹
1602 2787 1695 2814 οὐκέτι
1729 2785 1902 2823 γενήσονταί

1096 2833 1246 2869 ὑποχείριοι
1263 2827 1301 2870 τῷ
1319 2834 1442 2870 θανάτῳ·
1462 2835 1610 2866 ἀθανασίας
1623 2835 1651 2861 δὲ
1669 2834 1715 2862 καὶ
1732 2834 1805 2870 ζωῆς
1818 2830 1907 2863 ἀῑὼέ1

1822 2924 1834 2937 .r
