2044 3215
148 191 199 219 269

609 191 860 220 COMMENTARIA
878 192 912 220 IN
932 191 1060 219 ISAIAM.
1079 207 1113 212 —
1131 191 1208 219 CAP.
1227 192 1322 220 XXVI.
1342 196 1345 197 ⁷

1730 192 1787 222 270’

148 249 206 276 νίου
222 248 395 285 μετέχοντες,
413 249 459 277 τὴν
476 249 590 278 θάνατον
602 251 781 287 ἀνενέργητον
794 253 841 279 καὶ
851 253 941 288 ὥσπερ

998 257 1049 284 tes,
1065 257 1181 279 mortem
1197 251 1362 279 imbecillam
1376 255 1403 279 et
1417 251 1495 287 quasi
1509 257 1641 280 mortuam
1658 254 1780 283 reddent.

150 295 246 330 νεκρὸν
256 296 468 331 καταστήσωσι.
492 297 562 322 Ἀλλ’
573 297 648 332 ὁμῶς
660 297 674 323 6
689 297 878 333 φιλάνθρωπος
888 298 943 325 τῶν

150 339 303 375 ἀνθρώπων
324 340 431 376 Σωτὴρ,
448 341 601 376 ῥυσάμενος
623 341 672 368 τοῦ
694 342 808 369 Θανάτου
825 342 875 374 τὰς
888 342 943 370 τῶν

151 385 304 421 ἀνθρώπων
329 384 430 420 ψυχὰς,
452 386 502 421 τῆς
521 394 550 412 τε
572 386 702 414 πολυθέου
719 388 766 414 καὶ
784 387 943 423 δαιμονικῆς

151 432 259 466 πλάνης
279 431 475 467 ἐλευθερώσας,
494 432 588 466 ἀφεῖλε
605 433 658 459 πᾶν
673 432 790 468 δάκρυον
809 433 863 459 ἀπὸ
875 442 943 460 παν-

151 476 197 509 τὸς
222 477 380 513 προσώπου.
413 477 535 509 Ὀνειδος
560 478 589 505 δὲ
617 476 651 513 ἢν
677 479 724 505 τοῦ
754 479 818 505 λαοῦ
843 479 890 506 τοῦ
914 479 943 513 εξ

150 524 236 551 ἐθνῶν
266 525 283 559 ἡ
311 525 473 560 κρατήσασα
499 524 589 551 αὐτῶν
618 525 825 561 εἰδωλολατρεία
841 534 848 540 '
876 526 943 561 ὅπερ

151 569 252 601 θνειδος
268 569 378 603 ἀφεῖλεν
402 569 416 594 ὁ
432 569 498 601 Θεὸς
508 590 514 597 .
534 570 582 596 καὶ
605 570 635 596 τὸ
654 570 700 596 ἐπὶ
713 570 800 606 τούτῳ
816 570 941 606 δάκρυον,

151 615 206 642 τῶν
221 614 266 641 διὰ
277 615 327 650 τὴν
340 615 545 651 φιλανθρωπίαν
561 616 610 651 τὴν
624 616 678 643 τῶν
697 617 832 644 τοσούτων
849 617 943 652 ψυχῶν

151 660 377 695 ἁποκλαιομένων
391 659 538 687 ἀπώλειαν.
557 660 675 692 Ὄνειῦος
688 661 742 696 γὰρ
756 656 789 696 ἦν
802 661 831 687 οὐ
847 661 943 697 μικρὸν

150 708 207 738 τοῖς
223 707 284 733 κατ’
310 706 402 732 εἰκόνα
428 705 475 732 τοῦ
502 706 569 733 Θεοῦ
586 707 783 742 πεποιημένοις
806 707 837 733 τὸ
862 708 944 734 ἐκπε-

152 753 208 779 σεῖν
231 752 280 787 τῆς
306 752 417 779 αἰωνίου
443 752 514 788 ζωῆς
541 753 587 779 καὶ
614 753 722 788 Θανάτῳ
746 752 942 788 ὑποϐληθῆναι.

156 798 226 824 Ἀλλ’
252 797 401 833 ἀρθήσεται
427 798 458 824 τὸ
482 796 592 831 ὄνειδος,
611 798 658 824 τοῦ
675 799 724 833 μὲν
741 798 855 825 θανάτου
877 807 945 825 κατ-

150 843 316 880 αῃηθὲντος
350 844 398 870 καὶ
417 843 465 870 τοῦ
487 843 598 876 σκότους
620 844 832 878 ἀφανισθέντος·
850 844 900 878 τῆς
917 844 945 870 δὲ

156 889 205 917 τοῦ
223 890 341 927 Χριστοῦ
367 890 504 926 βασιλείας
528 890 628 926 αἰωνίῳ
650 891 706 926 ζωῇ
727 890 944 926 διαλαμπούσης,

994 298 1120 325 Attamen
1144 297 1265 325 clemens
1286 297 1332 324 ille
1353 298 1492 325 hominum
1518 298 1663 332 Servatur,
1682 302 1782 334 ereptis

993 350 1008 369 ιι
1031 348 1117 369 morte
1142 348 1223 376 atque
1247 350 1262 370 a
1285 343 1475 377 superstitioso
1496 348 1523 371 et
1544 344 1677 372 diabolica
1692 347 1785 372 numi:

993 396 1057 414 num
1082 395 1174 415 errore
1191 387 1315 415 liberatis
1334 388 1476 417 animabus
1492 389 1642 422 hominum,
1668 391 1782 418 abstulit

993 441 1100 460 omnem
1128 433 1275 469 iacrymam
1295 434 1330 461 ab
1349 435 1422 461 omni
1437 434 1521 462 vultu.
1537 435 1717 471 Opprobrium
1734 444 1785 463 ana

995 483 1047 506 lem
1071 478 1161 514 populi
1176 485 1209 506 ex
1232 479 1357 514 gentibus
1372 486 1430 507 erat
1453 481 1603 509 idololatria
1623 489 1706 517 penes
1722 483 1784 511 illos

993 525 1118 552 obtinens
1136 534 1143 552 :
1164 526 1235 561 quod
1251 525 1427 561 opprobrium
1445 533 1472 554 et
1490 527 1622 563 lacrymas
1642 529 1704 556 inde
1719 537 1783 556 con-

994 576 1138 605 sequentes
1156 572 1268 599 abstulit
1285 571 1367 605 Deus,
1389 573 1421 600 iis
1449 573 1494 608 qui
1509 574 1544 601 ob
1566 575 1713 602 humanum
1738 576 1783 603 δίει

993 614 1093 642 fectum
1118 617 1271 643 animarum
1296 616 1450 650 bujusmodi
1478 618 1624 652 perniciem
1644 619 1781 654 lugebant.

995 660 1066 688 Sane
1092 661 1268 697 opprobrium
1295 669 1348 689 non
1375 663 1510 690 modicum
1535 669 1594 691 erat
1620 664 1653 692 iis
1676 665 1720 700 qui
1746 666 1784 693 ad

995 707 1139 742 imaginem
1161 708 1207 735 Dei
1226 708 1327 735 conditi
1351 713 1449 740 erant,
1473 709 1543 743 quod
1564 718 1578 736 a
1603 711 1656 737 vita
1681 715 1783 739 aeterna

996 753 1152 780 laberentur
1163 761 1196 780 ac
1210 754 1290 780 morti
1305 754 1515 789 subjicerentur.
1535 754 1587 782 Sed
1603 756 1781 791 opprobrium

996 800 1147 831 auferetur,
1164 799 1251 827 deleta
1267 805 1365 832 morte,
1382 800 1552 835 tenebrisque
1567 801 1690 829 sublatis.
1705 801 1782 829 Chri-

996 846 1032 873 sti
1047 851 1138 873 autem
1155 854 1240 882 regno
1253 846 1279 873 iu
1295 851 1397 873 aeterna
1415 847 1468 873 vita
1484 846 1614 881 fulgente,
1629 847 1675 875 illo
1690 847 1781 875 fruen-

998 896 1041 918 tur
1060 892 1077 918 ii
1095 899 1129 919 ex
1154 892 1297 926 gentibus,
1318 892 1365 927 qui
1390 899 1404 918 a
1429 892 1549 926 pristinis
1571 893 1679 927 quidem
1705 894 1793 922 malis'

151 936 351 964 ἀπολαύσουσιν
366 937 390 963 οἱ
405 936 434 969 ἐξ
447 936 574 963 ἁπάντων
584 936 638 962 τῶν
650 936 734 963 ὲθνῶν
748 937 803 963 τῶν
815 937 865 972 μὲν
877 944 941 972 προ-

994 937 1080 972 erepti
1096 941 1159 964 sunt
1170 956 1178 969 ,
1197 941 1225 964 et
1242 938 1287 971 qui
1304 937 1444 972 promissis
1458 937 1505 965 Dei
1525 939 1709 967 donabantur.

151 982 241 1019 τέρων
263 982 482 1018 ἠλευθερωμένοι
511 983 615 1015 κακῶν,
635 983 690 1009 τῶν
717 983 745 1009 δὲ
771 983 944 1017 ἐπαγγελιῶν

150 1027 217 1055 Θεοῦ
234 1027 510 1063 καταξιωθησόμενοι.

186 1081 195 1098 ι
211 1072 267 1099 Καὶ
281 1071 373 1108 ὲροῦσι
388 1073 421 1107 τῇ
436 1072 527 1108 ἡμέρᾳ
542 1072 632 1108 ἐκείνῃ
643 1081 650 1088 ο
670 1073 734 1099 Ἰδοὺ
758 1073 774 1099 ὁ
785 1073 850 1105 Θεὸς
865 1073 943 1108 ἡμῶν

150 1119 192 1154 ἔφ’
208 1114 416 1154 ἠλπίζομεν,
442 1119 488 1145 καὶ
513 1119 592 1146 σώσει
617 1121 702 1155 ἡμᾶς.
724 1117 806 1152 Οὗτος
830 1120 941 1156 Κύριος,

150 1165 335 1201 ὑπεμείναμεν
353 1164 426 1200 αὐτῷ
444 1166 490 1192 καὶ
506 1165 708 1200 ἡγαλλιώμεθα,
727 1166 774 1193 καὶ
790 1167 944 1202 εὐφρανθη-

149 1209 254 1245 σόμεθα
273 1210 319 1236 ἐπὶ
333 1211 367 1245 τῇ
385 1209 505 1245 σωτηρίᾳ
527 1210 615 1245 ἡμῶν.
637 1210 802 1237 Ἀνάπαυσιν
824 1211 904 1238 δώσει
929 1213 943 1238 ὁ

148 1256 214 1288 θεὸς
230 1256 276 1282 ἐπὶ
294 1256 324 1282 τὺ
339 1256 399 1292 ὖρος
415 1255 502 1283 τοῦτο.
523 1266 531 1281 ι
543 1256 752 1289 Καταποθέντος
767 1257 814 1284 τοῦ
826 1257 942 1285 θανάτου

148 1303 220 1329 κατὰ
235 1302 281 1328 τὸν
292 1302 342 1337 τῆς
359 1302 532 1335 ἀναστάσεως
555 1304 660 1338 καιρὸν,
673 1303 697 1329 οἱ
715 1303 761 1329 τοῦ
773 1303 833 1329 νέου
847 1304 944 1336 αἰῶνος

149 1348 203 1375 υἱοὶ¹
226 1350 260 1384 τῇ
281 1349 373 1385 ἡμέρᾳ
387 1348 476 1385 ἐκείνῃ
498 1350 705 1385 εὐχαριστήριον
726 1349 836 1385 ᾄσουσιν
859 1349 941 1385 ᾠδὴν,

150 1394 270 1431 ὁρῶντες
291 1395 319 1421 ὲν
339 1394 403 1430 δόξῃ
421 1394 465 1421 τόν
487 1394 591 1421 ἑαυτῶν
607 1395 730 1430 Σωτῆρα,
753 1395 800 1421 καὶ
817 1394 942 1430 ἐροῦσιν-

152 1449 162 1466 ι
188 1440 254 1467 Ἰδοὺ
269 1439 283 1465 ὁ
303 1440 368 1472 Θεὸς
383 1440 462 1476 ἡμῶν
487 1441 529 1474 ὲῳ¹
545 1437 566 1474 ᾧ
582 1439 741 1475 ἠλπίζομεν.
763 1450 771 1465 i
791 1440 878 1466 Πάλαι.
895 1440 944 1475 μὲν

148 1486 205 1521 γὰρ
229 1486 308 1513 αὐτὸν
339 1487 368 1513 ὲν
395 1486 500 1515 ἐλπίσιν
527 1486 652 1522 εἴχομεν,
684 1487 856 1518 πιστεύοντες
883 1488 943 1518 ταῖς

151 1532 237 1564 θείαις
247 1532 310 1568 περὶ
323 1531 404 1558 αὐτοῦ
418 1531 604 1563 διδασκαλίαις
613 1540 620 1547 ·
635 1531 682 1558 νῦν
695 1531 723 1558 δὲ
735 1532 783 1558 καὶ
793 1531 943 1566 ὀφθαλμοῖς

1031 1072 1113 1100 Vens.
1128 1073 1155 1104 9,
1171 1073 1216 1100 10.
1235 1082 1244 1099 ι
1257 1072 1289 1101 Et
1312 1072 1403 1101 dicent
1419 1074 1447 1101 in
1468 1073 1512 1102 illa
1537 1075 1599 1107 die,
1622 1075 1692 1104 Ecce
1711 1077 1782 1105 Deus

994 1124 1096 1151 noster.
1114 1119 1141 1146 in
1163 1126 1217 1154 quo
1239 1120 1434 1154 sperabamus,
1457 1126 1482 1146 et
1507 1119 1622 1148 salvabit
1643 1130 1702 1149 nos.
1728 1122 1781 1150 lste

995 1163 1138 1196 Dominus,
1152 1164 1332 1191 sustinuimus
1345 1172 1418 1195 eum.
1435 1169 1462 1192 et
1475 1165 1677 1194 exsultabamus
1691 1172 1719 1194 et
1735 1167 1775 1194 la:-

995 1211 1113 1238 tabimur
1128 1211 1154 1238 in
1170 1211 1258 1238 salute
1280 1216 1385 1238 nostra.
1413 1210 1541 1245 Requiexu
1559 1212 1634 1239 dabit
1650 1212 1720 1241 Deus
1735 1222 1773 1241 su-

994 1263 1043 1290 per
1058 1261 1175 1283 montem
1191 1256 1271 1283 hunc.
1288 1265 1297 1281 ι
1321 1257 1455 1291 Absorpta
1471 1259 1780 1287 morteresurrectionit-

994 1308 1133 1337 tempore,
1162 1303 1225 1330 novi
1256 1303 1347 1330 saeculi
1374 1303 1421 1329 lilii
1446 1304 1473 1330 in
1495 1303 1539 1330 illa
1566 1304 1611 1332 die
1633 1305 1783 1339 gratiarum

994 1349 1109 1376 actionis
1128 1349 1266 1376 canticum
1282 1349 1392 1380 canent,
1407 1349 1530 1376 videntes
1545 1350 1570 1376 in
1584 1349 1670 1384 gloria
1685 1351 1776 1378 Serva-

996 1398 1080 1420 toreru
1096 1400 1174 1420 suum
1185 1413 1192 1426 ,
1208 1398 1235 1421 et
1253 1394 1354 1427 dicent,
1374 1403 1384 1419 ι
1400 1393 1468 1422 Ecce
1480 1394 1552 1422 Deus
1571 1400 1673 1427 noster,
1686 1396 1712 1423 in
1727 1404 1784 1431 quo

994 1440 1200 1474 sperabamus.»
1219 1440 1289 1467 Olim
1303 1447 1421 1474 namque
1442 1440 1528 1474 ipsum
1551 1441 1577 1468 in
1595 1449 1642 1476 spe
1659 1441 1763 1470 habch

995 1493 1068 1518 mus,
1086 1486 1216 1514 doctrinae
1230 1486 1318 1520 ipsum
1335 1486 1508 1513 annuntianti
1523 1487 1601 1514 ﬁdem
1628 1489 1779 1522 habentes;

991 1531 1046 1566 jam
1060 1539 1125 1559 vero
1148 1531 1214 1566 ipsis
1229 1531 1315 1558 oculis
1331 1531 1456 1559 videmus-
1470 1539 1542 1566 eum,
1556 1540 1640 1568 quare
1659 1534 1715 1569 jam
1734 1535 1783 1562 diu

149 1578 257 1614 ὁρῶμεν
292 1578 387 1610 αὐτόν,
409 1578 447 1605 διὸ
472 1578 642 1613 ὑπεμένομεν
669 1577 751 1604 πάλαι
776 1578 810 1604 τὰ
832 1577 941 1605 ἐπιόντα

994 1577 1195 1604 sustinebamus
1216 1576 1368 1611 ingruentia
1395 1577 1474 1605 nobis
1496 1578 1576 1606 mala.
1605 1579 1638 1606 Et
1662 1580 1699 1606 illi
1716 1581 1780 1615 qui-

233 1623 350 1660 λυπηρά.
378 1624 434 1651 Καὶ
456 1625 480 1650 οἱ
499 1611 548 1660 μέν
565 1611 651 1650 ταῦτα
668 1624 790 1659 ἐροῦσιψ
806 1625 820 1650 ὁ
836 1623 864 1650 δὲ
878 1623 941 1650 ἀνά-

994 1623 1055 1650 dem
1073 1623 1130 1650 haec
1144 1622 1244 1650 dicturi
1258 1627 1342 1655 sunt;
1366 1622 1411 1650 ille
1426 1631 1491 1651 vero
1514 1624 1634 1660 requiem
1651 1625 1717 1660 ipsis
1725 1611 1780 1653 ἀει-

148 1676 247 1697 παυσιν
262 1669 354 1702 αὐτοῖς
369 1669 448 1697 δώσει
461 1671 489 1697 ἐν
501 1669 540 1706 τῷ
554 1669 729 1706 προλεχθέντι
741 1670 790 1706 τῆς
803 1669 940 1705 βασιλείας

149 1716 232 1744 αὐτοϋ
250 1715 318 1752 δρει.

186 1771 195 1788 ι
215 1763 269 1789 Καὶ
290 1762 547 1798 καταπατηθήσεται
578 1763 594 1798 ὴ
623 1761 775 1794 Μωαϐῖτις,
795 1761 825 1788 ὃν
839 1762 939 1798 τρόπον

147 1808 279 1835 πατοῦσιν
295 1808 383 1834 ἅλωνα
398 1809 427 1835 ὲν
448 1808 577 1844 ἀμάξαις.
596 1809 650 1834 Καὶ
665 1808 758 1844 ἀνήσει
780 1808 828 1840 τὰς
845 1811 939 1845 χεῖρας

148 1854 243 1885 αὐτοῦ,
253 1854 282 1880 ὃν
295 1854 391 1890 τρόπον
406 1856 451 1881 καὶ
461 1855 541 1886 αὐτὸς
555 1854 719 1881 ἐταπείνωσε
732 1854 778 1881 τοῦ
795 1855 936 1881 ἀπολέσαι.

148 1900 205 1927 Καὶ
221 1899 382 1926 ταπεινώσει
403 1900 451 1934 τὴν
475 1899 552 1935 ὓϐριν
576 1899 669 1931 αὐτοῦ,
688 1900 731 1934 ἐφ’
746 1899 764 1925 ἆ
782 1900 831 1931 τὰς
845 1901 940 1935 χεῖρας

147 1945 275 1977 ἐπέϐαλε,
297 1946 343 1971 καὶ
359 1945 388 1971 τὸ
406 1945 471 1980 ὕψος
489 1946 538 1980 τῆς
553 1945 712 1979 καταφυγῆς
729 1944 774 1971 τοῦ
788 1945 877 1979 τοίχου
891 1953 939 1972 τα-

148 1992 274 2020 πεινὼσει
284 2000 291 2007 ”
307 1992 353 2018 καὶ
366 1991 549 2026 καταϐήσεται
559 1991 611 2022 ἕως
624 1990 670 2017 τοῦ
685 1990 808 2024 ὲδὰερους.
829 2001 837 2015 ι
855 1989 939 2026 Οἶμαι

146 2037 174 2065 δὲ
202 2037 318 2065 ἐνταῦθα
344 2037 430 2064 Μωὰὸ
455 2037 583 2071 λέγεσθαι
603 2036 649 2062 τδν
673 2036 791 2071 πονηρὸν
811 2036 937 2071 δαίμονα,

151 2085 198 2111 καὶ
229 2084 277 2120 τὴν
300 2083 493 2118 ἀντικειμένην
523 2082 648 2118 δύναμιν,
667 2082 716 2117 τὴν
749 2082 832 2108 πάλαι
862 2082 938 2118 παρᾶ

146 2131 200 2162 cei;
229 2125 387 2161 Μωαϐίταις
411 2129 450 2160 ὡς
472 2128 531 2155 θεὸν
555 2127 730 2164 τιμωμένην⁸
760 2128 821 2163 ἥτις
844 2128 937 2164 ἐπειδὴ

149 2177 218 2212 μέγα
237 2176 355 2211 ἐφρόνει,
373 2174 592 2210 κατεπαιρομένη
609 2173 656 2200 τοῦ
677 2173 744 2200 Θεοῦ
762 2173 877 2209 Ἰσραὴλ,
891 2175 938 2202 καὶ

146 2223 176 2250 τὸ
198 2219 241 2257 ὕφ’
263 2222 362 2257 ἑαυτὴν
384 2221 459 2252 ἔθνος
482 2220 666 2255 ὲπιτρίὸουσα,
682 2219 720 2251 ὠς
736 2219 783 2246 καὶ
797 2220 839 2246 ἐπ’
855 2220 937 2247 αὐτοῦ

145 2270 284 2301 Μωῡσέως
311 2268 423 2296 τοιαῦτα
453 2267 598 2303 τολμῆσαι,
626 2267 663 2298 ὡς
683 2265 864 2301 ὲκπορνεῦσαι
891 2265 937 2292 τὸν

144 2315 210 2342 λαδν
231 2315 278 2341 καὶ
295 2314 451 2349 τελεσθῆναι
468 2312 507 2348 τῷ
520 2311 679 2346 Βεελφεγώρ
689 2320 695 2325 ·
718 2311 796 2337 τοῦτο
808 2311 837 2337 δὲ
857 2308 891 2346 ἦν
907 2310 937 2337 τὸ

145 2361 202 2388 τῶν
216 2359 367 2387 Μωαϐιτῶν
381 2359 502 2386 εἴδωλον·
514 2357 609 2385 τούτου
626 2357 705 2392 χάριν
722 2356 755 2382 τὰ
768 2356 938 2391 προκείμενα

145 2408 183 2439 ὡς
200 2406 264 2441 περὶ
277 2405 365 2440 δεινῆς
379 2413 449 2436 τινος
463 2404 510 2431 καὶ
525 2404 658 2439 θεομάχοι)
676 2402 816 2434 δυνάμεως
832 2409 937 2437 προπε-

146 2455 291 2490 φήτευται.

391 2506 587 2534 ΚΕΦΑΛΑΙΟΝ
614 2504 686 2538 XCI".

184 2566 194 2583 ι
210 2557 249 2591 Τῇ
266 2553 359 2590 ἡμέρᾳ.
371 2553 462 2588 ἐκείνῃ
477 2553 584 2588 ᾄσονται
600 2551 630 2577 τὸ
641 2549 717 2586 ᾆσμα
731 2549 809 2575 τοῦτο
828 2549 874 2574 ἐπὶ
886 2546 937 2583 γῆς

152 2602 236 2630 Ἰούδα
249 2602 384 2635 λέγοντες.
406 2608 416 2624 ι
442 2597 509 2625 Μεθ’
527 2598 569 2633 ἢν,
587 2596 633 2623 τοῦ
650 2595 774 2631 Σωτῆρος
795 2594 873 2629 ἡμῶν
887 2593 936 2628 τὴν

146 2648 228 2677 αὑτοῦ
249 2646 386 2683 βασιλείαν
398 2643 578 2679 ἀπειληφότος
597 2644 625 2669 ὲν
639 2642 679 2678 τῷ
696 2640 851 2676 ἐπουρανίῳ
867 2639 936 2675 ὄρει,

145 2697 170 2722 οἱ
187 2695 241 2721 τῶν
259 2691 431 2728 ἐπαγγελιῶν
448 2691 517 2724 ἄξιοι
531 2689 640 2726 ᾁσονται
654 2691 682 2716 εν
695 2689 728 2724 τῇ
741 2687 833 2724 ἡμέρᾳ
845 2687 937 2721 ἐκείνῃ

144 2742 174 2769 τὸ
198 2740 357 2775 ἐπουράνιον
381 2737 458 2774 ᾆσμα.
479 2735 508 2764 ἐν
528 2737 561 2771 τῇ
584 2735 736 2772 ἐπουρανίῳ
759 2733 936 2769 Ἰερουσαλὴμ

145 2788 295 2823 γενόμενοι,
312 2787 344 2821 ἥν
360 2785 406 2812 ἐπὶ
417 2783 463 2810 τοῦ
477 2782 610 2818 παρόντος
627 2780 754 2808 Ἰουδαίαν
766 2781 906 2814 ὠνόμασεν
922 2780 952 2805 6‘

145 2834 234 2868 λόγος,
246 2829 399 2863 ἀκολούθως
411 2832 444 2866 τῇ
456 2829 532 2865 χώρᾳ
547 2828 595 2863 τῆς
607 2827 725 2860 ἐπιγείου
746 2827 779 2852 Ὶε
785 2825 934 2861 ρουσαλήμ.
955 2856 957 2858 _

147 2880 225 2907 Οὖτω
239 2879 292 2915 γὰρ
307 2877 373 2913 ὁμοῦ
395 2876 442 2903 καὶ
457 2876 514 2906 τοῖς
535 2873 719 2909 ἀκροωμένοις
738 2871 784 2898 τοῦ
804 2869 936 2898 Ἰουδαίων

146 2925 211 2952 λαοῦ
224 2925 301 2951 παισὶ
314 2921 445 2956 θυμηδίαν
456 2919 517 2947 τινὰ
530 2919 576 2946 καὶ
591 2917 744 2951 προτροπὴν
765 2917 804 2949 είς
822 2916 870 2949 τὴν
882 2915 934 2944 τῶε

992 1669 1031 1697 bit
1046 1669 1072 1696 in
1090 1672 1239 1696 memorato
1257 1668 1330 1702 reg-ni
1348 1668 1390 1696 sui
1410 1674 1512 1697 monte.

1027 1760 1110 1788 Vsus.
1127 1760 1172 1792 ll,
1189 1760 1232 1787 12.
1251 1769 1260 1785 ι
1274 1760 1308 1786 Et
1328 1759 1531 1788 conculcabitur
1545 1760 1687 1794 Moabitis,
1710 1769 1776 1797 qum

991 1808 1072 1836 modo
1089 1807 1195 1834 calcant
1216 1813 1307 1834 aream
1334 1806 1471 1841 plaustris.
1494 1807 1526 1835 Et
1547 1809 1666 1835 remittet
1681 1816 1788 1836 manus

990 1862 1065 1886 suas,
1089 1854 1159 1880 sicut
1175 1856 1202 1879 et
1219 1853 1275 1887 ipse
1297 1852 1460 1886 humiliavit,
1482 1858 1511 1880 ut
1528 1853 1660 1888 perderet.
1684 1845 1717 1881 Et
1730 1855 1777 1881 de-

990 1900 1088 1934 primet
1103 1898 1230 1933 injuriaui
1247 1897 1315 1932 ejus,
1336 1898 1365 1924 iu
1378 1905 1439 1932 qua:
1455 1905 1551 1926 manus
1572 1898 1675 1933 injecit,
1693 1903 1720 1926 et
1733 1899 1776 1927 ιιι-
1790 1911 1792 1914 τ

991 1946 1132 1973 titudineur
1158 1945 1253 1979 relugii
1282 1945 1352 1972 muri
1375 1945 1554 1974 humili-abit:
1576 1951 1603 1973 et
1628 1946 1792 1975 descendet-

989 2000 1077 2028 usque
1092 1993 1125 2020 ad
1146 1992 1341 2027 pavimentum.
1356 2001 1365 2018 ι
1383 1991 1508 2019 Arbitror
1530 1992 1575 2019 hic
1591 1990 1669 2020 Moab
1686 1994 1780 2021 vocari

990 2039 1139 2072 malignum
1171 2038 1339 2070 daemonem,
1374 2042 1401 2064 et
1428 2037 1612 2064 adversariam
1636 2037 1777 2069 virtutem,

990 2092 1049 2120 quae
1072 2084 1135 2112 olim
1152 2084 1223 2118 apud
1239 2083 1373 2111 Moabitas
1400 2087 1430 2110 ut
1445 2083 1512 2110 deus
1537 2083 1690 2117 colebatur;
1717 2091 1779 2118 quas

990 2131 1053 2165 quia
1076 2130 1160 2157 altum
1185 2128 1329 2162 sapiebat,
1352 2134 1445 2156 contra
1468 2129 1550 2155 Deum
1576 2127 1659 2156 Israel
1681 2136 1777 2164 super-

989 2177 1091 2209 biens.
1119 2176 1224 2210 sibique
1252 2175 1388 2202 subditam
1413 2179 1520 2209 gentem
1548 2173 1701 2209 depravans
1716 2194 1724 2207 ,
1748 2179 1779 2202 ul

989 2223 1072 2250 etiam
1091 2227 1212 2255 tempore
1227 2221 1327 2258 Moysis
1354 2220 1415 2247 talia
1441 2220 1571 2253 auderet,
1594 2227 1626 2248 ac
1649 2220 1778 2255 populum

953 2282 975 2308 Ι)
990 2270 1023 2296 ad
1046 2268 1268 2299 fornicationem.
1298 2272 1325 2295 et
1350 2267 1383 2293 ad
1407 2266 1585 2293 initiationem
1613 2265 1777 2300 Beelpbegor

990 2315 1155 2346 deduceret;
1170 2318 1229 2340 erat
1252 2317 1343 2340 autem
1368 2312 1432 2339 illud
1455 2312 1633 2339 Moabitarum
1658 2311 1775 2342 idolum;

988 2361 1092 2388 idcirco
1116 2359 1174 2386 haec
1193 2366 1252 2393 qua:
1269 2358 1326 2393 jam
1346 2362 1494 2385 tractamus
1507 2377 1516 2390 ,
1539 2356 1616 2391 quasi
1642 2356 1675 2383 de
1700 2356 1778 2391 gravi

987 2406 1104 2442 quadam
1121 2410 1149 2433 et
1164 2404 1218 2432 Deo
1234 2405 1343 2432 inimica
1362 2405 1461 2432 virtute
1478 2403 1706 2439 przenuutiantur.

1267 2493 1381 2522 CAPUT
1401 2492 1497 2520 XXVI.

1025 2544 1108 2571 Vens.
1127 2545 1140 2571 1
1172 2554 1181 2570 ι
1198 2543 1226 2570 in
1241 2542 1285 2570 illa
1305 2541 1350 2568 die
1369 2540 1517 2567 cantabunt
1535 2538 1668 2565 canticum
1683 2537 1775 2564 hocin

990 2596 1061 2618 terra
1075 2590 1155 2623 Juda,
1174 2589 1308 2617 dicentes.
1324 2597 1334 2614 ι
1360 2586 1425 2615 Post
1447 2593 1528 2621 quam
1549 2585 1633 2617 diem,
1654 2584 1699 2611 ubi
1716 2582 1793 2611 Sal--.

988 2640 1065 2663 vator
1087 2640 1180 2663 noster
1199 2635 1225 2662 in
1242 2633 1346 2662 coelesti
1368 2636 1459 2660 monte
1478 2638 1588 2665 regnum
1604 2636 1682 2657 suum
1699 2637 1777 2657 acce-
1789 2646 1795 2650 .

988 2682 1069 2716 perit,
1082 2681 1130 2716 qui
1146 2679 1383 2716 promissis.digni
1400 2681 1491 2707 erunt,
1507 2680 1576 2703 tunc
1587 2675 1697 2703 caeleste
1712 2683 1777 2702 can-

990 2729 1073 2756 ticum
1099 2727 1242 2759 emittent,
1269 2725 1297 2753 in
1323 2723 1425 2752 caelesti
1452 2721 1600 2750 Jerusalem
1625 2721 1793 2754 constituti,-

989 2783 1069 2811 quam
1089 2774 1117 2801 in
1133 2772 1261 2810 praesenti
1275 2771 1394 2798 Judmam
1414 2776 1503 2796 sermo
1518 2771 1665 2802 nuncupat,
1682 2767 1775 2794 habita

988 2814 1106 2856 regionis
1119 2819 1145 2847 in
1160 2826 1213 2853 qua
1231 2822 1340 2844 terrena
1356 2814 1507 2842 Jerusalem
1521 2814 1573 2841 sita
1591 2819 1644 2844 est.
1659 2813 1775 2843 ratione.

988 2868 1028 2896 lla
1042 2859 1114 2895 enim
1141 2864 1282 2893 ctJudmis
1304 2862 1349 2897 qui
1377 2860 1534 2893 audiebant,
1561 2859 1727 2887 alacritatem
1749 2863 1776 2884 ot

990 2914 1196 2942 incitamentum
1215 2911 1247 2938 ad
1273 2916 1363 2937 rerum
1389 2907 1683 2941 propositarunrspem
1707 2903 1795 2931 indiov‘
