2044 3215
257 159 307 189 271

597 161 731 191 EUSEB"
751 161 990 190 CLSARIENSIS
1010 161 1084 188 OPP.
1105 161 1195 193 PARS
1215 161 1258 188 lii.
1280 177 1313 181 μ·-
1333 161 1540 190 EXEGETICA.

1832 165 1888 194 οη

259 221 296 248 dit
309 229 317 252 ;
339 226 420 256 atque
433 221 514 249 simul
531 226 624 249 veram
638 221 758 249 Judmam
775 222 933 254 declaravit,
948 230 1034 258 nempi

1096 223 1283 257 ¹ι’τροκειιιένιυν
1299 223 1393 250 ἐλπίδα
1408 225 1539 259 παρεῖχεν
1551 231 1560 238 '
1579 223 1645 258 ὁμοῦ
1660 224 1706 250 καὶ
1728 224 1779 260 τὴν
1794 224 1888 260 ἀληθι-

258 267 374 295 :oalcstis
386 267 579 303 Hierosolyma:
592 269 740 303 regionem,
759 269 894 302 ingentem
911 269 969 304 ejus
984 269 1044 297 lati—

258 313 377 341 tudinem
404 313 456 342 hoc
481 319 560 349 pacto
585 315 757 350 signiﬁcans;
784 320 813 342 ut
836 316 912 344 locus
935 317 1043 351 quidem

258 358 349 387 Judtca
372 367 433 387 esse
458 359 670 394 intelligeretur,
687 360 812 395 religiosa
827 366 917 388 autem
930 368 1044 389 conver-

257 405 336 437 satio,
364 412 445 440 quam
475 405 572 433 ibidem
598 411 707 433 servant
731 406 813 433 divini
843 411 871 434 et
895 407 1042 442 evangelici

238 450 386 486 aspir-itus.
403 457 452 486 pro
476 451 522 478 Dei
541 451 649 478 civitate
672 451 828 478 haberetur.
855 452 914 486 Quo
937 453 963 479 in
985 452 1044 480 loeo

242 495 393 522 constituti
427 496 444 522 ii
471 496 517 530 qui
543 495 569 523 in
596 496 736 530 prophetia
759 497 934 530 indicantur,
951 497 1043 525 subse-

239 530 341 573 iqueus
355 540 489 566 canticmn
509 540 535 567 in
551 541 595 568 die
609 540 653 567 illa
669 541 826 569 cantabunt.

294 595 302 611 ι
317 585 388 612 Ecce
408 586 506 613 civitas
528 587 644 620 munita,
670 592 696 613 et
718 587 838 615 salutare
863 587 939 616 nobis
961 593 1044 624 ponet

256 635 362 654 murum
376 633 402 654 cl
413 629 634 657 circummurale.
651 639 660 656 ι
677 630 818 665 Siquidem
835 631 943 660 inﬁrma
959 633 1002 660 illa
1016 638 1044 661 ct

255 679 362 701 terrena
377 675 485 707 civitas,
504 675 606 702 munita
622 683 650 703 et
675 677 752 703 tirma
782 685 834 704 nou
855 684 924 710 erat.
952 683 1043 714 utpote

254 725 313 752 qum
326 718 486 754 plerumque
504 719 538 746 ab
555 720 674 747 inimicis
690 725 770 755 eapta
794 722 895 754 fuerit;
919 722 977 750 lucc
996 731 1043 750 au-

255 769 307 790 tem
321 771 383 791 vere
402 764 498 791 civitas
513 765 560 792 Dei
576 765 681 793 munita
695 771 745 798 est,
759 771 786 793 et
802 767 852 794 hoc
864 772 904 795 est
924 768 1043 796 salutare

253 815 376 837 nostrum
390 818 400 844 ;
419 811 567 838 secundum
582 811 775 847 Symmachum
795 817 897 846 autent,
922 823 932 840 ι
948 814 1043 841 Dicent

252 861 383 883 canentes
401 857 548 889 canticum,
564 857 701 884 civitatem
716 856 813 885 fortem
829 858 977 892 habemus;
991 868 1000 884 ι
1015 864 1042 886 et

1096 267 1144 303 νὴν
1164 268 1319 303 παρέστησε
1344 268 1482 300 Ἰουδαίαν,
1505 269 1554 304 τῆς
1572 269 1734 303 ἐπουρανίου
1751 270 1887 305 Ἰερουσα-

1095 312 1150 348 λὴμ
1159 312 1207 348 τὴν
1219 313 1320 348 χώραν,
1333 313 1380 339 καὶ
1395 312 1427 339 τὸ
1442 313 1514 348 μέγα
1529 313 1629 345 πλάτος
1647 310 1699 340 ὧδέ
1715 321 1766 339 που
1785 315 1887 349 σημαί-

1095 367 1162 385 νων”
1179 358 1211 385 ἵν’
1233 359 1247 384 ὁ
1271 358 1320 393 μὲν
1334 358 1416 390 τόπος
1431 359 1525 393 νοῆται
1544 358 1668 390 Ἰουδαία,
1685 359 1715 385 τὺ
1732 358 1801 386 δὲέν
1817 360 1886 395 αὐτῇ

1094 403 1219 434 θεοσεϐὲς
1244 402 1394 437 πολίτευμα
1430 402 1483 429 τῶν
1510 402 1590 428 θείων
1622 403 1668 429 καὶ
1699 402 1885 437 εύαγγελικῶν

1094 449 1256 483 πνευμάτων
1273 449 1290 484 ἡ
1310 448 1357 475 τοῦ
1373 447 1440 474 Θεοῦ
1462 448 1553 480 πόλις“
1570 448 1633 475 ἔνθα
1647 448 1788 483 γενόμενοι
1804 449 1828 474 οἰ
1841 448 1886 475 διὰ

1093 494 1143 529 τῆς
1161 494 1327 530 προφητείας
1341 493 1498 530 δηλούμενοι
1516 495 1549 529 τῇ
1562 495 1653 529 ἡμέρᾳ
1667 494 1758 529 ἐκείνῃ
1771 493 1885 530 ᾄσονται

1093 540 1124 566 τὸ
1138 538 1215 575 ᾆσμα
1227 540 1257 567 τὸ
1272 539 1473 576 ἐπιλεγόμενον.

1132 595 1141 611 t
1164 585 1228 612 Ἰδοὺ
1248 585 1323 616 πόλις
1334 584 1428 620 ὀχυρὰ,
1447 585 1493 611 καὶ
1511 585 1643 619 σωτήριον
1664 584 1729 619 ἡμῖν
1742 583 1820 619 οήσει
1833 585 1884 611 τεῖ-

1094 640 1140 666 χος
1162 631 1208 658 καὶ
1219 631 1378 666 περίτειχος.
1393 639 1403 656 ι
1423 630 1459 657 Ού
1473 630 1527 665 γὰρ
1545 628 1578 665 ἦν
1592 631 1608 665 ὴ
1624 630 1698 656 κάτω
1712 630 1759 656 καὶ
1773 630 1819 656 ἐπὶ
1832 630 1884 666 γῆς

1094 678 1171 710 πόλις
1195 677 1291 713 ὀχυρὰ,
1313 677 1441 708 πολλάκις
1461 677 1513 703 ὑπὸ
1534 677 1588 702 τῶν
1616 676 1751 712 πολεμίων
1769 676 1882 708 ἁλοῦσα,

1093 724 1162 759 αὕτη
1178 723 1207 750 δὲ
1223 723 1330 758 ἀληθῶς
1340 722 1425 758 ὀχυρὰ
1439 722 1485 749 τοῦ
1502 723 1568 749 Θεοῦ
1587 723 1715 757 τυγχάνει
1730 723 1816 755 πόλις,
1836 722 1884 750 καὶ

1093 769 1164 796 τοῦτ’
1177 768 1234 795 ἔστι
1244 768 1276 795 τὸ
1289 769 1421 804 σωτήριον
1436 767 1523 804 ἡμῶν.
1537 768 1615 794 Κατὰ
1624 768 1652 794 δὲ
1666 768 1712 795 τὸν
1723 767 1881 803 Σύμμαχον,

1097 824 1106 841 ι
1125 814 1232 850 Ἐροῦσι
1249 814 1278 841 δὲ
1295 814 1401 850 ᾄδοντες
1425 813 1455 840 τὸ
1475 811 1561 849 ᾆσμα,
1585 813 1661 840 πόλιν
1689 814 1800 849 ἰσχυρὰν
1827 813 1882 848 ἑχο-

1095 869 1144 896 μεν
1157 869 1162 875 ·
1185 870 1194 885 ι
1209 859 1279 886 κατὰ
1291 859 1319 886 δὲ
1333 860 1378 886 τὸν
1393 859 1539 895 Σύμμαχον
1552 859 1623 895 (sit),
1641 869 1650 884 ι
1665 859 1744 890 Πόλις
1753 859 1881 895 κράτους,

252 902 401 929 secundum
416 903 542 930 eumdem
564 902 769 936 Symmachum,
787 913 797 930 ι
813 904 908 932 civitas
923 905 1034 940 imperii,

1092 894 1157 942 ἧμιν
1171 906 1313 941 σωτήριον.
1330 915 1340 931 ι
1351 906 1382 932 Ἡ
1395 905 1560 942 δεΈὸραῖκὴ
1577 905 1647 939 λέξις
1662 906 1721 932 ἀντὶ
1735 894 1793 938 τού,
1807 915 1817 942 ι
1831 914 1881 932 σωκ

253 948 330 975 nobis
351 948 490 981 salutare;
507 957 516 974 ι
546 947 676 976 Hebraica
711 957 776 977 vero
802 949 882 977 lectio
906 958 954 984 pro
983 951 1040 984 illo,

255 1003 264 1020 ι
283 993 419 1026 salutare,
434 1004 443 1020 ι
461 1001 560 1021 nomen
577 994 640 1022 Jesu
663 995 770 1030 proprie
789 1001 815 1022 et
835 995 908 1023 clare
922 996 1041 1024 circum-

251 1039 304 1066 fert
319 1049 326 1067 :
342 1040 484 1075 ipsissimis
505 1040 604 1076 quippe
625 1041 723 1069 litteris
736 1041 861 1068 Salvator
880 1047 974 1070 noster
991 1041 1042 1070 He-

250 1086 343 1114 braice
359 1086 499 1114 scribitur.
524 1085 584 1121 ipse
601 1087 692 1122 itaque
709 1086 837 1115 Salvator
851 1092 955 1118 noster,
976 1087 1041 1114 bea-

251 1137 341 1159 torum
363 1132 460 1160 civitas
488 1137 549 1166 cst;
580 1133 638 1167 ipse
660 1141 754 1160 murus
786 1140 880 1161 eorum
911 1139 938 1161 et
962 1139 1040 1162 ante-

252 1178 365 1205 murale.

286 1223 412 1251 Yens.2.
439 1225 569 1258 tAperite
593 1229 702 1259 portas,
733 1225 899 1261 ingrediatur
926 1226 1039 1261 populus

252 1270 409 1297 custodiens
435 1271 611 1298 veritatem.)
636 1271 749 1299 Nemine
771 1271 870 1306 quippe
887 1271 944 1305 jam
965 1273 1038 1300 obsio

250 1321 351 1349 stente,
369 1317 447 1344 obice
462 1324 494 1344 ac
510 1317 704 1352 impedimento
717 1325 803 1345 vacua
820 1317 958 1352 liberaque
973 1319 1039 1353 ipsis

249 1363 293 1390 via
309 1362 370 1390 fuit.
388 1362 473 1396 Cujus
485 1362 524 1390 rei
543 1369 625 1390 causa
640 1367 682 1390 est
696 1362 800 1396 justum
814 1363 861 1391 Dei
874 1363 1017 1398 judicium.

285 1455 368 1483 Vens.
383 1455 444 1483 5-5.
465 1455 663 1483 «Patrocinans
687 1456 804 1490 veritati,
829 1461 856 1484 et
881 1457 1036 1485 custodiens

247 1509 354 1537 pacem,
369 1501 432 1536 quia
457 1501 484 1528 in
501 1505 527 1528 te
550 1501 731 1535 speravimus,
756 1501 877 1536 Domine,
903 1510 988 1537 usque
1010 1503 1035 1530 in

1091 938 1195 986 τῆριον,
1220 938 1294 976 {Qui
1309 950 1369 977 ἀντὶ
1388 949 1445 980 τοῦ,
1464 938 1632 986 (σωτηρίου,
1652 959 1661 975 ι
1679 950 1708 977 τὸ
1722 938 1880 985 δνομανλευ-

1091 996 1146 1028 κῶς
1159 996 1205 1023 rei
1226 995 1312 1031 Ἰησοῦ
1329 995 1400 1022 οὕτω
1420 996 1556 1032 περιέχειο
1579 997 1670 1028 αὐτοῖς
1684 995 1739 1033 γὰρ
1750 997 1881 1032 γράμμα·
1918 1012 1922 1016 ν

1092 1051 1134 1069 σιν
1149 1044 1163 1069 ὁ
1180 1042 1273 1078 Σωτὴρ
1292 1042 1370 1078 ἡμῶν
1392 1042 1544 1079 Ἐὁραῐκῶς
1559 1043 1704 1078 γράφεται.
1734 1043 1818 1074 Δύτδς
1832 1041 1880 1071 οὖν

1089 1087 1104 1113 ὁ
1121 1087 1215 1122 Σωτὴρ
1232 1087 1310 1123 ἡμῶν
1331 1087 1386 1113 τῶν
1400 1088 1543 1123 μακαρίων
1561 1087 1647 1119 πόλις,
1669 1088 1749 1120 αὐτὸς
1766 1089 1814 1115 καὶ
1825 1089 1879 1114 τετ-

1090 1141 1136 1168 χος
1150 1132 1239 1159 αὐτῶν
1254 1133 1300 1159 καὶ⁵
1313 1133 1480 1169 περίτειχος.

1127 1230 1136 1245 t
1159 1221 1294 1254 ’Δνοίξατε
1319 1222 1416 1254 πύλας,
1437 1223 1579 1250 εἰσελθέτω
1602 1223 1666 1256 λαὸς
1686 1224 1830 1259 φυλάσσων
1844 1225 1869 1251 δι

1089 1267 1245 1302 καιοσύνην,
1271 1269 1317 1295 καὶ
1342 1269 1484 1303 φυλάσσων
1503 1270 1641 1306 ἀλήθειαν.
1662 1281 1671 1297 ι
1697 1272 1804 1306 Μηκέτι
1823 1273 1878 1309 γὰρ

1089 1314 1202 1350 μηδενὸς
1232 1315 1307 1346 ὄντος
1339 1314 1474 1350 ἐμποδὼν,
1503 1316 1641 1348 ἀκώλυτος
1666 1317 1711 1344 καὶ
1736 1319 1865 1353 άπαραπό

1087 1361 1176 1392 διστος
1188 1361 1235 1387 καὶ
1249 1361 1339 1387 εὐθεῖα
1353 1363 1369 1396 ὴ
1382 1361 1440 1393 ὁδὸς
1453 1362 1543 1394 αὐτοῖς
1558 1363 1662 1397 γέγονε.
1676 1364 1786 1396 Τούτοις
1799 1364 1828 1391 δὲ
1839 1365 1871 1391 αἱ

1088 1414 1144 1432 τιον
1158 1407 1174 1441 ὴ
1189 1406 1371 1441 ὃικαιοκρισία
1386 1406 1432 1433 τοῦ
1446 1406 1523 1433 Θεοῦ.

1125 1461 1134 1477 ι
1156 1450 1432 1487 ’Λντιλαμὸανόμενος
1443 1451 1572 1487 ἀληθείας
1588 1453 1635 1479 καὶ
1648 1453 1791 1488 φυλάσσων
1802 1456 1871 1491 εἰρή-

1087 1507 1145 1533 νην,
1168 1498 1208 1525 ὃτι
1225 1499 1271 1524 ἐπὶ
1285 1498 1326 1524 σοὶ
1341 1498 1503 1534 ἠλπίσαμεν,
1518 1499 1613 1535 Κύριε,
1631 1499 1682 1532 ἕως
1701 1500 1747 1526 τοῦ
1768 1501 1876 1533 αἰῶνος.

248 1548 388 1576 sta-cuium.
416 1548 487 1576 Deus
510 1556 640 1583 magnus,
664 1552 800 1580 :cternus,
819 1550 865 1583 qui
892 1556 1033 1584 postquam

1093 1545 1120 1571 ’0
1130 1544 1195 1576 Θεὸς
1206 1545 1219 1571 ὸ
1232 1543 1348 1580 μὲγας,ὁ
1356 1543 1472 1576 αἰώνιος,
1481 1544 1521 1577 ὃς,
1531 1545 1710 1577 ταπεινώσας,
1721 1546 1875 1582 κατήγαγες

248 1594 413 1626 humiliasti,
428 1594 544 1621 eduxisti
564 1594 718 1621 habitantes
737 1595 763 1622 in
785 1595 917 1627 excelsis,
939 1596 1035 1623 civita-

247 1645 290 1668 tes
304 1640 422 1667 munitas
434 1644 540 1667 evertes
554 1644 582 1667 et
596 1640 707 1674 dcjicies
732 1647 819 1674 usque
836 1641 870 1668 ad
896 1641 1035 1675 pavimen-

247 1691 316 1713 tum.
331 1695 340 1712 ι
359 1686 422 1713 llzec
443 1686 542 1721 quippe
564 1686 644 1722 digna
667 1691 728 1713 sunt
754 1686 796 1712 illa
813 1686 881 1720 apml
900 1691 925 1713 te
939 1694 1036 1713 recon-

247 1733 303 1760 dita
328 1740 386 1767 spe,
407 1735 434 1759 et
454 1732 511 1759 base
529 1732 591 1759 dico
615 1732 673 1764 tibi,
694 1733 913 1766 concupiscentia
937 1733 1036 1760 anima:

246 1787 324 1808 mete.
347 1779 387 1807 Tu
404 1779 494 1813 enim,
513 1779 641 1811 Domine,
666 1778 887 1813 concupiscentia
912 1787 970 1807 mea
993 1787 1033 1811 es,

246 1831 277 1851 ac
293 1824 401 1852 divinus
425 1831 503 1852 amor
525 1823 626 1852 animm
653 1831 729 1852 mem.
748 1825 838 1857 Quare
860 1824 950 1852 anima
975 1833 1032 1852 mea

246 1869 412 1898 desideravit
436 1875 471 1902 te,
499 1870 558 1904 ipsa
580 1870 678 1904 quippe
699 1870 816 1897 nominis
841 1870 878 1897 tui
902 1871 1032 1897 memoria

245 1917 365 1944 animam
396 1922 516 1944 nostram
546 1918 582 1944 in-
600 1923 742 1944 excessum
770 1916 858 1951 rapit,
885 1921 911 1943 et
936 1916 969 1943 ad
996 1918 1031 1944 mi

245 1970 365 1989 antorem
388 1962 549 1990 inﬂammat.

283 2007 436 2035 νῑιιε.ὃ-9.
461 2008 515 2035 «Et
540 2009 738 2036 conculcabunt
764 2017 812 2035 eas
843 2011 924 2044 pedes
953 2017 1027 2036 man-

245 2057 394 2085 suetorum,
408 2058 436 2080 et
459 2053 600 2081 humilium
619 2054 743 2089 vestigia.
759 2053 806 2080 Via
826 2054 931 2088 piorum
958 2060 1029 2082 recta

244 2096 315 2123 facta
338 2102 395 2129 est,
419 2101 447 2124 et
471 2103 620 2132 praeparata
647 2098 690 2125 via
712 2097 862 2131 iustorum.
884 2099 932 2125 Via
956 2099 1029 2125 enim

243 2141 506 2176 Dominijudicium.
525 2143 702 2177 Speravimus
714 2143 741 2170 in
756 2144 866 2171 nomine
881 2149 937 2176 tuo,
955 2149 982 2171 et
1002 2145 1028 2172 in

243 2188 375 2216 memoria
394 2195 475 2224 quam
495 2189 632 2216 desiderat
651 2189 742 2216 anima
767 2194 870 2217 nostra.
892 2189 931 2217 De
952 2197 1030 2218 nocte

1087 1589 1149 1621 τοὺς
1165 1589 1336 1621 ἐνοικοῦντας
1357 1591 1385 1616 ὲν
1399 1590 1519 1625 ύῂλοῖς,
1536 1590 1626 1622 πόλεις
1638 1591 1737 1626 ὀχυρὰς
1758 1592 1864 1618 καταὸα

1087 1635 1152 1667 λεῖς,
1168 1636 1215 1662 καὶ
1231 1635 1358 1668 κατάξεις
1374 1635 1425 1667 ἕως
1439 1635 1563 1670 ἐδάφους.
1581 1646 1589 1661 ι
1605 1637 1684 1670 Ἀξια
1700 1636 1754 1672 γὰρ
1769 1638 1817 1673 τῆς
1833 1638 1873 1664 ἑλ-

1089 1681 1163 1713 πίδος
1172 1681 1221 1716 τῆς
1233 1681 1307 1717 παρὰ
1320 1681 1365 1707 σοῦ
1377 1681 1639 1717 τεθησαυρισμένης,
1650 1683 1696 1709 καὶ
1707 1683 1792 1710 ταῦτα
1804 1683 1874 1718 λέγω

1089 1727 1156 1763 πρὸς
1173 1727 1214 1759 σὲ,
1234 1728 1284 1763 τὴν
1300 1727 1445 1763 ἐπιθυμίαν
1463 1728 1511 1763 τῆς
1525 1728 1613 1763 ψυχῆς
1629 1737 1690 1764 μου.
1708 1729 1744 1755 Σὺ
1759 1730 1812 1765 γὰρ
1823 1727 1874 1762 εἷς,

1088 1773 1198 1809 Κύριος,
1247 1773 1378 1808 ἐπιθυμία
1397 1781 1459 1809 μου,
1481 1773 1528 1800 καὶ
1546 1775 1560 1801 ὁ
1574 1774 1645 1806 θεῖος
1659 1774 1728 1811 ἔρως
1743 1776 1791 1811 τῆς
1807 1776 1873 1812 ὶμῆς

1086 1819 1183 1855 ψυχῆς.
1199 1819 1244 1851 Διὸ
1258 1820 1274 1855 ἡ
1287 1819 1360 1855 ψυχή
1374 1828 1424 1854 μου
1439 1820 1596 1856 ὲπεθύμησέ
1614 1829 1657 1847 σε·
1674 1822 1720 1848 καὶ
1734 1822 1803 1858 αὑτὴ
1819 1821 1872 1858 γὰρ

1087 1866 1103 1900 ἡ
1113 1866 1204 1901 μνήμη
1215 1865 1260 1892 τοῦ
1276 1865 1405 1900 ὀνόματός
1418 1874 1463 1892 σου
1477 1866 1613 1902 ἐξίστησιν
1623 1867 1701 1902 ἡμῶν
1714 1867 1762 1903 τὴν
1773 1867 1872 1904 ψυχὴν,

1086 1911 1133 1937 καὶ
1147 1911 1273 1947 διεγείρει
1287 1912 1334 1938 ἐπὶ
1345 1912 1389 1938 τὸν
1401 1912 1446 1939 σὺν
1463 1912 1554 1939 πόθον.

1123 2012 1132 2028 ι
1150 2003 1205 2029 Καὶ
1224 2003 1388 2039 πατήσουσιν
1409 2003 1490 2034 αὑτὰς
1514 2003 1594 2035 πόδες
1612 2002 1732 2038 πραέων,
1755 2002 1801 2028 καὶ
1823 2010 1871 2028 τα-

1085 2049 1183 2076 πεινῶν
1200 2049 1317 2084 βήματα.
1342 2049 1418 2081 Ὀδὸς
1434 2049 1551 2076 εὐσεϐῶν
1575 2049 1666 2076 εύοεῐα
1687 2048 1804 2082 ἐγένετο,
1824 2048 1871 2074 καὶ

1084 2095 1329 2130 παρεσκευασμένη
1351 2096 1367 2130 ἡ
1391 2095 1449 2126 ὁδὸς
1469 2095 1523 2121 τῶν
1544 2094 1674 2121 εὐσεϐῶν.
1697 2094 1728 2120 Ἡ
1745 2093 1799 2130 γὰρ
1813 2093 1871 2125 ὁδὸς

1083 2141 1186 2176 Κυρίου
1202 2141 1301 2177 κρίσις.
1325 2141 1494 2175 Ὴλπίσαμεν
1510 2141 1557 2168 ἐπὶ
1572 2141 1610 2176 τῷ
1622 2140 1735 2176 ὀνόματί
1750 2148 1808 2172 σου,
1824 2140 1870 2166 καὶ

1084 2187 1130 2213 ἐπὶ
1145 2188 1179 2222 τῇ
1197 2187 1277 2222 μνείᾳ
1329 2186 1458 2222 ἐπιθυμεῖ
1472 2187 1489 2222 ἡ
1505 2186 1579 2223 ψυχὴ
1596 2186 1684 2222 ἡμῶν.
1708 2187 1755 2213 Ἐκ
1774 2185 1870 2217 νυκτὸς

242 2232 335 2268 vigilat
354 2233 467 2267 spiritus
481 2240 557 2260 meus
583 2233 616 2261 ad
642 2239 682 2266 te,
706 2234 794 2267 Deus;
811 2235 872 2269 quia
901 2234 944 2262 lux
961 2243 1029 2270 pra:-

1087 2232 1202 2269 5ρθρίςει
1220 2233 1250 2260 τὸ
1266 2233 1376 2269 πνεῦμά
1394 2241 1446 2269 μου
1461 2233 1528 2268 πρὸς
1544 2233 1583 2265 σὲ,
1600 2234 1615 2259 ὁ
1629 2232 1709 2264 Θεός·
1731 2231 1797 2258 διότι
1813 2231 1870 2266 φῶς

241 2282 320 2312 cepta
335 2282 379 2305 tua
398 2285 482 2314 super
504 2283 613 2306 terram.
629 2289 639 2306 ι
661 2279 752 2314 Neque
765 2280 837 2307 enim
854 2280 942 2309 noctis
958 2285 1026 2308 tem-

240 2331 307 2359 pore
322 2324 442 2352 dormire
455 2332 600 2359 possumus
613 2335 621 2358 ;
642 2326 689 2354 sed
705 2331 769 2353 tunc
783 2326 865 2354 etiam
887 2327 1027 2361 vigilantes

240 2369 349 2404 spiritu,
361 2374 388 2397 te
401 2370 647 2405 concupiscentiam
669 2376 791 2398 nostram
811 2371 836 2397 in
854 2376 943 2398 mente
958 2376 1028 2398 leue-

239 2421 311 2441 mus.
333 2413 380 2441 Sic
405 2414 485 2449 igitur
508 2415 585 2442 nobis
608 2414 673 2449 ipsze
696 2420 789 2442 noctes
817 2420 943 2450 tanquam
972 2417 1027 2443 dies

240 2460 426 2492 illustrantur,
447 2460 574 2495 quoniam
601 2466 737 2495 precepts
770 2466 812 2488 tua
837 2466 863 2489 et
888 2469 1029 2490 sermones

239 2506 277 2532 tui
292 2505 371 2533 nobis
385 2506 475 2533 adhuc
488 2506 514 2533 in
527 2510 599 2533 terra
614 2507 797 2540 versantibus,
811 2512 838 2534 et
851 2508 893 2535 die
902 2513 929 2534 et
947 2513 1028 2535 nocte

238 2550 306 2578 lucis
326 2552 414 2579 instar
433 2551 496 2578 data
513 2556 587 2578 sunt.
612 2551 674 2580 Haec
700 2560 732 2580 ex
752 2552 865 2580 all'cctus
884 2553 1027 2580 vehemen-

237 2596 276 2623 tia
301 2596 409 2625 locutus
431 2597 563 2632 propheta
582 2596 665 2624 Deum
694 2598 882 2633 compellans,
910 2599 944 2626 ad
978 2606 1027 2626 nos

237 2643 404 2676 pertransit,
428 2648 571 2677 monetque
603 2649 632 2670 ιιι
662 2644 773 2676 cadent,
801 2651 853 2678 qua
887 2644 955 2678 ipse.
985 2646 1026 2672 via

238 2687 405 2716 incedamus.

272 2776 355 2805 Vsus.
375 2777 419 2809 l0,
436 2777 477 2806 ll.
499 2787 508 2804 ι
525 2778 662 2806 Justitiam
691 2779 799 2813 discite,
823 2779 869 2814 qui
895 2779 1023 2808 habitatis

236 2826 347 2850 terram.
364 2823 488 2851 Cessavit
511 2825 583 2851 enim
607 2825 705 2860 impius
723 2834 730 2853 :
748 2825 836 2853 omnis
852 2826 897 2860 qui
912 2834 965 2853 non
982 2826 1023 2852 di-

235 2866 333 2899 dicerit
356 2867 485 2896 iustitiam
509 2869 535 2896 ιιι
562 2874 636 2897 terra
651 2890 658 2901 .
680 2869 821 2899 veritatem
849 2879 901 2899 non
930 2870 1020 2898 faciet.

1080 2278 1114 2305 τὰ
1130 2278 1326 2314 προστάγματά
1341 2287 1388 2305 σου
1404 2278 1450 2306 ἐπὶ
1461 2278 1510 2314 τῆς
1521 2278 1581 2314 γῆς.
1596 2287 1605 2304 ι
1619 2276 1687 2304 οὔτε
1701 2276 1753 2313 γὰρ
1770 2276 1869 2303 καθεύ-

1079 2323 1136 2349 δειν
1149 2320 1201 2350 οἷοί
1215 2324 1244 2350 τέ
1259 2325 1342 2359 ἐσμεν
1356 2324 1418 2355 τοὺς
1432 2324 1480 2359 τῆς
1496 2323 1592 2354 νυκτὸς
1606 2322 1727 2358 καιροὺς,
1742 2321 1809 2349 ἀλλὰ
1822 2323 1869 2348 καὶ

1079 2368 1158 2403 ἡμῶν
1183 2370 1370 2405 ἐγρηγορότων
1391 2369 1430 2404 τῷ
1445 2369 1588 2404 πνεύματι,
1606 2368 1635 2394 σὲ
1660 2367 1708 2403 τὴν
1722 2367 1869 2403 ἐπιθυμίαν

1081 2414 1159 2450 ἡμῶν
1188 2415 1258 2441 κατὰ
1277 2415 1339 2441 νοῦν
1361 2414 1468 2450 ἔχομεν.
1487 2414 1579 2446 υῦτως
1600 2412 1645 2441 οὖν
1663 2414 1710 2441 καὶ
1729 2415 1756 2441 αἱ
1773 2414 1867 2448 νύκτες

1081 2459 1205 2496 ἠμῶνὼς
1219 2461 1319 2497 ἡμέραι
1336 2460 1539 2496 πεφωτισμέναι
1553 2459 1730 2495 τυγχάνουσιν
1739 2468 1745 2474 ·
1760 2460 1868 2496 ἐπειδὴ·

1082 2514 1135 2540 περ
1150 2506 1183 2533 τὰ
1202 2507 1401 2543 προστάγματα
1420 2516 1467 2534 σου
1484 2506 1530 2533 καὶ
1545 2507 1569 2532 οι
1580 2505 1653 2540 λόγοι
1671 2513 1716 2532 σου
1731 2506 1796 2541 ἡμῖν
1811 2508 1868 2539 τοῖς

1080 2552 1126 2577 ἐπὶ
1149 2551 1198 2587 τῆς
1216 2552 1266 2587 γῆς
1282 2552 1322 2579 ἔτι
1344 2553 1393 2585 τὰς
1407 2552 1546 2588 διατριϐὰς
1569 2551 1739 2586 ποιουμένοις
1762 2551 1809 2578 καὶ
1824 2551 1867 2580 διὰ

1080 2597 1176 2629 νυκτὸς
1203 2598 1249 2624 καὶ
1268 2598 1300 2624 δι’
1313 2598 1420 2634 ἡμέρας
1437 2598 1497 2625 ἀντὶ
1517 2596 1604 2633 φωτὸς
1624 2595 1761 2630 ἐδόθησαν.
1783 2596 1867 2623 Ταῦθ’

1080 2642 1287 2680 ὐπερεαλλούσῃ
1301 2643 1419 2670 διαθέσει
1436 2643 1504 2679 πρὸς
1519 2642 1564 2669 τὸν
1577 2641 1644 2669 Θεὸν
1659 2641 1840 2677 ἀναφωνήσας
1852 2642 1866 2667 6

1079 2690 1233 2725 προφήτης,
1248 2689 1404 2724 μεταϐαίνει
1416 2690 1458 2725 ἐφ’
1469 2690 1552 2725 ἡμᾶς,
1569 2687 1709 2724 παραινῶν
1721 2688 1770 2724 τὴν
1781 2688 1866 2723 αὐτὴν

1077 2735 1152 2771 αὐτῷ
1162 2735 1279 2770 βαδίζειν
1294 2736 1363 2763 ὀδόν.

1113 2790 1124 2806 t
1135 2781 1313 2817 Δικαιοσύνην
1326 2782 1436 2817 μάθετε,
1455 2783 1479 2809 οι
1495 2782 1660 2817 ἐνοικοῦντες
1676 2782 1722 2812 ἐπὶ
1736 2785 1786 2820 τῆς
1801 2784 1862 2818 γῆς.

1075 2827 1214 2854 Πέπαυται
1226 2826 1280 2863 γὰρ
1296 2828 1397 2864 ἀσεϐής
1407 2837 1413 2844 ·
1427 2830 1480 2861 πᾶς
1494 2829 1523 2862 ὃς
1537 2830 1567 2857 οὐ
1587 2831 1625 2866 μὴ
1640 2831 1713 2868 μάθῃ
1729 2829 1862 2857 δικαιοσύ·

1074 2881 1122 2904 νην
1142 2873 1187 2898 ἐπὶ
1203 2871 1251 2906 τῆς
1266 2873 1327 2908 γῆς,
1350 2874 1477 2907 ἀλήθειαν
1499 2875 1528 2901 οὐ
1547 2875 1583 2909 μὴ
1601 2876 1714 2910 ποιήσει.
1741 2873 1862 2910 ’Δρθήτιδ
