  <div class='ocr_page' id='page_1' title='image "/cluster/home/n/w/nwhite01/storage/ocr_20150623/24/njp.32101077772513/144.png"; bbox 0 0 2044 3215; ppageno 0'>
   <div class='ocr_carea' id='block_1_1' title="bbox 161 168 215 199">
    <p class='ocr_par' dir='ltr' id='par_1_1' title="bbox 161 168 215 199">
     <span class='ocr_line' id='line_1_1' title="bbox 161 168 215 199; baseline -0.019 0"><span class='ocrx_word' id='word_1_1' title='bbox 161 168 215 199; x_wconf 68' lang='lat' dir='ltr'><strong>I73</strong></span> 
     </span>
    </p>
   </div>
   <div class='ocr_carea' id='block_1_2' title="bbox 615 168 1336 202">
    <p class='ocr_par' dir='ltr' id='par_1_2' title="bbox 615 168 1336 202">
     <span class='ocr_line' id='line_1_2' title="bbox 615 168 1336 202; baseline 0.007 -6"><span class='ocrx_word' id='word_1_2' title='bbox 615 168 868 198; x_wconf 68' lang='lat' dir='ltr'><strong>L’DMMI‘JNIAHIA</strong></span> <span class='ocrx_word' id='word_1_3' title='bbox 888 174 921 199; x_wconf 72' lang='lat' dir='ltr'><strong>II‘</strong></span> <span class='ocrx_word' id='word_1_4' title='bbox 942 173 1070 200; x_wconf 70' lang='grc' dir='ltr'>ιεΑιΑιι.</span> <span class='ocrx_word' id='word_1_5' title='bbox 1092 188 1124 193; x_wconf 86' lang='lat'><strong>——</strong></span> <span class='ocrx_word' id='word_1_6' title='bbox 1142 177 1220 200; x_wconf 58' lang='grc' dir='ltr'>δερ.</span> <span class='ocrx_word' id='word_1_7' title='bbox 1241 176 1336 202; x_wconf 55' lang='lat' dir='ltr'><strong>Alﬁ.</strong></span> 
     </span>
    </p>
   </div>
   <div class='ocr_carea' id='block_1_3' title="bbox 1723 180 1777 209">
    <p class='ocr_par' dir='ltr' id='par_1_3' title="bbox 1723 180 1777 209">
     <span class='ocr_line' id='line_1_3' title="bbox 1723 180 1777 209; baseline -0.056 0"><span class='ocrx_word' id='word_1_8' title='bbox 1723 180 1777 209; x_wconf 68' lang='lat'><strong>27$</strong></span> 
     </span>
    </p>
   </div>
   <div class='ocr_carea' id='block_1_4' title="bbox 157 222 941 269">
    <p class='ocr_par' dir='ltr' id='par_1_4' title="bbox 157 222 941 269">
     <span class='ocr_line' id='line_1_4' title="bbox 157 222 941 269; baseline 0.005 -17"><span class='ocrx_word' id='word_1_9' title='bbox 157 226 172 252; x_wconf 81' lang='grc'>6</span> <span class='ocrx_word' id='word_1_10' title='bbox 184 225 296 261; x_wconf 76' lang='grc' dir='ltr'>ἀσεϐὴς,</span> <span class='ocrx_word' id='word_1_11' title='bbox 315 225 357 269; x_wconf 81' lang='grc' dir='ltr'><strong>ἰνα</strong></span> <span class='ocrx_word' id='word_1_12' title='bbox 375 225 412 261; x_wconf 72' lang='grc' dir='ltr'>μὴ</span> <span class='ocrx_word' id='word_1_13' title='bbox 429 225 471 262; x_wconf 67' lang='grc' dir='ltr'><strong>εῖῃ</strong></span> <span class='ocrx_word' id='word_1_14' title='bbox 487 222 535 261; x_wconf 61' lang='grc' dir='ltr'>τήν</span> <span class='ocrx_word' id='word_1_15' title='bbox 546 222 749 263; x_wconf 64' lang='grc' dir='ltr'>δόξανκυρίου.</span> <span class='ocrx_word' id='word_1_16' title='bbox 767 228 864 265; x_wconf 78' lang='grc' dir='ltr'>Κύριε,</span> <span class='ocrx_word' id='word_1_17' title='bbox 881 229 941 265; x_wconf 78' lang='grc' dir='ltr'>ὑψη-</span> 
     </span>
    </p>
   </div>
   <div class='ocr_carea' id='block_1_5' title="bbox 991 222 1783 269">
    <p class='ocr_par' dir='ltr' id='par_1_5' title="bbox 1000 230 1783 269">
     <span class='ocr_line' id='line_1_5' title="bbox 1000 230 1783 269; baseline 0.01 -13"><span class='ocrx_word' id='word_1_18' title='bbox 1000 230 1121 258; x_wconf 81' lang='lat' dir='ltr'><strong>Tollatur</strong></span> <span class='ocrx_word' id='word_1_19' title='bbox 1140 231 1248 267; x_wconf 87' lang='lat' dir='ltr'><strong>impius,</strong></span> <span class='ocrx_word' id='word_1_20' title='bbox 1267 237 1358 260; x_wconf 90' lang='lat' dir='ltr'><strong>utnon</strong></span> <span class='ocrx_word' id='word_1_21' title='bbox 1372 233 1460 261; x_wconf 84' lang='lat' dir='ltr'><strong>videat</strong></span> <span class='ocrx_word' id='word_1_22' title='bbox 1473 233 1585 269; x_wconf 75' lang='lat' dir='ltr'><strong>gloriam</strong></span> <span class='ocrx_word' id='word_1_23' title='bbox 1599 234 1713 262; x_wconf 86' lang='lat' dir='ltr'><strong>Domini.</strong></span> <span class='ocrx_word' id='word_1_24' title='bbox 1730 235 1783 264; x_wconf 89' lang='lat' dir='ltr'><strong>Do-</strong></span> 
     </span>
    </p>
   </div>
   <div class='ocr_carea' id='block_1_6' title="bbox 157 267 946 308">
    <p class='ocr_par' dir='ltr' id='par_1_6' title="bbox 157 267 946 308">
     <span class='ocr_line' id='line_1_6' title="bbox 157 267 946 308; baseline 0.011 -15"><span class='ocrx_word' id='word_1_25' title='bbox 157 267 202 300; x_wconf 78' lang='grc' dir='ltr'>λός</span> <span class='ocrx_word' id='word_1_26' title='bbox 231 276 278 294; x_wconf 88' lang='grc' dir='ltr'><strong>σου</strong></span> <span class='ocrx_word' id='word_1_27' title='bbox 301 269 316 295; x_wconf 84' lang='grc' dir='ltr'><strong><em>ὸ</em></strong></span> <span class='ocrx_word' id='word_1_28' title='bbox 342 268 470 304; x_wconf 86' lang='grc' dir='ltr'>βραχίων,</span> <span class='ocrx_word' id='word_1_29' title='bbox 494 270 542 296; x_wconf 70' lang='grc' dir='ltr'><strong>καὶ</strong></span> <span class='ocrx_word' id='word_1_30' title='bbox 562 271 611 297; x_wconf 78' lang='grc' dir='ltr'>οὐκ</span> <span class='ocrx_word' id='word_1_31' title='bbox 634 270 760 307; x_wconf 76' lang='grc' dir='ltr'><strong>ᾔδεισαν·</strong></span> <span class='ocrx_word' id='word_1_32' title='bbox 785 274 895 308; x_wconf 71' lang='grc' dir='ltr'>γνόντες</span> <span class='ocrx_word' id='word_1_33' title='bbox 917 275 946 302; x_wconf 76' lang='grc' dir='ltr'>δὲ</span> 
     </span>
    </p>
   </div>
   <div class='ocr_carea' id='block_1_7' title="bbox 157 313 946 353">
    <p class='ocr_par' dir='ltr' id='par_1_7' title="bbox 157 313 946 353">
     <span class='ocr_line' id='line_1_7' title="bbox 157 313 946 353; baseline 0.01 -14"><span class='ocrx_word' id='word_1_34' title='bbox 157 313 412 348; x_wconf 81' lang='grc' dir='ltr'>αἰσχυνθήσονται.»</span> <span class='ocrx_word' id='word_1_35' title='bbox 426 316 554 342; x_wconf 70' lang='grc' dir='ltr'>Ταπεινοί</span> <span class='ocrx_word' id='word_1_36' title='bbox 571 317 625 353; x_wconf 73' lang='grc' dir='ltr'><strong>γὰρ</strong></span> <span class='ocrx_word' id='word_1_37' title='bbox 635 317 711 350; x_wconf 70' lang='grc' dir='ltr'>ὄντες</span> <span class='ocrx_word' id='word_1_38' title='bbox 725 319 749 345; x_wconf 73' lang='grc' dir='ltr'><strong>εἰ</strong></span> <span class='ocrx_word' id='word_1_39' title='bbox 765 319 882 351; x_wconf 73' lang='grc' dir='ltr'>ἀσεϐεῖς,</span> <span class='ocrx_word' id='word_1_40' title='bbox 899 321 946 348; x_wconf 74' lang='grc' dir='ltr'>καὶ</span> 
     </span>
    </p>
   </div>
   <div class='ocr_carea' id='block_1_8' title="bbox 158 359 948 398">
    <p class='ocr_par' dir='ltr' id='par_1_8' title="bbox 158 359 948 398">
     <span class='ocr_line' id='line_1_8' title="bbox 158 359 948 398; baseline 0.01 -13"><span class='ocrx_word' id='word_1_41' title='bbox 158 359 267 394; x_wconf 69' lang='grc' dir='ltr'>μακρὰν</span> <span class='ocrx_word' id='word_1_42' title='bbox 283 361 468 395; x_wconf 75' lang='grc' dir='ltr'><strong>ἀφεστηκότες</strong></span> <span class='ocrx_word' id='word_1_43' title='bbox 479 361 529 396; x_wconf 79' lang='grc' dir='ltr'>τῆς</span> <span class='ocrx_word' id='word_1_44' title='bbox 545 362 671 396; x_wconf 79' lang='grc' dir='ltr'>γνώσεως</span> <span class='ocrx_word' id='word_1_45' title='bbox 687 364 734 390; x_wconf 80' lang='grc' dir='ltr'><strong>τοῦ</strong></span> <span class='ocrx_word' id='word_1_46' title='bbox 748 365 826 398; x_wconf 81' lang='grc' dir='ltr'>Θεοῦ,</span> <span class='ocrx_word' id='word_1_47' title='bbox 844 366 873 392; x_wconf 81' lang='grc' dir='ltr'>ὲν</span> <span class='ocrx_word' id='word_1_48' title='bbox 887 367 948 393; x_wconf 71' lang='lat' dir='ltr'><strong>6x6—</strong></span> 
     </span>
    </p>
   </div>
   <div class='ocr_carea' id='block_1_9' title="bbox 155 405 948 448">
    <p class='ocr_par' dir='ltr' id='par_1_9' title="bbox 155 405 948 448">
     <span class='ocr_line' id='line_1_9' title="bbox 155 405 948 448; baseline 0.011 -18"><span class='ocrx_word' id='word_1_49' title='bbox 155 413 196 439; x_wconf 81' lang='grc' dir='ltr'>τῳ</span> <span class='ocrx_word' id='word_1_50' title='bbox 226 405 276 440; x_wconf 82' lang='grc' dir='ltr'>τῆς</span> <span class='ocrx_word' id='word_1_51' title='bbox 304 406 386 432; x_wconf 80' lang='grc' dir='ltr'>αὑτοῦ</span> <span class='ocrx_word' id='word_1_52' title='bbox 420 406 530 440; x_wconf 79' lang='grc' dir='ltr'><strong>ἀγνοίας</strong></span> <span class='ocrx_word' id='word_1_53' title='bbox 559 409 765 436; x_wconf 66' lang='grc' dir='ltr'><strong>ἐκαλινδοῦντο·</strong></span> <span class='ocrx_word' id='word_1_54' title='bbox 801 411 868 438; x_wconf 88' lang='grc' dir='ltr'><strong>ἀλλά</strong></span> <span class='ocrx_word' id='word_1_55' title='bbox 897 413 948 448; x_wconf 81' lang='grc' dir='ltr'>τῆς</span> 
     </span>
    </p>
   </div>
   <div class='ocr_carea' id='block_1_10' title="bbox 157 448 946 491">
    <p class='ocr_par' dir='ltr' id='par_1_10' title="bbox 157 448 946 491">
     <span class='ocr_line' id='line_1_10' title="bbox 157 448 946 491; baseline 0.011 -17"><span class='ocrx_word' id='word_1_56' title='bbox 157 448 270 475; x_wconf 82' lang='grc' dir='ltr'>καθόλου</span> <span class='ocrx_word' id='word_1_57' title='bbox 288 449 414 483; x_wconf 81' lang='grc' dir='ltr'>γνώσεως</span> <span class='ocrx_word' id='word_1_58' title='bbox 429 451 588 487; x_wconf 74' lang='grc' dir='ltr'>ἐπιστάσης,</span> <span class='ocrx_word' id='word_1_59' title='bbox 609 453 771 489; x_wconf 83' lang='grc' dir='ltr'>θεασάμενοι</span> <span class='ocrx_word' id='word_1_60' title='bbox 785 455 831 481; x_wconf 87' lang='grc' dir='ltr'>τὸν</span> <span class='ocrx_word' id='word_1_61' title='bbox 846 456 946 491; x_wconf 75' lang='grc' dir='ltr'>ὑψηλὸν</span> 
     </span>
    </p>
   </div>
   <div class='ocr_carea' id='block_1_11' title="bbox 157 493 946 539">
    <p class='ocr_par' dir='ltr' id='par_1_11' title="bbox 157 493 946 539">
     <span class='ocr_line' id='line_1_11' title="bbox 157 493 946 539; baseline 0.014 -20"><span class='ocrx_word' id='word_1_62' title='bbox 157 493 288 539; x_wconf 70' lang='grc' dir='ltr'>βραχίονα</span> <span class='ocrx_word' id='word_1_63' title='bbox 316 496 341 521; x_wconf 91' lang='grc' dir='ltr'><strong>οί</strong></span> <span class='ocrx_word' id='word_1_64' title='bbox 373 496 456 523; x_wconf 84' lang='grc' dir='ltr'>πάλαι</span> <span class='ocrx_word' id='word_1_65' title='bbox 482 498 564 524; x_wconf 74' lang='grc' dir='ltr'>αὑτὸν</span> <span class='ocrx_word' id='word_1_66' title='bbox 592 498 631 531; x_wconf 86' lang='grc' dir='ltr'>ὠς</span> <span class='ocrx_word' id='word_1_67' title='bbox 662 500 699 536; x_wconf 86' lang='grc' dir='ltr'>μὴ</span> <span class='ocrx_word' id='word_1_68' title='bbox 729 501 794 528; x_wconf 74' lang='grc' dir='ltr'>ὄντα</span> <span class='ocrx_word' id='word_1_69' title='bbox 824 501 946 539; x_wconf 77' lang='grc' dir='ltr'>βλασφη-</span> 
     </span>
    </p>
   </div>
   <div class='ocr_carea' id='block_1_12' title="bbox 158 538 946 583">
    <p class='ocr_par' dir='ltr' id='par_1_12' title="bbox 158 538 946 583">
     <span class='ocr_line' id='line_1_12' title="bbox 158 538 946 583; baseline 0.014 -19"><span class='ocrx_word' id='word_1_70' title='bbox 158 538 284 574; x_wconf 76' lang='grc' dir='ltr'>μοῦντες,</span> <span class='ocrx_word' id='word_1_71' title='bbox 305 540 453 568; x_wconf 81' lang='grc' dir='ltr'>παύσονται</span> <span class='ocrx_word' id='word_1_72' title='bbox 475 542 525 578; x_wconf 83' lang='grc' dir='ltr'>τῆς</span> <span class='ocrx_word' id='word_1_73' title='bbox 546 543 674 577; x_wconf 76' lang='grc' dir='ltr'><strong>ἀπονοίας</strong></span> <span class='ocrx_word' id='word_1_74' title='bbox 696 546 812 582; x_wconf 80' lang='grc' dir='ltr'>αἰσχύνῃ</span> <span class='ocrx_word' id='word_1_75' title='bbox 833 548 946 583; x_wconf 71' lang='grc' dir='ltr'>κατεχόο</span> 
     </span>
    </p>
   </div>
   <div class='ocr_carea' id='block_1_13' title="bbox 158 593 245 620">
    <p class='ocr_par' dir='ltr' id='par_1_13' title="bbox 158 593 245 620">
     <span class='ocr_line' id='line_1_13' title="bbox 158 593 245 620; baseline 0.011 -9"><span class='ocrx_word' id='word_1_76' title='bbox 158 593 245 620; x_wconf 79' lang='grc' dir='ltr'>μενοι.</span> 
     </span>
    </p>
   </div>
   <div class='ocr_carea' id='block_1_14' title="bbox 195 631 946 669">
    <p class='ocr_par' dir='ltr' id='par_1_14' title="bbox 195 631 946 669">
     <span class='ocr_line' id='line_1_14' title="bbox 195 631 946 669; baseline 0.012 -12"><span class='ocrx_word' id='word_1_77' title='bbox 195 639 205 657; x_wconf 78' lang='grc' dir='ltr'><strong>ι</strong></span> <span class='ocrx_word' id='word_1_78' title='bbox 225 631 308 667; x_wconf 84' lang='grc' dir='ltr'><strong>Ζῆλος</strong></span> <span class='ocrx_word' id='word_1_79' title='bbox 322 632 437 669; x_wconf 78' lang='grc' dir='ltr'>λήψεται</span> <span class='ocrx_word' id='word_1_80' title='bbox 447 633 511 661; x_wconf 74' lang='grc' dir='ltr'>λαὸν</span> <span class='ocrx_word' id='word_1_81' title='bbox 531 634 704 664; x_wconf 86' lang='grc' dir='ltr'>ἀπαίδευτον.</span> <span class='ocrx_word' id='word_1_82' title='bbox 724 645 733 663; x_wconf 71' lang='grc' dir='ltr'><strong>ι</strong></span> <span class='ocrx_word' id='word_1_83' title='bbox 752 637 904 665; x_wconf 79' lang='grc' dir='ltr'>Αἰνίττεται</span> <span class='ocrx_word' id='word_1_84' title='bbox 918 639 946 666; x_wconf 65' lang='grc' dir='ltr'>δὲ</span> 
     </span>
    </p>
   </div>
   <div class='ocr_carea' id='block_1_15' title="bbox 155 675 945 720">
    <p class='ocr_par' dir='ltr' id='par_1_15' title="bbox 155 675 945 720">
     <span class='ocr_line' id='line_1_15' title="bbox 155 675 945 720; baseline 0.011 -19"><span class='ocrx_word' id='word_1_85' title='bbox 155 675 219 707; x_wconf 76' lang='grc' dir='ltr'>τοὺς</span> <span class='ocrx_word' id='word_1_86' title='bbox 236 677 268 702; x_wconf 78' lang='grc' dir='ltr'>ἐκ</span> <span class='ocrx_word' id='word_1_87' title='bbox 283 679 433 713; x_wconf 80' lang='grc' dir='ltr'><strong>περιτομῆς</strong></span> <span class='ocrx_word' id='word_1_88' title='bbox 448 678 486 714; x_wconf 84' lang='grc' dir='ltr'>μὴ</span> <span class='ocrx_word' id='word_1_89' title='bbox 506 679 739 716; x_wconf 78' lang='grc' dir='ltr'>καταδεξαμένους</span> <span class='ocrx_word' id='word_1_90' title='bbox 758 681 806 718; x_wconf 81' lang='grc' dir='ltr'>τὴν</span> <span class='ocrx_word' id='word_1_91' title='bbox 820 683 863 710; x_wconf 84' lang='grc' dir='ltr'><strong>διὰ</strong></span> <span class='ocrx_word' id='word_1_92' title='bbox 877 684 945 720; x_wconf 79' lang='grc' dir='ltr'>Χρι-</span> 
     </span>
    </p>
   </div>
   <div class='ocr_carea' id='block_1_16' title="bbox 157 721 943 760">
    <p class='ocr_par' dir='ltr' id='par_1_16' title="bbox 157 721 943 760">
     <span class='ocr_line' id='line_1_16' title="bbox 157 721 943 760; baseline 0.01 -12"><span class='ocrx_word' id='word_1_93' title='bbox 157 721 220 748; x_wconf 82' lang='grc' dir='ltr'>στοῦ</span> <span class='ocrx_word' id='word_1_94' title='bbox 228 723 317 758; x_wconf 84' lang='grc' dir='ltr'>χάριν.</span> <span class='ocrx_word' id='word_1_95' title='bbox 330 732 338 748; x_wconf 84' lang='lat' dir='ltr'><strong>t</strong></span> <span class='ocrx_word' id='word_1_96' title='bbox 351 724 404 750; x_wconf 78' lang='grc' dir='ltr'><strong>Καὶ</strong></span> <span class='ocrx_word' id='word_1_97' title='bbox 414 723 463 750; x_wconf 82' lang='grc' dir='ltr'>νῦν</span> <span class='ocrx_word' id='word_1_98' title='bbox 477 725 533 760; x_wconf 82' lang='grc' dir='ltr'>πῦρ</span> <span class='ocrx_word' id='word_1_99' title='bbox 547 726 609 758; x_wconf 86' lang='grc' dir='ltr'>τοὺς</span> <span class='ocrx_word' id='word_1_100' title='bbox 624 727 797 760; x_wconf 80' lang='grc' dir='ltr'><strong>ὑπεναντίους</strong></span> <span class='ocrx_word' id='word_1_101' title='bbox 812 729 898 756; x_wconf 79' lang='grc' dir='ltr'><strong>ἔδεται</strong></span> <span class='ocrx_word' id='word_1_102' title='bbox 907 738 914 744; x_wconf 90' lang='grc'><strong>·</strong></span> <span class='ocrx_word' id='word_1_103' title='bbox 933 739 943 756; x_wconf 73' lang='grc' dir='ltr'><strong>ι</strong></span> 
     </span>
    </p>
   </div>
   <div class='ocr_carea' id='block_1_17' title="bbox 155 767 945 812">
    <p class='ocr_par' dir='ltr' id='par_1_17' title="bbox 155 767 945 812">
     <span class='ocr_line' id='line_1_17' title="bbox 155 767 945 812; baseline 0.009 -18"><span class='ocrx_word' id='word_1_104' title='bbox 155 767 194 799; x_wconf 83' lang='grc' dir='ltr'>ὼς</span> <span class='ocrx_word' id='word_1_105' title='bbox 224 767 257 794; x_wconf 75' lang='grc' dir='ltr'>ἂν</span> <span class='ocrx_word' id='word_1_106' title='bbox 284 769 421 803; x_wconf 74' lang='grc' dir='ltr'><strong>ἀποφάσει</strong></span> <span class='ocrx_word' id='word_1_107' title='bbox 448 770 718 807; x_wconf 77' lang='grc' dir='ltr'>ὐποδληθησομένους</span> <span class='ocrx_word' id='word_1_108' title='bbox 744 775 777 809; x_wconf 81' lang='grc' dir='ltr'>τῇ</span> <span class='ocrx_word' id='word_1_109' title='bbox 810 773 945 812; x_wconf 84' lang='grc' dir='ltr'><strong>λεγούσῃ·</strong></span> 
     </span>
    </p>
   </div>
   <div class='ocr_carea' id='block_1_18' title="bbox 158 816 946 858">
    <p class='ocr_par' dir='ltr' id='par_1_18' title="bbox 158 816 946 858">
     <span class='ocr_line' id='line_1_18' title="bbox 158 816 946 858; baseline 0.01 -16"><span class='ocrx_word' id='word_1_110' title='bbox 158 825 168 841; x_wconf 74' lang='grc' dir='ltr'><strong>ι</strong></span> <span class='ocrx_word' id='word_1_111' title='bbox 186 816 335 851; x_wconf 74' lang='grc' dir='ltr'><strong>Πορεύεσθε</strong></span> <span class='ocrx_word' id='word_1_112' title='bbox 353 818 393 849; x_wconf 82' lang='grc' dir='ltr'><strong>εἰς</strong></span> <span class='ocrx_word' id='word_1_113' title='bbox 403 819 434 843; x_wconf 77' lang='grc' dir='ltr'>τὸ</span> <span class='ocrx_word' id='word_1_114' title='bbox 448 817 504 854; x_wconf 87' lang='grc' dir='ltr'>πῦρ</span> <span class='ocrx_word' id='word_1_115' title='bbox 522 819 552 845; x_wconf 81' lang='grc' dir='ltr'>τὸ</span> <span class='ocrx_word' id='word_1_116' title='bbox 577 818 684 846; x_wconf 87' lang='grc' dir='ltr'>αἰώνιον</span> <span class='ocrx_word' id='word_1_117' title='bbox 701 820 731 846; x_wconf 83' lang='grc' dir='ltr'>τὸ</span> <span class='ocrx_word' id='word_1_118' title='bbox 747 821 946 858; x_wconf 79' lang='grc' dir='ltr'><strong>ἡτοιμασμένον</strong></span> 
     </span>
    </p>
   </div>
   <div class='ocr_carea' id='block_1_19' title="bbox 154 861 946 904">
    <p class='ocr_par' dir='ltr' id='par_1_19' title="bbox 154 861 946 904">
     <span class='ocr_line' id='line_1_19' title="bbox 154 861 946 904; baseline 0.01 -16"><span class='ocrx_word' id='word_1_119' title='bbox 154 861 195 898; x_wconf 85' lang='grc' dir='ltr'><strong>τῷ</strong></span> <span class='ocrx_word' id='word_1_120' title='bbox 219 862 334 898; x_wconf 74' lang='grc' dir='ltr'>διαϐόλῳ</span> <span class='ocrx_word' id='word_1_121' title='bbox 360 864 407 890; x_wconf 81' lang='grc' dir='ltr'>καὶ</span> <span class='ocrx_word' id='word_1_122' title='bbox 430 865 487 896; x_wconf 84' lang='grc' dir='ltr'>τοῖς</span> <span class='ocrx_word' id='word_1_123' title='bbox 506 865 631 899; x_wconf 79' lang='grc' dir='ltr'><strong>ἀγγέλοις</strong></span> <span class='ocrx_word' id='word_1_124' title='bbox 645 866 739 893; x_wconf 75' lang='grc' dir='ltr'>αὐτοῦ.</span> <span class='ocrx_word' id='word_1_125' title='bbox 761 876 770 894; x_wconf 72' lang='grc' dir='ltr'><strong>ι</strong></span> <span class='ocrx_word' id='word_1_126' title='bbox 795 868 902 904; x_wconf 81' lang='grc' dir='ltr'>Ἐπειδὴ</span> <span class='ocrx_word' id='word_1_127' title='bbox 916 869 946 896; x_wconf 80' lang='grc' dir='ltr'><strong>τὸ</strong></span> 
     </span>
    </p>
   </div>
   <div class='ocr_carea' id='block_1_20' title="bbox 156 908 945 950">
    <p class='ocr_par' dir='ltr' id='par_1_20' title="bbox 156 908 945 950">
     <span class='ocr_line' id='line_1_20' title="bbox 156 908 945 950; baseline 0.01 -16"><span class='ocrx_word' id='word_1_128' title='bbox 156 908 216 942; x_wconf 72' lang='grc' dir='ltr'>φῶς</span> <span class='ocrx_word' id='word_1_129' title='bbox 232 909 281 935; x_wconf 73' lang='grc' dir='ltr'>οὐκ</span> <span class='ocrx_word' id='word_1_130' title='bbox 296 908 430 942; x_wconf 76' lang='grc' dir='ltr'>ἐδέξαντο,</span> <span class='ocrx_word' id='word_1_131' title='bbox 447 910 678 946; x_wconf 77' lang='grc' dir='ltr'>παραδοθήσονται</span> <span class='ocrx_word' id='word_1_132' title='bbox 694 912 733 949; x_wconf 83' lang='grc' dir='ltr'>τῷ</span> <span class='ocrx_word' id='word_1_133' title='bbox 752 913 819 950; x_wconf 77' lang='grc' dir='ltr'>πυρὶ</span> <span class='ocrx_word' id='word_1_134' title='bbox 843 915 890 942; x_wconf 81' lang='grc' dir='ltr'>καὶ</span> <span class='ocrx_word' id='word_1_135' title='bbox 905 915 945 950; x_wconf 86' lang='grc' dir='ltr'>τῷ</span> 
     </span>
    </p>
   </div>
   <div class='ocr_carea' id='block_1_21' title="bbox 157 953 258 980">
    <p class='ocr_par' dir='ltr' id='par_1_21' title="bbox 157 953 258 980">
     <span class='ocr_line' id='line_1_21' title="bbox 157 953 258 980; baseline -0.01 0"><span class='ocrx_word' id='word_1_136' title='bbox 157 953 258 980; x_wconf 73' lang='grc' dir='ltr'>σκότει.</span> 
     </span>
    </p>
   </div>
   <div class='ocr_carea' id='block_1_22' title="bbox 192 999 944 1040">
    <p class='ocr_par' dir='ltr' id='par_1_22' title="bbox 192 999 944 1040">
     <span class='ocr_line' id='line_1_22' title="bbox 192 999 944 1040; baseline 0.013 -16"><span class='ocrx_word' id='word_1_137' title='bbox 192 1008 203 1024; x_wconf 74' lang='grc' dir='ltr'><strong>ι</strong></span> <span class='ocrx_word' id='word_1_138' title='bbox 218 999 303 1035; x_wconf 79' lang='grc' dir='ltr'>Κύριε</span> <span class='ocrx_word' id='word_1_139' title='bbox 333 1000 348 1026; x_wconf 82' lang='grc' dir='ltr'><strong>ὁ</strong></span> <span class='ocrx_word' id='word_1_140' title='bbox 369 1000 434 1032; x_wconf 80' lang='grc' dir='ltr'>Θεὸς</span> <span class='ocrx_word' id='word_1_141' title='bbox 454 1001 542 1036; x_wconf 66' lang='grc' dir='ltr'>ἡμῶν,</span> <span class='ocrx_word' id='word_1_142' title='bbox 560 1002 670 1039; x_wconf 80' lang='grc' dir='ltr'>εἰρήνην</span> <span class='ocrx_word' id='word_1_143' title='bbox 687 1003 732 1036; x_wconf 80' lang='grc' dir='ltr'><strong>δὺς</strong></span> <span class='ocrx_word' id='word_1_144' title='bbox 745 1005 809 1040; x_wconf 82' lang='grc' dir='ltr'>ἡμῖν</span> <span class='ocrx_word' id='word_1_145' title='bbox 822 1014 828 1021; x_wconf 89' lang='grc'>·</span> <span class='ocrx_word' id='word_1_146' title='bbox 856 1007 944 1034; x_wconf 86' lang='grc' dir='ltr'>πάντα</span> 
     </span>
    </p>
   </div>
   <div class='ocr_carea' id='block_1_23' title="bbox 102 1042 944 1088">
    <p class='ocr_par' dir='ltr' id='par_1_23' title="bbox 102 1042 944 1088">
     <span class='ocr_line' id='line_1_23' title="bbox 102 1042 944 1088; baseline 0.012 -19"><span class='ocrx_word' id='word_1_147' title='bbox 102 1055 107 1060; x_wconf 88' lang='grc'><strong>·</strong></span> <span class='ocrx_word' id='word_1_148' title='bbox 155 1042 209 1080; x_wconf 80' lang='grc' dir='ltr'><strong>γὰρ</strong></span> <span class='ocrx_word' id='word_1_149' title='bbox 235 1045 380 1077; x_wconf 79' lang='grc' dir='ltr'><strong>ἀπέδωκας</strong></span> <span class='ocrx_word' id='word_1_150' title='bbox 411 1047 486 1080; x_wconf 79' lang='grc' dir='ltr'>ἡμῖν.</span> <span class='ocrx_word' id='word_1_151' title='bbox 509 1046 595 1083; x_wconf 84' lang='grc' dir='ltr'>Κύριε</span> <span class='ocrx_word' id='word_1_152' title='bbox 620 1049 634 1075; x_wconf 88' lang='grc'>6</span> <span class='ocrx_word' id='word_1_153' title='bbox 655 1049 720 1081; x_wconf 80' lang='grc' dir='ltr'>Θεὸς</span> <span class='ocrx_word' id='word_1_154' title='bbox 739 1051 826 1086; x_wconf 79' lang='grc' dir='ltr'>ἡμῶν,</span> <span class='ocrx_word' id='word_1_155' title='bbox 846 1053 944 1088; x_wconf 80' lang='grc' dir='ltr'>κτῆσαι</span> 
     </span>
    </p>
   </div>
   <div class='ocr_carea' id='block_1_24' title="bbox 155 1090 945 1134">
    <p class='ocr_par' dir='ltr' id='par_1_24' title="bbox 155 1090 945 1134">
     <span class='ocr_line' id='line_1_24' title="bbox 155 1090 945 1134; baseline 0.014 -19"><span class='ocrx_word' id='word_1_156' title='bbox 155 1090 237 1125; x_wconf 74' lang='grc' dir='ltr'>ἡμᾶς.</span> <span class='ocrx_word' id='word_1_157' title='bbox 253 1091 349 1126; x_wconf 79' lang='grc' dir='ltr'>Κύριε,</span> <span class='ocrx_word' id='word_1_158' title='bbox 364 1092 442 1124; x_wconf 78' lang='grc' dir='ltr'>ἐκτὸς</span> <span class='ocrx_word' id='word_1_159' title='bbox 456 1092 502 1119; x_wconf 84' lang='grc' dir='ltr'>σοῦ</span> <span class='ocrx_word' id='word_1_160' title='bbox 518 1093 596 1120; x_wconf 80' lang='grc' dir='ltr'>ἄλλον</span> <span class='ocrx_word' id='word_1_161' title='bbox 609 1095 659 1121; x_wconf 82' lang='grc' dir='ltr'>οὐκ</span> <span class='ocrx_word' id='word_1_162' title='bbox 672 1096 782 1132; x_wconf 79' lang='grc' dir='ltr'>οἴδαμεν</span> <span class='ocrx_word' id='word_1_163' title='bbox 792 1106 798 1112; x_wconf 93' lang='grc'><strong>·</strong></span> <span class='ocrx_word' id='word_1_164' title='bbox 815 1097 845 1124; x_wconf 86' lang='grc' dir='ltr'><strong>τδ</strong></span> <span class='ocrx_word' id='word_1_165' title='bbox 860 1099 945 1134; x_wconf 74' lang='grc' dir='ltr'>ὄνομά</span> 
     </span>
    </p>
   </div>
   <div class='ocr_carea' id='block_1_25' title="bbox 155 1137 945 1181">
    <p class='ocr_par' dir='ltr' id='par_1_25' title="bbox 155 1137 945 1181">
     <span class='ocr_line' id='line_1_25' title="bbox 155 1137 945 1181; baseline 0.013 -19"><span class='ocrx_word' id='word_1_166' title='bbox 155 1145 202 1163; x_wconf 82' lang='grc' dir='ltr'><strong>σου</strong></span> <span class='ocrx_word' id='word_1_167' title='bbox 217 1137 395 1173; x_wconf 79' lang='grc' dir='ltr'>ὀνομάζομεν.</span> <span class='ocrx_word' id='word_1_168' title='bbox 415 1149 424 1164; x_wconf 74' lang='grc' dir='ltr'><strong>ι</strong></span> <span class='ocrx_word' id='word_1_169' title='bbox 441 1139 517 1167; x_wconf 82' lang='grc' dir='ltr'>Καλά</span> <span class='ocrx_word' id='word_1_170' title='bbox 537 1141 585 1176; x_wconf 82' lang='grc' dir='ltr'>μὲν</span> <span class='ocrx_word' id='word_1_171' title='bbox 601 1141 655 1178; x_wconf 82' lang='grc' dir='ltr'><strong>γάρ</strong></span> <span class='ocrx_word' id='word_1_172' title='bbox 673 1143 718 1169; x_wconf 83' lang='grc' dir='ltr'>καὶ</span> <span class='ocrx_word' id='word_1_173' title='bbox 734 1144 768 1170; x_wconf 74' lang='grc' dir='ltr'><strong>τὰ</strong></span> <span class='ocrx_word' id='word_1_174' title='bbox 782 1143 849 1171; x_wconf 79' lang='grc' dir='ltr'>ἄλλα</span> <span class='ocrx_word' id='word_1_175' title='bbox 869 1146 945 1181; x_wconf 75' lang='grc' dir='ltr'>παρὰ</span> 
     </span>
    </p>
   </div>
   <div class='ocr_carea' id='block_1_26' title="bbox 156 1181 942 1228">
    <p class='ocr_par' dir='ltr' id='par_1_26' title="bbox 156 1181 942 1228">
     <span class='ocr_line' id='line_1_26' title="bbox 156 1181 942 1228; baseline 0.015 -21"><span class='ocrx_word' id='word_1_176' title='bbox 156 1181 202 1208; x_wconf 80' lang='grc' dir='ltr'><strong>σοῦ</strong></span> <span class='ocrx_word' id='word_1_177' title='bbox 220 1182 307 1209; x_wconf 79' lang='grc' dir='ltr'>πάντα</span> <span class='ocrx_word' id='word_1_178' title='bbox 319 1191 325 1198; x_wconf 87' lang='grc'><strong>·</strong></span> <span class='ocrx_word' id='word_1_179' title='bbox 340 1183 371 1209; x_wconf 77' lang='grc' dir='ltr'><strong>τὸ</strong></span> <span class='ocrx_word' id='word_1_180' title='bbox 386 1184 414 1210; x_wconf 81' lang='grc' dir='ltr'>δὲ</span> <span class='ocrx_word' id='word_1_181' title='bbox 427 1185 556 1220; x_wconf 76' lang='grc' dir='ltr'>μέγιστον</span> <span class='ocrx_word' id='word_1_182' title='bbox 565 1186 651 1222; x_wconf 83' lang='grc' dir='ltr'>δῶρον</span> <span class='ocrx_word' id='word_1_183' title='bbox 667 1189 683 1223; x_wconf 77' lang='grc' dir='ltr'><strong>ἢ</strong></span> <span class='ocrx_word' id='word_1_184' title='bbox 700 1189 776 1224; x_wconf 81' lang='grc' dir='ltr'><strong>παρά</strong></span> <span class='ocrx_word' id='word_1_185' title='bbox 794 1190 850 1222; x_wconf 76' lang='grc' dir='ltr'>σοῦ,</span> <span class='ocrx_word' id='word_1_186' title='bbox 868 1192 942 1228; x_wconf 72' lang='grc' dir='ltr'>καὶὴ</span> 
     </span>
    </p>
   </div>
   <div class='ocr_carea' id='block_1_27' title="bbox 155 1227 942 1272">
    <p class='ocr_par' dir='ltr' id='par_1_27' title="bbox 155 1227 942 1272">
     <span class='ocr_line' id='line_1_27' title="bbox 155 1227 942 1272; baseline 0.014 -19"><span class='ocrx_word' id='word_1_187' title='bbox 155 1227 223 1263; x_wconf 82' lang='grc' dir='ltr'>πρὸς</span> <span class='ocrx_word' id='word_1_188' title='bbox 235 1229 329 1255; x_wconf 77' lang='grc' dir='ltr'>ἑαυτὸν</span> <span class='ocrx_word' id='word_1_189' title='bbox 348 1231 442 1266; x_wconf 78' lang='grc' dir='ltr'>εἰρήνη</span> <span class='ocrx_word' id='word_1_190' title='bbox 462 1232 600 1267; x_wconf 81' lang='grc' dir='ltr'>τυγχάνει,</span> <span class='ocrx_word' id='word_1_191' title='bbox 618 1233 652 1260; x_wconf 82' lang='grc' dir='ltr'><strong>ἵν’</strong></span> <span class='ocrx_word' id='word_1_192' title='bbox 668 1234 841 1262; x_wconf 80' lang='grc' dir='ltr'>ἀστασίαστοι</span> <span class='ocrx_word' id='word_1_193' title='bbox 859 1227 942 1272; x_wconf 82' lang='grc' dir='ltr'>ὦμεν,</span> 
     </span>
    </p>
   </div>
   <div class='ocr_carea' id='block_1_28' title="bbox 155 1274 943 1319">
    <p class='ocr_par' dir='ltr' id='par_1_28' title="bbox 155 1274 943 1319">
     <span class='ocr_line' id='line_1_28' title="bbox 155 1274 943 1319; baseline 0.014 -20"><span class='ocrx_word' id='word_1_194' title='bbox 155 1274 202 1300; x_wconf 80' lang='grc' dir='ltr'>καὶ</span> <span class='ocrx_word' id='word_1_195' title='bbox 214 1274 378 1310; x_wconf 82' lang='grc' dir='ltr'>χρονεύουσα</span> <span class='ocrx_word' id='word_1_196' title='bbox 390 1277 456 1312; x_wconf 85' lang='grc' dir='ltr'>πρὸς</span> <span class='ocrx_word' id='word_1_197' title='bbox 468 1278 497 1304; x_wconf 84' lang='grc' dir='ltr'>σὲ</span> <span class='ocrx_word' id='word_1_198' title='bbox 511 1279 656 1312; x_wconf 82' lang='grc' dir='ltr'>διαπαντὸς</span> <span class='ocrx_word' id='word_1_199' title='bbox 667 1280 823 1314; x_wconf 75' lang='grc' dir='ltr'>φυλάττοιτο</span> <span class='ocrx_word' id='word_1_200' title='bbox 839 1283 913 1318; x_wconf 73' lang='grc' dir='ltr'>ἡμῶν</span> <span class='ocrx_word' id='word_1_201' title='bbox 926 1285 943 1319; x_wconf 81' lang='grc' dir='ltr'><strong>ή</strong></span> 
     </span>
    </p>
   </div>
   <div class='ocr_carea' id='block_1_29' title="bbox 153 1319 944 1364">
    <p class='ocr_par' dir='ltr' id='par_1_29' title="bbox 153 1319 944 1364">
     <span class='ocr_line' id='line_1_29' title="bbox 153 1319 944 1364; baseline 0.015 -20"><span class='ocrx_word' id='word_1_202' title='bbox 153 1319 237 1354; x_wconf 74' lang='grc' dir='ltr'><strong>ψυχή.</strong></span> <span class='ocrx_word' id='word_1_203' title='bbox 255 1320 340 1347; x_wconf 83' lang='grc' dir='ltr'>Τοῦτο</span> <span class='ocrx_word' id='word_1_204' title='bbox 355 1321 377 1347; x_wconf 80' lang='grc' dir='ltr'>δ’</span> <span class='ocrx_word' id='word_1_205' title='bbox 388 1322 421 1348; x_wconf 86' lang='grc' dir='ltr'>ἂν</span> <span class='ocrx_word' id='word_1_206' title='bbox 434 1323 545 1357; x_wconf 83' lang='grc' dir='ltr'>γένοιτο,</span> <span class='ocrx_word' id='word_1_207' title='bbox 563 1326 586 1351; x_wconf 88' lang='grc' dir='ltr'><strong>εί</strong></span> <span class='ocrx_word' id='word_1_208' title='bbox 601 1325 758 1364; x_wconf 80' lang='grc' dir='ltr'>καταξιὼσῃ</span> <span class='ocrx_word' id='word_1_209' title='bbox 774 1329 866 1364; x_wconf 84' lang='grc' dir='ltr'>κτῆμα</span> <span class='ocrx_word' id='word_1_210' title='bbox 883 1339 944 1356; x_wconf 75' lang='grc' dir='ltr'>σαυ-</span> 
     </span>
    </p>
   </div>
   <div class='ocr_carea' id='block_1_30' title="bbox 153 1364 944 1408">
    <p class='ocr_par' dir='ltr' id='par_1_30' title="bbox 153 1364 944 1408">
     <span class='ocr_line' id='line_1_30' title="bbox 153 1364 944 1408; baseline 0.015 -17"><span class='ocrx_word' id='word_1_211' title='bbox 153 1364 200 1392; x_wconf 77' lang='grc' dir='ltr'><strong>τοῦ</strong></span> <span class='ocrx_word' id='word_1_212' title='bbox 226 1366 290 1393; x_wconf 81' lang='grc' dir='ltr'>ἴδιον</span> <span class='ocrx_word' id='word_1_213' title='bbox 306 1367 432 1401; x_wconf 85' lang='grc' dir='ltr'>γενέσθαι</span> <span class='ocrx_word' id='word_1_214' title='bbox 449 1369 537 1405; x_wconf 77' lang='grc' dir='ltr'>ἡμᾶς·</span> <span class='ocrx_word' id='word_1_215' title='bbox 553 1372 613 1398; x_wconf 74' lang='grc' dir='ltr'>ἐπεὶ</span> <span class='ocrx_word' id='word_1_216' title='bbox 627 1372 672 1398; x_wconf 79' lang='grc' dir='ltr'>καὶ</span> <span class='ocrx_word' id='word_1_217' title='bbox 691 1374 772 1408; x_wconf 79' lang='grc' dir='ltr'>ἡμεῖς</span> <span class='ocrx_word' id='word_1_218' title='bbox 793 1375 842 1401; x_wconf 82' lang='grc' dir='ltr'><strong>οὐκ</strong></span> <span class='ocrx_word' id='word_1_219' title='bbox 864 1375 944 1403; x_wconf 83' lang='grc' dir='ltr'>ἀλλον</span> 
     </span>
    </p>
   </div>
   <div class='ocr_carea' id='block_1_31' title="bbox 152 1410 944 1459">
    <p class='ocr_par' dir='ltr' id='par_1_31' title="bbox 152 1410 944 1459">
     <span class='ocr_line' id='line_1_31' title="bbox 152 1410 944 1459; baseline 0.016 -23"><span class='ocrx_word' id='word_1_220' title='bbox 152 1410 214 1437; x_wconf 73' lang='grc' dir='ltr'>τινὰ</span> <span class='ocrx_word' id='word_1_221' title='bbox 228 1411 339 1447; x_wconf 82' lang='grc' dir='ltr'>οἴδαμεν</span> <span class='ocrx_word' id='word_1_222' title='bbox 354 1412 370 1448; x_wconf 86' lang='grc' dir='ltr'><strong>ἢ</strong></span> <span class='ocrx_word' id='word_1_223' title='bbox 388 1413 428 1446; x_wconf 76' lang='grc' dir='ltr'>σὲ,</span> <span class='ocrx_word' id='word_1_224' title='bbox 442 1415 489 1441; x_wconf 77' lang='grc' dir='ltr'>καὶ</span> <span class='ocrx_word' id='word_1_225' title='bbox 508 1416 580 1452; x_wconf 73' lang='grc' dir='ltr'>μόνῳ</span> <span class='ocrx_word' id='word_1_226' title='bbox 599 1417 638 1453; x_wconf 85' lang='grc' dir='ltr'>τῷ</span> <span class='ocrx_word' id='word_1_227' title='bbox 650 1418 762 1454; x_wconf 78' lang='grc' dir='ltr'>ὀνόματί</span> <span class='ocrx_word' id='word_1_228' title='bbox 778 1429 826 1447; x_wconf 87' lang='grc' dir='ltr'><strong>σου</strong></span> <span class='ocrx_word' id='word_1_229' title='bbox 846 1422 944 1459; x_wconf 79' lang='grc' dir='ltr'>τεθαρ-</span> 
     </span>
    </p>
   </div>
   <div class='ocr_carea' id='block_1_32' title="bbox 154 1457 943 1503">
    <p class='ocr_par' dir='ltr' id='par_1_32' title="bbox 154 1457 943 1503">
     <span class='ocr_line' id='line_1_32' title="bbox 154 1457 943 1503; baseline 0.015 -21"><span class='ocrx_word' id='word_1_230' title='bbox 154 1457 286 1503; x_wconf 59' lang='grc' dir='ltr'>ρήκαμεν.</span> <span class='ocrx_word' id='word_1_231' title='bbox 320 1459 384 1485; x_wconf 84' lang='grc' dir='ltr'>’ὐτε</span> <span class='ocrx_word' id='word_1_232' title='bbox 415 1460 506 1488; x_wconf 78' lang='grc' dir='ltr'>τοίνυν</span> <span class='ocrx_word' id='word_1_233' title='bbox 537 1463 632 1490; x_wconf 80' lang='grc' dir='ltr'>οὐδένα</span> <span class='ocrx_word' id='word_1_234' title='bbox 661 1465 753 1501; x_wconf 75' lang='grc' dir='ltr'>ἕτερον</span> <span class='ocrx_word' id='word_1_235' title='bbox 772 1457 943 1503; x_wconf 79' lang='grc' dir='ltr'>ἑκεκτήμεθα</span> 
     </span>
    </p>
   </div>
   <div class='ocr_carea' id='block_1_33' title="bbox 154 1501 943 1546">
    <p class='ocr_par' dir='ltr' id='par_1_33' title="bbox 154 1501 943 1546">
     <span class='ocr_line' id='line_1_33' title="bbox 154 1501 943 1546; baseline 0.016 -19"><span class='ocrx_word' id='word_1_236' title='bbox 154 1501 184 1527; x_wconf 66' lang='grc' dir='ltr'>ἐν</span> <span class='ocrx_word' id='word_1_237' title='bbox 211 1502 255 1546; x_wconf 80' lang='grc' dir='ltr'>τῷ</span> <span class='ocrx_word' id='word_1_238' title='bbox 288 1503 337 1539; x_wconf 86' lang='grc' dir='ltr'><strong>βίῳ</strong></span> <span class='ocrx_word' id='word_1_239' title='bbox 368 1505 384 1540; x_wconf 80' lang='grc' dir='ltr'>ἢ</span> <span class='ocrx_word' id='word_1_240' title='bbox 418 1505 458 1538; x_wconf 75' lang='grc' dir='ltr'>σὲ,</span> <span class='ocrx_word' id='word_1_241' title='bbox 493 1507 604 1540; x_wconf 80' lang='grc' dir='ltr'>εἰκότως</span> <span class='ocrx_word' id='word_1_242' title='bbox 632 1509 824 1546; x_wconf 78' lang='grc' dir='ltr'>ἀντιϐολοῦμεν</span> <span class='ocrx_word' id='word_1_243' title='bbox 858 1501 943 1540; x_wconf 75' lang='grc' dir='ltr'>κατα-</span> 
     </span>
    </p>
   </div>
   <div class='ocr_carea' id='block_1_34' title="bbox 155 1545 942 1589">
    <p class='ocr_par' dir='ltr' id='par_1_34' title="bbox 155 1545 942 1589">
     <span class='ocr_line' id='line_1_34' title="bbox 155 1545 942 1589; baseline 0.017 -18"><span class='ocrx_word' id='word_1_244' title='bbox 155 1545 282 1582; x_wconf 80' lang='grc' dir='ltr'>ξιωθῆναι</span> <span class='ocrx_word' id='word_1_245' title='bbox 307 1548 357 1584; x_wconf 82' lang='grc' dir='ltr'>τῆς</span> <span class='ocrx_word' id='word_1_246' title='bbox 383 1549 432 1584; x_wconf 80' lang='grc' dir='ltr'>σῆς</span> <span class='ocrx_word' id='word_1_247' title='bbox 458 1550 584 1585; x_wconf 84' lang='grc' dir='ltr'>γενέσθαι</span> <span class='ocrx_word' id='word_1_248' title='bbox 610 1553 717 1589; x_wconf 84' lang='grc' dir='ltr'>μερίδος</span> <span class='ocrx_word' id='word_1_249' title='bbox 745 1556 792 1582; x_wconf 76' lang='grc' dir='ltr'>καὶ</span> <span class='ocrx_word' id='word_1_250' title='bbox 817 1557 865 1583; x_wconf 82' lang='grc' dir='ltr'>τοῦ</span> <span class='ocrx_word' id='word_1_251' title='bbox 894 1559 942 1584; x_wconf 83' lang='grc' dir='ltr'>σοῦ</span> 
     </span>
    </p>
   </div>
   <div class='ocr_carea' id='block_1_35' title="bbox 154 1593 265 1628">
    <p class='ocr_par' dir='ltr' id='par_1_35' title="bbox 154 1593 265 1628">
     <span class='ocr_line' id='line_1_35' title="bbox 154 1593 265 1628; baseline 0 -9"><span class='ocrx_word' id='word_1_252' title='bbox 154 1593 265 1628; x_wconf 76' lang='grc' dir='ltr'>κλήρου.</span> 
     </span>
    </p>
   </div>
   <div class='ocr_carea' id='block_1_36' title="bbox 191 1640 943 1686">
    <p class='ocr_par' dir='ltr' id='par_1_36' title="bbox 191 1640 943 1686">
     <span class='ocr_line' id='line_1_36' title="bbox 191 1640 943 1686; baseline 0.016 -21"><span class='ocrx_word' id='word_1_253' title='bbox 191 1648 200 1664; x_wconf 83' lang='lat' dir='ltr'><strong>t</strong></span> <span class='ocrx_word' id='word_1_254' title='bbox 223 1640 254 1666; x_wconf 85' lang='grc' dir='ltr'>υἱ</span> <span class='ocrx_word' id='word_1_255' title='bbox 274 1640 303 1667; x_wconf 79' lang='grc' dir='ltr'>δὲ</span> <span class='ocrx_word' id='word_1_256' title='bbox 318 1643 409 1677; x_wconf 71' lang='grc' dir='ltr'>νεκροὶ</span> <span class='ocrx_word' id='word_1_257' title='bbox 423 1641 494 1678; x_wconf 83' lang='grc' dir='ltr'>ζωὴν</span> <span class='ocrx_word' id='word_1_258' title='bbox 511 1643 541 1670; x_wconf 79' lang='grc' dir='ltr'>οὐ</span> <span class='ocrx_word' id='word_1_259' title='bbox 557 1645 594 1680; x_wconf 87' lang='grc' dir='ltr'>μὴ</span> <span class='ocrx_word' id='word_1_260' title='bbox 611 1645 713 1679; x_wconf 78' lang='grc' dir='ltr'>ἴδωσιν,</span> <span class='ocrx_word' id='word_1_261' title='bbox 727 1647 787 1675; x_wconf 75' lang='grc' dir='ltr'>οὐδὲ</span> <span class='ocrx_word' id='word_1_262' title='bbox 810 1649 897 1686; x_wconf 86' lang='grc' dir='ltr'>ἰατροί</span> <span class='ocrx_word' id='word_1_263' title='bbox 911 1650 943 1676; x_wconf 80' lang='grc' dir='ltr'>οὐ</span> 
     </span>
    </p>
   </div>
   <div class='ocr_carea' id='block_1_37' title="bbox 154 1684 941 1729">
    <p class='ocr_par' dir='ltr' id='par_1_37' title="bbox 154 1684 941 1729">
     <span class='ocr_line' id='line_1_37' title="bbox 154 1684 941 1729; baseline 0.015 -18"><span class='ocrx_word' id='word_1_264' title='bbox 154 1684 191 1720; x_wconf 85' lang='grc' dir='ltr'>μὴ</span> <span class='ocrx_word' id='word_1_265' title='bbox 201 1686 384 1722; x_wconf 84' lang='grc' dir='ltr'>ἀναστήσωσι.</span> <span class='ocrx_word' id='word_1_266' title='bbox 401 1689 451 1716; x_wconf 90' lang='grc' dir='ltr'>Διά</span> <span class='ocrx_word' id='word_1_267' title='bbox 465 1690 544 1716; x_wconf 77' lang='grc' dir='ltr'>τοῦτο</span> <span class='ocrx_word' id='word_1_268' title='bbox 559 1692 712 1727; x_wconf 73' lang='grc' dir='ltr'><strong>ἀπήγαγες,</strong></span> <span class='ocrx_word' id='word_1_269' title='bbox 731 1694 777 1720; x_wconf 85' lang='grc' dir='ltr'>καὶ</span> <span class='ocrx_word' id='word_1_270' title='bbox 787 1684 941 1729; x_wconf 81' lang='grc' dir='ltr'>ἀπώλεσας,</span> 
     </span>
    </p>
   </div>
   <div class='ocr_carea' id='block_1_38' title="bbox 152 1729 940 1777">
    <p class='ocr_par' dir='ltr' id='par_1_38' title="bbox 152 1729 940 1777">
     <span class='ocr_line' id='line_1_38' title="bbox 152 1729 940 1777; baseline 0.015 -20"><span class='ocrx_word' id='word_1_271' title='bbox 152 1731 199 1758; x_wconf 85' lang='grc' dir='ltr'>καὶ</span> <span class='ocrx_word' id='word_1_272' title='bbox 213 1729 283 1768; x_wconf 83' lang='grc' dir='ltr'>ἧρας</span> <span class='ocrx_word' id='word_1_273' title='bbox 295 1734 348 1760; x_wconf 78' lang='grc' dir='ltr'>πᾶν</span> <span class='ocrx_word' id='word_1_274' title='bbox 365 1734 448 1769; x_wconf 80' lang='grc' dir='ltr'>ἄρσεν</span> <span class='ocrx_word' id='word_1_275' title='bbox 462 1736 560 1763; x_wconf 74' lang='grc' dir='ltr'>αὐτῶν.</span> <span class='ocrx_word' id='word_1_276' title='bbox 581 1747 590 1763; x_wconf 78' lang='grc' dir='ltr'><strong>ι</strong></span> <span class='ocrx_word' id='word_1_277' title='bbox 614 1739 709 1773; x_wconf 83' lang='grc' dir='ltr'>Ἡμεῖς</span> <span class='ocrx_word' id='word_1_278' title='bbox 724 1739 774 1775; x_wconf 73' lang='grc' dir='ltr'>μὲν</span> <span class='ocrx_word' id='word_1_279' title='bbox 790 1739 847 1773; x_wconf 77' lang='grc' dir='ltr'>οὖν,</span> <span class='ocrx_word' id='word_1_280' title='bbox 865 1743 940 1777; x_wconf 78' lang='grc' dir='ltr'>φησὶ,</span> 
     </span>
    </p>
   </div>
   <div class='ocr_carea' id='block_1_39' title="bbox 153 1777 942 1824">
    <p class='ocr_par' dir='ltr' id='par_1_39' title="bbox 153 1777 942 1824">
     <span class='ocr_line' id='line_1_39' title="bbox 153 1777 942 1824; baseline 0.016 -22"><span class='ocrx_word' id='word_1_281' title='bbox 153 1777 195 1803; x_wconf 72' lang='grc' dir='ltr'>σοὶ</span> <span class='ocrx_word' id='word_1_282' title='bbox 211 1778 304 1824; x_wconf 76' lang='grc' dir='ltr'>ἐσμὲν,</span> <span class='ocrx_word' id='word_1_283' title='bbox 318 1778 413 1815; x_wconf 83' lang='grc' dir='ltr'>Κύριε,</span> <span class='ocrx_word' id='word_1_284' title='bbox 425 1781 472 1807; x_wconf 80' lang='grc' dir='ltr'><strong>καὶ</strong></span> <span class='ocrx_word' id='word_1_285' title='bbox 489 1783 520 1808; x_wconf 73' lang='grc' dir='ltr'>σὺ</span> <span class='ocrx_word' id='word_1_286' title='bbox 536 1783 566 1809; x_wconf 84' lang='grc' dir='ltr'>τὸ</span> <span class='ocrx_word' id='word_1_287' title='bbox 582 1784 714 1820; x_wconf 85' lang='grc' dir='ltr'>ἡμέτερον</span> <span class='ocrx_word' id='word_1_288' title='bbox 730 1786 861 1822; x_wconf 80' lang='grc' dir='ltr'>ὑπάρχεις</span> <span class='ocrx_word' id='word_1_289' title='bbox 874 1788 942 1824; x_wconf 85' lang='grc' dir='ltr'>κτῆ-</span> 
     </span>
    </p>
   </div>
   <div class='ocr_carea' id='block_1_40' title="bbox 153 1823 943 1865">
    <p class='ocr_par' dir='ltr' id='par_1_40' title="bbox 153 1823 943 1865">
     <span class='ocr_line' id='line_1_40' title="bbox 153 1823 943 1865; baseline 0.018 -18"><span class='ocrx_word' id='word_1_290' title='bbox 153 1830 207 1857; x_wconf 88' lang='grc' dir='ltr'>μα·</span> <span class='ocrx_word' id='word_1_291' title='bbox 221 1823 245 1849; x_wconf 89' lang='grc' dir='ltr'>οἱ</span> <span class='ocrx_word' id='word_1_292' title='bbox 258 1823 285 1850; x_wconf 79' lang='grc' dir='ltr'>δὲ</span> <span class='ocrx_word' id='word_1_293' title='bbox 295 1826 355 1856; x_wconf 69' lang='grc' dir='ltr'>ταῖς</span> <span class='ocrx_word' id='word_1_294' title='bbox 364 1826 431 1861; x_wconf 80' lang='grc' dir='ltr'>πρὸς</span> <span class='ocrx_word' id='word_1_295' title='bbox 441 1826 554 1854; x_wconf 81' lang='grc' dir='ltr'>θάνατον</span> <span class='ocrx_word' id='word_1_296' title='bbox 571 1829 716 1865; x_wconf 78' lang='grc' dir='ltr'>ἁμαρτίαις</span> <span class='ocrx_word' id='word_1_297' title='bbox 731 1831 844 1864; x_wconf 81' lang='grc' dir='ltr'>ἑαυτοὺς</span> <span class='ocrx_word' id='word_1_298' title='bbox 856 1823 943 1860; x_wconf 76' lang='grc' dir='ltr'>ἐκδόν-</span> 
     </span>
    </p>
   </div>
   <div class='ocr_carea' id='block_1_41' title="bbox 152 1869 941 1914">
    <p class='ocr_par' dir='ltr' id='par_1_41' title="bbox 152 1869 941 1914">
     <span class='ocr_line' id='line_1_41' title="bbox 152 1869 941 1914; baseline 0.015 -20"><span class='ocrx_word' id='word_1_299' title='bbox 152 1877 208 1900; x_wconf 87' lang='grc' dir='ltr'>τες,</span> <span class='ocrx_word' id='word_1_300' title='bbox 225 1870 272 1895; x_wconf 70' lang='grc' dir='ltr'>καὶ</span> <span class='ocrx_word' id='word_1_301' title='bbox 286 1869 329 1896; x_wconf 77' lang='grc' dir='ltr'><strong>διὰ</strong></span> <span class='ocrx_word' id='word_1_302' title='bbox 341 1870 420 1898; x_wconf 79' lang='grc' dir='ltr'>τοῦτο</span> <span class='ocrx_word' id='word_1_303' title='bbox 430 1873 521 1908; x_wconf 84' lang='grc' dir='ltr'>νεκροί</span> <span class='ocrx_word' id='word_1_304' title='bbox 534 1873 583 1906; x_wconf 81' lang='grc' dir='ltr'><strong>τὰς</strong></span> <span class='ocrx_word' id='word_1_305' title='bbox 595 1874 682 1910; x_wconf 72' lang='grc' dir='ltr'>ψυχάς</span> <span class='ocrx_word' id='word_1_306' title='bbox 695 1877 834 1912; x_wconf 78' lang='grc' dir='ltr'>γενόμενοι</span> <span class='ocrx_word' id='word_1_307' title='bbox 844 1887 850 1893; x_wconf 92' lang='grc'><strong>·</strong></span> <span class='ocrx_word' id='word_1_308' title='bbox 870 1888 879 1904; x_wconf 80' lang='lat' dir='ltr'><strong>t</strong></span> <span class='ocrx_word' id='word_1_309' title='bbox 891 1879 941 1914; x_wconf 80' lang='grc' dir='ltr'>ψυ-</span> 
     </span>
    </p>
   </div>
   <div class='ocr_carea' id='block_1_42' title="bbox 151 1914 940 1961">
    <p class='ocr_par' dir='ltr' id='par_1_42' title="bbox 151 1914 940 1961">
     <span class='ocr_line' id='line_1_42' title="bbox 151 1914 940 1961; baseline 0.018 -22"><span class='ocrx_word' id='word_1_310' title='bbox 151 1914 186 1950; x_wconf 84' lang='grc' dir='ltr'><strong>χὴ</strong></span> <span class='ocrx_word' id='word_1_311' title='bbox 206 1924 216 1940; x_wconf 71' lang='grc' dir='ltr'><strong>ι</strong></span> <span class='ocrx_word' id='word_1_312' title='bbox 235 1915 290 1951; x_wconf 79' lang='grc' dir='ltr'>γὰρ</span> <span class='ocrx_word' id='word_1_313' title='bbox 310 1925 318 1941; x_wconf 74' lang='grc' dir='ltr'><strong>ι</strong></span> <span class='ocrx_word' id='word_1_314' title='bbox 339 1916 542 1954; x_wconf 79' lang='grc' dir='ltr'>ἁμαρτάνουσα,</span> <span class='ocrx_word' id='word_1_315' title='bbox 567 1920 636 1956; x_wconf 85' lang='grc' dir='ltr'>αὓτη</span> <span class='ocrx_word' id='word_1_316' title='bbox 650 1922 843 1951; x_wconf 84' lang='grc' dir='ltr'>ἀποθανεῖται·</span> <span class='ocrx_word' id='word_1_317' title='bbox 863 1934 872 1951; x_wconf 74' lang='grc' dir='ltr'><strong>ι</strong></span> <span class='ocrx_word' id='word_1_318' title='bbox 892 1926 940 1961; x_wconf 85' lang='grc' dir='ltr'>τὴν</span> 
     </span>
    </p>
   </div>
   <div class='ocr_carea' id='block_1_43' title="bbox 150 1961 941 2007">
    <p class='ocr_par' dir='ltr' id='par_1_43' title="bbox 150 1961 941 2007">
     <span class='ocr_line' id='line_1_43' title="bbox 150 1961 941 2007; baseline 0.018 -21"><span class='ocrx_word' id='word_1_319' title='bbox 150 1961 178 1987; x_wconf 86' lang='grc' dir='ltr'>δὲ</span> <span class='ocrx_word' id='word_1_320' title='bbox 190 1961 399 1998; x_wconf 75' lang='grc' dir='ltr'><strong>ἐπηγγελμένην</strong></span> <span class='ocrx_word' id='word_1_321' title='bbox 413 1966 468 1996; x_wconf 84' lang='grc' dir='ltr'>τοῖς</span> <span class='ocrx_word' id='word_1_322' title='bbox 481 1967 568 2000; x_wconf 83' lang='grc' dir='ltr'>ἁγίοις</span> <span class='ocrx_word' id='word_1_323' title='bbox 584 1966 692 1995; x_wconf 85' lang='grc' dir='ltr'>αἰώνιον</span> <span class='ocrx_word' id='word_1_324' title='bbox 706 1969 777 2006; x_wconf 73' lang='grc' dir='ltr'>ζωὴν</span> <span class='ocrx_word' id='word_1_325' title='bbox 798 1971 848 1998; x_wconf 79' lang='grc' dir='ltr'><strong>οὐκ</strong></span> <span class='ocrx_word' id='word_1_326' title='bbox 861 1972 941 2007; x_wconf 71' lang='grc' dir='ltr'>ὄψον-</span> 
     </span>
    </p>
   </div>
   <div class='ocr_carea' id='block_1_44' title="bbox 149 2007 939 2052">
    <p class='ocr_par' dir='ltr' id='par_1_44' title="bbox 149 2007 939 2052">
     <span class='ocr_line' id='line_1_44' title="bbox 149 2007 939 2052; baseline 0.015 -20"><span class='ocrx_word' id='word_1_327' title='bbox 149 2014 205 2038; x_wconf 81' lang='grc' dir='ltr'>ται,</span> <span class='ocrx_word' id='word_1_328' title='bbox 218 2007 277 2034; x_wconf 76' lang='grc' dir='ltr'>οὐδὲ</span> <span class='ocrx_word' id='word_1_329' title='bbox 300 2009 386 2045; x_wconf 78' lang='grc' dir='ltr'>ἰατροί</span> <span class='ocrx_word' id='word_1_330' title='bbox 404 2009 485 2037; x_wconf 86' lang='grc' dir='ltr'>ποθεν</span> <span class='ocrx_word' id='word_1_331' title='bbox 505 2011 664 2045; x_wconf 77' lang='grc' dir='ltr'>ἐπιστάντες</span> <span class='ocrx_word' id='word_1_332' title='bbox 680 2014 749 2041; x_wconf 86' lang='grc' dir='ltr'>κατὰ</span> <span class='ocrx_word' id='word_1_333' title='bbox 762 2015 807 2042; x_wconf 76' lang='grc' dir='ltr'><strong>τὸν</strong></span> <span class='ocrx_word' id='word_1_334' title='bbox 819 2016 868 2051; x_wconf 84' lang='grc' dir='ltr'>τῆς</span> <span class='ocrx_word' id='word_1_335' title='bbox 879 2017 939 2052; x_wconf 91' lang='grc' dir='ltr'>κρί-</span> 
     </span>
    </p>
   </div>
   <div class='ocr_carea' id='block_1_45' title="bbox 150 2054 941 2098">
    <p class='ocr_par' dir='ltr' id='par_1_45' title="bbox 150 2054 941 2098">
     <span class='ocr_line' id='line_1_45' title="bbox 150 2054 941 2098; baseline 0.015 -20"><span class='ocrx_word' id='word_1_336' title='bbox 150 2061 219 2084; x_wconf 84' lang='grc' dir='ltr'>σεως</span> <span class='ocrx_word' id='word_1_337' title='bbox 234 2054 327 2090; x_wconf 77' lang='grc' dir='ltr'>καιρὸν</span> <span class='ocrx_word' id='word_1_338' title='bbox 342 2055 500 2091; x_wconf 81' lang='grc' dir='ltr'>δυνήσονται</span> <span class='ocrx_word' id='word_1_339' title='bbox 512 2058 602 2090; x_wconf 53' lang='grc' dir='ltr'>αὐτοῦ</span> <span class='ocrx_word' id='word_1_340' title='bbox 613 2060 792 2097; x_wconf 83' lang='grc' dir='ltr'>ἐπικουρῆσαι</span> <span class='ocrx_word' id='word_1_341' title='bbox 808 2062 876 2098; x_wconf 72' lang='grc' dir='ltr'>πρὸς</span> <span class='ocrx_word' id='word_1_342' title='bbox 889 2072 941 2090; x_wconf 88' lang='grc' dir='ltr'>σω-</span> 
     </span>
    </p>
   </div>
   <div class='ocr_carea' id='block_1_46' title="bbox 153 2099 940 2142">
    <p class='ocr_par' dir='ltr' id='par_1_46' title="bbox 153 2099 940 2142">
     <span class='ocr_line' id='line_1_46' title="bbox 153 2099 940 2142; baseline 0.014 -17"><span class='ocrx_word' id='word_1_343' title='bbox 153 2099 256 2134; x_wconf 80' lang='grc' dir='ltr'>τηρίαν,</span> <span class='ocrx_word' id='word_1_344' title='bbox 283 2101 336 2127; x_wconf 66' lang='grc' dir='ltr'>οὐδ’</span> <span class='ocrx_word' id='word_1_345' title='bbox 358 2101 391 2128; x_wconf 83' lang='grc' dir='ltr'>ἂν</span> <span class='ocrx_word' id='word_1_346' title='bbox 410 2103 561 2139; x_wconf 85' lang='grc' dir='ltr'>ἀναστῆσαι</span> <span class='ocrx_word' id='word_1_347' title='bbox 585 2105 674 2132; x_wconf 69' lang='grc' dir='ltr'>αὐτῶν</span> <span class='ocrx_word' id='word_1_348' title='bbox 690 2107 740 2142; x_wconf 78' lang='grc' dir='ltr'>τὴν</span> <span class='ocrx_word' id='word_1_349' title='bbox 759 2108 872 2135; x_wconf 83' lang='grc' dir='ltr'>πτῶσιν.</span> <span class='ocrx_word' id='word_1_350' title='bbox 886 2109 940 2141; x_wconf 86' lang='grc' dir='ltr'><strong>Οὓς</strong></span> 
     </span>
    </p>
   </div>
   <div class='ocr_carea' id='block_1_47' title="bbox 150 2145 939 2192">
    <p class='ocr_par' dir='ltr' id='par_1_47' title="bbox 150 2145 939 2192">
     <span class='ocr_line' id='line_1_47' title="bbox 150 2145 939 2192; baseline 0.014 -21"><span class='ocrx_word' id='word_1_351' title='bbox 220 2146 252 2172; x_wconf 82' lang='grc' dir='ltr'>σὺ</span> <span class='ocrx_word' id='word_1_352' title='bbox 267 2148 281 2173; x_wconf 85' lang='grc' dir='ltr'><strong>ὸ</strong></span> <span class='ocrx_word' id='word_1_353' title='bbox 295 2147 379 2182; x_wconf 83' lang='grc' dir='ltr'>μέγας</span> <span class='ocrx_word' id='word_1_354' title='bbox 394 2149 441 2175; x_wconf 76' lang='grc' dir='ltr'>καὶ</span> <span class='ocrx_word' id='word_1_355' title='bbox 455 2150 569 2186; x_wconf 74' lang='grc' dir='ltr'>φοϐερὸς</span> <span class='ocrx_word' id='word_1_356' title='bbox 585 2151 631 2178; x_wconf 76' lang='grc' dir='ltr'>καὶ</span> <span class='ocrx_word' id='word_1_357' title='bbox 642 2152 746 2185; x_wconf 79' lang='grc' dir='ltr'>δίκαιος</span> <span class='ocrx_word' id='word_1_358' title='bbox 760 2154 856 2190; x_wconf 84' lang='grc' dir='ltr'>κρίτης</span> <span class='ocrx_word' id='word_1_359' title='bbox 867 2163 939 2192; x_wconf 89' lang='grc' dir='ltr'>παρ-</span> 
     </span>
    </p>
   </div>
   <div class='ocr_carea' id='block_1_48' title="bbox 150 2190 937 2237">
    <p class='ocr_par' dir='ltr' id='par_1_48' title="bbox 150 2190 937 2237">
     <span class='ocr_line' id='line_1_48' title="bbox 150 2190 937 2237; baseline 0.015 -21"><span class='ocrx_word' id='word_1_360' title='bbox 150 2190 254 2224; x_wconf 80' lang='grc' dir='ltr'>έδωκας</span> <span class='ocrx_word' id='word_1_361' title='bbox 283 2193 415 2229; x_wconf 78' lang='grc' dir='ltr'>ἀπωλείᾳ,</span> <span class='ocrx_word' id='word_1_362' title='bbox 446 2195 487 2227; x_wconf 83' lang='grc' dir='ltr'><strong>τίς</strong></span> <span class='ocrx_word' id='word_1_363' title='bbox 521 2197 621 2233; x_wconf 80' lang='grc' dir='ltr'>ἰατρῶν</span> <span class='ocrx_word' id='word_1_364' title='bbox 650 2198 835 2227; x_wconf 86' lang='grc' dir='ltr'>διασώσασθαι</span> <span class='ocrx_word' id='word_1_365' title='bbox 856 2190 937 2237; x_wconf 78' lang='grc' dir='ltr'>διινῆ-</span> 
     </span>
    </p>
   </div>
   <div class='ocr_carea' id='block_1_49' title="bbox 151 2244 243 2270">
    <p class='ocr_par' dir='ltr' id='par_1_49' title="bbox 151 2244 243 2270">
     <span class='ocr_line' id='line_1_49' title="bbox 151 2244 243 2270; baseline 0.022 -8"><span class='ocrx_word' id='word_1_366' title='bbox 151 2244 225 2264; x_wconf 86' lang='grc' dir='ltr'>σεται</span> <span class='ocrx_word' id='word_1_367' title='bbox 235 2246 243 2270; x_wconf 83' lang='grc'>;</span> 
     </span>
    </p>
   </div>
   <div class='ocr_carea' id='block_1_50' title="bbox 188 2283 937 2328">
    <p class='ocr_par' dir='ltr' id='par_1_50' title="bbox 188 2283 937 2328">
     <span class='ocr_line' id='line_1_50' title="bbox 188 2283 937 2328; baseline 0.016 -19"><span class='ocrx_word' id='word_1_368' title='bbox 188 2292 197 2308; x_wconf 80' lang='lat' dir='ltr'><strong>t</strong></span> <span class='ocrx_word' id='word_1_369' title='bbox 215 2283 263 2310; x_wconf 81' lang='grc' dir='ltr'>Διά</span> <span class='ocrx_word' id='word_1_370' title='bbox 275 2285 351 2311; x_wconf 77' lang='grc' dir='ltr'>τοῦτο</span> <span class='ocrx_word' id='word_1_371' title='bbox 368 2287 510 2322; x_wconf 78' lang='grc' dir='ltr'>ἀπήγαγες</span> <span class='ocrx_word' id='word_1_372' title='bbox 523 2288 570 2314; x_wconf 71' lang='grc' dir='ltr'>καὶ</span> <span class='ocrx_word' id='word_1_373' title='bbox 582 2289 734 2322; x_wconf 81' lang='grc' dir='ltr'>ἀπώλεσας,</span> <span class='ocrx_word' id='word_1_374' title='bbox 748 2293 793 2318; x_wconf 78' lang='grc' dir='ltr'>καὶ</span> <span class='ocrx_word' id='word_1_375' title='bbox 803 2290 872 2328; x_wconf 81' lang='grc' dir='ltr'>ἦρας</span> <span class='ocrx_word' id='word_1_376' title='bbox 882 2294 937 2321; x_wconf 81' lang='grc' dir='ltr'><strong>πᾶν</strong></span> 
     </span>
    </p>
   </div>
   <div class='ocr_carea' id='block_1_51' title="bbox 150 2327 936 2373">
    <p class='ocr_par' dir='ltr' id='par_1_51' title="bbox 150 2327 936 2373">
     <span class='ocr_line' id='line_1_51' title="bbox 150 2327 936 2373; baseline 0.017 -20"><span class='ocrx_word' id='word_1_377' title='bbox 150 2327 234 2363; x_wconf 74' lang='grc' dir='ltr'>ἄρσεν</span> <span class='ocrx_word' id='word_1_378' title='bbox 265 2330 362 2358; x_wconf 71' lang='grc' dir='ltr'>αὐτῶν.</span> <span class='ocrx_word' id='word_1_379' title='bbox 384 2341 393 2357; x_wconf 73' lang='grc' dir='ltr'><strong>ι</strong></span> <span class='ocrx_word' id='word_1_380' title='bbox 422 2333 494 2365; x_wconf 70' lang='grc' dir='ltr'>’ᾼντὶ</span> <span class='ocrx_word' id='word_1_381' title='bbox 524 2334 554 2360; x_wconf 77' lang='grc' dir='ltr'>δὲ</span> <span class='ocrx_word' id='word_1_382' title='bbox 584 2334 643 2367; x_wconf 80' lang='grc' dir='ltr'>τοῦ,</span> <span class='ocrx_word' id='word_1_383' title='bbox 672 2344 682 2360; x_wconf 76' lang='grc' dir='ltr'><strong>ι</strong></span> <span class='ocrx_word' id='word_1_384' title='bbox 711 2336 756 2362; x_wconf 77' lang='grc' dir='ltr'>καὶ</span> <span class='ocrx_word' id='word_1_385' title='bbox 882 2340 936 2366; x_wconf 76' lang='grc' dir='ltr'>πᾶν</span> 
     </span>
    </p>
   </div>
   <div class='ocr_carea' id='block_1_52' title="bbox 150 2373 936 2420">
    <p class='ocr_par' dir='ltr' id='par_1_52' title="bbox 150 2373 936 2420">
     <span class='ocr_line' id='line_1_52' title="bbox 150 2373 936 2420; baseline 0.015 -22"><span class='ocrx_word' id='word_1_386' title='bbox 150 2373 234 2409; x_wconf 79' lang='grc' dir='ltr'>ἄρσεν</span> <span class='ocrx_word' id='word_1_387' title='bbox 251 2375 349 2408; x_wconf 78' lang='grc' dir='ltr'>αὐτῶν,</span> <span class='ocrx_word' id='word_1_388' title='bbox 368 2378 381 2402; x_wconf 75' lang='grc' dir='ltr'><strong>ἰ</strong></span> <span class='ocrx_word' id='word_1_389' title='bbox 405 2378 418 2404; x_wconf 81' lang='lat'><strong><em>6</em></strong></span> <span class='ocrx_word' id='word_1_390' title='bbox 438 2378 594 2414; x_wconf 80' lang='grc' dir='ltr'>Σύμμαχος,</span> <span class='ocrx_word' id='word_1_391' title='bbox 615 2390 624 2405; x_wconf 77' lang='lat' dir='ltr'><strong>t</strong></span> <span class='ocrx_word' id='word_1_392' title='bbox 642 2381 731 2408; x_wconf 80' lang='grc' dir='ltr'>πᾶσαν</span> <span class='ocrx_word' id='word_1_393' title='bbox 753 2383 802 2418; x_wconf 79' lang='grc' dir='ltr'>τὴν</span> <span class='ocrx_word' id='word_1_394' title='bbox 826 2384 936 2420; x_wconf 80' lang='grc' dir='ltr'>μνήμην</span> 
     </span>
    </p>
   </div>
   <div class='ocr_carea' id='block_1_53' title="bbox 150 2419 935 2467">
    <p class='ocr_par' dir='ltr' id='par_1_53' title="bbox 150 2419 935 2467">
     <span class='ocr_line' id='line_1_53' title="bbox 150 2419 935 2467; baseline 0.015 -22"><span class='ocrx_word' id='word_1_395' title='bbox 150 2419 241 2446; x_wconf 77' lang='grc' dir='ltr'>αὐτῶν</span> <span class='ocrx_word' id='word_1_396' title='bbox 256 2429 263 2435; x_wconf 90' lang='grc'><strong>·</strong></span> <span class='ocrx_word' id='word_1_397' title='bbox 280 2431 289 2446; x_wconf 71' lang='grc' dir='ltr'><strong>ι</strong></span> <span class='ocrx_word' id='word_1_398' title='bbox 305 2422 353 2448; x_wconf 80' lang='grc' dir='ltr'><strong>ὀδὲ</strong></span> <span class='ocrx_word' id='word_1_399' title='bbox 373 2424 541 2460; x_wconf 71' lang='grc' dir='ltr'>Ἀκύλαςζκαὶ</span> <span class='ocrx_word' id='word_1_400' title='bbox 552 2426 706 2459; x_wconf 76' lang='grc' dir='ltr'>Θεοδοτίων,</span> <span class='ocrx_word' id='word_1_401' title='bbox 725 2438 734 2453; x_wconf 81' lang='grc' dir='ltr'><strong>ι</strong></span> <span class='ocrx_word' id='word_1_402' title='bbox 754 2430 807 2455; x_wconf 84' lang='grc' dir='ltr'>πᾶν</span> <span class='ocrx_word' id='word_1_403' title='bbox 821 2430 851 2456; x_wconf 86' lang='grc' dir='ltr'>τὸ</span> <span class='ocrx_word' id='word_1_404' title='bbox 866 2419 935 2467; x_wconf 72' lang='grc' dir='ltr'>μνη-</span> 
     </span>
    </p>
   </div>
   <div class='ocr_carea' id='block_1_54' title="bbox 150 2466 935 2512">
    <p class='ocr_par' dir='ltr' id='par_1_54' title="bbox 150 2466 935 2512">
     <span class='ocr_line' id='line_1_54' title="bbox 150 2466 935 2512; baseline 0.013 -19"><span class='ocrx_word' id='word_1_405' title='bbox 150 2466 268 2502; x_wconf 80' lang='grc' dir='ltr'>μόσυνον</span> <span class='ocrx_word' id='word_1_406' title='bbox 286 2467 374 2495; x_wconf 77' lang='grc' dir='ltr'>αὐτῶν</span> <span class='ocrx_word' id='word_1_407' title='bbox 391 2479 400 2495; x_wconf 77' lang='grc' dir='ltr'><strong>ι</strong></span> <span class='ocrx_word' id='word_1_408' title='bbox 410 2471 596 2506; x_wconf 83' lang='grc' dir='ltr'>ήρμήνευσαν.</span> <span class='ocrx_word' id='word_1_409' title='bbox 611 2472 684 2499; x_wconf 85' lang='grc' dir='ltr'>Ἔδει</span> <span class='ocrx_word' id='word_1_410' title='bbox 698 2474 751 2510; x_wconf 81' lang='grc' dir='ltr'>γὰρ</span> <span class='ocrx_word' id='word_1_411' title='bbox 765 2476 855 2502; x_wconf 80' lang='grc' dir='ltr'>πᾶσαν</span> <span class='ocrx_word' id='word_1_412' title='bbox 871 2478 935 2512; x_wconf 87' lang='grc' dir='ltr'>μνή-</span> 
     </span>
    </p>
   </div>
   <div class='ocr_carea' id='block_1_55' title="bbox 151 2512 939 2557">
    <p class='ocr_par' dir='ltr' id='par_1_55' title="bbox 151 2512 939 2557">
     <span class='ocr_line' id='line_1_55' title="bbox 151 2512 939 2557; baseline 0.016 -21"><span class='ocrx_word' id='word_1_413' title='bbox 151 2521 206 2548; x_wconf 87' lang='grc' dir='ltr'>μην</span> <span class='ocrx_word' id='word_1_414' title='bbox 222 2512 321 2544; x_wconf 80' lang='grc' dir='ltr'>κακίας</span> <span class='ocrx_word' id='word_1_415' title='bbox 343 2513 456 2550; x_wconf 75' lang='grc' dir='ltr'>ἀρθῆναι</span> <span class='ocrx_word' id='word_1_416' title='bbox 477 2517 546 2544; x_wconf 81' lang='grc' dir='ltr'>κατὰ</span> <span class='ocrx_word' id='word_1_417' title='bbox 570 2518 614 2545; x_wconf 79' lang='grc' dir='ltr'><strong>τὸν</strong></span> <span class='ocrx_word' id='word_1_418' title='bbox 625 2518 789 2554; x_wconf 85' lang='grc' dir='ltr'>δηλούμενον</span> <span class='ocrx_word' id='word_1_419' title='bbox 813 2522 862 2557; x_wconf 85' lang='grc' dir='ltr'><strong>τῆς</strong></span> <span class='ocrx_word' id='word_1_420' title='bbox 878 2524 939 2557; x_wconf 88' lang='grc' dir='ltr'>κρί-</span> 
     </span>
    </p>
   </div>
   <div class='ocr_carea' id='block_1_56' title="bbox 151 2559 935 2601">
    <p class='ocr_par' dir='ltr' id='par_1_56' title="bbox 151 2559 935 2601">
     <span class='ocr_line' id='line_1_56' title="bbox 151 2559 935 2601; baseline 0.013 -17"><span class='ocrx_word' id='word_1_421' title='bbox 151 2566 219 2590; x_wconf 86' lang='grc' dir='ltr'>σεως</span> <span class='ocrx_word' id='word_1_422' title='bbox 247 2559 352 2594; x_wconf 83' lang='grc' dir='ltr'>καιρόν.</span> <span class='ocrx_word' id='word_1_423' title='bbox 373 2561 404 2587; x_wconf 86' lang='grc' dir='ltr'><strong>Εἰ</strong></span> <span class='ocrx_word' id='word_1_424' title='bbox 429 2561 457 2588; x_wconf 78' lang='grc' dir='ltr'>δὲ</span> <span class='ocrx_word' id='word_1_425' title='bbox 477 2562 592 2597; x_wconf 78' lang='grc' dir='ltr'>λέγοιτο,</span> <span class='ocrx_word' id='word_1_426' title='bbox 610 2573 618 2590; x_wconf 83' lang='grc' dir='ltr'><strong>ι</strong></span> <span class='ocrx_word' id='word_1_427' title='bbox 636 2566 690 2592; x_wconf 84' lang='grc' dir='ltr'>πᾶν</span> <span class='ocrx_word' id='word_1_428' title='bbox 709 2566 791 2601; x_wconf 73' lang='grc' dir='ltr'>ἄρσεν</span> <span class='ocrx_word' id='word_1_429' title='bbox 806 2567 906 2601; x_wconf 77' lang='grc' dir='ltr'>αὐτῶν,</span> <span class='ocrx_word' id='word_1_430' title='bbox 926 2579 935 2594; x_wconf 79' lang='grc' dir='ltr'><strong>ι</strong></span> 
     </span>
    </p>
   </div>
   <div class='ocr_carea' id='block_1_57' title="bbox 152 2603 938 2645">
    <p class='ocr_par' dir='ltr' id='par_1_57' title="bbox 152 2603 938 2645">
     <span class='ocr_line' id='line_1_57' title="bbox 152 2603 938 2645; baseline 0.015 -16"><span class='ocrx_word' id='word_1_431' title='bbox 152 2603 249 2640; x_wconf 77' lang='grc' dir='ltr'>πολλὴν</span> <span class='ocrx_word' id='word_1_432' title='bbox 265 2605 370 2639; x_wconf 80' lang='grc' dir='ltr'>εἰσάγει</span> <span class='ocrx_word' id='word_1_433' title='bbox 380 2606 429 2642; x_wconf 82' lang='grc' dir='ltr'>τὴν</span> <span class='ocrx_word' id='word_1_434' title='bbox 439 2607 642 2645; x_wconf 82' lang='grc' dir='ltr'>φιλανθρωπίαν</span> <span class='ocrx_word' id='word_1_435' title='bbox 658 2611 672 2637; x_wconf 83' lang='grc' dir='ltr'>ὁ</span> <span class='ocrx_word' id='word_1_436' title='bbox 687 2611 764 2645; x_wconf 82' lang='grc' dir='ltr'>λόγος</span> <span class='ocrx_word' id='word_1_437' title='bbox 774 2620 782 2628; x_wconf 73' lang='grc'><strong><em>³</em></strong></span> <span class='ocrx_word' id='word_1_438' title='bbox 800 2613 837 2645; x_wconf 87' lang='grc' dir='ltr'>ὼς</span> <span class='ocrx_word' id='word_1_439' title='bbox 849 2615 938 2641; x_wconf 78' lang='grc' dir='ltr'>αὐτῶν</span> 
     </span>
    </p>
   </div>
   <div class='ocr_carea' id='block_1_58' title="bbox 150 2650 937 2696">
    <p class='ocr_par' dir='ltr' id='par_1_58' title="bbox 150 2650 937 2696">
     <span class='ocr_line' id='line_1_58' title="bbox 150 2650 937 2696; baseline 0.015 -21"><span class='ocrx_word' id='word_1_440' title='bbox 150 2650 199 2684; x_wconf 80' lang='grc' dir='ltr'>μὲν</span> <span class='ocrx_word' id='word_1_441' title='bbox 211 2650 410 2687; x_wconf 76' lang='grc' dir='ltr'>ἡμαρτηκότων</span> <span class='ocrx_word' id='word_1_442' title='bbox 430 2653 468 2688; x_wconf 85' lang='grc' dir='ltr'>μὴ</span> <span class='ocrx_word' id='word_1_443' title='bbox 490 2654 639 2689; x_wconf 78' lang='grc' dir='ltr'>μελλόντων</span> <span class='ocrx_word' id='word_1_444' title='bbox 655 2657 843 2693; x_wconf 76' lang='grc' dir='ltr'>ἀφανίζεσθαι,</span> <span class='ocrx_word' id='word_1_445' title='bbox 869 2660 937 2696; x_wconf 79' lang='grc' dir='ltr'>μηδὲ</span> 
     </span>
    </p>
   </div>
   <div class='ocr_carea' id='block_1_59' title="bbox 150 2697 935 2741">
    <p class='ocr_par' dir='ltr' id='par_1_59' title="bbox 150 2697 935 2741">
     <span class='ocr_line' id='line_1_59' title="bbox 150 2697 935 2741; baseline 0.015 -19"><span class='ocrx_word' id='word_1_446' title='bbox 150 2697 188 2727; x_wconf 79' lang='grc' dir='ltr'><strong>εἰς</strong></span> <span class='ocrx_word' id='word_1_447' title='bbox 199 2697 229 2723; x_wconf 82' lang='grc' dir='ltr'>τὸ</span> <span class='ocrx_word' id='word_1_448' title='bbox 236 2698 367 2731; x_wconf 77' lang='grc' dir='ltr'>παντελὲς</span> <span class='ocrx_word' id='word_1_449' title='bbox 378 2699 542 2728; x_wconf 83' lang='grc' dir='ltr'>ἀπόλλυσθαι</span> <span class='ocrx_word' id='word_1_450' title='bbox 552 2711 558 2716; x_wconf 93' lang='grc'><strong>·</strong></span> <span class='ocrx_word' id='word_1_451' title='bbox 575 2703 628 2730; x_wconf 81' lang='grc' dir='ltr'>τῶν</span> <span class='ocrx_word' id='word_1_452' title='bbox 638 2703 667 2730; x_wconf 84' lang='grc' dir='ltr'>δὲ</span> <span class='ocrx_word' id='word_1_453' title='bbox 675 2706 850 2741; x_wconf 85' lang='grc' dir='ltr'>γεννημάτων</span> <span class='ocrx_word' id='word_1_454' title='bbox 864 2706 935 2734; x_wconf 80' lang='grc' dir='ltr'>οὕτω</span> 
     </span>
    </p>
   </div>
   <div class='ocr_carea' id='block_1_60' title="bbox 150 2741 933 2788">
    <p class='ocr_par' dir='ltr' id='par_1_60' title="bbox 150 2741 933 2788">
     <span class='ocr_line' id='line_1_60' title="bbox 150 2741 933 2788; baseline 0.017 -20"><span class='ocrx_word' id='word_1_455' title='bbox 150 2741 328 2778; x_wconf 59' lang='grc' dir='ltr'>’ἇηλουμὲνωη</span> <span class='ocrx_word' id='word_1_456' title='bbox 357 2742 394 2772; x_wconf 87' lang='grc' dir='ltr'>ὧν</span> <span class='ocrx_word' id='word_1_457' title='bbox 417 2746 434 2780; x_wconf 88' lang='grc' dir='ltr'><strong>ἡ</strong></span> <span class='ocrx_word' id='word_1_458' title='bbox 463 2746 536 2782; x_wconf 76' lang='grc' dir='ltr'>ψυχὴ</span> <span class='ocrx_word' id='word_1_459' title='bbox 560 2749 650 2777; x_wconf 76' lang='grc' dir='ltr'>αὐτῶν</span> <span class='ocrx_word' id='word_1_460' title='bbox 677 2751 825 2788; x_wconf 78' lang='grc' dir='ltr'>γεγέννηκε</span> <span class='ocrx_word' id='word_1_461' title='bbox 859 2752 933 2787; x_wconf 83' lang='grc' dir='ltr'>λογι-</span> 
     </span>
    </p>
   </div>
   <div class='ocr_carea' id='block_1_61' title="bbox 151 2787 929 2834">
    <p class='ocr_par' dir='ltr' id='par_1_61' title="bbox 151 2787 929 2834">
     <span class='ocr_line' id='line_1_61' title="bbox 151 2787 929 2834; baseline 0.017 -21"><span class='ocrx_word' id='word_1_462' title='bbox 151 2787 224 2822; x_wconf 70' lang='grc' dir='ltr'>σμῶν</span> <span class='ocrx_word' id='word_1_463' title='bbox 236 2790 369 2826; x_wconf 81' lang='grc' dir='ltr'>πονηρῶν,</span> <span class='ocrx_word' id='word_1_464' title='bbox 384 2791 487 2818; x_wconf 78' lang='grc' dir='ltr'>τούτων</span> <span class='ocrx_word' id='word_1_465' title='bbox 501 2793 651 2830; x_wconf 69' lang='grc' dir='ltr'>ἀφανισμὸν</span> <span class='ocrx_word' id='word_1_466' title='bbox 661 2787 823 2832; x_wconf 78' lang='grc' dir='ltr'>γενήσεσθαί</span> <span class='ocrx_word' id='word_1_467' title='bbox 837 2806 929 2834; x_wconf 83' lang='grc' dir='ltr'>φησιν.</span> 
     </span>
    </p>
   </div>
   <div class='ocr_carea' id='block_1_62' title="bbox 182 2888 456 2919">
    <p class='ocr_par' dir='ltr' id='par_1_62' title="bbox 182 2888 456 2919">
     <span class='ocr_line' id='line_1_62' title="bbox 182 2888 456 2919; baseline 0.026 -6"><span class='ocrx_word' id='word_1_468' title='bbox 182 2888 200 2902; x_wconf 85' lang='grc'><strong>¹”</strong></span> <span class='ocrx_word' id='word_1_469' title='bbox 220 2888 311 2916; x_wconf 67' lang='grc' dir='ltr'>ξεί-ιιέίι.</span> <span class='ocrx_word' id='word_1_470' title='bbox 332 2899 394 2919; x_wconf 65' lang='lat' dir='ltr'><strong>au’.</strong></span> <span class='ocrx_word' id='word_1_471' title='bbox 416 2893 456 2919; x_wconf 76' lang='grc' dir='ltr'>Η.</span> 
     </span>
    </p>
   </div>
   <div class='ocr_carea' id='block_1_63' title="bbox 996 277 1782 315">
    <p class='ocr_par' dir='ltr' id='par_1_63' title="bbox 996 277 1782 315">
     <span class='ocr_line' id='line_1_63' title="bbox 996 277 1782 315; baseline 0.005 -11"><span class='ocrx_word' id='word_1_472' title='bbox 996 277 1080 311; x_wconf 84' lang='lat' dir='ltr'><strong>mine,</strong></span> <span class='ocrx_word' id='word_1_473' title='bbox 1092 277 1229 305; x_wconf 77' lang='lat' dir='ltr'><strong>excelsum</strong></span> <span class='ocrx_word' id='word_1_474' title='bbox 1257 277 1395 305; x_wconf 80' lang='lat' dir='ltr'><strong>brachium</strong></span> <span class='ocrx_word' id='word_1_475' title='bbox 1411 283 1485 306; x_wconf 90' lang='lat' dir='ltr'><strong>tuum</strong></span> <span class='ocrx_word' id='word_1_476' title='bbox 1497 298 1504 311; x_wconf 87' lang='grc'><strong>,</strong></span> <span class='ocrx_word' id='word_1_477' title='bbox 1530 283 1556 306; x_wconf 89' lang='lat' dir='ltr'><strong>et</strong></span> <span class='ocrx_word' id='word_1_478' title='bbox 1573 287 1627 306; x_wconf 88' lang='lat' dir='ltr'><strong>non</strong></span> <span class='ocrx_word' id='word_1_479' title='bbox 1652 287 1782 315; x_wconf 76' lang='lat' dir='ltr'><strong>cognove-</strong></span> 
     </span>
    </p>
   </div>
   <div class='ocr_carea' id='block_1_64' title="bbox 997 324 1784 359">
    <p class='ocr_par' dir='ltr' id='par_1_64' title="bbox 997 324 1784 359">
     <span class='ocr_line' id='line_1_64' title="bbox 997 324 1784 359; baseline 0.004 -9"><span class='ocrx_word' id='word_1_480' title='bbox 997 328 1060 350; x_wconf 87' lang='lat' dir='ltr'><strong>runt</strong></span> <span class='ocrx_word' id='word_1_481' title='bbox 1075 333 1082 351; x_wconf 93' lang='lat'>:</span> <span class='ocrx_word' id='word_1_482' title='bbox 1099 324 1218 351; x_wconf 83' lang='lat' dir='ltr'><strong>scientes</strong></span> <span class='ocrx_word' id='word_1_483' title='bbox 1229 329 1319 351; x_wconf 87' lang='lat' dir='ltr'><strong>autem</strong></span> <span class='ocrx_word' id='word_1_484' title='bbox 1334 324 1505 352; x_wconf 73' lang='lat' dir='ltr'><strong>erubescant.</strong></span> <span class='ocrx_word' id='word_1_485' title='bbox 1523 334 1532 351; x_wconf 71' lang='grc' dir='ltr'><strong>ι</strong></span> <span class='ocrx_word' id='word_1_486' title='bbox 1554 325 1628 358; x_wconf 86' lang='lat' dir='ltr'><strong>lmpii</strong></span> <span class='ocrx_word' id='word_1_487' title='bbox 1641 326 1724 359; x_wconf 84' lang='lat' dir='ltr'><strong>enitu,</strong></span> <span class='ocrx_word' id='word_1_488' title='bbox 1738 327 1784 354; x_wconf 79' lang='lat' dir='ltr'><strong>ab-</strong></span> 
     </span>
    </p>
   </div>
   <div class='ocr_carea' id='block_1_65' title="bbox 994 370 1781 407">
    <p class='ocr_par' dir='ltr' id='par_1_65' title="bbox 994 370 1781 407">
     <span class='ocr_line' id='line_1_65' title="bbox 994 370 1781 407; baseline 0.004 -10"><span class='ocrx_word' id='word_1_489' title='bbox 994 370 1060 404; x_wconf 87' lang='lat' dir='ltr'><strong>jecti</strong></span> <span class='ocrx_word' id='word_1_490' title='bbox 1075 377 1135 397; x_wconf 91' lang='lat' dir='ltr'><strong>cum</strong></span> <span class='ocrx_word' id='word_1_491' title='bbox 1153 371 1208 398; x_wconf 91' lang='lat' dir='ltr'><strong>sint</strong></span> <span class='ocrx_word' id='word_1_492' title='bbox 1220 392 1227 403; x_wconf 83' lang='grc'><strong>,</strong></span> <span class='ocrx_word' id='word_1_493' title='bbox 1243 379 1274 398; x_wconf 86' lang='lat' dir='ltr'><strong>ac</strong></span> <span class='ocrx_word' id='word_1_494' title='bbox 1291 372 1383 406; x_wconf 88' lang='lat' dir='ltr'><strong>procul</strong></span> <span class='ocrx_word' id='word_1_495' title='bbox 1399 372 1553 406; x_wconf 71' lang='lat' dir='ltr'><strong>cognitione</strong></span> <span class='ocrx_word' id='word_1_496' title='bbox 1574 372 1624 399; x_wconf 84' lang='lat' dir='ltr'><strong>Dei</strong></span> <span class='ocrx_word' id='word_1_497' title='bbox 1642 373 1736 407; x_wconf 81' lang='lat' dir='ltr'><strong>positi,</strong></span> <span class='ocrx_word' id='word_1_498' title='bbox 1754 373 1781 400; x_wconf 91' lang='lat' dir='ltr'><strong>in</strong></span> 
     </span>
    </p>
   </div>
   <div class='ocr_carea' id='block_1_66' title="bbox 999 415 1784 451">
    <p class='ocr_par' dir='ltr' id='par_1_66' title="bbox 999 415 1784 451">
     <span class='ocr_line' id='line_1_66' title="bbox 999 415 1784 451; baseline 0.004 -8"><span class='ocrx_word' id='word_1_499' title='bbox 999 415 1116 444; x_wconf 88' lang='lat' dir='ltr'><strong>tenebris</strong></span> <span class='ocrx_word' id='word_1_500' title='bbox 1141 416 1199 450; x_wconf 77' lang='lat' dir='ltr'><strong>ejus</strong></span> <span class='ocrx_word' id='word_1_501' title='bbox 1224 416 1383 451; x_wconf 76' lang='lat' dir='ltr'><strong>ignorantia:</strong></span> <span class='ocrx_word' id='word_1_502' title='bbox 1398 418 1588 445; x_wconf 83' lang='lat' dir='ltr'><strong>volutabantur</strong></span> <span class='ocrx_word' id='word_1_503' title='bbox 1605 427 1612 445; x_wconf 88' lang='lat'>:</span> <span class='ocrx_word' id='word_1_504' title='bbox 1629 425 1723 446; x_wconf 87' lang='lat' dir='ltr'><strong>verum</strong></span> <span class='ocrx_word' id='word_1_505' title='bbox 1737 419 1784 446; x_wconf 90' lang='lat' dir='ltr'><strong>ad-</strong></span> 
     </span>
    </p>
   </div>
   <div class='ocr_carea' id='block_1_67' title="bbox 999 461 1783 499">
    <p class='ocr_par' dir='ltr' id='par_1_67' title="bbox 999 461 1783 499">
     <span class='ocr_line' id='line_1_67' title="bbox 999 461 1783 499; baseline 0.006 -13"><span class='ocrx_word' id='word_1_506' title='bbox 999 462 1124 488; x_wconf 71' lang='lat' dir='ltr'><strong>veniente</strong></span> <span class='ocrx_word' id='word_1_507' title='bbox 1141 461 1186 489; x_wconf 89' lang='lat' dir='ltr'><strong>illa</strong></span> <span class='ocrx_word' id='word_1_508' title='bbox 1207 462 1352 490; x_wconf 70' lang='lat' dir='ltr'><strong>universali</strong></span> <span class='ocrx_word' id='word_1_509' title='bbox 1380 463 1551 499; x_wconf 76' lang='lat' dir='ltr'><strong>cognitione,</strong></span> <span class='ocrx_word' id='word_1_510' title='bbox 1573 464 1695 491; x_wconf 85' lang='lat' dir='ltr'><strong>videntes</strong></span> <span class='ocrx_word' id='word_1_511' title='bbox 1720 464 1783 492; x_wconf 82' lang='lat' dir='ltr'><strong>bra-</strong></span> 
     </span>
    </p>
   </div>
   <div class='ocr_carea' id='block_1_68' title="bbox 997 507 1782 545">
    <p class='ocr_par' dir='ltr' id='par_1_68' title="bbox 997 507 1782 545">
     <span class='ocr_line' id='line_1_68' title="bbox 997 507 1782 545; baseline 0.006 -12"><span class='ocrx_word' id='word_1_512' title='bbox 997 507 1088 534; x_wconf 87' lang='lat' dir='ltr'><strong>chiutn</strong></span> <span class='ocrx_word' id='word_1_513' title='bbox 1112 507 1176 535; x_wconf 91' lang='lat' dir='ltr'><strong>illud</strong></span> <span class='ocrx_word' id='word_1_514' title='bbox 1199 508 1336 535; x_wconf 82' lang='lat' dir='ltr'><strong>excelsum</strong></span> <span class='ocrx_word' id='word_1_515' title='bbox 1362 510 1380 536; x_wconf 89' lang='lat' dir='ltr'><strong>ii</strong></span> <span class='ocrx_word' id='word_1_516' title='bbox 1394 530 1401 540; x_wconf 89' lang='grc'><strong>,</strong></span> <span class='ocrx_word' id='word_1_517' title='bbox 1418 511 1463 544; x_wconf 92' lang='lat' dir='ltr'><strong>qui</strong></span> <span class='ocrx_word' id='word_1_518' title='bbox 1483 510 1548 536; x_wconf 88' lang='lat' dir='ltr'><strong>olim</strong></span> <span class='ocrx_word' id='word_1_519' title='bbox 1561 511 1622 538; x_wconf 85' lang='lat' dir='ltr'><strong>e&#39;um</strong></span> <span class='ocrx_word' id='word_1_520' title='bbox 1636 510 1713 545; x_wconf 90' lang='lat' dir='ltr'><strong>quasi</strong></span> <span class='ocrx_word' id='word_1_521' title='bbox 1730 518 1782 538; x_wconf 90' lang='lat' dir='ltr'><strong>non</strong></span> 
     </span>
    </p>
   </div>
   <div class='ocr_carea' id='block_1_69' title="bbox 996 553 1784 591">
    <p class='ocr_par' dir='ltr' id='par_1_69' title="bbox 996 553 1784 591">
     <span class='ocr_line' id='line_1_69' title="bbox 996 553 1784 591; baseline 0.004 -12"><span class='ocrx_word' id='word_1_522' title='bbox 996 553 1173 580; x_wconf 81' lang='lat' dir='ltr'><strong>exsistentem</strong></span> <span class='ocrx_word' id='word_1_523' title='bbox 1189 553 1354 588; x_wconf 78' lang='lat' dir='ltr'><strong>blasphemis</strong></span> <span class='ocrx_word' id='word_1_524' title='bbox 1380 554 1460 582; x_wconf 77' lang='lat' dir='ltr'><strong>dit-tis</strong></span> <span class='ocrx_word' id='word_1_525' title='bbox 1482 555 1665 589; x_wconf 80' lang='lat' dir='ltr'><strong>incessebant,</strong></span> <span class='ocrx_word' id='word_1_526' title='bbox 1679 555 1784 591; x_wconf 81' lang='lat' dir='ltr'><strong>pudore</strong></span> 
     </span>
    </p>
   </div>
   <div class='ocr_carea' id='block_1_70' title="bbox 997 597 1443 626">
    <p class='ocr_par' dir='ltr' id='par_1_70' title="bbox 997 597 1443 626">
     <span class='ocr_line' id='line_1_70' title="bbox 997 597 1443 626; baseline 0.004 -2"><span class='ocrx_word' id='word_1_527' title='bbox 997 597 1086 625; x_wconf 84' lang='lat' dir='ltr'><strong>ati‘ecti</strong></span> <span class='ocrx_word' id='word_1_528' title='bbox 1105 598 1217 625; x_wconf 79' lang='lat' dir='ltr'><strong>Insania:</strong></span> <span class='ocrx_word' id='word_1_529' title='bbox 1233 598 1314 625; x_wconf 86' lang='lat' dir='ltr'><strong>linem</strong></span> <span class='ocrx_word' id='word_1_530' title='bbox 1331 598 1443 626; x_wconf 79' lang='lat' dir='ltr'><strong>facient.</strong></span> 
     </span>
    </p>
   </div>
   <div class='ocr_carea' id='block_1_71' title="bbox 1035 645 1783 681">
    <p class='ocr_par' dir='ltr' id='par_1_71' title="bbox 1035 645 1783 681">
     <span class='ocr_line' id='line_1_71' title="bbox 1035 645 1783 681; baseline 0.004 -10"><span class='ocrx_word' id='word_1_531' title='bbox 1035 655 1045 671; x_wconf 75' lang='grc' dir='ltr'><strong>ι</strong></span> <span class='ocrx_word' id='word_1_532' title='bbox 1064 645 1142 672; x_wconf 86' lang='lat' dir='ltr'><strong>Zelus</strong></span> <span class='ocrx_word' id='word_1_533' title='bbox 1157 646 1341 680; x_wconf 83' lang='lat' dir='ltr'><strong>apprehendet</strong></span> <span class='ocrx_word' id='word_1_534' title='bbox 1352 646 1477 681; x_wconf 87' lang='lat' dir='ltr'><strong>populum</strong></span> <span class='ocrx_word' id='word_1_535' title='bbox 1493 647 1667 676; x_wconf 81' lang='lat' dir='ltr'><strong>ineruditum.</strong></span> <span class='ocrx_word' id='word_1_536' title='bbox 1682 656 1692 674; x_wconf 82' lang='grc'><strong>›</strong></span> <span class='ocrx_word' id='word_1_537' title='bbox 1713 647 1783 674; x_wconf 83' lang='lat' dir='ltr'><strong>Sub-</strong></span> 
     </span>
    </p>
   </div>
   <div class='ocr_carea' id='block_1_72' title="bbox 997 690 1782 728">
    <p class='ocr_par' dir='ltr' id='par_1_72' title="bbox 997 690 1782 728">
     <span class='ocr_line' id='line_1_72' title="bbox 997 690 1782 728; baseline 0.004 -11"><span class='ocrx_word' id='word_1_538' title='bbox 997 690 1097 718; x_wconf 88' lang='lat' dir='ltr'><strong>indicat</strong></span> <span class='ocrx_word' id='word_1_539' title='bbox 1119 699 1165 719; x_wconf 88' lang='lat' dir='ltr'><strong>eos</strong></span> <span class='ocrx_word' id='word_1_540' title='bbox 1183 699 1217 719; x_wconf 84' lang='lat' dir='ltr'><strong>cx</strong></span> <span class='ocrx_word' id='word_1_541' title='bbox 1242 692 1449 720; x_wconf 78' lang='lat' dir='ltr'><strong>circumcisione</strong></span> <span class='ocrx_word' id='word_1_542' title='bbox 1463 712 1470 725; x_wconf 87' lang='lat'><strong><em>,</em></strong></span> <span class='ocrx_word' id='word_1_543' title='bbox 1491 693 1536 728; x_wconf 87' lang='lat' dir='ltr'><strong>qui</strong></span> <span class='ocrx_word' id='word_1_544' title='bbox 1551 694 1664 727; x_wconf 78' lang='lat' dir='ltr'><strong>gratiam</strong></span> <span class='ocrx_word' id='word_1_545' title='bbox 1680 692 1782 720; x_wconf 85' lang='lat' dir='ltr'><strong>Christi</strong></span> 
     </span>
    </p>
   </div>
   <div class='ocr_carea' id='block_1_73' title="bbox 998 736 1784 773">
    <p class='ocr_par' dir='ltr' id='par_1_73' title="bbox 998 736 1784 773">
     <span class='ocr_line' id='line_1_73' title="bbox 998 736 1784 773; baseline 0.004 -10"><span class='ocrx_word' id='word_1_546' title='bbox 998 744 1052 764; x_wconf 87' lang='lat' dir='ltr'><strong>non</strong></span> <span class='ocrx_word' id='word_1_547' title='bbox 1068 736 1182 772; x_wconf 80' lang='lat' dir='ltr'><strong>amplexi</strong></span> <span class='ocrx_word' id='word_1_548' title='bbox 1206 741 1288 770; x_wconf 84' lang='lat' dir='ltr'><strong>sunt;</strong></span> <span class='ocrx_word' id='word_1_549' title='bbox 1311 747 1320 763; x_wconf 81' lang='grc' dir='ltr'><strong>ι</strong></span> <span class='ocrx_word' id='word_1_550' title='bbox 1337 737 1370 764; x_wconf 87' lang='grc' dir='ltr'><strong>Ει</strong></span> <span class='ocrx_word' id='word_1_551' title='bbox 1388 737 1444 771; x_wconf 86' lang='lat' dir='ltr'><strong>jam</strong></span> <span class='ocrx_word' id='word_1_552' title='bbox 1466 737 1535 773; x_wconf 78' lang='lat' dir='ltr'><strong>ignis</strong></span> <span class='ocrx_word' id='word_1_553' title='bbox 1552 738 1722 766; x_wconf 81' lang='lat' dir='ltr'><strong>adversarios</strong></span> <span class='ocrx_word' id='word_1_554' title='bbox 1736 737 1784 766; x_wconf 89' lang='lat' dir='ltr'><strong>de-</strong></span> 
     </span>
    </p>
   </div>
   <div class='ocr_carea' id='block_1_74' title="bbox 996 783 1783 819">
    <p class='ocr_par' dir='ltr' id='par_1_74' title="bbox 996 783 1783 819">
     <span class='ocr_line' id='line_1_74' title="bbox 996 783 1783 819; baseline 0.003 -10"><span class='ocrx_word' id='word_1_555' title='bbox 996 787 1091 816; x_wconf 73' lang='lat' dir='ltr'><strong>vorat;</strong></span> <span class='ocrx_word' id='word_1_556' title='bbox 1113 791 1123 809; x_wconf 74' lang='grc' dir='ltr'><strong>ι</strong></span> <span class='ocrx_word' id='word_1_557' title='bbox 1152 787 1247 818; x_wconf 92' lang='lat' dir='ltr'><strong>utpote</strong></span> <span class='ocrx_word' id='word_1_558' title='bbox 1261 784 1307 818; x_wconf 91' lang='lat' dir='ltr'><strong>qui</strong></span> <span class='ocrx_word' id='word_1_559' title='bbox 1331 784 1473 811; x_wconf 73' lang='lat' dir='ltr'><strong>sententia:</strong></span> <span class='ocrx_word' id='word_1_560' title='bbox 1496 783 1658 819; x_wconf 87' lang='lat' dir='ltr'><strong>subjiciendi</strong></span> <span class='ocrx_word' id='word_1_561' title='bbox 1674 784 1783 811; x_wconf 86' lang='lat' dir='ltr'><strong>sintdi-</strong></span> 
     </span>
    </p>
   </div>
   <div class='ocr_carea' id='block_1_75' title="bbox 997 829 1782 865">
    <p class='ocr_par' dir='ltr' id='par_1_75' title="bbox 997 829 1782 865">
     <span class='ocr_line' id='line_1_75' title="bbox 997 829 1782 865; baseline 0 -8"><span class='ocrx_word' id='word_1_562' title='bbox 997 831 1081 862; x_wconf 82' lang='lat' dir='ltr'><strong>ccnti,</strong></span> <span class='ocrx_word' id='word_1_563' title='bbox 1102 839 1111 855; x_wconf 78' lang='grc' dir='ltr'><strong>ι</strong></span> <span class='ocrx_word' id='word_1_564' title='bbox 1128 829 1261 857; x_wconf 84' lang='lat' dir='ltr'><strong>Discedite</strong></span> <span class='ocrx_word' id='word_1_565' title='bbox 1285 831 1311 856; x_wconf 91' lang='lat' dir='ltr'><strong>in</strong></span> <span class='ocrx_word' id='word_1_566' title='bbox 1339 829 1782 865; x_wconf 61' lang='lat' dir='ltr'><strong>ignem:eternum,’praeparatutu</strong></span> 
     </span>
    </p>
   </div>
   <div class='ocr_carea' id='block_1_76' title="bbox 997 875 1783 911">
    <p class='ocr_par' dir='ltr' id='par_1_76' title="bbox 997 875 1783 911">
     <span class='ocr_line' id='line_1_76' title="bbox 997 875 1783 911; baseline 0 -9"><span class='ocrx_word' id='word_1_567' title='bbox 997 876 1105 903; x_wconf 80' lang='lat' dir='ltr'><strong>diabolo</strong></span> <span class='ocrx_word' id='word_1_568' title='bbox 1121 881 1147 903; x_wconf 89' lang='lat' dir='ltr'><strong>et</strong></span> <span class='ocrx_word' id='word_1_569' title='bbox 1162 876 1265 911; x_wconf 77' lang='lat' dir='ltr'><strong>angelis</strong></span> <span class='ocrx_word' id='word_1_570' title='bbox 1277 875 1336 911; x_wconf 83' lang='lat' dir='ltr'><strong>ejus</strong></span> <span class='ocrx_word' id='word_1_571' title='bbox 1351 876 1382 903; x_wconf 85' lang='lat'><strong>&quot;.</strong></span> <span class='ocrx_word' id='word_1_572' title='bbox 1401 885 1410 902; x_wconf 74' lang='grc' dir='ltr'><strong>ι</strong></span> <span class='ocrx_word' id='word_1_573' title='bbox 1436 875 1504 909; x_wconf 85' lang='lat' dir='ltr'><strong>Quia</strong></span> <span class='ocrx_word' id='word_1_574' title='bbox 1529 875 1616 903; x_wconf 85' lang='lat' dir='ltr'><strong>lucem</strong></span> <span class='ocrx_word' id='word_1_575' title='bbox 1631 883 1684 903; x_wconf 89' lang='lat' dir='ltr'><strong>non</strong></span> <span class='ocrx_word' id='word_1_576' title='bbox 1703 879 1783 903; x_wconf 85' lang='lat' dir='ltr'><strong>acce-</strong></span> 
     </span>
    </p>
   </div>
   <div class='ocr_carea' id='block_1_77' title="bbox 998 921 1526 956">
    <p class='ocr_par' dir='ltr' id='par_1_77' title="bbox 998 921 1526 956">
     <span class='ocr_line' id='line_1_77' title="bbox 998 921 1526 956; baseline 0 -8"><span class='ocrx_word' id='word_1_577' title='bbox 998 927 1106 956; x_wconf 84' lang='lat' dir='ltr'><strong>perunt,</strong></span> <span class='ocrx_word' id='word_1_578' title='bbox 1126 922 1179 956; x_wconf 76' lang='lat' dir='ltr'><strong>igni</strong></span> <span class='ocrx_word' id='word_1_579' title='bbox 1197 930 1229 949; x_wconf 87' lang='lat' dir='ltr'><strong>ac</strong></span> <span class='ocrx_word' id='word_1_580' title='bbox 1242 921 1361 949; x_wconf 86' lang='lat' dir='ltr'><strong>tenebris</strong></span> <span class='ocrx_word' id='word_1_581' title='bbox 1376 923 1526 949; x_wconf 81' lang='lat' dir='ltr'><strong>tradentur.</strong></span> 
     </span>
    </p>
   </div>
   <div class='ocr_carea' id='block_1_78' title="bbox 1032 1009 1781 1045">
    <p class='ocr_par' dir='ltr' id='par_1_78' title="bbox 1032 1009 1781 1045">
     <span class='ocr_line' id='line_1_78' title="bbox 1032 1009 1781 1045; baseline -0.003 -7"><span class='ocrx_word' id='word_1_582' title='bbox 1032 1010 1113 1038; x_wconf 78' lang='lat' dir='ltr'><strong>Vens.</strong></span> <span class='ocrx_word' id='word_1_583' title='bbox 1128 1010 1170 1044; x_wconf 69' lang='lat' dir='ltr'><strong>l2,</strong></span> <span class='ocrx_word' id='word_1_584' title='bbox 1190 1010 1234 1038; x_wconf 75' lang='grc'><strong>13.</strong></span> <span class='ocrx_word' id='word_1_585' title='bbox 1251 1019 1260 1036; x_wconf 78' lang='grc' dir='ltr'><strong>ι</strong></span> <span class='ocrx_word' id='word_1_586' title='bbox 1281 1009 1392 1037; x_wconf 86' lang='lat' dir='ltr'><strong>Domine</strong></span> <span class='ocrx_word' id='word_1_587' title='bbox 1408 1010 1479 1037; x_wconf 88' lang='lat' dir='ltr'><strong>Deus</strong></span> <span class='ocrx_word' id='word_1_588' title='bbox 1505 1015 1608 1044; x_wconf 88' lang='lat' dir='ltr'><strong>noster,</strong></span> <span class='ocrx_word' id='word_1_589' title='bbox 1631 1017 1724 1045; x_wconf 86' lang='lat' dir='ltr'><strong>pacem</strong></span> <span class='ocrx_word' id='word_1_590' title='bbox 1747 1009 1781 1036; x_wconf 87' lang='lat' dir='ltr'><strong>da</strong></span> 
     </span>
    </p>
   </div>
   <div class='ocr_carea' id='block_1_79' title="bbox 996 1055 1783 1083">
    <p class='ocr_par' dir='ltr' id='par_1_79' title="bbox 996 1055 1783 1083">
     <span class='ocr_line' id='line_1_79' title="bbox 996 1055 1783 1083; baseline 0 -1"><span class='ocrx_word' id='word_1_591' title='bbox 996 1056 1073 1083; x_wconf 85' lang='lat' dir='ltr'><strong>nobis</strong></span> <span class='ocrx_word' id='word_1_592' title='bbox 1089 1065 1096 1083; x_wconf 91' lang='lat'><strong>:</strong></span> <span class='ocrx_word' id='word_1_593' title='bbox 1111 1056 1201 1083; x_wconf 90' lang='lat' dir='ltr'><strong>omnia</strong></span> <span class='ocrx_word' id='word_1_594' title='bbox 1214 1056 1286 1083; x_wconf 88' lang='lat' dir='ltr'><strong>enim</strong></span> <span class='ocrx_word' id='word_1_595' title='bbox 1301 1056 1398 1083; x_wconf 88' lang='lat' dir='ltr'><strong>dedisti</strong></span> <span class='ocrx_word' id='word_1_596' title='bbox 1414 1056 1501 1083; x_wconf 88' lang='lat' dir='ltr'><strong>nobis.</strong></span> <span class='ocrx_word' id='word_1_597' title='bbox 1521 1056 1632 1083; x_wconf 87' lang='lat' dir='ltr'><strong>Domine</strong></span> <span class='ocrx_word' id='word_1_598' title='bbox 1648 1055 1720 1083; x_wconf 83' lang='lat' dir='ltr'><strong>Deus</strong></span> <span class='ocrx_word' id='word_1_599' title='bbox 1733 1063 1783 1082; x_wconf 78' lang='lat' dir='ltr'><strong>no-</strong></span> 
     </span>
    </p>
   </div>
   <div class='ocr_carea' id='block_1_80' title="bbox 995 1100 1781 1135">
    <p class='ocr_par' dir='ltr' id='par_1_80' title="bbox 995 1100 1781 1135">
     <span class='ocr_line' id='line_1_80' title="bbox 995 1100 1781 1135; baseline 0.001 -9"><span class='ocrx_word' id='word_1_600' title='bbox 995 1105 1062 1132; x_wconf 90' lang='lat' dir='ltr'><strong>ster,</strong></span> <span class='ocrx_word' id='word_1_601' title='bbox 1078 1101 1184 1135; x_wconf 85' lang='lat' dir='ltr'><strong>posside</strong></span> <span class='ocrx_word' id='word_1_602' title='bbox 1203 1108 1253 1128; x_wconf 91' lang='lat' dir='ltr'><strong>nos</strong></span> <span class='ocrx_word' id='word_1_603' title='bbox 1269 1110 1277 1128; x_wconf 83' lang='lat'>:</span> <span class='ocrx_word' id='word_1_604' title='bbox 1296 1100 1418 1133; x_wconf 79' lang='lat' dir='ltr'><strong>Domine,</strong></span> <span class='ocrx_word' id='word_1_605' title='bbox 1434 1107 1510 1128; x_wconf 72' lang='lat' dir='ltr'><strong>extra</strong></span> <span class='ocrx_word' id='word_1_606' title='bbox 1523 1105 1548 1126; x_wconf 84' lang='lat' dir='ltr'><strong>te</strong></span> <span class='ocrx_word' id='word_1_607' title='bbox 1562 1100 1643 1127; x_wconf 85' lang='lat' dir='ltr'><strong>alium</strong></span> <span class='ocrx_word' id='word_1_608' title='bbox 1662 1108 1715 1128; x_wconf 92' lang='lat' dir='ltr'><strong>non</strong></span> <span class='ocrx_word' id='word_1_609' title='bbox 1732 1108 1781 1128; x_wconf 89' lang='lat' dir='ltr'><strong>no-</strong></span> 
     </span>
    </p>
   </div>
   <div class='ocr_carea' id='block_1_81' title="bbox 995 1146 1780 1181">
    <p class='ocr_par' dir='ltr' id='par_1_81' title="bbox 995 1146 1780 1181">
     <span class='ocr_line' id='line_1_81' title="bbox 995 1146 1780 1181; baseline 0.003 -9"><span class='ocrx_word' id='word_1_610' title='bbox 995 1146 1083 1172; x_wconf 82' lang='lat' dir='ltr'><strong>vimus</strong></span> <span class='ocrx_word' id='word_1_611' title='bbox 1102 1155 1109 1172; x_wconf 88' lang='lat'><strong>:</strong></span> <span class='ocrx_word' id='word_1_612' title='bbox 1128 1154 1225 1173; x_wconf 90' lang='lat' dir='ltr'><strong>nomen</strong></span> <span class='ocrx_word' id='word_1_613' title='bbox 1247 1151 1321 1173; x_wconf 89' lang='lat' dir='ltr'><strong>tuttm</strong></span> <span class='ocrx_word' id='word_1_614' title='bbox 1342 1147 1512 1174; x_wconf 85' lang='lat' dir='ltr'><strong>invocamus.</strong></span> <span class='ocrx_word' id='word_1_615' title='bbox 1527 1146 1586 1173; x_wconf 79' lang='lat' dir='ltr'><strong>Alia</strong></span> <span class='ocrx_word' id='word_1_616' title='bbox 1601 1146 1701 1181; x_wconf 87' lang='lat' dir='ltr'><strong>quippe</strong></span> <span class='ocrx_word' id='word_1_617' title='bbox 1719 1153 1780 1174; x_wconf 88' lang='lat' dir='ltr'><strong>om-</strong></span> 
     </span>
    </p>
   </div>
   <div class='ocr_carea' id='block_1_82' title="bbox 996 1191 1780 1227">
    <p class='ocr_par' dir='ltr' id='par_1_82' title="bbox 996 1191 1780 1227">
     <span class='ocr_line' id='line_1_82' title="bbox 996 1191 1780 1227; baseline 0 -9"><span class='ocrx_word' id='word_1_618' title='bbox 996 1191 1039 1218; x_wconf 86' lang='lat' dir='ltr'><strong>nia</strong></span> <span class='ocrx_word' id='word_1_619' title='bbox 1055 1191 1103 1219; x_wconf 81' lang='lat' dir='ltr'><strong>abs</strong></span> <span class='ocrx_word' id='word_1_620' title='bbox 1120 1197 1146 1218; x_wconf 82' lang='lat' dir='ltr'><strong>te</strong></span> <span class='ocrx_word' id='word_1_621' title='bbox 1157 1192 1218 1218; x_wconf 84' lang='lat' dir='ltr'><strong>data</strong></span> <span class='ocrx_word' id='word_1_622' title='bbox 1233 1192 1335 1227; x_wconf 84' lang='lat' dir='ltr'><strong>optima</strong></span> <span class='ocrx_word' id='word_1_623' title='bbox 1348 1197 1411 1219; x_wconf 88' lang='lat' dir='ltr'><strong>sunt</strong></span> <span class='ocrx_word' id='word_1_624' title='bbox 1429 1201 1436 1219; x_wconf 87' lang='lat'><strong>:</strong></span> <span class='ocrx_word' id='word_1_625' title='bbox 1452 1193 1499 1219; x_wconf 88' lang='lat' dir='ltr'><strong>sed</strong></span> <span class='ocrx_word' id='word_1_626' title='bbox 1512 1192 1634 1219; x_wconf 91' lang='lat' dir='ltr'><strong>omnium</strong></span> <span class='ocrx_word' id='word_1_627' title='bbox 1648 1192 1780 1218; x_wconf 88' lang='lat' dir='ltr'><strong>donorum</strong></span> 
     </span>
    </p>
   </div>
   <div class='ocr_carea' id='block_1_83' title="bbox 996 1237 1783 1272">
    <p class='ocr_par' dir='ltr' id='par_1_83' title="bbox 996 1237 1783 1272">
     <span class='ocr_line' id='line_1_83' title="bbox 996 1237 1783 1272; baseline 0.003 -9"><span class='ocrx_word' id='word_1_628' title='bbox 996 1238 1143 1264; x_wconf 82' lang='lat' dir='ltr'><strong>maximum</strong></span> <span class='ocrx_word' id='word_1_629' title='bbox 1161 1241 1212 1270; x_wconf 91' lang='lat' dir='ltr'><strong>est,</strong></span> <span class='ocrx_word' id='word_1_630' title='bbox 1225 1246 1278 1271; x_wconf 74' lang='lat' dir='ltr'><strong>pnx</strong></span> <span class='ocrx_word' id='word_1_631' title='bbox 1301 1237 1346 1264; x_wconf 85' lang='lat' dir='ltr'><strong>illa</strong></span> <span class='ocrx_word' id='word_1_632' title='bbox 1362 1246 1421 1272; x_wconf 68' lang='lat' dir='ltr'><strong>quae</strong></span> <span class='ocrx_word' id='word_1_633' title='bbox 1437 1239 1485 1265; x_wconf 89' lang='lat' dir='ltr'><strong>abs</strong></span> <span class='ocrx_word' id='word_1_634' title='bbox 1502 1243 1528 1265; x_wconf 89' lang='lat' dir='ltr'><strong>te</strong></span> <span class='ocrx_word' id='word_1_635' title='bbox 1545 1238 1737 1272; x_wconf 81' lang='lat' dir='ltr'><strong>proﬁciscitur.</strong></span> <span class='ocrx_word' id='word_1_636' title='bbox 1753 1244 1783 1265; x_wconf 85' lang='lat' dir='ltr'><strong>et</strong></span> 
     </span>
    </p>
   </div>
   <div class='ocr_carea' id='block_1_84' title="bbox 994 1283 1784 1318">
    <p class='ocr_par' dir='ltr' id='par_1_84' title="bbox 994 1283 1784 1318">
     <span class='ocr_line' id='line_1_84' title="bbox 994 1283 1784 1318; baseline 0.003 -9"><span class='ocrx_word' id='word_1_637' title='bbox 994 1291 1074 1318; x_wconf 84' lang='lat' dir='ltr'><strong>quam</strong></span> <span class='ocrx_word' id='word_1_638' title='bbox 1089 1283 1228 1310; x_wconf 88' lang='lat' dir='ltr'><strong>nobiscum</strong></span> <span class='ocrx_word' id='word_1_639' title='bbox 1251 1283 1382 1310; x_wconf 84' lang='lat' dir='ltr'><strong>habemus</strong></span> <span class='ocrx_word' id='word_1_640' title='bbox 1396 1303 1404 1315; x_wconf 85' lang='lat'><strong>,</strong></span> <span class='ocrx_word' id='word_1_641' title='bbox 1422 1288 1452 1310; x_wconf 91' lang='lat' dir='ltr'><strong>ut</strong></span> <span class='ocrx_word' id='word_1_642' title='bbox 1474 1283 1532 1310; x_wconf 87' lang='lat' dir='ltr'><strong>sine</strong></span> <span class='ocrx_word' id='word_1_643' title='bbox 1550 1283 1665 1310; x_wconf 89' lang='lat' dir='ltr'><strong>tmnultu</strong></span> <span class='ocrx_word' id='word_1_644' title='bbox 1679 1288 1707 1311; x_wconf 88' lang='lat' dir='ltr'><strong>et</strong></span> <span class='ocrx_word' id='word_1_645' title='bbox 1722 1291 1784 1311; x_wconf 79' lang='lat' dir='ltr'><strong>tnu-</strong></span> 
     </span>
    </p>
   </div>
   <div class='ocr_carea' id='block_1_85' title="bbox 995 1329 1781 1364">
    <p class='ocr_par' dir='ltr' id='par_1_85' title="bbox 995 1329 1781 1364">
     <span class='ocr_line' id='line_1_85' title="bbox 995 1329 1781 1364; baseline -0.001 -8"><span class='ocrx_word' id='word_1_646' title='bbox 995 1330 1096 1357; x_wconf 85' lang='lat' dir='ltr'><strong>talione</strong></span> <span class='ocrx_word' id='word_1_647' title='bbox 1115 1330 1255 1364; x_wconf 74' lang='lat' dir='ltr'><strong>degamus.</strong></span> <span class='ocrx_word' id='word_1_648' title='bbox 1280 1336 1424 1363; x_wconf 83' lang='lat' dir='ltr'><strong>annuaque</strong></span> <span class='ocrx_word' id='word_1_649' title='bbox 1447 1334 1540 1356; x_wconf 87' lang='lat' dir='ltr'><strong>nostra</strong></span> <span class='ocrx_word' id='word_1_650' title='bbox 1553 1329 1599 1356; x_wconf 86' lang='lat' dir='ltr'><strong>tibi</strong></span> <span class='ocrx_word' id='word_1_651' title='bbox 1613 1336 1720 1364; x_wconf 87' lang='lat' dir='ltr'><strong>semper</strong></span> <span class='ocrx_word' id='word_1_652' title='bbox 1733 1336 1781 1362; x_wconf 66' lang='lat' dir='ltr'><strong>ya-</strong></span> 
     </span>
    </p>
   </div>
   <div class='ocr_carea' id='block_1_86' title="bbox 994 1374 1780 1410">
    <p class='ocr_par' dir='ltr' id='par_1_86' title="bbox 994 1374 1780 1410">
     <span class='ocr_line' id='line_1_86' title="bbox 994 1374 1780 1410; baseline -0.001 -9"><span class='ocrx_word' id='word_1_653' title='bbox 994 1381 1060 1402; x_wconf 81' lang='lat' dir='ltr'><strong>cans</strong></span> <span class='ocrx_word' id='word_1_654' title='bbox 1074 1381 1207 1402; x_wconf 73' lang='lat' dir='ltr'><strong>servetur.</strong></span> <span class='ocrx_word' id='word_1_655' title='bbox 1226 1375 1253 1402; x_wconf 82' lang='lat' dir='ltr'><strong>ld</strong></span> <span class='ocrx_word' id='word_1_656' title='bbox 1276 1379 1365 1401; x_wconf 88' lang='lat' dir='ltr'><strong>autem</strong></span> <span class='ocrx_word' id='word_1_657' title='bbox 1393 1374 1533 1409; x_wconf 87' lang='lat' dir='ltr'><strong>inveniet,</strong></span> <span class='ocrx_word' id='word_1_658' title='bbox 1557 1375 1580 1402; x_wconf 86' lang='lat' dir='ltr'><strong>si</strong></span> <span class='ocrx_word' id='word_1_659' title='bbox 1603 1382 1652 1402; x_wconf 84' lang='lat' dir='ltr'><strong>nos</strong></span> <span class='ocrx_word' id='word_1_660' title='bbox 1668 1375 1724 1410; x_wconf 84' lang='lat' dir='ltr'><strong>ipse</strong></span> <span class='ocrx_word' id='word_1_661' title='bbox 1753 1374 1780 1401; x_wconf 91' lang='lat' dir='ltr'><strong>in</strong></span> 
     </span>
    </p>
   </div>
   <div class='ocr_carea' id='block_1_87' title="bbox 994 1420 1781 1457">
    <p class='ocr_par' dir='ltr' id='par_1_87' title="bbox 994 1420 1781 1457">
     <span class='ocr_line' id='line_1_87' title="bbox 994 1420 1781 1457; baseline 0.003 -10"><span class='ocrx_word' id='word_1_662' title='bbox 994 1420 1130 1456; x_wconf 85' lang='lat' dir='ltr'><strong>propriam</strong></span> <span class='ocrx_word' id='word_1_663' title='bbox 1149 1421 1195 1447; x_wconf 89' lang='lat' dir='ltr'><strong>tibi</strong></span> <span class='ocrx_word' id='word_1_664' title='bbox 1209 1420 1409 1455; x_wconf 82' lang='lat' dir='ltr'><strong>possessionem</strong></span> <span class='ocrx_word' id='word_1_665' title='bbox 1430 1421 1530 1449; x_wconf 80' lang='lat' dir='ltr'><strong>habere</strong></span> <span class='ocrx_word' id='word_1_666' title='bbox 1545 1421 1665 1456; x_wconf 81' lang='lat' dir='ltr'><strong>digneris</strong></span> <span class='ocrx_word' id='word_1_667' title='bbox 1686 1431 1694 1449; x_wconf 76' lang='grc' dir='ltr'><strong>ι</strong></span> <span class='ocrx_word' id='word_1_668' title='bbox 1716 1422 1781 1457; x_wconf 80' lang='lat' dir='ltr'><strong>quia</strong></span> 
     </span>
    </p>
   </div>
   <div class='ocr_carea' id='block_1_88' title="bbox 995 1468 1780 1501">
    <p class='ocr_par' dir='ltr' id='par_1_88' title="bbox 995 1468 1780 1501">
     <span class='ocr_line' id='line_1_88' title="bbox 995 1468 1780 1501; baseline 0.003 -8"><span class='ocrx_word' id='word_1_669' title='bbox 995 1474 1045 1495; x_wconf 91' lang='lat' dir='ltr'><strong>nos</strong></span> <span class='ocrx_word' id='word_1_670' title='bbox 1068 1475 1120 1494; x_wconf 92' lang='lat' dir='ltr'><strong>non</strong></span> <span class='ocrx_word' id='word_1_671' title='bbox 1140 1468 1222 1495; x_wconf 87' lang='lat' dir='ltr'><strong>alium</strong></span> <span class='ocrx_word' id='word_1_672' title='bbox 1240 1468 1366 1494; x_wconf 82' lang='lat' dir='ltr'><strong>novimus</strong></span> <span class='ocrx_word' id='word_1_673' title='bbox 1379 1472 1476 1501; x_wconf 72' lang='lat' dir='ltr'><strong>pneter</strong></span> <span class='ocrx_word' id='word_1_674' title='bbox 1501 1472 1544 1501; x_wconf 89' lang='lat' dir='ltr'><strong>te,</strong></span> <span class='ocrx_word' id='word_1_675' title='bbox 1562 1472 1588 1495; x_wconf 83' lang='lat' dir='ltr'><strong>et</strong></span> <span class='ocrx_word' id='word_1_676' title='bbox 1615 1468 1641 1495; x_wconf 90' lang='lat' dir='ltr'><strong>in</strong></span> <span class='ocrx_word' id='word_1_677' title='bbox 1659 1468 1717 1495; x_wconf 89' lang='lat' dir='ltr'><strong>solo</strong></span> <span class='ocrx_word' id='word_1_678' title='bbox 1731 1476 1780 1495; x_wconf 89' lang='lat' dir='ltr'><strong>no-</strong></span> 
     </span>
    </p>
   </div>
   <div class='ocr_carea' id='block_1_89' title="bbox 996 1512 1780 1548">
    <p class='ocr_par' dir='ltr' id='par_1_89' title="bbox 996 1512 1780 1548">
     <span class='ocr_line' id='line_1_89' title="bbox 996 1512 1780 1548; baseline 0.001 -8"><span class='ocrx_word' id='word_1_679' title='bbox 996 1513 1068 1540; x_wconf 90' lang='lat' dir='ltr'><strong>mine</strong></span> <span class='ocrx_word' id='word_1_680' title='bbox 1084 1519 1129 1540; x_wconf 91' lang='lat' dir='ltr'><strong>tuo</strong></span> <span class='ocrx_word' id='word_1_681' title='bbox 1143 1514 1312 1540; x_wconf 86' lang='lat' dir='ltr'><strong>conlidimus.</strong></span> <span class='ocrx_word' id='word_1_682' title='bbox 1325 1512 1392 1540; x_wconf 88' lang='lat' dir='ltr'><strong>Cum</strong></span> <span class='ocrx_word' id='word_1_683' title='bbox 1408 1513 1490 1548; x_wconf 74' lang='lat' dir='ltr'><strong>igitur</strong></span> <span class='ocrx_word' id='word_1_684' title='bbox 1504 1513 1531 1540; x_wconf 89' lang='lat' dir='ltr'><strong>in</strong></span> <span class='ocrx_word' id='word_1_685' title='bbox 1545 1514 1598 1540; x_wconf 85' lang='lat' dir='ltr'><strong>vita</strong></span> <span class='ocrx_word' id='word_1_686' title='bbox 1614 1519 1706 1541; x_wconf 89' lang='lat' dir='ltr'><strong>nostra</strong></span> <span class='ocrx_word' id='word_1_687' title='bbox 1725 1521 1780 1541; x_wconf 86' lang='lat' dir='ltr'><strong>non</strong></span> 
     </span>
    </p>
   </div>
   <div class='ocr_carea' id='block_1_90' title="bbox 956 1558 1783 1605">
    <p class='ocr_par' dir='ltr' id='par_1_90' title="bbox 956 1558 1783 1605">
     <span class='ocr_line' id='line_1_90' title="bbox 956 1558 1783 1605; baseline 0.001 -20"><span class='ocrx_word' id='word_1_688' title='bbox 956 1576 978 1605; x_wconf 67' lang='grc' dir='ltr'>ο</span> <span class='ocrx_word' id='word_1_689' title='bbox 996 1559 1077 1586; x_wconf 85' lang='lat' dir='ltr'><strong>alium</strong></span> <span class='ocrx_word' id='word_1_690' title='bbox 1094 1566 1175 1594; x_wconf 85' lang='lat' dir='ltr'><strong>quam</strong></span> <span class='ocrx_word' id='word_1_691' title='bbox 1195 1563 1220 1585; x_wconf 89' lang='lat' dir='ltr'><strong>te</strong></span> <span class='ocrx_word' id='word_1_692' title='bbox 1235 1559 1455 1592; x_wconf 79' lang='lat' dir='ltr'><strong>possederimus;</strong></span> <span class='ocrx_word' id='word_1_693' title='bbox 1469 1558 1531 1593; x_wconf 87' lang='lat' dir='ltr'><strong>jure</strong></span> <span class='ocrx_word' id='word_1_694' title='bbox 1544 1563 1718 1594; x_wconf 78' lang='lat' dir='ltr'><strong>rogamus.ut</strong></span> <span class='ocrx_word' id='word_1_695' title='bbox 1728 1564 1783 1586; x_wconf 76' lang='lat' dir='ltr'><strong>tua:</strong></span> 
     </span>
    </p>
   </div>
   <div class='ocr_carea' id='block_1_91' title="bbox 994 1605 1508 1640">
    <p class='ocr_par' dir='ltr' id='par_1_91' title="bbox 994 1605 1508 1640">
     <span class='ocr_line' id='line_1_91' title="bbox 994 1605 1508 1640; baseline 0 -8"><span class='ocrx_word' id='word_1_696' title='bbox 994 1605 1125 1640; x_wconf 81' lang='lat' dir='ltr'><strong>portionis</strong></span> <span class='ocrx_word' id='word_1_697' title='bbox 1138 1610 1163 1631; x_wconf 80' lang='lat' dir='ltr'><strong>et</strong></span> <span class='ocrx_word' id='word_1_698' title='bbox 1176 1605 1258 1632; x_wconf 85' lang='lat' dir='ltr'><strong>sortis</strong></span> <span class='ocrx_word' id='word_1_699' title='bbox 1272 1612 1332 1632; x_wconf 87' lang='lat' dir='ltr'><strong>esse</strong></span> <span class='ocrx_word' id='word_1_700' title='bbox 1347 1613 1508 1632; x_wconf 86' lang='lat' dir='ltr'><strong>mereantur.</strong></span> 
     </span>
    </p>
   </div>
   <div class='ocr_carea' id='block_1_92' title="bbox 1029 1647 1780 1682">
    <p class='ocr_par' dir='ltr' id='par_1_92' title="bbox 1029 1647 1780 1682">
     <span class='ocr_line' id='line_1_92' title="bbox 1029 1647 1780 1682; baseline 0.004 -8"><span class='ocrx_word' id='word_1_701' title='bbox 1029 1647 1111 1675; x_wconf 71' lang='lat' dir='ltr'><strong>Vsus.</strong></span> <span class='ocrx_word' id='word_1_702' title='bbox 1132 1649 1174 1674; x_wconf 77' lang='grc'><strong>14.</strong></span> <span class='ocrx_word' id='word_1_703' title='bbox 1201 1657 1210 1673; x_wconf 87' lang='grc'><strong>‹</strong></span> <span class='ocrx_word' id='word_1_704' title='bbox 1240 1647 1338 1675; x_wconf 85' lang='lat' dir='ltr'><strong>Mortui</strong></span> <span class='ocrx_word' id='word_1_705' title='bbox 1361 1653 1451 1675; x_wconf 85' lang='lat' dir='ltr'><strong>autem</strong></span> <span class='ocrx_word' id='word_1_706' title='bbox 1467 1649 1551 1676; x_wconf 84' lang='lat' dir='ltr'><strong>vitam</strong></span> <span class='ocrx_word' id='word_1_707' title='bbox 1570 1657 1623 1677; x_wconf 92' lang='lat' dir='ltr'><strong>non</strong></span> <span class='ocrx_word' id='word_1_708' title='bbox 1640 1649 1780 1682; x_wconf 79' lang='lat' dir='ltr'><strong>ridebunt.</strong></span> 
     </span>
    </p>
   </div>
   <div class='ocr_carea' id='block_1_93' title="bbox 975 1693 1781 1739">
    <p class='ocr_par' dir='ltr' id='par_1_93' title="bbox 975 1693 1781 1739">
     <span class='ocr_line' id='line_1_93' title="bbox 975 1693 1781 1739; baseline 0.002 -18"><span class='ocrx_word' id='word_1_709' title='bbox 975 1701 1083 1739; x_wconf 41' lang='lat' dir='ltr'><strong>‘neque</strong></span> <span class='ocrx_word' id='word_1_710' title='bbox 1099 1693 1195 1720; x_wconf 72' lang='lat' dir='ltr'><strong>medici</strong></span> <span class='ocrx_word' id='word_1_711' title='bbox 1215 1694 1398 1721; x_wconf 84' lang='lat' dir='ltr'><strong>suscitabtutt.</strong></span> <span class='ocrx_word' id='word_1_712' title='bbox 1414 1694 1475 1722; x_wconf 83' lang='lat' dir='ltr'><strong>Ideo</strong></span> <span class='ocrx_word' id='word_1_713' title='bbox 1498 1695 1635 1723; x_wconf 77' lang='lat' dir='ltr'><strong>abduxisti</strong></span> <span class='ocrx_word' id='word_1_714' title='bbox 1649 1716 1657 1728; x_wconf 82' lang='lat'><strong><em>,</em></strong></span> <span class='ocrx_word' id='word_1_715' title='bbox 1674 1701 1701 1723; x_wconf 89' lang='lat' dir='ltr'><strong>et</strong></span> <span class='ocrx_word' id='word_1_716' title='bbox 1717 1703 1781 1731; x_wconf 79' lang='lat' dir='ltr'><strong>per-</strong></span> 
     </span>
    </p>
   </div>
   <div class='ocr_carea' id='block_1_94' title="bbox 993 1739 1782 1771">
    <p class='ocr_par' dir='ltr' id='par_1_94' title="bbox 993 1739 1782 1771">
     <span class='ocr_line' id='line_1_94' title="bbox 993 1739 1782 1771; baseline 0.004 -5"><span class='ocrx_word' id='word_1_717' title='bbox 993 1739 1097 1771; x_wconf 80' lang='lat' dir='ltr'><strong>didisti,</strong></span> <span class='ocrx_word' id='word_1_718' title='bbox 1111 1742 1139 1766; x_wconf 90' lang='lat' dir='ltr'><strong>et</strong></span> <span class='ocrx_word' id='word_1_719' title='bbox 1155 1739 1289 1766; x_wconf 90' lang='lat' dir='ltr'><strong>sustulisti</strong></span> <span class='ocrx_word' id='word_1_720' title='bbox 1308 1746 1390 1766; x_wconf 87' lang='lat' dir='ltr'><strong>oume</strong></span> <span class='ocrx_word' id='word_1_721' title='bbox 1415 1740 1565 1767; x_wconf 85' lang='lat' dir='ltr'><strong>masculum</strong></span> <span class='ocrx_word' id='word_1_722' title='bbox 1580 1748 1684 1768; x_wconf 89' lang='lat' dir='ltr'><strong>eorum.</strong></span> <span class='ocrx_word' id='word_1_723' title='bbox 1700 1750 1709 1767; x_wconf 79' lang='grc' dir='ltr'><strong>ι</strong></span> <span class='ocrx_word' id='word_1_724' title='bbox 1726 1741 1782 1770; x_wconf 78' lang='lat' dir='ltr'><strong>Nos</strong></span> 
     </span>
    </p>
   </div>
   <div class='ocr_carea' id='block_1_95' title="bbox 992 1784 1779 1821">
    <p class='ocr_par' dir='ltr' id='par_1_95' title="bbox 992 1784 1779 1821">
     <span class='ocr_line' id='line_1_95' title="bbox 992 1784 1779 1821; baseline 0.005 -11"><span class='ocrx_word' id='word_1_725' title='bbox 992 1784 1113 1819; x_wconf 87' lang='lat' dir='ltr'><strong>quidem,</strong></span> <span class='ocrx_word' id='word_1_726' title='bbox 1130 1784 1180 1816; x_wconf 79' lang='lat' dir='ltr'><strong>ait,</strong></span> <span class='ocrx_word' id='word_1_727' title='bbox 1194 1784 1231 1811; x_wconf 88' lang='lat' dir='ltr'><strong>tui</strong></span> <span class='ocrx_word' id='word_1_728' title='bbox 1246 1791 1340 1811; x_wconf 84' lang='lat' dir='ltr'><strong>sumus</strong></span> <span class='ocrx_word' id='word_1_729' title='bbox 1350 1803 1358 1817; x_wconf 88' lang='lat'><strong>,</strong></span> <span class='ocrx_word' id='word_1_730' title='bbox 1373 1784 1485 1812; x_wconf 87' lang='lat' dir='ltr'><strong>Domine</strong></span> <span class='ocrx_word' id='word_1_731' title='bbox 1496 1806 1504 1818; x_wconf 86' lang='lat'>,</span> <span class='ocrx_word' id='word_1_732' title='bbox 1521 1790 1548 1812; x_wconf 90' lang='lat' dir='ltr'><strong>ct</strong></span> <span class='ocrx_word' id='word_1_733' title='bbox 1563 1791 1589 1812; x_wconf 92' lang='lat' dir='ltr'><strong>tu</strong></span> <span class='ocrx_word' id='word_1_734' title='bbox 1605 1791 1697 1813; x_wconf 88' lang='lat' dir='ltr'><strong>nostra</strong></span> <span class='ocrx_word' id='word_1_735' title='bbox 1715 1794 1779 1821; x_wconf 85' lang='lat' dir='ltr'><strong>pos-</strong></span> 
     </span>
    </p>
   </div>
   <div class='ocr_carea' id='block_1_96' title="bbox 991 1829 1780 1865">
    <p class='ocr_par' dir='ltr' id='par_1_96' title="bbox 991 1829 1780 1865">
     <span class='ocr_line' id='line_1_96' title="bbox 991 1829 1780 1865; baseline 0.003 -7"><span class='ocrx_word' id='word_1_736' title='bbox 991 1830 1080 1858; x_wconf 72' lang='lat' dir='ltr'><strong>sessio</strong></span> <span class='ocrx_word' id='word_1_737' title='bbox 1095 1838 1143 1863; x_wconf 81' lang='lat' dir='ltr'><strong>es;</strong></span> <span class='ocrx_word' id='word_1_738' title='bbox 1160 1829 1208 1864; x_wconf 90' lang='lat' dir='ltr'><strong>qui</strong></span> <span class='ocrx_word' id='word_1_739' title='bbox 1225 1837 1289 1857; x_wconf 73' lang='lat' dir='ltr'><strong>vero</strong></span> <span class='ocrx_word' id='word_1_740' title='bbox 1303 1837 1364 1858; x_wconf 88' lang='lat' dir='ltr'><strong>sese</strong></span> <span class='ocrx_word' id='word_1_741' title='bbox 1381 1832 1500 1865; x_wconf 89' lang='lat' dir='ltr'><strong>peccatis</strong></span> <span class='ocrx_word' id='word_1_742' title='bbox 1514 1832 1549 1858; x_wconf 87' lang='lat' dir='ltr'><strong>ad</strong></span> <span class='ocrx_word' id='word_1_743' title='bbox 1571 1838 1685 1860; x_wconf 86' lang='lat' dir='ltr'><strong>mortem</strong></span> <span class='ocrx_word' id='word_1_744' title='bbox 1701 1830 1780 1860; x_wconf 87' lang='lat' dir='ltr'><strong>dedi-</strong></span> 
     </span>
    </p>
   </div>
   <div class='ocr_carea' id='block_1_97' title="bbox 991 1875 1778 1911">
    <p class='ocr_par' dir='ltr' id='par_1_97' title="bbox 991 1875 1778 1911">
     <span class='ocr_line' id='line_1_97' title="bbox 991 1875 1778 1911; baseline 0.004 -7"><span class='ocrx_word' id='word_1_745' title='bbox 991 1875 1099 1910; x_wconf 85' lang='lat' dir='ltr'><strong>derunt,</strong></span> <span class='ocrx_word' id='word_1_746' title='bbox 1132 1876 1248 1911; x_wconf 77' lang='lat' dir='ltr'><strong>ideoque</strong></span> <span class='ocrx_word' id='word_1_747' title='bbox 1275 1876 1418 1904; x_wconf 82' lang='lat' dir='ltr'><strong>animabus</strong></span> <span class='ocrx_word' id='word_1_748' title='bbox 1450 1879 1550 1904; x_wconf 79' lang='lat' dir='ltr'><strong>mortui</strong></span> <span class='ocrx_word' id='word_1_749' title='bbox 1579 1884 1641 1905; x_wconf 84' lang='lat' dir='ltr'><strong>sunt</strong></span> <span class='ocrx_word' id='word_1_750' title='bbox 1676 1887 1683 1906; x_wconf 90' lang='lat'>:</span> <span class='ocrx_word' id='word_1_751' title='bbox 1715 1887 1778 1907; x_wconf 90' lang='lat' dir='ltr'><strong>nam</strong></span> 
     </span>
    </p>
   </div>
   <div class='ocr_carea' id='block_1_98' title="bbox 993 1922 1780 1960">
    <p class='ocr_par' dir='ltr' id='par_1_98' title="bbox 993 1922 1780 1960">
     <span class='ocr_line' id='line_1_98' title="bbox 993 1922 1780 1960; baseline 0.005 -12"><span class='ocrx_word' id='word_1_752' title='bbox 993 1931 1003 1948; x_wconf 85' lang='grc'><strong>‹</strong></span> <span class='ocrx_word' id='word_1_753' title='bbox 1017 1922 1106 1949; x_wconf 86' lang='lat' dir='ltr'><strong>anima</strong></span> <span class='ocrx_word' id='word_1_754' title='bbox 1116 1930 1175 1957; x_wconf 66' lang='lat' dir='ltr'><strong>quae</strong></span> <span class='ocrx_word' id='word_1_755' title='bbox 1186 1924 1350 1958; x_wconf 79' lang='lat' dir='ltr'><strong>peccaverit.</strong></span> <span class='ocrx_word' id='word_1_756' title='bbox 1366 1923 1422 1957; x_wconf 83' lang='lat' dir='ltr'><strong>ipsa</strong></span> <span class='ocrx_word' id='word_1_757' title='bbox 1434 1924 1564 1951; x_wconf 85' lang='lat' dir='ltr'><strong>morietur</strong></span> <span class='ocrx_word' id='word_1_758' title='bbox 1575 1932 1582 1950; x_wconf 92' lang='lat'><strong><em>:</em></strong></span> <span class='ocrx_word' id='word_1_759' title='bbox 1593 1933 1603 1950; x_wconf 71' lang='grc' dir='ltr'><strong>ι</strong></span> <span class='ocrx_word' id='word_1_760' title='bbox 1616 1925 1780 1960; x_wconf 83' lang='lat' dir='ltr'><strong>promissam</strong></span> 
     </span>
    </p>
   </div>
   <div class='ocr_carea' id='block_1_99' title="bbox 991 1968 1778 2005">
    <p class='ocr_par' dir='ltr' id='par_1_99' title="bbox 991 1968 1778 2005">
     <span class='ocr_line' id='line_1_99' title="bbox 991 1968 1778 2005; baseline 0.003 -9"><span class='ocrx_word' id='word_1_761' title='bbox 991 1968 1091 1996; x_wconf 81' lang='lat' dir='ltr'><strong>sanctis</strong></span> <span class='ocrx_word' id='word_1_762' title='bbox 1108 1973 1237 1996; x_wconf 65' lang='lat' dir='ltr'><strong>aeternam</strong></span> <span class='ocrx_word' id='word_1_763' title='bbox 1254 1969 1335 1995; x_wconf 81' lang='lat' dir='ltr'><strong>vitam</strong></span> <span class='ocrx_word' id='word_1_764' title='bbox 1353 1976 1405 1995; x_wconf 91' lang='lat' dir='ltr'><strong>non</strong></span> <span class='ocrx_word' id='word_1_765' title='bbox 1422 1969 1562 2001; x_wconf 81' lang='lat' dir='ltr'><strong>videbunt,</strong></span> <span class='ocrx_word' id='word_1_766' title='bbox 1578 1977 1665 2005; x_wconf 89' lang='lat' dir='ltr'><strong>neque</strong></span> <span class='ocrx_word' id='word_1_767' title='bbox 1680 1971 1778 1998; x_wconf 88' lang='lat' dir='ltr'><strong>medici</strong></span> 
     </span>
    </p>
   </div>
   <div class='ocr_carea' id='block_1_100' title="bbox 990 2015 1779 2052">
    <p class='ocr_par' dir='ltr' id='par_1_100' title="bbox 990 2015 1779 2052">
     <span class='ocr_line' id='line_1_100' title="bbox 990 2015 1779 2052; baseline 0.003 -9"><span class='ocrx_word' id='word_1_768' title='bbox 990 2015 1172 2050; x_wconf 86' lang='lat' dir='ltr'><strong>undecunque</strong></span> <span class='ocrx_word' id='word_1_769' title='bbox 1195 2015 1327 2043; x_wconf 84' lang='lat' dir='ltr'><strong>accedant</strong></span> <span class='ocrx_word' id='word_1_770' title='bbox 1345 2015 1440 2051; x_wconf 82' lang='lat' dir='ltr'><strong>judicii</strong></span> <span class='ocrx_word' id='word_1_771' title='bbox 1478 2020 1618 2052; x_wconf 82' lang='lat' dir='ltr'><strong>tempore.</strong></span> <span class='ocrx_word' id='word_1_772' title='bbox 1649 2023 1779 2052; x_wconf 88' lang='lat' dir='ltr'><strong>poterunt</strong></span> 
     </span>
    </p>
   </div>
   <div class='ocr_carea' id='block_1_101' title="bbox 990 2061 1776 2099">
    <p class='ocr_par' dir='ltr' id='par_1_101' title="bbox 990 2061 1776 2099">
     <span class='ocr_line' id='line_1_101' title="bbox 990 2061 1776 2099; baseline 0.003 -9"><span class='ocrx_word' id='word_1_773' title='bbox 990 2062 1057 2097; x_wconf 87' lang='lat' dir='ltr'><strong>ipsis</strong></span> <span class='ocrx_word' id='word_1_774' title='bbox 1070 2068 1148 2097; x_wconf 90' lang='lat' dir='ltr'><strong>opem</strong></span> <span class='ocrx_word' id='word_1_775' title='bbox 1164 2062 1196 2089; x_wconf 85' lang='lat' dir='ltr'><strong>ad</strong></span> <span class='ocrx_word' id='word_1_776' title='bbox 1213 2062 1328 2089; x_wconf 83' lang='lat' dir='ltr'><strong>salutem</strong></span> <span class='ocrx_word' id='word_1_777' title='bbox 1349 2061 1474 2089; x_wconf 86' lang='lat' dir='ltr'><strong>e0nl&#39;erre</strong></span> <span class='ocrx_word' id='word_1_778' title='bbox 1487 2082 1494 2096; x_wconf 87' lang='lat'><strong><em>,</em></strong></span> <span class='ocrx_word' id='word_1_779' title='bbox 1511 2071 1597 2099; x_wconf 83' lang='lat' dir='ltr'><strong>neque</strong></span> <span class='ocrx_word' id='word_1_780' title='bbox 1610 2071 1657 2091; x_wconf 91' lang='lat' dir='ltr'><strong>eos</strong></span> <span class='ocrx_word' id='word_1_781' title='bbox 1669 2064 1703 2091; x_wconf 90' lang='lat' dir='ltr'><strong>ab</strong></span> <span class='ocrx_word' id='word_1_782' title='bbox 1717 2064 1776 2092; x_wconf 76' lang='lat' dir='ltr'><strong>exi-</strong></span> 
     </span>
    </p>
   </div>
   <div class='ocr_carea' id='block_1_102' title="bbox 990 2108 1780 2146">
    <p class='ocr_par' dir='ltr' id='par_1_102' title="bbox 990 2108 1780 2146">
     <span class='ocr_line' id='line_1_102' title="bbox 990 2108 1780 2146; baseline 0.004 -10"><span class='ocrx_word' id='word_1_783' title='bbox 990 2109 1028 2136; x_wconf 90' lang='lat' dir='ltr'><strong>tio</strong></span> <span class='ocrx_word' id='word_1_784' title='bbox 1042 2109 1186 2136; x_wconf 84' lang='lat' dir='ltr'><strong>suscitare.</strong></span> <span class='ocrx_word' id='word_1_785' title='bbox 1200 2108 1229 2135; x_wconf 88' lang='lat' dir='ltr'><strong>Si</strong></span> <span class='ocrx_word' id='word_1_786' title='bbox 1245 2109 1355 2143; x_wconf 86' lang='lat' dir='ltr'><strong>quidem</strong></span> <span class='ocrx_word' id='word_1_787' title='bbox 1369 2116 1438 2143; x_wconf 84' lang='lat' dir='ltr'><strong>quos</strong></span> <span class='ocrx_word' id='word_1_788' title='bbox 1453 2113 1481 2136; x_wconf 92' lang='lat' dir='ltr'><strong>tu</strong></span> <span class='ocrx_word' id='word_1_789' title='bbox 1493 2129 1500 2142; x_wconf 88' lang='lat'>,</span> <span class='ocrx_word' id='word_1_790' title='bbox 1517 2118 1630 2146; x_wconf 79' lang='lat' dir='ltr'><strong>magne,</strong></span> <span class='ocrx_word' id='word_1_791' title='bbox 1647 2111 1780 2139; x_wconf 78' lang='lat' dir='ltr'><strong>terribilis</strong></span> 
     </span>
    </p>
   </div>
   <div class='ocr_carea' id='block_1_103' title="bbox 989 2154 1774 2192">
    <p class='ocr_par' dir='ltr' id='par_1_103' title="bbox 989 2154 1774 2192">
     <span class='ocr_line' id='line_1_103' title="bbox 989 2154 1774 2192; baseline 0.003 -9"><span class='ocrx_word' id='word_1_792' title='bbox 989 2159 1017 2183; x_wconf 90' lang='lat' dir='ltr'><strong>et</strong></span> <span class='ocrx_word' id='word_1_793' title='bbox 1036 2155 1110 2190; x_wconf 73' lang='lat' dir='ltr'><strong>iuste</strong></span> <span class='ocrx_word' id='word_1_794' title='bbox 1124 2154 1211 2182; x_wconf 73' lang='lat' dir='ltr'><strong>Iudex</strong></span> <span class='ocrx_word' id='word_1_795' title='bbox 1226 2175 1234 2188; x_wconf 86' lang='grc'><strong>,</strong></span> <span class='ocrx_word' id='word_1_796' title='bbox 1249 2155 1378 2190; x_wconf 86' lang='lat' dir='ltr'><strong>perniciei</strong></span> <span class='ocrx_word' id='word_1_797' title='bbox 1404 2156 1538 2184; x_wconf 87' lang='lat' dir='ltr'><strong>tradidisti</strong></span> <span class='ocrx_word' id='word_1_798' title='bbox 1552 2177 1559 2190; x_wconf 87' lang='lat'><strong>,</strong></span> <span class='ocrx_word' id='word_1_799' title='bbox 1575 2158 1637 2192; x_wconf 85' lang='lat' dir='ltr'><strong>quis</strong></span> <span class='ocrx_word' id='word_1_800' title='bbox 1651 2158 1774 2185; x_wconf 84' lang='lat' dir='ltr'><strong>medicus</strong></span> 
     </span>
    </p>
   </div>
   <div class='ocr_carea' id='block_1_104' title="bbox 989 2201 1232 2236">
    <p class='ocr_par' dir='ltr' id='par_1_104' title="bbox 989 2201 1232 2236">
     <span class='ocr_line' id='line_1_104' title="bbox 989 2201 1232 2236; baseline -0.004 -7"><span class='ocrx_word' id='word_1_801' title='bbox 989 2207 1097 2229; x_wconf 80' lang='lat' dir='ltr'><strong>servare</strong></span> <span class='ocrx_word' id='word_1_802' title='bbox 1110 2201 1232 2236; x_wconf 77' lang='lat' dir='ltr'><strong>poterit?</strong></span> 
     </span>
    </p>
   </div>
   <div class='ocr_carea' id='block_1_105' title="bbox 952 2256 980 2285">
    <p class='ocr_par' dir='ltr' id='par_1_105' title="bbox 952 2256 980 2285">
     <span class='ocr_line' id='line_1_105' title="bbox 952 2256 980 2285; baseline 0 0"><span class='ocrx_word' id='word_1_803' title='bbox 952 2256 980 2285; x_wconf 85' lang='lat' dir='ltr'><strong>D</strong></span> 
     </span>
    </p>
   </div>
   <div class='ocr_carea' id='block_1_106' title="bbox 1029 2291 1775 2327">
    <p class='ocr_par' dir='ltr' id='par_1_106' title="bbox 1029 2291 1775 2327">
     <span class='ocr_line' id='line_1_106' title="bbox 1029 2291 1775 2327; baseline 0.004 -9"><span class='ocrx_word' id='word_1_804' title='bbox 1029 2300 1037 2317; x_wconf 91' lang='lat' dir='ltr'><strong>I</strong></span> <span class='ocrx_word' id='word_1_805' title='bbox 1058 2291 1120 2319; x_wconf 90' lang='lat' dir='ltr'><strong>Ideo</strong></span> <span class='ocrx_word' id='word_1_806' title='bbox 1135 2291 1273 2319; x_wconf 78' lang='lat' dir='ltr'><strong>abduxisti</strong></span> <span class='ocrx_word' id='word_1_807' title='bbox 1288 2297 1316 2319; x_wconf 89' lang='lat' dir='ltr'><strong>et</strong></span> <span class='ocrx_word' id='word_1_808' title='bbox 1331 2292 1491 2327; x_wconf 87' lang='lat' dir='ltr'><strong>perdidisti,</strong></span> <span class='ocrx_word' id='word_1_809' title='bbox 1511 2298 1538 2321; x_wconf 86' lang='lat' dir='ltr'><strong>et</strong></span> <span class='ocrx_word' id='word_1_810' title='bbox 1553 2293 1683 2321; x_wconf 85' lang='lat' dir='ltr'><strong>sustulisti</strong></span> <span class='ocrx_word' id='word_1_811' title='bbox 1696 2302 1775 2322; x_wconf 85' lang='lat' dir='ltr'><strong>omne</strong></span> 
     </span>
    </p>
   </div>
   <div class='ocr_carea' id='block_1_107' title="bbox 990 2336 1775 2370">
    <p class='ocr_par' dir='ltr' id='par_1_107' title="bbox 990 2336 1775 2370">
     <span class='ocr_line' id='line_1_107' title="bbox 990 2336 1775 2370; baseline 0.005 -7"><span class='ocrx_word' id='word_1_812' title='bbox 990 2336 1140 2364; x_wconf 87' lang='lat' dir='ltr'><strong>masculum</strong></span> <span class='ocrx_word' id='word_1_813' title='bbox 1165 2345 1269 2364; x_wconf 83' lang='lat' dir='ltr'><strong>eorum.</strong></span> <span class='ocrx_word' id='word_1_814' title='bbox 1294 2347 1304 2364; x_wconf 73' lang='grc' dir='ltr'><strong>ι</strong></span> <span class='ocrx_word' id='word_1_815' title='bbox 1320 2337 1374 2365; x_wconf 86' lang='lat' dir='ltr'><strong>Prn</strong></span> <span class='ocrx_word' id='word_1_816' title='bbox 1390 2339 1434 2366; x_wconf 88' lang='lat' dir='ltr'><strong>illo</strong></span> <span class='ocrx_word' id='word_1_817' title='bbox 1450 2344 1539 2366; x_wconf 81' lang='lat' dir='ltr'><strong>autent</strong></span> <span class='ocrx_word' id='word_1_818' title='bbox 1554 2358 1562 2370; x_wconf 83' lang='lat'><strong>.</strong></span> <span class='ocrx_word' id='word_1_819' title='bbox 1579 2348 1589 2364; x_wconf 75' lang='grc' dir='ltr'><strong>ι</strong></span> <span class='ocrx_word' id='word_1_820' title='bbox 1603 2344 1631 2367; x_wconf 91' lang='lat' dir='ltr'><strong>et</strong></span> <span class='ocrx_word' id='word_1_821' title='bbox 1641 2339 1775 2367; x_wconf 83' lang='lat' dir='ltr'><strong>sustulisti</strong></span> 
     </span>
    </p>
   </div>
   <div class='ocr_carea' id='block_1_108' title="bbox 988 2381 1774 2421">
    <p class='ocr_par' dir='ltr' id='par_1_108' title="bbox 988 2381 1774 2421">
     <span class='ocr_line' id='line_1_108' title="bbox 988 2381 1774 2421; baseline 0.005 -12"><span class='ocrx_word' id='word_1_822' title='bbox 988 2383 1068 2410; x_wconf 77' lang='lat' dir='ltr'><strong>oiliit&#39;e</strong></span> <span class='ocrx_word' id='word_1_823' title='bbox 1084 2382 1233 2410; x_wconf 84' lang='lat' dir='ltr'><strong>masculum</strong></span> <span class='ocrx_word' id='word_1_824' title='bbox 1253 2391 1346 2411; x_wconf 91' lang='lat' dir='ltr'><strong>eorum</strong></span> <span class='ocrx_word' id='word_1_825' title='bbox 1361 2404 1368 2416; x_wconf 88' lang='lat'><strong>,</strong></span> <span class='ocrx_word' id='word_1_826' title='bbox 1390 2394 1400 2411; x_wconf 82' lang='grc'><strong>›</strong></span> <span class='ocrx_word' id='word_1_827' title='bbox 1419 2381 1597 2421; x_wconf 58' lang='grc' dir='ltr'>Ξῇιηιιιαιῖῑῖιιε</span> <span class='ocrx_word' id='word_1_828' title='bbox 1609 2404 1618 2417; x_wconf 82' lang='grc'><strong>.</strong></span> <span class='ocrx_word' id='word_1_829' title='bbox 1638 2394 1648 2411; x_wconf 81' lang='lat' dir='ltr'><strong>t</strong></span> <span class='ocrx_word' id='word_1_830' title='bbox 1665 2393 1774 2414; x_wconf 89' lang='lat' dir='ltr'><strong>omnem</strong></span> 
     </span>
    </p>
   </div>
   <div class='ocr_carea' id='block_1_109' title="bbox 989 2429 1774 2466">
    <p class='ocr_par' dir='ltr' id='par_1_109' title="bbox 989 2429 1774 2466">
     <span class='ocr_line' id='line_1_109' title="bbox 989 2429 1774 2466; baseline 0.006 -10"><span class='ocrx_word' id='word_1_831' title='bbox 989 2429 1148 2457; x_wconf 83' lang='lat' dir='ltr'><strong>memoriam</strong></span> <span class='ocrx_word' id='word_1_832' title='bbox 1176 2437 1285 2464; x_wconf 89' lang='lat' dir='ltr'><strong>eorum;</strong></span> <span class='ocrx_word' id='word_1_833' title='bbox 1305 2440 1314 2456; x_wconf 75' lang='grc' dir='ltr'><strong>ι</strong></span> <span class='ocrx_word' id='word_1_834' title='bbox 1333 2431 1430 2466; x_wconf 78' lang='lat' dir='ltr'><strong>Aquila</strong></span> <span class='ocrx_word' id='word_1_835' title='bbox 1459 2439 1523 2459; x_wconf 78' lang='lat' dir='ltr'><strong>t-ero</strong></span> <span class='ocrx_word' id='word_1_836' title='bbox 1546 2436 1574 2459; x_wconf 89' lang='lat' dir='ltr'><strong>et</strong></span> <span class='ocrx_word' id='word_1_837' title='bbox 1598 2431 1748 2460; x_wconf 83' lang='lat' dir='ltr'><strong>Theodotio</strong></span> <span class='ocrx_word' id='word_1_838' title='bbox 1765 2453 1774 2465; x_wconf 66' lang='grc' dir='ltr'><strong>ν</strong></span> 
     </span>
    </p>
   </div>
   <div class='ocr_carea' id='block_1_110' title="bbox 990 2476 1777 2513">
    <p class='ocr_par' dir='ltr' id='par_1_110' title="bbox 990 2476 1777 2513">
     <span class='ocr_line' id='line_1_110' title="bbox 990 2476 1777 2513; baseline 0.006 -12"><span class='ocrx_word' id='word_1_839' title='bbox 990 2485 1001 2501; x_wconf 74' lang='grc' dir='ltr'><strong>ι</strong></span> <span class='ocrx_word' id='word_1_840' title='bbox 1020 2481 1100 2502; x_wconf 84' lang='lat' dir='ltr'><strong>omne</strong></span> <span class='ocrx_word' id='word_1_841' title='bbox 1116 2476 1272 2504; x_wconf 86' lang='lat' dir='ltr'><strong>memoriale</strong></span> <span class='ocrx_word' id='word_1_842' title='bbox 1285 2484 1392 2510; x_wconf 86' lang='lat' dir='ltr'><strong>eorum,</strong></span> <span class='ocrx_word' id='word_1_843' title='bbox 1412 2487 1421 2503; x_wconf 82' lang='grc'>›</span> <span class='ocrx_word' id='word_1_844' title='bbox 1439 2478 1607 2513; x_wconf 83' lang='lat' dir='ltr'><strong>interpretati</strong></span> <span class='ocrx_word' id='word_1_845' title='bbox 1623 2483 1696 2507; x_wconf 88' lang='lat' dir='ltr'><strong>sunt.</strong></span> <span class='ocrx_word' id='word_1_846' title='bbox 1723 2478 1777 2506; x_wconf 77' lang='lat' dir='ltr'><strong>Par</strong></span> 
     </span>
    </p>
   </div>
   <div class='ocr_carea' id='block_1_111' title="bbox 986 2523 1774 2559">
    <p class='ocr_par' dir='ltr' id='par_1_111' title="bbox 986 2523 1774 2559">
     <span class='ocr_line' id='line_1_111' title="bbox 986 2523 1774 2559; baseline 0.006 -11"><span class='ocrx_word' id='word_1_847' title='bbox 986 2526 1046 2549; x_wconf 83' lang='lat' dir='ltr'><strong>erat</strong></span> <span class='ocrx_word' id='word_1_848' title='bbox 1060 2523 1131 2549; x_wconf 89' lang='lat' dir='ltr'><strong>enim</strong></span> <span class='ocrx_word' id='word_1_849' title='bbox 1149 2528 1299 2551; x_wconf 86' lang='lat' dir='ltr'><strong>memorato</strong></span> <span class='ocrx_word' id='word_1_850' title='bbox 1321 2523 1414 2558; x_wconf 88' lang='lat' dir='ltr'><strong>judicii</strong></span> <span class='ocrx_word' id='word_1_851' title='bbox 1435 2529 1555 2559; x_wconf 86' lang='lat' dir='ltr'><strong>tempore</strong></span> <span class='ocrx_word' id='word_1_852' title='bbox 1567 2545 1574 2557; x_wconf 91' lang='lat'><strong>,</strong></span> <span class='ocrx_word' id='word_1_853' title='bbox 1589 2533 1698 2553; x_wconf 90' lang='lat' dir='ltr'><strong>omnem</strong></span> <span class='ocrx_word' id='word_1_854' title='bbox 1724 2533 1774 2553; x_wconf 85' lang='lat' dir='ltr'><strong>ne-</strong></span> 
     </span>
    </p>
   </div>
   <div class='ocr_carea' id='block_1_112' title="bbox 987 2568 1773 2604">
    <p class='ocr_par' dir='ltr' id='par_1_112' title="bbox 987 2568 1773 2604">
     <span class='ocr_line' id='line_1_112' title="bbox 987 2568 1773 2604; baseline 0.005 -10"><span class='ocrx_word' id='word_1_855' title='bbox 987 2568 1078 2601; x_wconf 57' lang='lat' dir='ltr'><strong>quitia</strong></span> <span class='ocrx_word' id='word_1_856' title='bbox 1097 2570 1257 2596; x_wconf 89' lang='lat' dir='ltr'><strong>memoriam</strong></span> <span class='ocrx_word' id='word_1_857' title='bbox 1271 2570 1304 2597; x_wconf 90' lang='lat' dir='ltr'><strong>de</strong></span> <span class='ocrx_word' id='word_1_858' title='bbox 1319 2570 1408 2597; x_wconf 86' lang='lat' dir='ltr'><strong>medio</strong></span> <span class='ocrx_word' id='word_1_859' title='bbox 1422 2570 1490 2597; x_wconf 91' lang='lat' dir='ltr'><strong>tolli.</strong></span> <span class='ocrx_word' id='word_1_860' title='bbox 1509 2570 1585 2604; x_wconf 88' lang='lat' dir='ltr'><strong>Quod</strong></span> <span class='ocrx_word' id='word_1_861' title='bbox 1601 2571 1624 2598; x_wconf 91' lang='lat' dir='ltr'><strong>si</strong></span> <span class='ocrx_word' id='word_1_862' title='bbox 1638 2571 1773 2603; x_wconf 76' lang='lat' dir='ltr'><strong>dicamus,</strong></span> 
     </span>
    </p>
   </div>
   <div class='ocr_carea' id='block_1_113' title="bbox 989 2615 1772 2652">
    <p class='ocr_par' dir='ltr' id='par_1_113' title="bbox 989 2615 1772 2652">
     <span class='ocr_line' id='line_1_113' title="bbox 989 2615 1772 2652; baseline 0.005 -11"><span class='ocrx_word' id='word_1_863' title='bbox 989 2623 999 2640; x_wconf 67' lang='grc'>1</span> <span class='ocrx_word' id='word_1_864' title='bbox 1014 2621 1095 2641; x_wconf 88' lang='lat' dir='ltr'><strong>omne</strong></span> <span class='ocrx_word' id='word_1_865' title='bbox 1114 2615 1262 2643; x_wconf 86' lang='lat' dir='ltr'><strong>masculum</strong></span> <span class='ocrx_word' id='word_1_866' title='bbox 1281 2623 1387 2648; x_wconf 89' lang='lat' dir='ltr'><strong>eorum,</strong></span> <span class='ocrx_word' id='word_1_867' title='bbox 1410 2625 1419 2642; x_wconf 77' lang='grc' dir='ltr'><strong>ι</strong></span> <span class='ocrx_word' id='word_1_868' title='bbox 1437 2624 1562 2651; x_wconf 79' lang='lat' dir='ltr'><strong>magnam</strong></span> <span class='ocrx_word' id='word_1_869' title='bbox 1586 2624 1676 2644; x_wconf 90' lang='lat' dir='ltr'><strong>sermo</strong></span> <span class='ocrx_word' id='word_1_870' title='bbox 1701 2625 1772 2652; x_wconf 71' lang='lat' dir='ltr'><strong>prae-</strong></span> 
     </span>
    </p>
   </div>
   <div class='ocr_carea' id='block_1_114' title="bbox 988 2661 1770 2700">
    <p class='ocr_par' dir='ltr' id='par_1_114' title="bbox 988 2661 1770 2700">
     <span class='ocr_line' id='line_1_114' title="bbox 988 2661 1770 2700; baseline 0.006 -13"><span class='ocrx_word' id='word_1_871' title='bbox 988 2661 1039 2688; x_wconf 81' lang='lat' dir='ltr'><strong>fert</strong></span> <span class='ocrx_word' id='word_1_872' title='bbox 1059 2662 1266 2694; x_wconf 85' lang='lat' dir='ltr'><strong>humanitatem,</strong></span> <span class='ocrx_word' id='word_1_873' title='bbox 1293 2663 1372 2697; x_wconf 84' lang='lat' dir='ltr'><strong>quasi</strong></span> <span class='ocrx_word' id='word_1_874' title='bbox 1387 2663 1491 2690; x_wconf 85' lang='lat' dir='ltr'><strong>scilicet</strong></span> <span class='ocrx_word' id='word_1_875' title='bbox 1504 2671 1557 2691; x_wconf 89' lang='lat' dir='ltr'><strong>non</strong></span> <span class='ocrx_word' id='word_1_876' title='bbox 1573 2663 1623 2700; x_wconf 91' lang='lat' dir='ltr'><strong>ipsi</strong></span> <span class='ocrx_word' id='word_1_877' title='bbox 1642 2670 1770 2699; x_wconf 87' lang='lat' dir='ltr'><strong>peccato-</strong></span> 
     </span>
    </p>
   </div>
   <div class='ocr_carea' id='block_1_115' title="bbox 989 2707 1770 2744">
    <p class='ocr_par' dir='ltr' id='par_1_115' title="bbox 989 2707 1770 2744">
     <span class='ocr_line' id='line_1_115' title="bbox 989 2707 1770 2744; baseline 0.005 -10"><span class='ocrx_word' id='word_1_878' title='bbox 989 2715 1033 2735; x_wconf 86' lang='lat' dir='ltr'><strong>res</strong></span> <span class='ocrx_word' id='word_1_879' title='bbox 1047 2707 1153 2736; x_wconf 88' lang='lat' dir='ltr'><strong>delendi</strong></span> <span class='ocrx_word' id='word_1_880' title='bbox 1168 2715 1200 2736; x_wconf 86' lang='lat' dir='ltr'><strong>ac</strong></span> <span class='ocrx_word' id='word_1_881' title='bbox 1222 2707 1343 2736; x_wconf 79' lang='lat' dir='ltr'><strong>funditus</strong></span> <span class='ocrx_word' id='word_1_882' title='bbox 1368 2709 1496 2744; x_wconf 86' lang='lat' dir='ltr'><strong>perdendi</strong></span> <span class='ocrx_word' id='word_1_883' title='bbox 1512 2710 1579 2743; x_wconf 83' lang='lat' dir='ltr'><strong>sint,</strong></span> <span class='ocrx_word' id='word_1_884' title='bbox 1603 2709 1650 2737; x_wconf 87' lang='lat' dir='ltr'><strong>sed</strong></span> <span class='ocrx_word' id='word_1_885' title='bbox 1675 2717 1770 2738; x_wconf 90' lang='lat' dir='ltr'><strong>eorum</strong></span> 
     </span>
    </p>
   </div>
   <div class='ocr_carea' id='block_1_116' title="bbox 987 2754 1773 2788">
    <p class='ocr_par' dir='ltr' id='par_1_116' title="bbox 987 2754 1773 2788">
     <span class='ocr_line' id='line_1_116' title="bbox 987 2754 1773 2788; baseline 0.006 -9"><span class='ocrx_word' id='word_1_886' title='bbox 987 2754 1057 2781; x_wconf 70' lang='lat' dir='ltr'><strong>reus</strong></span> <span class='ocrx_word' id='word_1_887' title='bbox 1070 2772 1078 2786; x_wconf 85' lang='grc'><strong>,</strong></span> <span class='ocrx_word' id='word_1_888' title='bbox 1096 2761 1164 2788; x_wconf 85' lang='lat' dir='ltr'><strong>quos</strong></span> <span class='ocrx_word' id='word_1_889' title='bbox 1186 2760 1279 2781; x_wconf 88' lang='lat' dir='ltr'><strong>eorum</strong></span> <span class='ocrx_word' id='word_1_890' title='bbox 1297 2755 1386 2781; x_wconf 74' lang='lat' dir='ltr'><strong>anima</strong></span> <span class='ocrx_word' id='word_1_891' title='bbox 1402 2755 1528 2788; x_wconf 77' lang='lat' dir='ltr'><strong>peperit.</strong></span> <span class='ocrx_word' id='word_1_892' title='bbox 1556 2755 1632 2783; x_wconf 80' lang='lat' dir='ltr'><strong>mala:</strong></span> <span class='ocrx_word' id='word_1_893' title='bbox 1645 2755 1773 2784; x_wconf 74' lang='lat' dir='ltr'><strong>videlicet</strong></span> 
     </span>
    </p>
   </div>
   <div class='ocr_carea' id='block_1_117' title="bbox 985 2799 1544 2834">
    <p class='ocr_par' dir='ltr' id='par_1_117' title="bbox 985 2799 1544 2834">
     <span class='ocr_line' id='line_1_117' title="bbox 985 2799 1544 2834; baseline 0.004 -8"><span class='ocrx_word' id='word_1_894' title='bbox 985 2799 1173 2834; x_wconf 77' lang='lat' dir='ltr'><strong>cogitationes,</strong></span> <span class='ocrx_word' id='word_1_895' title='bbox 1190 2799 1223 2826; x_wconf 84' lang='lat' dir='ltr'><strong>de</strong></span> <span class='ocrx_word' id='word_1_896' title='bbox 1241 2801 1329 2827; x_wconf 83' lang='lat' dir='ltr'><strong>medio</strong></span> <span class='ocrx_word' id='word_1_897' title='bbox 1343 2799 1465 2827; x_wconf 71' lang='lat' dir='ltr'><strong>tollenda!</strong></span> <span class='ocrx_word' id='word_1_898' title='bbox 1479 2801 1544 2828; x_wconf 82' lang='lat' dir='ltr'><strong>sint.</strong></span> 
     </span>
    </p>
   </div>
  </div>
