2044 3215
242 170 297 198 2'13

245 276 314 303 mala
337 275 462 311 gloriosis
487 281 577 304 terrm.
602 277 735 309 Domine.
757 278 783 305 in
799 278 973 306 tribulatione
991 286 1032 306 τερ

243 321 347 348 cordati
364 330 458 349 sumus
473 322 510 349 ttti
531 333 536 350 :
557 323 582 349 in
599 323 774 350 tribulatione
788 332 869 358 parva
890 325 1031 360 disciplina

244 372 292 395 tua
305 367 394 394 nobis.
416 377 424 393 ι
443 367 576 400 Quoniam
592 368 752 396 universalis
764 369 860 403 judicii
873 370 959 398 locum
972 379 1033 398 con-

245 412 391 446 templatur
406 413 549 447 propheta,
565 421 614 440 ceu
628 413 731 447 judicio
748 422 877 449 praesens,
900 423 931 442 ac
945 416 1031 443 tribu-

245 457 301 484 nali
318 457 364 485 Dei
390 463 501 491 astans;
521 466 569 493 pro
583 459 741 486 conditione
755 467 844 487 rerum
858 469 925 496 quas
939 462 1030 495 videt,

243 503 324 534 modo
340 504 495 536 confitetur,
511 506 591 532 modo
606 510 744 540 precatur,
761 507 841 534 modo
855 508 955 542 gratias
966 508 1030 542 agit,

243 556 305 579 mox
319 549 406 584 dignis
424 557 438 576 a
456 550 510 577 Deo
528 558 577 585 pro
603 551 699 579 merito
717 552 821 579 dandas
839 554 1032 581 retributiones

242 599 363 622 enarrat.
387 594 449 622 llaec
475 603 557 630 porro
574 597 665 625 omnia
693 597 770 624 nobis
787 606 835 632 per
863 597 1031 633 Scripturam

242 647 318 667 suam
333 640 421 675 ollert,
440 646 470 668 nt
484 641 669 675 instituantur,
684 643 773 670 edocti
790 645 880 670 omnia
899 651 959 679 quae
975 645 1032 680 ipse

241 692 276 714 ex
292 686 374 714 divini
391 688 509 722 Spiritus
524 688 705 718 illustratione
729 695 852 717 noverat.
877 690 911 718 Et
936 699 1007 718 nunc
1023 711 1030 723 ,

242 732 350 768 inquit,
371 733 504 767 Domine,
522 742 584 762 cmn
602 740 707 770 tempus
726 737 851 767 adesset,
875 736 901 763 in
919 742 1031 772 angusta

244 784 274 809 et
288 784 362 807 arcta
379 782 420 806 via
442 780 608 812 incedentes,
618 788 666 815 pro
678 781 777 815 pietate
789 782 1029 810 concertabamus:

242 833 336 853 verum
362 825 389 853 in
407 825 552 854 afﬂictione
578 826 622 854 illa
641 846 648 858 ,
676 834 844 862 nequaquam
861 822 969 856 eramus
994 829 1031 856 tui

242 872 417 902 immemores
433 880 441 899 :
458 873 504 899 sed
518 873 705 900 recordatione
727 873 763 900 tui
786 874 955 901 corroborati
986 883 1032 910 pa-

583 170 718 203 EUSEBII
739 171 975 200 CAESARIENSIS
990 172 1066 200 OPP.
1086 172 1176 201 PARS
1195 172 1240 200 Ill.
1259 187 1294 193 -
1311 171 1518 200 EXEGETICA.

279 226 364 256 Vens.
388 229 422 256 l5
436 249 444 260 ,
467 229 511 258 lli.
531 239 540 255 ι
560 229 634 258 Adde
647 230 687 258 eis
702 231 770 258 mala
784 251 792 264 ,
817 231 930 259 Domine
942 252 949 264 ,
964 232 1032 260 adde
1045 235 1068 265 Α

1818 170 1873 199 276

1121 241 1131 258 ι
1145 232 1266 268 Πρόσθες
1281 231 1373 263 αὐτοῖς
1389 231 1473 262 κακὰ,
1486 229 1583 265 Κύριε,
1598 228 1716 264 πρόσθες
1732 228 1806 258 κακὰ
1820 230 1876 260 τοῖς

1083 278 1198 311 ἐνδόξοις
1211 279 1259 314 τῆς
1273 278 1335 313 γῆς.
1350 277 1447 312 Κύριε,
1468 277 1497 303 ὲν
1514 276 1601 311 θλίψει
1616 274 1793 310 ἐμνήσθημεν
1810 284 1857 302 σου
1867 283 1875 290 ’

1083 324 1111 350 ἐν
1125 323 1212 358 θλίψει
1236 324 1322 358 μικρᾷ
1343 323 1360 357 ἡ
1379 321 1488 349 παιδεία
1511 330 1556 347 σου
1579 322 1655 356 ἡμῖν.
1673 330 1682 346 ι
1704 320 1812 355 Ἐπειδὴ
1831 320 1877 346 τὸν

1083 369 1147 404 περὶ
1163 370 1212 404 τῆς
1226 368 1341 395 καθόλου
1357 368 1474 403 κρίσεως
1488 367 1569 394 τόπον
1583 366 1680 401 θεωρεῖ
1694 367 1708 392 ό
1722 367 1877 402 προφήτης,

1083 415 1183 443 ὡσανεὶ
1210 414 1305 450 παρὼν
1332 416 1364 450 τῇ
1385 414 1484 450 κρίσει,
1503 413 1549 440 καὶ
1569 413 1607 448 τῷ
1625 412 1728 448 βήματι
1744 412 1790 439 τοῦ
1808 412 1877 439 Θεοῦ

1083 461 1237 498 παρεστὼς,
1252 461 1294 496 ἐφ’
1305 458 1345 492 οἷς
1358 461 1420 496 ὁρᾷ,
1436 459 1500 487 ποτέ
1514 459 1562 495 μὲν
1579 459 1790 494 ἐξομολογετται,
1812 458 1878 485 ποτὲ

1082 507 1110 534 δὲ
1129 507 1254 539 ἱκετεύει,
1269 507 1334 533 ποτὲ
1348 506 1375 533 δὲ
1387 506 1551 541 εὐχαριστεῖ,
1563 505 1628 531 ποτέ
1641 505 1668 532 δέ
1680 504 1728 537 τὰς
1742 504 1877 540 ἀποθησο-

1084 553 1167 588 μένας
1190 552 1241 579 ὑτιὺ
1265 552 1312 578 τοῦ
1336 551 1404 578 Θεοῦ
1421 551 1538 586 ἀμοιϐὰς
1556 551 1612 582 tot;
1627 550 1713 583 ἀξίοις
1729 550 1875 585 διέρχεται.

1082 599 1174 626 Πάντα
1194 599 1221 624 δὲ
1245 598 1331 625 ταῦτα
1343 597 1386 624 διὰ
1402 597 1451 632 τῆς
1466 596 1547 624 αὐτοῦ
1562 596 1672 632 Γραφῆς
1688 596 1734 622 καὶ
1747 597 1813 631 ἡμῖν
1827 603 1878 622 πα-

1083 645 1235 681 ραδίδωσιν,
1260 645 1298 676 ὡς
1323 644 1356 671 ἂν
1376 642 1574 678 παιδευοίμεθα
1592 642 1778 677 διδασκόμενοι
1795 642 1876 669 πάνθ’

1082 690 1132 716 ὃσα
1159 690 1205 716 καὶ
1231 689 1312 721 αὐτὸς
1337 689 1370 715 ἐκ
1390 689 1440 723 τῆς
1463 687 1510 714 τοῦ
1533 687 1604 714 θείου
1629 686 1788 722 Πνεύματος
1815 688 1878 714 ἐπι-

1082 735 1212 770 λάμψεως
1220 735 1300 770 ἔγνω.
1314 734 1370 761 Καὶ
1382 734 1430 761 νῦν
1446 732 1503 766 οὖν,
1519 733 1610 768 φησὶν,
1626 733 1669 759 ὅτε
1682 733 1778 768 καιρὸς
1791 730 1836 768 ἦν,
1852 730 1876 760 ὧ

1082 781 1179 817 Κύριε,
1196 781 1245 817 τὴν
1272 781 1368 816 στενὴν
1391 780 1438 807 καὶ
1460 780 1509 815 τὴν
1532 779 1715 814 τεθλιμμένην
1738 778 1877 811 ὁδεύοντες

1083 827 1152 863 ὑπὲρ
1163 827 1212 863 τῆς
1225 826 1366 858 εὐσεϐείας
1379 825 1567 861 ἠγωνιζόμεθα
1576 834 1582 840 ·
1599 825 1667 861 πλὴν
1681 825 1727 852 καὶ
1741 826 1770 851 ἐν
1781 825 1874 861 ἐκείνῃ

1083 872 1115 907 τῇ
1136 871 1223 906 θλίψει
1241 872 1292 898 οὐκ
1317 869 1389 907 ἦμέν
1419 879 1465 897 σου
1487 871 1658 906 ἀμνήμονες·
1684 871 1729 896 ὑπ’
1747 870 1832 906 αὐτῆς
1847 870 1876 898 δὲ

243 918 341 945 tienter
366 917 531 951 ferebamus,
555 919 593 946 ita
609 923 639 946 ut
652 919 822 952 diceremus,
842 929 851 945 ι
870 919 1029 948 Tribulatio~

1084 918 1131 953 τῆς
1154 919 1204 953 σῆς
1229 918 1339 953 μνήμης
1357 917 1553 953 δυναμούμενοι
1580 917 1721 953 καρτερῶς
1741 917 1877 953 ὑπεμένο-

242 971 304 991 nem
322 964 466 999 patientes,
485 964 532 992 sed
547 972 601 992 non
628 965 777 1000 angnstiati
793 974 800 998 ;
816 967 1031 1000 persecutionem

241 1010 371 1043 ferentes,
387 1011 433 1038 sed
448 1017 500 1038 non
514 1011 653 1044 derelicti;
671 1011 778 1045 dejecti,
795 1012 842 1039 sed
864 1019 916 1038 non
941 1012 1032 1047 perdi-

243 1055 262 1084 ti
275 1055 306 1083 ¹⁸.
323 1065 333 1082 ι
350 1055 407 1084 Hac
422 1063 488 1090 ergo
499 1055 659 1083 calamitate
673 1056 824 1090 erudimur,
840 1057 956 1085 scientes
969 1057 1032 1092 quia

242 1109 324 1136 quem
340 1101 428 1137 diligit
443 1102 527 1134 Deus,
538 1101 662 1137 castigat.

277 1192 362 1220 Vens.
378 1193 421 1226 l7,
435 1192 480 1220 l8.
497 1202 506 1219 ι
525 1193 558 1220 Et
572 1193 643 1220 sicut
662 1194 822 1228 parturiens
836 1194 1034 1229 appropinquat

242 1239 276 1266 ad
288 1244 407 1273 partum,
419 1243 445 1266 et
458 1239 485 1266 in
501 1239 594 1266 dolore
608 1247 657 1268 sno
673 1240 789 1267 clamat:
806 1240 846 1267 sic
861 1240 923 1266 facti
940 1248 1034 1267 sumus

241 1283 346 1314 Dilecto
359 1288 414 1311 tuo.
429 1284 542 1318 Propter
558 1285 680 1312 timorem
695 1290 781 1317 tuutn,
795 1285 915 1315 Domine.
933 1285 961 1313 in
974 1290 1033 1313 nte-

242 1337 275 1356 ro
289 1330 463 1365 accepimus,
481 1335 509 1357 et
525 1331 718 1365 parturirintus
731 1352 739 1365 ,
760 1337 788 1360 et
801 1333 955 1367 peperimus
977 1333 1031 1367 spi-

243 1375 325 1402 ritum
337 1375 432 1403 salutis
446 1380 498 1404 tua:
509 1396 517 1408 ,
533 1384 612 1411 qttem
630 1377 744 1404 fecimus
760 1378 787 1405 in
810 1382 892 1406 terra.
914 1378 970 1405 Non
987 1387 1033 1406 ca-

243 1421 350 1455 detnus,
363 1421 410 1449 sed
424 1421 521 1449 cadent
532 1429 627 1450 omnes
639 1422 806 1452 habitatores
821 1429 910 1452 terrae.
924 1434 933 1450 ι
944 1424 1033 1458 Quare

243 1476 351 1496 omnem
365 1468 483 1497 laborem
499 1469 675 1502 sustinentes,
692 1471 794 1499 similes
806 1479 916 1499 eramus
926 1471 1031 1500 mulieri

244 1513 404 1547 parturienti
419 1533 426 1546 ,
446 1519 473 1541 et
488 1514 635 1544 clamorem
652 1517 786 1544 emittenti
798 1537 806 1550 ,
830 1518 892 1552 quia
910 1518 948 1550 id,
961 1519 1032 1552 quod

243 1560 270 1588 in
286 1564 380 1588 ventre
396 1565 531 1594 movetur,
549 1561 575 1588 in
591 1561 677 1589 lucem
689 1563 802 1590 enixura
818 1568 860 1590 est
875 1572 882 1590 :
900 1564 974 1591 itaet
984 1571 1031 1592 nos

243 1611 367 1639 respectu
383 1605 478 1633 Dilecti
504 1607 541 1634 ttti
565 1607 666 1635 fuimus
682 1617 688 1635 :
707 1615 767 1635 nam
785 1609 952 1644 unigenitum
965 1610 1032 1637 Ver-

243 1650 306 1677 bum
324 1655 397 1678 tuum
415 1651 487 1679 intus
501 1652 526 1679 in
542 1653 632 1680 anima
645 1653 786 1687 habentes,
802 1662 907 1682 necnon
923 1655 1031 1683 insitum

243 1697 293 1724 abs
318 1702 344 1724 te
368 1698 447 1725 nobis
462 1698 581 1726 divinum
610 1699 754 1733 timorem,
781 1708 812 1727 ac
827 1707 1033 1736 perseveranter

243 1742 374 1775 ferentes,
389 1751 441 1770 non
462 1751 510 1778 spe
522 1744 590 1779 lapsi
605 1753 719 1778 sumus;
740 1747 787 1774 sed
802 1748 956 1782 peperimus
976 1748 1031 1783 spi-

243 1788 325 1816 ritum
340 1789 448 1816 salutis.
468 1789 534 1817 Nam
559 1789 622 1817 finis
641 1790 687 1818 ille
715 1791 810 1818 Dilccti
828 1793 864 1820 tui
883 1797 911 1820 et
928 1793 1033 1820 timoris

243 1834 300 1867 ejus
313 1838 418 1869 partus,
437 1834 549 1870 Spiritus
565 1836 650 1864 nostri
666 1840 739 1864 salus
752 1841 830 1869 erat;
851 1845 931 1873 quem
950 1839 1032 1873 spiri-

244 1885 300 1906 tum
318 1884 347 1906 ut
361 1880 507 1912 edidimus.
526 1881 652 1909 omnibus
666 1882 760 1910 orbem
787 1882 968 1911 incolentibus
982 1884 1032 1911 ho-

243 1925 362 1953 minibus
376 1931 468 1953 notum
485 1927 614 1959 fecimus;
637 1932 665 1955 ut
688 1932 716 1955 et
736 1928 788 1963 ipsi
808 1929 873 1956 hinc
883 1930 982 1963 edocti,
998 1937 1033 1957 ex

243 1971 415 1999 :emulalione
432 1974 601 2006 parturiendi
621 1981 636 2001 a
652 1974 751 2002 timore
778 1979 824 2002 tuo
837 1995 844 2008 ,
860 1979 887 2002 et
911 1976 1031 2010 pariendi

243 2016 367 2045 eumdem
395 2017 538 2052 spiritum,
565 2018 708 2047 utilitatem
728 2020 890 2055 percipiant.
922 2020 1031 2048 Etenim

244 2061 289 2096 qui
305 2062 376 2089 hunc
392 2062 487 2090 salutis
511 2064 637 2098 spiritum
663 2073 716 2092 non
733 2066 929 2100 conceperint,
945 2074 1033 2102 neque

244 2108 409 2144 pepererint,
422 2115 484 2135 cum
497 2108 617 2143 alioquin
630 2110 738 2137 steriles
750 2115 777 2137 et
792 2110 954 2139 infructuosi
967 2112 1031 2145 sint,

244 2162 259 2180 ιι
275 2161 324 2189 spe
346 2154 372 2180 in
390 2159 415 2181 te
430 2155 548 2189 reposita
568 2155 694 2182 excident
717 2165 724 2182 :
749 2156 794 2190 qni
816 2161 905 2183 autem
925 2164 958 2184 ex
971 2164 1033 2191 por-

245 2200 317 2227 tione
332 2205 378 2227 tua
394 2205 477 2233 sunt,
500 2201 601 2236 quique
615 2207 726 2237 propter
742 2206 769 2229 te
788 2209 969 2230 :crumnarum
985 2211 1032 2238 ge-

244 2252 296 2274 nus
310 2254 391 2274 omne
404 2246 522 2274 tolerant
536 2267 544 2279 ,
559 2248 665 2274 etiamsi
685 2256 772 2283 usque
786 2249 819 2275 ad
834 2254 948 2276 mortem
964 2257 1030 2277 eon-
1048 2259 1071 2289 ι)

244 2297 284 2331 tra
301 2297 441 2328 peccatum
459 2294 679 2322 concertaverint
691 2314 699 2328 ,
715 2302 729 2320 a
747 2294 801 2325 vita
815 2315 823 2329 ,
847 2303 906 2330 quae
921 2297 990 2331 apud
1007 2301 1033 2324 te

243 2327 295 2371 est,
309 2346 479 2374 nequaquam
493 2339 629 2370 labentur,

278 2428 362 2459 Vens.
377 2429 420 2458 l9.
447 2438 456 2456 ι
475 2429 628 2464 Resurgent
646 2431 767 2462 mortui,
796 2435 824 2457 et
839 2430 1032 2458 excitabuntur

242 2478 289 2512 qui
305 2483 368 2505 sunt
386 2478 412 2505 in
427 2479 612 2508 monumentis
625 2500 632 2512 ,
646 2484 674 2506 et
688 2478 855 2506 laetabuntur
866 2478 913 2513 qui
928 2483 991 2505 sunt
1004 2478 1030 2504 in

242 2529 315 2556 terra
332 2533 339 2551 :
356 2531 401 2552 ros
419 2525 492 2554 enim
509 2545 516 2558 ,
542 2525 588 2559 qui
605 2533 618 2551 ιι
637 2529 664 2552 te
677 2530 740 2556 est,
763 2524 866 2551 medela
883 2524 950 2558 ipsis
967 2528 1008 2550 est
1024 2532 1031 2550 :

243 2574 316 2597 terra
328 2574 418 2597 autem
436 2570 580 2604 impiorum
603 2571 693 2598 cadet.
722 2580 731 2596 ι
758 2570 911 2604 llesnrgent
934 2569 1033 2603 quippe

242 2616 360 2647 mortui;
374 2616 432 2643 sive
449 2615 597 2642 secundum
612 2616 748 2650 Aquilam,
764 2624 774 2641 ι
792 2614 890 2642 Vivent
901 2615 946 2649 qui
959 2622 1032 2642 mor-

244 2663 282 2687 tui
310 2661 417 2689 fuerant
442 2662 500 2695 tui;
521 2671 530 2688 ι
551 2661 609 2690 sive
633 2662 780 2689 secundum
796 2661 988 2697 Symmachum
1005 2665 1033 2687 et

243 2705 458 2738 Thcodotionem
471 2728 479 2741 ,
501 2717 509 2733 ι
529 2707 627 2735 Vivent
643 2708 741 2735 mortui
765 2708 814 2734 tui.
838 2716 848 2734 ι
868 2706 967 2733 Mortui
983 2714 1032 2733 au-

244 2756 298 2783 tem
314 2752 371 2787 ejus
385 2753 496 2786 quinatn
514 2753 625 2785 fuerint,
642 2753 693 2780 nisi
711 2753 797 2780 sancti
812 2752 870 2787 ejus
886 2757 1038 2789 martyres,

244 2796 291 2832 qui
308 2797 352 2824 alii
371 2804 386 2824 a
401 2798 537 2833 praedictis
548 2798 663 2829 mortuis
678 2803 751 2833 sunt,
766 2798 800 2826 de
812 2798 913 2835 quibus
928 2797 1031 2829 dictum

281 2885 303 2903 “
323 2885 342 2913 ll
358 2885 420 2913 Cor.
439 2893 475 2918 tv,
489 2886 515 2914 9.

1085 971 1149 998 μεν’
1161 963 1231 990 ὥστε
1244 963 1333 997 λέγειν
1365 972 1373 988 ι
1389 962 1555 998 (θλιϐόμενοι,
1574 962 1631 989 ἀλλ’
1650 963 1680 988 οὺ
1695 961 1876 998 στενοχωρού-

1085 1017 1159 1044 μενοι
1169 1017 1175 1024 ’
1187 1009 1355 1045 διωκόμενοι,
1365 1009 1421 1035 ἀλλ’
1435 1009 1484 1035 οὐκ
1496 1008 1796 1044 ἐγκαταλιμπανόμενοι
1804 1016 1813 1024 ⁴
1825 1017 1878 1036 κα-

1083 1054 1289 1090 ταϐαλλόμενοι,
1309 1054 1367 1081 ἀλλ’
1387 1055 1438 1082 οὐκ
1454 1054 1643 1090 ἀπολλύμενοι.
1670 1064 1680 1080 ι
1701 1055 1749 1082 Διὰ
1773 1054 1876 1093 ταύτης

1082 1100 1148 1134 γοῦν
1162 1100 1213 1135 τῆς
1225 1100 1341 1135 θλίψεως
1352 1099 1546 1136 παιδευόμεθα,
1559 1100 1669 1132 εἰδότες,
1683 1101 1723 1129 ὅτι
1736 1100 1764 1127 ὃν
1779 1101 1874 1136 ἀγαπᾷ

1083 1146 1194 1182 Κύριος,
1209 1146 1341 1173 παιδεύει.

1121 1201 1130 1217 ι
1146 1191 1201 1218 Καὶ
1215 1192 1253 1223 ὡς
1271 1193 1288 1228 ή
1306 1191 1439 1219 ὠδίνουσα
1455 1192 1557 1226 ἐγγίζει
1580 1191 1627 1218 τοῦ
1644 1193 1742 1224 τεκεῖν,
1761 1191 1808 1218 καὶ
1826 1191 1874 1218 ἐπὶ

1083 1238 1115 1272 τῇ
1145 1237 1218 1264 ὠδῖνι
1238 1237 1325 1273 αὐτῆς
1346 1238 1496 1273 ἐκέκραγεν
1509 1246 1515 1252 ”
1540 1237 1626 1269 οὕτως
1653 1238 1819 1274 ἐγενήθημεν
1835 1237 1874 1273 τῷ

1089 1283 1235 1319 Ἀγαπητῴ
1248 1292 1304 1311 σου.
1319 1284 1369 1310 Διὰ
1385 1285 1429 1310 τὸν
1445 1284 1526 1319 φόϐον
1544 1293 1601 1316 σου,
1616 1284 1712 1319 Κύριε,
1730 1285 1758 1310 ἐν
1775 1284 1874 1319 γαστρὶ

1084 1329 1226 1364 ἐλάϐομεν,
1239 1330 1286 1357 καὶ
1302 1330 1483 1365 ὠδινήσαμεν,
1495 1330 1542 1357 καὶ
1558 1330 1686 1365 ἐτέκομεν
1701 1329 1808 1364 πνεῦμα
1822 1338 1875 1356 σω-

1083 1375 1179 1411 τηρίας
1195 1383 1253 1407 σου,
1273 1375 1287 1402 ὃ
1303 1375 1468 1411 ἐποιήσαμεν
1481 1375 1527 1402 ἐπὶ
1544 1375 1594 1410 τῆς
1608 1376 1668 1410 γῆς.
1685 1375 1722 1401 Οὺ
1741 1375 1877 1409 πεσούμε-

1083 1420 1127 1452 θα,
1156 1419 1223 1447 ἀλλὰ
1249 1420 1392 1448 πεσοῦνται
1415 1422 1515 1452 πάντες
1535 1421 1559 1447 οἱ
1571 1416 1738 1452 ἐνοικοῦντες
1758 1420 1804 1447 ἐπὶ
1822 1420 1874 1455 τῆς

1083 1468 1143 1502 γῆς.
1164 1476 1173 1493 ι
1189 1467 1233 1494 Διδ
1253 1467 1342 1495 πάντα
1362 1468 1440 1495 πόνον
1463 1468 1652 1503 ὑπομένοντες,
1671 1468 1788 1499 ἐοικότες
1801 1465 1874 1502 ἦμεν

1082 1513 1215 1550 ὼδινούσῃ
1238 1514 1357 1548 γυναικὶ,
1384 1515 1431 1543 καὶ
1456 1514 1520 1550 βοὰς
1539 1513 1656 1550 ἅφιούσῃ
1679 1514 1743 1550 περὶ
1759 1513 1823 1540 αὐτὸ
1843 1513 1875 1540 τὸ

1087 1560 1193 1595 μέλλειν
1212 1561 1243 1587 τὸ
1257 1561 1328 1588 κατὰ
1342 1561 1460 1597 γαστρὸς
1475 1562 1633 1596 κινούμενον
1658 1562 1698 1592 είς
1725 1560 1782 1595 φῶς
1808 1568 1874 1596 προ-

1082 1606 1160 1640 άγειν
1169 1614 1176 1621 ·
1191 1606 1262 1633 οὕτω
1281 1607 1336 1643 γὰρ
1353 1608 1400 1634 καὶ
1414 1608 1493 1642 ἡμεῖς
1506 1607 1620 1643 ἐγενήθη
1632 1607 1681 1642 μὲν
1689 1606 1727 1642 τῷ
1742 1606 1780 1642 σῷ
1794 1606 1877 1640 Ἀγα-

1083 1651 1161 1687 πητῷ
1171 1660 1178 1666 ·
1193 1652 1239 1679 τὸν
1256 1652 1310 1688 γὰρ
1329 1655 1459 1689 μονογενῆ
1479 1661 1524 1679 σου
1537 1653 1622 1687 Λόγον
1636 1653 1710 1679 ἔνδον
1726 1653 1831 1687 ἔχοντες
1844 1653 1874 1678 ἐν

1083 1700 1115 1734 τῇ
1135 1698 1240 1725 ἑαυτῶν
1256 1698 1341 1734 ψυχῇ,
1359 1700 1406 1726 καὶ
1422 1699 1466 1726 τὸν
1479 1700 1511 1726 ἐκ
1526 1699 1573 1725 σοῦ
1585 1699 1793 1733 κατασπαρέντα
1807 1699 1874 1734 ἡμῖν

1084 1743 1173 1773 ἔνθεον
1189 1743 1280 1777 φόϐον,
1294 1744 1341 1782 καὶ
1356 1743 1388 1779 δὴ
1404 1744 1632 1779 καρτερήσαντες,
1652 1744 1702 1770 οὐκ
1718 1743 1874 1777 ἐσφάλημεν

1083 1790 1132 1824 τῆς
1147 1789 1262 1821 ἐλπίδος.
1278 1789 1335 1816 ἀλλ’
1350 1789 1479 1824 ἐτέκομεν
1494 1789 1602 1825 πνεῦμα
1620 1790 1768 1825 σωτηρίας.
1790 1789 1874 1820 Τέλος

1083 1835 1138 1871 γὰρ
1156 1836 1205 1870 τῆς
1216 1836 1340 1871 κυήσεως
1360 1836 1407 1862 τοῦ
1430 1836 1584 1871 Ἀγαπητοῦ
1601 1845 1646 1863 σου
1668 1837 1715 1862 καὶ
1730 1835 1775 1862 τοῦ
1789 1835 1873 1870 φόϐου

1084 1881 1166 1910 αὑτοῦ
1187 1882 1204 1917 ἡ
1220 1881 1340 1917 σωτηρία
1353 1879 1386 1918 ἦν
1397 1881 1444 1908 τοῦ
1458 1883 1592 1918 ἡμετέρου
1607 1882 1772 1917 πνεύματος.
1784 1882 1875 1918 Ὅπερ

1084 1928 1318 1962 ἀπο-γεννήσαντες
1347 1928 1462 1964 φανερὸν
1494 1930 1700 1964 κατεστήσαμεν
1723 1929 1789 1954 πᾶσι
1818 1930 1875 1960 τοῖς

1084 1973 1131 2001 ἐπὶ
1146 1973 1196 2009 τῆς
1212 1974 1263 2010 γῆς
1277 1973 1448 2002 κατοικοῦσιν
1465 1974 1628 2011 ἀνθρώποις,
1640 1975 1678 2007 ὡς
1689 1975 1722 2001 ἂν
1738 1974 1784 2001 καὶ
1799 1974 1876 2000 αὐτοὶ

1086 2019 1218 2054 μαθόντες
1242 2019 1406 2055 ὠφεληθεῐεν
1431 2020 1475 2047 διὰ
1496 2020 1543 2047 τοῦ
1566 2020 1685 2056 ζηλῶσαι
1707 2020 1809 2055 κυῆσαι
1828 2020 1876 2046 καὶ

1085 2065 1182 2097 αὐτοὺς
1199 2065 1254 2092 ἀπὸ
1265 2065 1312 2092 τοῦ
1329 2066 1423 2100 φόϐου,
1444 2067 1491 2093 καὶ
1505 2067 1648 2093 ἀποτεκεῖν
1666 2067 1696 2093 τὸ
1714 2066 1780 2093 αὐτὸ
1794 2066 1876 2092 τινεῦ-

1087 2119 1133 2145 μα.
1158 2111 1189 2137 Οί.
1214 2112 1268 2147 γὰρ
1294 2112 1331 2148 μὴ
1357 2111 1438 2138 τοῦτο
1461 2112 1589 2144 λαϐόντες
1612 2112 1679 2148 μηδέ
1697 2112 1823 2143 τεκόντες
1845 2111 1876 2138 τὸ

1085 2156 1194 2192 πνεῦμα
1211 2157 1260 2193 τῆς
1276 2157 1422 2193 σωτηρίας,
1441 2158 1528 2189 ἄλλως
1545 2158 1573 2184 δὲ
1589 2158 1680 2192 ἄγονοι
1693 2158 1739 2185 καὶ
1756 2158 1875 2193 ἄκαρποι

1085 2202 1234 2237 γενόμενοι,
1249 2203 1295 2229 καὶ
1307 2203 1485 2230 ἐκπεσοῦνται
1496 2205 1546 2239 τῆς
1559 2204 1634 2240 παρὰ
1652 2203 1698 2230 σοῦ
1716 2203 1822 2235 ἐλπίδος
1831 2212 1838 2219 ⁵
1850 2203 1876 2230 οἱ

1085 2249 1113 2274 δέ
1137 2257 1168 2283 γε
1185 2250 1234 2284 τῆς
1245 2249 1294 2284 σῆς
1313 2249 1420 2285 μερίδος
1432 2249 1518 2282 δντες,
1538 2251 1562 2276 οἱ
1578 2249 1622 2276 διὰ
1639 2250 1668 2276 σὲ
1686 2250 1775 2276 πᾶσαν
1788 2249 1876 2284 θλίψιν

1087 2295 1292 2329 ὑπομείναντες,
1325 2296 1349 2321 εί
1380 2295 1427 2322 καλ⁵
1458 2295 1538 2332 μέχρι
1558 2295 1672 2322 θανάτου
1699 2295 1876 2329 ἀγωνίσαιντο

1088 2340 1156 2376 πρὸς
1181 2341 1230 2376 τὴν
1255 2341 1400 2377 ἁμαρτίαν,
1428 2341 1553 2377 οὐδαμῶς
1578 2341 1626 2376 τῆς
1648 2340 1723 2377 παρὰ
1747 2340 1787 2367 σοὶ
1804 2340 1876 2376 ζωῆς

1087 2387 1177 2419 ὰποπε
1183 2387 1298 2417 σοῦνται.

1126 2443 1135 2458 ι
1162 2434 1370 2469 Ἀναστήσονται
1383 2434 1408 2460 οἱ
1424 2434 1525 2469 νεκροὶ.
1546 2434 1593 2460 καὶ
1608 2433 1797 2469 ἐγερθήσονται
1809 2432 1833 2458 οἱ
1848 2433 1876 2458 ἐν

1086 2479 1142 2510 τοῖς
1164 2478 1317 2514 μνημείοις,
1341 2479 1388 2506 καὶ
1410 2479 1641 2514 εὐφρανθήσονται
1667 2480 1690 2505 οἱ
1715 2480 1743 2506 ἐν
1768 2480 1800 2514 τῇ
1821 2480 1874 2514 γῇ·

1087 2524 1170 2560 ἡγὰρ
1189 2524 1283 2560 δρόσος
1299 2525 1315 2560 ή
1335 2525 1411 2561 παρὰ
1433 2524 1479 2551 σοῦ
1504 2526 1572 2560 ἴαμα
1590 2525 1681 2556 αὐτοῖς
1702 2526 1775 2551 ἐστιν
1787 2533 1794 2539 ·
1816 2525 1832 2559 ἡ
1848 2524 1876 2550 δὲ

1087 2570 1121 2606 γῆ
1143 2569 1197 2596 τῶν
1215 2570 1321 2597 ἀσεϐῶν
1344 2572 1474 2598 πεσεῖται.
1501 2581 1510 2597 ι
1543 2572 1752 2607 Ἀναστήσονται
1774 2570 1828 2606 γὰρ
1852 2570 1876 2596 οξ

1086 2616 1187 2651 νεκροὶ,
1204 2616 1219 2652 ἣ
1235 2616 1306 2643 κατὰ
1320 2617 1365 2643 τὸν
1388 2616 1512 2649 Ἀκύλαν,
1534 2627 1543 2642 ι
1562 2618 1693 2652 Ζήσονται
1710 2617 1734 2643 οἱ
1760 2615 1874 2642 τεθνεῶ-

1086 2661 1132 2692 τές
1152 2669 1209 2692 σου,
1236 2670 1245 2686 δ
1266 2661 1282 2696 ἢ
1303 2661 1374 2688 κατὰ
1394 2662 1438 2688 τὸν
1460 2662 1608 2697 Σύμμαχον
1630 2662 1677 2688 καὶ
1701 2661 1876 2691 Θεοδοτίωνα,

1090 2716 1099 2732 ι
1120 2707 1251 2742 Ζήσονται
1275 2709 1299 2733 οἱ
1317 2708 1408 2744 νεκροί
1432 2717 1489 2734 σου.
1508 2718 1516 2734 ι
1539 2708 1640 2744 Νεκροὶ
1661 2708 1689 2734 δὲ
1706 2706 1788 2733 αὑτοῦ
1805 2706 1876 2737 τίνες

1087 2751 1120 2778 ἂν
1137 2750 1201 2783 εἷεν,
1225 2752 1241 2788 ἢ
1266 2754 1289 2780 οἱ
1315 2753 1387 2787 ἅγιοι
1411 2754 1492 2781 αὐτοῦ
1520 2753 1667 2790 μάρτυρες,
1689 2753 1778 2788 ’ἑτεροι
1801 2752 1876 2782 ὄντες

1088 2797 1164 2836 παρὰ
1179 2798 1242 2830 τοὺς
1261 2798 1403 2834 λεχθέντας
1417 2800 1541 2836 νεκροὺς,
1560 2801 1622 2836 περὶ
1639 2796 1676 2827 ὧν
1691 2798 1792 2834 εἴρητοε
1814 2807 1824 2824 (
1845 2796 1877 2825 0i
