2044 3215
185 133 239 161 επ

648 131 903 169 COMMENTARIA
922 140 955 168 ΙΝ
974 138 1160 179 ΙδΔΙΑΜ.ῗ,-ἶ-
1180 143 1259 173 CAP.
1279 141 1376 174 XXVI.

1752 133 1819 178 '278

185 192 215 218 δὲ
232 193 323 227 νεκροὶ
335 192 406 230 ζωὴν
422 195 452 220 οὺ
468 195 504 230 μὴ
521 195 622 228 ἴδωσιν,
637 198 697 224 οὐδὲ
716 199 803 233 ἰατροὶ
817 200 847 225 οὺ
865 200 901 235 μὴ
919 200 968 226 ἀνα

1032 201 1129 235 fueral,
1148 211 1158 228 ι
1180 203 1278 233 Mortui
1293 209 1384 232 autem
1407 204 1489 231 vitam
1504 213 1557 233 non
1575 206 1713 240 videbunt,
1729 216 1818 244 neque

189 238 353 273 στήσονταις
370 248 379 265 ι
402 240 471 266 Ἀλλ’
484 241 582 268 ἐκεῖνοι
598 242 647 277 μὲν
662 241 732 278 ἦσαν
748 245 848 279 νεκροὶ,
864 245 897 271 τὰ
911 246 978 280 πρὸς

186 283 300 311 θάνατον
311 286 510 321 ἡμαρτηκότες,
527 288 551 313 oi
567 287 594 314 δὲ
610 289 702 323 νεκροὶ
721 290 768 316 τοῦ
786 290 888 326 Κυρίου
905 292 928 317 0'.
944 291 976 317 δι’

185 329 267 355 αὑτὸν
284 331 372 357 πᾶσαν
388 330 476 366 θλίψιν
491 333 543 364 ἕως
559 333 674 361 Θάνατον
691 335 880 370 ὑπομένοντες.
906 337 978 363 Ἀντὶ

182 374 213 401 δὲ
226 375 285 407 τοῦ,
306 385 314 401 ι
336 377 538 412 ἐγερθήσονται,
560 389 569 404 ι
589 380 613 405 οἱ
630 380 719 407 λοιποὶ
735 382 921 417 ἡρμήνευσαν,
941 383 978 415 ὡς

183 422 373 457 κοιμηθέντων
389 423 489 455 αὐτῶν,
507 426 567 460 οὐχὶ
590 426 618 452 δὲ
638 427 803 454 τεθνεώτων.
822 429 867 454 Διὸ
890 430 903 454 ὁ
924 429 976 455 τῶν

183 467 270 500 ἁγίων
287 467 399 500 θάνατος
423 471 550 506 κοίμησις
566 472 738 507 ὀνομάζεται.
760 473 925 506 ’Δκολούοως
948 475 976 501 δὲ

182 514 216 548 τῇ
232 515 358 549 κοιμήσει
371 516 387 550 ἡ
401 516 548 548 ἀνάστασις
564 518 730 554 ὲξυπνισμὺς
744 519 777 546 ἂν
794 520 912 556 λεχθείη.
931 521 976 547 Διὸ

178 559 255 592 κατὰ
276 561 339 592 τοὺς
363 561 471 594 λοιποὺς
489 563 660 598 ἐρμηνευτὰς
681 564 927 602 ὲξυπνισθήσεσθαι
951 568 976 594 οἱ

180 606 212 631 ὲν
227 607 284 637 τοῖς
302 607 441 642 μνημείοις
457 609 528 634 κατὰ
542 609 572 635 τὸ
587 610 692 646 πρῶτον
710 611 845 647 εἴρηνται·
862 613 931 640 κατὰ
948 614 976 640 δὲ

181 651 212 677 τὸ
226 651 362 688 δεύτερον,
378 663 386 678 ι
399 654 617 687 ἁγαλλιάσονται,
637 666 647 682 ι
665 657 680 691 ἢ
695 667 703 682 ι
720 658 867 690 αἰνέσουσι,
883 669 892 684 ι
906 660 976 686 κατὰ

180 697 226 723 τὸν
245 697 395 734 Ἄκύλαν,ἢ
411 709 419 724 ι
434 700 605 734 άλαλάξουσι,
624 712 633 727 ι
647 703 717 729 κατὰ
739 704 784 730 τὸν
800 704 973 732 Θεοδοτίωνα.

180 742 282 778 Δρόσος
299 744 315 779 ἡ
331 744 377 770 ἐπὶ
393 745 443 780 γῆς
458 746 588 773 κατιοῦσα
607 748 698 784 ἠρέμα
713 750 759 776 καὶ
772 750 866 785 πράως
879 751 974 786 ἐκτρέ-

179 796 226 822 φει
241 789 286 814 καὶ
299 788 390 822 αὔξειν
401 793 472 817 ποιεῖ
483 792 516 818 τὰ
529 793 726 829 ὲναποκείμενα
736 795 804 830 αὑτῇ
820 795 972 831 σπέρματα·

179 833 225 860 τὸν
239 835 320 861 αὑτὸν
336 836 436 871 τρόπον
452 838 467 872 ἡ
486 838 560 873 παρὰ
574 839 621 865 σοῦ
638 839 731 875 δρόσος
751 841 819 876 ἴαμα
835 842 883 868 καὶ
902 843 973 878 ζωὴν

180 879 228 906 καὶ
244 880 381 915 οωτηρίαν
401 882 512 917 παρέξει
528 885 583 915 τοῖς
601 886 655 916 σοῖς
672 887 788 920 νεκροῖς,
805 883 842 912 ὧν
871 893 903 913 τα
920 886 973 912 σώ-

179 932 255 960 ματα
277 925 348 952 κατά
365 928 460 962 καιρὸν
479 929 524 955 ὲπί
548 929 599 964 τῆς
615 930 666 965 γῆς
681 931 800 966 ὲσπάρη.
821 932 877 958 Οὐκ
894 932 927 958 ἂν
944 932 973 959 δὲ

179 970 314 1006 ἁμάρτοις
327 972 408 999 αὑτὸν
423 971 491 1000 εἶναι
506 975 600 1010 δρόσον
611 975 697 1009 λέγων
715 976 761 1002 τὸν
779 977 910 1012 μονογενῆ
927 978 973 1004 τοῦ

177 1015 246 1042 θεοῦ
268 1017 364 1051 Λόγον,
391 1019 430 1052 ὃς,
454 1021 602 1052 ὲπιστάξας
626 1021 674 1053 τὰς
702 1022 797 1048 ἑαυτοῦ
825 1022 974 1055 ζωοποιοὺς

180 1061 315 1094 σταγόνας
331 1064 387 1095 τοῖς
401 1064 484 1090 αὐτοῦ
500 1066 616 1100 νεκροῖς,
634 1065 700 1100 ὁμοῦ
725 1066 771 1092 καὶ
798 1066 868 1093 ἴασιν
886 1068 973 1103 ἁμαρ-

176 1107 317 1143 τημάτων,
329 1110 356 1136 ei
369 1110 419 1136 πού
435 1120 461 1137 τι
478 1112 568 1143 αὐτοῖς
578 1112 636 1138 κατ’
651 1112 794 1147 ἄνθρωπον
811 1114 973 1149 πεπλημμέ-

176 1152 253 1189 λητο,
279 1153 393 1189 παρέξει
417 1155 484 1190 ὁμοῦ
508 1157 556 1183 καὶ
583 1156 732 1184 ἀνάστασιν
756 1158 801 1184 καὶ
824 1159 971 1194 σωτηρίαν,

177 1199 226 1226 καὶ
251 1198 322 1235 ζωὴν
342 1200 450 1227 αίώνιον
475 1202 565 1234 αὐτοῖς
587 1203 756 1239 δωρήσεται·
781 1204 838 1230 ἀλλ’
855 1205 914 1239 οὐχὶ
938 1206 972 1232 τὰ

176 1244 232 1271 τῶν
245 1245 354 1272 ἀσεϐῶν
372 1247 493 1273 τοιαῦτα.

216 1345 226 1360 ι
238 1334 333 1367 Βάδιζε
345 1356 352 1368 ,
367 1337 382 1362 ὁ
396 1336 459 1369 λαός
477 1346 537 1373 patr
556 1340 658 1366 εἴσελθε
674 1341 713 1371 είς
726 1339 760 1366 τὰ
770 1340 881 1375 ταμιεῖά
895 1349 967 1366 σου-ι

180 1381 218 1416 μὴ
234 1382 416 1417 περιεργάζου
432 1383 466 1410 τὰ
482 1386 650 1421 πορρωτάτω
663 1387 831 1421 τυγχάνοντα
847 1387 900 1413 τῶν
917 1388 970 1413 σῶν

176 1428 317 1463 ταμιείων.
329 1438 338 1455 ‹
351 1430 522 1458 Ἀπόκλεισον
543 1432 592 1467 τὴν
618 1432 702 1468 θύραν
719 1441 764 1459 σου
775 1442 781 1448 ·
800 1433 970 1469 ἀποκρικηοι

179 1474 277 1510 μικρὸν
291 1476 362 1508 ὅσον,
374 1476 426 1508 ἕως
438 1477 471 1503 ἂν
488 1478 636 1514 παρέλῦῃή
654 1479 721 1514 ὀργὴ
736 1480 847 1515 Κυρίου.
865 1490 873 1504 ι
892 1479 969 1506 Μετὰ

178 1521 228 1557 τὴν
250 1521 423 1550 διδασκαλίαν
442 1524 490 1559 τῆς
511 1524 564 1550 τῶν
585 1525 690 1560 νεκρῶν
714 1525 900 1557 ἀναστάσεως,
930 1526 967 1557 ὼς

179 1569 363 1604 περιεστῶτας
394 1570 558 1606 ἔμπροσθεν,
595 1571 642 1597 καὶ
670 1571 715 1598 ἐπὶ
746 1571 776 1597 τὸ
807 1572 871 1598 αὐτὸ
898 1572 969 1607 μετά

178 1614 228 1651 τὴν
251 1616 398 1643 ἀνάστασιν
420 1617 605 1652 συνηγμένους
625 1618 687 1649 τοὺς
712 1618 805 1651 ἁγίους
829 1618 875 1644 τοῦ
900 1618 967 1644 Θεοῦ

174 1661 344 1698 θεασάμενον
365 1663 396 1689 τὸ
422 1663 529 1699 πνεῦμα
558 1664 587 1690 τὸ
613 1664 791 1699 προφητικὸν,
818 1664 912 1691 ἔπειτα
939 1665 969 1697 ἐξ

174 1708 268 1743 ἐτέρου
286 1709 385 1744 μέρους
401 1709 450 1744 τὴν
466 1709 595 1736 ἐπιοῦσαν
609 1711 665 1741 τοῖς
679 1710 804 1736 ἀσεϐέσιν
819 1710 903 1746 ὀργὴν
917 1718 968 1737 κα-

174 1753 321 1788 τανοῆσαν,
336 1753 370 1789 τᾷ
389 1754 510 1789 τάγματι
523 1754 577 1781 τῶν
592 1754 676 1789 ἁγίων
692 1757 847 1791 προσφωνεῖ
863 1756 968 1791 ἀποχω-

178 1799 235 1833 ρεῖν
253 1799 321 1835 πρὸς
345 1800 430 1836 βραχὺ
447 1800 494 1827 τοῦ
511 1801 618 1837 μακρὰν
637 1801 818 1837 κρύπτεσθαι.
837 1802 874 1833 ὡς
899 1802 967 1837 μηδὲ

178 1842 297 1879 θεωροὺς
318 1845 369 1879 τῆς
387 1845 439 1872 τῶν
462 1846 568 1872 ἀσεϐῶν
589 1847 711 1880 γίνεσθαι
738 1847 886 1879 ἀπωλείας.
912 1847 966 1874 Τα-

179 1890 255 1924 μιετα
267 1889 295 1915 δὲ
309 1890 357 1916 τοῦ
372 1890 435 1918 λαοῦ
447 1892 493 1918 τοῦ
504 1892 571 1918 Θεοῦ
584 1893 611 1918 αῑ
629 1892 725 1918 πολλαὶ
738 1892 813 1928 παρὰ
826 1893 864 1928 τῷ
879 1893 966 1929 Πατρὶ

175 1936 339 1970 τυγχάνουσι
358 1937 450 1972 μοναὶ,
464 1938 571 1973 ἑκάστῳ
587 1939 707 1974 τάγματι
722 1939 776 1965 τῶν
793 1939 878 1973 ἁγίων
896 1940 967 1966 κατά

174 1981 284 2008 δικαίαν
300 1982 367 2009 Θεοῦ
393 1983 482 2019 κρίσιν
499 1985 696 2019 ἀφωρισμέναι.
716 1985 762 2016 Εἰς
780 1985 855 2011 ταῦτ’
871 1983 917 2011 οὖν
932 1985 966 2011 τὰ

175 2028 217 2054 σοὶ
227 2030 473 2065 παρεσκευασμένα
488 2031 599 2065 ταμιεῖά
613 2039 671 2061 σου,
684 2032 775 2065 φησὶν,
787 2032 800 2057 ὁ
812 2031 878 2066 ἐμὸς
891 2031 964 2063 λαὸς,

172 2073 287 2105 εἴσελθε,
304 2075 352 2101 καὶ
370 2075 530 2102 ἀπόκλεισον
546 2076 595 2112 τὴν
612 2076 696 2112 θύραν
714 2085 771 2103 σου.

211 2128 222 2144 ι
247 2119 313 2146 Ἰδοὺ
328 2120 383 2156 γὰρ
399 2120 501 2157 Κύριος
517 2121 571 2148 ἀπὸ
586 2121 631 2148 τοῦ
646 2122 725 2157 ἁγίου
742 2123 840 2157 ἐπάγει
853 2122 903 2159 τὴν
920 2123 964 2158 ὀρ-

172 2164 225 2201 γὴν
242 2165 288 2192 ἐπὶ
307 2167 371 2198 τοὺς
386 2166 557 2199 ἐνοικοῦντας
573 2168 620 2195 ἐπὶ
633 2168 682 2204 τῆς
696 2168 758 2203 γῆς.
778 2178 787 2194 ι
806 2168 962 2204 Παρελθού-

174 2219 224 2246 οης
249 2211 277 2238 δὲ
302 2212 399 2247 αὐτῆς,
420 2213 593 2245 ἀναπετάσας
617 2214 710 2241 λοιπὸν
723 2213 774 2246 τὰς
789 2214 843 2241 τῶν
863 2213 962 2241 σαυτοῦ

172 2258 306 2293 ταμιείων
323 2258 420 2290 πύλας,
444 2258 513 2294 μετά
527 2259 628 2295 πολλῆς
648 2259 771 2292 ἐξουσίας
788 2259 835 2286 καὶ
854 2261 963 2295 παρρη-

173 2305 234 2336 σίας
245 2305 338 2340 πρόῖθι
347 2305 393 2332 τὸν
404 2305 462 2332 νέον
474 2306 632 2332 ἐποπτεύων
648 2306 744 2337 αἰῶνα,
757 2306 804 2333 καὶ
814 2305 863 2342 τὴν
875 2306 962 2341 ἐπηγ-

172 2350 306 2386 γελμένην
323 2359 365 2378 σοι
380 2351 517 2386 βασιλείαν
528 2351 576 2377 τοῦ
592 2350 671 2378 Θεοῦ.
693 2361 702 2377 ι
724 2352 779 2378 Καὶ
793 2351 961 2386 ἀνακαλύψει

171 2396 189 2431 ή
204 2396 240 2431 γῆ
255 2396 284 2423 τὺ
300 2394 369 2433 αἷμα
385 2397 479 2433 αὐτῆς,
497 2397 545 2424 καὶ
561 2397 591 2423 οὐ
608 2397 793 2432 κατακαλύψει
814 2398 877 2429 τοὺς
894 2398 960 2433 ἀνῃ-

173 2442 323 2478 ρημένους⁵
343 2453 352 2469 ι
377 2443 415 2475 ὡς
437 2443 540 2479 μηδένα
561 2443 653 2471 λαϐεῖν
675 2444 730 2471 τῶν
744 2443 827 2471 πάλαι
843 2444 873 2471 ὲν
890 2444 960 2480 αὐτῇ

170 2488 222 2519 τὰς
237 2488 325 2523 ψυχὰς
341 2489 520 2526 ἀνῃρημένων
531 2489 574 2517 διὰ
589 2489 643 2517 τῶν
658 2489 726 2526 πρὸς
738 2490 852 2517 θάνατον
871 2490 961 2526 ἀμαρ-

170 2534 316 2570 τημάτων·
331 2535 377 2562 ἐπὶ
392 2535 479 2571 τούτῳ
497 2536 552 2572 γὰρ
562 2536 613 2572 τὴν
626 2536 711 2573 ὀργὴν
727 2535 838 2569 ἐπάξειν
854 2535 963 2572 εἴρηται

169 2580 184 2606 ὁ
200 2579 275 2611 Θεός·
288 2580 372 2616 ὀργῆς
390 2581 507 2608 ἐνταῦθα
518 2581 721 2617 ὀνομαζομένης
735 2580 789 2608 τῶν
805 2582 864 2612 ταῖς
880 2580 960 2607 κολά-

170 2634 230 2652 σεσι
245 2625 459 2661 διακονουμένων
470 2626 602 2660 ἀγγέλων.
614 2626 670 2663 ('50)
681 2627 762 2663 Δηλοῖ
771 2626 848 2654 δὲδιὰ
859 2626 959 2653 τούτων

169 2671 220 2706 τὴν
235 2670 289 2697 τῶν
312 2671 398 2705 ἁγίων
413 2671 460 2698 τοῦ
473 2671 540 2699 Θεοῦ
555 2668 694 2708 ἀναίρεσιν
709 2672 755 2699 καὶ
767 2671 801 2699 τά
816 2672 871 2698 τῶν
889 2681 959 2708 μαρ-

168 2716 260 2752 τύρων
276 2716 390 2751 αἵματα,
406 2717 470 2752 περὶ
486 2713 523 2744 ὧν
538 2718 585 2744 καὶ
596 2718 717 2754 Μωῦσῆς
733 2719 761 2745 ὲν
779 2718 884 2754 μεγάλῃ
903 2718 958 2754 ᾠδῇ

168 2762 283 2797 γράφων
299 2762 386 2798 ἔλεγε·
403 2772 412 2789 ι
434 2763 494 2791 Ὅτι
509 2763 540 2790 τὸ
554 2760 623 2800 αἷμα
638 2764 692 2792 τῶν
710 2764 775 2792 υἱῶν
789 2763 877 2798 ,αὐτοῦ
890 2763 960 2791 ἐκδι-

208 2848 264 2880 (30)
283 2849 344 2878 llzcc
361 2850 551 2882 Hieronymus.

1031 247 1125 275 medici
1139 248 1328 276 suscitabuntt
1344 259 1353 275 ι
1371 250 1423 277 Sed
1439 250 1476 277 illi
1491 251 1600 285 quidem
1617 252 1713 279 mortui
1728 259 1817 286 erant,

1029 293 1074 328 qui
1090 293 1123 320 ad
1139 299 1253 321 mortem
1271 301 1461 330 peccaverant.
1485 296 1582 324 Mortui
1604 303 1693 325 autem
1711 300 1816 327 Domini

1029 345 1091 366 sunt
1113 340 1131 367 ii
1149 340 1194 375 qui
1216 345 1329 376 propter
1359 349 1420 369 eum
1437 350 1545 370 omnem
1571 343 1754 372 calamitatem
1781 347 1815 373 ad

1029 390 1144 412 mortem
1160 394 1246 421 usque
1261 391 1326 414 sunt
1348 388 1481 422 perpessi.
1498 388 1552 416 Pro
1566 388 1612 416 illo
1627 394 1729 423 autem,
1746 400 1756 417 ‹
1772 398 1817 418 ex-

1028 432 1193 465 citabuntur,
1209 442 1218 458 ι
1231 433 1326 468 reliqui
1343 434 1568 469 interpretantur,
1582 443 1614 464 ac
1625 436 1649 463 si
1666 436 1816 470 dormiam,

1028 486 1059 505 ac
1072 487 1124 505 non
1144 479 1242 505 mortui
1268 479 1333 506 sint.
1352 480 1532 512 Quamobrem
1550 486 1707 510 sanctorum
1722 490 1815 516 mors,

1028 531 1139 551 somnus
1156 524 1318 560 appellatur.
1336 526 1542 562 Consequenter
1569 533 1661 556 autem
1685 528 1719 556 ad
1744 536 1817 556 som—

1028 578 1102 601 num,
1119 570 1295 604 resurrectio,
1314 573 1484 605 experrectio
1501 580 1560 601 esse
1572 574 1687 601 dicatur.
1717 574 1816 608 Quam-

1027 616 1120 642 obrem
1140 618 1289 644 secundum
1305 617 1424 652 reliquos
1439 619 1601 654 interpretes
1615 639 1623 653 ,
1640 625 1817 655 experrectu-

1027 670 1074 689 ros
1091 670 1151 689 esse
1178 664 1223 697 qui
1253 663 1278 690 in
1306 664 1488 692 monumentis
1505 670 1568 692 sunt
1590 666 1679 699 primo
1695 666 1814 699 dicitur;

1026 709 1146 735 secundo
1160 713 1249 735 autem
1268 717 1277 734 (
1295 709 1476 743 lattabuntur;
1496 720 1506 736 ›
1526 711 1593 744 sive,
1607 721 1616 737 ι
1629 711 1785 744 laudabunt,
1803 721 1813 737 ι

1027 759 1055 779 ιιι
1072 754 1185 787 Aquila;
1211 754 1279 787 sive,
1298 764 1307 780 ι
1325 755 1491 789 jnbilabnnt,
1512 766 1521 782 ι
1543 761 1571 783 ut
1589 756 1736 785 Tltcodotio
1751 766 1815 785 ver—

1026 799 1069 826 tit.
1089 799 1143 826 Ros
1160 804 1250 826 autem
1267 800 1293 826 in
1307 805 1406 827 terram
1425 801 1565 837 delapsus,
1584 803 1684 829 sensim
1699 803 1815 838 placide-

1025 853 1078 880 que
1094 847 1191 880 injecta
1208 846 1244 874 ibi
1258 847 1360 874 semina
1375 848 1478 875 enutrit
1501 852 1528 875 et
1550 856 1706 876 accrescere
1726 849 1790 876 facit
1805 858 1812 876 :

1026 891 1177 926 eodemque
1192 893 1272 919 modo
1287 899 1332 920 ros
1353 893 1401 920 abs
1420 898 1445 921 te
1461 894 1598 928 prodiens,
1616 895 1758 929 medelam,
1771 896 1813 923 vi-

1027 941 1080 963 tam
1095 942 1122 963 et
1138 938 1253 965 salutem
1269 939 1384 966 tnortuis
1409 938 1503 966 aﬂ‘eret
1522 940 1573 967 luls
1586 961 1594 973 ,
1620 948 1734 976 quorum
1750 949 1812 969 cor-

1025 990 1089 1017 pora
1106 983 1189 1011 variis
1204 985 1370 1019 temporibus
1394 985 1420 1012 in
1437 990 1537 1013 terram
1555 986 1627 1014 velut
1641 988 1745 1015 semina
1769 988 1814 1022 ja-

1025 1031 1068 1054 cta
1087 1027 1196 1055 fuerint.
1216 1028 1309 1063 Neque
1327 1037 1407 1064 porro
1427 1031 1598 1059 aberraveris
1611 1052 1618 1064 ,
1636 1032 1659 1059 si
1683 1033 1757 1060 dicas
1772 1034 1813 1068 ip-

1024 1080 1083 1100 sum
1102 1074 1270 1108 unigenitum
1286 1075 1334 1103 Dei
1353 1074 1469 1103 Verbum
1486 1084 1572 1104 roretn
1584 1085 1654 1111 esse,
1671 1079 1742 1113 quod
1753 1084 1813 1114 gul-

1025 1119 1095 1146 tulas
1108 1126 1172 1146 snas
1188 1119 1303 1147 mortuis
1317 1119 1374 1147 suis
1393 1120 1526 1149 instillare
1542 1121 1646 1149 faciens
1658 1143 1666 1156 ,
1690 1130 1743 1150 tina
1770 1131 1812 1150 re-

1024 1164 1141 1191 medium
1157 1165 1288 1199 peccatis.
1302 1165 1324 1192 si
1343 1166 1409 1200 quid
1423 1166 1458 1194 ab
1472 1167 1526 1194 illis
1540 1168 1697 1196 humanitus
1715 1176 1811 1203 pecca-

1025 1215 1079 1237 tum
1094 1230 1101 1242 ,
1124 1218 1155 1237 ac
1171 1211 1420 1245 resurrectionem,
1438 1213 1551 1240 salutem
1567 1218 1595 1240 et
1613 1215 1695 1241 vitam
1711 1215 1810 1250 sempi-

1024 1262 1128 1283 ternam
1146 1257 1211 1291 ipsis
1227 1256 1358 1284 conferet.
1374 1258 1409 1285 At
1425 1265 1469 1285 res
1487 1259 1629 1294 impiorum
1645 1268 1699 1287 non
1716 1261 1809 1288 eodem

1023 1303 1102 1330 modo
1114 1311 1144 1331 se
1161 1304 1270 1333 habent.

1059 1350 1142 1378 VERS.
1156 1351 1200 1378 20.
1220 1360 1230 1376 ‹
1250 1351 1334 1384 Vade,
1350 1352 1465 1386 populus
1489 1359 1565 1380 meus
1582 1363 1588 1380 :
1607 1353 1677 1380 intra
1695 1354 1720 1381 in
1735 1354 1811 1382 culti-

1022 1397 1082 1424 cula
1100 1402 1164 1430 tua;
1184 1407 1193 1424 I
1214 1406 1247 1425 ne
1264 1399 1399 1426 curiosius
1422 1399 1544 1433 inquiras
1566 1407 1597 1426 ea
1613 1420 1620 1431 ,
1635 1407 1695 1434 quae
1718 1401 1810 1435 procul

1022 1443 1154 1470 cubiculis
1180 1443 1233 1471 tuis
1256 1448 1409 1472 versantur.
1437 1453 1446 1470 ι
1473 1443 1576 1472 Claude
1594 1445 1692 1472 Ostium
1712 1450 1808 1472 tuum:

1022 1488 1191 1517 abscondere
1229 1490 1366 1524 paululum
1402 1490 1668 1526 quantulumcunque
1687 1511 1694 1524 ,
1724 1493 1810 1519 donec

1022 1539 1196 1569 pertranseat
1208 1537 1248 1564 ira
1264 1536 1382 1564 Domini.
1403 1546 1414 1563 ι
1432 1536 1495 1564 Post
1514 1536 1622 1564 allatam
1637 1537 1670 1564 de
1689 1545 1809 1566 resurre-

1022 1582 1113 1609 ctione
1144 1588 1315 1610 mortuorum
1340 1583 1505 1615 doctrinam,
1528 1589 1638 1611 sanctos
1664 1583 1735 1617 Dei,
1761 1585 1808 1619 qui

1021 1632 1100 1654 antea
1124 1629 1378 1661 circumsteterant,
1393 1629 1487 1656 eodem
1505 1629 1531 1656 in
1550 1630 1610 1657 loco
1627 1635 1735 1658 coactos
1749 1636 1809 1666 post

1020 1673 1248 1700 resurrectionem
1263 1673 1358 1701 videns
1371 1674 1545 1709 propheticus
1573 1675 1695 1710 spiritus,
1710 1676 1808 1703 deinde

1019 1725 1084 1745 vero
1097 1718 1149 1745 alia
1165 1726 1197 1746 ex
1212 1723 1287 1754 parte
1304 1719 1491 1746 imminentem
1511 1715 1683 1755 impiis'iram
1699 1722 1808 1756 constri-

1019 1769 1105 1797 catus,
1126 1771 1284 1793 sanctorum
1304 1770 1405 1793 coetum
1426 1765 1463 1793 ad
1473 1766 1608 1793 modicum
1633 1772 1738 1802 tempus
1762 1776 1806 1794 se-

1019 1810 1116 1837 cedere
1132 1817 1164 1838 ac
1179 1810 1275 1845 procul
1290 1817 1351 1838 sese
1365 1811 1503 1838 occultare
1519 1817 1621 1844 monet,
1636 1821 1669 1839 ne
1685 1813 1740 1839 sint
1757 1813 1807 1840 im-

1020 1856 1126 1889 piorum
1143 1856 1275 1891 perniciei
1289 1860 1469 1890 spectatores.
1493 1856 1621 1884 Cubicula
1637 1865 1699 1885 vero
1716 1858 1806 1893 populi

1020 1901 1078 1934 Dei,
1095 1902 1228 1937 intelligas
1243 1909 1302 1929 esse
1318 1901 1416 1929 multas
1428 1902 1498 1936 apud
1514 1902 1623 1930 Patrem
1636 1903 1804 1938 mansiones,

1014 1948 1089 1982 justo
1108 1949 1153 1976 Dei
1167 1948 1268 1983 judicio
1288 1947 1401 1982 singulis
1428 1949 1566 1976 ordinibus
1591 1949 1749 1977 destinatas.
1775 1949 1804 1976 In

1018 1995 1075 2021 tunc
1098 1994 1191 2029 igitur.
1207 1994 1305 2029 populc
1321 1994 1357 2021 ιιιί
1370 2013 1378 2026 ,
1401 1999 1496 2029 parata
1512 1994 1557 2021 tibi
1574 1994 1697 2022 cubicula
1717 1994 1806 2030 ingres

1018 2041 1093 2073 dere,
1109 2046 1136 2068 et
1151 2040 1246 2068 claude
1259 2040 1356 2068 ostium
1372 2046 1458 2068 tuum.

1053 2118 1137 2147 Vens.
1152 2119 1199 2152 et.
1217 2129 1226 2145 ι
1252 2119 1320 2149 Ecce
1337 2118 1411 2147 enim
1425 2119 1555 2148 Dominus
1573 2119 1605 2147 de
1620 2125 1715 2148 sancto
1730 2120 1806 2148 indu-

1018 2166 1057 2194 cit
1071 2166 1139 2193 iram
1156 2167 1243 2201 super"
1255 2166 1424 2195 habitatores
1440 2171 1531 2195 teme.
1556 2176 1566 2193 ι
1584 2166 1731 2202 Postquam
1758 2174 1806 2194 au-

981 2226 1002 2254 D
1018 2218 1071 2239 tem
1085 2212 1130 2240 illa
1142 2212 1332 2247 pertransierit
1343 2233 1351 2247 ,
1370 2213 1499 2242 reseratis
1512 2213 1621 2241 demum
1634 2211 1750 2240 cubiculi
1767 2212 1804 2239 tui

1014 2258 1116 2293 ianuis,
1134 2263 1268 2293 potestate
1278 2263 1307 2286 et
1320 2259 1418 2287 ﬁducia
1437 2258 1522 2286 multa
1538 2259 1687 2286 instructus
1707 2258 1804 2292 prodi,

1017 2312 1115 2331 ηονιιηι
1140 2304 1268 2332 saeculum
1282 2309 1480 2340 οοιιεροοιιιηιε
1491 2326 1499 2338 ,
1514 2312 1619 2332 necnon
1640 2304 1803 2339 promissum

1017 2349 1064 2378 tibi
1077 2357 1188 2385 regnum
1215 2350 1273 2378 Dei.
1297 2359 1306 2377 ι
1333 2351 1366 2378 Et
1392 2351 1523 2379 revelabit
1550 2356 1622 2378 terra
1643 2350 1802 2385 sanguinem

1015 2403 1106 2428 suum,
1121 2401 1148 2424 et
1164 2404 1216 2424 non
1232 2397 1380 2425 abscondet
1397 2397 1572 2429 interfectos;
1591 2406 1602 2424 ι
1619 2396 1655 2424 ita
1673 2401 1704 2424 ut
1723 2404 1803 2423 nemo

1016 2442 1099 2470 lateat
1116 2451 1209 2470 eorum
1225 2463 1232 2475 ,
1250 2443 1292 2479 qui
1304 2443 1367 2471 olim
1381 2443 1407 2471 in
1423 2451 1452 2471 ea
1468 2443 1617 2471 secundum
1631 2442 1750 2470 animam
1767 2443 1803 2471 ob

1015 2494 1127 2523 peccata
1148 2489 1182 2516 ad
1208 2494 1323 2517 mortem
1348 2489 1483 2517 interfecti
1507 2489 1582 2516 l'uere
1597 2498 1603 2516 :
1619 2489 1670 2516 hac
1681 2488 1754 2515 enim
1769 2490 1803 2518 de

1015 2542 1096 2562 causa
1113 2535 1180 2562 iram
1197 2534 1355 2562 inducturus
1370 2542 1446 2562 suam
1473 2535 1542 2562 Deus
1558 2534 1668 2561 dicitur.
1687 2534 1735 2562 Hic
1751 2535 1803 2562 sci-

1014 2580 1079 2608 licet
1096 2581 1135 2607 ira
1158 2585 1288 2608 vocantur
1312 2580 1401 2614 angeli
1427 2579 1574 2607 inferenda:
1600 2579 1696 2606 ultioni
1721 2580 1803 2607 mini-

1013 2631 1145 2654 strantcs.
1172 2626 1218 2653 His
1234 2633 1316 2661 porro
1347 2625 1481 2661 signiﬁcat
1508 2629 1664 2654 sanctorum
1683 2625 1729 2654 Dei
1754 2634 1802 2654 no-

1012 2680 1092 2704 cem,
1121 2678 1149 2699 et
1179 2678 1329 2708 martyrum
1357 2672 1514 2707 sanguinem
1535 2693 1541 2704 ,
1570 2672 1604 2699 tle
1622 2673 1720 2707 quibus
1745 2672 1802 2701 Ita-0

1013 2719 1039 2750 in
1061 2727 1158 2755 magno
1182 2719 1288 2746 cantico
1317 2719 1411 2746 scribit
1446 2717 1574 2754 Moyses,
1603 2727 1613 2745 r
1644 2719 1713 2753 Quia
1741 2728 1801 2747 san-

1014 2767 1123 2803 guinem
1147 2767 1264 2796 liliornm
1279 2773 1385 2795 suorum
1416 2765 1563 2794 ulciscetur
1578 2772 1606 2794 et
1633 2767 1801 2801 vindicabit,
