2044 3215
239 149 293 177 179

575 147 710 177 EUSEBII
729 147 964 176 CJESABIENSIS
981 147 1023 175 ΟΡ

1077 147 1166 175 PARS
1185 147 1230 175 lii.
1250 162 1284 167 —
1303 147 1512 176 EXEGETICA.

1810 149 1866 177 280

240 215 267 236 et
280 207 408 236 ultionem
423 208 553 236 retribuet
566 207 683 235 inimicis
696 227 705 240 ,
723 213 750 236 et
761 207 914 235 odientibus
935 215 964 235 se
984 215 1023 234 res

1080 209 1177 239 κεῖται,
1199 208 1245 234 καὶ
1269 208 1414 243 ἐκδικήσει,
1437 208 1482 236 καὶ
1505 207 1687 235 ἁνταποδὼσει
1709 209 1786 245 δίκην
1810 211 1866 242 τοῖς

243 255 342 282 tribuet
358 255 390 281 ".

515 300 629 329 CAPUT
646 298 752 327 XXVII.

275 347 358 374 Vsus.
379 347 405 374 l.
422 356 431 373 ι
452 346 479 374 In
497 347 540 374 die
555 347 598 374 illa
624 347 734 373 inducet
748 347 818 373 Deus
833 346 951 381 gladium
967 355 1029 374 san—

241 399 328 426 ctum,
344 401 470 428 magnum
485 398 511 421 et
524 393 640 420 validum
656 400 737 429 super
749 393 906 426 draconem,
923 401 1031 428 serpen-

240 448 293 469 tem
317 442 465 478 fugientem
479 462 487 473 ,
507 449 589 475 super
603 441 750 468 draconem
764 445 916 475 serpentem
931 445 1031 467 lortttn-

239 496 310 521 sum,
325 494 353 516 et
366 489 473 516 occidet
489 489 648 515 draconem.
665 488 746 522 Virga
762 487 853 522 itaque
879 486 939 519 Dei,
956 491 1028 512 recta

239 543 300 562 etim
315 536 360 568 sil,
374 541 399 562 et
414 535 585 570 castigationi
602 539 678 569 apta,
696 534 842 561 secundum
861 533 936 565 illud,
949 543 958 558 ι
972 532 1030 559 Vir-

239 588 270 615 ga
286 580 464 612 rectitudinis,
481 581 555 615 virga
569 580 643 615 regni
659 580 696 606 ttti
713 579 750 612 '°,
769 589 778 606 ι
799 580 832 607 iis
845 581 889 614 qui
905 579 931 606 iu
950 578 1029 606 rebus

239 626 372 653 medelam
391 627 598 654 admittentibus
614 630 762 661 peccarunt
773 647 780 659 ,
795 631 921 653 servatur
935 627 967 651 ad
987 625 1028 658 ip-

239 680 331 699 sorum
351 672 568 706 castigationem,
581 672 800 699 emendationem
816 677 844 700 et
866 673 899 699 ad
923 672 1027 698 utilita-

238 723 292 744 tem
307 718 423 753 prolata.
443 718 493 751 Qui
517 724 607 745 autent
635 719 700 745 nihil
719 724 822 746 rectum
835 739 843 752 ,
865 725 1028 753 :cquumque

237 764 305 792 nihil
322 764 414 797 habet,
436 765 482 791 sed
506 765 616 791 omnino
634 764 753 792 deﬂexus
765 770 793 792 et
811 770 949 792 tortuosus
964 770 1005 792 est
1018 787 1024 797 ,

238 818 271 838 ac
287 817 396 846 pectore
413 816 559 843 ventreqne
574 811 648 838 humi
667 817 774 844 reptat,
788 812 962 845 omniumque
981 819 1027 845 pe-

238 857 318 884 dibus
344 858 377 884 ad
400 857 648 891 supplantationem
672 863 699 885 et
715 858 896 892 dejectionem
914 857 1026 884 insidias

1080 253 1195 288 ὲχθροῖς,
1214 254 1260 280 καὶ
1278 255 1334 285 τοῖς
1348 253 1471 289 μισοῦσιν
1485 253 1679 281 ὰνταποδώσει.
1697 264 1706 280 ι

1326 306 1522 332 ΚΕΦΑΛΑΙΟΝ
1539 306 1601 332 KZ’.

1117 362 1127 378 ι
1151 353 1195 379 Ἐν
1207 354 1240 388 τῇ
1254 352 1344 388 ἡμέρα
1357 351 1448 387 ἐκείνῃ
1461 353 1555 385 ἐπάξει
1568 354 1582 379 ὁ
1594 351 1658 384 Θεὸς
1671 351 1719 387 τὴν
1731 351 1866 387 μάχαιραν

1079 399 1127 434 τὴν
1140 398 1229 432 ἁγίαν.
1247 398 1296 433 τὴν
1310 398 1430 434 μεγάλην
1443 398 1490 424 καὶ
1497 398 1546 433 τὴν
1558 398 1669 433 ἰσχυρὰν
1686 398 1732 423 ἐπὶ
1746 398 1790 424 τὸν
1802 398 1867 433 69i-

1079 452 1170 475 κοντα.
1183 444 1228 470 τὸν
1240 443 1300 478 ὅφιν
1312 444 1456 478 φεύγοντα,
1472 445 1517 470 ἐπὶ
1528 444 1573 470 τὸν
1583 444 1718 479 δράκοντα
1727 444 1787 478 ὕειν
1802 452 1866 471 σκο-

1079 488 1145 521 λιὸν,
1163 489 1210 516 καὶ
1224 489 1313 516 ἀνελεῖ
1323 490 1368 516 τὸν
1381 489 1525 524 δράκοντα.
1541 499 1550 514 ι
1566 490 1597 515 Ὶί
1612 489 1660 524 μὲν
1675 487 1720 516 οὖν
1738 489 1785 515 τοῦ
1796 489 1865 516 Θεοῦ

1080 534 1187 570 ῥάϐδος,
1214 534 1306 562 εὐθεῖά
1326 544 1367 567 τις
1386 534 1453 562 οὖσα
1473 535 1520 561 καὶ
1541 534 1708 570 παιδευτικὴ,
1732 535 1802 561 κατὰ
1822 535 1864 566 τὸ,

1081 589 1090 604 ι
1103 580 1212 611 Ῥάὃδος
1225 579 1370 615 εὐθύτητος
1382 582 1397 616 ἡ
1411 580 1560 616 ῥάϐδοςτῆς
1570 580 1706 615 βασιλείας
1718 580 1774 607 σοῦ·
1789 591 1797 606 ι
1809 582 1866 612 τοῖς

1081 625 1176 659 ἰάσιμα
1185 626 1354 660 ἡμαρτηκόσι
1362 628 1509 661 τετήρηται
1517 626 1556 657 είς
1570 625 1708 651 παίδευσιν
1720 625 1809 652 αὐτῶν
1819 626 1866 653 καὶ

1078 669 1218 704 βελτῐωσιν
1230 671 1276 696 καὶ
1286 670 1373 705 ψυχῆς
1383 670 1513 705 ὠφέλειαν
1522 671 1722 706 προσαγομένη·
1733 672 1747 697 ὁ
1756 670 1784 697 δὲ
1797 670 1866 706 μηδὲ

1077 716 1155 752 ὀρθὸν
1169 717 1236 752 μηδὲ
1250 717 1313 743 εὐθὺ
1328 716 1569 752 κεκτημένος,ὄλος
1582 716 1610 742 δὲ
1623 716 1710 742 διόλου
1721 716 1864 751 καμπύλος

1077 764 1124 789 καὶ
1136 763 1250 795 σκολιὸς,
1261 764 1346 798 χαμαί
1355 772 1384 790 τε
1393 764 1439 789 ἐπὶ
1447 763 1478 789 τὸ
1491 763 1586 798 στῆθος
1597 764 1642 789 καὶ
1650 763 1751 789 κοιλίαν
1759 763 1863 799 ἕρπων,

1077 809 1227 845 ἐφεδρεύων
1242 818 1272 836 τε
1286 812 1342 841 τοῖς
1362 810 1469 836 πάντων
1485 810 1562 836 ποσὶν
1577 810 1622 836 ἐπὶ
1637 810 1667 835 τὸ
1676 808 1807 842 σκελίζειν
1818 809 1866 837 καὶ

1077 855 1254 882 καταϐάλλειν
1269 856 1378 887 αὐτοὺς,
1397 855 1465 891 μετὰ
1491 855 1594 887 πάντας
1621 856 1683 886 τοὺς
1705 855 1812 887 ἀσεῦεῖς
1832 857 1865 890 τῇ

238 901 359 934 tnolitur,
385 907 446 937 post
463 902 560 937 impios
575 910 670 930 omnes
681 923 690 935 .
705 903 792 938 gravi,
806 912 904 938 magno
919 904 1023 930 valido-

1078 902 1184 937 σκληρᾷ
1201 902 1247 928 καὶ
1266 901 1370 937 μεγάλῃ
1387 902 1431 928 καὶ
1461 902 1558 937 ἰσχυρᾷ
1571 901 1692 937 μαχαίρᾳ
1712 900 1865 938 παραδοθή-

237 955 291 982 que
310 947 399 982 gladio
414 948 546 980 tradetur,
564 957 644 983 quem
662 950 710 984 ipsi
726 950 776 976 soli
794 957 906 985 magnus
925 950 969 977 ille
984 949 1027 977 Ju-

237 995 288 1022 dex
304 995 471 1022 reconditum
484 1001 508 1021 et
526 1000 647 1030 paratum
664 996 772 1024 habuit.
789 996 914 1024 Gladium
929 998 971 1024 hic
984 1006 1028 1025 vo-

237 1046 281 1068 cat
297 1041 408 1068 ultionis
427 1041 552 1069 ctTectum
571 1051 577 1069 :
594 1050 673 1076 quem
701 1043 764 1070 item
787 1048 913 1071 sanctunt
939 1044 1025 1076 dicit,

237 1095 297 1114 eum
313 1092 343 1115 ut
358 1088 493 1114 minarum
508 1093 639 1116 terrorem
663 1089 766 1122 leniat,
779 1095 835 1117 ttnn
853 1094 882 1117 ιιι
902 1091 1028 1117 ostendat

237 1141 284 1162 eos
305 1135 351 1169 qui
374 1135 506 1169 supplicio
524 1134 688 1168 afﬁcientur,
711 1144 766 1164 non
790 1137 823 1163 ad
841 1137 953 1164 exitium
968 1144 1026 1162 ver-

237 1183 332 1209 tendos
345 1201 355 1216 ,
372 1182 418 1209 scd
436 1182 642 1216 castigationem
657 1183 722 1217 ipsis
739 1183 892 1211 sanctitatis
910 1190 1024 1209 causam

238 1227 357 1256 futuram
370 1236 440 1256 esse.
452 1229 486 1255 At
500 1228 572 1255 enim
590 1229 661 1256 Dens
674 1229 739 1256 dum
754 1230 881 1264 castigat,
897 1237 950 1256 non
963 1237 1024 1264 per-

239 1273 316 1305 dere,
334 1274 381 1300 sed
393 1281 440 1300 eos
454 1274 498 1308 qui
513 1279 708 1302 convertuntur
721 1276 866 1303 emendare
880 1281 907 1303 et
925 1275 1024 1303 sancti-

237 1318 320 1345 (icare
328 1324 462 1353 peroptat.

273 1363 354 1391 Vens.
375 1365 436 1391 2-4.
461 1375 470 1390 ι
485 1365 512 1392 lu
534 1365 578 1393 illa
597 1366 640 1393 die
659 1366 736 1393 vinea
763 1366 876 1400 pulchra
894 1366 1023 1394 :deside-

237 1411 307 1437 rium
334 1410 448 1437 canendi
465 1415 559 1438 contra
586 1411 669 1439 illatn.
699 1411 756 1447 Ego
780 1412 877 1439 civitas
907 1411 1021 1445 munita,

237 1457 333 1484 civitas
357 1457 479 1489 obsessa,
509 1456 608 1487 frustra
633 1462 725 1491 potum
746 1458 817 1484 dabo
831 1457 1023 1491 illizcapietnr

237 1502 310 1529 cnim
323 1508 415 1534 noctu,
430 1503 473 1530 die
491 1507 582 1530 autem
598 1503 677 1530 cadet
700 1511 795 1530 murus
811 1504 880 1538 ejus.
902 1502 959 1530 Non
980 1507 1021 1530 est

237 1555 297 1582 qnzc
310 1555 361 1575 non
380 1549 590 1583 apprchenderit
607 1556 677 1576 eam.
694 1549 759 1582 Quis
775 1555 855 1584 ponet
870 1558 913 1577 me
928 1555 1021 1577 custo-

236 1596 296 1620 dem
313 1593 395 1620 culnti
413 1595 438 1620 in
452 1595 540 1629 agro?
560 1599 672 1629 propter
688 1595 825 1623 inimicam
842 1596 913 1623 hanc
936 1595 1021 1630 repuli

236 1647 306 1668 eam.
320 1638 382 1667 Ideo
398 1639 461 1666 fecit
478 1641 607 1668 Dominus
618 1642 709 1668 omnia
720 1649 780 1676 qua:
789 1643 930 1676 disposuit.
944 1642 1023 1670 Com-

237 1686 316 1711 husta
327 1693 397 1712 sum.
417 1696 426 1711 ι
455 1685 517 1714 lla-c
540 1695 621 1720 porro
638 1692 680 1714 est
705 1689 769 1715 dicti
783 1690 916 1716 sententia
931 1697 937 1716 :
952 1689 1021 1717 Num

238 1731 336 1757 malum
350 1739 398 1766 pro
419 1726 491 1759 malo
503 1733 628 1766 gentibus
649 1734 842 1768 reddiderunt,
862 1736 908 1770 qui
926 1743 1021 1770 pacem

238 1778 291 1804 illis
322 1778 522 1812 prmdicabant?
562 1779 594 1806 lli
620 1780 692 1806 cuiut
721 1779 934 1814 insequebantur
963 1790 1020 1814 eos,

237 1823 326 1858 plagis
342 1824 424 1851 etiam
441 1825 557 1857 additis;
582 1825 619 1852 illi
642 1833 706 1852 vero
731 1825 915 1860 pulcherrima
945 1827 1020 1861 ipsis.

235 1875 332 1903 pacem
365 1870 471 1896 scilicet
499 1871 705 1898 annuntiahant.
738 1870 808 1898 Num
839 1872 920 1907 igitur
945 1874 1020 1908 paria

235 1916 406 1950 patiebantur
421 1916 534 1950 gentiles
550 1916 598 1948 illi,
620 1917 682 1944 dum
697 1918 772 1952 pacis
786 1925 924 1952 prox-oues
950 1920 1021 1954 inju-

237 1961 285 1987 iiis
312 1961 470 1988 alllecrent?
495 1961 681 1989 Vetbcrabaut
709 1962 793 1994 enim,
823 1971 873 1991 uec
901 1964 1020 1991 vicissim

235 2015 250 2031 ν
261 2007 399 2042 »ριιιιώειιιι
410 2015 417 2039 ς
428 2008 588 2035 occidebant
602 2015 654 2035 nec
666 2009 862 2036 occidebantur
876 2018 884 2037 :
901 2018 1022 2044 pugnan-

236 2058 277 2080 tes
291 2057 382 2079 autetn
399 2057 425 2080 et
435 2054 580 2088 opprobria
595 2054 753 2086 inferentes,
768 2055 842 2088 ipsos
858 2056 1022 2084 divexabaut

235 2102 316 2131 atque
331 2097 485 2131 pellebant:
512 2099 549 2124 illi
575 2106 639 2125 vero
666 2107 719 2126 nou
749 2105 897 2132 cessantes,
928 2109 1020 2135 pacem

235 2142 302 2176 ipsis
319 2148 344 2168 et
362 2143 430 2169 bona
443 2143 614 2170 nuntiabant.
630 2143 718 2176 Quare
732 2145 822 2172 subdit
838 2154 845 2171 :

270 2234 351 2262 Vens.
372 2234 430 2261 5-8.
454 2234 636 2261 «Clamabunt
651 2235 817 2262 habitatores
832 2237 890 2270 ejus
904 2246 911 2263 :
927 2236 1020 2263 Facia-
1038 2249 1057 2275 ι)

233 2288 293 2307 mus
309 2288 404 2314 pacem
420 2288 481 2307 cum
497 2287 540 2313 eo,
558 2281 690 2307 facianms
712 2288 804 2314 pacem
823 2290 829 2308 :
845 2283 890 2315 qui
908 2284 1019 2309 veniunt

233 2327 280 2353 lilii
294 2326 379 2354 Jacoh
400 2327 600 2360 germinabunt,
626 2332 653 2354 et
672 2326 777 2355 ﬂorebit
794 2329 874 2355 Israel
891 2338 897 2356 :
913 2334 940 2356 et
966 2331 1018 2356 itu-

233 2372 351 2406 plebitnr
367 2377 439 2399 terra
455 2372 545 2400 fructu
561 2373 628 2406 ejus.
651 2373 719 2400 Nulli
741 2374 812 2401 sicut
834 2375 890 2409 ipse
904 2383 1019 2409 percus-

232 2419 278 2451 sit,
307 2423 333 2445 ct
361 2419 418 2452 ipse
444 2419 571 2446 similiter
600 2420 785 2453 percntietur?
812 2425 839 2447 et
861 2421 932 2447 sicut
961 2422 1019 2455 ipse

231 2464 343 2495 occidit,
357 2465 392 2490 ita
405 2465 561 2492 occidetur?
573 2465 699 2500 Pnguans
711 2472 740 2492 ot
757 2466 924 2500 exprobrans
938 2467 1020 2493 emit-

233 2514 270 2537 tet
284 2516 342 2536 eos.
359 2509 452 2536 Nonne
465 2515 491 2536 tu
505 2518 578 2542 eras,
594 2511 639 2544 qui
656 2512 832 2539 meditaharis
842 2512 939 2546 spiritu
950 2512 1019 2539 duro

232 2554 386 2581 interﬁcere
400 2562 447 2581 eos
462 2555 556 2589 spiritu
577 2555 720 2583 furoris?)
741 2556 804 2583 Ilaec
828 2558 900 2584 enim
928 2558 1016 2585 medi-

230 2600 356 2628 tabantur
376 2601 411 2627 illi
438 2609 470 2628 ex
491 2602 616 2636 gentibus
638 2603 769 2634 inﬁdeles,
789 2603 905 2636 «spiritu
925 2604 1015 2630 duro»

230 2651 324 2674 contra
354 2647 489 2682 apostolos
509 2647 610 2674 Christi
639 2649 780 2683 occupati,
799 2649 918 2683 nihilque
942 2649 1016 2676 aliud

230 2694 391 2726 cogitantes,
407 2702 487 2728 qttam
505 2695 639 2729 quomodo
658 2695 752 2722 eodeni
767 2696 862 2729 spiritu
877 2696 1016 2723 interﬁce-

231 2743 289 2765 rent
302 2746 359 2765 θοις.
375 2739 428 2766 Sed
442 2740 569 2774 quoniam
595 2742 724 2768 :ernmnis
744 2741 896 2775 hujusmodi
923 2742 1014 2769 allecti

232 2783 280 2816 illi,
304 2793 313 2808 ι
326 2791 358 2810 ex
373 2783 457 2812 Jacob
478 2788 674 2822 germinantcs,
701 2791 726 2813 et
746 2794 780 2814 ex
800 2787 883 2815 lsrael
906 2787 1014 2816 cillere-

263 2874 284 2888 “
301 2873 467 2905 Dcttt.xxxtt,
490 2875 530 2901 f3.
569 2877 591 2891 “
607 2876 675 2903 i’sal.
691 2884 761 2909 xuv,
775 2875 800 2903 Τ.

1079 956 1164 978 σεται,
1183 947 1217 983 ἣν
1230 947 1304 982 αὐτῷ
1317 947 1389 983 μόνῳ
1411 949 1424 974 ὁ
1447 948 1534 983 μέγας
1555 948 1651 983 κριτὴς
1677 947 1864 982 ἐταμιεύσατο.

1077 994 1223 1029 Μάχαιραν
1244 994 1361 1020 ἐνταῦθα
1381 993 1454 1027 λέγει
1471 995 1520 1030 τὴν
1540 994 1679 1029 ἐνέργειαν
1703 994 1754 1029 τῆς
1776 994 1864 1029 δίκης·

1077 1040 1145 1067 ἀλλὰ
1159 1041 1205 1067 καὶ
1221 1041 1302 1076 ἁγίαν
1318 1040 1404 1072 καλεῖ,
1422 1040 1489 1076 ὁμοῦ
1512 1041 1560 1076 μὲν
1577 1039 1821 1075 παραμυθούμενος
1834 1039 1866 1067 τὸ

1077 1086 1190 1122 φοϐερὸν
1209 1087 1258 1122 τῆς
1275 1086 1400 1121 ἀπειλῆς,
1417 1086 1485 1121 ὁμοῦ
1502 1086 1530 1113 δὲ
1547 1086 1593 1113 καὶ
1611 1086 1728 1117 δεικνὺς,
1753 1086 1791 1117 ὡς
1814 1085 1866 1112 οὐκ

1077 1134 1116 1164 εἰς
1131 1132 1269 1160 ἀπώλειαν
1284 1132 1517 1168 καταστρέψωσιν
1527 1133 1551 1159 οἱ
1564 1132 1773 1168 τιμωρούμενοι·
1785 1132 1855 1166 ἀγιω

1077 1179 1159 1214 σύνης
1170 1188 1199 1205 τε
1214 1180 1305 1211 αὐτοῖς
1316 1180 1401 1206 αἴτιον
1416 1179 1491 1206 ἕσται
1506 1178 1674 1214 μετανοοῦσι.
1686 1179 1741 1205 Καὶ
1751 1178 1805 1214 γὰρ
1814 1179 1864 1205 οὐκ

1076 1225 1204 1252 ἀπολέσαι
1227 1225 1351 1260 βούλεται
1373 1226 1387 1251 ὁ
1412 1225 1478 1257 Θεὸς
1498 1225 1641 1257 παιδεύων,
1665 1224 1733 1252 ἀλλὰ
1747 1224 1864 1260 καθᾶραι

1077 1272 1123 1298 καὶ
1137 1272 1248 1306 ἁγιάσαι
1263 1272 1489 1307 ἐπιστρέψαντας,

1111 1372 1120 1387 ι
1144 1361 1182 1398 Τῇ
1206 1362 1296 1398 ἡμέρα
1321 1363 1411 1398 ἐκείνῃ
1435 1362 1565 1397 ἁμπελὼν
1586 1362 1676 1393 καλὸς,
1702 1362 1863 1398 ἐπιθύμημα

1073 1407 1199 1444 ἐξάρχειν
1217 1409 1276 1435 κατ’
1294 1409 1388 1443 αὐτῆς.
1414 1408 1484 1442 Ἐγὼ
1509 1408 1584 1440 πόλις
1605 1408 1702 1444 ὀχυρὰ,
1726 1409 1802 1441 πόλις
1818 1417 1864 1435 πο-

1073 1455 1262 1491 λιορκουμένη,
1295 1456 1382 1490 μάτην
1407 1454 1490 1481 ποτιῶ
1518 1455 1621 1490 αὐτήν·
1655 1454 1785 1481 ἁλώσεται
1807 1456 1863 1491 γὰρ

1073 1501 1179 1533 νυκτὸς,
1205 1501 1310 1537 ἡμέρας
1330 1501 1358 1528 δὲ
1379 1503 1500 1527 πεσεῖται
1520 1501 1551 1527 τὴ
1573 1502 1662 1536 τεῖχος
1687 1501 1780 1536 αὐτῆς.
1805 1501 1862 1528 Οὐκ

1075 1547 1147 1574 ἔστιν
1169 1548 1185 1582 ἢ
1202 1547 1252 1573 οὐκ
1267 1546 1413 1573 ἐπελάὸετο
1430 1547 1525 1581 αὐτῆς.
1543 1545 1590 1577 Τίς
1612 1555 1646 1582 με
1667 1545 1743 1581 θήσει
1760 1546 1862 1581 φυλάση

1075 1601 1131 1619 σειν
1150 1593 1275 1628 καλάμην
1297 1593 1326 1618 ἐν
1347 1592 1441 1627 ἀγρῷς
1466 1592 1509 1620 διὰ
1532 1592 1581 1628 τὴν
1606 1592 1736 1628 πολεμίαν
1760 1593 1862 1628 ταύτην

1071 1639 1192 1675 ὴθέτηκα
1223 1640 1316 1675 αὑτήν.
1340 1639 1435 1666 Τοίνυν
1456 1639 1500 1665 διὰ
1523 1638 1602 1666 τοῦτο
1624 1640 1735 1674 ἐποίησε
1760 1638 1862 1675 Κύριος

1072 1686 1160 1712 πάντα
1170 1687 1220 1712 ὅσα
1235 1685 1372 1718 συνέταξε.
1388 1685 1614 1720 Κατικέκαυμαι.
1632 1696 1640 1711 ι
1660 1686 1688 1712 Ὀ
1699 1685 1726 1712 δὲ
1738 1685 1800 1717 νοῦς
1813 1685 1861 1712 τοῦ

1071 1732 1150 1766 λόγου
1169 1731 1287 1763 τοιοῦτός
1303 1732 1378 1757 ἐστι·
1396 1731 1442 1766 Μή
1459 1740 1485 1758 τι
1507 1731 1591 1758 κακὸν
1621 1731 1682 1757 ἀντὶ
1702 1731 1788 1758 κακοῦ
1805 1733 1862 1762 τοῖς

1073 1776 1176 1804 ἔθνεσιν
1195 1776 1354 1803 ἀπεδίδοσαν
1376 1777 1400 1803 oi
1424 1776 1604 1812 κηρύττοντες
1625 1777 1716 1808 αὐτοῖς
1733 1777 1860 1812 είρὴνην;

1073 1823 1104 1848 Οἱ
1123 1821 1171 1857 μὲν
1186 1822 1240 1857 γὰρ
1255 1822 1366 1848 ἐδίωκον
1386 1822 1484 1854 αὐτοὺς
1508 1823 1556 1848 καὶ
1575 1822 1682 1859 πληγὰς
1701 1821 1840 1853 ἐπιθέντες
1853 1829 1861 1837 ⁸

1071 1869 1096 1894 cl.
1112 1867 1140 1894 δὲ
1153 1867 1188 1894 τὰ
1201 1867 1331 1893 κάλλιστα.
1348 1868 1439 1899 αὐτοῖς
1451 1868 1499 1903 τὴν
1513 1869 1624 1904 εἰρήνην
1641 1869 1858 1905 εὐηγγελίζοντο.

1071 1915 1143 1949 Μήτι
1166 1912 1212 1940 οὖν
1235 1915 1270 1940 τα
1291 1914 1335 1940 ica
1359 1914 1477 1949 ἔπασχον
1493 1915 1517 1941 οἱ
1541 1915 1570 1947 ἐξ
1595 1915 1689 1947 ἐθνῶν,
1707 1915 1861 1947 ἀδικοῦντες

1071 1961 1134 1991 τοὺς
1154 1960 1204 1995 τῆς
1220 1961 1332 1996 εἰρήνης
1353 1962 1493 1996 κήρυκας;
1511 1961 1645 1987 Ἔτυπτον
1661 1961 1727 1996 γὰρ,
1749 1962 1795 1988 καὶ
1811 1962 1861 1988 οὐκ

1071 2005 1275 2038 ἀντετύπτοντο,
1287 2007 1333 2033 καὶ
1352 2006 1478 2042 ἀνῄρουν,
1502 2006 1558 2033 ἀλλ’
1576 2007 1625 2033 οὐκ
1647 2007 1861 2044 ἀντανῃροῦντο”

1072 2052 1119 2077 καὶ
1143 2052 1290 2087 μαχόμενοι
1312 2052 1340 2078 δὲ
1363 2053 1409 2078 καὶ
1427 2052 1610 2085 ὀνειδίζοντες,
1631 2053 1740 2079 ἐδίωκον
1762 2053 1860 2084 αὐτοὺς

1072 2099 1119 2125 καὶ
1141 2098 1348 2131 ὲξατεέστελλον·
1363 2099 1387 2124 oi
1406 2098 1434 2125 δὲ
1453 2090 1506 2125 οὐχ’
1519 2099 1671 2135 ἀνεχώρουν
1691 2100 1738 2126 τοῦ
1757 2101 1804 2136 τὴν
1820 2101 1860 2127 εἰ·

1073 2146 1157 2180 ρήνην
1178 2146 1223 2171 καὶ
1239 2144 1285 2170 τοῦ
1302 2145 1336 2171 τὰ
1352 2144 1442 2178 ἀγαθὰ
1456 2146 1546 2176 αὐτοῖς
1563 2145 1797 2180 εὐαγγελίζεσθαι.
1816 2146 1859 2173 Διδ

1073 2190 1204 2224 ἐπιλέγει*

1111 2245 1119 2261 ι
1139 2236 1284 2271 Βοήσονται
1307 2237 1328 2263 οἱ
1353 2237 1519 2269 ἐνοικοῦντες
1542 2239 1570 2264 ὲν
1596 2239 1677 2274 αὐτῇ·
1703 2239 1859 2274 ποιήσωμεν

1073 2283 1183 2317 εἰρήνην
1202 2282 1287 2317 αὐτῷ,
1304 2283 1460 2318 ποιήσωμεν
1475 2284 1600 2319 εἰρήνην,⁸
1618 2285 1642 2310 οἱ
1658 2285 1799 2320 ἐρχόμενοι
1818 2285 1858 2311 τέ-

1073 2337 1125 2354 κνα
1149 2328 1246 2354 Ἰακὼϐ
1264 2329 1421 2364 βλαστήσει,
1445 2330 1492 2356 καὶ
1507 2330 1647 2365 ἐξανϐήσει
1675 2331 1792 2367 Ἰσραὴλ,
1813 2332 1858 2358 καὶ

1072 2373 1292 2409 ἐμπλησθήσεται
1315 2376 1331 2410 ἡ
1348 2377 1492 2411 οἰκουμένη
1510 2377 1554 2402 τοῦ
1576 2377 1682 2412 καρποῦ
1704 2377 1796 2404 αὐτοῦ.
1814 2380 1858 2414 Elin

1073 2419 1111 2450 ὡς
1126 2419 1207 2451 αὐτὸς
1219 2420 1347 2453 ἐπάταξε,
1360 2423 1406 2448 καὶ
1417 2422 1497 2454 αὐτὸς
1510 2422 1594 2453 οὕτως
1607 2422 1774 2458 πληγήσεται
1783 2433 1790 2439 ”
1811 2425 1858 2451 καὶ

1073 2465 1110 2496 ὼς
1127 2466 1208 2497 αὐτὸς
1223 2466 1336 2499 ἀνεῖλεν,
1356 2466 1442 2499 οὕτως
1458 2468 1680 2505 ἀναιρεθήσεται;
1698 2470 1858 2506 Μαχόμενος

1074 2511 1120 2537 καὶ
1133 2510 1270 2543 ὀνειδίζων
1283 2513 1457 2544 ὲξαποστελεῖ
1468 2514 1574 2546 αὐτούς.
1591 2516 1627 2542 Οὐ
1643 2515 1676 2541 σὺ
1693 2513 1764 2551 ἦσθα
1781 2516 1858 2550 μελε-

1072 2555 1127 2582 τῶν
1148 2557 1186 2593 τῷ
1201 2557 1335 2593 πνεύματι
1347 2558 1385 2593 ’τῷ
1407 2558 1525 2594 σκληρῷ,
1539 2561 1643 2587 ἀνελεῖν
1661 2562 1758 2593 αὐτοὺς
1777 2563 1859 2588 πνεύ-

1073 2610 1138 2638 ματι
1162 2603 1263 2638 Gutta-3;
1288 2613 1297 2628 ι
1323 2603 1415 2630 Ταῦτα
1441 2604 1495 2639 γὰρ
1515 2605 1647 2639 ἐμελέτων
1670 2606 1694 2631 οἱ
1718 2605 1747 2637 ἐξ
1773 2605 1858 2630 ἑϐνῶν

1071 2647 1178 2676 ἄπίστοι
1199 2650 1269 2676 κατὰ
1287 2649 1341 2676 τῶν
1364 2650 1518 2676 ἀποστόλων
1539 2651 1586 2677 τοῦ
1606 2651 1724 2687 Χριστοῦ
1749 2661 1757 2676 ι
1778 2651 1859 2678 πνεύ-

1072 2703 1136 2730 ματι
1154 2695 1264 2731 σκληρῷ
1279 2705 1289 2721 ι
1314 2695 1499 2730 κατεχόμενοι,
1521 2698 1568 2724 καὶ
1590 2698 1664 2724 οὐδὲν
1685 2698 1778 2733 ἕτερον
1801 2698 1858 2724 δια-

1070 2741 1219 2778 νοούμενοι,
1246 2742 1262 2777 ἦ
1281 2743 1354 2775 ὅπως
1379 2743 1509 2770 ἀνέλωσιν
1537 2746 1635 2777 αὐτοὺς
1656 2745 1694 2781 τῷ
1716 2747 1746 2772 ἐν
1766 2747 1858 2778 αὐτοῖς

1071 2789 1215 2825 πνεύματι.
1237 2789 1306 2816 Ἀλλ’
1331 2790 1422 2826 ἐπειδὴ
1443 2791 1553 2818 τοιαῦτα
1568 2793 1716 2828 πάσχοντες
1727 2793 1751 2819 οἱ
1767 2794 1797 2819 ὲκ
1810 2792 1856 2819 τοῦ
