2044 3215
269 147 272 150 ’
284 165 338 193 285

639 161 772 190 EUSEBII
793 160 1032 189 C/ESABIENSIS
1051 160 1127 188 OPI’.
1146 159 1236 187 PARS
1255 159 1299 186 Ill.
1318 174 1354 180 —-
1373 151 1582 186 EXEGETICA.

1859 154 1918 182 ’284

286 222 470 253 miserebitur,
483 222 527 257 qui
543 222 606 249 fecit
624 229 681 254 eos,
697 226 726 248 et
742 222 787 256 qui
806 221 934 249 formavit
951 229 999 249 eos
1021 229 1071 249 noa

1126 221 1283 257 οἱκτειρὴσῃ
1305 222 1318 247 ὁ
1335 221 1450 254 ποιήσας
1466 219 1574 250 αὐτοὺς,
1587 217 1647 244 οὐδὲ
1663 218 1677 243 ό
1693 217 1797 248 πλάσας
1818 216 1918 247 αὐτοὺς

286 269 468 296 miserebitur.
482 278 491 294 ι
509 268 714 303 Hissigniﬁcari
729 268 848 294 arbitror
858 268 958 294 bellum
971 267 1073 296 Iudaeis

285 315 312 342 in
325 315 529 342 Palmstinnrnm
544 320 633 350 gente,
644 315 814 350 posteditum
828 320 925 342 contra
936 315 1073 342 Christum

285 361 401 392 facinus,
417 361 530 387 illatum.

321 405 404 432 Vens.
428 406 468 432 I2.
494 415 502 430 α
518 406 550 432 Ει
568 406 621 432 erit
637 406 662 433 in
682 405 725 433 die
738 406 781 433 illa
792 427 800 439 ,
814 407 957 434 concludet
972 407 1042 434 Deus
1058 415 1073 434 a

286 451 357 476 Iussa
373 450 501 483 llntninis,
514 459 600 485 usque
613 451 647 477 ad
659 451 888 478 Rbinocoruram.
907 451 961 479 Vos
983 458 1073 480 autent

285 503 448 531 congregata
462 497 601 532 sigillotim
625 497 694 524 ﬁlios
718 497 810 524 Israel.
827 507 835 524 ι
854 497 900 525 Est
924 499 974 526 hoc
998 499 1074 534 oppi-

284 541 347 569 dum
366 543 398 569 ad
420 548 540 570 montem
571 543 642 570 inter
668 543 816 578 Egyptum
841 549 869 571 et
899 543 1073 572 Palrestinam

269 589 374 616 'situm.
389 589 560 624 Quapropter
579 590 727 616 secundum
753 590 872 625 reliquos
895 591 1072 626 interpretes,

286 642 296 658 ‹
315 633 385 660 intra
421 638 570 661 torrentem
601 633 751 669 Egypti,»
779 635 883 662 dictum
909 640 962 663 est.
990 636 1072 669 Qucis

269 679 483 712 «subindicatur,
502 684 532 705 ut
553 679 614 714 .jam
630 680 695 712 dixi,
724 681 824 708 bellum
845 680 946 708 Judaeis
969 682 996 709 in
1020 681 1072 708 Pa-

288 725 453 752 a-stinorum
470 730 549 760 gente
565 725 671 760 positis,
689 726 870 754 inferendum.

319 769 400 799 Vens.
423 771 466 797 l3.
489 780 500 797 ‹
515 771 547 798 Et
570 772 623 799 erit
654 772 681 799 in
707 772 751 799 die
767 773 828 804 illa,
854 773 981 806 clangent
1008 774 1071 800 tuba

283 823 391 850 magna,
404 821 432 844 et
450 818 560 844 venient
573 818 617 852 qui
632 818 769 852 perierant
782 818 809 845 in
824 819 935 854 regione
949 820 1072 855 Assyrio-

283 870 356 894 rum,
381 867 408 890 et
429 864 474 898 qui
492 864 632 897 perierant
655 864 681 890 in
707 863 824 899 Egypto
842 871 849 891 :
866 869 893 892 et
918 866 1072 893 adorabunt

1125 267 1156 294 οὐ
1176 268 1213 302 μὴ
1231 267 1338 303 ἐλεήσῃ.
1359 276 1368 291 ι
1395 264 1479 300 Οἶμαι
1495 265 1523 291 δὲ
1543 264 1586 290 διὰ
1605 263 1707 290 τούτων
1736 265 1917 297 σημαινεσυαι

1124 314 1171 340 τὸν
1185 313 1333 340 ἐπελθόντα
1352 314 1407 343 τοῖς
1432 311 1566 342 Ἰουδαίοις
1589 310 1704 346 πόλεμον
1725 308 1795 335 κατὰ
1810 310 1841 335 τὸ
1861 309 1918 335 Πα-

1112 351 1268 386 Ϊλαιστίνων
1283 358 1367 390 ἔθνος,
1387 358 1455 393 μετὰ
1467 358 1517 392 τὴν
1534 357 1604 384 κατὰ
1617 356 1734 392 Χριστοῦ
1748 356 1861 390 τόλμαν.

1163 416 1171 431 ι
1191 407 1246 432 Καὶ
1259 405 1335 431 ἔσται
1349 406 1377 430 ἐν
1390 405 1422 439 τῇ
1435 404 1526 439 ἡμέρᾳ
1540 403 1641 438 ἐκείνῃ,
1659 402 1811 437 συμφράξει
1826 402 1840 427 ὀ
1851 401 1917 434 Θεὸς

1125 452 1179 478 ἀπὸ
1194 451 1244 486 τῆς
1260 451 1393 486 διώρυγος
1409 450 1456 476 τοῦ
1480 449 1602 484 ποταμοῦ
1620 449 1672 480 ἕως
1692 448 1916 484 Ῥινοκορούρων.

1131 497 1224 532 Ὑμεῖς
1236 497 1264 523 δὲ
1276 496 1443 530 συναγάγετε
1458 495 1527 521 κατὰ
1544 495 1589 521 ἕνα
1607 495 1669 526 τοὺς
1680 495 1754 526 υἱοὺς
1772 493 1888 529 Ἰσραήλ.
1905 503 1915 518 ι

1124 543 1205 574 Πόλις
1218 542 1246 568 δὲ
1263 542 1330 577 αὕτη
1355 543 1428 568 ἐστὶν
1444 542 1515 576 ἀμφὶ
1531 540 1578 567 τοῦ
1592 541 1671 576 ὅρους
1684 540 1731 566 τοῦ
1746 540 1846 575 μεταξὺ
1866 539 1917 574 τῆς

1124 588 1263 622 Αἰγύπτου
1287 588 1333 614 καὶ
1357 588 1406 622 τῆς
1428 586 1609 620 Παλαιστίνης
1629 585 1753 620 κειμένη.
1775 585 1820 611 Διὸ
1845 584 1917 611 κατὰ

1124 635 1186 666 τοὺς
1209 634 1316 665 λοιποὺς
1338 632 1517 669 ὲρμηνευτὰς,
1542 642 1550 657 t
1570 631 1624 658 ἔσω
1638 631 1684 657 τοῦ
1703 631 1853 666 χειμάρῤου
1870 631 1918 657 Ai-

1124 680 1238 714 γύπτου,
1257 690 1266 705 r
1282 679 1404 715 εἴρηται-
1422 677 1619 713 αἰνιττομένου,
1636 677 1673 709 ὡς
1686 677 1763 713 ἔφην,
1777 676 1823 703 τοῦ
1836 676 1916 711 λόγου

1123 726 1169 752 τὸν
1188 725 1369 760 γενησόμενον
1384 724 1454 751 κατὰ
1481 723 1614 750 Ἰουδαίων
1632 723 1748 758 πόλεμον
1764 723 1792 748 ἐν
1809 721 1848 757 τῷ
1862 722 1918 748 Πα-

1125 770 1268 796 λαιστίνων
1289 770 1370 797 ἔθνει.
1390 779 1400 795 ι
1424 769 1479 795 Καὶ
1501 769 1576 795 ἔσται
1598 769 1626 795 ὲν
1643 770 1674 803 τῇ
1697 768 1788 804 ἡμέρᾳ
1811 767 1916 804 ἐκείνῃ,

1125 815 1270 841 σαλπιοῦσι
1283 816 1316 850 τῇ
1345 814 1474 848 σάλπιγγι
1497 817 1530 850 τῇ
1556 813 1672 849 μεγάλῃ,
1694 814 1742 840 καὶ
1761 813 1871 848 ἥξουσιν
1891 814 1917 840 οἱ

1124 863 1286 897 ἀπολόμενοι
1310 863 1338 887 ὲν
1354 862 1386 896 τῇ
1405 860 1482 896 χώρᾳ
1496 861 1550 887 τῶν
1578 860 1727 896 Ἀσσυρίων
1745 861 1791 886 καὶ
1807 860 1832 886 οἱ
1849 860 1918 886 ἁλιο-

284 907 426 936 Dominum
449 916 530 944 super
548 914 666 936 montem
695 915 819 938 sanctum
836 911 861 937 in
878 910 1040 938 Jerusalem.
1059 920 1068 936 ι

1124 908 1230 944 λόμενοι
1248 909 1277 935 ἐν
1299 907 1438 942 Αἰγύπτῳ·
1464 907 1511 933 καὶ
1528 907 1746 942 προσκυνήσουσι
1760 906 1799 941 τῷ
1821 907 1918 942 Κυρίῳ

274 955 471 988 Expetendum
485 955 558 982 enim
578 960 631 987 est,
647 960 675 982 ut
690 955 731 983 vel
747 964 815 984 unus
830 964 936 988 eorum,
953 957 993 984 vel
1007 958 1067 989 duo,

282 999 324 1025 vel
339 999 441 1033 aliquot
459 1007 543 1034 parvo
560 1007 673 1027 numero
691 1009 739 1035 per
763 1001 883 1037 singulas
905 1003 1002 1035 urbes,
1025 1008 1071 1029 aut

275 1052 332 1079 per
349 1045 470 1080 singulas
480 1051 575 1081 gentes
589 1046 706 1074 salutem
731 1047 881 1074 obtineant.
904 1047 959 1076 llos
981 1049 1073 1083 itaque

282 1091 422 1126 sigillatim
440 1098 604 1127 congregale
622 1102 629 1120 :
647 1094 758 1128 reliquis
780 1102 843 1122 vero
863 1095 990 1129 gentibus
1010 1097 1073 1123 tuba

282 1145 380 1172 magna
392 1143 481 1171 canet,
497 1147 528 1166 ac
536 1147 599 1166 cutn
612 1140 732 1168 clamore
745 1141 883 1176 loquetur,
898 1142 1073 1170 audientibus

282 1185 418 1211 universis
432 1185 597 1212 hominibus.
623 1185 814 1221 Egyptiorum
830 1188 940 1215 nomine
956 1187 1070 1215 idolola-

282 1235 339 1256 tras
358 1238 454 1258 omnes
478 1231 595 1264 indicat;
614 1238 662 1265 per
687 1233 812 1267 Assyrios
836 1239 943 1266 autem,
966 1234 1073 1262 lsraelis

282 1276 418 1307 inimicos,
430 1277 476 1312 qui
491 1276 647 1305 Iudaeorum
659 1279 798 1314 regionem
808 1279 974 1308 obsederunt
988 1289 994 1306 :
1011 1289 1071 1308 nam

282 1323 445 1357 evangelica:
468 1323 540 1350 illius
564 1331 628 1351 vere
655 1331 760 1360 agna:
784 1326 855 1353 tuba:
877 1326 1073 1361 praedicatione

282 1367 335 1394 illis
349 1368 501 1401 enuntiata,
518 1369 562 1404 qui
576 1370 646 1404 apud
662 1375 758 1405 gentes
776 1371 942 1403 idololatrte,
959 1377 985 1400 et
1008 1372 1072 1399 olim

283 1411 386 1440 inimici
399 1418 426 1440 et
441 1413 534 1442 hostes
559 1415 715 1443 Israelitica:
735 1416 874 1451 religionis
891 1421 986 1449 erant,
1007 1425 1072 1444 con-

282 1458 355 1484 versi
378 1459 411 1485 ad
430 1458 513 1486 Deum
534 1461 684 1494 accedent;
705 1461 741 1488 ita
766 1467 796 1489 ut
823 1462 842 1489 ii
867 1462 914 1497 qui
936 1462 1072 1497 quondam

283 1502 417 1530 idolorum
430 1505 504 1532 cultu
520 1510 548 1532 et
563 1513 658 1534 errore
678 1507 776 1543 perditi
792 1512 870 1534 erant
881 1529 889 1541 ,
911 1507 1073 1541 resipiscen-

281 1553 326 1575 tes
337 1554 365 1576 et
375 1549 408 1576 ad
425 1550 471 1577 Dei
485 1553 669 1586 cognitionem
685 1557 851 1580 maturantes
862 1575 868 1586 ,
891 1553 1006 1581 salutem
1024 1561 1072 1588 per

284 1594 421 1623 Christum
435 1597 553 1625 oblatam
566 1600 770 1627 nanciscanlur.

1125 954 1172 980 ἐπὶ
1185 954 1215 980 τὺ
1237 954 1299 990 ὅρος
1312 954 1342 980 τὸ
1363 954 1439 987 ἆγιον
1458 953 1486 980 ὲν
1515 953 1701 988 Ἰερουσαλήμ.
1721 962 1731 978 r
1764 953 1918 988 Ἀγαπητὸν

1124 999 1178 1034 γὰρ
1190 998 1221 1025 τὸ
1237 999 1289 1024 κᾶν
1307 998 1365 1029 ἕνα,
1381 998 1397 1033 ἢ
1415 998 1461 1024 καὶ
1473 998 1607 1033 δεύτερον,
1624 997 1669 1023 καί
1682 1006 1756 1029 τινας
1770 997 1918 1034 εὐαριθμή-

1123 1053 1186 1076 τους
1199 1044 1228 1076 ἐξ
1240 1043 1330 1071 αὐτῶν
1343 1044 1403 1070 καθ’
1420 1045 1536 1079 ἑκάστην
1549 1044 1624 1071 πόλιν
1637 1044 1652 1080 ἢ
1665 1044 1713 1070 καὶ
1726 1044 1787 1071 καθ’
1800 1044 1918 1071 ἕκαστον

1124 1091 1199 1123 ἔθνος
1216 1091 1359 1124 σώζεσθαι.
1375 1091 1493 1122 Τούτους
1510 1091 1558 1126 μὲν
1579 1089 1625 1118 οὖν
1649 1091 1719 1117 κατὰ
1736 1091 1783 1118 ἕνα
1800 1091 1919 1126 συναγά-

1123 1146 1201 1171 γετε·
1219 1139 1275 1169 τοῖς
1291 1138 1319 1164 δὲ
1339 1138 1442 1170 λοιποῖς
1463 1138 1552 1164 ἔθνεσι
1574 1137 1703 1172 σάλπιγγι
1720 1137 1844 1165 σαλπίσει
1870 1145 1916 1174 με·

1122 1184 1204 1219 γάλῃ,
1226 1184 1272 1210 τοῦ
1289 1184 1367 1218 λόγου
1389 1184 1503 1219 βοῶντος
1525 1185 1564 1216 είς
1585 1184 1747 1215 ἐξάκουστον
1764 1184 1847 1210 πᾶσιν
1868 1184 1917 1210 ἁν-

1124 1230 1253 1266 θρώποις.
1278 1232 1409 1266 Σημαίνει
1433 1231 1460 1257 δὲ
1475 1231 1517 1257 διὰ
1539 1232 1587 1266 μὲν
1602 1231 1656 1258 τῶν
1673 1231 1839 1265 Αἰγυπτίων,
1853 1231 1917 1263 τοὺς

1123 1276 1319 1312 εἰδωλολάτραις
1339 1277 1454 1309 πάντας,
1479 1277 1522 1303 διὰ
1544 1278 1572 1303 δὲ
1592 1277 1646 1303 τῶν
1678 1277 1828 1313 Ἀσσυρίων
1854 1278 1917 1309 τοὺς

1124 1322 1270 1357 πολεμίους
1287 1323 1334 1349 τοῦ
1357 1323 1475 1359 Ἰσραὴλ,
1497 1324 1560 1355 τοὺς
1581 1323 1763 1359 πολιορκητὰς
1778 1324 1827 1358 τῆς
1852 1323 1917 1350 Ἰου-

1122 1367 1204 1394 δαίων
1219 1367 1310 1404 χώρας
1323 1369 1493 1404 γενομένους,
1509 1366 1549 1400 οἷς
1564 1369 1610 1395 τοῦ
1622 1369 1700 1402 λόγου
1710 1368 1754 1395 διὰ
1775 1369 1825 1404 τῆς
1837 1368 1917 1403 εὐαγ-

1123 1413 1235 1448 γελικῆς
1259 1413 1406 1447 σάλπιγγος
1425 1414 1473 1449 τῆς
1495 1413 1533 1445 ὡς
1558 1413 1667 1449 ἀληθῶς
1689 1414 1809 1448 μεγάλης
1830 1412 1917 1449 κηρύ-

1125 1457 1228 1490 ξαντος,
1245 1459 1442 1494 μεταϐαλόντες
1452 1461 1475 1486 οἱ
1490 1461 1518 1486 ὲν
1530 1461 1587 1491 τοῖς
1599 1460 1702 1486 ἔθνεσιν
1713 1459 1916 1496 εἰδωλολάτραι,

1124 1504 1172 1530 καὶ
1185 1505 1208 1530 οἱ
1225 1504 1307 1530 πάλαι
1323 1505 1425 1540 ἐχθροὶ,
1443 1506 1489 1531 καὶ
1504 1506 1527 1531 οἱ
1544 1505 1668 1540 πολέμιοι
1680 1505 1730 1540 τῆς
1741 1504 1787 1531 τοῦ
1809 1504 1916 1541 Ἰσραὴλ

1125 1549 1289 1581 θεοσεϐείας,
1303 1549 1396 1584 ἧξῖυσι
1410 1551 1478 1585 πρὸς
1492 1550 1537 1576 τὸν
1553 1549 1618 1576 Θεὸν
1640 1550 1863 1585 ἐπιστρέψαντες,
1880 1549 1917 1581 ὡς

1122 1598 1187 1629 τοὺς
1208 1598 1292 1624 πάλαι
1317 1598 1490 1628 ἀπολωλότας
1518 1598 1545 1623 ἐν
1567 1599 1599 1632 τῇ
1617 1596 1668 1631 τῆς
1694 1596 1916 1630 εἰδωλολατρείας

284 1642 380 1679 πλάνῃ,
397 1644 613 1680 μεταϐληθέντας
626 1647 672 1673 καὶ
686 1646 854 1677 σπεύσαντας
867 1646 954 1672 ἐλθεῖν
966 1646 1011 1672 ἐπὶ
1022 1645 1072 1681 τὴν
1087 1644 1134 1671 τοῦ
1150 1645 1217 1671 Θεοῦ
1226 1645 1336 1680 γνῶσιν,
1352 1646 1398 1672 καὶ
1413 1644 1514 1680 τῆςδια
1529 1643 1646 1679 Χριστοῦ
1659 1642 1794 1678 σωτηρίας
1805 1643 1911 1677 τυχεῖν,

548 1691 661 1719 CAPUT
687 1691 804 1719 XXVIII.
1025 1717 1031 1724 .

318 1734 399 1763 Vens.
421 1736 447 1763 1.
470 1735 537 1764 «Va:
558 1745 665 1764 coronae
692 1738 883 1770 contumeliae,
910 1737 1072 1766 mercenarii

284 1781 446 1815 Ephraim.»
476 1782 526 1811 Ilic
549 1783 760 1817 Pharisaeorum,
786 1793 954 1812 smnmorum
981 1792 1072 1812 sacer-

283 1829 388 1862 dotum,
409 1834 436 1856 et
464 1830 629 1865 reliquorutn
652 1831 758 1859 Judaici
790 1832 882 1867 populi
916 1831 1070 1867 principum

284 1880 440 1901 consessum
457 1875 612 1903 subindicat
627 1886 635 1904 :
652 1883 720 1912 quos
743 1884 776 1904 ex
795 1877 910 1904 diversis
931 1877 1072 1905 ordinibus

284 1922 310 1944 et
327 1919 503 1954 dignitatibus
515 1921 543 1948 in
556 1930 637 1949 unum
655 1927 776 1956 coactos,
795 1931 902 1950 coronze
918 1928 1071 1958 comparat,

285 1971 336 1991 non
350 1965 461 1993 honoris
479 1971 525 1993 aut
543 1967 650 2002 gloriae,
673 1970 721 1996 sed
745 1970 919 1997 contumeliae
938 1974 965 1996 et
991 1970 1071 1997 dede-

284 2011 367 2038 coris.
388 2012 477 2045 Quare
491 2014 540 2047 ait,
556 2024 565 2040 t
584 2014 629 2042 Va:
643 2023 751 2043 corome
767 2016 956 2049 contumelias;
973 2026 982 2043 ι
1014 2017 1071 2044 sive

285 2058 432 2085 secundum
455 2060 574 2095 reliquos
604 2060 778 2097 interpretes.
810 2063 946 2090 «Corona:
972 2071 1070 2098 super-

285 2103 345 2130 biae.
359 2113 368 2128 ι
391 2103 458 2131 Nam
476 2107 585 2140 superbi
602 2107 713 2141 quidam
738 2111 832 2139 erant,
859 2113 1018 2143 arrogantes
1044 2113 1071 2136 et

285 2148 382 2180 insani,
417 2150 442 2176 in
463 2158 580 2185 quorum
609 2161 725 2180 numero
751 2154 912 2180 mercenarii
943 2155 1069 2188 liphraim

285 2195 521 2228 oomputabantur.
538 2195 635 2224 ludam
660 2203 735 2225 certe
748 2198 913 2232 proditorem
939 2207 972 2225 ex
998 2199 1070 2226 tribu

285 2238 416 2273 Ephraim
442 2240 526 2268 fuisse
557 2241 644 2269 fertur
668 2251 675 2269 :
696 2251 777 2277 quctn
792 2243 851 2270 ideo
873 2245 1070 2271 ntercenarinm

285 2289 371 2316 vocat,
401 2285 463 2319 quia
480 2287 606 2320 pactione
625 2289 746 2322 pecuniae
772 2289 805 2315 ad
831 2289 989 2324 magistrum
1008 2297 1070 2323 pro-

285 2329 401 2356 dendum
426 2331 555 2359 inductus
576 2332 666 2360 fuerit.
702 2334 785 2361 «Flos
808 2335 907 2362 cadens
928 2335 960 2362 de
984 2336 1069 2369 gloria

1374 1692 1572 1718 ΚΕΦΑΛΑΙΟΝ
1599 1691 1665 1716 KII'.

1164 1748 1172 1764 ι
1190 1738 1257 1765 Οὐαὶ
1288 1738 1326 1774 τῷ
1359 1739 1482 1773 στεφάνῳ
1513 1738 1562 1773 τῆς
1592 1737 1707 1773 ὕϐρεως,
1733 1736 1758 1762 oi.
1786 1735 1918 1771 μισθωτοὶ

1122 1784 1252 1820 Ἐφραῖμ.
1268 1794 1277 1809 r
1296 1784 1448 1811 Αἰνίττεται
1456 1784 1484 1810 δὲ
1502 1783 1531 1810 τὺ
1547 1783 1682 1818 συνέδριον
1697 1782 1751 1809 τῶν
1764 1781 1919 1817 Φαρισαίων

1122 1830 1169 1856 καὶ
1179 1830 1330 1864 ἀρχιερέων
1342 1830 1389 1856 καὶ
1403 1830 1456 1856 τῶν
1469 1829 1570 1856 λοιπῶν
1579 1829 1717 1865 ἀρχόντων
1726 1828 1772 1855 τοῦ
1784 1829 1918 1855 Ἰουδαίων

1121 1875 1196 1901 λαοῦ’
1215 1875 1271 1907 οὓς,
1286 1877 1317 1902 ἐκ
1333 1876 1469 1911 διαφόρων
1482 1875 1644 1911 ἀξιωμάτων
1663 1875 1838 1907 συνελθόντας
1850 1875 1919 1904 κατὰ

1121 1921 1151 1947 τὸ
1173 1922 1248 1953 αὐτὸ,
1272 1923 1394 1957 στεφάνῳ
1421 1921 1599 1957 παραὸάλλει,
1617 1921 1648 1946 οὐ
1664 1921 1747 1956 τιμῆς
1764 1928 1836 1952 τινος
1858 1920 1918 1946 οὐδὲ

1121 1967 1210 2003 δόξης,
1229 1968 1284 1994 ἀλλ’
1303 1968 1408 2003 ὕϐρεως
1421 1968 1468 1994 καὶ
1480 1967 1602 2002 ἀτιμίας.
1615 1967 1661 1993 Διό
1669 1975 1761 2002 φησιν,
1779 1976 1787 1992 t
1807 1966 1918 2000 Οὐαὶτῴ

1123 2014 1247 2050 στεφάνῳ
1270 2015 1319 2049 τῆς
1336 2014 1451 2049 ὕϐρεως,
1470 2022 1480 2038 ι
1506 2013 1522 2048 ἢ
1541 2013 1611 2040 κατὰ
1636 2015 1698 2044 τοὺς
1713 2012 1822 2043 λοιποὺς
1836 2013 1920 2048 ἑρμη-

1121 2059 1227 2092 νευτὰς,
1246 2069 1255 2085 ι
1271 2061 1310 2095 τῷ
1327 2060 1451 2095 στεφάνῳ
1465 2060 1514 2095 τῆς
1526 2059 1722 2095 ὑπερηφανίας.
1737 2069 1746 2084 ι
1762 2059 1919 2094 Ὑπερήψα-

1121 2114 1160 2132 νοι
1176 2106 1230 2141 γάρ
1251 2114 1323 2137 τινες
1341 2104 1422 2141 ἦσαν,
1440 2105 1568 2138 ἀλαζόνες
1586 2114 1616 2132 τε
1631 2106 1678 2132 καὶ
1694 2105 1919 2140 ἀπονενοημένοι,

1121 2153 1150 2178 ὲν
1160 2149 1200 2183 οἷς
1214 2152 1335 2187 ὑπῆρχον
1345 2153 1390 2179 καὶ
1403 2153 1427 2178 οἱ
1441 2152 1570 2188 μισθωτοὶ
1579 2152 1625 2179 τοῦ
1634 2152 1754 2187 Ἐφροιῖμ
1771 2152 1838 2187 (51).
1847 2151 1919 2177 Ἐλέ‹

1121 2207 1185 2233 γετο
1201 2198 1228 2224 δὲ
1246 2198 1346 2227 Ἰούδας
1376 2199 1390 2225 ὁ
1409 2199 1541 2235 προδότης
1565 2200 1597 2225 ἐκ
1620 2198 1705 2234 φυλῆς
1727 2198 1846 2234 Ἐφραῖμ
1869 2207 1919 2232 γε-

1121 2244 1237 2278 γονέναι“
1258 2244 1392 2280 μισθωτὸν
1416 2244 1443 2270 δὲ
1472 2244 1559 2277 καλεῖ,
1586 2244 1623 2275 ὡς
1649 2244 1681 2270 ἂν
1699 2243 1919 2279 ἐξηγορασμένον

1122 2291 1260 2325 χρήμασιν
1283 2290 1329 2317 ἐπὶ
1356 2291 1386 2317 τὸ
1414 2290 1559 2326 προδοῦναι
1589 2291 1633 2316 τὸν
1663 2290 1831 2316 διδάσκαλον.
1855 2299 1864 2315 t
1882 2290 1919 2316 Τὸ

1121 2335 1200 2367 ἄνθος
1215 2336 1246 2362 τὸ
1259 2336 1374 2362 ἐκπεσὸν
1391 2337 1440 2371 τῆς
1465 2335 1544 2371 δόξης
1577 2336 1622 2362 ἐπὶ
1646 2336 1696 2370 τῆς
1723 2335 1844 2371 κορυφῆς
1870 2335 1918 2361 τοῦ

284 2383 365 2410 super
397 2378 525 2405 verticem
557 2379 656 2406 montis
685 2380 803 2414 pinguis,
828 2381 873 2415 qui
902 2381 970 2407 ehrii
1006 2381 1070 2407 estis

1123 2381 1202 2417 ὅρους
1215 2381 1261 2407 τοῦ
1286 2381 1386 2416 παχέος
1419 2383 1448 2408 οἱν
1471 2381 1616 2416 μεθύοντες
1646 2381 1709 2408 ἄνευ
1738 2381 1820 2407 οἴνου.
1840 2390 1849 2406 ι
1866 2381 1920 2407 Με-

284 2421 386 2456 absque
406 2423 479 2452 vino.
493 2433 503 2450 r
519 2423 586 2451 Nam
601 2425 694 2460 gloria).
722 2426 862 2460 apostolici
889 2425 966 2453 chori
984 2426 1069 2460 parti-

284 2475 359 2503 ceps,
376 2469 506 2498 inclinato
522 2471 554 2498 ad
578 2479 635 2498 rem
651 2472 797 2505 pessimam
819 2472 921 2505 animo,
944 2471 993 2498 tios
1017 2472 1072 2506 glo-

284 2514 332 2541 rize
345 2515 443 2543 cadens
453 2516 566 2544 effectus
580 2522 632 2545 est.
645 2517 709 2545 Flos
718 2523 807 2545 autem
820 2523 847 2545 et
860 2525 974 2552 germen
992 2519 1072 2552 paulo

284 2565 348 2587 ante
363 2561 529 2588 venabantur
540 2564 655 2598 apostoli
670 2564 833 2596 Salvatoris,
850 2564 895 2590 ubi
915 2563 1070 2594 dicebatur,

287 2607 374 2635 (Filii
398 2609 482 2637 Jacob
509 2610 709 2645 germinabuut,
737 2616 764 2637 et
787 2609 894 2637 ﬂorebit
921 2609 1017 2642 Israel,
1044 2614 1072 2636 et

285 2654 442 2690 implebilur
456 2662 527 2683 terra
543 2657 632 2684 fructu
654 2657 723 2690 ejus.
743 2666 752 2682 ι
770 2656 873 2684 Verum
893 2656 935 2683 his
947 2656 1072 2691 delapsus

286 2701 425 2734 propheta,
439 2702 489 2730 llos
505 2703 597 2738 gloria:
611 2703 740 2731 decidens
757 2704 844 2731 dictus
860 2706 912 2730 est.
930 2702 977 2729 llis
989 2710 1071 2736 porro

285 2745 473 2780 significantur
486 2749 503 2776 ii
514 2750 560 2784 qui
575 2754 719 2785 aggravata
734 2749 825 2777 anima
839 2753 913 2781 sunt,
925 2748 960 2775 de
971 2747 1071 2782 quibus

288 2811 291 2815 ”
316 2811 718 2853 ,φη-ΑίιἱιρηιᾉίΙίει-οηγῐιιηε
739 2816 835 2844 .ludam
857 2816 1012 2853 lscariolem
1041 2823 1071 2843 ex

288 2848 359 2874 tribu
376 2849 502 2883 prraim
517 2851 611 2884 fuisse,
632 2848 661 2879 ἐκ
678 2853 804 2883 Eusebio,
831 2858 860 2879 ut
882 2852 987 2878 videtur
1014 2859 1072 2877 mll-

290 2888 388 2912 tuatus.
421 2884 602 2922 Similiterque
626 2896 686 2923 quae
711 2888 823 2916 inferius
847 2889 877 2916 de
897 2887 1072 2914 Getltsemaui

1124 2426 1230 2462 τατίὼν
1243 2427 1297 2462 γὰρ
1312 2428 1361 2463 τῆς
1372 2427 1450 2463 δόξης
1463 2427 1509 2454 τοῦ
1523 2427 1701 2454 ἀποστολικοῦ
1712 2427 1803 2463 χοροῦ,
1819 2427 1862 2453 διὰ
1870 2428 1920 2462 τῆς

1127 2474 1172 2499 ἐπὶ
1187 2473 1217 2499 τὸ
1228 2475 1317 2509 χεῖρον
1336 2474 1433 2510 ῥοπῆς,
1447 2474 1541 2508 γέγονε
1559 2474 1588 2500 τὺ
1602 2473 1681 2505 ἄνθος
1692 2473 1722 2500 τὸ
1735 2473 1851 2499 ἐκπεσὸν
1868 2474 1919 2508 τῆς

1125 2519 1214 2554 δόξης.
1233 2519 1330 2552 ’Ἄνθος
1349 2520 1435 2546 δὲκαὶ
1449 2519 1562 2554 βλαστὸς
1574 2519 1664 2555 μικρῷ
1679 2518 1796 2554 πρόσθεν
1812 2518 1920 2553 ὠνομά-

1126 2565 1202 2597 ζοντο
1214 2566 1238 2592 οἱ
1256 2565 1451 2592 ἁπόστολοιτοῧ
1465 2565 1599 2601 Σωτῆρος,
1617 2566 1645 2591 ἐν
1655 2562 1694 2596 οἷς
1711 2565 1828 2598 ἐλέγετο’
1845 2574 1854 2590 t
1869 2564 1920 2591 Τέ-

1125 2619 1176 2637 κνα
1198 2611 1294 2638 Ἰακὼϐ
1315 2611 1470 2646 βλαστήσει,
1493 2611 1539 2638 καὶ
1560 2610 1702 2645 ὲξανθήσει
1720 2610 1839 2645 Ἰσραὴλ,
1871 2610 1921 2636 καὶ

1125 2657 1307 2693 πλησθήσεται
1325 2659 1341 2693 ὴ
1362 2657 1506 2693 οἰκουμένη
1521 2657 1567 2683 τοῦ
1580 2656 1687 2692 καρποῦ
1703 2655 1796 2682 aurei.
1816 2665 1825 2681 ι
1848 2655 1918 2681 Ἀλλ’

1124 2702 1156 2728 ἐκ
1172 2701 1273 2729 τούτων
1285 2703 1299 2728 ό
1311 2703 1451 2738 προφήτης
1465 2702 1599 2734 ἐκπεσὼν,
1613 2702 1643 2728 τὸ
1654 2701 1733 2732 ἄνθος
1754 2702 1785 2728 τὸ
1802 2701 1919 2728 ἐκπεσὸν

1124 2749 1173 2784 τῆς
1183 2748 1261 2784 δόξης
1269 2749 1385 2785 εἴρηται.
1396 2749 1526 2784 Σημαίνει
1542 2749 1571 2776 δὲ
1579 2746 1656 2781 οὗτος
1672 2749 1686 2775 ὁ
1702 2747 1779 2782 λόγος
1791 2747 1822 2774 τὸ
1835 2747 1921 2783 σπέρ-

1127 2817 1263 2849 dicuntur,
1282 2817 1460 2854 Hieronymus
1472 2817 1560 2845 allert.
1585 2817 1642 2845 Vox
1667 2821 1756 2844 autent
1778 2815 1918 2844 Ἠώιυὶεὲ

1127 2859 1164 2881 est
1174 2856 1347 2886 2’272‘2’."N‘J.
