2044 3215
140 113 198 176 εεέ

598 148 850 176 COMMENTMHA
871 150 903 176 ΙΝ
924 150 1051 175 ISAIAM.
1069 162 1102 167 —
1119 150 1196 174 ων.
1219 151 1334 172 Alunt.

1717 155 1773 186 9.96

144 213 182 240 μα
197 203 252 231 τῶν
275 204 325 240 τὴν
339 204 429 241 ψυχὴν
447 206 680 241 πεπαχυμμένων,
697 207 760 242 περὶ
779 203 815 233 ὧν
831 207 932 242 ἐλέχθη

992 206 1092 233 dictum
1117 210 1169 238 est,
1206 214 1214 230 ι
1231 204 1411 231 Inerassatum
1449 206 1490 229 est
1520 201 1590 228 enim
1616 208 1663 228 cor
1684 201 1772 236 populi

145 260 155 276 ι
179 250 333 286 Ἐπαχύνθη
349 251 403 286 γὰρ
417 252 433 287 ἡ
450 252 547 288 καρδία
560 251 606 278 τοῦ
625 252 690 279 λαοῦ
701 253 806 279 τούτου.
825 263 834 279 ι
846 253 936 280 Ἦσαν

141 297 232 324 τοίνυν
249 297 342 333 ὥσπερ
360 306 401 328 τις
413 298 518 333 κορυφὴ
531 297 610 333 ὅρους
624 298 671 324 τοῦ
686 299 786 333 παχέος
802 299 826 325 οἱ
841 299 937 334 ἄρχον-

141 353 187 374 τες
198 342 246 370 τοῦ
262 344 478 379 πεπαχυμμένου
488 344 564 375 λαοῦ,
578 344 682 380 κεφαλὴ
695 346 872 380 τυγχάνοντες
885 345 934 371 αύ-

141 390 206 421 τῶν,
224 387 263 421 οἷς
277 390 399 425 συνὴφθη
412 389 441 416 τὸ
459 389 538 421 ἄνθος
555 389 583 416 τὸ
600 391 715 417 ἐκπεσὸν
733 391 782 426 τῆς
793 390 879 426 δόξης·
896 390 936 417 διὸ

140 437 323 469 ταλανίζεται.
346 437 418 463 ’Λντὶ
444 436 473 463 δὲ
497 436 556 468 τοῦ,
583 447 591 462 (
613 438 659 463 ἐπὶ
675 436 726 471 τῆς
744 437 863 473 κορυῳῆς
888 437 934 463 τοῦ

140 482 221 517 ὅρους
232 481 278 508 τοῦ
293 482 403 517 παχέος,
422 492 430 508 ι
444 483 457 508 ὁ
468 482 517 517 μὲν
535 482 660 513 Ἀκύλας,
675 492 683 507 ‹
699 483 838 518 φάραγγος
851 485 936 518 ῥυπα-

138 527 219 564 ριῶν,
237 538 245 554 ι
265 529 279 554 ὁ
294 528 322 554 δὲ
336 528 493 564 Σύμμαχος,
510 539 518 554 ε
541 529 679 564 φάραγγος
691 530 834 564 πιοτήτων,
877 529 890 554 ὁ
907 529 935 555 δὲ

138 574 298 606 Θεοδοτίων,
319 584 328 599 ι
347 575 488 610 φάραγγος
505 574 615 607 πιόνων,
639 585 647 600 ι
664 575 850 610 ἡρμήνευσαν·
877 575 934 609 ἠδὲ

139 616 279 658 ’Ἑϐραῖκὴ
304 622 392 658 φωνὴ,
424 631 433 646 ι
454 622 621 658 Γηθσημανὶ,
651 632 660 647 ι
691 621 822 657 περιέχει.
847 622 933 657 Ὅπερ

140 667 247 703 ἣκουσά
261 676 332 699 τινος
353 668 406 694 τῶν
421 669 561 704 ἡμετέρων
575 669 725 704 ἀγαπητῶν
741 668 934 703 διασαφοῦντος

140 713 188 742 καὶ
213 713 338 747 λέγοντος
361 714 407 741 τὸν
424 714 505 740 τόπον
526 713 593 741 εἶναι
609 715 653 741 τὸν
672 716 699 741 ἐν
715 714 754 750 τῷ
776 714 933 749 Εὐαγγελίῳ

137 769 152 788 γι
177 759 333 795 Γεθσημανὶ
360 770 369 785 ι
387 761 590 795 ὠνομασμένον,
609 760 672 787 ἔνθα
686 762 700 787 ὁ
714 760 846 799 προδότης
865 759 933 795 μετὰ

139 805 188 832 τοῦ
206 807 337 840 στεφάνου
347 807 395 841 τῆς
412 806 516 843 ὕϐρεως
528 806 648 834 ἐπελθὼν
662 807 699 842 τῷ
711 807 829 843 Σωτῆρι,
842 806 876 834 τὰ
885 807 933 842 τῆς

139 853 284 888 προδοσίας
299 854 457 888 εἰργάσατο.

180 907 189 923 ι
210 898 274 924 Ἰδοὺ
293 898 402 933 ἰσχυρὸν
423 898 469 924 καὶ
486 898 614 933 σκληρὸν,
627 898 642 924 ὁ
657 897 741 933 θυμὸς
756 897 869 932 Κυρίου,
895 897 933 929 ὼς

138 943 245 980 χάλαζα
258 943 468 978 καταφερομένη
486 943 535 970 οὐκ
551 943 649 978 ἔχουσα
666 944 779 978 σκέπην,
795 942 839 978 βίᾳ
854 951 934 970 κατα-

140 989 288 1024 φερομένη·
307 989 345 1020 ὼς
360 988 454 1021 ὓδατος
470 989 537 1016 πολὺ
555 989 656 1024 πλῆθος
673 988 754 1024 σύρον
771 988 873 1024 χώραν.
899 991 931 1024 τῇ

139 1037 175 1070 γῇ
190 1035 298 1071 ποιήσει
309 1035 458 1070 ἀνάπαυμα
474 1037 533 1066 ταῖς
541 1035 644 1070 χερσίν.
663 1044 672 1060 ι
695 1034 773 1061 Οὕτω
783 1034 837 1070 γὰρ
848 1034 932 1070 θυμὸς

139 1081 255 1118 Κυρίου,
274 1082 350 1116 φησὶ,
368 1081 438 1110 κατὰ
447 1081 549 1107 τούτων
563 1080 651 1107 αὐτῶν
667 1080 806 1106 ἐλεύσεται
820 1080 873 1106 τῶν
885 1089 932 1115 με-

139 1126 257 1158 θυόντων
270 1127 333 1154 ἄνευ
348 1127 431 1153 οἴνου*
447 1126 484 1158 ὡς
497 1126 602 1162 χαλάζῃ
617 1126 847 1162 παραϐάλλεσθαι,
862 1126 932 1153 κατὰ

140 1172 263 1207 κεφαλῆς
278 1171 382 1209 ἀνδρῶν
396 1172 446 1199 οὐκ
467 1172 581 1207 ἐχούσης
591 1172 694 1208 σκέπην
712 1172 929 1208 καταρασσούσῃ.

139 1217 220 1245 Οὕτω
228 1227 286 1249 πως
299 1218 343 1244 τὸν
355 1218 439 1253 θυμὸν
458 1217 504 1244 τοῦ
519 1217 585 1244 Θεοῦ
603 1217 673 1244 κατὰ
695 1217 748 1243 τῶν
761 1217 931 1253 δηλουμένων

139 1264 368 1300 ἐπενεχθήσεσθαί
377 1273 453 1300 φησι.

177 1320 187 1336 ε
207 1310 262 1337 Καὶ
294 1311 350 1342 τοῖς
375 1310 437 1336 ποσὶ
470 1310 727 1346 καταπατηθήσεται
758 1312 771 1338 ὁ
802 1311 932 1346 στέφανος

140 1355 256 1392 ὕϐρεως,
270 1357 294 1383 οἱ
316 1356 445 1392 μισθωτοῖ
458 1356 504 1383 τοῦ
520 1358 650 1393 Ἐφραίμ.
669 1367 677 1382 ι
698 1357 784 1384 Πάλαι
803 1358 851 1392 μὲν
876 1358 930 1394 γὰρ

139 1399 211 1441 ἦσαν
225 1402 355 1436 στέφανος
365 1402 476 1439 ,ὕϐρεως
491 1403 530 1434 εἰς
543 1403 573 1429 τὸ
588 1403 708 1440 ὑϐρίζειν
721 1404 930 1440 παρατεταγμέ-

141 1457 191 1479 νοι·
207 1448 248 1475 διὸ
266 1449 313 1475 καὶ
332 1449 462 1484 στέφανος
476 1449 662 1485 ὑπερηφανίας
673 1449 803 1484 ἐλέγοντο·
816 1449 891 1481 τέλος
904 1449 931 1476 δὲ

141 1494 242 1526 αὐτοὺς
259 1494 417 1529 διαλήψεται
433 1495 563 1527 τοιοῦτον,
579 1496 616 1527 ὡς
640 1495 863 1531 καταπατηθῆναι
883 1496 931 1523 αὺ-

142 1541 215 1573 τούς¹
231 1541 270 1568 διὸ
283 1541 330 1568 καὶ
344 1541 573 1577 κατεπατήθησαν
591 1541 643 1568 ὑπὸ
655 1550 684 1567 τε
700 1540 754 1567 τῶν
769 1541 931 1568 καταδουλω-

143 1587 266 1623 σαμένων
283 1587 381 1620 αὐτοὺς
399 1588 545 1623 πολεμίων·
573 1588 597 1614 οἳ
622 1587 668 1614 καὶ
684 1586 732 1622 τὴν
751 1587 826 1614 πόλιν
843 1587 931 1615 αὐτῶν

140 1634 246 1672 ἑαυτοῖς
261 1634 404 1670 καταπατή
409 1643 481 1669 ματα
494 1634 669 1669 πεποιήκασι.

178 1734 187 1750 ε
203 1725 259 1750 Καὶ
275 1723 351 1750 ἔσται
372 1725 402 1751 τὺ
419 1725 497 1757 ἄνθος
513 1726 543 1752 τὸ
557 1726 672 1753 ἐκπεσὸν
688 1727 737 1762 τῆς
752 1726 858 1758 ἐλπίδος
884 1726 932 1762 τῆς

138 1769 220 1804 δόξης
242 1770 286 1795 ἐπ’
301 1769 385 1805 ἄκρου
401 1770 448 1797 τοῦ
458 1770 538 1806 ὅρους
550 1771 596 1798 τοῦ
613 1771 725 1807 ὑψηλοῦσ
734 1772 772 1804 ὡς
780 1773 933 1808 πρόδρομος

141 1815 237 1841 σύκου·
256 1814 317 1841 ἰδὼν
341 1815 416 1847 αὐτὸ,
441 1816 505 1852 πρὶν
531 1817 569 1848 εἰς
584 1817 634 1853 τὴν
649 1819 727 1854 χεῖρα
744 1818 825 1845 αὑτοῦ
841 1818 932 1845 λαϐεῖν

141 1860 222 1892 αὐτὸ,
240 1860 346 1895 θελήσει
368 1860 431 1889 αὐτὸ
450 1864 602 1890 καταπιεῖν.
626 1873 635 1888 ι
661 1864 786 1895 Τοιοῦτος
800 1864 828 1890 δέ
841 1873 883 1896 τις
898 1862 932 1900 ἦν

140 1907 155 1932 ὁ
176 1905 286 1937 Ἰούδας,
305 1905 383 1937 ἄνθος
401 1906 449 1941 μὲν
465 1907 592 1941 γεγονὼς,
608 1907 674 1934 ἀλλὰ
690 1908 811 1935 ἐκπεσὼν
829 1909 877 1944 τῆς
890 1909 933 1935 ἐλ-

141 1951 220 1983 πίδος
233 1951 300 1986 ὁμοῦ
317 1952 363 1978 καὶ
380 1952 427 1986 τῆς
443 1952 529 1988 δόξης.
549 1953 604 1980 Καὶ
625 1953 708 1980 πάλαι
727 1954 776 1988 μὲν
790 1954 932 1988 τυγχάνων

142 1998 236 2027 ἐπάνω
251 1997 329 2033 ὅρους
342 1998 388 2024 τοῦ
404 1999 517 2034 ὑψηλοῦ,
532 1999 595 2034 περὶ
611 1997 641 2026 οὗ
655 1999 755 2034 προῖὼν
770 1999 933 2036 ό’προφήτης

143 2043 236 2080 φησιν·
252 2054 260 2069 ι
273 2044 400 2080 Ἐπ“δρος
413 2045 512 2080 ὑψηλὸν
527 2045 651 2081 ἀνάϐηθι,
664 2047 678 2072 ό
690 2045 932 2081 εὐαγγελιζόμενος

142 2088 222 2120 Σιών.
240 2100 248 2115 ι
277 2090 356 2116 Ἀλλὰ
371 2091 466 2125 γέγονε
490 2091 607 2122 τοιοῦτός
635 2100 687 2124 τις,
704 2091 741 2124 ὡς
767 2092 932 2127 ὁμοιωθῆναι

141 2137 287 2173 προδρόμῳ
303 2136 396 2169 σύκου,
422 2137 520 2174 καρπῷ
536 2138 752 2174 ἀτελεσφορήτῳ,
773 2139 866 2175 ὡραίῳ
883 2138 932 2174 μὲν

142 2184 189 2209 καὶ
204 2183 279 2218 καλῴ
295 2185 327 2218 τῇ
350 2183 409 2218 θέᾳ,
431 2184 558 2219 ἀχρήστῳ
575 2184 603 2210 δὲ
619 2183 704 2216 ἄλλως
725 2184 768 2211 διὰ
794 2184 824 2211 τὸ
839 2184 932 2216 ἀτελὲς

987 251 1068 287 huius
1083 252 1117 279 “.
1131 262 1140 278 ι
1163 251 1251 279 Erant
1267 251 1358 285 itaque
1376 257 1425 276 ceu
1444 248 1577 281 quoddam
1598 248 1697 274 montis
1711 247 1771 281 piu—

987 299 1045 334 guis
1062 306 1204 330 cacumen,
1221 297 1358 332 principes
1372 295 1462 330 populi
1494 294 1666 329 im'piuguati,
1689 291 1772 325 caput

988 345 1111 372 videlicet
1121 352 1228 375 eorum.
1241 343 1339 378 quibus
1361 342 1410 369 ﬂos
1428 341 1524 377 gloria:
1547 340 1675 366 decidens
1703 332 1771 365 con?-

983 391 1094 426 junctus
1116 396 1172 423 est;
1191 391 1252 418 ideo
1275 390 1392 417 miseros
1408 388 1468 415 illos
1482 387 1622 422 praedicat.
1650 385 1703 412 Pro
1726 384 1772 411 illo

986 443 1087 470 autem,
1103 447 1113 463 ι
1129 444 1209 472 super
1222 436 1354 463 verticem
1376 435 1475 461 montis
1491 433 1611 468 pittgtii<,
1624 441 1633 457 ›
1663 429 1771 464 Aquila,

988 493 998 509 ‹
1013 483 1093 511 vallis
1119 482 1259 514 sordium;
1276 491 1286 508 ι
1315 481 1509 516 Symmachus,
1531 478 1630 505 (vallis
1656 477 1769 512 pingue—

985 529 1095 562 dinum;
1111 539 1120 555 ›
1137 528 1298 561 Theodotio,
1320 536 1329 553 ι
1345 526 1423 554 vallis
1434 526 1586 561 pinguium,
1603 535 1612 550 ι
1637 524 1772 557 interpre-

987 575 1035 602 tati
1053 579 1133 607 sunt;
1155 573 1290 601 llebraica
1316 577 1405 600 autem
1429 572 1517 604 lectio,
1538 568 1746 598 (Getltsemaui.
1759 577 1769 593 ι

984 620 1152 648 circumfert.
1164 620 1252 653 Quam
1267 626 1359 646 vocem
1373 618 1463 645 audivi
1476 617 1630 652 quempiam
1641 614 1772 642 edileclis

984 666 1094 699 nostris,
1119 666 1152 693 de
1168 666 1238 698 loco,
1262 664 1308 699 qui
1327 663 1353 691 in
1373 662 1518 697 Evangelio
1545 670 1554 687 ι
1569 659 1742 688 Getltsemani
1758 667 1769 684 ι

984 713 1092 745 dicitur,
1106 711 1299 747 explicantem,
1325 709 1369 736 ubi
1391 709 1515 743 proditor
1530 715 1590 734 cum
1612 706 1657 733 illa
1675 709 1772 733 contu-

985 759 1071 786 meliae
1103 766 1203 787 corona
1234 757 1409 785 Servalorem
1443 754 1557 785 adiens,
1588 751 1769 787 proditionem

983 805 1058 834 fecit.

948 882 969 909 Β
1018 896 1101 925 Vsus.
1120 896 1149 923 2.
1173 895 1265 922 ιΕεεο
1281 894 1352 921 forte
1369 896 1396 920 et
1421 891 1536 922 durum,
1566 889 1641 915 furor
1666 886 1770 914 Domini

983 942 1053 969 sicut
1078 941 1181 976 grando
1214 939 1324 974 delapsa
1353 945 1406 965 non
1438 936 1542 964 habens
1572 931 1770 963 umbraculum,

981 978 1042 1023 qua;
1054 987 1188 1014 violenter
1208 985 1309 1013 decidit
1328 993 1336 1014 :
1352 984 1422 1010 sicut
1435 989 1513 1017 aqua:
1534 981 1574 1007 vis
1598 986 1693 1014 magna
1713 983 1771 1004 trav

983 1034 1051 1060 hens
1068 1033 1205 1067 regionem
1222 1038 1230 1057 :
1249 1031 1275 1057 in
1293 1035 1365 1057 terra
1379 1028 1460 1055 faciet
1476 1026 1593 1061 quietem
1607 1024 1742 1051 manibus.
1758 1030 1769 1048 ι

983 1078 1032 1110 lla,
1053 1078 1150 1112 inquit,
1166 1076 1242 1104 furor
1257 1075 1361 1103 Domini
1380 1081 1426 1101 eos
1445 1073 1491 1108 qui
1507 1072 1573 1099 ebrii
1592 1075 1655 1098 sunt
1671 1069 1771 1103 absque

982 1125 1056 1155 vino,
1082 1124 1226 1150 invasurus
1255 1126 1315 1153 est.
1343 1124 1372 1148 ut
1397 1118 1520 1155 grandini
1548 1120 1720 1152 comparetur
1744 1115 1770 1142 in

982 1171 1068 1205 eapita
1082 1171 1200 1197 virorum
1216 1172 1370 1203 legumento
1387 1165 1509 1193 carentia
1523 1156 1644 1198 delapsos
1656 1173 1661 1190 ;
1675 1162 1769 1188 eodem

982 1217 1061 1245 modo
1085 1217 1203 1243 furorem
1221 1215 1268 1243 Dei
1294 1213 1452 1242 memoratis
1473 1210 1629 1239 hominibus
1650 1208 1771 1235 inferen-

982 1265 1044 1301 dum
1059 1263 1189 1298 praedicit.

1019 1309 1100 1337 Vsus.
1120 1310 1146 1337 5.
1171 1319 1179 1335 ι
1195 1308 1228 1336 Ει
1242 1308 1356 1343 pedibus
1370 1305 1574 1334 conculcabilur
1587 1303 1688 1330 corona
1705 1308 1772 1327 con-

983 1356 1119 1390 tumelim,
1147 1354 1308 1384 mercenarii
1335 1354 1497 1389 Epltraim.)
1536 1350 1606 1378 Olim
1637 1347 1771 1382 siquidem

981 1411 1080 1431 corona
1095 1401 1268 1430 contumeliae
1278 1404 1374 1433 erant,
1392 1399 1424 1426 ad
1447 1397 1615 1426 inferendam
1630 1398 1772 1422 contume-

981 1449 1044 1476 liam
1069 1449 1214 1480 inslructi;
1240 1451 1406 1483 quapropter
1425 1451 1522 1473 corona
1551 1444 1616 1471 item
1639 1440 1772 1476 superbia

981 1495 1165 1528 vocabantur;
1185 1493 1246 1521 talis
1263 1497 1353 1520 autem
1370 1492 1431 1519 linis
1447 1494 1629 1525 occupaturus
1649 1495 1695 1515 eos
1712 1492 1771 1518 est.

982 1545 1011 1568 ut
1025 1540 1219 1568 conculcentur
1234 1548 1240 1566 :
1257 1543 1284 1566 et
1302 1545 1368 1565 sane
1382 1536 1536 1564 conculcati
1551 1539 1614 1563 sunt
1630 1534 1664 1562 ab
1677 1533 1770 1561 inimi-

983 1588 1032 1619 cis,
1050 1586 1095 1621 qui
1116 1586 1188 1621 ipsos
1203 1586 1228 1613 in
1246 1585 1407 1612 servitutem
1423 1583 1586 1617 redegerunt
1602 1590 1608 1608 :
1624 1581 1670 1615 qui
1686 1579 1769 1606 etiam

982 1634 1119 1660 civitatem
1141 1640 1234 1660 eorum
1253 1630 1388 1664 calcancis
1410 1629 1468 1656 suis
1491 1627 1666 1655 obtercndam
1689 1632 1770 1652 cura-

983 1685 1054 1708 runt.

1019 1725 1099 1752 \‘sns.
1125 1725 1150 1752 ι.
1181 1733 1190 1750 ι
1204 1723 1237 1751 Ει
1261 1723 1314 1750 erit
1339 1721 1389 1749 flos
1406 1721 1451 1756 qui
1469 1718 1568 1747 decldit
1593 1718 1626 1745 de
1643 1723 1691 1751 spe
1711 1715 1771 1751 glo-

984 1773 1041 1803 riae.
1065 1772 1092 1798 in
1117 1770 1218 1798 vertice
1243 1769 1343 1797 montis
1370 1767 1488 1799 excelsi;
1515 1765 1585 1792 sicut
1610 1766 1771 1798 prazmatura

984 1819 1073 1850 ficus;
1096 1817 1140 1852 qui
1161 1816 1260 1844 viderit
1286 1823 1363 1847 eam,
1385 1814 1541 1849 priusquam
1566 1813 1655 1837 sumat
1677 1815 1770 1840 manu,

983 1865 1072 1898 Cupiet
1088 1871 1147 1890 eam
1165 1863 1305 1890 devorare.
1323 1870 1332 1887 ι
1361 1859 1434 1886 Talis
1449 1862 1509 1886 erat
1531 1856 1627 1888 Judas,
1658 1854 1702 1889 qui
1721 1853 1770 1881 flos

984 1917 1049 1936 sane
1062 1908 1164 1940 fuerat;
1187 1915 1280 1934 verum
1294 1907 1326 1933 de
1342 1913 1389 1940 spe
1405 1903 1486 1932 simul
1501 1908 1526 1930 et
1550 1904 1582 1930 de
1595 1900 1684 1936 gloria
1697 1899 1772 1927 deci-

982 1956 1032 1982 dit.
1050 1955 1082 1982 Et
1094 1954 1157 1981 olim
1173 1954 1281 1988 quidem
1300 1959 1381 1986 supra
1405 1954 1524 1977 montem
1544 1947 1681 1976 excelsum
1700 1950 1770 1978 erat,

983 2002 1015 2028 de
1040 2008 1093 2035 quo
1119 1999 1353 2034 infsequentibus
1378 1997 1510 2032 propheta
1543 1995 1629 2027 dicit,
1659 1992 1770 2027 (Supra

983 2052 1100 2074 montem
1114 2046 1251 2073 excelsum
1272 2044 1388 2072 ascende
1399 2064 1406 2077 ,
1425 2043 1470 2079 qui
1483 2040 1654 2076 evangelizas
1668 2040 1744 2067 Sion.
1758 2048 1769 2065 ι

985 2093 1082 2119 Verum
1098 2091 1141 2119 ille
1156 2092 1216 2119 talis
1235 2091 1333 2122 evasit,
1351 2096 1380 2117 ut
1397 2094 1568 2125 praematura:
1584 2087 1645 2114 ficui
1661 2094 1772 2121 compa-

984 2143 1101 2170 raretur,
1119 2137 1278 2170 imperfecto
1300 2136 1405 2164 scilicet
1429 2135 1548 2166 fructui;
1571 2132 1694 2167 specioso
1710 2132 1772 2166 qui--

985 2186 1044 2213 :lem
1063 2193 1095 2212 ac
1116 2185 1201 2211 forma
1228 2183 1351 2220 pulchro,
1379 2181 1427 2209 sed
1445 2181 1512 2209 alias
1535 2179 1643 2211 inutili,
1659 2179 1722 2214 quia
1737 2176 1773 2204 ob

140 2229 189 2255 τού
208 2229 275 2264 πρὸς
290 2230 391 2266 τροφὴν
407 2230 559 2265 ἐπιτηδείου
577 2230 692 2266 καρποῦ.
719 2231 765 2256 Διὸ
782 2231 932 2266 πρόδρομον

985 2231 1215 2267 imperfeclionem
1242 2230 1359 2258 nomium
1383 2227 1440 2255 esui
1468 2232 1546 2262 aptus
1573 2225 1677 2251 fructus
1700 2228 1770 2250 erat.

141 2275 225 2302 αὑτὸν
244 2275 389 2311 γενόμενον
410 2275 572 2311 τεθεαμένος
585 2277 598 2303 ὑ
614 2277 667 2303 τῶν
684 2276 772 2303 καλῶν
787 2276 930 2312 βάσκανος,

141 2322 305 2357 προήρπασε
323 2321 449 2353 σπεύσας·
479 2322 516 2354 ὡς
543 2322 653 2358 θελῆσαι
684 2323 763 2349 αὑτὸν
790 2324 932 2349 καταπιεῖν

141 2368 208 2407 ⁸πρὶν
225 2367 240 2403 ἥ
256 2368 304 2402 τῆς
321 2368 411 2403 χειρὺς
423 2367 608 2395 ὲπιλαϐἐσθαι’
621 2368 691 2395 οὕτω
711 2368 775 2403 γοῦν
794 2368 873 2394 αὑτὸν
886 2369 932 2394 καὶ

141 2413 273 2443 κατέπιεν
290 2413 348 2448 ίσχύ
354 2422 412 2445 σας.

146 2500 149 2502 _
181 2469 190 2485 ι
212 2459 252 2496 Τῇ
269 2461 362 2496 ἡμέρᾳ
375 2461 466 2496 ἐκείνῃ
494 2460 570 2487 ἔσται
588 2460 690 2496 Κύριος
704 2460 817 2487 Σαϐαὼθ
841 2462 855 2487 ὀ
875 2461 934 2487 στέ-

140 2514 226 2540 φανος
246 2506 295 2542 τῆς
309 2507 425 2539 ἐλπίδος,
442 2508 456 2534 ὸ
480 2507 593 2539 πλακεὶς
609 2507 657 2542 τῆς
684 2507 771 2540 δόξης,
790 2506 828 2541 τῷ
852 2516 935 2533 κατα-

140 2552 279 2587 λειφθέντι
305 2553 351 2579 τοῦ
366 2553 441 2580 λαοῦ.
460 2553 726 2588 Καταλειφθήσονται
742 2553 771 2579 δὲ
784 2553 830 2579 ἐπὶ
852 2553 933 2580 πνεύ-

142 2607 209 2633 ματι
224 2597 342 2633 κρίσεως
359 2599 404 2624 ἐπὶ
419 2598 519 2634 κρίσιν,
541 2599 588 2625 καὶ
615 2599 691 2633 ίσχὺν
713 2598 870 2625 κωλυόντων
888 2599 935 2625 ἀν-

141 2644 222 2670 ελεῖν.
243 2653 251 2669 ι
267 2644 352 2678 Δῆλον
367 2644 394 2670 δὲ
408 2643 448 2671 ὃτι
460 2645 514 2676 τοῖς
531 2644 741 2680 περιλειφθεῖσιν
758 2646 789 2671 ὲκ
812 2645 862 2679 τῆς
883 2644 930 2671 τοῦ

141 2689 243 2721 παντὸς
260 2689 325 2716 λαοῦ
340 2690 487 2721 ἀπωλείας·
502 2687 610 2717 οὖτοιδὲ
624 2689 694 2726 ἦσαν
707 2691 731 2717 οἱ
744 2690 789 2717 τοῦ
808 2691 931 2725 Σωτῆρος

141 2734 285 2762 ἀπόστολοί
294 2744 323 2766 τε
340 2737 386 2763 καὶ
400 2736 526 2772 μαθηταί·
542 2736 622 2763 αὐτὸν
638 2736 692 2773 γὰρ
705 2736 811 2765 ἔσεσθαι
820 2736 865 2763 τὸν
875 2737 929 2763 Κύ-

144 2789 201 2819 ριον
219 2781 349 2818 στέφανον
363 2782 469 2814 ἐλπίδος
480 2782 685 2818 ἐπαγγέλλεται.

144 2871 167 2887 ³⁸
181 2871 264 2899 Matth
295 2879 355 2900 xm.
373 2872 414 2902 lii.

985 2277 1165 2313 Quamobrem
1188 2280 1379 2311 pratmaturnm
1402 2281 1462 2301 eum
1490 2271 1667 2305 conspicatus
1686 2269 1772 2296 bono-

986 2332 1044 2351 rum
1060 2323 1168 2351 invidus
1191 2322 1251 2353 ille,
1275 2321 1435 2348 festinanter
1455 2318 1603 2354 prmripuit,
1626 2317 1662 2343 ita
1685 2319 1713 2342 ut
1729 2314 1771 2341 vrl

985 2377 1130 2405 antequam
1145 2369 1221 2397 illum
1237 2375 1318 2395 manu
1336 2371 1455 2401 caperet,
1479 2365 1608 2392 devorare
1621 2361 1703 2388 vellet
1720 2370 1727 2389 :
1744 2365 1772 2388 et

984 2418 1022 2445 sic
1039 2425 1102 2444 vere
1111 2416 1263 2447 devoravit,
1281 2415 1344 2450 quia
1360 2412 1502 2448 praevaluit
1518 2411 1580 2446 ipsi.

1020 2462 1091 2490 Vsus
1119 2462 1146 2494 5,
1171 2461 1198 2491 6.
1230 2471 1239 2487 ε
1255 2461 1282 2488 In
1302 2461 1346 2488 die
1366 2459 1410 2486 illa
1429 2458 1481 2486 erit
1506 2456 1635 2484 Dominus
1650 2454 1770 2482 Sabaoth

981 2517 1082 2537 corona
1110 2511 1178 2542 spei,
1201 2515 1262 2543 qua:
1289 2506 1452 2541 complicata
1476 2507 1518 2531 est
1544 2502 1635 2538 gloria;
1663 2500 1771 2527 residuo

983 2554 1079 2589 populi.
1111 2554 1307 2589 Relinqueutur
1333 2557 1423 2579 autem
1442 2551 1469 2578 in
1498 2550 1595 2584 spiritu
1623 2546 1717 2582 iudicii
1742 2547 1769 2574 in

980 2599 1109 2634 judicium
1132 2604 1158 2626 et
1185 2599 1370 2626 fortitudinem
1396 2597 1545 2624 vetantium
1574 2594 1738 2622 interficere.
1759 2603 1768 2620 ι
1790 2584 1793 2588 ’

985 2644 1113 2672 Videlicet
1126 2645 1159 2672 iis
1179 2645 1223 2679 qui
1238 2652 1253 2671 a
1271 2643 1352 2670 totius
1365 2642 1454 2678 populi
1469 2642 1553 2668 exitio
1568 2639 1748 2668 remanserint
1763 2647 1770 2665 :

984 2690 1010 2718 bi
1031 2696 1120 2719 autem
1144 2695 1222 2718 erant
1250 2689 1362 2724 apostoli
1392 2693 1419 2716 et
1438 2687 1562 2722 discipuli
1595 2686 1768 2714 Salvatoris:

986 2736 1071 2770 ipsum
1085 2736 1183 2772 quippe
1201 2736 1342 2771 Dominum
1358 2741 1486 2763 coronam
1503 2732 1560 2768 spei
1575 2732 1695 2766 futurum
1712 2739 1772 2760 csso

987 2782 1139 2818 pollicetur.
