2044 3215
254 205 304 233 291

591 201 725 230 svsssu
745 201 985 230 cissamensm
1004 186 1043 229 or

1100 201 1192 229 mas
1212 199 1256 229 ιιι.
1275 217 1306 221 -
1329 190 1535 229 Εχεςὲτιρλ.

1836 190 1890 230 9οέ

255 265 329 298 pere,
359 269 409 289 non
439 261 465 288 in
490 268 518 288 se
544 266 686 288 venturam
710 269 770 289 esse
791 262 949 296 sperabant,
974 262 1043 297 quod

1097 260 1166 288 εἶναι
1242 262 1418 299 ἀντικειμένῃ
1437 262 1550 297 δυνάμει
1566 262 1612 288 καὶ
1631 260 1703 298 αὐτῷ
1717 261 1755 298 τῷ
1771 261 1889 299 θανάτῳ,

256 309 305 343 ipsi
325 308 489 335 adversaria:
513 308 642 342 potestati
671 312 696 334 et
722 307 802 335 morti
827 307 1044 341 amicitiajuncti

254 361 365 382 essent:
381 355 442 382 ideo
458 363 466 380 ι
482 355 583 384 audite.
597 365 606 380 ι
626 354 724 388 inquit,
745 363 755 379 σ
770 354 882 381 verbum
900 353 1015 380 Domini.
1033 363 1042 380 ι

291 399 371 427 Vens.
388 400 431 426 16.
453 399 622 434 «Propterea
650 400 706 427 haec
726 399 793 427 dicit
808 400 960 427 Dominus:
978 400 1046 428 Ecce

253 446 458 479 egoimmitlam
482 446 508 473 in
532 445 706 473 fundamenta
729 446 795 473 Sion
809 446 925 480 lapidem
943 447 1046 482 pretio-

253 498 325 524 sum,
352 491 479 525 electum,
506 493 674 528 angularem,
703 493 892 520 ltonorabilem
909 493 934 519 in
950 493 1046 520 funda-

254 544 343 565 Illeula
360 539 438 572 ejus;
457 544 483 566 et
499 539 544 574 qui
559 539 709 566 crediderit
730 539 756 566 in
781 547 824 572 eo,
855 547 907 566 non
925 539 1046 566 confun-

253 583 345 612 detur.
368 594 377 610 »
410 585 464 612 Vos
490 585 600 619 quidem
624 586 740 618 primum
763 587 841 612 vobis
870 586 1044 620 pra-dicatam

254 632 370 665 gratiam
391 639 444 658 non
461 631 622 665 suscepistis
641 640 647 658 :
666 639 715 665 ego
732 638 795 657 vero
817 631 936 666 lapidem
956 640 1044 659 meum

254 677 403 711 pretiosum
425 681 452 705 et
475 677 663 704 llonorabilem
690 678 715 704 in
744 677 849 712 angulis
863 678 1044 710 constituens,

252 723 389 749 excelsum
408 730 483 754 eum,
501 723 645 754 illustrem,
667 724 849 758 omnibusque
874 724 934 751 aliis
959 725 1046 751 maui-

252 765 350 795 festum
371 768 480 801 faciam,
503 773 532 795 ut
546 769 670 804 quisquis
688 770 714 796 iu
728 769 813 804 ipsum
835 770 992 803 crediderit,
1013 779 1046 797 ne

252 821 299 848 spe
318 813 434 841 labatur.
462 814 539 841 Hunc
561 822 643 848 porro
669 815 784 849 lapidem
811 815 837 842 in
862 815 1046 844 fundamentis

253 858 319 886 Sion
342 868 372 887 se
387 860 538 894 positurum
565 861 720 895 pollicetur,
738 861 810 896 quod
838 863 920 889 etiam
944 862 1043 896 effecit,

252 913 314 932 cum
333 907 384 934 hoc
396 907 498 934 dictum
523 907 680 942 complevit,
705 917 714 934 ι
732 907 819 943 Supra
842 913 946 943 petram
959 910 1043 936 :cditl-

253 952 320 980 cabo
341 953 490 980 Ecclesiam
508 961 594 980 meam
612 954 645 981 ’⁶.
662 963 672 980 ι
691 953 758 981 Nam
779 960 898 982 montem
912 955 977 983 Sion
997 964 1045 990 pro

251 1000 408 1034 evangelica
422 999 624 1034 praedicatione,
644 1005 671 1026 et
688 1008 737 1035 pro
753 999 874 1027 Ecclesia
892 1008 973 1035 supra
984 1009 1044 1028 eam

252 1045 364 1072 fundata
389 1046 551 1080 plerumque
574 1046 742 1080 accepimus.
768 1045 848 1073 llunc
873 1054 955 1081 porro
976 1047 1045 1081 lapi-

252 1092 312 1118 dem
328 1092 488 1126 pretiosum,
512 1091 629 1119 electum
650 1097 677 1118 et
701 1091 889 1119 lionorabilem
906 1093 933 1119 in
949 1092 1045 1119 funda-

251 1144 340 1165 menta
370 1138 496 1165 Ecclesia:
516 1146 546 1165 se
573 1138 725 1172 positurunt
752 1137 905 1173 promittit;
928 1137 1045 1172 indeque

250 1188 292 1210 est
310 1185 381 1219 quod
408 1185 547 1219 angularis
564 1188 592 1210 et
608 1192 734 1211 summus
757 1184 900 1219 angularis
920 1189 1042 1212 vocetur.

251 1229 403 1257 Humanum
419 1235 510 1257 autem
528 1230 679 1257 Salvaturis
708 1229 793 1256 nostri
817 1237 917 1264 corpus
934 1230 974 1256 sic
993 1237 1043 1256 vo-

253 1277 311 1304 cari
330 1277 427 1311 potuit,
441 1276 584 1311 quoniam,
611 1275 762 1302 secundum
781 1275 931 1307 Danielem,
949 1283 959 1300 ι
976 1274 1044 1308 lapis

250 1321 357 1349 excisus
370 1322 429 1349 sine
445 1322 582 1352 manibus,
603 1331 613 1348 ι
633 1321 709 1348 visus
723 1321 790 1354 fuit;
808 1321 844 1347 ita
861 1325 889 1347 ut
905 1321 972 1354 lapis
984 1321 1043 1355 qui-

251 1368 311 1395 dem
323 1375 372 1402 pro
387 1368 505 1394 humano
520 1374 645 1402 corpore,
661 1374 739 1393 mons
756 1374 805 1400 pro
817 1365 968 1393 Salvntoris
984 1366 1041 1393 dei.

252 1419 316 1446 late,
336 1414 513 1449 intelligatur.

286 1460 369 1488 Vsus.
385 1461 429 1488 17.
447 1470 455 1486 ι
471 1460 504 1487 Ει
518 1467 616 1495 ponam
631 1459 764 1493 judicium
781 1459 806 1486 in
825 1467 916 1494 spem:
938 1459 1044 1487 miseri-

251 1507 343 1533 cordia
358 1511 450 1533 autem
475 1513 533 1533 mea
558 1506 584 1532 in
611 1507 752 1540 pondera;
770 1509 798 1532 et
814 1505 861 1540 qui
879 1506 962 1532 tiditis
985 1505 1043 1533 fru-

251 1558 305 1580 stra
322 1549 474 1584 mendacio,
501 1553 565 1587 quia
594 1560 647 1579 non
676 1551 854 1586 pertransibit
876 1559 924 1579 vos
938 1557 1042 1587 tempe-

251 1603 317 1626 stas.
335 1608 344 1624 ι
367 1598 522 1625 Secundum
537 1598 657 1632 reliquos
677 1603 767 1625 autem
786 1600 952 1632 interpretes
970 1607 979 1624 ‹
995 1600 1040 1633 qui
1055 1613 1077 1642 ε

251 1645 347 1676 credit.
367 1653 419 1672 non
441 1644 590 1672 festinaltit.
610 1654 618 1671 ι
638 1644 707 1671 Nam
730 1645 776 1680 qui
802 1645 900 1676 credit,
915 1653 1042 1678 perseve—

250 1696 342 1718 ranter
357 1695 428 1725 aget,
442 1699 497 1717 rem
514 1691 597 1718 verbo
614 1691 776 1726 promissam
801 1695 973 1725 exspectans.
991 1691 1040 1719 Hie

251 1745 315 1764 vero
332 1737 399 1772 lapis
415 1737 506 1770 fuerit,
526 1737 638 1772 ipsaque
652 1742 728 1771 petra
745 1737 778 1764 de
792 1743 845 1771 qua
866 1736 992 1763 Salvator
1002 1737 1041 1764 di-

249 1783 340 1816 cebat,
361 1794 370 1810 ι
389 1783 477 1818 Super
501 1784 571 1811 hanc
594 1788 699 1818 petram
724 1783 864 1810 aediﬁcabo
890 1783 1040 1811 Ecclesiam

249 1837 349 1857 meam.
367 1840 377 1857 ι
394 1829 444 1857 llic
460 1829 540 1864 lapis,
555 1829 597 1856 vel
615 1837 675 1857 cum
687 1829 834 1864 iudicabit,
850 1838 976 1864 magnam
995 1831 1040 1862 iis,

250 1877 284 1905 de
298 1876 397 1911 quibus
415 1875 549 1910 judicium
576 1876 740 1909 instituitur,
756 1883 832 1911 spem
851 1876 959 1909 afferet,
977 1877 1041 1912 quia

249 1925 311 1960 ipsi,
323 1924 478 1959 justissima
496 1924 615 1959 pondere
637 1928 665 1950 et
687 1931 826 1956 mensura,
853 1922 1041 1951 misericordia

248 1971 427 2006 adiungitur;
442 1970 619 2004 quamobrem
637 1969 739 1996 dicitur
752 1977 759 1996 :

287 2017 367 2045 Vens.
386 2017 430 2044 18.
451 2025 460 2042 ι
478 2015 664 2043 Misericordia
683 2020 774 2041 autem
791 2021 850 2041 mea
866 2014 892 2041 in
909 2013 1040 2048 pondera.

248 2064 282 2091 Et
303 2072 355 2090 non
369 2063 474 2090 auferet
498 2062 574 2088 vobis
598 2066 792 2096 testamentum
808 2061 919 2088 mortis:
938 2067 966 2087 et
977 2067 1040 2094 spes

249 2112 339 2136 vestra
360 2109 387 2135 in
404 2108 553 2140 infernum,
569 2115 622 2134 non
639 2107 830 2141 permanebit:
857 2106 976 2140 procella
993 2114 1039 2134 ve-

249 2155 327 2183 niens
341 2155 364 2182 si
379 2154 529 2187 transierit,
552 2154 630 2181 eritis
648 2153 685 2180 illi
711 2154 738 2179 in
762 2153 1032 2180 ronculcationem.»

248 2202 288 2231 Ne
300 2209 348 2229 vos
366 2201 417 2236 ipsi
437 2200 589 2235 decipiatis,
619 2199 719 2234 inquit,
739 2199 886 2226 dicentes:
907 2200 1039 2231 Quoniam

249 2249 346 2276 mortis
363 2246 444 2275 amici
460 2254 575 2279 ,sumus,
599 2253 653 2273 non
671 2246 754 2272 irruel
769 2245 796 2272 in
809 2252 859 2272 nos
883 2249 1038 2279 tempestas,

248 2303 300 2325 nec
314 2295 453 2330 quidpiam
470 2293 570 2321 doloris
585 2292 768 2327 experiemur.
783 2288 893 2322 Verum,
904 2291 971 2318 lieus
981 2299 1040 2326 vos,

247 2342 302 2376 iam
318 2342 410 2369 audite
425 2346 453 2367 et
469 2339 595 2371 ediscite,
608 2338 654 2373 qui
673 2337 816 2364 mendacio
832 2336 925 2369 fiditis,
938 2336 1042 2363 dicitis-

247 2396 313 2425 que,
346 2397 356 2413 ‹
384 2386 528 2414 Posuimus
556 2384 727 2412 mendacium
752 2391 826 2418 spem
852 2388 986 2415 nostram,
1014 2388 1042 2410 et

249 2434 392 2462 mendacio
421 2437 595 2468 protegemur
611 2439 620 2464 ς
637 2441 646 2457 ι
671 2430 788 2466 procella
815 2430 969 2465 irrumpens
990 2438 1041 2457 ne-

249 2488 386 2516 quaquam
413 2487 460 2507 t'os
485 2477 655 2515 praeteribit;
673 2477 721 2504 sed
738 2481 856 2504 vestrum
871 2484 932 2503 cum
953 2480 1041 2504 morte

249 2531 358 2562 pactum
374 2525 490 2556 auferet,
512 2532 544 2552 ac
569 2531 632 2559 spes
655 2527 758 2555 vestra,
773 2530 855 2557 quam
882 2522 909 2548 in
935 2522 1041 2549 inferno

250 2573 396 2608 repositam
414 2571 565 2603 habebatis,
591 2578 644 2598 non
671 2569 802 2608 manebit.
824 2567 965 2603 Siquidem
990 2569 1042 2595 im-

250 2619 354 2647 becillae
368 2619 406 2646 rei
425 2625 472 2646 vos
487 2616 706 2649 concredidistis,
722 2623 784 2643 cum
802 2614 829 2642 in
851 2619 939 2642 morte
954 2619 984 2641 et
1000 2614 1046 2654 in-}

251 2665 327 2693 ferno
341 2673 416 2700 spem
432 2669 551 2692 vestram
569 2663 747 2698 apposuistis.

288 2711 368 2738 Vens.
384 2710 474 2742 19,20.
493 2719 503 2736 ε
519 2709 587 2738 Cum
605 2709 757 2742 transierit,
775 2708 850 2736 tollet
866 2715 912 2735 vos
928 2716 936 2733 :
951 2713 1041 2739 mane,

251 2763 340 2788 mane,
357 2756 484 2783 transibit
502 2756 528 2783 in
552 2755 605 2787 die,
625 2760 653 2782 et
671 2755 696 2782 in
715 2760 795 2782 nocte
809 2755 862 2782 erit
878 2761 942 2788 spes
958 2753 1047 2780 mala-

250 2799 351 2835 Discite
367 2805 396 2827 ut
410 2801 537 2828 audiatis.
563 2801 593 2828 lu
612 2801 745 2836 angustiis
764 2801 844 2836 positi
870 2808 922 2828 non
946 2806 1048 2841 possu-k

251 2853 310 2872 mus
334 2853 481 2880 pugnare:
510 2847 561 2881 ipsi
583 2853 674 2875 autem
702 2847 802 2875 infirmi
822 2855 929 2879 sumus,
949 2852 977 2874 ut
993 2839 1057 2873 νοςί

250 2892 463 2927 eongregemini.
486 2901 495 2918 ι
519 2892 586 2919 Nam
616 2894 638 2922 si
670 2893 840 2928 voluissetis,
864 2893 890 2921 in
917 2892 1041 2928 portiOne

289 2949 312 2964 “
326 2948 423 2977 Matth.
447 2957 503 2981 xw,
517 2948 560 2976 18.

1098 310 1189 344 φησιν,
1209 319 1217 334 ι
1233 309 1367 336 ἀκούσατε
1385 309 1462 343 λόγον
1478 309 1591 344 Κυρίου.
1614 318 1623 335 ι

1135 409 1143 425 ι
1159 400 1208 426 Διὰ
1218 400 1296 426 τοῦτο
1308 400 1370 427 τάδε
1392 400 1466 434 λέγει
1484 399 1593 436 Κύριοςν
1613 399 1678 427 Ἰδοῦ
1698 401 1752 435 ἐγὼ
1778 401 1890 437 ἐμϐαλῶ

1097 447 1136 478 εἰς
1149 447 1183 473 τὰ
1198 446 1310 482 θεμέλια
1327 447 1396 475 Σιὼν
1409 447 1481 474 λίθον
1497 447 1639 483 πολυτελῆ,
1655 448 1793 480 ἐκλεκτὸν,
1805 449 1890 484 ἀκρο-

1096 493 1232 528 γωνιαῖον,
1260 493 1368 528 ἔντιμον
1393 494 1433 525 είς
1445 494 1479 520 τὰ
1504 493 1616 529 θεμέλια
1632 494 1726 529 αὐτῆς
1745 495 1790 521 καὶ
1806 495 1821 521 ὁ
1844 504 1890 521 πι-

1098 538 1199 565 στεύων
1217 539 1260 565 ὲπ’
1276 539 1362 574 αὐτῷ,
1378 539 1408 565 οὐ
1426 539 1463 574 μὴ
1480 540 1674 575 καταισχυνθῇ.
1694 550 1702 564 ι
1733 541 1827 576 Ὑμεῖς
1840 540 1890 576 μὲν

1096 585 1126 611 οὺ
1142 585 1326 620 παρεδέξασθε
1349 585 1400 620 τὴν
1414 585 1530 619 πρώτως
1543 586 1607 620 ὑμῖν
1622 585 1889 620 κατεπαγγελοεῖσαν

1096 629 1186 665 χάριν·
1211 629 1266 664 ἐγὼ
1290 630 1317 656 δὲ
1335 630 1380 656 τὸν
1397 630 1515 666 ἐμαυτοῦ
1529 630 1601 656 λίθον
1621 631 1666 657 τον
1682 631 1812 667 πολυτελῆ
1841 631 1890 658 22‘.

1095 676 1185 711 τίμιον
1200 678 1228 702 ὲν
1246 677 1428 713 ἀκρογωνίαις
1447 676 1566 708 ἁναοεῖς,
1579 675 1680 712 ύψηλδν
1693 678 1739 704 καὶ
1756 678 1887 714 ἐπιφανῆ,

1097 723 1206 754 καὶτοῖς
1219 723 1307 755 ἄλλοις
1319 725 1401 750 πᾶσιν
1419 723 1530 758 ἔκδηλον
1544 725 1660 759 ποεήσω,
1677 724 1750 755 ὅπως
1765 725 1818 756 πᾶς
1843 724 1891 752 ἐπ’

1097 768 1177 794 αὐτὸν
1194 768 1330 794 πιστεύων
1356 768 1393 804 μή
1419 769 1523 805 ἐκπέσῃ
1539 768 1587 804 τῆς
1604 767 1720 800 ἐλπίδος.
1738 769 1838 795 Τοῦτον
1861 767 1889 796 δέ

1096 814 1141 841 τὸν
1154 815 1226 841 λίθον
1236 814 1432 849 ἐπαγγέλλεται
1446 814 1537 850 θήσειν
1553 815 1592 846 εἰς
1606 815 1640 841 τὰ
1657 815 1769 850 θεμέλια
1785 813 1891 846 Σιὼνμῗ

1096 861 1128 897 δὴ
1155 862 1201 888 καὶ
1224 860 1297 896 ἔργῳ
1314 860 1473 895 πεποίηκεν,
1498 860 1585 887 εἰπὼν
1599 861 1644 887 καὶ¹
1668 861 1826 893 ἐπιτελέσας
1846 859 1888 893 τὸ,

1099 917 1108 932 ‹
1127 907 1188 933 Ἐπὶ
1198 907 1247 942 τὴν
1261 907 1364 942 πέτραν
1375 906 1543 942 οἰκοδομήσω
1557 915 1606 942 μου
1621 907 1669 942 τὴν
1684 905 1854 943 Ἐκκλησίαν.
1875 917 1886 934 ι

1063 943 1082 970 Β
1097 951 1166 979 Σιὼν
1188 951 1242 988 γὰρ
1265 952 1327 988 ὅρος
1350 952 1380 979 τὸ
1401 952 1577 986 εὐαγγελικὸν
1600 953 1742 988 κήρυγμα,
1768 953 1815 980 καὶ
1843 952 1889 980 ἔπῖ

1095 997 1183 1033 τούτῳ
1199 998 1434 1034 τεθεμελιωμένην
1457 998 1619 1034 Ἐκκλησίαν
1637 999 1766 1031 πολλάκις
1785 999 1888 1035 ἐξειλή-

1096 1052 1194 1078 φαμεν.
1210 1043 1348 1079 Πολυτελῆ
1362 1044 1390 1070 δὲ
1403 1044 1467 1070 ὅντα
1478 1044 1526 1071 τὸν
1549 1044 1621 1071 λίθον
1635 1043 1728 1071 τοῦτον
1743 1045 1789 1071 καὶ
1810 1045 1891 1072 ἐκλε-

1095 1088 1158 1115 κτὸν
1177 1089 1222 1116 καὶ
1242 1089 1332 1124 τίμιον
1350 1089 1444 1124 θήσειν
1459 1091 1499 1121 είς
1521 1089 1555 1116 τὰ
1575 1089 1688 1124 θεμέλια
1704 1090 1751 1125 τῆς
1773 1090 1892 1125 Ἐκκληα

1096 1135 1156 1166 σίας
1171 1135 1381 1169 ἐπαγγέλλεται”
1398 1135 1522 1162 ἐντεῦθεν
1549 1137 1674 1170 γωνιαῖος
1700 1136 1746 1162 καὶ
1763 1137 1887 1171 ἀκρογωί

1095 1182 1178 1212 vnio;
1192 1181 1330 1216 κέκληται.
1351 1181 1401 1217 Εἵη
1417 1181 1438 1208 δ’
1455 1181 1491 1208 ἂν
1499 1182 1530 1208 τὸ
1549 1181 1717 1218 ἀνθρώπινον
1732 1182 1779 1209 τοῦ
1796 1183 1889 1219 Σωτῆ-

1099 1235 1144 1262 ρος
1159 1227 1238 1262 ἡμῶν
1254 1227 1339 1259 οὕτως
1355 1227 1548 1263 ὠνομασμένον
1565 1227 1654 1263 σῶμα·
1669 1229 1730 1255 ἐπεὶ
1752 1230 1799 1256 καὶ
1816 1230 1888 1256 κατὰ

1095 1273 1141 1300 τὸν
1159 1273 1269 1309 Δανιὴλ,
1287 1285 1294 1300 ι
1318 1274 1389 1306 λίθος
1407 1274 1521 1310 τμηθεὶς
1540 1275 1604 1302 ἄνευ
1621 1275 1720 1312 χειρῶν
1741 1286 1749 1301 ι
1770 1277 1888 1312 ἑωρᾶτον

1094 1319 1168 1346 λίθου
1184 1320 1232 1355 μὲν
1245 1320 1293 1346 τοῦ
1310 1320 1480 1356 ἀνθρωπίνου
1493 1323 1639 1356 νοουμένου
1654 1321 1788 1358 σώματος·
1805 1323 1887 1358 ὅρους

1093 1366 1122 1392 δὲ
1138 1367 1188 1402 τῆς
1204 1367 1273 1393 κατὰ
1285 1367 1330 1393 τὸν
1346 1367 1461 1402 Σωτῆρα
1478 1368 1614 1404 θεότητος.

1131 1466 1140 1482 ι
1162 1457 1216 1484 Καὶ
1230 1456 1306 1493 θήσω
1330 1457 1420 1492 κρίσιν
1440 1457 1480 1488 εἰς
1505 1457 1619 1484 ἐλπίδα(
1633 1458 1649 1492 ἡ
1663 1457 1691 1484 δὲ
1711 1456 1882 1492 ἐλεημοσύνη

1095 1511 1146 1538 μου
1163 1504 1203 1534 εἰς
1219 1503 1369 1538 σταθμοὺς,
1385 1504 1432 1530 καὶ
1451 1504 1476 1530 οἱ
1492 1503 1652 1535 πεποιθότες
1670 1504 1758 1539 μάτην
1780 1503 1884 1538 ψεύδει,

1093 1549 1134 1576 ὃτι
1156 1550 1187 1576 οὗ
1211 1550 1248 1585 μὴ
1272 1550 1395 1586 παρέλθῃ
1413 1550 1485 1584 ὑμᾶς
1500 1551 1635 1585 καταιγίς.
1656 1560 1666 1575 ι
1680 1550 1759 1576 Κατὰ
1777 1551 1808 1576 δὲ,
1822 1550 1888 1581 τοὶς

1093 1596 1203 1628 λοιποὺς
1218 1596 1401 1632 ἑρμηνευτὰς,
1411 1607 1420 1622 ί
1433 1598 1446 1624 ὁ
1460 1597 1595 1623 πιστεύων
1614 1597 1644 1623 οὗ
1660 1596 1782 1624 σπεύσει,
1800 1607 1809 1622 ι
1823 1597 1888 1623 Mar

1096 1642 1263 1678 κροθυμήσει
1288 1643 1342 1679 γὰρ
1359 1644 1376 1670 ὸν
1390 1643 1537 1675 πιστεύων,
1562 1643 1716 1679 περιμένων
1733 1643 1780 1669 τοῦ
1803 1643 1885 1676 λόζου

1095 1689 1144 1724 τὴν
1161 1689 1340 1723 ὲπαγγελιαν.
1355 1687 1439 1721 Οὗτος
1453 1690 1475 1716 δ’
1488 1689 1521 1716 ἂν
1539 1690 1580 1725 εἴη
1595 1691 1608 1716 ὁ
1622 1689 1704 1721 λίθος,
1727 1690 1740 1716 ὁ
1760 1689 1842 1720 αὑτός
1856 1698 1886 1715 τε

1095 1733 1198 1769 πέτρα,
1222 1735 1285 1770 περὶ
1298 1732 1332 1770 ἦς
1348 1736 1361 1761 ὁ
1376 1735 1471 1770 Σωτὴρ
1490 1735 1565 1769 ἔλεγε
1578 1743 1585 1751 ·
1603 1745 1611 1761 ι
1637 1733 1697 1761 Ἐπὶ
1715 1734 1764 1770 τὴν
1782 1734 1886 1769 πέτραν

1094 1779 1196 1815 ταύτην
1213 1780 1381 1815 οἰκοδομήσω
1407 1789 1456 1816 μου
1473 1781 1523 1815 τὴν
1541 1781 1714 1816 Ἐκκλησίαν.
1733 1791 1742 1806 ι
1763 1777 1846 1811 Οὗτος
1873 1780 1886 1806 ὁ

1094 1826 1166 1858 λίθος
1182 1827 1227 1853 καὶ
1241 1827 1342 1862 κρίνων
1366 1826 1471 1860 ἀγαθὰς
1493 1827 1606 1862 παρέξει
1633 1828 1690 1859 τοῖς
1714 1828 1885 1863 κρινομένοις

1095 1872 1217 1904 ἐλπίδας,
1233 1872 1327 1908 ὲπειδὴ
1352 1873 1484 1909 συνῆπται
1516 1873 1591 1908 αύτῷ
1618 1871 1786 1909 ἐλεημοσύνη
1815 1876 1889 1910 μετὰ

1094 1919 1263 1946 δικαιοτάτου
1280 1918 1402 1955 σταθμοῦ
1418 1920 1465 1947 καὶ
1480 1919 1579 1955 μέτρου
1592 1928 1598 1933 ·
1613 1917 1653 1945 διδ
1667 1919 1802 1946 λέλεκται·

1133 2028 1142 2045 ι
1160 2019 1191 2045 Ἡ
1197 2019 1224 2046 δὲ
1236 2019 1404 2056 ἐλεημοσύνη
1417 2030 1467 2056 μου
1479 2029 1519 2053 εις
1531 2021 1677 2056 σταθμούς.
1687 2022 1732 2057 Μὴ
1741 2023 1788 2049 καὶ
1797 2022 1886 2059 ἀφὲλῃ

1094 2063 1171 2099 ὑμῶν
1187 2064 1237 2100 τὴν
1259 2064 1391 2100 διαθήκην
1406 2065 1453 2091 τοῦ
1470 2065 1585 2092 θανάτου
1597 2072 1604 2079 ·
1624 2066 1697 2101 καὶὴ
1712 2065 1788 2098 ἐλπὶς
1809 2066 1889 2102 ὑμῶν

1094 2111 1110 2146 ὴ
1127 2111 1194 2146 πρὸς
1213 2111 1257 2138 τὸν
1277 2111 1343 2147 ᾅδην
1358 2113 1387 2138 οὐ
1406 2112 1441 2148 μὴ
1457 2113 1584 2148 ἐμμείνῃ.
1599 2113 1731 2147 Καταιγὶς
1748 2114 1885 2150 φερομένη

1094 2157 1141 2183 ἐὰν
1156 2157 1266 2193 ἐπέλθῃ,
1285 2158 1380 2184 ἔσεσθε
1392 2159 1461 2194 αὐτῇ
1477 2161 1516 2190 εἰς
1534 2159 1732 2194 καταπάτημα.
1747 2169 1756 2185 ι
1773 2159 1819 2194 Μὴ
1831 2160 1886 2195 γὰρ

1094 2203 1215 2234 ἑαυτοὺς,
1231 2203 1322 2237 φησὶν,
1340 2203 1462 2229 ἁπατᾶτε
1479 2203 1628 2237 φάσκοντες
1638 2212 1644 2218 ·
1654 2203 1763 2239 Ἐπειδὴ
1779 2203 1818 2238 τῷ
1835 2204 1884 2230 θαα-

1093 2248 1166 2282 νάτῳ
1181 2248 1374 2284 ἐφιλιώθημεν,
1386 2249 1416 2275 οὐ
1437 2249 1473 2285 μὴ
1485 2249 1585 2286 ἐπέλθῃ
1602 2249 1643 2284 ἐφ’
1659 2250 1732 2284 ἡμᾶς
1745 2251 1881 2284 καταιγὶς,

1056 2296 1078 2323 D
1093 2293 1153 2319 οὐδὲ
1178 2293 1403 2330 πειραοησόμεθὰ
1423 2304 1495 2326 τινος
1523 2294 1656 2330 λυπηροῦ.
1679 2294 1804 2321 Ἀκούετε
1831 2295 1886 2329 γὰρ

1095 2341 1218 2367 ἐντεῦθεν
1233 2341 1283 2377 ἤδη
1306 2342 1352 2368 καὶ
1368 2340 1528 2377 μανθάνετε,
1549 2338 1571 2368 ὦ
1594 2338 1667 2367 οὗτοι
1684 2341 1709 2367 οἱ
1725 2340 1884 2372 πεποιθότες

1093 2384 1131 2420 τῷ
1150 2385 1241 2420 ψεύδει
1262 2386 1309 2413 καὶ
1331 2387 1482 2422 εἰρηκότες,
1503 2396 1513 2412 ι
1539 2385 1695 2421 Ἐθήκαμεν
1717 2386 1814 2421 ψεῦδος
1837 2385 1885 2420 τὴν

1095 2432 1189 2459 ὲλπίδα
1204 2433 1292 2468 ἡμῶν,
1308 2434 1355 2460 καὶ
1369 2433 1408 2469 τῷ
1423 2433 1515 2468 ψεύδει
1532 2433 1778 2468 σκεπασθησόμεθα
1789 2441 1795 2447 ·
1812 2442 1822 2458 ι
1845 2433 1885 2459 ὅτι

1094 2480 1221 2513 καταιγὶς
1243 2480 1415 2515 παρελθοῦσα
1438 2480 1470 2506 οὐ
1490 2479 1688 2515 παρελεύσεται
1712 2479 1803 2514 ὑμᾶς·
1817 2478 1886 2504 ἀλλὰ.

1093 2524 1189 2559 ἀφελεῖ
1201 2525 1278 2561 ὑμῶν
1291 2526 1341 2562 τὴν
1361 2526 1429 2561 προς
1444 2526 1490 2552 τὸν
1507 2525 1622 2552 θάνατον
1639 2525 1785 2560 συνθήκην,
1801 2525 1850 2551 καὶ
1869 2526 1884 2559 ἠ

1094 2571 1171 2604 ἐλπὶς
1186 2573 1263 2608 ὑμῶν
1276 2574 1293 2609 ἡ
1311 2573 1379 2609 πρὸς
1392 2573 1437 2600 τὸν
1455 2571 1521 2608 ᾇδην
1536 2572 1566 2599 οὐ
1589 2571 1766 2608 μὴὲμμείνῃ.
1789 2571 1885 2606 Σαθρῷ

1094 2619 1149 2655 γὰρ
1165 2620 1308 2656 πράγματι
1325 2621 1437 2653 ἑαυτοὺς
1452 2620 1643 2652 ἐπιστεύσατε,
1653 2619 1760 2654 θανάτῳ
1775 2618 1822 2645 καὶ
1835 2619 1886 2654 ᾄδῃ

1095 2664 1144 2696 τὰς
1159 2665 1295 2700 ὑμετέρας
1308 2665 1416 2696 ἐλπίδας
1427 2665 1638 2701 ἀναρτήσαντες.

1134 2720 1143 2736 ι
1161 2711 1244 2737 Ὅταν
1253 2711 1388 2748 παρέλθῃ,
1405 2711 1520 2746 λήψεται
1531 2712 1614 2747 ὑμᾶς’
1638 2710 1711 2747 πρωῒ
1725 2709 1797 2746 πρωῒ
1816 2717 1884 2744 παρ-

1095 2756 1370 2796 ελεύσετασὴμέρας,
1386 2758 1433 2784 καὶ
1450 2758 1479 2783 ὲν
1493 2758 1571 2784 νυκτὶ⁷
1586 2757 1660 2784 ἔσται
1674 2757 1750 2788 ἐλπὶς
1764 2755 1880 2791 πονηρά.

1094 2801 1202 2840 Μάθετε
1215 2802 1609 2840 ἀκούειν.-Στενοχωρούμενοι,
1625 2802 1656 2828 οὐ
1678 2800 1816 2837 δυνάμεθα
1830 2800 1881 2836 μά-

1094 2847 1190 2881 χεσθαι
1199 2856 1206 2863 ν
1220 2848 1297 2875 αὐτοὶ
1311 2849 1339 2875 δὲ
1352 2849 1519 2885 ἀσθενοῦμεν
1533 2849 1580 2875 τοῦ
1598 2849 1669 2884 ὑμᾶς
1681 2846 1857 2882 συναχθῆναι.
1871 2855 1880 2871 ι

1095 2894 1127 2921 El
1145 2895 1200 2931 γὰρ
1214 2895 1336 2931 ἐθέλητε,
1351 2897 1396 2923 καὶ
1410 2897 1439 2923 ἐν
1451 2897 1483 2932 τῇ
1502 2895 1588 2932 μερίδι
1605 2895 1651 2921 τοῦ
1665 2893 1731 2920 Θεοῦ
1749 2891 1882 2933 συναχθή-
