2044 3215
136 195 191 222 295

598 193 852 222 COMMENTARIA
872 193 905 220 lN
927 193 1055 222 lSALHl.
1076 209 1110 214 ——
1129 193 1204 221 CAP.
1226 193 1342 221 XXVIII.

1714 195 1768 224 29‘

137 249 229 280 σεσθε,
244 248 291 276 καὶ
308 249 357 275 οὐκ
374 248 537 284 ἀσθενήσετε
553 248 624 282 ὑπερ
641 248 784 280 εὐσεϐείας
798 249 924 283 ἀγωνιζό-

981 248 1027 276 Dei
1045 249 1202 284 congregati
1220 248 1352 281 fuissetis,
1372 255 1422 276 nec
1446 248 1472 276 in
1496 256 1584 284 pugna
1602 257 1651 283 pro
1668 251 1768 285 pietate

138 303 213 331 μενοι
225 303 232 309 ³
246 294 338 330 ἐπειδὴ
348 294 376 321 δὲ
387 295 495 326 ’ἔχοντες
508 294 547 329 τῷ
559 294 667 330 θανάτῳ
681 295 728 322 καὶ⁸
740 295 780 330 τῷ
797 295 846 330 ᾄδῃ
863 296 927 322 ἐαυ-

135 341 200 373 τοὺς
216 340 471 376 προσεκληρώσατε,
485 340 644 375 γινώσκετε,
661 341 702 367 ὃτι
781 341 846 376 ὑμῖν
862 342 927 366 ἐπε-

135 385 260 412 λεύσεται
273 385 352 416 αὐτὸς
363 386 378 411 ὁ
388 385 499 421 Κύριος,
508 386 618 419 ἐπάγων
631 385 690 412 καθ’
700 385 776 420 ὑμῶν
789 385 872 421 ὀργὴν
885 385 928 412 διὰ

135 431 170 458 τὰ
186 431 371 466 προλεχθέντα
387 431 484 458 πάντα.

174 498 184 514 ι
205 489 312 523 Ὠσπερ
325 487 387 522 ὅρος
403 487 509 514 ἀσεϐῶν
527 488 710 523 ἀναστήσεται
735 487 855 524 Κύριος,
881 489 927 515 καὶ

135 534 212 561 ἔσται
228 535 257 560 ὲν
271 535 304 569 τῇ
322 533 444 569 φάραγγι
460 533 588 560 Γαῦαώνε
615 535 683 570 μετὰ
708 534 794 569 θυμοῦ
818 537 927 569 ποιήσει

135 580 170 606 τὰ
185 579 254 614 ἔργα
271 578 364 610 αὑτοῦ,
383 579 497 614 πικρίας
512 579 603 615 ἔργον.
624 589 633 605 ›
650 579 766 615 Πικρίας
779 580 847 616 ἔργα
870 583 927 613 τοῖς

134 627 270 662 δεηθεῖσιν
278 625 372 662 ὥσπερ
384 625 519 652 ἁντιδότου
529 626 630 662 πικρᾶς
636 626 681 652 διὰ
689 626 737 662 τὴν
745 626 927 662 ὑποκειμένην

134 674 225 700 αὐτῶν
239 674 273 708 τῇ
287 673 359 708 ψυχῇ
370 672 478 699 κακίαν.
486 673 586 708 Πικρία
597 672 624 698 δὲ
635 672 682 699 καὶ
691 673 759 708 ὀργὴ
767 673 814 699 καὶ
829 673 925 708 θυμὸς,

134 720 181 747 καὶ
195 719 229 746 τὰ
239 719 350 747 τοιαῦτα
363 718 497 754 λεγόμενα
510 719 556 745 ἐπὶ
570 718 636 746 Θεοῦ
647 718 721 745 οὐδὲν
737 719 829 754 ἓτερον
846 719 862 754 ἢ
877 719 927 751 τὰς

135 764 207 792 κατὰ
219 765 274 791 τῶν
289 763 396 791 ἀσεϐῶν
407 763 532 795 κολάσεις
544 763 593 795 τὰς
605 764 638 790 ἐκ
653 762 700 789 τοῦ
715 762 788 789 θείου
802 764 927 799 δικαστη-

136 812 196 847 ρίου
208 811 424 847 ὲπελευσομένας
432 809 511 836 εἴωθε
522 809 674 845 σημαίνειν.
686 819 694 834 α
707 810 736 836 '0
749 809 777 836 δὲ
785 809 869 845 θυμὸς
878 811 926 836 αὺ-

134 856 182 883 τοῦ
210 856 357 892 ἀλλοτρίως
385 857 524 892 χρήσεται,
550 855 630 891 καὶή
652 856 754 892 σαπρία
771 856 853 882 αὐτοῦ
878 856 926 882 ἀλ-

133 903 229 940 λοτρία
237 912 244 918 ·
262 913 271 929 ι

171 967 182 985 ι
202 959 256 985 Καὶ
277 959 356 994 ὑμεῖς
379 958 416 994 μὴ
434 957 639 994 εὐφρανθείητε,
655 958 721 993 μηδὲ
737 958 924 993 ἰσχυσάτωσαν

134 1004 210 1040 ὗμῶν
216 1005 241 1030 οἱ
248 1003 350 1039 δεσμοί·
360 1003 426 1030 διότι
435 1003 661 1038 συντετελεσμένα
667 1003 714 1029 καὶ
719 1011 812 1030 συντετ
816 1012 851 1039 μη
856 1004 924 1039 μένα

134 1050 210 1086 πράγ
214 1059 287 1085 ματα
303 1050 370 1086 ήκου
374 1058 408 1076 σα
413 1058 450 1076 πα
454 1050 487 1085 ρὰ
493 1049 596 1085 Κυρίου
605 1048 729 1081 Σαϐαὼθ,
737 1048 756 1076 ἃ.
763 1050 871 1085 ποιήσει
878 1050 924 1076 ἐπὶ

134 1097 223 1122 πᾶσαν
231 1097 281 1131 τὴν
289 1095 350 1131 γῆν.
363 1105 372 1121 ι
382 1096 457 1130 Μηδὲ
469 1095 655 1130 ἰσχυσάτωσαν
662 1095 687 1121 οἱ
697 1095 775 1127 πόδες
788 1095 803 1121 ὑ
807 1095 875 1130 μῶν,
884 1093 924 1127 οἷς

135 1141 299 1177 κατεδήσατε
314 1142 426 1173 ἑαυτοὺς
442 1141 576 1176 διαθήκην
590 1140 711 1176 μετὰτοῦ
723 1141 838 1168 θανάτου
846 1149 924 1176 ποιη-

135 1187 245 1222 σάμενοι
260 1188 306 1214 καὶ
318 1187 387 1222 μετὰ
402 1187 449 1213 τοῦ
458 1187 520 1222 ᾅδου
537 1187 686 1222 συνθήκας·
698 1187 754 1214 ἀλλ’
769 1188 795 1214 ετ
807 1196 848 1219 τις
860 1188 923 1223 ὑμῖν

134 1233 191 1259 ἐστι
207 1232 345 1267 σωτηρίας
358 1232 446 1264 ἐλπὶς,
462 1232 629 1269 διαρρήξατε
645 1233 709 1264 τοὺς
726 1233 794 1268 πρὸς
809 1233 856 1259 τὸν
877 1233 924 1259 θά-

135 1285 213 1304 νατον
234 1277 365 1310 δεσμούς⁸
380 1277 544 1312 ἀναχωρείτε
561 1277 589 1304 δὲ
608 1277 655 1304 καὶ
672 1277 722 1312 τῆς
743 1278 923 1314 νομιζομένης

135 1322 197 1357 ὑμῖν
212 1321 392 1357 εὐφροσύνης,
409 1322 459 1356 τῆς
475 1330 505 1347 τε
520 1321 688 1358 προσκαίρου
711 1322 851 1349 παύσασθε
864 1322 924 1358 ἡδο-

134 1368 193 1403 νῆς·
215 1367 316 1393 τούτων
327 1367 381 1402 γὰρ
398 1368 488 1393 ὁποῖον
498 1366 573 1393 ἔσται
591 1367 622 1393 τὺ
633 1367 710 1399 τέλος
733 1367 922 1403 μεμαθήκατε.

134 1413 227 1441 Ταῦτα
242 1413 270 1439 δὲ
288 1413 325 1449 μὴ
339 1413 468 1449 νομίσητε
487 1413 577 1448 λέγειν
599 1413 649 1448 ὲμὲ
665 1413 711 1440 τὸν
726 1414 886 1450 προφήτην
905 1414 923 1440 ἃ

134 1459 188 1495 γὰρ
202 1459 306 1495 ήκουσα
319 1459 407 1494 ψυχῆς
425 1460 493 1494 ἀκοῇ
517 1459 659 1495 εἰρηκότος
672 1458 720 1485 τοῦ
742 1460 847 1494 Κυρίου
869 1460 922 1486 Σα-

134 1505 220 1537 ϐαὼθ,
244 1505 319 1532 ταῦθ’
331 1506 395 1541 ὑμῖν
423 1505 596 1541 μεταδέδωκα
607 1514 613 1520 ·
632 1505 770 1541 ήὸουλήθη
785 1505 840 1541 γὰρ
852 1506 924 1541 ὑμᾶς

137 1552 175 1588 μὴ
186 1553 291 1586 ἀγνοεῖν
307 1552 340 1579 τὰ
355 1552 419 1588 παρ’
433 1551 507 1587 αὐτῷ
522 1551 702 1588 κεκρυμμένα
716 1552 763 1578 καὶ
783 1552 923 1587 ὡρισμένα

134 1599 180 1625 καὶ
193 1599 393 1634 συντεταγμένα
408 1599 570 1634 πράγματα.

171 1655 182 1672 ι
208 1645 381 1677 Ἐνωτίζεσθε
403 1646 447 1673 καὶ
462 1645 572 1672 ἀκούετε
586 1645 637 1679 τῆς
650 1644 742 1681 φωνῆς
760 1653 810 1680 μου
823 1652 829 1659 ’
843 1652 926 1680 προσ-

134 1695 211 1727 έχετε
227 1693 274 1719 καὶ
288 1692 399 1719 ᾶκούετε
413 1693 475 1723 τοὺς
484 1692 579 1726 λόγους
591 1700 652 1726 μου.
671 1701 680 1716 ι
695 1691 745 1717 Διὰ
762 1690 811 1726 μὲν
831 1690 879 1717 τοῦ
890 1691 924 1725 τῇ

133 1740 208 1774 φωνῇ
221 1741 254 1774 τῇ
265 1739 297 1765 δι’
307 1739 386 1775 ἀέρος
395 1737 532 1774 φερομένῃ
541 1737 575 1764 τὰ
585 1735 643 1764 ὦτα
654 1737 783 1772 παρέχειν
791 1735 821 1762 τὸ
831 1735 925 1762 ἑνωτι-

133 1783 226 1816 ςεσθαι
242 1783 328 1819 δηλῶν
341 1792 347 1798 ·
361 1783 405 1810 διὰ
415 1784 443 1809 δὲ
456 1783 503 1809 τοῦ
521 1782 630 1809 ἀκούειν
643 1783 690 1808 καὶ
702 1781 858 1817 πειθαρχεῖν
870 1783 925 1813 τοῖς

133 1829 289 1864 Αεγομένοις
300 1829 331 1856 τὸ
346 1829 463 1856 ἀκούειν·
476 1828 520 1856 διὰ
531 1829 559 1855 δὲ
565 1828 610 1855 τοῦ
617 1830 687 1855 νοεῖν
695 1829 751 1860 τοῖς
758 1827 924 1863 σημαινομέ-

134 1883 190 1907 νοις
202 1875 380 1911 νοήμασι,τὴν
390 1875 526 1911 προσοχὴν
534 1875 582 1901 καὶ
589 1874 639 1909 τὴν
648 1873 766 1909 θεωρίαν
774 1874 921 1910 σημαίνων.

172 1930 182 1946 ι
205 1921 251 1956 Μὴ
279 1920 343 1956 ὅλην
371 1921 420 1956 τὴν
449 1921 555 1956 ἡμέραν
585 1919 742 1956 ἁροτριάσει
772 1918 923 1955 ἀροτριῶν;

133 1967 149 2002 ἦ
166 1967 268 2002 σπόρον
294 1966 495 2003 προετοιμὰσει,
521 1966 584 2002 πρὶν
610 1965 778 2001 ἐργάσασθαι
792 1964 841 2001 τὴν
854 1966 923 2000 γῆν;

133 2013 189 2047 θὺχ
214 2013 280 2039 ὅταν
293 2012 408 2048 όμαλίσῃ
425 2012 456 2038 τὸ
470 2012 616 2048 πρόσωπον
629 2011 723 2047 αὐτῆς,
741 2011 803 2037 τότε
818 2011 929 2046 σπείρει

134 2058 233 2093 μικρὸν
245 2057 410 2093 μελάνθιονῆ
421 2057 549 2092 κύμινον;
560 2056 608 2082 καὶ
619 2056 698 2083 πάλιν
711 2056 818 2091 σπείρει
827 2056 923 2091 πυρὸν,

133 2105 180 2130 καὶ
194 2103 301 2139 κριθὴν,
315 2104 362 2130 καὶ
378 2103 495 2138 κέγχρον
508 2103 555 2129 καὶ
570 2101 633 2134 ζέαν
647 2103 677 2128 ὲν
686 2103 742 2133 τοῖς
753 2101 839 2137 ὁρίοις
852 2110 898 2128 σου
915 2109 922 2134 ;

133 2150 178 2176 ml.
197 2149 364 2185 παιδευθήσῃ
379 2149 492 2185 κρίματι
513 2148 581 2176 Θεοῦ
594 2157 651 2180 σου,
674 2147 721 2174 καὶ
737 2146 922 2183 εὐφρανθήσῃ.

134 2197 172 2222 UO
192 2196 247 2231 γὰρ
264 2195 333 2231 μετὰ
350 2194 532 2231 σκληρότητος
548 2193 710 2229 καθαίρεται
725 2193 756 2219 τὸ
770 2192 922 2228 μελάνθιον,

131 2243 193 2269 οὐδὲ
207 2242 303 2278 τροχὸς
325 2241 433 2277 ἁμάξης
446 2240 568 2277 περιάξει
584 2239 631 2266 ἐπὶ
656 2239 686 2266 τὺ
706 2237 836 2273 κύμινον·
855 2238 923 2264 ἀλλὰ

134 2287 224 2322 ῥάϐδῳ
242 2286 397 2314 τινάσσεται
409 2286 439 2312 τὸ
455 2284 609 2321 μελάνθιον,
626 2283 656 2310 τὸ
673 2283 702 2310 δὲ
722 2283 833 2317 κύμινον
854 2282 923 2317 μετὰ

131 2333 216 2368 ἄρτου
232 2333 410 2368 βρωθήσεται.
423 2342 440 2358 -ι
456 2329 511 2358 Εἴθ’
527 2330 704 2365 ὑποδείγματι
725 2328 856 2364 κέχρηται
877 2337 926 2362 φυ-

133 2379 218 2414 σικῷ·
232 2379 270 2410 ὡς
288 2378 344 2413 γὰρ
358 2378 407 2413 τῆς
420 2377 490 2404 κατὰ
504 2377 553 2412 τὴν
576 2375 667 2411 χώραν
679 2377 817 2411 γεωρτίές
832 2375 924 2411 ἕτερός

132 2426 206 2451 ἐστιν
222 2425 340 2460 ὁκαιρὸς
354 2424 401 2451 τοῦ
417 2423 500 2460 ἀροῦν
518 2422 567 2458 τὴν
587 2421 689 2457 χώραν,
706 2421 752 2447 καὶ
771 2421 862 2457 ἔτερος
878 2421 924 2448 τοῦ

133 2471 255 2507 σπείρειν
272 2471 432 2506 σπέρματα,
451 2470 483 2504 τῇ
508 2467 674 2503 ὑποκειμένῃ
696 2468 731 2502 γῇ
749 2467 906 2502 κατάλληλα
917 2475 923 2481 ”

131 2517 203 2544 κατὰ
216 2514 251 2542 τὰ
268 2514 337 2541 αὐτὰ
352 2515 400 2541 καὶ
423 2514 437 2540 ὸ
459 2513 513 2539 τῶν
535 2511 629 2547 ψυχῶν
645 2509 768 2546 γεωργὸς
786 2509 833 2536 τοῦ
856 2509 924 2536 Θεοῦ

132 2563 230 2597 Λόγος,
244 2561 315 2589 κατὰ
332 2561 380 2596 μὲν
397 2560 443 2586 τὸν
467 2557 618 2594 ἐπιτήδειον
633 2555 729 2591 καιρὸν
742 2555 792 2587 τὰς
811 2554 865 2581 τῶν
878 2556 925 2582 ἀν-

131 2609 251 2646 θρώπων
269 2607 358 2643 ψυχὰς
373 2606 498 2633 νεοῦσῦαι
521 2604 662 2640 βούλεται,
683 2602 726 2629 διὰ
741 2602 792 2636 τῆς
813 2601 925 2637 λογικῆς

131 2654 307 2686 διδασκαλίας
336 2652 480 2688 ηιζοὺσης
504 2652 550 2678 καὶ
573 2649 778 2685 ἁνατεμνούσης
804 2648 867 2679 τοὺς
894 2648 927 2674 ἂν

133 2700 210 2736 βάθει
223 2699 429 2736 κρυπτομένους
441 2697 588 2732 λογισμοὺς
601 2695 640 2730 τῷ
649 2694 696 2721 τοῦ
708 2693 787 2728 λόγου
801 2693 920 2728 ἀρότρῳ.

132 2743 178 2773 Διὸ
188 2745 352 2782 προστάττει
366 2744 466 2778 λέγων·
486 2753 495 2768 ε
511 2741 640 2768 Nuitones
655 2741 762 2770 ἑαυτοῖς
783 2738 919 2773 νεώματα,

133 2791 179 2820 καὶ
205 2793 244 2828 μὴ
270 2792 400 2827 σπείρητε
415 2791 458 2816 ἐπ’
473 2788 613 2818 ἀκάνθαις.
630 2797 640 2813 ι
662 2785 788 2813 Ἐπειδὰν
807 2784 836 2811 δὲ
854 2785 922 2819 ὁμα-

131 2838 209 2874 λισθῇ
226 2837 257 2863 τὸ
268 2836 388 2872 ὡσπερεὶ
402 2835 547 2870 πρόσωπον
556 2833 604 2868 τῆς
614 2831 714 2868 ψυχῆς,
724 2831 815 2865 πάσης
825 2830 931 2861 κακίας

131 2881 352 2918 περιαιρεθείσης
379 2880 430 2914 τῆς
447 2879 530 2906 πάλαι
545 2878 574 2903 ὲν
598 2877 665 2911 αὐτῇ
691 2875 817 2902 ἀκανθῶν
843 2874 921 2909 δίκην

131 2931 256 2965 φυείσης,
269 2927 419 2966 τηνικαᾷτα
439 2925 614 2958 καταλλῆλως
636 2925 675 2957 τῇ.
686 2923 739 2950 τῶν
754 2923 916 2957 ὑποδεχομέ-

980 295 1140 322 sustinenda
1167 295 1266 322 inﬁrmi
1297 295 1414 328 essetis;
1450 294 1511 329 quia
1542 302 1608 321 vero
1643 295 1768 324 lubenter

978 342 1057 368 morti
1075 346 1101 368 et
1119 341 1224 368 inferno
1241 348 1287 368 vos
1319 340 1471 372 dedidistis,
1488 340 1585 367 scitote
1603 339 1658 373 j.un
1680 341 1767 374 ipsum

980 386 1122 414 Dominum
1148 395 1196 414 vos
1229 387 1384 413 invasurum
1413 394 1486 418 esse,
1516 392 1545 413 ut
1565 387 1600 414 ob
1617 393 1766 415 memorata

977 433 1068 471 omnia
1086 434 1154 460 iram
1170 439 1197 460 et
1210 434 1338 461 ultionem
1357 433 1454 460 inferat
1467 433 1553 460 vobis.

1013 500 1095 528 Vens.
1106 501 1152 529 2i.
1169 509 1178 526 ι
1195 500 1272 528 Sicut
1293 509 1371 528 mons
1395 501 1540 536 impiorum
1555 506 1698 535 consnrget
1713 501 1766 529 Do-

977 546 1078 579 minus,
1094 553 1121 574 et
1134 547 1187 574 erit
1203 547 1230 574 in
1245 547 1315 574 valle
1329 547 1462 574 Gabaon:
1485 555 1546 574 cum
1572 547 1666 575 furore
1686 548 1768 576 faciet

976 599 1058 627 opera
1072 600 1131 624 sua,
1148 592 1340 620 amaritudinis
1352 601 1429 628 opus.
1445 603 1454 619 ι
1473 594 1672 621 Amaritutlinis
1684 601 1766 629 opera

977 639 1010 665 iis
1023 638 1135 673 inﬂiget,
1151 639 1196 673 qui
1209 639 1245 666 ob
1269 639 1377 666 insitam
1402 639 1499 666 animae
1522 640 1664 672 malitiam,
1687 641 1764 676 quasi

976 685 1075 712 acerbo
1091 685 1209 712 remedio
1224 693 1292 719 opus
1309 686 1420 712 habent.
1440 685 1577 712 Cteterum
1599 686 1764 719 amaritudo,

977 729 1015 757 ira
1029 736 1056 757 et
1071 731 1157 764 furor,
1173 737 1200 759 et
1215 731 1312 758 similia
1340 732 1374 758 de
1397 731 1452 758 Deo
1474 732 1591 766 prolata,
1610 733 1677 760 nihil
1692 734 1765 761 aliud

976 776 1133 810 signiﬁcare
1150 777 1247 808 solent,
1270 784 1352 811 quam
1374 785 1388 803 a
1418 778 1509 804 divino
1523 778 1652 806 tribunali
1666 779 1767 807 immit-

977 823 1058 850 tenda
1077 823 1166 858 impiis
1179 823 1322 858 supplicia.
1347 832 1356 848 ι
1379 823 1464 850 Furor
1481 829 1570 850 autem
1598 824 1656 859 ejus
1676 826 1765 854 alieno

975 869 1055 898 modo
1070 875 1172 902 utetur,
1184 875 1211 898 et
1223 870 1311 897 caries
1324 870 1383 905 ejus
1398 869 1504 897 aliena:
1520 879 1530 896 ι

1011 962 1095 990 Vitas.
1111 962 1156 989 22.
1173 972 1184 988 σ
1199 962 1233 990 Ει
1255 969 1301 989 vos
1322 962 1407 990 nolite
1429 961 1524 994 laetari,
1542 969 1631 997 neque
1654 962 1766 991 confor-

975 1012 1068 1036 tentur
1081 1009 1188 1036 vincula
1205 1014 1310 1036 vestra:
1326 1009 1387 1043 quia
1401 1014 1606 1036 consult-malas
1626 1013 1653 1036 et
1665 1010 1764 1037 abbre-

975 1054 1062 1081 viatas
1078 1062 1121 1082 res
1138 1054 1228 1081 audivi
1255 1061 1270 1080 a
1294 1054 1409 1081 Domino
1431 1054 1550 1082 Sabaoth
1567 1064 1574 1081 :
1597 1062 1667 1089 quas
1683 1056 1766 1083 faciet

975 1108 1057 1135 super
1073 1101 1228 1127 universam
1245 1105 1355 1127 terram.
1371 1109 1381 1126 ›
1406 1099 1498 1134 Neque
1510 1099 1698 1128 coniortentur
1718 1108 1765 1136 pe-

975 1146 1023 1173 des
1038 1146 1131 1178 vestri,
1144 1146 1254 1180 quibus,
1274 1146 1342 1173 inito
1366 1153 1426 1173 cum
1442 1151 1529 1173 morte
1545 1145 1661 1180 imitere,
1674 1151 1702 1174 et
1718 1153 1765 1182 pa-

974 1191 1065 1219 ctione
1086 1199 1147 1219 cum
1165 1192 1275 1219 inferno
1290 1192 1372 1225 facta,
1395 1200 1444 1220 vos
1466 1193 1617 1228 colligastis
1639 1203 1646 1221 :
1672 1194 1719 1221 sed
1741 1194 1764 1221 si

975 1246 1026 1273 qua
1041 1239 1117 1266 vobis
1129 1247 1191 1274 spes
1207 1239 1303 1266 salutis
1314 1240 1445 1274 supersit,
1458 1239 1577 1274 rumpite
1595 1239 1690 1266 mortis
1705 1239 1765 1267 vin-

975 1285 1053 1313 cula:
1078 1286 1111 1312 ab
1125 1293 1168 1319 ea,
1182 1293 1263 1320 quam
1285 1285 1408 1312 laetitiam
1429 1286 1592 1319 opinamini,
1613 1286 1764 1318 abscedite,
1787 1289 1791 1292 ‘

976 1336 1156 1366 temporanea:
1169 1332 1314 1366 voluptatis
1326 1332 1406 1359 ﬁne'm
1422 1332 1520 1359 facite:
1533 1332 1629 1359 horum
1647 1340 1765 1367 namque

974 1378 1020 1412 qui
1034 1378 1142 1406 futurus
1157 1378 1219 1405 linis
1230 1378 1265 1405 sit
1277 1378 1440 1406 edidicistis.
1456 1378 1592 1406 Caeterum
1611 1387 1646 1407 ne
1665 1379 1766 1415 putetis

975 1431 1017 1450 me
1030 1424 1191 1459 prophetam
1207 1424 1302 1451 istlnec
1317 1424 1429 1452 dicere:
1448 1433 1509 1452 nam
1525 1433 1586 1460 qua:
1604 1426 1703 1453 animm
1715 1434 1766 1454 au—

976 1469 1050 1497 ribus
1061 1469 1215 1504 loquentem
1231 1470 1375 1498 Dominum
1391 1470 1512 1499 Sabaoth
1529 1473 1632 1504 audivi,
1650 1473 1706 1501 hate
1719 1481 1756 1500 vo

974 1516 1016 1543 bis
1033 1517 1201 1545 renuntiavi:
1219 1517 1276 1551 ipse
1289 1518 1389 1552 quippe
1404 1518 1510 1545 occulta
1527 1523 1554 1546 et
1567 1524 1669 1546 statuta
1685 1519 1720 1547 ab
1735 1527 1765 1547 se

975 1563 1083 1590 decreta
1095 1570 1112 1590 a
1126 1563 1202 1590 vobis
1219 1571 1273 1590 non
1288 1564 1409 1598 ignorari
1423 1564 1545 1599 expetiit.

1012 1642 1095 1669 Vens.
1115 1642 1161 1670 25.
1185 1644 1327 1671 «Auribus
1351 1643 1482 1679 percipite
1506 1648 1534 1671 et
1563 1644 1655 1671 audite
1670 1641 1764 1673 νοὼηι

976 1695 1084 1719 meam:
1099 1690 1232 1717 attendite
1249 1695 1273 1718 et
1290 1691 1381 1718 audite
1392 1691 1475 1718 verba
1496 1698 1565 1718 mea.
1585 1701 1594 1717 ι
1614 1691 1668 1719 Per
1686 1693 1764 1726 illud,

978 1742 988 1758 ι
1006 1734 1117 1762 auribus
1128 1737 1280 1771 percipere,
1293 1745 1302 1762 ι
1319 1737 1376 1764 voci
1391 1745 1439 1770 per
1452 1745 1516 1764 acra
1529 1738 1591 1765 lata
1604 1747 1684 1766 aures
1698 1747 1765 1774 pra!-

976 1780 1050 1812 bere,
1069 1782 1224 1817 signiﬁcat;
1244 1790 1292 1817 per
1310 1783 1375 1810 illud
1391 1789 1496 1816 autem,
1514 1793 1524 1809 «
1540 1785 1645 1817 audire,
1663 1794 1672 1810 ι
1692 1785 1766 1814 dicta

975 1827 1225 1864 auscultareiisque
1233 1830 1345 1864 obsequi
1356 1830 1549 1857 :attentionem
1565 1835 1652 1857 autem
1663 1836 1690 1858 et
1704 1839 1766 1866 spe-

975 1879 1137 1908 culationem
1152 1882 1436 1910 vocatdeclaratarum
1448 1890 1538 1910 rerum
1548 1883 1764 1919 intelligentiam.

1012 1926 1199 1955 Vsus.24-27.
1216 1937 1226 1954 ι
1241 1928 1375 1963 Numquid
1390 1933 1446 1956 tota
1459 1929 1503 1956 die
1514 1929 1615 1962 arabit,
1627 1930 1673 1965 qui
1688 1933 1767 1959 arat?

975 1978 1021 2000 aut
1035 1981 1126 2001 semen
1140 1975 1315 2009 praeparabit,
1329 1980 1474 2011 antequam
1494 1980 1623 2011 operetur
1642 1981 1742 2005 terram
1754 1979 1767 2006 3

975 2018 1069 2046 Nonne
1085 2028 1145 2047 cum
1160 2022 1311 2056 aequaverit
1325 2022 1500 2057 superﬁciem
1514 2022 1583 2057 ejus,
1598 2028 1664 2050 tunc
1684 2025 1766 2052 senti-

975 2066 1050 2094 nabit
1076 2074 1187 2102 parvum
1212 2075 1340 2103 papaver,
1361 2073 1410 2095 aut
1430 2069 1567 2104 cyminum
1585 2069 1596 2096 2
1617 2075 1644 2097 et
1657 2078 1764 2098 rursum

975 2113 1120 2141 seminubit
1148 2114 1282 2147 triticum,
1309 2120 1336 2142 et
1365 2115 1509 2148 hordeum,
1539 2119 1567 2142 et
1591 2116 1710 2150 milium,
1738 2123 1765 2144 et

974 2167 1089 2202 spcltam
1121 2168 1146 2195 in
1175 2167 1276 2196 ﬁnibus
1301 2168 1374 2196 tuis?
1391 2168 1423 2195 Et
1441 2169 1574 2196 erudieris
1596 2168 1700 2204 judicio
1717 2170 1764 2197 Dei

976 2213 1024 2246 tui,
1040 2217 1067 2240 et
1086 2213 1230 2241 laetaberis.
1260 2213 1316 2241 Non
1331 2215 1409 2242 enim
1427 2223 1490 2242 cum
1516 2215 1617 2242 duritia
1632 2222 1764 2251 purgatur

940 2269 960 2296 ο
975 2267 1104 2295 papaver,
1121 2268 1209 2296 neque
1227 2265 1285 2287 rota
1305 2260 1419 2296 plaustri
1432 2261 1553 2288 volvetur
1577 2269 1660 2296 super
1678 2262 1764 2297 cymi-

976 2314 1055 2339 num;
1080 2307 1126 2334 sed
1147 2307 1221 2341 virga
1239 2306 1378 2334 excutitur
1403 2314 1535 2342 papaver:
1552 2307 1687 2342 cyminum
1713 2313 1762 2334 ιιι-

977 2357 1030 2380 tem
1044 2361 1105 2380 cum
1121 2361 1192 2389 pane
1204 2353 1373 2381 comedetur.
1390 2363 1400 2379 ι
1418 2352 1539 2380 Naturali
1562 2353 1657 2380 deinde
1670 2359 1764 2380 exem-

976 2401 1020 2435 plo
1047 2401 1152 2428 utitur;
1183 2401 1411 2435 quemadmodum
1439 2399 1511 2426 enim
1536 2399 1562 2426 in
1584 2398 1762 2433 agricultura,

976 2448 1048 2475 aliud
1073 2453 1179 2483 tempus
1194 2447 1287 2474 arandi
1303 2454 1396 2481 agrum
1413 2451 1466 2479 est,
1482 2445 1556 2472 aliud
1570 2451 1635 2471 vero
1660 2444 1762 2472 semina

976 2495 1095 2522 subacta:
1111 2499 1190 2521 terra:
1204 2493 1382 2529 congruentia
1391 2491 1510 2528 jaciendi
1522 2499 1530 2524 ;
1541 2490 1635 2518 eadem
1651 2497 1765 2524 prorsus

975 2549 1080 2576 ratione
1106 2548 1259 2577 animarum
1285 2546 1414 2583 agricola,
1440 2545 1489 2573 Dei
1507 2543 1638 2576 Verbum,
1658 2543 1764 2570 animas

975 2596 1117 2624 hominum
1139 2591 1224 2627 arari,
1239 2601 1272 2622 ac
1285 2601 1335 2628 per
1345 2592 1535 2621 rationabilem
1554 2590 1708 2618 doctrinam
1727 2589 1764 2629 ιιιτ

977 2648 1064 2671 tentes
1077 2643 1131 2670 imo
1144 2646 1255 2677 pectore
1269 2639 1449 2675 cogitationes
1463 2637 1539 2665 verbi
1555 2641 1648 2663 aratro
1663 2635 1763 2662 sulcari

975 2690 1087 2726 expetit.
1109 2687 1292 2722 Quamobrem
1315 2686 1352 2713 ita
1372 2684 1493 2720 praecipit
1511 2691 1518 2709 :
1535 2681 1660 2708 «Novate
1683 2680 1764 2707 nobis

975 2736 1094 2768 novalia,
1108 2740 1136 2762 et
1154 2742 1187 2762 ne
1201 2734 1334 2761 seminate
1349 2739 1431 2766 supra
1450 2730 1555 2764 spinas.
1573 2737 1583 2754 ι
1611 2727 1762 2762 Postquam

975 2787 1064 2808 autem
1083 2780 1126 2807 illa
1143 2780 1240 2806 anima:
1255 2778 1339 2806 veluti
1351 2776 1508 2813 superﬁcies
1524 2775 1695 2809 complanata
1709 2778 1762 2805 est,

978 2827 1083 2857 sublata
1101 2826 1185 2858 omni,
1207 2825 1272 2852 olim
1297 2825 1324 2852 in
1343 2832 1381 2851 ea.
1392 2823 1532 2857 spinarum
1562 2822 1650 2858 instar
1674 2820 1764 2857 pullus

975 2873 1060 2906 lante,
1077 2873 1197 2908 nequitia
1217 2881 1225 2905 ;
1255 2877 1318 2898 tunc
1341 2870 1447 2897 ratione
1473 2869 1566 2903 habita
1596 2865 1764 2904 discriminis

975 2929 1069 2951 eorum
1086 2921 1133 2956 qui
1154 2928 1247 2950 semen
1265 2919 1415 2952 excipiunt,
1431 2917 1534 2946 semina
1547 2917 1637 2949 jacit;
1652 2915 1679 2943 in
1695 2913 1764 2942 alios
