2044 3215
174 170 226 197 297

630 169 880 199 COMMENTARIA
899 169 933 196 ΙΝ
952 168 1080 197 lSAlAM.
1102 186 1137 190 —
1153 168 1230 198 CAP.
1253 167 1348 196 XXIX.

1753 167 1804 198 εει

175 229 328 265 ἐπολέμησε
343 228 436 261 Δαυῖδ,
453 229 497 256 ὅτε
523 229 575 256 ὑπὸ
606 229 765 264 ἀλλοφύλοις
781 227 825 265 ἦν.
848 228 963 255 Δύναται

1016 233 1089 255 ctum
1105 228 1200 260 fuisse,
1218 237 1228 254 ι
1245 235 1293 262 per
1309 233 1390 262 quam
1411 226 1575 261 expugnavit
1598 225 1692 255 David.
1712 237 1721 254 ι
1739 228 1806 256 Illud

174 275 203 302 δὲ
216 275 264 302 καὶ
275 275 336 301 ἀντὶ
348 275 406 307 τοῦ,
420 285 429 300 ι
445 275 477 301 δι’
490 275 523 309 ἢν
537 275 689 311 ἐπολέμησε
705 275 795 307 Δαυῒδ,
809 285 818 301 ι
827 273 964 308 λέγεσθαι.

174 320 212 346 Τὸ
225 319 264 351 δὲ,
281 329 290 344 ι
312 319 484 354 Συναγάγετε
503 320 672 356 γεννήματα,
695 330 704 346 ι
719 321 821 356 φησιν’
838 321 898 347 ὅσον
912 320 966 355 γὰρ

174 364 253 391 οὔπω
268 365 468 401 στερηθήσεσθε
483 365 862 402 πάσηςλογικῆςτροφῆς.ὀς
872 363 966 392 ἑτιοῦν

174 410 272 445 καιρός
281 411 349 442 ἐστι,
360 410 496 446 χρήσασθε
502 412 558 443 τοίς
568 412 698 443 ἐνιαυτοῖς
705 411 811 443 τούτοις
821 411 967 447 πρδςὼφέ-

174 456 250 482 λειαν
261 455 316 482 τῶν
330 456 470 492 ὑμετέρων
481 456 574 492 ψυχῶν
585 466 592 474 ·
606 458 652 485 καί
664 467 708 494 μοι
720 458 794 485 δοκεῖ
806 458 850 484 διὰ
863 458 966 485 τούτων

174 501 340 528 αἰνίττεσθαι
356 502 402 529 τὸν
425 503 520 539 χρόνον
545 503 591 530 τοῦ
618 504 752 539 σωτηρίου
776 503 964 540 κηρύγματος,

174 547 237 574 καθ’
252 547 280 574 ὃν
292 548 464 584 ἐπιδημήσας
474 548 564 581 αὐτοῖς
573 549 587 574 ὁ
598 549 703 584 Σωτὴρ,
715 550 862 584 ἐκήρυττεν
876 549 965 575 ἐνιαυ-

173 593 221 619 τὸν
235 593 338 629 Κυρίου
352 594 445 620 δεκτόν
465 594 512 621 καὶ
532 594 640 630 ἡμέραν
654 594 868 626 ἀνταποδόσεως.
888 595 965 629 Τάχα

173 639 204 666 δὲ
217 641 264 666 καὶ
277 639 401 676 δεύτερον
414 641 504 672 αὐτοῖς
518 640 650 671 ὲνιαυτδν,
663 640 680 676 ἦ
693 641 742 667 καὶ
757 641 849 677 τρίτον
861 641 966 676 ὡμιλην

174 685 233 718 κὼς
252 686 385 722 φαίνεται.
406 687 490 713 Αὑτὸν
511 684 558 713 οὖν
577 687 679 713 ἐκεῖνον
700 686 761 714 καθ’
782 687 812 713 ὃν
834 688 966 723 παρεῖχεν

174 733 268 765 αὐτοῖς
280 732 315 759 τὰ
334 733 397 769 περὶ
418 734 467 769 τῆς
479 733 533 759 τῶν
547 733 669 768 οὐρανῶν
684 732 823 768 βασιλείας
839 733 966 769 μαθήμαυ

174 787 219 810 τα,
229 778 367 814 σημαίνων
383 778 448 814 φησι
458 788 464 793 ·
481 789 490 804 ι
502 779 673 814 Συναγάγετε
688 779 861 815 γεννήματα,
879 780 966 806 ἐνιαυ-

174 822 222 849 τδν
235 824 279 850 ἐπ’
293 823 414 852 ἐνιαυτὸν
431 823 560 858 φάγεσθε.
575 833 584 849 ι

216 879 226 895 ι
250 869 384 905 Ἐκολίψω
395 870 448 906 γὰρ
470 870 572 906 Ἀριὴλ,
588 871 636 897 καὶ
652 870 729 897 ἔσται
748 869 834 905 αὐτῆς
850 871 867 905 ή
891 871 966 906 ἰσχὺς

1017 282 1080 301 vero
1093 295 1100 305 ,
1120 283 1130 300 ι
1149 278 1310 309 congregato.
1324 273 1445 306 fructus,
1461 282 1472 298 ι
1492 273 1544 301 hoc
1570 280 1652 303 sensu
1667 274 1751 302 dicit:
1767 277 1805 303 si-

1016 321 1127 356 quidem
1147 321 1301 356 proximum
1316 324 1357 347 est
1380 324 1410 347 ut
1425 319 1580 348 rationabili
1603 320 1664 348 cibo
1677 321 1805 349 eat-eatis.

1016 365 1083 392 Dum
1098 363 1188 401 igitur
1203 371 1310 400 tempus
1321 371 1375 398 est.
1399 366 1475 394 hisce
1497 366 1577 394 anuis
1593 366 1626 393 ad
1652 366 1807 394 animarum

1016 406 1165 439 vestrarum
1181 412 1325 439 utilitatem
1343 411 1464 439 lruimini
1477 419 1485 439 ι
1500 412 1621 447 mihique
1636 412 1746 440 videtur
1763 413 1807 443 his

1016 456 1187 484 subindicare
1200 457 1328 484 salutaris
1341 458 1541 492 praedicationis
1548 459 1807 494 tempus.quoapud

1017 501 1076 529 illos
1089 502 1278 538 peregrinatus
1295 502 1436 536 Salvator,
1458 503 1618 538 praedicavit
1631 512 1733 532 annum
1751 504 1805 532 Do-

1016 547 1081 574 mini
1097 547 1292 582 acceptabilem
1308 553 1336 576 et
1352 553 1458 584 tempus
1483 549 1681 578 retributionis.
1700 550 1734 578 Et
1751 550 1807 578 for-

1017 595 1093 620 tasse
1108 593 1224 620 alterum
1239 601 1340 621 annum
1354 614 1362 627 ,
1381 595 1435 622 itno
1447 595 1517 623 forte
1533 595 1644 623 tertium
1657 615 1665 628 ,
1678 603 1740 623 cum
1753 595 1807 622 illis

1016 643 1192 665 conversatus
1211 638 1343 666 videatur.
1365 638 1442 665 Illum
1467 639 1559 673 itaque
1583 639 1671 674 ipsum
1690 645 1806 671 annum.

1016 691 1070 718 quo
1081 684 1146 718 ipsis
1154 684 1188 711 de
1202 691 1286 718 regno
1297 683 1427 711 caelorum
1441 684 1564 712 instituta
1580 684 1807 719 disciplinamque

1017 729 1138 761 tradidit,
1156 729 1316 764 signiﬁcans
1330 729 1386 762 ait,
1401 738 1411 754 ι
1429 729 1600 764 Congregate
1621 729 1737 765 fructus,
1754 737 1806 758 In-

1016 783 1080 802 num
1093 783 1175 810 supra
1190 783 1291 804 annum
1308 775 1468 804 comedetis.
1487 785 1498 802 ι

1052 865 1134 893 Vsus.
1147 865 1207 893 2-5.
1226 875 1236 892 ι
1253 865 1375 901 Aﬂligam
1392 866 1464 894 enim
1478 866 1562 899 Ariel,
1575 870 1603 894 et
1615 866 1668 895 erit
1681 866 1740 901 eius
1752 865 1807 895 ior-

175 913 224 940 καὶ
236 914 250 940 ὁ
266 913 380 945 πλοῦτος
393 914 464 950 ἐμοί.
486 915 541 941 Kal
563 914 695 942 κυκλώσω
716 915 754 947 ὡς
764 914 845 942 Δαυῖδ
860 915 906 942 ἐπὶ
921 915 961 946 σὲ,

1016 911 1100 938 titudo
1115 915 1142 938 et
1161 911 1264 938 divitia:
1279 911 1355 938 mihi.
1381 911 1414 940 Et
1429 912 1604 940 circumdabo
1625 916 1652 941 te
1667 911 1740 940 sicut
1754 913 1807 940 Das

176 959 229 986 καὶ·
244 959 319 994 βαλῶ
335 961 376 992 εἰς
391 961 510 996 χάρακα,
535 961 581 987 καὶ
593 961 772 997 οἰκοδομήσω,
785 961 860 997 θήσω
871 961 917 988 ἐπὶ
935 961 965 988 σὲ

175 1003 309 1039 πύργους.
326 1004 381 1030 Kal
395 1004 641 1040 ταπεινωθήσονται
654 1006 678 1032 οἱ
694 1005 767 1040 λόγοι
786 1014 844 1037 σου,
862 1006 910 1033 καὶ
925 1007 966 1038 εἰς

174 1049 226 1085 τὴν
236 1049 290 1084 γῆν
305 1050 330 1076 oi
350 1049 424 1084 λόγοι
444 1058 490 1076 σου
510 1050 643 1078 δύσονται.
658 1051 713 1078 Καὶ
727 1051 803 1078 ἐσται
816 1051 856 1083 ὡς
867 1052 892 1078 oi
910 1061 967 1087 φω-

175 1095 285 1128 νοῦντες
304 1096 337 1122 ἐκ
354 1096 404 1131 τῆς
421 1097 473 1132 γῆς
486 1098 502 1132 ή
520 1097 595 1133 φωνή
611 1105 669 1129 σου,
683 1097 810 1133 καὶπρὸς
824 1098 855 1124 τὸ
869 1098 966 1134 ἔδαφος

175 1142 193 1177 ἡ
206 1142 283 1177 φωνή
304 1150 351 1169 σου
365 1142 520 1178 ἀσθενήσει.
545 1143 598 1169 Καὶ
615 1143 692 1170 ἔσται
706 1143 744 1175 ὼς
761 1144 899 1180 κονιορτὸς
913 1144 967 1171 ἀπὸ

175 1187 275 1224 τροχοῦ
292 1189 307 1215 ὁ
319 1187 433 1220 πλοῦτος
452 1188 506 1215 τῶν
529 1188 646 1220 ἀσεϐῶν,
671 1189 717 1216 καὶ
737 1189 776 1221 ὡς
789 1189 869 1224 χνοῦς
886 1190 968 1227 φερό-

178 1240 259 1267 μενος
288 1232 320 1259 τὸ
343 1233 444 1268 πλῆθος
470 1233 524 1260 τῶν
546 1234 832 1262 καταδυναστευόντων
853 1244 893 1267 σε,
920 1235 967 1262 καὶ

176 1277 255 1305 Iunt
266 1278 305 1310 ὡς
317 1278 418 1314 στιγμὴ
434 1280 605 1315 παραχρῆμα
620 1280 697 1316 παρά
708 1280 811 1316 Κυρίου
823 1281 963 1308 Σαϐαὼθ.»

177 1322 284 1358 Ὠσπερ
300 1323 354 1358 γάρ
371 1331 435 1349 ποτε
455 1325 470 1350 ό
495 1324 575 1351 Δαυῖδ
593 1325 768 1360 παρεμϐολὴν
789 1325 854 1361 περὶ
876 1325 905 1352 σὲ
917 1326 967 1361 τήν

190 1366 359 1403 Ιιρουσαλὴμ
371 1367 520 1400 ἰκύκλωσε,
536 1369 579 1395 ὅτε
592 1368 747 1403 ἀλλοφύλων
755 1365 836 1404 ἦσθα,
850 1369 897 1395 καὶ
907 1369 967 1395 ἐπο-

177 1412 283 1448 λέμησὲ
303 1421 333 1439 σε
349 1412 427 1439 πόλιν
452 1411 534 1441 οὖσαν
561 1413 734 1449 ἀλλοφύλων
758 1415 829 1441 οὕτω
859 1414 937 1450 κάγὼ
952 1416 967 1442 6

177 1458 264 1485 ταῦτα
271 1458 357 1494 λέγων
370 1458 472 1495 Κύριος
484 1460 531 1486 νῦν
539 1468 569 1486 σε
581 1459 721 1487 κυκλώσω.
736 1460 902 1495 ’Δλλοφὺλων
913 1461 967 1497 γὰρ

179 1505 334 1544 οίκητήριον
356 1505 480 1540 γέγονας,
506 1506 679 1542 πληρωθεῖσα
699 1506 792 1534 κακῶν
814 1507 964 1543 ἀρχόντων.

181 1551 269 1588 “Amp
286 1551 437 1588 ἐπληροῦτο
450 1553 519 1588 μετά
534 1553 568 1579 τὰ
580 1553 749 1589 τολμηθέντα
765 1555 822 1586 τοῖς
839 1554 889 1589 τὴν
914 1554 964 1581 Ίε-

181 1598 319 1635 ρουσα).ὴμ
334 1598 438 1626 οίκοῦσι
455 1599 526 1626 κατά
546 1599 593 1625 τοῦ
619 1599 743 1635 Σωτῆρος
757 1599 837 1635 ἡμῶν
850 1600 964 1627 ἀκολού-

178 1643 244 1676 θως,
258 1639 361 1676 ὡς’καὶ
377 1643 488 1675 αὺτὺνθό
506 1644 616 1680 Σωτὴρ,
639 1645 881 1680 ἀποκλαυσάμενος
903 1645 966 1672 τότε

176 1689 228 1724 τήν
241 1689 428 1725 Ἰερουσαλὴμ,
446 1689 652 1725 ἀναγέγραπται
668 1690 797 1726 εἰρηκώς·
812 1700 822 1717 ι
837 1691 868 1718 Εἰ
879 1691 966 1725 ἔγνως

179 1735 227 1762 καὶ
246 1735 279 1763 σύ
293 1744 324 1770 γε
339 1735 374 1762 τὰ
387 1736 454 1772 πρὸς
470 1735 581 1772 εἰρήνην
599 1745 657 1768 σου,
676 1737 717 1763 ὅτι
740 1736 850 1772 ἥξουσιν
864 1736 968 1772 ἡμέραι

179 1781 226 1808 ἐπὶ
249 1781 294 1814 σὲ,
320 1782 367 1809 καὶ
387 1782 610 1818 παρεμϐαλοῦσιν
633 1783 680 1810 ἐπὶ
700 1783 729 1809 σὲ
749 1783 774 1810 οἱ
799 1783 892 1819 ἐχθροί
918 1792 966 1810 σου

181 1826 301 1862 χάρακα,
312 1827 359 1853 καὶ
372 1827 541 1854 κυκλὼσουσί
561 1836 606 1859 σε,
624 1828 671 1854 καὶ
687 1828 727 1860 εἰς
740 1827 791 1862 τὴν
805 1828 857 1862 γῆν
875 1827 968 1862 ἐδαφι-

295 1882 306 1899 ι

218 1928 228 1944 ι
247 1919 398 1955 Ἐπισκοπὴ
409 1919 462 1956 γὰρ
478 1920 555 1947 ἔσται
568 1920 638 1956 μετὰ
647 1920 771 1956 βροντῆς.
783 1919 831 1947 καὶ
840 1920 965 1956 σεισμοῦ,

180 1964 228 1991 καὶ
249 1965 341 2000 φωνῆς
359 1965 487 2000 μεγάλης,
509 1965 635 2000 καταιγὶς
661 1964 810 2001 φερομένη,
830 1965 876 1991 καὶ
900 1964 968 2000 φλὸξ

178 2010 264 2045 πυρὸς
278 2010 464 2038 κατεσθίουσα.
486 2020 496 2037 ι
510 2012 548 2038 Δι’
560 2007 597 2037 ὧν
613 2011 723 2047 ᾐνίξατο
741 2010 779 2042 ὡς
788 2011 841 2046 ἄρα
855 2010 902 2037 καὶ
917 2019 969 2037 πυ-

180 2057 324 2092 ρίκαυστος
332 2059 477 2093 γενήσεται
488 2059 504 2094 ή
519 2058 606 2090 πόλις,
623 2058 725 2085 ἄνωθεν
735 2059 767 2085 ἐκ
774 2057 842 2084 Θεοῦ
853 2057 967 2093 βροντῆς

177 2103 225 2130 καὶ
239 2103 351 2138 σεισμοῦ
371 2104 419 2130 καὶ
431 2104 585 2138 καταιγίδος
601 2104 662 2131 κατ’
676 2103 762 2139 αὐτῆς
778 2103 947 2139 ἐνεχθείσης.

215 2158 225 2174 ι
242 2150 296 2176 Καὶ
308 2149 385 2176 ἕσται
400 2150 437 2182 ὼς
454 2150 468 2176 ὁ
483 2150 712 2186 ἐνυπνιαζόμενος
721 2151 750 2177 ἐν
766 2149 842 2185 ὕπνῳ
853 2151 868 2176 ὁ
883 2148 966 2176 πλοῦ-

175 2203 223 2226 τος
240 2194 324 2222 ἐθνῶν
343 2196 463 2229 πάντων,
482 2196 539 2223 ὅσοι
560 2195 780 2232 ἐπεστράτευσαν
796 2195 844 2222 ἐπὶ
860 2195 965 2231 Ἀριὴλ,

177 2240 225 2266 καὶ
241 2239 341 2272 πάντες
354 2241 379 2267 oi
396 2241 627 2277 στρατευσάμενοι
641 2241 688 2268 ἐπὶ
711 2240 902 2276 Ἰερουσαλὴμ,
919 2240 966 2269 καὶ

176 2285 278 2317 πάντες
298 2286 323 2312 οἱ
341 2286 505 2322 συνηγμένοι
528 2287 573 2313 ἐπ’
587 2285 689 2321 αὐτὴν,
714 2286 761 2312 καὶ
779 2285 803 2313 oi
826 2285 964 2317 θλίϐοντες

176 2331 271 2367 αὐτήν.
296 2332 350 2358 Καὶ
373 2331 480 2359 ἔσονται
503 2331 541 2363 ὡς
558 2332 583 2359 oi.
601 2332 631 2358 ἐν
652 2332 730 2367 ὕπνῳ
747 2332 871 2364 πίνοντες
884 2351 891 2363 ,
915 2330 963 2358 xal.

175 2377 320 2409 ἐσθίοντες,
336 2377 382 2404 καὶ
397 2377 610 2411 ἐξαναστάντων,
630 2377 743 2413 μάταιον
758 2378 848 2405 αὐτῶν
864 2378 895 2405 τὸ
918 2378 962 2405 Ev-

176 2422 281 2449 ὑπνιον.
302 2422 358 2450 Kal.
389 2423 418 2450 ὃν
444 2423 544 2459 τρόπον
568 2423 757 2455 ἐνυπνιάζεται
772 2424 787 2450 ό
806 2423 891 2458 διψῶν
915 2423 963 2450 καὶ

175 2468 271 2501 πίνων,
286 2468 334 2495 καὶ
346 2468 496 2502 ἐξαναστὰς
511 2469 551 2496 ἐτι
566 2469 630 2505 διψᾷ
640 2477 646 2484 ·
664 2470 681 2504 ή
697 2469 726 2496 δὲ
738 2469 812 2505 ψυχὴ
823 2469 906 2496 αὐτοῦ
923 2469 963 2501 εἰς

175 2514 254 2541 κενὸν
276 2515 405 2550 ἤλπισεν·
424 2514 511 2547 οὕτως
537 2515 613 2542 ἔσται
629 2516 643 2543 ὁ
661 2515 775 2548 πλοῦτος
797 2515 852 2543 τῶν
875 2514 962 2542 ἐθνῶν

175 2560 296 2592 πάντων,
311 2560 368 2587 ὅσοι
383 2560 597 2596 ἐξεστράτευσαν
614 2561 661 2588 ἐπὶ
678 2560 709 2588 τὸ
723 2561 785 2596 όρος
802 2558 882 2588 Σιών.
896 2569 905 2585 ι
922 2560 961 2587 Δι’

174 2603 212 2634 ὧν
227 2605 337 2642 ᾐνίξατο
348 2607 398 2642 τὴν
410 2606 557 2634 ἀπόλαυσιν
570 2607 621 2642 τῆς
635 2608 663 2634 ἐν
678 2606 715 2642 τῷ
728 2607 778 2642 βίῳ
790 2606 877 2642 τούτῳ
894 2614 961 2642 τρυ-

175 2651 229 2686 φῆς
243 2652 298 2679 τῶν
321 2651 483 2687 Ῥωμαϊκῶν
500 2652 648 2688 ἀρχόντων.
669 2649 750 2680 Οὗτοι
773 2653 827 2688 γὰρ
846 2650 917 2688 ἦσαν
936 2653 962 2678 οἱ

174 2697 223 2733 τήν
237 2697 355 2733 ἐσχάτην
367 2697 522 2734 πολιορκίαν
535 2697 718 2732 ἐπαγαγόντες
726 2698 759 2733 τῇ
772 2697 959 2734 Ἰερουσαλήμ.

181 2742 280 2778 Ἐχρῆν
290 2743 342 2778 γὰρ
349 2744 422 2778 ἡμᾶς
432 2743 479 2770 καὶ
491 2751 525 2770 πε
529 2743 555 2778 pl.
562 2743 652 2770 αὐτῶν
659 2752 685 2770 τι
697 2743 803 2780 μαθεῖν.
810 2744 858 2770 καὶ
868 2742 960 2770 ὁποῖον

174 2789 252 2817 ἔσται
267 2789 314 2817 καὶ
323 2789 355 2816 τὸ
372 2790 460 2816 αὐτῶν
474 2789 550 2821 τέλος
565 2790 730 2826 διδαχθῆναι.
751 2790 836 2826 Φησὶν
849 2787 896 2817 οὖν
915 2789 961 2816 τὸν

218 2889 240 2904 ’⁸
257 2888 322 2916 Luc.
340 2897 394 2919 nx.
409 2889 453 2916 45.

340 2936 472 2966 ΡΑτιιοι..
497 2935 554 2966 Gtt.
578 2935 696 2966 XXIV.

1017 955 1072 988 vid,
1086 960 1114 984 et
1127 956 1233 991 cingam
1252 960 1277 982 te
1293 956 1374 988 vallo,
1387 961 1414 983 et
1424 960 1614 988 exstruam,et
1628 963 1727 991 ponam
1740 963 1808 984 cou-

1017 1004 1057 1027 tra
1073 1004 1098 1027 te
1112 1005 1210 1028 turres.
1228 1000 1261 1027 Et
1277 1000 1494 1027 humiliabuntur
1513 1008 1655 1029 sermones
1671 1001 1720 1033 tui,
1737 1005 1764 1028 et
1779 999 1808 1027 in

1017 1049 1118 1073 terram
1136 1045 1264 1072 subibunt
1280 1045 1362 1072 verba
1375 1050 1432 1073 tua.
1451 1045 1484 1073 Et
1497 1046 1550 1073 erit
1561 1050 1690 1080 tanquam
1703 1045 1749 1080 qui
1768 1044 1807 1071 lo-

1016 1095 1138 1125 quuntur
1154 1090 1188 1118 de
1208 1095 1280 1118 terra
1295 1097 1346 1117 vox
1372 1094 1417 1117 tua
1431 1111 1439 1123 ,
1460 1094 1488 1118 et
1503 1091 1536 1118 ad
1559 1091 1744 1126 pavimentum
1756 1095 1809 1117 vox

1018 1141 1062 1164 tua
1085 1135 1269 1163 inﬁrmabitur
1287 1143 1296 1169 ;
1321 1140 1350 1164 et
1371 1140 1452 1166 erunt
1472 1140 1600 1171 tanquam
1614 1136 1702 1170 pulvis
1718 1143 1733 1163 a
1749 1140 1809 1164 rota

1017 1181 1118 1209 divitia;
1142 1181 1299 1216 impiorum,
1312 1185 1341 1210 et
1367 1181 1438 1209 sicut
1459 1181 1551 1209 favilla
1563 1186 1701 1210 commota
1715 1181 1808 1210 multi-

1018 1228 1082 1254 tudo
1095 1235 1188 1255 eorum
1204 1227 1250 1262 qui
1267 1232 1294 1255 te
1306 1227 1450 1262 subigent:
1471 1232 1499 1255 et
1519 1228 1572 1255 erit
1595 1232 1724 1263 tanquam
1739 1235 1810 1263 pun-

1017 1278 1092 1300 ctum
1108 1273 1252 1301 confestim
1271 1281 1287 1300 a
1307 1273 1422 1301 Domino
1444 1273 1576 1302 Sabaoth.
1600 1282 1610 1300 l
1625 1273 1810 1306 Quemadmo-

1017 1319 1080 1346 dum
1095 1319 1166 1346 enim
1182 1319 1266 1346 David
1281 1319 1417 1353 quondam
1429 1324 1520 1348 castra
1533 1324 1630 1348 contra
1643 1324 1682 1352 te,
1695 1318 1809 1347 Jerusa-

1017 1364 1081 1398 lem,
1098 1364 1201 1400 posuit,
1217 1369 1298 1399 teque
1309 1364 1502 1397 circumsedit,
1518 1372 1580 1392 cum
1596 1364 1623 1392 in
1640 1364 1810 1400 alienigena-

1017 1417 1078 1437 rum
1092 1409 1194 1438 ditione
1206 1417 1293 1444 esses,
1306 1414 1386 1446 teque
1400 1410 1582 1445 expugnavit;
1595 1410 1635 1439 sic
1649 1414 1677 1438 et
1686 1418 1748 1446 ego,
1761 1410 1809 1445 qui

1017 1455 1075 1483 haec
1087 1455 1192 1491 loquor,
1207 1456 1347 1490 Dominus,
1364 1464 1437 1484 nunc
1453 1461 1479 1484 te
1495 1455 1637 1486 obsidebo.
1653 1456 1721 1484 Nam
1737 1456 1806 1485 alie-

1017 1500 1179 1535 nigenarum
1206 1500 1372 1529 domicilium
1395 1502 1525 1534 evasisti,
1549 1501 1682 1536 improbis
1705 1502 1807 1537 repleta

1018 1549 1196 1585 principibus.
1211 1550 1276 1584 Quae
1289 1550 1397 1585 impleta
1409 1554 1482 1583 sunt.
1496 1554 1557 1585 post
1572 1554 1756 1586 perpetratum
1775 1551 1810 1578 al;

1016 1596 1252 1632 Jerosolymitanis
1265 1601 1358 1625 contra
1370 1596 1539 1625 Salvatorem
1555 1601 1678 1625 nostrum
1691 1596 1810 1629 facinus;

1017 1643 1088 1671 sicut
1111 1643 1170 1678 ipse
1193 1643 1323 1673 Servator
1337 1643 1552 1679 Hierosolymam
1577 1642 1721 1678 deplorans
1744 1647 1810 1671 tunc

1017 1690 1120 1717 dixisse
1133 1689 1231 1725 legitur
1245 1696 1254 1717 :
1271 1698 1281 1716 ι
1298 1689 1329 1717 Si
1344 1689 1519 1726 cognovisset;
1534 1693 1563 1716 ct
1578 1693 1618 1722 tu.
1639 1696 1700 1724 qua:
1712 1689 1745 1718 ad
1762 1696 1810 1723 pa-

1017 1744 1078 1764 cem
1097 1741 1182 1770 tuam,
1199 1736 1262 1771 quia
1276 1735 1386 1764 venient
1400 1736 1460 1764 dies
1479 1735 1507 1763 in
1532 1740 1570 1768 te,
1600 1739 1629 1763 et
1653 1735 1808 1763 circumda-

1017 1783 1085 1811 bunt
1101 1788 1127 1811 te
1148 1783 1250 1811 inimici
1269 1783 1305 1810 tui
1324 1782 1406 1816 vallo,
1431 1786 1459 1810 et
1471 1781 1635 1810 obsidebunt
1661 1786 1689 1809 te
1701 1801 1710 1813 ,
1726 1785 1756 1809 et
1773 1781 1808 1809 ad

1018 1835 1120 1858 terram
1136 1829 1272 1865 dejicieris
1285 1830 1319 1856 ³⁸.
1340 1838 1352 1856 ι

1055 1918 1135 1947 Vens.
1151 1919 1178 1947 6.
1200 1929 1210 1946 ι
1234 1919 1361 1948 Visitatio
1377 1920 1450 1948 enim
1472 1921 1526 1948 erit
1548 1928 1609 1948 cum
1633 1921 1753 1954 tonitru,
1779 1926 1809 1950 et

1018 1968 1098 1993 teme
1116 1969 1201 1998 motu,
1217 1970 1245 1993 et
1260 1972 1325 1994 voce
1348 1973 1447 2001 magna
1471 1974 1479 1993 :
1505 1966 1622 2001 procella
1645 1966 1764 2002 irruens,
1781 1972 1809 1995 σι

1016 2009 1126 2038 ﬂamma
1139 2010 1210 2045 ignis
1224 2010 1370 2039 devorans.
1390 2020 1400 2037 ι
1416 2011 1500 2045 Queis
1514 2011 1671 2039 subindicat
1684 2012 1809 2040 incendio

1018 2055 1213 2083 absumendam
1228 2057 1336 2089 urbem,
1348 2057 1512 2085 imminente
1524 2056 1581 2084 Deo
1592 2064 1700 2085 sursum
1712 2062 1809 2086 contra

1019 2100 1092 2128 illam
1108 2101 1223 2134 tonitru,
1238 2105 1319 2129 terra
1337 2107 1439 2130 motum
1457 2106 1486 2130 et
1500 2101 1660 2137 procellam.

1056 2145 1139 2174 Vens.
1160 2146 1188 2179 7,
1204 2147 1232 2174 8.
1254 2155 1264 2172 ι
1282 2146 1315 2174 Et
1331 2151 1411 2175 erunt
1424 2151 1552 2182 tanquam
1578 2147 1626 2182 qui
1646 2148 1765 2176 somniatl
1779 2149 1808 2177 in

1018 2201 1114 2221 somno
1130 2200 1197 2228 opes
1218 2194 1337 2229 gentium
1354 2194 1494 2226 omnium.
1516 2198 1650 2229 quotquot
1674 2194 1808 2222 militave~

1021 2244 1084 2267 runt
1110 2239 1241 2267 adversus
1272 2239 1367 2271 Ariel,
1394 2243 1424 2268 et
1451 2244 1584 2278 quotquot
1621 2240 1808 2268 militaverunt

1018 2283 1150 2313 adversus
1174 2282 1346 2316 Jerusalem.
1379 2288 1407 2312 et
1444 2284 1583 2316 universi,
1619 2284 1664 2319 qui
1691 2292 1806 2319 congre-

1017 2329 1073 2364 gati
1093 2334 1156 2357 sunt
1172 2330 1302 2358 adversus
1314 2337 1373 2357 eam
1385 2350 1393 2364 ,
1407 2335 1434 2358 et
1446 2331 1494 2365 qui
1507 2330 1663 2358 afﬂixerunt
1683 2338 1755 2359 eam.
1772 2331 1806 2359 Et

1016 2379 1098 2403 erunt
1115 2375 1185 2403 sicut
1199 2375 1244 2410 qui
1261 2375 1287 2403 in
1305 2376 1407 2404 somnis
1426 2376 1521 2404 bibunt
1533 2381 1560 2404 et
1574 2375 1739 2409 comedunt;
1755 2377 1804 2405 sed

1016 2429 1078 2448 cum
1093 2427 1291 2454 surrexerunt,
1305 2430 1406 2449 vanum
1428 2427 1470 2450 est
1489 2422 1624 2450 somnium
1643 2430 1748 2451 eorum.
1772 2423 1805 2450 Et

1016 2469 1087 2496 sicut
1098 2469 1145 2504 qui
1162 2476 1209 2504 per
1224 2470 1357 2498 somnium
1375 2469 1442 2498 bibit
1456 2474 1484 2497 et
1494 2469 1658 2500 comedit.et
1670 2477 1730 2497 cum
1744 2478 1805 2497 sur-
1864 2463 1865 2466 “

1019 2514 1101 2548 rexit,
1114 2514 1203 2543 adhuc
1215 2515 1274 2544 sitit
1284 2523 1293 2541 :
1307 2515 1398 2543 anima
1413 2520 1503 2542 autem
1517 2514 1576 2549 ejus
1592 2513 1692 2542 frustra
1707 2522 1804 2549 spera-

1015 2559 1072 2593 vit;
1089 2560 1128 2588 sic
1143 2565 1225 2589 erunt
1241 2560 1341 2588 divitia:
1357 2561 1479 2595 gentium
1494 2560 1616 2588 omnium
1629 2578 1638 2592 ,
1654 2567 1714 2594 quae
1730 2560 1802 2592 ιιιμί-

1017 2608 1143 2633 taverunt
1155 2610 1250 2634 contra
1263 2611 1382 2634 montem
1398 2605 1492 2635 Sion.»
1504 2605 1552 2634 His
1565 2606 1738 2633 adumbravit
1747 2605 1788 2635 Ro
1800 2620 1804 2624 ~

1017 2658 1157 2679 manorum
1175 2652 1326 2687 principum
1343 2652 1368 2679 in
1384 2652 1435 2679 hac
1448 2652 1503 2679 vita
1519 2651 1672 2686 voluptates
1684 2656 1712 2679 et
1723 2659 1801 2686 opes.

1016 2696 1048 2725 Ili
1061 2697 1162 2732 quippe
1179 2701 1258 2726 erant
1279 2698 1325 2732 qui
1343 2702 1493 2727 extremam
1514 2697 1707 2733 Hierosolyma
1726 2699 1802 2727 obsi-

1015 2743 1122 2771 dionem
1135 2743 1310 2773 induxerunt.
1324 2743 1543 2771 Consentaneum
1559 2744 1659 2779 quippe
1673 2749 1745 2775 erat.
1769 2749 1799 2771 ut

1015 2788 1153 2824 quidpiam
1171 2788 1205 2817 ad
1222 2788 1283 2817 illos
1303 2793 1429 2824 spectans
1444 2788 1638 2823 edoceremur,
1656 2796 1705 2818 uec
1719 2790 1800 2826 iguo«

1591 2934 1639 2967 ,10
