2044 3215
268 125 323 154 299

608 123 742 152 EUSEBll
761 121 999 151 C/ESARIENSIS
1018 121 1047 149 01

1115 121 1204 149 PARS
1223 121 1265 148 ΙΙΙ.
1287 138 1321 143 -
1339 122 1545 150 EXEGETICA.

1840 121 1895 150 300

263 191 387 212 raremus
400 183 462 217 quis
474 182 579 210 illorum
594 183 701 210 futurus
714 182 775 209 ﬁnis
793 183 838 209 sit.
851 182 894 208 Ait
908 188 971 216 ergo
985 188 1047 215 opes

1102 180 1216 207 πλοῦτον
1229 180 1276 207 καὶ
1292 180 1342 216 τὴν
1353 181 1458 216 τρυφὴν
1469 181 1558 208 αὐτῶν
1575 181 1656 217 μέχρι
1672 181 1720 216 τῆς
1739 182 1894 218 ἐνεστώσης

260 230 466 264 voluptatesque
480 237 574 256 eorum
595 229 621 255 iu
640 229 690 256 hac
703 232 806 255 tantum
824 231 877 254 vita
896 232 1048 258 manentes,

260 278 372 313 perinde
387 284 417 305 se
429 277 530 304 habere
551 281 632 310 atque
657 276 759 302 somnia
786 273 990 307 dormientium,
1003 274 1048 309 qui

260 323 456 358 imaginatione
468 323 611 355 duntaxat,
624 321 666 348 illa
680 328 740 356 qua:
755 321 892 348 somniant
906 328 935 348 se
949 319 1048 347 habere

259 375 356 404 putant
373 378 380 397 :
400 370 480 397 talem
493 369 591 404 quippe
604 376 665 396 esse
681 367 762 402 hujus
778 368 870 394 muudi
891 367 1047 394 divitiarum

259 417 440 452 phantasiam.
468 415 535 442 Nam
561 420 622 450 post
649 419 810 449 praiseutem
845 413 927 441 vitam
948 420 1046 440 vanum

261 463 394 490 somnium
410 462 444 489 ab
471 462 536 496 ipsis
558 461 795 497 deprehendetur,
819 460 963 495 inanisque
985 459 1047 486 linis

261 510 416 545 voluptatis,
433 517 485 544 qua
499 516 529 536 se
544 508 596 535 frui
615 508 828 535 arbitrabantur.

297 557 377 584 Vens.
396 555 472 587 9,10.
493 565 502 580 ‹
519 555 632 582 Dent-ite
643 559 671 581 et
682 554 878 589 obstupescite,
889 558 915 580 et
931 553 1048 580 inebrie-

259 602 336 633 mini,
351 608 403 627 non
416 600 517 632 sicera,
533 606 620 634 neque
639 599 713 630 vino,
732 599 795 633 quia
811 599 914 632 potavit
931 605 978 625 vos
993 597 1046 625 Do—

260 647 348 674 minus
363 645 459 681 spiritu
475 644 692 679 compuucliouis
707 652 713 670 :
733 647 760 670 et
775 642 882 669 claudet
895 642 988 669 oculos
1002 649 1047 668 eo-

258 701 332 725 rum,
347 698 374 720 et
389 692 582 728 prophetartnn
597 697 703 722 eorum,
721 694 756 716 ct‘
771 689 922 723 principum
941 694 1045 718 eorum,

258 741 304 776 qui
320 740 412 767 vident
428 737 596 765 abseoudita.
616 746 625 762 ι
639 736 708 770 Quia
725 740 887 770 praesentem
903 734 1045 761 Dominum

259 786 397 813 hominem
413 785 513 811 factum
529 782 671 810 audientes
683 802 690 813 ,
708 788 762 808 non
788 780 998 811 intellexerunt,
1015 784 1046 804 ac

257 833 382 859 videntes
397 830 501 861 oculis,
520 829 617 856 animae
630 828 694 854 visu.
705 834 757 854 non
773 829 982 860 c0nspexerunt,
999 830 1045 849 au-

1100 226 1172 262 ζωῆς
1182 227 1356 263 ὑπάρχουσαν
1373 228 1552 259 ἐοικέναιτοῖς
1571 227 1641 254 κατὰ
1654 229 1710 259 τοῖς
1722 227 1815 260 ὕπνοις
1835 229 1892 264 (55)

1100 271 1289 307 ὀνειρώττουσι
1311 273 1357 299 καὶ
1371 273 1451 309 μέχρι
1462 273 1508 299 τοῦ
1525 273 1613 299 δοκεῖν
1626 273 1794 309 διακατέχειν
1807 275 1895 302 ταῦτα

1100 318 1240 352 νομίζουσι
1250 327 1257 333 ⁸
1269 318 1396 354 τοιαύτην
1405 319 1458 354 γὰρ
1467 317 1592 354 εἶναιτὴν
1603 319 1649 345 τοῦ
1669 320 1802 355 παρόντος
1815 321 1895 347 πλού-

1099 372 1145 390 του
1160 364 1320 397 φαντασίαν.
1334 364 1411 391 Μετὰ
1427 364 1481 400 γὰρ
1493 366 1539 391 τὸν
1554 366 1690 392 ἐνεστῶτα
1705 365 1761 400 βίον
1777 366 1893 402 μάταιον

1099 410 1191 441 αὐτοῖς
1212 411 1390 446 εὑρεθήσεται
1409 411 1438 437 τὸ
1464 412 1606 444 ἐνύπνιον,
1635 413 1682 439 καὶ
1711 412 1741 438 τὸ
1760 412 1837 444 τέλος
1858 410 1893 448 ἧς

1099 456 1223 491 ἐνόμιζον
1234 456 1381 484 ἀπολαύειν
1393 457 1509 493 τρυφῆς.

1137 556 1145 570 ι
1158 546 1304 582 Ὲκλυοῆτε
1325 548 1371 574 καὶ
1395 547 1521 584 ἐκστητε,
1548 549 1594 575 καὶ
1617 549 1823 585 κραιπαλήσατε
1842 550 1894 577 οὐκ

1098 591 1152 618 ἀπὸ
1171 592 1275 628 σίκερα,
1286 594 1346 620 οὐδὲ
1363 594 1416 620 ἀπὸ
1431 595 1516 622 οἴνου·
1538 595 1578 621 ὅτι
1596 595 1741 622 πεπότικεν
1754 596 1826 632 ὑμᾶς
1837 596 1894 623 Κύ-

1100 645 1155 672 ριος
1169 638 1302 673 πνεύματι
1313 639 1483 672 κατανύξεως
1493 648 1500 655 ⁸
1515 640 1562 667 καὶ
1573 641 1712 676 καμμὺσει
1724 642 1785 673 τοὺς
1795 641 1894 676 ὀφθαλ-

1099 684 1166 718 μοὺς
1183 684 1283 717 αὐτῶν,
1306 685 1353 712 καὶ
1366 686 1419 712 τῶν
1435 687 1583 722 προφητῶν
1598 687 1695 720 αὐτῶν,
1716 688 1762 714 καὶ
1775 687 1828 714 τῶν
1842 689 1894 724 ἀρ-

1098 729 1199 764 χόντων
1214 729 1314 761 αὐτῶν,
1328 731 1352 758 οἱ
1371 731 1487 766 ὁρῶντες
1503 732 1535 758 τὰ
1553 733 1672 768 κρυπτὰ.
1687 743 1695 758 ι
1716 733 1892 769 Ἐπειδήπερ,

1097 775 1141 801 ὅτε
1154 775 1246 810 παρῆν
1260 776 1350 808 αὐτοῖς
1369 777 1582 813 ὲνανθρωπήσας
1602 779 1616 804 ὁ
1645 778 1756 818 Κιξριος,
1775 778 1843 814 ἀκοῇ
1858 780 1893 806 ἀ-

1097 822 1222 855 κούοντες
1247 823 1340 856 αὐτοῦ,
1361 825 1390 851 οὑ
1417 825 1553 858 συνίεσαν,
1576 826 1622 852 καὶ
1641 825 1785 860 βλέποντες
1809 826 1893 853 αὑτὸν

256 885 357 913 resque
371 885 448 908 suas,
465 883 498 904 ne
511 875 651 906 audirent,
668 877 863 907 aggravarunt,
878 870 981 906 potabit
999 877 1046 896 eos

1098 867 1257 913 οφθαλμοῖς,
1278 870 1310 904 τῇ
1328 869 1421 905 ὁράσει
1436 870 1485 905 τῆς
1504 870 1591 906 ψυχῆς
1610 871 1659 906 οὐχ
1676 871 1778 906 ἑώρων,
1793 871 1840 898 καὶ
1858 871 1893 898 τὰ

261 925 390 952 Dominus
405 923 501 958 spiritu
517 920 745 956 compunctionis.

295 1015 375 1042 Vsus.
392 1015 435 1042 Η.
457 1024 465 1039 ι
476 1014 508 1040 Ει
523 1016 601 1040 erunt
612 1011 687 1038 vobis
703 1011 760 1037 hate
775 1009 865 1036 omnia
875 1007 1048 1040 verba,velut

257 1068 397 1088 sermones
412 1059 471 1087 libri
494 1057 594 1093 signati
618 1057 713 1090 hujus,
730 1062 808 1089 quem
822 1053 844 1081 si
860 1054 924 1080 dent
943 1053 1045 1080 homini

258 1107 352 1134 scienti
365 1104 627 1137 litteras,tlicentes:
645 1101 715 1136 Lege
729 1102 796 1133 hare,
814 1100 894 1131 dicet,
911 1098 969 1125 Non
984 1105 1044 1133 pos-

257 1160 316 1180 sum
335 1151 423 1185 legere
441 1160 448 1183 ;
464 1150 586 1185 signatus
602 1147 676 1175 enim
703 1150 754 1174 est.
777 1155 786 1172 ι
811 1145 847 1172 De
870 1145 904 1172 iis
923 1145 967 1178 qui
994 1144 1044 1171 sub

257 1198 316 1224 haac
332 1196 420 1231 populi
442 1203 474 1222 ex
496 1193 706 1221 circumcisione
727 1190 847 1226 praefecti
868 1190 951 1217 futuri
968 1193 1043 1221 sunt,

255 1243 345 1278 pergit
359 1241 519 1269 vaticinari:
536 1250 545 1265 ‹
564 1239 596 1266 Et
611 1243 693 1266 erttnt
709 1238 786 1265 vobis
805 1237 895 1264 omnia
912 1237 994 1262 verba
1011 1235 1044 1262 li-

257 1289 299 1316 bri
318 1298 327 1314 ι
342 1297 349 1315 τ
364 1295 423 1322 qua
441 1294 504 1314 sane
528 1286 565 1313 illi
589 1293 640 1312 non
665 1283 862 1318 intelligebant.
886 1282 959 1309 Nihil
971 1283 1043 1309 enim

258 1333 418 1361 dilferebant
432 1332 476 1359 illa
493 1333 526 1359 ab
540 1331 743 1366 obsignatorum
758 1328 853 1364 sigillis
863 1349 870 1361 ,
887 1329 923 1355 ita
948 1334 978 1355 ut
991 1335 1044 1354 non

258 1381 351 1412 posset
365 1376 519 1404 Judreorum
542 1375 612 1402 ullus
632 1374 735 1408 scripta
755 1373 917 1408 perlegere”;
942 1373 977 1400 ita
993 1372 1045 1399 illis

258 1422 366 1456 ignotos
388 1420 446 1447 fore
468 1421 506 1447 ait
533 1419 703 1455 propheticos
731 1426 888 1450 sermones,
911 1419 968 1446 sive
991 1418 1043 1446 illis

258 1473 307 1493 ore
319 1466 536 1501 pronuntiantur,
551 1465 607 1493 sive
616 1472 708 1493 eorum
721 1471 833 1499 prorsus
845 1465 962 1499 imperiti
977 1466 1041 1492 sint.

1098 910 1154 940 ὦτα
1167 914 1256 941 αὐτῶν
1271 914 1405 950 ἐϐάρυναν
1419 915 1465 941 τοῦ
1482 916 1519 952 μὴ
1536 915 1654 949 ἀκούειν,
1673 917 1778 943 ποτίσει
1794 917 1894 949 αὐτοὺς

1099 960 1200 996 Κύριος
1212 961 1347 996 πνεύματι
1363 962 1544 994 κατανύξεως.

1137 1016 1146 1031 ι
1159 1007 1213 1033 Kal.
1224 1007 1330 1034 ἔσονται
1348 1008 1412 1043 ὑμῖν
1423 1008 1457 1035 τὰ
1475 1009 1585 1044 ῥήματα
1603 1009 1690 1036 πάντα
1705 1009 1802 1039 ταῦτα,
1819 1009 1857 1041 ὡς
1868 1010 1894 1036 οι

1098 1052 1172 1086 λόγοι
1188 1052 1234 1079 τοῦ
1262 1053 1365 1088 βιϐλίου
1393 1053 1439 1080 τοῦ
1456 1055 1673 1090 ὲσφραγισμένου
1699 1055 1804 1087 τούτου,
1819 1055 1833 1081 ὃ
1844 1055 1894 1082 ἐὰν

1098 1098 1179 1125 δῶσιν
1195 1099 1259 1125 αὐτὸ
1279 1099 1414 1135 ἀνθρώπῳ
1434 1101 1608 1136 ἐπισταμένῳ
1632 1101 1784 1136 γράμματα.
1798 1102 1893 1136 λέγον-

1098 1151 1153 1175 τες·
1174 1144 1322 1178 Ἀνάγνωοι
1333 1144 1419 1171 ταῦτα
1431 1166 1437 1176 ,
1453 1146 1500 1172 καὶ
1511 1146 1578 1181 ἐρεῖ,
1593 1146 1630 1172 Οὐ
1641 1146 1757 1181 δύναμαι
1770 1147 1894 1181 ἀναγνῶ-

1099 1198 1159 1216 ναι·
1178 1190 1359 1225 ἐσφράγισται
1376 1192 1440 1227 γάρ.
1457 1201 1466 1217 ι
1484 1192 1551 1227 Περὶ
1563 1192 1617 1218 τῶν
1639 1192 1708 1227 μετὰ
1723 1192 1808 1219 ταῦτα
1824 1201 1892 1228 προ-

1100 1236 1208 1263 εστάναι
1232 1236 1381 1264 δοκούντων
1396 1237 1443 1264 τοῦ
1459 1238 1491 1264 ὲκ
1513 1239 1664 1274 περιτομῆς
1678 1239 1743 1266 λαοῦ
1756 1239 1893 1274 διέρχεται

1100 1282 1249 1314 θεσπίζωνν
1271 1292 1280 1308 ι
1296 1284 1350 1310 Καὶ
1364 1283 1470 1311 ἔσονται
1486 1285 1551 1319 ὑμῖν
1567 1285 1655 1311 πάντα
1671 1285 1704 1311 τὰ
1721 1286 1831 1321 ῥήματα
1844 1284 1892 1311 τοῦ

1100 1327 1233 1362 βιϐλίου,ν
1258 1328 1290 1354 οὐ
1320 1329 1373 1364 μὴν
1397 1330 1443 1356 καὶ
1459 1330 1593 1361 συνιέντες
1619 1330 1705 1357 αὑτά·
1732 1329 1813 1364 μηδὲν
1837 1329 1892 1365 γὰρ

1098 1373 1235 1410 διαφέρειν
1272 1375 1342 1402 αὐτὰ
1364 1376 1418 1402 τῶν
1444 1376 1724 1412 κατεσφραγισμένων
1750 1377 1891 1411 σφραγῖσι,

1097 1420 1200 1455 πρὺςτὸ
1209 1421 1245 1456 μὴ
1252 1421 1381 1448 δύνασθαί
1388 1430 1448 1449 τινα
1458 1422 1503 1449 τὸν
1513 1422 1570 1458 (54)
1579 1424 1610 1449 ὲκ
1621 1422 1668 1450 τοῦ
1681 1423 1814 1450 Ἰουδαίων
1825 1422 1891 1449 λαοῦ

1096 1467 1129 1493 τὰ
1144 1468 1357 1503 ἐγγεγραμμένα
1379 1468 1578 1503 διαγινώσκειψ
1599 1470 1683 1501 οὕτως
1696 1471 1787 1502 αὐτοῖς
1802 1470 1891 1504 ἀγνώ-

260 1522 338 1544 στους
355 1513 464 1539 ἔσεσθαι
477 1513 539 1544 τοὺς
554 1512 739 1548 προφητικοὺς
758 1512 854 1546 λόγους
868 1512 918 1539 κᾶν
926 1521 955 1539 τε
968 1512 1171 1549 ἀπαγγέλληται
1180 1515 1271 1547 αὐτοῖς
1283 1516 1336 1542 ἀπὸ
1350 1517 1492 1551 στόματος,
1502 1518 1552 1545 κᾶν
1560 1526 1588 1543 τε
1597 1518 1703 1553 ἄπειροι
1711 1514 1777 1544 ὦσιν
1790 1517 1889 1546 αὐτῶν.

299 1559 378 1586 Vens.
395 1559 436 1587 12.
459 1568 467 1584 ι
489 1559 520 1585 Et
533 1559 642 1586 dabitur
657 1558 702 1586 hic
721 1557 788 1585 liber
804 1559 830 1585 in
847 1566 942 1585 manus
957 1560 1044 1586 homi-
1059 1565 1081 1594 ο

259 1607 303 1634 nis
317 1605 462 1633 nescientis
478 1605 600 1632 litteras:
614 1609 641 1632 et
652 1604 724 1631 dicet
738 1604 774 1636 ei,
792 1604 862 1638 Lege
879 1605 947 1638 hoc;
961 1610 989 1632 et
1006 1605 1047 1632 di-

259 1656 318 1683 eet.
335 1650 394 1677 Non
414 1657 525 1684 possum
545 1650 652 1685 legere,
670 1650 760 1677 nescio
783 1650 899 1678 litteras.
927 1660 936 1676 ι
954 1651 1046 1678 Talem

261 1699 378 1724 futuram
394 1697 432 1724 ait
447 1696 633 1731 propheticam
651 1700 780 1730 mentem,
797 1704 850 1723 non
865 1697 972 1731 quidem
989 1705 1047 1725 om-

261 1744 355 1775 nibus,
377 1743 423 1770 sed
441 1743 474 1770 iis
491 1747 614 1773 tantum,
633 1743 666 1769 tle
685 1742 784 1776 quibus
803 1743 860 1770 hate
873 1743 1044 1771 vaticinatur.

260 1790 326 1817 Nam
343 1789 436 1816 sedulo
450 1789 651 1816 animadvertas
663 1796 717 1823 qua
732 1788 838 1816 ratione
851 1789 966 1823 dicatur,
988 1800 997 1816 ι
1015 1790 1047 1818 Et

260 1839 340 1862 erunt
355 1834 431 1861 vobis
442 1835 498 1862 bmc
505 1834 586 1861 verba
599 1843 607 1867 ;
621 1843 629 1860 ι
643 1834 718 1861 vobis
735 1834 840 1861 scilicet
856 1836 1045 1869 pra‘scntibus,

258 1881 422 1912 videntibus,
446 1886 473 1907 et
488 1881 669 1908 audientibus.
688 1880 796 1908 Iudaeos
815 1885 905 1908 autem
923 1882 1045 1917 alloquea

258 1928 357 1958 batur.
375 1927 452 1962 queis
468 1927 589 1961 ignotam
605 1933 667 1954 esse
686 1927 836 1961 prophetia:
855 1932 974 1955 mentem
996 1929 1046 1956 sub

261 1973 318 1999 haec
336 1972 446 2004 edocet,
461 1979 522 1999 cum
545 1972 602 1999 hzec
616 1972 721 2006 adjicit,
744 1981 753 1997 ι
775 1972 808 1999 Ει
826 1973 938 2000 audient
961 1974 986 2000 in
1005 1974 1047 2001 die

261 2018 304 2045 illa
321 2019 394 2044 surdi
409 2018 489 2045 verba
504 2018 576 2050 libri,
595 2023 623 2045 ct
636 2018 706 2045 oculi
721 2025 855 2046 caecorum
869 2019 1008 2052 videbunt,
1020 2025 1047 2048 et

261 2064 447 2091 exsultabunt.
468 2074 476 2089 ι

301 2153 380 2180 Vsus.
403 2153 495 2184 13,”.
513 2162 522 2178 ι
541 2153 570 2180 Et
594 2153 661 2180 dixit
675 2153 804 2182 Dominus
820 2163 827 2182 :
845 2156 1048 2191 Appropinquat

261 2200 328 2228 mihi
342 2200 454 2235 populus
464 2199 562 2227 hicore
573 2210 637 2234 suo,
647 2201 824 2230 etlabiissuis
839 2203 973 2231 honorant
987 2212 1045 2231 me:

260 2254 308 2274 (ξοΓ
322 2251 412 2273 autem
425 2253 519 2274 eorum
535 2247 612 2283 longe
626 2254 666 2276 υει
677 2256 691 2275 a
701 2257 754 2276 Ille.
770 2248 881 2276 Frustra
894 2255 985 2278 autem
999 2243 1084 2289 (EO-'D

261 2294 319 2320 lunt
336 2301 390 2325 me,
402 2293 531 2320 decentes
543 2300 679 2329 prwcepta
692 2295 844 2328 hominum,
853 2301 935 2330 atque
947 2298 1048 2324 doctri-

263 2347 321 2365 nas.
334 2339 490 2372 Propterea,
499 2347 562 2366 ecce
575 2339 698 2373 adjiciam
711 2341 908 2369 uttransieram
919 2343 1047 2377 populum

262 2385 345 2416 hunc,
360 2390 388 2411 et
399 2385 563 2412 transferam
578 2392 651 2412 eum.
670 2395 679 2411 ι
696 2385 729 2413 Ει
744 2387 807 2420 quia
821 2387 983 2422 sapientiam
1000 2389 1048 2416 ho-

262 2433 364 2459 minuat
379 2432 538 2466 pratl'erunt,
551 2433 613 2459 dum
628 2433 736 2460 interim
750 2435 909 2469 sapientiam
924 2440 952 2462 et
966 2437 1047 2463 verba

262 2486 320 2505 mea
336 2483 516 2511 aversantur;
536 2478 602 2505 alias
612 2486 675 2506 vero
689 2481 820 2514 quasdam
835 2481 972 2508 seniorum
989 2491 1048 2509 suo-

262 2531 321 2551 rum
336 2524 511 2555 traditiones.
530 2531 562 2551 ac
583 2525 607 2551 si
629 2525 793 2559 sapientium
809 2527 926 2553 virormn
944 2533 1044 2561 essent,

261 2575 465 2603 consectantur,
478 2569 540 2597 ideo
555 2570 710 2605 Scripturas
724 2571 833 2605 quidem
850 2580 924 2605 meas
939 2580 991 2601 non
1007 2575 1047 2601 in-

260 2617 384 2651 telligent
414 2625 421 2643 :
459 2626 467 2642 ι
495 2617 551 2652 Ego
587 2625 653 2645 vero
685 2618 846 2652 sapientiam
884 2621 1044 2655 sapientium

254 2662 368 2689 ‘illorum
388 2662 518 2696 perdam,
535 2667 562 2688 et
587 2662 757 2696 prudentiain
782 2663 945 2697 prudentum
967 2665 1047 2693 abro-

261 2708 339 2741 gaho.
358 2717 367 2732 I

299 2751 380 2779 Vens.
397 2752 441 2781 15.
458 2762 467 2778 ι
483 2753 529 2781 Vae
545 2755 590 2788 qui
608 2754 770 2789 profundum
785 2757 927 2784 consilium
945 2757 1047 2791 ineunt,

263 2802 289 2824 et
305 2806 356 2824 non
374 2806 421 2832 per
442 2799 534 2827 Deum.
550 2799 596 2827 Va:
613 2802 658 2835 qui
681 2802 709 2829 in
731 2802 890 2832 abscondito
903 2804 1047 2832 consilium

299 2855 354 2892 (35)
365 2855 434 2889 Lege
441 2855 577 2888 κατὰτοὺς
586 2856 695 2893 ὕπνους,
703 2859 744 2887 vel
754 2859 846 2896 ἐντοῖς
856 2859 958 2892 ὕπνοις.
969 2860 1047 2888 Ευιτ.

1135 1571 1143 1586 ι
1153 1562 1207 1588 Καὶ
1217 1562 1357 1596 δοθήσεται
1380 1562 1411 1588 τὸ
1420 1562 1520 1597 βιϐλίον
1533 1563 1613 1589 τοῦτο
1623 1563 1663 1594 είς
1676 1564 1769 1598 χεῖρας
1785 1563 1892 1599 ἀνθρώ-

1098 1617 1148 1635 που
1166 1609 1202 1644 μὴ
1222 1610 1405 1645 ἐπισταμένου
1420 1610 1573 1646 γράμματα
1584 1619 1590 1625 ·
1606 1611 1652 1638 καὶ
1667 1612 1725 1646 ἐρεῖ
1738 1611 1823 1647 αὐτῷ,
1846 1612 1891 1638 ‘A-

1098 1654 1214 1689 νᾶιγνωοι
1226 1655 1304 1682 τοῦτο
1313 1664 1319 1670 “
1338 1656 1385 1682 καὶ
1399 1657 1467 1692 ἐρεῖ,
1479 1656 1516 1682 Οὐ
1533 1656 1649 1692 δύναμαι
1664 1657 1828 1692 ἀναγνῶναι,
1840 1659 1891 1685 οὐκ

1097 1701 1246 1736 ἐπίσταμαι
1261 1703 1423 1737 γράμματα.
1436 1713 1445 1727 ι
1460 1702 1587 1731 Τοιοῦτον
1599 1703 1627 1730 δὲ
1641 1703 1750 1731 ἔσεσθαι
1764 1705 1810 1731 τὸν
1824 1713 1891 1740 προ-

1098 1748 1211 1783 φητικὸν
1229 1748 1302 1780 νοῦν,
1319 1749 1349 1775 οὺ
1365 1749 1448 1775 πᾶσιν
1467 1749 1630 1785 ἀνθρώποις,
1651 1750 1718 1777 ἀλλὰ
1735 1750 1825 1786 μόνοις
1840 1751 1891 1777 αὑ-

1097 1795 1162 1825 τοῖς,
1179 1793 1246 1828 πρὸς
1259 1793 1305 1825 οὓς
1319 1793 1405 1820 ταῦτα
1422 1794 1589 1827 ἐθεσπίζετο.
1604 1805 1613 1821 ι
1627 1796 1747 1832 Πρὸσχες
1763 1796 1817 1833 γὰρ
1831 1798 1892 1824 ἐπι-

1100 1839 1187 1875 μελῶς
1195 1840 1268 1872 ὅπως
1276 1841 1382 1876 εἴρηται
1392 1849 1398 1856 ·
1415 1841 1485 1868 «Καὶ
1494 1841 1569 1868 ἔσται
1579 1842 1642 1877 ὑμῖν
1656 1843 1690 1869 τὰ
1703 1844 1812 1878 ῥήματα
1825 1843 1892 1870 ταῦ-

1097 1894 1131 1911 τα
1141 1894 1147 1900 ·
1161 1895 1169 1911 ι
1182 1886 1245 1921 ὑμῖν
1261 1887 1315 1921 γάρ
1328 1895 1394 1922 φησι
1409 1888 1465 1919 τοῖς
1480 1887 1608 1923 παροῦσι.
1627 1889 1674 1915 καὶ
1689 1889 1783 1924 ὁρῶσι,
1798 1891 1845 1916 καὶ
1859 1891 1891 1916 ἀ-

1098 1930 1232 1958 κούουσιν.
1254 1940 1262 1956 ι
1275 1931 1305 1957 Ὁ
1330 1931 1358 1958 δὲ
1374 1931 1451 1965 λόγος
1467 1929 1501 1967 ἦν
1525 1933 1593 1968 πρὸς
1609 1933 1763 1966 Ἰουδαίους,
1781 1932 1821 1966 οἷς
1844 1935 1890 1961 τὸν

1097 1975 1159 2002 νοῦν
1176 1977 1224 2012 τῆς
1242 1977 1408 2012 προφητείας
1424 1977 1560 2011 ἄγνωστον
1578 1979 1751 2011 ὑποκαταϐὰς
1769 1980 1890 2007 διδάσκει

1097 2022 1129 2048 δι’
1147 2019 1184 2049 ὧν
1199 2022 1319 2057 ἐπιλέγει
1331 2032 1337 2038 ·
1357 2034 1366 2048 ι
1377 2024 1432 2050 Καὶ
1445 2024 1606 2051 ἀκούσονται
1622 2026 1650 2052 ὲν
1659 2027 1692 2061 τῇ
1711 2026 1802 2062 ἡμέρᾳ
1817 2028 1890 2054 ἐκεί-

1098 2077 1131 2104 νῃ
1145 2069 1233 2104 κωφοὶ
1247 2069 1341 2104 λόγους
1359 2070 1472 2105 βιϐλίου,
1489 2072 1534 2098 καὶ
1548 2071 1681 2107 ὀφθαλμοὶ
1692 2073 1800 2107 τυφλῶν
1811 2073 1889 2108 64m-

1098 2123 1152 2147 ται,
1167 2115 1213 2142 καὶ
1228 2116 1445 2150 ἀγαλλιάσονται.
1463 2127 1472 2142 ›

1137 2171 1146 2186 ι
1158 2162 1212 2188 Καὶ
1226 2159 1286 2188 εἷπε
1308 2162 1410 2197 Κύριος
1421 2171 1428 2177 ⁸
1458 2163 1576 2197 Ἐγγίζει
1591 2172 1636 2199 μοι
1648 2165 1662 2190 ὁ
1678 2163 1741 2195 λαὸς
1762 2161 1841 2196 οὗτος
1860 2165 1889 2191 ὲν

1099 2207 1138 2242 τῷ
1155 2208 1269 2243 στόματι
1285 2209 1378 2239 αὑτοῦ,
1393 2209 1440 2235 καὶ
1457 2210 1487 2235 ὲν
1498 2211 1554 2241 τοῖς
1570 2210 1685 2245 χείλεσιν
1699 2210 1787 2237 αὐτῶν
1801 2211 1873 2246 τιμῶ

1099 2255 1125 2280 σί
1142 2263 1191 2289 με’
1209 2256 1226 2290 ἡ
1245 2255 1273 2281 δὲ
1293 2255 1390 2291 καρδία
1407 2256 1497 2283 αὐτῶν
1518 2256 1612 2292 τεόρρω
1626 2257 1721 2292 ἀπέχει
1745 2258 1792 2284 ἀπ’
1810 2258 1886 2293 ἐμοῦ.

1097 2300 1193 2334 Μάτην
1208 2301 1235 2327 δὲ
1247 2301 1370 2328 σέϐονταί
1384 2311 1428 2337 με,
1440 2302 1610 2334 διδάσκοντες
1621 2303 1773 2338 ἐντάλματα
1785 2303 1889 2339 ἀνθρώο

1098 2356 1156 2373 πων
1174 2347 1221 2374 καὶ
1234 2347 1416 2381 διδασκαλίας.
1431 2349 1479 2375 Διὰ
1504 2349 1583 2375 τοῦτο
1600 2349 1654 2375 ἰδοὺ
1671 2349 1817 2385 προσθήσω
1842 2350 1887 2377 τοῦ

1099 2392 1254 2427 μεταθεῖναι
1267 2395 1313 2420 τὸν
1327 2394 1390 2421 λαὸν
1407 2395 1510 2427 τοῦτον,
1537 2395 1583 2422 καὶ
1607 2396 1753 2431 μεταθήσω
1770 2397 1860 2424 αὐτόν.
1876 2407 1884 2423 ι

1099 2438 1154 2463 Kal.
1170 2438 1263 2474 ἐπειδὴ
1291 2440 1387 2474 σοφίαν
1403 2439 1554 2476 ἀνθρώπων
1569 2441 1775 2476 προδάλλονται,
1795 2443 1845 2478 τὴν
1860 2444 1887 2469 ὲ-

1100 2485 1153 2518 μὴν
1169 2485 1218 2519 μὲν
1230 2485 1448 2521 ἀποστρέφοντες
1472 2487 1567 2520 σοφίαν
1589 2487 1635 2513 καὶ
1651 2488 1696 2515 τὸν
1719 2489 1784 2524 ἐμὸν
1798 2489 1886 2524 λόγον,

1098 2530 1194 2565 ἑτέρας
1205 2530 1235 2557 δέ
1249 2540 1322 2563 τινας
1336 2532 1500 2568 παραδόσεις
1513 2533 1566 2559 τῶν
1579 2535 1644 2569 παρ’
1662 2535 1752 2567 αὐτοῖς
1768 2537 1886 2571 πρεσϐυ-

1097 2576 1193 2611 τέρων,
1208 2576 1302 2612 ὥσπερ
1328 2577 1410 2603 τινῶν
1438 2577 1526 2611 σοφῶν
1539 2580 1712 2614 κατέχοντες·
1724 2579 1819 2606 τούτου
1840 2581 1888 2616 χά-

1097 2631 1140 2657 ριν
1153 2622 1202 2654 τὰς
1220 2622 1268 2658 μὲν
1287 2623 1357 2658 ἐμὰς
1380 2624 1490 2660 Γραφὰς
1510 2625 1540 2650 οὐ
1561 2627 1730 2661 συνήσουσιν.
1746 2636 1755 2651 ‹
1767 2626 1838 2661 Ἐγὼ
1858 2627 1886 2653 δὲ

1096 2668 1176 2699 αὐτὸς
1195 2668 1250 2695 τῶν
1270 2669 1358 2704 σοφῶν
1372 2670 1459 2696 αὐτῶν
1479 2670 1526 2706 τὴν
1543 2672 1638 2706 σοφίαν
1654 2672 1757 2705 ἀπολῶ,
1772 2674 1818 2700 καὶ
1837 2674 1885 2710 τὴν

1097 2713 1203 2740 σύνεσιν
1216 2714 1270 2740 τῶν
1284 2715 1402 2742 συνετῶν
1417 2715 1551 2753 ἀθετήσω.
1564 2728 1572 2742 ι

1133 2770 1142 2785 ‹
1155 2760 1223 2786 Οὐαὶ
1238 2761 1262 2786 οἱ
1272 2760 1380 2795 βαθεῖαν
1392 2761 1488 2798 βουλὴν
1499 2763 1646 2796 ποιοῦντες,
1662 2764 1708 2791 καὶ
1717 2763 1748 2791 οὐ
1755 2764 1799 2791 διὰ
1806 2764 1884 2792 Θεοῦ.

1095 2804 1164 2832 Οὐαὶ
1174 2805 1198 2831 οἰ
1214 2805 1242 2830 ἐν
1251 2808 1341 2841 κρυφῇ
1357 2807 1453 2843 βουλὴν
1468 2808 1616 2841 ποιοῦντες,
1632 2809 1678 2837 καὶ
1693 2809 1767 2837 ἔσται
1777 2811 1806 2837 ὲν
1821 2810 1883 2838 σκό-

1132 2862 1187 2899 (54)
1207 2861 1290 2892 Forte
1303 2863 1444 2900 legendum
1463 2866 1525 2894 τῶν.
1541 2866 1619 2895 Eutr.
