2044 3215
145 175 194 204 501

596 173 845 203 (ΖΟΜΜΕΝΤΑΒΙᾹ
866 173 899 201 ΙΝ
920 173 1046 202 ISAIAM.
1068 193 1101 197 -——
1119 177 1197 204 CAP.
1219 177 1314 205 ΧΧΙΧ.

1715 182 1767 209 51ὶὲ

145 245 186 264 ret
199 236 233 263 τὶ
250 236 317 272 ἔργα
341 237 443 263 αὐτῶν·
462 237 507 263 καί
521 236 622 271 ἐροῦσι,
636 237 683 268 Τίς
699 236 819 271 ἑώρακεν
841 237 931 271 huic;

984 236 1085 266 incum,
1097 242 1124 264 et
1135 243 1215 265 erunt
1230 239 1255 265 in
1270 238 1387 265 tenebris
1401 245 1480 272 opera
1495 246 1587 266 eorum
1601 248 1606 266 :
1622 245 1646 267 et
1666 241 1766 271 dicunt,

145 282 192 309 καὶ
205 282 247 314 τίς
264 283 336 317 ἡμᾶς
356 281 497 316 γνώσεται,
512 282 528 317 ἦ
541 282 558 309 ἃ
587 282 666 317 ἡμεῖς
682 282 828 316 ποιοῦμεν;
844 294 853 307 ι
876 279 931 307 Εἶτ’

145 328 294 363 ἐπειδήπερ
305 327 439 354 θεοσεϐεῖν
453 327 680 362 ἐπαγγελλόμενοι
696 329 752 359 τοῖς
766 327 892 362 χείλεσιν,
904 329 932 353 ὲν

145 373 184 409 τῷ
203 373 317 409 κρυπτῷ
333 374 366 401 τὰ
384 374 508 409 χείριστα
523 374 723 409 διεπράττοντο,
751 374 932 411 φαρμακείαις

146 420 193 446 καὶ
205 420 396 455 ἁκαθαρσίαις,
414 421 461 446 καὶ
473 420 565 452 ἄλλαις
587 420 697 454 μυρίαις
708 419 846 455 ἀθεμίτοις
861 419 932 454 πρά-

147 465 203 498 Εεσι
215 465 417 502 συμφυρόμενοι
428 475 435 481 ·
449 466 516 492 πᾶσι
525 466 553 492 δὲ
565 465 670 496 τούτοις
682 466 833 500 ἐνεχείρουν
846 465 884 497 ὡς
896 465 933 500 μὴ

145 512 296 548 ἐφορῶντος
316 511 363 539 τοῦ
378 512 446 539 Θεοῦ
456 521 462 527 ·
476 513 588 543 εἰκότως
605 512 704 544 αὐτοὺς
718 512 853 544 ταλανίζει
868 512 933 539 ταῦ-

145 567 178 584 τα
191 559 277 592 λέγων
286 567 294 574 ·

184 615 193 630 ι
207 605 263 639 Οὐχ
282 604 320 636 ὡς
334 604 417 639 πηλὸς
433 603 479 630 τοῦ
500 604 642 640 κεραμέως
663 604 872 640 λογισθήσεσθε;
887 604 933 640 Μὴ

145 652 203 686 ἐρεῖ
218 651 248 678 τὸ
263 650 374 685 πλάσμα
390 651 429 686 τῷ
455 650 586 677 πλάσαντι
610 651 686 683 αὐτὸ,
704 652 742 677 Οὐ
759 650 789 677 σύ
808 660 841 686 με
852 651 934 677 ἔπλα-

145 705 209 729 σας;
224 696 240 732 ἦ
251 696 282 723 τὸ
291 696 396 732 ποίημα
405 696 443 732 τῷ
454 697 606 732 ποιήσαντι,
619 697 657 723 Οὐ
669 697 786 728 συνετῶς
797 706 830 732 με
842 698 934 733 ἐποίη-

145 751 213 776 σας;
229 752 238 769 ι
254 743 286 769 Εί
301 742 355 778 γὰρ
378 742 409 777 δὴ
426 742 526 774 πάντες
541 742 679 778 ἄνθρωποι
698 743 775 778 πηλῷ
790 744 933 780 κεραμέως

144 788 273 823 ἐοίκαμεν
288 787 369 814 διὰτὸ
381 788 491 823 πήλινον
506 789 583 823 ἡμῶν
595 789 684 823 σῶμα,
701 789 760 820 πῶς
775 790 823 824 οὺχ
838 789 932 815 ἕπεται

144 835 226 865 νοεῖν..
241 834 281 860 ὃτι
296 834 333 869 μὴ
346 834 457 860 δυνατὸν
473 834 564 861 λαθεῖν
578 835 623 861 τὸν
641 835 764 870 ποιητὴν,
780 835 874 867 ὁποίας
889 836 934 870 ὲρ-

144 880 242 914 γασίας
253 879 369 915 ὑπάρχει
383 879 413 906 τὸ
428 881 472 906 ὑπ’
488 880 569 906 αὐτοῦ
580 880 778 916 πεποιημένον;
793 881 841 912 Τίς
855 881 933 908 δύνα-

144 935 200 958 ται,
217 926 232 961 ἦ
247 926 289 958 τίς
299 925 429 961 τολμήσει
442 926 534 960 φάναι,
548 927 588 952 ὅτι
602 926 638 962 μὴ
652 927 666 953 ὁ
677 927 742 958 Θεὸς
758 927 837 954 αὑτὸν
850 927 930 954 ἐπλα-

146 980 212 1004 σεν;
229 973 259 998 Ei
275 972 303 999 δὲ
318 973 366 999 οὐκ
384 972 417 999 ἂν
431 972 501 999 εἴποι
515 972 602 1000 ταῦτά
617 982 682 1000 ποτε
696 973 761 1008 περὶ
782 973 828 1000 τοῦ
847 983 930 1010 κερα-

147 1017 219 1052 μέως
235 1018 248 1044 ό
264 1016 441 1052 ὑποκείμενος
457 1017 531 1052 αὑτῷ
546 1017 639 1053 πηλὸς,
658 1017 746 1053 δῆλον,
763 1018 800 1050 ὡς
822 1019 929 1053 μάταιοι

146 1065 245 1096 πάντες
260 1065 286 1090 οἰ
301 1064 373 1090 ἐνδον
387 1065 419 1099 τῇ
439 1064 510 1099 ψυχῇ
527 1064 615 1091 αὐτῶν
638 1063 734 1099 βουλὴν
750 1064 858 1099 βαθεῖαν
874 1065 930 1091 δια-

145 1109 294 1144 νοούμενοι,
316 1110 362 1136 καὶ
389 1109 434 1136 τὸν
453 1110 519 1136 Θεὸν
542 1110 658 1144 οἰόμενοι
674 1109 782 1143 ἀγνοεῖν
794 1110 828 1137 τὰ
850 1111 878 1136 ὲν
892 1110 931 1145 τῷ

146 1155 234 1190 σκότῳ
251 1155 423 1190 πραττόμενα
438 1155 529 1186 αὐτοῖς
541 1154 618 1190 ἔργα.

183 1211 192 1227 ι
205 1202 304 1228 Οὐκέτι
320 1201 414 1236 μικρὸν
429 1201 478 1227 καὶ
495 1202 704 1237 μετατεθήσεται
720 1203 734 1228 ὁ
752 1201 876 1234 Λίὸανος,
894 1202 930 1234 ὡς

145 1247 175 1274 τὸ
191 1247 254 1282 ὅρος
269 1247 299 1274 τὸ
311 1246 429 1282 Χέρμελ,
442 1246 488 1273 καὶ
503 1247 533 1273 τὸ
556 1247 666 1282 Χέρμελ
679 1248 719 1278 εἰς
742 1247 843 1282 δρυμὸν
859 1248 932 1282 λογι-

146 1294 273 1329 σθήσεται
286 1301 293 1325 ;
307 1303 316 1318 ›
335 1292 447 1319 Λίϐανον
460 1292 508 1327 μὲν
524 1292 569 1319 τὸν
584 1293 614 1324 ἐξ
630 1293 712 1319 ἐθνῶν
726 1293 800 1325 λαὸν,
816 1293 931 1329 Κάρμη-

145 1339 193 1366 λον
199 1340 228 1366 δὲ
240 1339 271 1366 τὸ
278 1339 410 1366 Ἰουδαίων
427 1339 501 1370 ἔθνος
513 1338 578 1374 (55).
590 1339 717 1366 Ἕοεσθαι
727 1339 815 1367 τοίνυν
827 1348 933 1376 προφη-

145 1386 219 1412 τεύει
231 1385 261 1412 τὸ
273 1386 321 1420 μὲν
342 1385 474 1412 Ἰουδαίων
495 1385 570 1417 ἔθνος
586 1383 640 1412 οἷόν
659 1393 720 1412 τινα
734 1385 834 1421 δρυμὸν
845 1386 932 1419 ξύλων

146 1432 249 1467 ἀγρίων
266 1432 312 1458 κει)⁵
333 1431 474 1466 ἀκάρπων·
501 1431 546 1458 τὸν
565 1431 594 1458 δὲ
611 1431 693 1458 πάλαι
716 1431 811 1467 δρυμῷ
827 1432 932 1473 tamen

146 1476 272 1507 Λίϐανον,
286 1475 331 1502 τὸν
347 1475 376 1508 ἐξ
392 1476 476 1502 ἐθνῶν
501 1476 575 1507 λαὸν,
601 1477 690 1508 ὁποῖος
704 1474 737 1511 ἦν
755 1485 820 1503 ποτε
833 1477 847 1503 ὁ
869 1477 932 1504 Ἰου-

147 1521 229 1547 δαίων
239 1521 311 1553 λαδς,
328 1521 539 1557 πεπληρωμένος
552 1521 666 1557 δένδρων
678 1522 787 1557 ἀγαθῶν
803 1524 849 1549 καὶ
864 1531 931 1550 παν-

149 1567 228 1594 τοίων
243 1567 331 1602 φυτῶν
343 1577 373 1594 τε
384 1568 431 1594 καὶ
443 1567 564 1603 καρπῶν.

185 1668 194 1683 ι
207 1657 261 1684 Καὶ
275 1657 434 1684 ἀκούσονται
447 1658 476 1684 ὲν
492 1659 524 1694 τῇ
534 1658 624 1694 ἡμέρᾳ
637 1659 726 1694 ἐκείνῃ
741 1659 826 1693 κωφοὶ
839 1659 932 1692 λόγους

147 1704 262 1739 βιϐλίου,
281 1706 328 1731 καὶ
340 1705 364 1731 οἱ
374 1705 403 1731 ἐν
415 1704 455 1740 τῷ
475 1704 574 1737 σκότει,
591 1706 638 1732 καὶ
648 1706 671 1732 οἱ
690 1706 717 1732 ἐν
734 1707 767 1741 τῇ
780 1705 890 1741 ὁμίχλῃ·
905 1705 933 1731 ὸ-

147 1751 266 1785 φθαλμοὶ
280 1750 386 1785 τυφλῶν
406 1751 525 1784 ὄψονται,
542 1761 550 1776 ι
573 1751 655 1782 Ποίας
674 1751 702 1777 δὲ
720 1751 850 1786 βίϐλου,ἢ
867 1752 932 1778 ταύ-

146 1806 196 1832 της
208 1797 291 1831 αὐτῆς
300 1797 348 1832 τῆς
361 1798 428 1832 μετὰ
435 1799 537 1832 χεῖρας,
549 1798 613 1832 περὶ
626 1794 658 1833 ἦς
671 1797 798 1833 ἀνωτέρω
808 1798 914 1832 ἐλέγετο
924 1807 930 1813 ·

153 1853 162 1868 ι
175 1843 255 1878 Ὑμῖν
271 1843 304 1870 τὰ
321 1844 429 1879 ῥήματα
438 1844 524 1871 ταῦτα
539 1845 637 1877 πάντα,
659 1845 696 1876 ὡς
709 1847 732 1872 οἱ
747 1845 820 1880 λόγοι
834 1845 881 1872 τοῦ
892 1846 932 1881 βι-

150 1889 225 1915 ϐλίου
238 1888 283 1915 τοῦ
300 1890 513 1925 ὲσφραγισμένου
524 1891 628 1919 τούτου.
640 1901 649 1918 ›
673 1891 753 1919 Ἀλλὰ
766 1892 805 1927 τῷ
822 1892 871 1927 μέν
886 1902 933 1919 πο-

147 1943 178 1961 τε
195 1935 344 1970 Καρμήλῳ.
359 1936 548 1972 μεταϐληθέντι
565 1937 593 1963 δὲ
610 1938 649 1969 είς
665 1938 776 1972 δρυμὸν,
791 1938 897 1965 ἔσονται
907 1941 932 1965 οἱ

147 1980 221 2015 λόγοι
243 1981 290 2007 τοῦ
313 1981 414 2016 βιϐλίου
440 1982 487 2017 τῆς
513 1983 678 2018 προφητείας
702 1985 931 2020 ἐσφραγισμένοι·

147 2028 204 2058 τοῖς
217 2027 246 2054 δὲ
261 2027 343 2054 πάλαι
360 2028 468 2062 τυφλοῖς
490 2028 537 2055 καὶ
551 2030 579 2055 ὲν
593 2028 632 2064 τῷ
645 2029 740 2065 δρυμῷ
756 2029 803 2056 τοῦ
817 2029 932 2058 Λιϐάνου

147 2072 356 2108 λελογισμένοις,
375 2073 580 2109 μεταϐληθεῖσιν
592 2074 637 2100 ἐπὶ
650 2074 679 2101 τὸ
692 2075 793 2110 ἥμερον
810 2075 857 2102 καὶ
867 2084 934 2111 καρ-

148 2119 276 2153 ποφόρον,
301 2119 428 2146 ἀκουστοὶ
449 2119 608 2155 γενήσονται
631 2121 656 2146 oi
683 2120 755 2154 λόγοι
766 2121 820 2147 τῶν
848 2120 925 2148 θείων

147 2167 333 2202 γραμμάτων·
353 2166 398 2193 καὶ
417 2167 442 2192 οἱ
456 2166 539 2193 πάλαι
549 2166 577 2192 δὲ
591 2166 666 2198 ὄντες
684 2168 713 2193 ὲν
728 2166 767 2201 τῷ
785 2166 875 2193 σκότει
889 2166 934 2193 καί¹

147 2212 176 2238 ἐν
194 2213 227 2247 τῇ
252 2212 360 2248 ὁμίχλῃ,
375 2211 444 2238 ὥστε
460 2211 497 2247 μὴ
513 2211 620 2247 βλέπειν
633 2213 702 2247 μήτε
719 2212 848 2244 συνιέναι,
866 2212 933 2247 μήτε

147 2260 229 2290 νοεῖν,
249 2258 292 2284 διὰ
316 2258 345 2284 τὺ
359 2257 474 2292 τυφλοὺς
488 2257 559 2292 ἔχειν
581 2257 644 2288 τοὺς
667 2257 830 2292 ὀφθαλμοὺς,
849 2254 931 2289 οὗτοι,

147 2304 297 2341 παραδόξου
315 2304 463 2339 μεταϐολῆς
479 2303 646 2336 ἀξιωθέντες,
666 2303 762 2338 θεωροὶ
775 2304 932 2338 γενήσονται

147 2351 200 2377 τῶν
209 2350 421 2384 ἐναποκειμένων
429 2350 457 2376 ὲν
463 2351 517 2380 τοῖς
528 2349 608 2381 θείοις
615 2349 757 2384 γράμμασι
769 2357 854 2384 μυστη
860 2349 932 2384 ρίων.

184 2406 194 2422 ιι
204 2397 259 2423 Καὶ
277 2395 482 2429 ἁγαλλιᾱισονται
495 2395 596 2430 πτωχοὶ
611 2394 655 2421 διὰ
673 2395 774 2430 Κύριον
785 2395 814 2420 ἐν
834 2395 932 2430 εὐφρο-

147 2442 224 2478 σύνῃ,
247 2442 294 2468 καί
316 2443 340 2468 oi
367 2441 567 2476 ἁπηλπισμένοι
592 2440 644 2467 τῶν
663 2440 812 2475 ἀνθρώπων
826 2440 931 2476 ἐμπλη-

146 2489 291 2524 σθήσονται
306 2489 481 2523 εὐφροσύνης.
497 2498 505 2513 ι
534 2488 581 2519 Τίς
594 2487 647 2522 γὰρ
665 2487 713 2514 καὶ
732 2487 855 2523 διενοήθη
874 2489 931 2514 πώ-

145 2544 211 2561 ποτε
223 2535 285 2566 τοὺς
297 2536 329 2561 ἐκ
345 2535 468 2570 πατέρων
478 2534 681 2570 εἰδωλολάτρας,
693 2534 789 2566 ἀθέους
797 2535 874 2567 ὕντας
886 2536 932 2561 καὶ

145 2581 253 2612 ἀσεϐεῖς
277 2581 323 2606 καὶ
339 2580 492 2615 ἀλλοτρίους
519 2580 567 2615 τῆς
589 2579 714 2614 γνώσεως
731 2581 777 2607 τοῦ
801 2580 877 2613 Θεοῦ,
895 2581 934 2612 εἰς

144 2627 271 2662 τοιαύτην
287 2626 362 2661 ἧξειν
377 2625 486 2657 ἐλπίδα;
504 2626 597 2661 Ὅμως
613 2623 695 2659 δ’,οὗν
718 2626 764 2652 καὶ
780 2636 789 2652 ‹
805 2627 829 2652 οἱ
847 2626 934 2662 ἀπηλ-

146 2672 283 2707 πισμένοι,
325 2672 400 2706 φησὶ,
428 2671 482 2697 τῶν
503 2671 653 2707 ἀνθρώπων

145 2718 324 2754 εὐφροσύνης.
338 2728 346 2743 ι

183 2775 192 2791 ι
205 2764 342 2797 Ἐξὲλιπεν
354 2764 463 2799 ἄνομος,
482 2764 528 2790 καὶ
548 2763 670 2790 ἀπώλετο
687 2764 870 2799 ὑπερήφανος,
885 2764 931 2790 καὶ

691 2672 928 2707 ὲμπλησθήσονται

146 2810 382 2846 ἐξωλοθρεύθησαν
399 2810 424 2836 οί
441 2808 603 2843 ἀνομοῦντες
622 2809 668 2835 ἐπὶ
684 2809 776 2844 κακία.
790 2819 799 2835 ι
823 2809 930 2835 Τούτων

145 2856 345 2883 ἀπολαύσουσιν
362 2851 434 2883 οὗτοι
456 2854 566 2887 πάντες,
581 2855 674 2888 ἐπειδὴ
690 2856 704 2882 ό
719 2855 801 2882 πάλαι
824 2854 932 2890 κρατῶν

984 282 1048 314 Quis
1062 283 1128 309 vidit
1143 291 1192 310 nos
1208 284 1220 310 ?
1237 288 1283 310 aut
1298 283 1359 318 quis
1384 291 1434 310 nos
1459 289 1602 318 cognoscet
1613 303 1620 316 ,
1645 290 1691 312 aut
1709 293 1767 320 qua-

984 334 1033 354 nos
1049 328 1183 356 facimus?
1199 339 1208 354 ι
1224 329 1325 356 Deinde
1342 329 1404 363 quia
1423 336 1453 356 se
1472 329 1555 356 Deum
1577 330 1665 358 colere
1690 331 1768 357 labiis

983 372 1151 407 proﬁtentes,
1177 374 1203 400 iu
1226 374 1332 401 occulto
1351 374 1467 408 pessima
1492 382 1605 410 quaeque
1626 381 1764 410 perpetra-

983 418 1058 451 bant,
1076 419 1101 445 in
1115 419 1262 452 vencﬁciis,
1286 419 1474 452 immunditiis,
1491 425 1520 447 et
1544 421 1680 448 sexcentis
1708 420 1768 446 aliis

984 465 1094 492 nefariis
1106 466 1189 499 gestis
1202 472 1262 493 sese
1270 464 1438 494 volutantes:
1458 467 1568 500 haecque
1580 466 1672 494 omnia
1690 465 1767 500 quasi

984 520 1038 539 non
1063 513 1243 547 prospiciente
1268 513 1323 540 Deo
1342 514 1529 549 peragebant;
1553 514 1615 549 jure
1640 514 1700 542 illos
1724 513 1768 541 his

985 558 1073 585 verbis
1087 558 1202 586 miseros
1215 559 1381 593 deprmdicat
1400 568 1407 586 :

1021 603 1101 631 Vens.
1117 604 1160 631 16.
1180 613 1190 630 ι
1207 603 1302 633 Nonne
1317 610 1347 632 ut
1362 605 1446 632 lutum
1464 605 1536 640 ﬁguli
1554 605 1767 640 reputabimini?

984 647 1051 675 Num
1068 649 1140 675 dicet
1156 649 1312 683 ﬁgmentum
1326 650 1413 677 ﬁctori
1435 658 1494 683 suo,
1507 650 1548 677 Tu
1562 658 1604 678 me
1616 658 1668 678 non
1687 651 1767 678 ﬁnxi-

983 694 1038 721 sti?
1054 699 1101 721 aut
1120 702 1187 729 opus
1215 695 1315 729 opiﬁci,
1325 695 1363 722 Tu
1378 703 1419 723 me
1433 704 1486 724 non
1502 697 1635 731 sapienter
1644 697 1763 724 fecistiit

984 740 1017 766 At
1031 741 1102 766 enim
1121 741 1142 767 si
1164 748 1257 768 omnes
1278 741 1399 768 homines
1419 741 1453 768 ob
1468 741 1570 769 luteum
1587 750 1686 776 corpus
1708 742 1765 769 luto

985 786 1056 821 ﬁguli
1070 787 1173 815 similes
1186 795 1291 819 sumus,
1305 788 1354 824 qui
1367 796 1420 821 non
1432 794 1629 822 consequenter
1642 794 1766 824 putemus

984 839 1036 858 non
1048 838 1125 865 posse
1138 832 1259 866 opiﬁcem
1277 833 1372 866 latere,
1384 841 1451 868 quas
1459 839 1629 869 opemtzoaes
1639 834 1697 863 edat
1706 834 1766 869 opi-

985 877 1078 905 ﬁcium
1098 879 1196 905 suum?
1213 879 1278 912 Quis
1291 879 1381 907 dicere
1395 880 1479 914 possit
1492 880 1532 907 Vel
1545 881 1651 913 audeat,
1668 889 1698 908 se
1712 889 1765 908 non

984 930 998 949 a
1016 923 1068 950 Deo
1079 924 1248 951 eﬁortnatum
1262 926 1338 953 esse?
1349 926 1423 958 Quod
1440 926 1462 952 si
1479 927 1504 952 id
1523 927 1603 962 ﬁgulo
1615 927 1765 961 subjectum

984 968 1034 1003 ipsi
1054 968 1139 996 lutum
1164 977 1300 1004 nunquam
1316 971 1433 1004 dixerit;
1451 972 1538 1005 palam
1558 979 1632 1000 certe
1646 977 1687 1000 est
1702 972 1766 1000 futi-

983 1014 1023 1044 les
1041 1019 1069 1042 et
1090 1023 1174 1043 vanus
1193 1024 1255 1044 esse
1272 1024 1366 1044 omnes
1387 1018 1431 1052 qui
1455 1018 1529 1046 intus
1547 1018 1573 1045 in
1596 1020 1688 1046 animo
1702 1026 1766 1054 pro-

984 1060 1064 1087 funda
1078 1061 1187 1091 consilia
1212 1062 1316 1095 ineunt,
1330 1067 1357 1089 et
1378 1071 1438 1097 qua
1454 1063 1504 1097 ipsi
1524 1064 1550 1090 in
1567 1064 1684 1092 tenebris
1697 1063 1765 1092 iaci.

984 1114 1049 1134 nora
1068 1108 1162 1138 edunt.
1182 1108 1264 1134 Deum
1287 1108 1411 1143 ignorare
1430 1110 1597 1137 existimant.
1641 1119 1643 1122 ·

1019 1192 1102 1220 Vens.
1123 1193 1166 1220 17.
1190 1203 1199 1219 ι
1223 1194 1318 1223 Nonne
1337 1196 1422 1223 adhuc
1442 1197 1587 1232 paululum,
1604 1203 1631 1225 et
1651 1199 1765 1227 transfe-

984 1243 1060 1266 retur
1077 1238 1195 1267 Libanus
1213 1241 1284 1268 sicut
1303 1249 1380 1269 mons
1399 1242 1531 1273 Chermel.
1549 1248 1576 1270 et
1595 1244 1718 1272 Chermel
1739 1247 1765 1273 in

985 1285 1080 1312 saltum
1101 1286 1270 1321 reputabitur
1287 1287 1299 1314 ?
1321 1297 1331 1314 ι
1361 1288 1491 1316 Libanum
1512 1290 1618 1324 quidem
1639 1292 1767 1326 populum

985 1338 1016 1358 ex
1038 1331 1173 1366 gentibus,
1188 1332 1340 1361 Carrncluui
1361 1342 1424 1362 vero
1442 1334 1579 1362 Judaicam
1597 1342 1703 1371 gentem
1721 1345 1768 1365 vo-

986 1382 1039 1404 cat.
1060 1377 1116 1406 Ceu
1130 1380 1274 1412 quemdam
1298 1379 1397 1406 saltum
1417 1382 1563 1415 agrestium
1577 1387 1605 1409 et
1619 1382 1768 1411 infructuo-

985 1431 1075 1451 sarum
1090 1425 1218 1453 arborum
1233 1424 1290 1452 fore
1303 1424 1444 1452 Iudaicum
1457 1426 1583 1461 populum
1592 1428 1765 1455 vaticinatur.

984 1471 1116 1499 Libanum
1134 1476 1235 1504 autem,
1246 1473 1292 1506 qui
1310 1472 1373 1499 olim
1397 1473 1476 1500 saltui
1489 1474 1585 1502 similis
1599 1481 1669 1507 erat,
1684 1482 1767 1510 popu-

985 1517 1040 1543 lum
1054 1517 1180 1545 videlicet
1193 1525 1226 1545 ex
1240 1518 1377 1553 gentibus,
1399 1518 1517 1546 futurum
1533 1520 1581 1551 ait,
1596 1520 1684 1555 qualis
1701 1521 1765 1548 olim

984 1566 1043 1589 erat
1065 1561 1193 1590 Judaicus
1215 1563 1347 1597 populus,
1377 1563 1484 1598 plenum
1511 1565 1588 1593 bonis
1613 1557 1765 1598 arboribus,

983 1609 1157 1642 omniumque
1170 1616 1297 1643 generum
1314 1609 1414 1644 plantis
1424 1615 1449 1636 et
1462 1609 1604 1638 fructibus.

1019 1653 1100 1682 Vens.
1117 1653 1158 1681 18.
1178 1664 1187 1680 ι
1205 1654 1237 1680 Ει
1249 1654 1358 1685 audient
1377 1655 1404 1682 in
1418 1655 1522 1682 die'illa
1535 1656 1608 1683 surdi
1623 1659 1766 1685 sermones

983 1700 1056 1733 libri,
1071 1706 1097 1728 et
1116 1702 1161 1735 qui
1181 1701 1208 1727 in
1229 1702 1366 1733 tenebris,
1386 1707 1412 1729 et
1431 1702 1475 1736 qui
1495 1702 1520 1729 in
1541 1702 1674 1738 caligine;
1694 1702 1764 1730 oculi

984 1753 1115 1773 carcerum
1145 1746 1283 1773 videbunt.
1310 1756 1320 1771 ι
1342 1746 1425 1781 Cujus
1452 1746 1535 1778 libri.
1559 1747 1609 1774 nisi
1638 1747 1761 1782 hujusce,

983 1799 1061 1826 quem
1082 1799 1137 1826 prae
1157 1791 1279 1819 manibus
1298 1791 1444 1824 habemus,
1466 1793 1499 1819 de
1518 1800 1571 1826 quo
1591 1800 1671 1826 supra
1691 1792 1764 1820 dice-

984 1839 1079 1872 batur,
1099 1848 1108 1863 ι
1129 1838 1211 1865 Vobis
1230 1839 1310 1865 verba
1330 1838 1387 1865 haec
1405 1838 1494 1865 omnia
1507 1858 1515 1869 ,
1536 1837 1609 1865 velut
1627 1845 1766 1865 sermones

984 1886 1082 1920 signati
1103 1885 1163 1913 libri
1189 1885 1288 1919 hujus?
1309 1895 1318 1911 ι
1339 1883 1436 1912 Verum
1458 1885 1482 1911 ei
1506 1884 1550 1919 qui
1576 1884 1639 1912 olim
1659 1884 1764 1918 quidem

984 1931 1134 1965 Carmelus,
1149 1932 1196 1959 sed
1210 1932 1265 1966 jam
1280 1936 1398 1958 mutatus
1410 1936 1450 1958 est
1466 1932 1491 1958 in
1505 1930 1613 1963 saltum,
1625 1934 1706 1958 erunt
1720 1931 1766 1956 hu-

982 1978 1059 2012 jusce
1083 1978 1143 2005 libri
1168 1983 1195 2005 et
1222 1978 1371 2013 prophetia:
1393 1985 1531 2004 sermones
1558 1976 1690 2012 obsiguati
1705 1984 1711 2009 ;
1727 1977 1764 2003 illi

984 2030 1049 2050 vero
1068 2022 1114 2057 qui
1133 2023 1196 2050 olim
1216 2024 1290 2054 caici,
1310 2028 1337 2049 et
1356 2023 1382 2049 in
1402 2022 1470 2048 saltu
1490 2021 1585 2048 Libani
1607 2021 1767 2055 reputaban-

986 2072 1029 2095 tur
1048 2076 1118 2099 esse.
1139 2073 1281 2102 poetquam
1306 2067 1340 2094 ad
1363 2073 1530 2094 mansuetum
1547 2071 1575 2094 et
1596 2066 1766 2094 fructuosum

985 2120 1087 2140 morem
1096 2113 1215 2140 translati
1223 2113 1332 2145 fuerint,
1341 2112 1494 2139 divinarum
1503 2113 1640 2146 Scriptura
1646 2120 1674 2138 ru
1680 2119 1703 2138 In
1710 2119 1767 2139 ser-

986 2167 1080 2187 mones
1096 2159 1226 2192 audient;
1247 2165 1274 2186 et
1291 2160 1335 2194 qui
1353 2159 1417 2186 olim
1434 2160 1460 2186 iu
1477 2159 1595 2187 tenebris
1612 2164 1639 2185 et
1652 2159 1768 2194 caligine

985 2207 1174 2238 versabantur,
1203 2206 1238 2233 ita
1255 2211 1283 2232 ut
1305 2213 1356 2232 non
1372 2205 1510 2237 viderent,
1527 2212 1614 2239 neque
1637 2204 1768 2238 intellige-

987 2256 1056 2284 rent,
1074 2260 1162 2286 neque
1173 2251 1340 2285 cogitarent,
1356 2253 1418 2285 quia
1435 2251 1520 2278 oculis
1535 2252 1599 2278 εοιεὶ
1611 2255 1689 2277 erant
1702 2270 1709 2282 ,
1724 2250 1766 2276 in-

987 2303 1141 2330 exspectata
1158 2298 1306 2324 mutatione
1326 2296 1444 2331 dignati,
1462 2298 1649 2331 mysteriorum
1670 2296 1696 2322 in
1721 2303 1766 2322 sa-

987 2345 1041 2371 cris
1058 2344 1155 2371 litteris
1172 2343 1372 2371 reconditorum
1387 2343 1571 2379 speculatores
1587 2347 1676 2368 erunt.

1022 2390 1103 2417 Vsus.
1129 2390 1171 2418 19;
1208 2400 1217 2416 ι
1238 2390 1270 2417 Et
1294 2391 1468 2418 emultahunt
1491 2398 1620 2424 pauperes
1656 2394 1767 2424 propter

987 2436 1129 2464 Dominum
1143 2438 1168 2464 in
1187 2437 1289 2470 lmtitia,
1310 2443 1394 2471 etspc
1420 2437 1540 2464 destituti
1564 2436 1698 2467 homines,
1717 2435 1767 2461 im-

986 2483 1130 2517 plebuntur
1144 2483 1246 2510 hctitia.
1265 2493 1275 2509 ι
1290 2482 1355 2515 Quis
1383 2483 1453 2509 enim
1477 2489 1595 2515 unquam
1621 2481 1767 2516 cogitasset

987 2536 1043 2560 eos,
1062 2529 1105 2562 qui
1124 2537 1137 2555 a
1154 2529 1301 2564 majoribus
1318 2528 1475 2559 idolulatrm,
1494 2527 1565 2553 aihei
1580 2532 1607 2553 ct
1620 2526 1693 2560 impii
1705 2546 1712 2556 ,
1729 2530 1767 2552 at-

987 2583 1039 2610 que
1053 2583 1067 2601 a
1084 2575 1129 2602 Dei
1144 2576 1297 2610 cognitione
1311 2574 1390 2601 alicui
1410 2579 1502 2605 erant,
1529 2578 1629 2599 tantam
1645 2573 1670 2598 in
1691 2579 1765 2606 spem

987 2627 1116 2648 venturos
1125 2621 1206 2648 fuisse
1215 2622 1226 2648 ?
1235 2622 1369 2652 Attamen,
1382 2621 1430 2652 ait,
1440 2620 1520 2647 etiam
1531 2619 1560 2650 ii,
1572 2619 1616 2652 qui
1629 2628 1637 2642 ι
1653 2627 1699 2652 spe
1721 2619 1767 2645 dc-

988 2668 1074 2694 stituti
1090 2666 1168 2694 erant
1184 2667 1316 2697 homines,
1335 2665 1518 2700 implebuntur
1534 2664 1634 2690 laetitia.
1658 2674 1667 2689 ι

1018 2759 1100 2787 Vens.
1118 2759 1163 2786 ‘20.
1180 2767 1189 2784 ι
1210 2757 1315 2785 Deiecit
1334 2757 1453 2791 iniquus,
1475 2760 1502 2782 et
1519 2756 1601 2790 periit
1623 2756 1766 2791 superbus,

984 2811 1013 2833 et
1028 2806 1108 2833 deleti
1133 2808 1197 2831 sunt
1217 2803 1310 2838 inique
1336 2807 1447 2837 agentes
1474 2809 1529 2836 prae
1546 2802 1660 2829 malitia.
1685 2811 1694 2828 ι
1719 2802 1767 2829 His

983 2851 1109 2879 fruentur
1126 2851 1153 2878 hi
1170 2856 1282 2883 omnes,
1295 2849 1357 2884 quia
1373 2848 1396 2876 is
1415 2848 1461 2883 qui
1482 2848 1547 2876 olim
1571 2847 1715 2883 imperium
1740 2852 1768 2875 et

181 2913 239 2949 (55)
261 2914 359 2942 Deesse
374 2912 481 2941 vidctur
499 2911 607 2946 aliquod
625 2911 748 2945 verbum,
767 2919 793 2939 ν.
805 2919 843 2946 g.,
858 2910 944 2938 καλεῖ.
961 2909 1040 2943 Eon.
