2044 3215
268 183 320 210 503
600 181 733 209 EUSEDlI
753 178 994 208 CESARIENSIS
1014 178 1091 206 OPP.

268 238 438 274 tyrannidem
453 239 478 266 in
487 245 538 267 eos
549 239 700 272 obtinebat,
716 239 824 274 iniquus
837 244 864 267 et
881 239 980 274 impius
994 239 1057 274 qui-
1071 240 1095 269 Α

267 286 329 313 dam
344 285 487 320 princeps,
505 285 631 313 diabolus
648 286 758 320 inquam
773 305 781 318 ,
805 285 907 313 defecit
926 291 954 313 et
977 285 1059 320 periit

267 331 346 367 longe
360 331 500 367 depulsus,
519 331 652 366 superbus
667 331 720 362 ille.
737 332 784 366 qui
800 332 864 359 olim
876 332 950 367 ipsos
961 331 988 359 in
1001 339 1057 359 ser-

266 378 380 406 vitutem
397 378 548 413 redegerat.
561 377 707 405 lmoetiam
719 378 764 412 qui
774 378 824 405 sub
839 378 960 412 eoimpie
969 379 1058 406 ctini-

267 432 321 459 que
331 424 456 459 agebant.
467 424 545 452 deleti
554 428 632 457 sunt;
650 423 762 458 maligni
771 424 897 452 videlicet
911 425 1057 452 daemones.

303 469 386 498 Vsus.
400 469 445 497 21.
465 478 475 495 ι
494 469 544 503 Qui
561 477 677 504 peccare
689 470 795 498 faciunt
811 470 936 498 homines
957 470 984 498 in
1001 478 1060 498 ser—

267 522 358 543 mone.
376 516 477 544 Omnes
494 520 586 542 autem
603 519 749 551 arguentes
767 516 794 543 in
811 516 897 551 portis
911 516 1059 544 oll'endicu-

267 562 323 589 lum
339 566 442 598 ponent
465 570 472 588 :
491 562 620 597 quoniam
639 563 818 590 detorserunt
838 563 872 590 ad
888 563 989 598 injusta
1014 564 1059 598 ju-

267 613 349 635 stum.
369 617 380 634 ι
397 607 464 635 Nam
481 608 622 643 prophetis
637 616 666 636 se
681 616 772 636 coram
794 610 973 645 arguentibus
985 630 993 643 ,
1014 617 1058 637 se-

267 662 320 690 que
335 662 349 682 a
367 655 499 690 peccandi
511 655 709 682 consuetudine
726 656 913 684 avertentibus
924 676 932 688 ,
947 656 1060 691 laqueos

267 701 424 734 tendebant,
436 701 596 729 occasiones
612 701 741 729 adversus
751 709 798 729 cos
813 707 964 736 captantes,
980 707 1010 730 ut
1020 703 1061 738 ip-

266 753 312 774 sos
331 746 485 780 perderent.

302 792 387 820 Vens.
410 793 508 826 22,25.
532 802 541 819 ε
568 793 716 828 Propterea
745 793 802 821 ha:c
833 794 900 822 dicit.
929 794 1061 823 Dominus

266 847 349 875 super
366 834 475 868 domum
493 839 589 873 Jacob,
611 847 691 875 quam
705 840 844 876 separavit
855 848 889 868 ex
905 840 1058 868 Abraham:

266 885 325 914 Non
345 893 416 913 nunc
435 885 616 913 confundetur
631 884 734 919 Jacob,
761 893 850 921 neque
869 893 941 913 nunc
958 886 1057 914 faciem

266 931 383 959 mutabit
398 939 405 957 :
418 932 467 958 sed
492 931 601 965 quando
621 930 753 958 videbunt
782 931 830 958 lilii
850 938 944 959 eorum
973 939 1056 967 opera
1073 920 1095 948 Β

265 985 340 1010 mea,
359 982 471 1012 propter
487 984 531 1004 me
549 977 758 1006 sanctiﬁcabunt
781 985 879 1005 nomen
904 985 1012 1011 meum,
1030 982 1058 1006 et

266 1024 477 1052 sanctiﬁcabunl
487 1023 619 1051 Sanctum
633 1024 728 1057 Jacob,
744 1028 771 1051 et
784 1024 868 1052 Deum
881 1023 963 1052 Israel
979 1025 1058 1052 time-

264 1071 343 1098 bunt.
366 1081 375 1097 ι
394 1070 448 1098 Vos
459 1071 529 1103 dico.
547 1071 656 1098 domum
667 1069 751 1097 Jacoh
766 1074 877 1098 vocatos
898 1079 905 1098 :
927 1077 1009 1105 quam
1029 1074 1058 1097 ut

265 1118 394 1154 religioso
417 1118 462 1145 illo
486 1117 645 1144 Abrahamo
680 1116 818 1151 indignam
857 1116 1009 1151 separavit,
1031 1121 1059 1144 et

265 1165 369 1192 alienos
387 1164 449 1192 illos
470 1163 563 1200 posuit
579 1163 668 1195 Deus;
690 1163 754 1197 quia
778 1170 808 1190 se
827 1155 881 1190 non
902 1163 1058 1190 Abraham.

266 1212 362 1246 dignos
384 1218 445 1239 esse
472 1210 602 1245 operibus
633 1209 810 1237 exhibebant.
842 1208 876 1235 At
906 1209 979 1235 enim
1010 1208 1057 1235 lilii

266 1258 384 1285 Abrahae
396 1257 525 1292 operibus
539 1261 690 1284 noscuntur
701 1276 708 1289 ,
725 1259 755 1282 ut
770 1255 861 1283 docuit
873 1255 1003 1283 Servator
1015 1255 1058 1283 his

266 1303 373 1330 verbis:
394 1312 403 1329 ι
424 1303 453 1330 Si
480 1301 529 1329 lilii
558 1302 674 1335 Abrahm
699 1300 806 1332 essetis.
832 1307 915 1334 opera
944 1300 1059 1328 Abralue

265 1345 435 1374 faceretis".
455 1354 464 1371 ι
482 1344 623 1378 Quodnam
648 1350 716 1370 vero
741 1347 848 1378 tempus
872 1342 938 1369 illud
963 1342 1056 1374 luerit.

264 1391 317 1419 nisi
332 1398 385 1426 quo
402 1390 484 1418 verba
501 1397 560 1418 mea
575 1390 786 1424 complebuntur
797 1409 804 1421 ,
823 1396 884 1417 cum
904 1388 952 1416 lilii
974 1389 1058 1416 vestri

265 1437 434 1472 alienigenas
446 1441 474 1464 et
490 1436 583 1472 generi
600 1440 691 1464 vestro
703 1440 850 1463 extraneos
869 1442 967 1464 nomen
985 1434 1059 1463 cele-

265 1482 347 1509 brare
364 1488 453 1509 meum
472 1480 622 1508 videbunt?
637 1480 714 1508 Tune
739 1480 811 1507 enim
827 1480 878 1515 ipsi
902 1479 948 1507 lilii
972 1480 1058 1508 vestri

265 1527 463 1555 conl‘undentur
475 1531 502 1554 et
514 1527 676 1554 erubescent
687 1546 694 1559 ,
709 1526 872 1561 stupendum
895 1525 970 1554 illam
985 1533 1055 1561 gen-

265 1575 333 1601 tium
350 1573 527 1601 mutationem
545 1577 707 1605 cernentes,
731 1571 936 1608 conspicatiquc
961 1571 1058 1599 alieni-

265 1627 348 1656 genas
377 1620 500 1647 homines
529 1618 659 1646 Sanctum
689 1618 772 1646 Israel
798 1623 826 1646 et
858 1619 942 1646 Deum
972 1617 1057 1646 Jacob

265 1666 449 1698 sanetillcarc,
464 1673 496 1693 ac
510 1665 557 1692 Dei
575 1665 764 1693 universorqu
782 1663 974 1693 timore'alliei.

300 1758 383 1787 Vsus.
395 1759 441 1786 ‘24.
465 1767 474 1784 α
491 1758 523 1786 Et
538 1758 625 1786 scient
638 1758 682 1792 qui
699 1762 790 1785 errant
811 1757 910 1793 spiritu
922 1777 931 1791 ,
955 1756 1057 1785 intelli-

265 1805 384 1841 gentiam
407 1814 414 1832 :
432 1805 477 1840 qui
496 1810 587 1831 autem
606 1804 816 1831 obmurmurant
829 1824 836 1837 ,
860 1803 968 1831 discent
993 1803 1058 1830 obe-

266 1852 410 1885 dientiam,
422 1857 451 1879 et
465 1851 562 1886 lingua:
575 1849 759 1877 balbutientes
777 1849 883 1876 discent
909 1848 983 1883 loqui
1007 1855 1058 1883 pa-

266 1905 335 1926 cem.
356 1908 365 1924 »
383 1897 495 1933 Lingua:
515 1896 706 1929 balbutientes,
722 1903 781 1930 quae
799 1895 866 1922 nihil
886 1895 976 1928 clare,
990 1895 1058 1922 nihil

266 1953 329 1973 vere
355 1943 428 1978 loqui
455 1947 593 1978 poterant,
623 1942 655 1969 ad
673 1946 798 1968 naturam
816 1948 949 1976 regressa:
966 1948 1056 1972 suam,

266 1989 419 2017 clarissime
432 1988 588 2022 loquentur,
610 1986 685 2022 pacis
705 1993 848 2014 sermones
871 1985 994 2018 edoctae;
1011 1989 1056 2012 ut-

266 2040 330 2070 pote
349 2042 409 2069 quae
429 2038 456 2061 et
471 2033 543 2061 bello
560 2032 672 2065 liberm,
686 2037 714 2059 et
727 2039 821 2067 pacem
841 2039 904 2058 eum
925 2031 980 2058 Deo
996 2038 1056 2058 am-

266 2081 352 2116 plexa:
366 2081 428 2108 sint.

558 2123 674 2152 CAPUT
690 2123 774 2151 XXX.

304 2167 386 2201 Vsus.
403 2173 461 2201 1-5.
479 2172 535 2205 Vae,
555 2171 601 2199 lilii
620 2172 794 2202 desertores,
819 2170 886 2197 dicit
915 2169 1055 2199 Dominus.

267 2221 371 2249 lniistis
387 2219 542 2251 consilium,
556 2225 609 2245 non
625 2224 672 2252 per
684 2224 726 2245 me
747 2225 755 2250 ;
773 2220 800 2244 ct
819 2220 897 2251 pacta
911 2236 918 2248 ,
941 2223 995 2243 non
1009 2223 1058 2252 per

266 2267 393 2303 spiritum
406 2271 511 2296 meum;
526 2267 556 2290 nt
572 2262 708 2290 adderetis
721 2265 832 2296 peccata
848 2261 968 2296 peccatis
989 2269 996 2288 :
1010 2261 1057 2295 qui
1074 2268 1096 2296 ι)

266 2314 371 2342 vadunt
400 2316 428 2339 et
464 2309 633 2338 descendunt
664 2308 691 2335 in
717 2306 881 2342 Egyptum,
902 2314 944 2334 me
968 2311 1058 2334 autem

266 2368 321 2388 non
334 2360 551 2393 interrogarunt,
563 2360 593 2382 ut
606 2354 735 2382 auxilium
748 2354 866 2381 habeant
878 2361 893 2381 a
904 2351 1057 2386 Pharaone,

267 2413 296 2436 el.
317 2409 492 2443 protegantur
509 2403 543 2431 ab
566 2401 713 2438 Algyptiis.
728 2401 788 2428 Erit
814 2401 887 2428 enim
903 2400 982 2428 vobis
995 2407 1059 2435 pro-

268 2455 352 2484 tectio
369 2453 520 2481 Pharaonis
536 2451 564 2479 in
587 2450 787 2481 confusionem,
805 2454 832 2477 et
857 2449 890 2477 iis
903 2449 950 2484 qui
973 2449 1060 2476 conli-

268 2504 337 2530 dunt
358 2500 387 2529 in
414 2499 532 2534 [Egypto
545 2518 552 2530 ,
571 2497 748 2532 opprobrium
764 2504 770 2522 :
787 2496 916 2531 quoniam
941 2500 1007 2523 sunt
1032 2495 1059 2522 in

269 2547 336 2575 Tani
346 2546 493 2582 principes,
505 2544 592 2580 angeli
604 2543 678 2572 mali.
692 2543 803 2571 Frustra
816 2542 979 2570 laborahttnt
989 2542 1060 2577 apud

268 2595 410 2630 populum,
423 2592 469 2628 qui
482 2591 523 2619 eis
538 2598 591 2618 non
606 2590 728 2624 proderit
740 2590 774 2616 ad
790 2589 922 2616 auxilium
934 2609 942 2622 ,
965 2589 1012 2616 sed
1025 2588 1059 2615 ad

270 2639 457 2668 confusionem
468 2636 694 2672 etopprobrium.
711 2645 720 2661 ι
739 2637 838 2670 Aperte
851 2634 984 2665 declarat,
997 2639 1061 2661 tunc

270 2686 410 2712 dmmonas
432 2682 459 2710 in
484 2681 604 2718 Egypto
625 2681 719 2712 fuisse,
745 2687 815 2715 quos
837 2679 950 2715 angelos
974 2679 1061 2707 malos

270 2732 426 2763 nuncupat,
443 2727 488 2762 qui
502 2726 588 2754 multa
612 2725 796 2761 operabantur
827 2725 853 2753 in
877 2724 924 2752 illa
949 2723 1061 2760 Egypti

270 2775 380 2802 civitate
401 2782 462 2809 qua:
481 2773 582 2802 dicitur
592 2773 676 2801 Tanis
688 2793 696 2805 ,
713 2772 758 2800 ubi
774 2772 820 2800 illo
843 2776 965 2807 tempore
986 2772 1060 2807 regia

304 2834 327 2848 ¹⁷
338 2833 418 2860 Joan.
432 2841 490 2866 vttt,
502 2833 547 2860 59.

304 2881 361 2915 (36)
382 2880 488 2917 Mallem
503 2881 594 2917 legere
606 2881 838 2917 ἀποστρέφοντας.
848 2880 933 2917 νΕιητ.

1111 178 1202 206 PARS
1221 178 1266 206 III.
1286 195 1320 200 -—
1340 179 1546 208 EXEGETICA.
1856 182 1910 208 504

1109 238 1199 265 αὐτῶν
1223 239 1269 265 καὶ
1288 238 1438 273 τυραννῶν,
1472 239 1572 274 ἀνομός
1590 246 1632 271 τις
1657 238 1704 266 καὶ
1730 238 1831 274 ἀσεϐὴς
1858 239 1909 274 ἄρ-

1110 293 1176 318 χων,
1195 284 1265 318 λέγω
1288 284 1320 320 δὴ
1346 284 1426 316 αὐτὸς
1448 284 1462 310 ὁ
1488 284 1620 318 διάϐολος,
1645 283 1769 317 ἐξέλιπεν
1787 284 1836 311 καὶ
1854 284 1910 310 ἀπ·-

1110 329 1194 356 ώλετο
1201 330 1310 365 μακρὰν
1323 329 1456 365 διωχθεὶς,
1465 330 1479 356 ὁ
1492 329 1575 356 πάλαι
1585 329 1911 365 καταδουλωσάμενοςαύ-

1109 377 1172 408 τοὺς
1180 377 1363 412 ὑπερήφανος·
1373 376 1440 403 ἀλλὰ
1449 377 1496 404 καὶ
1503 377 1526 402 οἰ
1535 376 1587 403 ὑπὸ
1594 376 1681 412 τούτῳ
1689 377 1853 408 ἀσεϐοῦντες
1861 377 1910 404 ἐπὶ

1109 422 1201 458 ἀδικίᾳ
1223 422 1470 458 ὲξωλοορεὺθησαν,
1486 422 1586 458 δηλαδὴ
1603 422 1627 449 οἱ
1641 423 1754 458 πονηροὶ
1768 413 1919 457 δαίμονεςί

1148 477 1157 493 ι
1171 468 1202 494 Οἱ
1230 467 1371 500 ποιοῦντες
1396 467 1556 503 ἀνθρώπους
1581 468 1750 503 ἁμαρτάνειν
1770 468 1800 495 ὲν
1821 468 1906 504 λόγῳ,

1110 513 1217 546 Πάντας
1224 514 1252 541 δὲ
1267 514 1330 546 τοὺς
1346 514 1508 549 ἐλέγχοντας
1523 514 1552 541 ὲν
1567 513 1664 545 πύλαις
1680 514 1847 549 πρόσκομμα
1858 514 1908 550 θή-

1111 568 1217 587 σουσιν·
1233 560 1275 586 ὅτι
1297 559 1467 594 ὲπλαγίασαν
1496 560 1539 586 ἐπ’
1554 559 1658 592 ἀδίκοις
1682 560 1795 586 δίκαιον.
1809 569 1818 586 ι
1835 560 1908 592 Τοὺς

1110 606 1164 642 γὰρ
1177 607 1319 642 προφήτας
1333 607 1373 637 εἰς
1389 606 1535 641 πρόσωπον
1554 606 1652 638 αὐτοὺς
1671 606 1842 641 ἐλέγχοντας,
1860 607 1909 633 καὶ

1109 652 1164 679 τῶν
1190 651 1398 687 ἁμαρτημάτων
1417 651 1631 688 ἐπιστρέφοντας
1648 652 1718 687 (56),
1734 652 1906 686 ἑπαγίδευον,

1110 697 1196 730 λαϐὰς
1207 698 1268 725 κατ’
1277 698 1366 725 αὐτῶν
1375 697 1538 733 θηρώμενοι,
1547 698 1621 730 ὅπως
1633 698 1730 730 αὐτοὺς
1739 698 1907 726 ἀπολέσωσι.

1149 799 1159 816 ι
1170 789 1218 817 Διά
1238 788 1317 816 τοῦτο
1332 789 1395 816 τάδε
1416 789 1490 824 λέγει
1506 789 1607 824 Κύριος
1625 789 1671 816 ἐπὶ
1685 789 1731 816 τὸν
1758 786 1832 816 οἶκον
1853 789 1908 816 Ἰα-

1110 835 1179 868 κὼϐ,
1192 836 1222 863 ὃν
1235 835 1373 872 ἀφώρισεν
1389 835 1420 868 ἐξ
1438 835 1579 871 Ἀϐραάμ’
1589 835 1627 862 Οὐ
1640 835 1688 862 νῦν
1695 835 1908 871 αἰσχυνθήσεται
1950 828 1957 837 ”

1110 882 1219 915 Ἰακὼϐ,
1242 882 1302 909 οὐδὲ
1328 882 1376 909 νῦν
1407 882 1437 909 τὸ
1456 882 1601 918 πρόσωπον
1622 882 1790 918 μεταϐαλεῖ·
1809 883 1868 909 ἀλλ’
1880 883 1911 909 ὃ·

1108 939 1157 957 ταν
1171 930 1246 957 ἴδωσι
1260 929 1295 956 τὰ
1306 929 1389 956 τέκνα
1402 929 1492 956 αὐτῶν
1505 929 1540 956 τά
1551 928 1619 964 ἔργα
1632 937 1693 964 μου,
1710 928 1745 955 δι’
1764 929 1815 964 ἐμὲ
1826 929 1909 963 ἁγιά-

1110 985 1186 1003 σουσι
1198 976 1230 1002 τὸ
1243 975 1330 1011 ὄνομά
1346 983 1408 1010 μου,
1424 975 1471 1002 καὶ
1485 974 1682 1010 ἀγιάσουσιτὺν
1690 975 1785 1009 ’Δγιον
1795 974 1907 1007 Ἰακὼϐ,

1109 1021 1215 1049 καὶτὸν
1226 1021 1292 1048 Θεὸν
1319 1021 1367 1048 τοῦ
1389 1021 1497 1058 Ἰσραὴλ
1522 1021 1732 1057 φοϐηθήσονται.
1744 1030 1753 1047 ι
1776 1021 1864 1057 Ύμᾶς
1878 1021 1909 1048 δὲ

1108 1068 1190 1102 λέγω,
1205 1068 1252 1095 τὸν
1281 1067 1449 1104 καλούμενον
1474 1066 1548 1094 οἷκον
1568 1067 1675 1101 Ἰακὼϐ,
1700 1067 1730 1095 ὃν
1755 1068 1806 1095 οὐκ
1831 1068 1910 1101 ἀξιον

1108 1115 1173 1142 ὄντα
1194 1114 1242 1141 τοῦ
1266 1113 1406 1149 θεοφιλοῦς
1427 1114 1532 1141 ἐκείνου
1554 1113 1680 1150 Ἀϐραὰμ
1707 1114 1840 1150 ἀφώρισε,
1859 1115 1909 1141 καὶ

1108 1160 1330 1196 ἀπηλλοτρίωσεν
1345 1160 1445 1192 αὐτοὺς
1461 1161 1475 1186 ὁ
1489 1159 1565 1192 Θεὸς,
1579 1159 1624 1186 διὰ
1644 1160 1674 1186 τὸ
1691 1160 1729 1196 μὴ
1743 1161 1800 1192 τοῖς
1815 1160 1909 1196 ἔργοις

1108 1206 1199 1239 ἀξίους
1215 1205 1262 1232 τοῦ
1282 1205 1406 1242 Ἀϐραὰμ
1419 1205 1589 1241 καταστῆσαι
1604 1206 1728 1238 ἑαυτούς.
1744 1206 1785 1232 Τὰ
1795 1206 1850 1242 γὰρ
1863 1207 1909 1233 τέ.

1108 1260 1161 1279 κνα
1173 1251 1220 1278 τοῦ
1240 1252 1366 1288 Ἀϐραὰμ
1380 1251 1424 1278 διὰ
1441 1251 1495 1279 τῶν
1510 1252 1597 1289 ἔργων
1615 1253 1785 1288 γνωρίζεται,
1801 1253 1910 1284 ὡς’ὲδίν

1107 1297 1186 1330 δαξεν
1201 1299 1215 1325 ὁ
1230 1297 1324 1334 Σωτὴρ
1341 1296 1441 1324 εἰπών·
1468 1307 1477 1324 ι
1490 1298 1521 1325 Εἰ
1539 1298 1622 1325 τέκνα
1637 1299 1686 1325 τοῦ
1707 1299 1833 1335 Ἀϐραὰμ
1846 1297 1908 1335 ἦτε,

1107 1344 1142 1371 τὰ
1156 1343 1224 1379 ἔργα
1239 1345 1285 1371 τοῦ
1310 1343 1436 1379 Ἀϐραὰμ
1451 1344 1579 1372 ἐποιεῖτε.
1594 1355 1604 1372 ι
1622 1345 1671 1378 Τίς
1689 1346 1711 1373 δ’
1723 1346 1757 1373 ἃν
1770 1346 1813 1382 εἴη
1830 1344 1909 1379 οὗτος

1107 1391 1122 1417 ὀ
1133 1391 1239 1426 καιρὸς,
1254 1390 1271 1426 ἢ
1289 1392 1302 1418 ὁ
1311 1391 1361 1426 τῆς
1375 1391 1516 1423 ἐκϐάσεως
1528 1391 1582 1417 τῶν
1597 1391 1671 1426 ἐμῶν
1684 1391 1781 1426 λόγων,
1801 1392 1862 1418 καθ’
1879 1392 1909 1419 ὃν

1107 1437 1142 1464 τὰ
1155 1437 1238 1464 τέκνα
1252 1436 1287 1463 τὰ
1304 1436 1426 1472 ὑμέτερα
1444 1437 1507 1468 τοὺς
1518 1437 1671 1471 ἁλλογενεῑς
1690 1437 1738 1464 καὶ
1752 1437 1909 1473 ἀλλοτρίους

1107 1483 1155 1510 τοῦ
1171 1483 1306 1519 ἡμετέρου
1321 1482 1416 1517 γένους
1431 1483 1542 1518 δέκονται
1557 1482 1717 1516 δοξάζοντας
1730 1484 1760 1510 τὸ
1774 1484 1841 1520 ἐμὸν
1851 1485 1910 1512 δνο-

1111 1537 1167 1564 μας
1184 1528 1252 1555 Τότε
1266 1529 1321 1564 γὰρ
1336 1527 1407 1555 αὐτὰ
1422 1527 1456 1555 τά
1471 1528 1594 1564 ὑμέτερα
1608 1529 1690 1556 τέκνα
1705 1530 1908 1566 καταισχυνθήσ

1109 1584 1186 1603 σεται
1201 1575 1248 1602 καὶ
1268 1575 1495 1612 διατραπήσεται,
1516 1576 1622 1612 ὁρῶντα
1643 1577 1675 1604 τὸ
1690 1577 1842 1613 παράδοξον
1858 1578 1908 1613 τῆς

1109 1621 1162 1649 τῶν
1175 1621 1259 1648 ἐθνῶν
1278 1622 1441 1658 μεταϐολῆς,
1456 1622 1503 1649 καὶ
1517 1623 1554 1654 ὡς
1567 1623 1707 1658 ἀλλόφυλοι
1725 1633 1796 1656 τινες
1813 1624 1909 1660 ἄνδρες

1112 1665 1158 1693 τὸν
1168 1666 1262 1701 Ἀγιον
1270 1666 1317 1694 τοῦ
1335 1667 1443 1704 Ἰσραὴλ
1458 1668 1505 1696 καὶ
1519 1668 1564 1695 τὸν
1577 1669 1643 1695 Θεὸν
1651 1669 1698 1696 τοῦ
1717 1669 1814 1696 Ἰακὼϐ
1829 1670 1909 1704 ἀγιά-

1109 1712 1195 1745 ζουσι,
1203 1713 1250 1739 καὶ
1260 1713 1341 1748 φόϐον
1348 1713 1526 1741 ἀναλάϐονται
1536 1715 1592 1750 (37)
1600 1714 1647 1741 τοῦ
1656 1715 1702 1742 ἐπὶ
1711 1715 1819 1742 πάντων
1826 1715 1906 1743 Θεοῦ.

1147 1767 1157 1784 ‹
1170 1759 1224 1786 Καὶ
1240 1759 1389 1794 γνώσονται
1402 1761 1427 1786 οἰ
1447 1760 1619 1796 πλανώμενοι
1631 1761 1670 1797 τῷ
1684 1762 1820 1797 πνεύματι
1850 1762 1909 1790 σύν-

1109 1813 1185 1832 εσιν·
1208 1806 1233 1831 οἱ
1248 1806 1277 1832 δὲ
1290 1807 1472 1841 γογγύζοντες
1487 1807 1655 1844 μαθήσονται
1683 1809 1841 1841 ὑπακούειν,
1859 1809 1907 1836 καὶ

1109 1852 1138 1878 αἰ
1157 1851 1278 1886 γλῶσσαι
1295 1853 1324 1879 αἰ
1339 1853 1512 1888 ψελλίζουσαι
1539 1854 1706 1891 μαθήσονται
1728 1855 1818 1883 λαλεῖν
1831 1856 1908 1892 εἰρή-

1109 1906 1168 1933 νην.
1182 1907 1191 1923 ›
1216 1899 1248 1925 Αἰ
1264 1899 1386 1933 γλῶσσαι
1404 1901 1432 1927 αἰ
1452 1899 1624 1935 ψελλίζουσαι
1640 1901 1688 1928 καὶ
1710 1902 1792 1937 μηδὲν
1807 1902 1907 1938 τρανὸν

1111 1943 1178 1979 μηδὲ
1193 1944 1293 1981 ἀληθὲς
1307 1946 1395 1973 λαλεῖν
1412 1946 1570 1983 δυνάμεναι,
1591 1948 1632 1979 εἰς
1643 1947 1673 1974 τὸ
1686 1948 1756 1975 κατὰ
1769 1948 1850 1983 φύσιν
1860 1947 1906 1975 ἐλ-

1110 1988 1217 2024 θοῦσαι,
1236 1992 1397 2028 τρανὼτατα
1410 1993 1568 2028 λαλήσουσι,
1591 1993 1724 2028 μαθοῦσαι
1740 1995 1850 2030 εἰρήνης
1863 1994 1908 2020 λό-

1109 2043 1184 2069 γους,
1197 2037 1236 2069 ὼς
1255 2037 1288 2064 ἂν
1307 2038 1407 2070 παντὸς
1425 2039 1631 2075 ἀπηλλαγμέναι
1652 2039 1781 2075 πολέμου,
1798 2041 1843 2067 καὶ
1857 2047 1906 2076 την

1109 2082 1179 2117 πρὸς
1194 2083 1262 2111 Θεὸν
1277 2085 1389 2120 εἰρήνην
1402 2085 1608 2120 ἀσπασάμεναι.
1709 2080 1712 2083 ⁸

1379 2131 1579 2158 ΚΕΦΛΛΔΙΟΝ
1593 2132 1632 2158 Λ’.
1664 2164 1667 2167 γ

1147 2186 1156 2202 ι
1167 2176 1236 2203 Οὐαὶ
1248 2176 1332 2202 τέκνα
1346 2176 1507 2207 ἀποστάται,
1521 2176 1595 2211 λέγει
1610 2177 1720 2212 Κύριος.
1744 2177 1904 2213 Ἐποιήσατε

1110 2223 1216 2259 βουλὴν,
1230 2223 1260 2250 οὐ
1271 2223 1304 2250 δι’
1317 2223 1396 2258 ἐμοῦ,
1411 2223 1458 2250 καὶ
1474 2223 1619 2259 συνθήκας,
1634 2223 1664 2250 οὐ
1675 2223 1718 2250 διὰ
1726 2222 1773 2249 τοῦ
1787 2222 1905 2259 πνεύμα-

1110 2270 1156 2302 τός
1172 2278 1234 2306 μου,
1244 2269 1403 2305 προσθεῖναι
1424 2270 1564 2306 ἁμαρτίας
1589 2269 1631 2304 ἐφ’
1651 2268 1798 2304 ἁμαρτίας,
1814 2269 1838 2295 οἰ
1855 2277 1903 2295 πο-

1114 2316 1254 2352 ρευόμενοι
1275 2315 1428 2351 καταϐῆναι
1453 2317 1492 2348 εἰς
1508 2316 1655 2351 Αἴγυπτον.
1675 2315 1724 2352 ἐμὲ
1740 2315 1770 2342 δὲ
1791 2316 1841 2342 οὐκ
1856 2316 1906 2342 ἑπ-

1113 2360 1269 2397 ηρώτησαν,
1290 2361 1337 2388 τοῦ
1353 2361 1482 2398 βοηθῆναι
1495 2361 1547 2388 ὑπὸ
1569 2360 1678 2396 Φαραὼ,
1692 2360 1738 2387 καὶ
1750 2360 1905 2395 σκεπασθῆ-

1113 2416 1158 2434 ναι
1183 2407 1235 2434 ὑπὸ
1248 2407 1414 2442 Αἰγυπτίων.
1437 2407 1534 2434 Ἔσται
1548 2406 1603 2442 γὰρ
1623 2407 1686 2441 ὑμῖν
1701 2405 1788 2441 σκέπη
1806 2404 1906 2441 Φαραὼ

1114 2454 1153 2485 εἰς
1170 2453 1311 2489 αἰσχύνην,
1329 2455 1377 2480 καὶ
1392 2455 1448 2486 τοῖς
1466 2453 1622 2481 πεποιοόσιν
1635 2453 1678 2479 ἐπ’
1691 2452 1828 2486 Αἴγυπτον
1841 2452 1906 2479 livet-

1114 2497 1175 2529 δος·
1196 2498 1237 2525 ὅτι
1265 2498 1334 2525 εἰσὶν
1351 2500 1380 2525 ὲν
1395 2499 1476 2525 Τάνει
1492 2498 1618 2534 ἀρχηγοὶ,
1646 2497 1756 2532 ἄγγελοι
1780 2497 1903 2533 πονηροί.

1114 2543 1211 2579 Μάτην
1224 2543 1385 2570 κοπιάσουσι
1397 2543 1465 2580 πρὸς
1478 2544 1552 2575 λαὸν,
1565 2543 1594 2575 ὃς
1601 2543 1651 2569 οὐκ
1662 2541 1796 2578 ὠφελήσει
1808 2542 1906 2573 αὐτοὺς

1114 2589 1154 2620 εἰς
1171 2588 1307 2624 βοήθειαν,
1323 2589 1390 2617 ἀλλὰ
1402 2591 1441 2621 εἰς
1455 2590 1586 2625 αἰσχύνην
1600 2590 1646 2616 καί
1660 2589 1768 2621 ὄνειδος.
1783 2598 1792 2615 ι
1808 2588 1905 2623 Σαφῶς

1115 2636 1237 2671 παριστᾷ
1251 2636 1390 2670 γεγονέναι
1409 2636 1470 2662 τότε
1495 2636 1561 2672 παρ’
1583 2636 1741 2670 Αἰγυπτίοις
1757 2635 1904 2670 δαίμονας,

1114 2681 1246 2715 ἀγγέλους
1260 2683 1392 2718 πονηροὺς
1404 2681 1531 2718 ὀνομάζει
1544 2683 1652 2716 αὐτοὺς,
1666 2683 1692 2709 οἵ
1703 2681 1818 2717 μάλιστα
1829 2682 1904 2717 ἑνήρ-

1115 2736 1179 2761 γουν
1191 2727 1225 2754 τὰ
1240 2729 1324 2756 πολλὰ
1337 2730 1366 2755 ὲν
1386 2729 1418 2764 τῇ
1432 2729 1586 2766 καλουμένῃ
1603 2729 1679 2756 πόλει
1697 2729 1746 2764 τῆς
1764 2727 1903 2762 Αἰγύπτου

1115 2773 1207 2805 Τάνει,
1218 2774 1282 2802 ἔνθα
1288 2776 1318 2802 τὸ
1327 2775 1460 2810 βασίλειον
1468 2775 1515 2803 τοῦ
1525 2774 1624 2811 Φαραὼ
1635 2775 1696 2802 κατ’
1703 2775 1792 2802 ἐκεῖνο
1801 2773 1902 2810 ἵδρυτο.

305 2912 362 2952 (57')
385 2916 442 2945 Vox
469 2912 648 2944 ἀναλᾶὃονται
668 2912 760 2946 merus
788 2912 830 2946 est
848 2915 1050 2951 barbarismus,

1110 2915 1151 2951 ius
1166 2913 1226 2943 loco
1243 2913 1383 2950 legendum
1404 2914 1652 2951 ἀναλαμϐάνονται.
1674 2912 1755 2942 Eutr.
