2044 3215
148 219 204 248 505

618 217 869 251 COMMENTARIA
888 222 921 249 1N
941 221 1071 250 ISAIAM.
1091 218 1127 254 T‘
1144 217 1326 254 capixxx.‘

1731 225 1783 253 506

149 278 224 315 Πλὴν
241 279 311 308 ἀλλὰ
330 280 378 307 καὶ
393 275 478 314 οὕτω,
495 275 589 315 φησίν,
616 281 642 308 οἱ
659 271 689 308 ἐν
719 282 800 309 Τάνει
817 281 937 319 ἀρχηγοὶ

996 280 1148 309 Pharaoiiis
1164 285 1234 311 erat.
1246 281 1382 310 Caeterum
1396 281 1425 309 lii
1439 289 1564 316 quoque,
1580 279 1618 309 ait
1627 301 1635 315 ,
1647 282 1785 319 principes

149 328 262 363 ἄγγελοι
276 328 403 364 ,πονηροὶ
417 328 493 355 οὐδὲν
507 327 693 364 ὠφελήσουσιν
705 329 745 361 είς
763 329 793 355 τὺ
807 328 945 364 ἐπαμῦναι

148 375 206 407 τοῖς
224 373 430 410 προσφυγοῦσιν
442 374 544 407 αὐτοῖς,
558 374 605 401 καὶ
612 374 662 410 τὴν
673 372 704 406 ἐξ
715 373 803 401 αὐτῶν
820 373 946 410 βοήθειαν

149 420 414 456 ἀνακαλεσαμένοις.
437 421 492 447 Καὶ
507 421 598 452 αὐτοῖς
613 420 704 456 ἔργοις
724 420 874 456 ἐπληροῦτο
884 421 944 447 καθ’

147 467 177 493 ὃν
202 467 299 502 χρόνον
320 467 334 493 ὁ
357 467 411 493 τῶν
436 466 614 494 Βαϐυλωνίων
632 467 768 502 βασιλεὺς,
791 467 944 502 ὑποχείριον

148 513 334 548 ποιησάμενος
361 513 410 549 τὴν
426 512 572 547 Αἴγυπτον,
597 512 628 539 οὐ
647 513 742 548 μόνους
770 513 943 547 Αἰγυπτίους,

146 559 217 587 ἀλλὰ
230 560 277 586 καὶ
287 559 342 586 τῶν
359 559 491 586 Ἰουδαίων
503 559 566 591 τοὺς
579 559 740 595 πρόσφυγας
753 559 851 591 αὐτοὺς
865 568 943 594 γενο-

147 606 257 642 μένους,
271 606 397 642 πολεμῶν
410 606 478 641 ὁμοῦ
497 606 751 642 ἐξηνδραποδίσατο.
765 606 801 632 Τὸ
816 605 944 641 τηνικαῦ-

145 661 180 679 τα
192 653 248 689 γὰρ
262 654 278 688 ἠ
293 653 339 679 ἐπὶ
355 652 456 687 Φαραὼ
470 652 524 679 τῶν
547 652 681 680 Ἰουδαίων
699 653 776 683 ἐλπὶς
795 652 835 684 είς
847 652 942 687 αἰσχύ-

145 708 197 736 νην
211 699 258 726 καὶ
271 699 370 730 ὄνειδος
382 699 474 730 αὐτοῖς
491 698 674 734 περιετράπη.

185 745 239 772 «Ἦ
254 745 349 781 ὅρασις
376 744 431 771 τῶν
445 744 617 779 τετραπόδων
642 743 696 770 τῶν
724 744 753 769 ὲν
777 744 810 779 τῇ
835 744 940 779 ὲρήμῳ.

144 790 316 827 (Σύμμαχος,
324 789 432 824 Λῆμμα
445 788 563 823 κτηνῶν
574 790 694 822 Νότου.)
703 789 747 815 Ἐν
760 790 792 825 τῇ
804 788 943 824 ϐλίψεικαὶ

144 838 178 873 τῇ
198 836 361 871 στενοχωρίᾳ
375 836 444 862 λέων
457 836 503 862 καὶ
520 835 639 870 σκύμνος
650 835 766 868 λέοντος,
781 835 885 862 ἐκεῖθεν
897 836 943 863 καὶ

144 883 259 914 ἀσπίδες
272 883 317 909 καὶ
329 882 429 916 ἔκγονα
441 881 561 908 ἀσπίδων
575 881 741 917 πετομένων,
753 881 777 908 οἳ
789 882 885 917 ἔφερον
897 882 943 908 ἐπὶ

143 930 214 957 δνων
229 929 275 956 καὶ
293 929 425 965 καμήλων
440 929 485 955 τὸν
498 928 612 955 πλοῦτον
634 928 724 955 αὐτῶν
739 929 807 964 πρὸς
824 928 908 961 ἔθνος,
929 928 943 955 ὃ

143 975 195 1002 οὐκ
209 974 345 1010 ὠφελήσει
374 973 472 1006 αύτούς
482 982 488 988 ·
501 983 511 999 ι
528 973 572 1000 διὰ
594 974 624 999 τὸ
637 973 741 1009 ἔρημον
767 972 835 1000 εἶναι
851 974 941 1000 πᾶσαν

143 1016 224 1056 Θεοῦ,
243 1020 438 1056 πεπληρῶσθαι
452 1020 479 1047 δὲ
496 1020 668 1056 τετραπόδων
690 1020 745 1047 τῶν
769 1020 835 1056 παρ’
850 1021 940 1051 αὐτοῖς

143 1067 369 1103 θεοποιουμένων,
387 1067 498 1094 καὶτῶν
511 1067 576 1102 παρ’
584 1067 675 1098 αὐτοῖς
687 1066 871 1102 ἐνεργούντων
884 1066 940 1093 δαιε

139 1114 245 1150 ¹μόνων.
267 1113 342 1149 Αὕτη
371 1113 460 1140 τοίνυν
478 1114 494 1148 ἡ
511 1114 606 1148 ὅρασις
625 1113 679 1139 τῶν
692 1113 864 1148 τετραπόδων
886 1113 940 1140 τῶν

143 1161 173 1187 ἐν
187 1161 220 1196 τῇ
237 1159 394 1194 Δίγυπτίων
411 1160 514 1195 ἐρημίᾳ
532 1159 674 1195 ὲθεωρεῖτο
686 1159 725 1195 τῷ
742 1160 880 1195 προφήτῃ,
893 1160 940 1186 καὶ

144 1205 253 1237 τούτοις
272 1206 297 1231 οἱ
310 1205 466 1240 πρόσφυγες
486 1205 539 1231 τῶν
561 1204 694 1231 Ἰουδαίων
710 1205 874 1240 ὲπεκόμιζον
894 1205 939 1231 τὸν

140 1251 249 1278 ἑαυτῶν
267 1251 381 1278 πλοῦτον
391 1259 398 1266 ·
418 1251 452 1278 τὰ
466 1252 520 1287 γὰρ
536 1253 648 1287 ταμιεῖα
664 1251 714 1286 τῆς
735 1251 837 1277 ἑαυτῶν
851 1251 939 1287 ψυχῆς

141 1298 175 1333 τῇ
192 1297 365 1333 Αίγυπτιακῇ
382 1297 535 1333 παρέδοσαν
552 1297 648 1333 πλάνῃ.

181 1342 347 1376 ιΑξγύπτιοι
369 1342 473 1377 μάταια
494 1343 541 1369 καὶ
563 1342 630 1369 κενὰ
652 1342 838 1378 ὠφελήσουσιν
855 1343 936 1379 ὑμᾶς.

147 1387 325 1422 ’Δπάγγειλον
339 1388 441 1421 αὐτοῖς,
454 1389 506 1420 ὅτι,
523 1388 655 1423 Ματαίαὴ
671 1389 844 1425 παράκλησις
861 1390 874 1415 ύ
879 1389 937 1424 μῶν

140 1432 222 1469 αὕτη.
236 1433 293 1460 Νῦν
304 1431 350 1461 οὖν
363 1434 477 1466 καθίσας
493 1434 596 1470 γράψον
612 1435 658 1460 ἐπὶ
672 1434 766 1468 πυξίου
783 1435 878 1468 ταῦτα,
891 1436 937 1463 καὶ

141 1480 182 1511 είς
195 1479 307 1514 βιϐλίον,
324 1480 365 1506 ὃτι
393 1480 469 1506 ἔσται
486 1481 526 1511 εἰς
550 1481 657 1515 ἡμέρας
673 1480 760 1507 ταῦτα
775 1481 874 1516 καιρῷ,
890 1482 937 1508 καὶ

142 1524 196 1555 ἕως
208 1524 253 1552 τὸν
268 1525 371 1552 αἰῶνα·
390 1525 433 1551 ὅτι
450 1526 464 1551 ὁ
488 1525 551 1556 λαὸς
568 1526 684 1561 ἀπειθὴς
705 1527 786 1558 ἐστιν,
803 1527 856 1553 υίοὶ
872 1527 937 1562 ψευ-

142 1570 208 1603 δεῖς,
221 1570 245 1598 οἶ
263 1571 313 1598 οὐκ
330 1571 475 1606 ἠϐούλοντο
489 1572 598 1598 ἀκούειν
614 1572 659 1599 τὸν
676 1572 756 1608 νόμον
767 1573 814 1599 τοῦ
828 1573 894 1599 Θεοῦ
906 1582 911 1587 -
924 1582 933 1598 )

140 1617 192 1651 τῆς
220 1616 331 1651 ἀλογίας
350 1617 397 1644 καὶ
423 1617 579 1653 ἀφροσύνης
600 1618 689 1644 αὐτῶν
713 1619 785 1646 οὕτω
808 1628 866 1651 πως
889 1620 935 1654 δη-

140 1662 284 1699 λουμένης.
315 1663 385 1689 Οὔτε
410 1663 465 1699 γὰρ
488 1664 512 1690 οἱ
539 1664 664 1699 αἰσθητοὶ
695 1665 849 1700 Αἰγύπτιοι,
876 1665 937 1693 οὔτε

137 1709 163 1735 oi
189 1708 295 1735 τούτων
313 1709 486 1744 νομιζόμενοι
504 1710 570 1741 Θεοί,
591 1710 735 1746 βοηθήσειν
761 1711 874 1746 ἔμελλον
898 1713 937 1749 τῷ

144 1754 331 1790 προσφυγόντι
343 1755 433 1787 αὐτοῖς
454 1755 586 1783 Ἰουδαίων
601 1756 668 1791 λαῷ,
684 1757 762 1784 Κατὰ
773 1758 827 1793 γὰρ
839 1758 937 1794 πολλὴν

147 1800 329 1835 στενοχωρίαν
339 1800 429 1836 ψυχῆς
442 1800 489 1828 καὶ
506 1801 566 1827 καθ’
583 1802 736 1838 ὑπερϐολὴν
748 1802 863 1838 θλίψεως
875 1806 937 1836 τοὺς

140 1846 207 1880 παρ’
222 1846 312 1876 αὐτοῖς
331 1847 494 1882 ἀνηγόρευον
519 1847 597 1879 θεούς
618 1856 624 1863 ·
641 1848 739 1880 αὐτοὺς
760 1849 791 1885 δὴ
817 1851 937 1883 ἐκείνους

141 1891 268 1923 τοὺςτὰς
280 1892 368 1927 ψυχὰς
386 1893 474 1920 αὐτῶν
489 1894 628 1922 θλίϐοντας
644 1895 690 1921 καὶ
705 1896 936 1932 στενοχωροῦντας

140 1938 279 1974 πονηροὺς
295 1938 424 1974 δαίμονας
434 1947 440 1954 ·
457 1940 485 1966 ὲν
496 1937 536 1971 οἷς
550 1938 620 1975 ἦσαν
636 1940 743 1973 λέοντες
757 1941 803 1968 καὶ
813 1942 935 1975 ἀσπίδες,

140 1984 188 2011 καὶ
200 1983 303 2010 τούτων
317 1984 425 2019 ἔκγονα,
439 1986 485 2012 καὶ
501 1986 586 2019 ὄφεις,
600 1986 646 2013 καὶ
661 1986 728 2013 ἄλλα
740 1987 823 2023 μυρία
835 1988 936 2023 ἑρπετά

139 2037 170 2056 τε
187 2029 233 2055 καί¹
256 2029 355 2065 θηρία·
373 2025 410 2056 ὧν
425 2030 529 2062 εἰκόνες
544 2029 613 2066 ἦσαν
630 2031 678 2057 καὶ
698 2032 732 2059 τὰ
747 2032 865 2068 αἰσθητὰ
878 2033 935 2065 ζῶα

140 2074 203 2101 καθ’
216 2075 279 2111 ὅλης
291 2076 340 2111 τῆς
355 2075 493 2110 Αἰγύπτου
510 2076 714 2113 θεοποιούμενα.
730 2079 784 2105 Καὶ
795 2079 849 2115 γὰρ
861 2079 935 2106 λέον-

140 2129 189 2152 τας
200 2121 308 2156 ἀληθῶς
324 2122 369 2148 καὶ
389 2122 515 2155 ἀσπίδας,
539 2123 586 2149 καὶ
605 2123 681 2158 ὄφεις
702 2126 750 2150 καὶ
765 2125 832 2151 ἄλλα
851 2127 936 2161 μυρία

139 2164 185 2194 οἷα
197 2167 274 2199 θεοὺς
284 2168 457 2203 τετιμήκασι.
477 2169 546 2204 Ἤδη
559 2169 623 2203 γοῦν
634 2170 688 2196 ἀπὸ
696 2170 746 2204 τῆς
761 2171 815 2197 τῶν
827 2171 934 2207 νομιζο-

142 2213 231 2249 μένων
244 2215 335 2246 αὑτοῖς
343 2215 411 2242 θεῶν
423 2216 580 2251 ἐπωνυμίας
589 2217 634 2243 καὶ
642 2216 691 2248 τὰς
700 2217 790 2249 πόλεις
801 2219 884 2255 κεκλή
889 2228 936 2246 κα-

141 2268 195 2292 σιν,
207 2261 262 2287 ἀπὸ
274 2261 320 2287 τοῦ
331 2261 446 2293 λέοντος,
458 2262 506 2297 τὴν
517 2262 633 2295 Λεοντὼ,
642 2264 696 2290 ἀπὸ
704 2264 732 2290 δὲ
740 2264 786 2291 τοῦ
797 2265 877 2297 κυνὸς
887 2266 935 2301 τὴν

957 956 980 984 Β

952 1638 972 1666 C

998 325 1104 354 Taneos
1115 346 1123 360 ,
1135 326 1224 361 angeli
1239 326 1320 361 mali,
1335 326 1401 354 nihil
1413 326 1546 361 juvabunt
1560 333 1624 360 eos,
1638 328 1685 362 qui
1704 329 1737 355 ad
1755 336 1785 356 se

997 371 1169 408 confugient,
1181 377 1209 400 et
1222 380 1300 407 opem
1314 372 1434 407 ipsorum
1451 372 1645 406 implorabant.
1660 372 1738 406 Quod
1754 380 1784 402 re

996 419 1054 453 ipsa
1071 424 1134 446 tunc
1155 418 1295 453 impletum
1316 423 1379 451 est,
1406 427 1468 446 cum
1490 425 1538 445 rex
1561 418 1783 454 Babyloniorum.

996 465 1112 500 [Egypto
1130 469 1207 499 capta
1220 485 1227 498 ,
1246 472 1298 491 non
1317 470 1421 492 tantum
1445 464 1607 500 Egyptios,
1629 465 1676 492 sed
1689 465 1784 498 [etiam

996 511 1123 546 profugos
1137 511 1244 539 Judzeos
1264 519 1316 538 una
1332 511 1472 539 debellans
1484 531 1492 543 .
1513 512 1635 546 captivos
1658 511 1782 539 abduxit.

996 557 1070 584 Tunc
1085 557 1156 585 enim
1172 556 1325 584 Iudaeorum
1340 565 1402 591 spes
1421 556 1448 585 in
1460 556 1628 585 Pharaonem
1651 565 1727 585 versa
1744 561 1785 585 est

996 603 1052 631 illis
1065 604 1091 631 in
1107 604 1293 632 confusionem
1309 609 1336 631 et
1351 605 1377 631 in
1390 604 1577 641 opprobrium.

1032 740 1112 767 Vens.
1146 740 1172 767 6.
1209 749 1218 766 ι
1254 740 1330 767 Visio
1364 740 1567 775 quadrupedum
1603 741 1629 768 in
1663 742 1781 769 deserto.

995 784 1210 820 (Symmachus,
1236 786 1387 820 Assumplio
1412 786 1593 821 jumentorum
1612 786 1736 821 Austri.)
1753 786 1783 813 In

996 831 1171 860 tribulatione
1188 836 1215 859 et
1232 832 1358 867 angustia
1371 832 1423 866 leo',
1445 837 1473 860 et
1484 832 1593 860 catulus
1607 832 1702 865 leonis,
1720 833 1783 860 inde

994 883 1021 907 et
1045 879 1153 914 aspides
1166 900 1173 912 ,
1190 883 1217 906 et
1237 879 1381 914 progenies
1403 879 1528 914 aspidum
1549 879 1714 914 volantium,
1736 881 1782 914 qui

995 925 1119 953 ferebant
1139 932 1220 959 super
1236 925 1330 953 asinos
1343 930 1370 953 et
1387 925 1509 953 camelos
1534 925 1646 953 divitias
1666 933 1729 954 suas
1749 927 1783 954 ad

994 975 1100 1007 gentem
1116 978 1176 1005 quae
1194 969 1249 998 illis
1265 978 1317 997 non
1337 970 1467 1006 proderit.
1489 979 1498 997 ν
1525 970 1592 1004 Quia
1609 971 1714 998 scilicet
1726 976 1782 998 tota

995 1018 1049 1045 Deo
1062 1024 1147 1044 vacua
1162 1021 1232 1049 erat,
1250 1017 1407 1051 repleta’que
1423 1017 1652 1051 quadrupedibus,
1668 1024 1738 1052 quos
1753 1021 1782 1044 ut

993 1061 1058 1089 deos
1074 1061 1210 1094 colebant,
1229 1068 1334 1088 necnon
1357 1061 1524 1088 dzemonibus
1546 1068 1630 1095 penes
1652 1061 1726 1096 ipsos
1741 1062 1782 1089 vi-

993 1107 1130 1143 gentibus.
1161 1106 1225 1134 llam:
1248 1106 1331 1142 igitur
1357 1106 1496 1141 prophetae
1526 1106 1617 1134 oblata
1646 1111 1686 1134 est
1714 1107 1782 1135 visio

999 1152 1222 1188 quadrupedum,
1250 1153 1276 1180 in
1299 1152 1488 1188 Egyptiorum
1512 1153 1660 1181 solitudine
1675 1161 1782 1181 moran-

994 1201 1073 1233 tium,
1087 1200 1165 1234 queis
1179 1199 1285 1235 profugi
1300 1199 1455 1227 Judteornm
1480 1206 1545 1234 opes
1569 1207 1633 1227 suas
1657 1200 1780 1235 deporta-

993 1247 1059 1274 bant
1072 1256 1079 1274 ε
1094 1253 1158 1273 nam
1170 1246 1267 1273 animae
1293 1253 1349 1273 sua:
1367 1246 1498 1280 penuaria
1513 1245 1676 1280 Egyptiaco
1692 1247 1780 1274 errori

991 1293 1164 1321 dediderant.

1028 1338 1110 1366 Vens.
1128 1338 1187 1366 7-9.
1206 1347 1215 1364 ι
1236 1337 1356 1373 ,λΕιζδτριίἰ
1372 1337 1471 1365 frustra
1489 1342 1517 1365 et
1534 1338 1650 1365 inaniter
1663 1338 1780 1366 auxilia-

990 1385 1092 1413 buutur
1107 1385 1193 1412 vobis.
1217 1384 1355 1411 Annuntia
1368 1385 1407 1410 eis
1420 1404 1427 1416 ,
1440 1384 1513 1418 quia,
1529 1383 1603 1410 Vana
1627 1388 1669 1410 est
1683 1391 1781 1411 conso-

990 1431 1056 1459 latio
1069 1435 1158 1459 vestra
1170 1431 1236 1458 htec.
1255 1430 1332 1457 Nunc
1349 1430 1431 1465 igitur
1443 1429 1542 1457 sedens
1562 1430 1650 1457 scribe
1668 1430 1695 1457 in
1709 1431 1780 1457 buxo

992 1477 1059 1508 inec,
1074 1481 1102 1504 et
1118 1477 1146 1504 in
1164 1477 1244 1509 libro,
1263 1476 1326 1511 quia
1338 1480 1417 1503 erunt
1436 1475 1462 1501 in
1480 1476 1539 1502 dies
1563 1476 1621 1502 haec
1647 1480 1778 1510 tempore.

990 1528 1018 1551 et
1033 1530 1120 1558 usque
1141 1523 1168 1549 in
1194 1523 1324 1549 steculum
1349 1530 1356 1549 :
1374 1523 1436 1556 quia
1451 1521 1575 1556 populus,
1589 1521 1780 1557 immorigerus

989 1575 1043 1602 est,
1061 1569 1108 1597 lilii
1136 1570 1299 1600 mendaces,
1317 1569 1363 1603 qui
1393 1568 1537 1596 noluerunt
1568 1568 1662 1595 audire
1693 1568 1779 1603 legem

991 1617 1050 1644 Dei.
1070 1626 1079 1642 ι
1101 1615 1148 1643 Sic
1173 1623 1267 1643 eorum
1291 1615 1404 1642 stultitia
1433 1619 1460 1641 et
1492 1614 1596 1642 insania
1624 1619 1777 1642 enarratur.

989 1662 1082 1697 Neque
1099 1662 1170 1690 enim
1196 1661 1311 1689 sensiles
1335 1660 1374 1687 illi
1395 1659 1536 1694 IEgyptii,
1558 1667 1645 1695 neque
1668 1660 1716 1692 illi,
1733 1660 1778 1694 qui

989 1714 1073 1741 penes
1098 1714 1146 1734 eos
1167 1706 1204 1733 dii
1228 1706 1442 1742 reputabuntur,
1459 1706 1618 1740 opitulaturi
1637 1706 1778 1733 erantin—

988 1752 1110 1779 datorum
1135 1753 1250 1786 populo,
1277 1752 1309 1778 ad
1333 1751 1407 1785 ipsos
1433 1750 1611 1785 conl'ugienti.
1638 1750 1777 1785 Siquidem

988 1806 1045 1833 prae
1064 1805 1161 1832 magna
1177 1797 1260 1824 animi
1273 1796 1421 1827 anxietate,
1438 1804 1469 1823 ac
1484 1804 1538 1830 prae
1553 1796 1707 1824 aﬂlicliouis
1721 1797 1779 1824 vio-

988 1845 1081 1877 lentla,
1097 1844 1285 1879 [Egyptiorum
1301 1843 1367 1870 deos
1384 1842 1577 1875 celebrabant;
1602 1844 1676 1878 ipsos
1702 1844 1778 1871 vide-

988 1890 1051 1918 licet
1066 1891 1204 1918 daentonas
1219 1888 1364 1923 malignos,
1391 1889 1509 1916 animam
1533 1896 1611 1916 suam
1639 1890 1665 1916 in
1692 1898 1777 1924 angu-

988 1937 1055 1964 stias
1069 1940 1096 1963 et
1111 1941 1247 1962 :erumnas
1262 1934 1438 1969 conjicientes
1452 1943 1459 1967 ;
1475 1935 1500 1961 iu
1517 1935 1617 1969 quibus
1630 1940 1708 1962 erant
1721 1935 1777 1963 leo-

988 1990 1036 2010 nes
1054 1987 1081 2010 et
1096 1982 1204 2016 aspides
1217 2001 1225 2015 ,
1237 1988 1386 2016 eorumque
1401 1981 1555 2016 progenies,
1577 1989 1609 2009 ac
1623 1987 1776 2016 serpentes,

987 2034 1014 2057 et
1029 2029 1081 2056 alia
1099 2033 1228 2056 sexcenta
1242 2027 1348 2062 reptilia
1363 2033 1444 2062 atque
1456 2028 1530 2060 ferae,
1543 2036 1657 2062 quorum
1672 2029 1776 2062 leones,

988 2083 1093 2103 necnon
1108 2076 1165 2110 ipsa
1182 2074 1292 2102 sensilia
1310 2074 1438 2101 animalia
1455 2082 1503 2109 per
1529 2079 1612 2101 totam
1629 2074 1776 2110 [Egyptnm

987 2130 1037 2158 pro
1050 2122 1101 2150 diis
1114 2122 1284 2149 colebantur.
1300 2121 1409 2148 Atenim
1423 2120 1516 2147 leones
1530 2129 1624 2148 revera
1634 2141 1643 2153 ,
1656 2122 1775 2156 aspidm.

988 2172 1141 2202 serpentes,
1157 2171 1184 2194 et
1196 2166 1251 2194 alia
1265 2170 1395 2193 sexcenta
1424 2173 1474 2200 pro
1497 2166 1550 2193 diis
1565 2167 1775 2194 venerabantur.

987 2215 1020 2242 Et
1033 2221 1100 2242 sane
1117 2221 1223 2246 eorum,
1240 2221 1309 2247 quos
1325 2212 1390 2240 deos
1404 2213 1546 2247 putabant,
1571 2213 1680 2240 nomine
1696 2213 1777 2240 urbes

987 2269 1050 2289 suas
1062 2260 1254 2295 appellarunt;
1272 2268 1287 2286 a
1303 2260 1380 2288 leone
1397 2259 1511 2291 scilicet,
1525 2259 1644 2291 Leonto;
1667 2267 1683 2286 a
1696 2267 1774 2291 cane,

142 2306 242 2339 Κυνὼ,
267 2308 313 2334 καὶ
337 2308 391 2334 ἀπὸ
411 2307 490 2335 ἄλλου
513 2308 593 2335 πάλιν
616 2309 699 2345 θηρὸς
723 2310 819 2345 ἑτέραν
842 2310 929 2337 πόλιν.

990 2308 1068 2343 Cyno,
1084 2308 1117 2334 ab
1134 2307 1185 2334 alia
1205 2307 1269 2334 item
1285 2306 1340 2333 fera
1365 2306 1446 2333 aliam
1464 2306 1612 2333 civltatem.

179 2364 188 2380 ι
202 2355 234 2381 υἱ
251 2355 375 2388 λέγοντες
399 2357 455 2386 τοῖς
486 2356 659 2391 προφήταις,
680 2356 725 2391 Μὴ
757 2357 936 2391 ἁναγγέλλετε

140 2402 206 2437 ἡμῖν
219 2409 225 2415 ·
235 2402 346 2433 καὶτοῖς
356 2402 482 2437 ὁράματα
494 2401 591 2437 ὁρῶσι,
603 2402 649 2438 Μὴ
659 2403 764 2429 λαλεῖτε
775 2404 840 2438 ἡμῖν
849 2413 856 2419 -
869 2404 937 2430 ἀλλὰ

139 2448 206 2482 ἡμῖν
215 2447 321 2473 λαλεῖτε
344 2447 391 2473 καὶ
409 2448 589 2482 ἀναγγέλλετε
599 2449 664 2483 ἡμῖν
678 2449 773 2484 ἑτέραν
787 2449 933 2484 πλάνησιν·

140 2494 188 2520 καὶ
207 2493 395 2529 ἀποστρέψατε
417 2495 490 2529 ἡμᾶς
507 2494 561 2521 ἀπὸ
576 2494 626 2529 τῆς
641 2494 702 2521 ὁδοῦ
726 2495 837 2531 ταύτης.
858 2496 936 2531 Ἀφέ-

138 2539 201 2566 λετε
213 2539 260 2573 ἀφ’
279 2539 358 2575 ήμῶν
372 2540 417 2567 τὸν
436 2540 528 2576 τρίϐον
544 2540 650 2571 τοῦτον,
671 2542 717 2568 καὶ
746 2542 859 2576 ἀφέλετε
886 2544 931 2578 ἀφ’

139 2584 219 2620 ήμῶν
234 2585 266 2611 τὸ
281 2585 370 2619 λόγιον
390 2584 437 2611 τοῦ
459 2585 575 2621 Ἰσραήλ.
594 2595 603 2611 ι
635 2585 727 2612 Ταῦτα
755 2586 810 2621 γὰρ
838 2587 863 2613 οί
895 2588 931 2622 μὴ

140 2630 335 2662 πιστεύσαντες
347 2632 405 2662 ταῖς
421 2630 468 2657 τοῦ
486 2631 617 2667 Ἰερεμίου
638 2632 740 2666 φωναῖς
756 2631 825 2667 πρὸς
853 2632 932 2658 αὑτὸν

139 2676 260 2708 καὶτοὺς
274 2676 308 2703 τὰ
324 2677 405 2711 ὅμοια
416 2676 489 2711 αύτῷ
506 2676 671 2712 φρονοῦντας
686 2677 788 2711 ελεγον.

178 2731 189 2748 ι
204 2722 253 2748 Διὰ
269 2722 348 2748 τοῦτο
361 2722 424 2748 τάδε
449 2721 524 2756 λέγει
549 2722 650 2758 Κύριος
663 2724 677 2749 ὁ
703 2723 781 2757 ἅγιος
805 2723 912 2759 Ἰσραήλ
923 2734 929 2738 ·

140 2769 202 2795 Ὀτι
213 2768 381 2804 ἠπειθήσατε
393 2769 449 2800 τοῖς
467 2768 557 2802 λόγοις
580 2769 694 2802 τούτοις,
725 2769 772 2796 καὶ
795 2769 929 2804 ἠλπίσατε

139 2814 185 2841 tri).
197 2814 301 2849 ψεύδει,
315 2815 361 2841 καὶ
376 2815 417 2842 ὅτι
438 2815 602 2849 ὲγόγγυσας,
621 2816 667 2842 καὶ
682 2815 820 2848 πεποιθὼς
837 2816 929 2850 ἐγένου

139 2860 185 2886 ἐπὶ
196 2860 237 2895 τῷ
254 2860 326 2895 λόγῳ
339 2861 441 2896 τούτῳ·
459 2860 504 2887 διὰ
512 2860 591 2887 τοῦτο
603 2860 678 2887 ἔσται
698 2862 761 2897 ὑμῖν
777 2862 793 2897 ἡ
811 2862 930 2899 ἁμαρτία

139 2906 208 2937 αὕτη
225 2907 263 2938 ὡς
277 2909 365 2943 τεῖχος
391 2908 490 2935 πῖπτον
512 2907 682 2944 παραχρῆμα
706 2908 807 2940 πόλεως
829 2910 930 2944 ὀχυρᾶς

143 2952 303 2986 ἑαλωκυίας,
319 2951 351 2990 ἦς
364 2955 532 2991 παραχρῆμα
542 2954 694 2990 πάρεστιτὺ
709 2955 823 2990 πτῶμ’
842 2955 887 2981 καί
901 2955 930 2981 τὸ

1022 2356 1105 2383 Vens.
1120 2355 1164 2386 ‘10,
1181 2354 1224 2380 ll.
1238 2353 1287 2386 Qui
1303 2353 1395 2380 dicunt
1406 2352 1556 2388 prophetis,
1576 2351 1614 2378 Ne
1629 2351 1775 2378 annunlie-

988 2401 1021 2427 Iis
1035 2401 1124 2433 nobis,
1141 2404 1168 2426 et
1181 2399 1337 2426 videntibus
1353 2398 1482 2430 visiones,
1502 2398 1541 2424 Ne
1560 2397 1705 2432 loquamini
1723 2405 1774 2425 no-

986 2446 1028 2474 bis
1043 2455 1049 2473 :
1068 2448 1114 2473 sed
1128 2444 1372 2479 nobisJoquimini,
1389 2448 1417 2472 et
1429 2444 1589 2471 annuntiale
1601 2444 1679 2471 nobis
1692 2444 1774 2470 aliutn

986 2500 1107 2521 errorem
1128 2500 1135 2519 :
1155 2496 1182 2518 et.
1205 2492 1320 2519 avertite
1347 2498 1396 2518 nos
1420 2491 1454 2517 ab
1481 2491 1531 2518 hac
1557 2491 1609 2518 via.
1628 2490 1740 2517 Auferte
1759 2499 1773 2517 ιι

987 2539 1065 2567 nobis
1080 2539 1206 2566 semitam
1229 2538 1301 2565 hanc
1314 2557 1322 2570 ,
1336 2542 1363 2565 et
1385 2537 1491 2563 auferte
1505 2545 1520 2563 ο
1543 2536 1620 2564 nobis
1634 2536 1773 2563 oraculum

986 2584 1080 2613 lsrael.
1102 2593 1111 2610 ›
1129 2584 1191 2610 ΗἘῦ
1209 2584 1308 2618 quippe
1325 2583 1469 2615 Jeremize,
1488 2587 1515 2610 et
1541 2583 1616 2616 paria
1645 2589 1707 2608 cum
1728 2582 1774 2608 illo

986 2630 1167 2658 sentientibus
1185 2629 1323 2662 dicebant,
1341 2629 1386 2663 qui
1403 2636 1497 2656 eorum
1513 2628 1624 2655 vocibus
1644 2635 1697 2655 non
1714 2636 1775 2656 cre-

985 2678 1095 2704 debant.

1021 2721 1103 2750 Vens.
1118 2721 1209 2748 l2-l6.
1231 2732 1242 2747 ι
1263 2721 1326 2748 Ideo
1341 2721 1399 2749 hmc
1413 2721 1478 2748 dicit
1494 2721 1635 2752 Dominus,
1657 2721 1775 2748 Sanetus

985 2769 1066 2797 lsrael
1081 2777 1088 2796 :
1106 2769 1172 2802 Quia
1199 2777 1251 2796 non
1272 2767 1481 2801 obtemperastis
1511 2767 1553 2793 his
1588 2767 1772 2798 sermonibus,

986 2815 1032 2843 sed
1048 2814 1177 2850 sperastis
1191 2815 1216 2841 in
1231 2814 1373 2842 mendacio
1385 2832 1393 2845 ,
1411 2818 1438 2841 et
1459 2813 1523 2847 quia
1539 2813 1731 2845 murmurasti,
1747 2818 1775 2839 et

984 2861 1123 2889 credidisti
1139 2861 1258 2888 sermOni
1278 2860 1358 2894 huic;
1384 2860 1484 2887 idcirco
1506 2859 1560 2887 erit
1576 2859 1654 2887 vobis
1674 2866 1773 2893 peccat.

985 2912 1042 2934 tum
1060 2907 1112 2934 hoc
1130 2906 1206 2940 quasi
1227 2914 1320 2934 murus
1339 2906 1439 2933 cadens
1457 2906 1546 2933 subito
1569 2906 1642 2933 urbis
1664 2905 1773 2932 munita:

985 2960 1156 2989 expugttnla',
1168 2954 1243 2989 cujus
1260 2954 1348 2983 subito
1364 2954 1438 2983 adest
1454 2955 1531 2982 ruina
1550 2962 1557 2980 :
1582 2958 1608 2982 ct
1623 2953 1699 2980 ruina
1715 2951 1772 2986 (-jus
1812 2966 1817 2971 ι
