2044 3215
269 233 323 260 507

609 222 742 261 EUSEDH
762 232 996 261 C(ESABIENSIS
1015 231 1066 260 om

1118 233 1199 260 ἎΒὸ
1218 232 1263 260 Ill.
1285 249 1318 253 —
1337 231 1545 260 EXEGETICA.

1850 234 1903 262 308

267 293 321 319 erit
335 291 412 326 quasi
441 291 568 318 contritio
589 291 661 318 vasis
688 292 798 319 testacei
822 300 854 319 ex
877 291 996 325 oﬂicina,
1023 293 1057 318 ita

1118 293 1212 328 πτῶμα
1227 294 1311 328 αὐτῆς
1325 294 1399 320 ἔσται
1415 295 1452 325 ὡς
1478 293 1633 329 σύντριμμα
1651 294 1761 328 ἀγγείου
1774 295 1903 330 ὀστρακί-

268 338 426 365 comminuti
459 341 488 365 ut
515 345 567 365 non
602 338 758 365 inveniatur
782 339 808 365 in
829 339 869 366 cis
896 343 982 370 testa,
1007 346 1060 373 qua

268 384 359 416 ignem
374 384 456 416 feras,
469 389 498 411 et
512 384 620 420 paulum
637 393 716 418 aqua:
730 385 852 412 haurias.
870 385 916 412 Sic
927 385 994 412 dicit
1009 384 1060 411 Do-

269 429 358 456 minus
379 430 517 462 Dominus,
534 429 649 457 Sanctus
664 430 747 457 lsrael
762 440 768 457 :
783 431 850 458 Cum
878 438 1002 457 reversus
1024 431 1061 456 in-

268 475 413 509 gemueris,
430 480 495 503 tunc
509 475 599 503 salvus
607 476 675 508 eris,
691 481 719 503 et
740 476 809 503 scies
821 475 864 502 ubi
880 475 976 506 fueris,
995 483 1056 502 cum

269 521 424 549 conﬁdebas
440 528 522 555 super
546 521 622 548 vanis
644 529 650 546 :
673 529 741 548 vana
766 521 834 548 facta
861 525 902 548 est
927 520 1059 547 fortitudo

269 573 369 601 vestra,
386 573 413 595 et
425 568 548 596 noluistis
560 569 669 600 audire;
685 569 731 595 sed
742 568 858 599 dixisﬁs.
874 568 956 602 Equis
968 568 1060 602 fugie-

269 621 351 641 mus:
377 619 519 648 propterea
538 614 670 648 fugietis:
693 621 721 642 et
743 613 880 642 velocibus
903 614 1060 641 cursoribus

270 660 456 688 insideblmus.
478 670 488 686 ι
504 660 626 695 Fugielis
641 660 768 696 quidem;
793 661 840 688 sed
865 667 919 695 quo
943 659 1061 695 etfngere

271 706 398 734 valebitis
419 706 633 742 Babyloniorum
655 714 780 738 manum,
805 713 865 741 quae
891 713 938 733 vos
964 713 1061 740 appre-

272 751 372 778 bendet
386 756 412 778 et
424 751 450 778 in
464 758 495 779 se
507 751 658 778 detinebit?
676 760 684 777 I
700 750 847 786 Propterea
864 750 966 778 celeres
981 755 1062 778 erunt

271 797 320 831 qui
335 802 534 832 persequentur
548 804 607 824 vos.
625 806 635 823 ι

310 887 394 914 Vens.
412 887 457 914 l'l.
476 896 485 911 ι
503 886 543 913 Ad
559 894 652 914 vocem
666 886 746 913 unius
762 885 865 920 fugient
882 886 972 918 mille,
989 891 1016 913 et
1027 887 1060 914 ad

272 939 367 960 vocem
383 933 503 967 quinque
521 932 624 967 fugient
640 931 716 958 multi
737 941 743 958 :
760 932 846 958 donec
869 931 1059 965 relinqnamini

273 978 357 1012 quasi-
370 966 456 1005 malus
472 978 546 1005 navis
556 966 589 1004 in
606 982 708 1009 monte,
720 982 748 1004 et
760 978 837 1012 quasi
851 978 958 1011 signum
972 978 1062 1004 ferens
1078 966 1098 993 Β

272 1031 354 1058 super
364 1023 472 1050 collem.
493 1033 503 1049 ι
525 1022 758 1056 Quemadmodum
779 1024 855 1051 navis
873 1024 899 1051 in
914 1024 980 1051 mari
1003 1032 1063 1058 per-

272 1069 335 1096 ditae
351 1075 382 1096 ac
395 1069 526 1096 demersa:
547 1069 653 1103 signum
672 1075 712 1096 est
734 1069 854 1096 malnsin
867 1070 968 1097 vertice
986 1078 1064 1096 mon-

274 1115 308 1141 tis
319 1115 434 1149 positus,
448 1115 519 1149 quod
536 1123 587 1142 non
605 1115 674 1142 ultra
697 1115 744 1142 illo
757 1116 791 1142 sit
804 1123 890 1149 opus;
905 1116 940 1142 ita
955 1117 1063 1150 conspi-

272 1167 352 1186 cuam
369 1159 427 1187 fore
452 1160 490 1187 ait
514 1165 723 1187 memoratorum
743 1161 882 1187 hominum
898 1161 1057 1196 perniciem.

273 1201 374 1229 Verum
390 1210 442 1230 non
457 1210 552 1231 omnes
567 1203 689 1231 funditus
709 1206 844 1239 perituros
861 1213 920 1233 esse
939 1206 992 1239 ait;
1011 1206 1059 1233 sed

274 1249 405 1282 quosdam
422 1257 536 1276 numero
552 1257 652 1284 paucos
669 1251 791 1277 relictura
808 1251 852 1283 iri,
865 1259 933 1284 quos
947 1252 1061 1279 misera-

278 1300 322 1322 tus
337 1294 417 1328 Deus,
432 1295 522 1322 salvos
541 1295 634 1329 faciet,
647 1296 682 1322 ob
698 1296 912 1323 misericordiam
930 1297 995 1332 ipsis
1013 1305 1064 1324 ex-

276 1341 390 1368 hibitam
406 1341 555 1368 laudandus
568 1349 599 1368 ac
615 1341 817 1369 celebrandas:
834 1342 875 1369 sic
895 1342 967 1369 enim
987 1342 1063 1369 illum

274 1386 374 1420 justum
396 1385 515 1420 iudicem
540 1394 610 1419 esse,
636 1391 665 1413 ut
682 1387 778 1422 dignos
799 1388 908 1422 quidem
932 1390 1065 1424 supplicio

277 1431 392 1467 plectat;
419 1440 466 1460 eos
495 1437 602 1465 autem,
624 1433 669 1466 qui
698 1434 912 1461 misericordiam
936 1436 1065 1470 consequi

277 1477 380 1510 valent,
397 1479 484 1506 salute
499 1479 624 1514 dignetur
639 1487 697 1506 sua.
712 1479 801 1513 Quare
816 1480 853 1506 ait
869 1488 876 1505 :

314 1525 397 1552 Vsus.
410 1524 453 1552 18.
479 1534 487 1550 ι
507 1524 536 1551 Et
552 1533 660 1552 rursum
679 1531 819 1561 exspectat
835 1526 905 1553 Deus
917 1547 924 1558 ,
939 1531 967 1553 ut
988 1527 1068 1554 mise-

278 1576 373 1599 reatur
390 1572 472 1599 vestri
489 1581 497 1599 :
515 1577 542 1599 et
557 1578 698 1607 propterea
715 1573 880 1606 extolletur,
894 1578 923 1601 ut
936 1574 1068 1601 miserea-

1111 348 1156 365 νου
1178 340 1209 366 ἐκ
1236 340 1369 374 κεραμίου
1384 340 1480 371 λεπτὰ,
1499 341 1568 367 ὥστε
1585 340 1622 375 μὴ
1639 340 1729 375 εὑρεῖν
1759 342 1787 367 ὲν
1812 341 1904 372 αὐτοῖς

1111 385 1254 420 ὃστρακον,
1271 385 1299 411 ἐν
1312 382 1334 418 ᾧ
1348 385 1402 420 πῦρ
1422 385 1507 420 ἀρεῖς,
1520 385 1566 412 καὶ
1583 385 1611 410 ὲν
1628 382 1649 419 ᾧ
1660 385 1818 420 ἀποπριεῖς
1831 385 1905 421 ὕδωρ

1113 430 1219 466 μικρόν.
1248 431 1326 457 Οὕτω
1354 431 1426 465 λέγει
1454 432 1555 466 Κύριος
1576 431 1688 467 Κύριος,
1703 433 1717 458 ὁ
1738 433 1833 466 Ἄγιος
1855 431 1905 458 τοῦ

1117 476 1226 511 Ἰσραήλ
1237 485 1244 491 ·
1257 477 1340 503 Ὅταν
1351 477 1535 512 ἀποστραφεὶς
1547 476 1687 512 στενάξῃς,
1704 477 1765 503 τότε
1781 477 1904 513 σωθήσῃ,

1111 524 1157 550 καὶ
1169 522 1260 558 γνώσῃ
1279 522 1330 549 ποῦ
1352 521 1433 558 ἦσθα,
1449 523 1493 549 ὅτε
1513 522 1668 554 ἐπεποίθεις
1687 524 1734 550 ἐπὶ
1766 525 1822 555 τοῖς
1853 533 1906 559 μα-

1110 570 1197 601 ταίοις
1206 578 1212 584 ·
1234 569 1336 605 ματαία
1347 571 1363 605 ἡ
1379 570 1455 604 ἰσχὺς
1466 569 1544 604 ὑμῶν
1558 569 1674 605 ἐγενήθη
1684 578 1690 585 ·
1700 570 1746 596 καὶ
1758 571 1809 597 οὐκ
1823 570 1907 605 ἠϐού-

1110 614 1188 640 λεσθε
1198 614 1308 640 ἀκούειν
1319 622 1326 629 ”
1343 614 1399 640 ἀλλ’
1418 614 1529 646 εἴπατε,
1553 615 1610 648 Ἐφ’
1625 614 1716 641 ἵππων
1732 614 1887 650 φευξόμεθα
1898 624 1905 630 ·

1110 660 1154 687 διὰ
1174 660 1254 687 τοῦτο
1272 660 1416 695 φεύξεσθε·
1429 661 1475 687 καὶ
1492 661 1537 687 ἐπὶ
1557 661 1669 695 κούφοις
1680 660 1830 693 ἀναϐάταις
1847 662 1908 688 ἐσό-

1113 707 1191 743 μεθα.
1210 718 1218 734 ι
1232 707 1363 739 Φεύξεσθε
1383 708 1432 743 μέν
1444 716 1450 722 “
1473 707 1524 734 ποῦ
1541 707 1594 743 μὴν
1603 708 1744 742 διαφυγεῖν
1758 708 1907 744 δυνήσεσθε

1111 753 1160 789 τὴν
1188 753 1243 780 τῶν
1259 753 1437 780 Βαϐυλωνίων
1466 754 1554 788 χεῖρα,
1572 754 1801 790 καταληψομὲνην
1821 755 1907 790 ἐμᾶς,

1112 800 1158 826 καὶ
1177 800 1205 825 ἐν
1220 799 1288 834 αὐτῇ
1311 799 1442 833 ἕχουσαν;
1460 809 1468 824 ι
1488 799 1538 826 Διὰ
1552 799 1630 825 τοῦτο
1642 799 1738 834 κοῦφοι
1759 799 1864 826 ἔσονται
1882 802 1907 827 οἱ

1111 845 1253 877 διώκοντες
1268 845 1348 880 ὑμᾶς.
1372 854 1382 870 ι

1150 901 1158 915 t
1179 891 1265 917 Χίλιοι
1285 890 1329 916 διὰ
1346 890 1437 926 φωνὴν
1452 890 1510 922 ἑνὸς
1526 889 1678 924 φεύξονται,
1692 890 1739 917 καὶ
1755 890 1800 917 διὰ
1815 890 1908 926 φωνὴν

1114 938 1192 964 πέντε
1202 937 1342 972 φεύξονται
1355 937 1515 968 Trunci.ng
1528 937 1560 963 ἂν
1569 936 1769 972 καταλειφθῆτε
1782 937 1819 968 ὡς
1835 937 1910 969 ἱστὸς

1114 985 1307 1020 ἐττ¹ὅρους,καὶ
1320 984 1357 1015 ὡς
1365 983 1483 1018 σημαίαν
1492 983 1581 1018 φέρων
1597 983 1642 1009 ἐπὶ
1657 982 1761 1018 βουνοῦ.
1778 993 1786 1008 ›
1802 983 1909 1019 ’Ὠσπερ

1114 1031 1178 1066 νηὸς
1193 1030 1406 1065 παραπεσούσης
1419 1030 1466 1056 καὶ
1482 1029 1653 1064 ἀπολομένης
1675 1030 1704 1055 ἐν
1719 1029 1838 1066 θαλάττῃ
1857 1038 1909 1065 ση-

1116 1078 1191 1112 μεῖον
1204 1076 1333 1112 τυγχάνει
1348 1075 1490 1107 ἀποτεθεὶς
1505 1077 1548 1102 ἐπ’
1566 1075 1651 1110 ἄκρου
1666 1075 1744 1111 ὖρους
1762 1075 1844 1106 ἱστὸς,
1861 1074 1909 1101 τοῦ

1117 1123 1213 1159 μηκέτι
1231 1122 1313 1149 αὐτοῦ
1337 1122 1431 1157 χρείαν
1456 1118 1540 1148 εἶναι·
1566 1121 1652 1152 οὕτως
1680 1121 1813 1156 ἐπίσημον
1826 1121 1909 1155 γενή-

1116 1169 1210 1196 σεσθαι
1222 1168 1270 1204 τὴν
1283 1168 1418 1195 ἀπώλειαν
1433 1168 1486 1193 τῶν
1498 1167 1684 1202 δηλουμένων·
1695 1166 1764 1202 πλὴν
1777 1167 1806 1193 οὺ
1819 1167 1908 1201 πάντη

1116 1217 1219 1248 πάντας
1230 1215 1386 1242 ἀπολεῖσθαί
1395 1224 1471 1249 φησι,
1486 1213 1677 1250 περιλειφθήσε
1682 1213 1743 1240 σθαι
1753 1213 1780 1240 δὲ
1798 1213 1910 1248 βραχεῖς

1115 1272 1201 1294 τινας,
1216 1262 1262 1294 οὒς
1280 1262 1392 1298 ἐλεήσας
1407 1263 1420 1288 ὁ
1430 1261 1506 1293 Θεὸς,
1514 1261 1559 1287 καὶ
1574 1258 1663 1300 οἶκτον
1680 1260 1770 1286 λαϐὼν
1782 1259 1910 1290 διασώζει

1115 1308 1307 1344 δοξαζόμενος,
1333 1309 1380 1335 καὶ
1399 1307 1550 1342 ὑψούμενος
1580 1307 1624 1334 διὰ
1654 1306 1700 1333 τοῦ
1717 1306 1826 1341 ἐλεῆσαι
1860 1306 1910 1332 αὖ·

1115 1355 1177 1387 τούς
1189 1364 1196 1371 '
1212 1355 1283 1381 οὕτω
1293 1355 1347 1390 γὰρ
1362 1354 1442 1381 αὐτὸν
1461 1353 1556 1389 κριτὴν
1569 1353 1671 1380 δίκαιον
1686 1351 1765 1386 εἶναι,
1780 1352 1818 1384 ὡς
1847 1352 1910 1384 τοὺς

1118 1402 1166 1437 μὲν
1179 1401 1271 1434 ἀξίους
1292 1401 1427 1436 τιμωρίας
1443 1398 1579 1431 κολάζειν,
1604 1399 1668 1430 τοὺς
1690 1398 1718 1425 δὲ
1742 1398 1911 1433 δυναμένους

1116 1448 1192 1474 ἐλέου
1207 1449 1310 1483 τυχεῖν,
1326 1447 1377 1482 τῆς
1395 1447 1458 1482 παρ’
1475 1445 1558 1473 αὑτοῦ
1583 1444 1728 1477 καταξιοῦν
1760 1444 1908 1480 σωτηρίας.

1117 1494 1162 1520 Διό
1179 1501 1264 1529 φησιο

1155 1549 1164 1565 ε
1186 1540 1240 1566 Καὶ
1269 1538 1349 1566 πάλιν
1367 1539 1441 1574 μένει
1456 1539 1470 1564 ὁ
1480 1539 1546 1570 Θεὸς
1560 1538 1606 1564 τοῦ
1622 1538 1790 1573 οίκτειρῆσαι
1815 1537 1888 1572 ὑμᾶς
1902 1545 1910 1552 ·

1118 1586 1165 1612 καὶ
1174 1585 1217 1612 διὰ
1234 1584 1313 1612 τοῦτο
1331 1584 1502 1619 ὑψωθήσεται
1518 1584 1566 1611 τοῦ
1593 1584 1704 1619 ἐλεῆσαι
1731 1583 1820 1619 ὑμᾶς·
1842 1583 1911 1609 διότι

280 1623 325 1646 tur
347 1619 595 1655 vestri:quoniam
616 1620 700 1654 judex
723 1612 853 1648 Dominus
878 1621 950 1649 Deus
973 1621 1065 1648 vestri.

1119 1631 1215 1667 κριτὴς
1225 1632 1326 1668 Κύριος
1340 1612 1360 1656 ὁ.
1373 1612 1439 1662 Θεδς
1455 1631 1541 1665 ὑμῶν.
1556 1612 1693 1666 Μακάριοι
1707 1630 1731 1656 oi
1745 1612 1911 1664 ἐμμένοντες

278 1665 407 1701 Beatiqui
419 1671 526 1693 manent
546 1666 572 1692 in
584 1673 627 1693 eo.
644 1676 653 1692 ι
671 1665 738 1693 Nam
751 1674 811 1694 cum
825 1666 915 1701 justus
925 1667 960 1694 sit
972 1667 1065 1701 judex,

281 1712 379 1747 dignos
389 1712 498 1747 quidem
510 1712 658 1746 captivitati
675 1712 786 1739 tradidit
801 1720 807 1738 ι
822 1719 889 1747 quos
908 1717 998 1740 autem
1015 1713 1066 1739 mi-

279 1759 367 1786 serari
381 1766 432 1793 par
447 1762 518 1789 erat.
534 1765 581 1785 eos
594 1758 683 1786 salvos
702 1758 769 1785 fecit
784 1767 789 1784 :
806 1759 877 1785 unde
899 1759 1007 1786 beatum
1027 1764 1068 1787 est

279 1804 306 1831 in
322 1804 368 1833 illo
383 1812 509 1837 manere;
529 1804 585 1832 sive
601 1810 630 1831 ut
645 1804 825 1840 Symmachus
837 1805 930 1836 edidit,
950 1814 960 1831 ‹
980 1805 1067 1839 ipsum

280 1850 424 1878 sustinere.
444 1861 454 1877 ι
481 1851 697 1878 Consentaneum
723 1851 822 1886 quippe
853 1855 895 1877 est
922 1850 1068 1877 stationem

282 1904 336 1924 non
348 1897 487 1930 deserere,
501 1904 551 1925 nec
562 1897 596 1925 de
614 1896 715 1924 auxilio
732 1896 778 1924 Dei
792 1897 938 1931 desperare
954 1897 980 1923 in
995 1898 1068 1924 cala-

282 1944 419 1971 mitatibus
447 1944 662 1972 occurrentibus.
686 1943 720 1971 Ut
736 1944 827 1979 justus
851 1944 943 1978 itaque
971 1943 1067 1978 judex,

282 1994 310 2016 et
321 1994 411 2024 utpote
423 1990 522 2021 bonus,
541 1990 730 2022 miserebitur;
748 1990 826 2017 itaut
841 1990 905 2017 Sion
920 1994 947 2016 et
961 1989 1069 2016 Jerusa-

282 2035 334 2063 lem
354 2036 442 2064 denuo
459 2036 637 2068 aediﬁcentur,
659 2041 686 2063 et
703 2036 731 2062 in
755 2036 800 2063 illa
825 2043 933 2063 rursum
955 2036 1070 2070 populus

284 2081 398 2108 habueL

322 2125 401 2154 Vsus.
417 2128 461 2154 l9.
482 2128 612 2160 Quoniam
625 2128 738 2163 populus
755 2133 868 2156 sanctus
882 2129 909 2156 in
929 2129 994 2156 Sion
1020 2130 1071 2157 ba-

284 2173 390 2207 bitabit,
402 2178 428 2201 et
436 2173 584 2201 Jerusalem
596 2173 659 2202 ﬂetu
674 2182 725 2201 non
740 2174 823 2202 ﬂevit.
848 2174 980 2202 Miserere
995 2175 1046 2201 mei
1063 2184 1070 2201 :

283 2219 457 2247 miserebitur
470 2220 519 2247 tui.
536 2219 637 2247 Vocem
661 2220 790 2248 clamoris
805 2222 842 2248 tui
861 2221 971 2255 quando
996 2220 1070 2254 vidit,

282 2265 422 2292 exaudivit
436 2270 471 2292 te.
491 2275 501 2292 ι
519 2266 556 2293 lta
570 2267 641 2293 enim
654 2266 787 2294 Hebraica
800 2267 878 2294 lectio
897 2266 1069 2295 circumfert:

1118 1677 1147 1703 ὲν
1161 1677 1244 1712 αὐτῷ.
1264 1687 1273 1703 ι
1286 1676 1395 1707 Δίκαιος
1409 1675 1463 1711 γὰρ
1480 1675 1517 1701 ὢν
1546 1675 1652 1711 κριτὴς,
1668 1675 1730 1705 τοὺς
1746 1674 1793 1709 μὲν
1817 1673 1910 1706 ἀξίους

1119 1723 1291 1758 αἰχμαλωσίᾳ
1302 1722 1442 1758 παρεδίδου
1452 1730 1458 1736 ·
1475 1721 1522 1752 οὓς
1533 1721 1561 1747 δὲ
1574 1721 1676 1748 δίκαιον
1684 1720 1778 1752 ἐλεεῖν,
1791 1719 1909 1752 ἔσωζεν·

1119 1767 1181 1794 ὅθεν
1198 1767 1245 1793 καὶ
1262 1767 1395 1803 μακάριόν
1411 1767 1468 1793 ἐστι
1480 1766 1509 1792 τὸ
1519 1766 1647 1801 ἐμμένειν
1663 1766 1691 1792 ὲν
1703 1765 1791 1800 αὐτῷ·
1806 1765 1822 1800 ἢ
1840 1764 1911 1797 κατὰ

1119 1813 1164 1839 τὸν
1177 1813 1332 1848 Σύμμαχον,
1354 1822 1362 1837 ι
1384 1812 1528 1847 ὑπομένειν
1545 1811 1635 1838 αὐτόν.
1658 1821 1667 1836 ι
1685 1811 1774 1838 Καλὸν
1795 1811 1850 1846 γὰρ
1880 1811 1912 1837 τὸ

1121 1859 1158 1895 μὴ
1172 1859 1369 1890 λειποτακτείν,
1386 1859 1432 1885 καὶ
1448 1859 1483 1894 μὴ
1501 1858 1700 1892 ἀπογινώσκειν
1716 1858 1766 1893 τὴν
1779 1858 1826 1884 τοῦ
1842 1857 1911 1884 Θεοῦ

1122 1904 1247 1940 βοήθειαν
1267 1905 1294 1930 ὲν
1319 1905 1379 1936 ταῖς
1395 1903 1665 1939 καταλαμϐανούσαις
1681 1904 1843 1938 συμςοραῖς.
1868 1903 1912 1934 Ὧς

1120 1951 1223 1982 δίκαιος
1244 1950 1386 1987 τοιγαροῦν
1407 1950 1512 1986 κριτὴς,
1538 1949 1585 1976 καὶ
1599 1950 1637 1981 ὡς
1655 1949 1755 1983 ἀγαθὸς
1779 1949 1860 1976 πάλιν
1874 1950 1912 1975 oi-

1121 1999 1259 2033 κτειρὴσει
1271 2005 1278 2011 ·
1294 1997 1332 2028 ὼς
1347 1997 1395 2032 τὴν
1411 1995 1480 2023 Σιὼν
1493 1996 1541 2022 καὶ
1560 1996 1608 2031 τὴν
1631 1996 1807 2031 Ἰερουσαλὴμ
1821 1995 1913 2022 δεύτε-

1123 2050 1168 2078 ρον
1195 2042 1422 2078 οἰκοδομηθῆναι,
1445 2043 1492 2069 καὶ
1506 2040 1585 2073 αὖθις
1604 2042 1633 2068 ὲν
1659 2041 1727 2077 αὐτῇ
1749 2042 1911 2076 κατοικῆσαι

1121 2086 1195 2113 λαόν.

1158 2142 1167 2158 ‹
1184 2133 1256 2158 Διότι
1271 2132 1333 2164 λαὸς
1345 2132 1423 2166 ἆγιος
1438 2133 1467 2158 ἐν
1497 2132 1566 2159 Σιὼν
1578 2133 1695 2168 οἰκήσει,
1711 2133 1758 2160 καὶ
1777 2133 1911 2169 Ἰερουσα-

1121 2178 1177 2214 λὴμ
1197 2178 1328 2214 κλαυθμῷ
1340 2179 1391 2205 οὐκ
1413 2178 1555 2206 ἔκλαυσεν.
1578 2179 1702 2214 Ἐλέησόν
1729 2187 1779 2214 με’
1806 2179 1912 2214 ἐλεήσει

1123 2232 1162 2249 σε.
1176 2223 1232 2258 Τὴν
1244 2223 1335 2258 φωνὴν
1352 2223 1402 2258 τῆς
1427 2223 1552 2258 κραυγῆς
1571 2232 1617 2250 σου
1633 2223 1715 2259 ἡνίκα
1748 2221 1828 2255 εἶδεν,
1862 2224 1911 2249 ὲπ-

1123 2268 1223 2303 ήκουσέ
1235 2277 1292 2295 σου.
1312 2278 1321 2294 ›
1349 2268 1426 2295 οὕτω
1438 2268 1492 2304 γὰρ
1507 2269 1628 2305 περιέχει
1640 2270 1657 2304 ὴ
1679 2269 1809 2304 Ἐϐραῖκὴ
1823 2268 1910 2302 λέξις·

282 2320 366 2347 quare
380 2313 559 2348 Symmachus
572 2313 612 2340 sic
625 2313 716 2345 habet,
738 2324 747 2339 ε
761 2314 922 2346 Jerusalem,
939 2313 1001 2342 ﬂetu
1020 2321 1063 2340 non

1124 2313 1165 2340 διὸ
1188 2313 1258 2340 κατὰ
1277 2313 1323 2340 τὸν
1353 2312 1501 2349 Σύμμαχον
1532 2313 1655 2349 εἴρηται·
1687 2322 1696 2338 (
1719 2311 1911 2349 Ἰερουσαλὴμ,

282 2359 378 2391 ﬂebis;
393 2369 402 2385 ι
419 2359 568 2387 Theodotio
580 2360 717 2392 similiter,
730 2370 739 2386 ί
752 2361 781 2387 ln
791 2360 1008 2388 Jerusalemﬂelu
1022 2368 1074 2386 non

282 2406 401 2433 ﬂebitur.
416 2415 425 2431 ι
448 2405 587 2440 Siquidem
618 2413 671 2433 non
696 2406 776 2433 flendi
798 2411 902 2441 tempus
924 2406 1017 2433 aderat
1041 2406 1074 2432 iis

284 2453 329 2487 qui
344 2460 376 2480 ex
387 2452 573 2479 misericordia
585 2451 629 2479 Dei
638 2457 779 2486 paternum
793 2453 878 2479 solum
891 2452 1054 2487 repetierant
1066 2460 1073 2484 ;

284 2499 387 2534 quique
402 2506 432 2525 ea
444 2499 478 2526 de
487 2506 567 2526 causa
577 2498 731 2533 gaudebant
745 2504 774 2526 et
795 2498 970 2530 laetabantur,
988 2502 1016 2525 ut
1033 2498 1075 2524 di-

284 2546 396 2572 citur“
414 2545 561 2572 Venientes
584 2550 675 2572 autem
699 2546 809 2572 venient
831 2546 857 2572 in
882 2545 1072 2577 exsultatione,

285 2596 425 2626 portantes
437 2591 589 2630 manipulos
601 2599 665 2619 suos
678 2592 711 2618 ’⁸.
733 2601 742 2618 ι
759 2591 875 2618 Sanctos
899 2599 980 2626 porro
996 2596 1073 2618 vocat

284 2645 333 2665 eos
348 2638 394 2672 qui
428 2638 588 2672 pmnilentin
611 2638 783 2665 sanctitatem
809 2638 859 2664 sibi
881 2642 1071 2672 procurarunt.

286 2683 501 2719 Hierosolymam
519 2692 582 2712 vero
601 2684 708 2711 ﬂentem
721 2684 825 2712 inducit
840 2684 981 2719 propheta,
1003 2684 1073 2717 quod

287 2729 526 2757 commiseratione
545 2735 633 2757 motus
648 2729 730 2756 talem
751 2730 823 2756 illam
838 2737 897 2757 esse
915 2729 964 2756 sibi
983 2734 1073 2756 mente

286 2774 453 2801 formaverit.
475 2775 526 2802 Pro
552 2776 596 2802 illo
614 2780 714 2809 autem,
743 2785 752 2802 ι
775 2777 871 2804 Vocem
893 2776 1017 2803 clamoris
1036 2776 1073 2803 tui

286 2821 395 2853 quando
408 2821 484 2853 vidit,
498 2822 636 2849 exaudivit
651 2827 688 2855 te,
706 2832 715 2849 ι
738 2822 918 2857 Symmachus
931 2821 979 2853 ait,
998 2831 1007 2847 ι
1022 2821 1073 2850 Vo-

288 2873 346 2893 cem
363 2866 490 2895 clamoris
505 2868 554 2901 tui,
569 2869 639 2897 sicut
658 2869 780 2898 auditum
794 2868 887 2902 fuerit,
906 2869 997 2896 audiet
1010 2873 1045 2896 te.
1063 2880 1071 2894 ι

323 2956 345 2974 ³⁸
360 2954 433 2984 Psal.
446 2962 527 2991 cxxv,
540 2957 567 2985 6.

1127 2359 1262 2395 κλαυθμὸν
1273 2360 1303 2385 οὐ
1317 2359 1443 2392 κλαύσεις
1453 2368 1460 2374 ·
1478 2369 1487 2385 ι
1501 2359 1601 2394 ὁμοίως
1611 2359 1638 2385 δὲ
1653 2359 1699 2385 καὶ
1710 2358 1780 2385 κατὰ
1791 2358 1838 2385 τὸν
1851 2358 1913 2384 Θεο-

1125 2406 1238 2432 δοτίωνα
1260 2405 1381 2441 εἴρηται·
1406 2415 1416 2431 r
1443 2406 1487 2432 Ἐν
1516 2404 1690 2440 Ἰερουσαλὴμ
1719 2403 1856 2440 κλαυθμὸς
1882 2404 1912 2430 οὐ

1126 2451 1336 2487 κλαυσθήσεται.
1350 2461 1359 2476 ι
1377 2451 1474 2477 Οὐκέτι
1485 2451 1540 2486 γὰρ
1550 2449 1583 2486 ἦν
1601 2451 1696 2486 καιρὸς
1703 2449 1843 2485 κλαυθμοῦ
1858 2450 1913 2480 τοῖς

1125 2498 1168 2524 διὰ
1181 2498 1227 2524 τὸν
1239 2498 1311 2524 ἔλεον
1322 2497 1370 2524 τοῦ
1384 2497 1451 2524 Θεοῦ
1468 2497 1633 2524 ἀπολαϐοῦσι
1652 2497 1681 2523 τὸ
1703 2496 1829 2532 πατρῷον
1856 2495 1913 2522 ἔδα-

1126 2553 1184 2579 φος,
1200 2544 1245 2571 καὶ
1258 2544 1304 2570 ἐπὶ
1313 2543 1399 2579 τούτῳ
1407 2543 1532 2579 χαίρουσι
1546 2544 1592 2570 καὶ
1605 2543 1834 2579 εὐφραινομένοις.
1844 2541 1914 2569 κατὰ

1125 2591 1155 2617 τὸ
1168 2591 1227 2626 εἰρη
1233 2590 1326 2626 μένον·
1340 2599 1349 2614 ‹
1373 2589 1527 2625 Ἐρχόμενοι
1540 2590 1568 2616 δὲ
1578 2590 1687 2625 ἥξουσιν
1699 2591 1728 2616 ὲν
1745 2589 1912 2624 ἀγαλλιάσει,

1127 2636 1249 2672 αἴροντες
1271 2635 1306 2662 τὰ
1321 2635 1467 2671 δράγματα
1497 2635 1597 2663 αὐτῶν.
1621 2646 1630 2662 ι
1653 2636 1759 2670 Ἀγίους
1782 2635 1810 2662 δὲ
1838 2635 1915 2662 καλεῖ

1127 2683 1190 2714 τοὺς
1201 2681 1245 2708 διὰ
1264 2682 1313 2717 τῆς
1332 2681 1474 2717 μετανοίας
1502 2682 1547 2709 τὸν
1572 2682 1705 2716 ἁγιασμὺν
1727 2680 1914 2716 ἐφελκυσαμέ-

1127 2736 1200 2760 νους.
1220 2728 1372 2755 Κλαίουσαν
1388 2728 1416 2755 δὲ
1429 2729 1478 2764 τὴν
1501 2727 1676 2764 Ἰερουσαλὴμ
1690 2727 1793 2761 εἰσάγει
1808 2727 1822 2752 ὁ
1848 2735 1914 2762 προ-

1128 2774 1236 2809 φήτης,
1266 2774 1464 2809 προανατυπῶν
1491 2775 1576 2810 αὐτὴν
1607 2773 1734 2808 τοιαύτην
1757 2772 1829 2799 κατὰ
1854 2771 1914 2798 νοῦν

1128 2820 1224 2846 ἑαυτοῦ
1233 2822 1289 2852 τοῖς
1302 2820 1352 2855 τῆς
1365 2820 1535 2856 συμπαθείας
1551 2819 1721 2854 σπλάγχνοις.
1731 2818 1803 2845 Ἀντὶ
1814 2818 1843 2845 δὲ
1856 2816 1913 2844 τοῦ.

1129 2876 1137 2892 ι
1157 2866 1212 2902 Τὴν
1223 2867 1315 2902 φωνὴν
1326 2866 1377 2902 τῆς
1392 2867 1516 2903 κραυγῆς
1537 2875 1584 2893 σου
1601 2865 1681 2901 ἡνίκα
1695 2863 1763 2892 εἶδεν
1772 2885 1780 2897 ,
1794 2864 1911 2899 ἐπήκου-
