2044 3215
170 219 223 246 309

630 214 882 244 COMMENTARIA
900 213 933 240 IN
953 212 1082 241 lSAlAM.
1102 226 1137 233 -α
1156 211 1235 238 CAP.‘
1250 210 1334 238 XXX.

1745 208 1797 235 510

173 278 203 305 σέ
224 286 282 310 σου,
303 288 312 303 ι
339 278 352 304 ὁ
365 277 510 313 Σύμμαχός
527 284 603 310 φησι,
627 285 636 301 ι
652 275 708 310 Τὴν
726 273 816 309 φωνὴν
830 274 879 308 τῆς
897 272 957 307 βοῆς

1013 270 1106 298 Simile
1126 274 1213 297 autem
1234 269 1296 296 huic
1322 272 1363 294 est
1393 267 1470 298 illud,
1503 275 1512 292 ι
1535 265 1689 293 Secundum
1717 265 1796 292 [idem

172 333 232 356 σου,
247 323 339 355 καθὼς
353 324 386 350 ἂν
414 321 546 357 ἀκόυσθῇ,
565 321 657 347 ἀκούει
683 329 740 346 σου.
759 329 767 345 ›
796 319 906 354 Ὅμοιον
932 317 960 344 δὲ

170 370 268 405 τούτῳ,
287 379 294 394 ι
312 368 391 395 Κατὰ
403 368 452 403 τὴν
463 367 554 394 πίστιν
577 375 623 392 σου
638 365 781 401 γενηθήτω
797 373 847 395 σοι,
870 373 878 389 ι
898 363 960 390 εἰω-

172 416 230 442 θότι
244 414 369 449 λέγεσθαι
387 414 440 440 ὑπὸ
451 413 498 440 τοῦ
509 412 643 447 Σωτῆρος.
660 411 717 437 Νῦν
735 411 784 445 μὲν
794 410 858 445 γὰρ,
868 408 959 444 φησὶν,

172 462 223 488 οὐκ
236 461 361 492 ἕκλαυσε,
372 460 432 486 καθ’
446 459 539 494 ἕτερον
552 458 581 484 δὲ
591 457 687 492 καιρὸν
701 456 778 483 τοῦτο
793 456 873 481 ποιεῖ.
889 453 960 488 Πλὴν

172 509 186 534 ὁ
203 507 280 541 λόγος
299 507 425 541 παραινεῖ
445 506 513 540 αὐτῇ
537 504 600 539 βοᾷν
613 503 681 539 πρὸς
691 503 737 529 τὸν
750 502 815 528 Θεὸν
836 502 958 527 πάντοτε.

175 564 184 579 ι
205 553 277 588 Πρὸς
288 553 337 587 τὴν
363 553 454 587 φωνήν
476 559 533 583 σου,
561 551 658 586 φησὶν,
687 547 899 583 ἀποκριθήσεται
921 554 961 572 σοι

171 601 185 626 ό
199 600 274 631 θεός.
291 608 300 624 ι

211 656 219 671 ι
237 645 292 672 Καὶ
306 644 386 671 δώσει
401 644 501 680 Κύριος
517 645 580 679 ὑμῖν
591 643 672 678 ἄρτον
687 641 812 676 θλίψεως,
827 640 873 667 καὶ
889 638 961 674 ὕδωρ

173 691 265 718 στενόν
276 699 282 704 ·
295 691 342 717 καὶ
351 691 442 717 οὐκέτι
461 690 498 726 μὴ
513 689 642 724 ἐγγίσωσι
656 697 696 714 σοι
707 688 730 714 ot
743 685 898 717 πλανῶντες
911 694 940 712 σε
953 695 958 700 ·

170 738 213 764 ὃτι
229 738 252 763 οἱ
267 736 398 772 ὀφθαλμοί
413 744 460 762 σου
471 735 580 771 ὄψονται
589 736 652 767 τοὺς
666 733 822 765 πλανῶντάς
844 741 889 758 σεο
915 732 962 759 καὶ

171 782 206 809 τὰ
220 780 278 809 ὦτά
292 791 339 808 σου
358 781 521 808 ἀκούσονται
536 782 598 813 τοὺς
628 780 724 814 λόγους
735 779 789 806 τῶν
819 778 906 804 ὀπίσω
931 786 960 803 σε

172 827 366 862 πλανησάντων
379 836 385 842 ·
403 828 427 854 oi
440 828 578 861 λέγοντες·
591 827 664 861 Αὕτη
679 825 772 861 ἡὸδὸς,
786 824 961 860 πορευθῶμεν

171 874 200 898 ἐν
217 874 297 909 αὐτῇ,
312 873 365 900 εἴτε
380 873 464 905 δεξιὰ,
482 873 536 899 εἴτε
554 872 694 908 ἀριστερά.
711 881 720 897 ι
732 870 856 897 Διδάσκει
871 869 898 896 δὲ
919 869 962 896 διὰ

170 920 284 951 τούτων,
302 920 339 950 ὡς
351 921 379 946 ὲν
394 921 442 954 μὲν
453 920 485 954 τῇ
494 919 564 954 ἀρχῇ
580 918 631 953 τῆς
648 918 776 944 ἐπανόδου
789 917 890 951 πολ-λῆς
905 916 960 942 θλι-

1012 323 1084 345 tuam
1110 317 1156 343 ﬁat
1177 316 1244 348 tibi,
1266 324 1276 340 ι
1306 314 1376 349 quod
1395 321 1409 340 a
1428 312 1568 340 Salvatore
1592 312 1646 338 d-it-i
1661 311 1738 338 solet.
1766 311 1798 338 Et

1012 371 1084 390 nunc
1094 363 1213 397 quidem,
1230 362 1278 394 ait,
1306 368 1359 388 non
1384 359 1468 391 ﬂevit,
1490 358 1539 385 sed
1561 358 1615 385 alio
1633 362 1753 392 temporc
1773 358 1798 383 id

1010 408 1158 444 prmstabit.
1178 407 1313 435 Caeterum
1334 406 1379 433 hie
1391 409 1529 437 mouetur,
1544 404 1616 431 utad
1632 403 1714 430 Deum
1729 411 1800 430 sem-

1012 463 1060 490 per
1074 455 1181 482 elamet.
1206 463 1215 481 ι
1236 454 1276 481 Ad
1288 460 1379 480 vocem
1394 457 1479 484 tuam,
1496 451 1602 486 inquit,
1622 449 1797 484 respondebit

1011 502 1058 529 tibi
1071 502 1152 529 Deus.
1169 511 1178 527 ι

1051 634 1130 661 Vens.
1149 634 1194 666 20,
1208 633 1254 660 21.
1277 643 1286 659 ι
1310 633 1343 661 Ει
1360 633 1435 661 dabit
1450 633 1526 660 vobis
1553 633 1683 660 Dominus
1703 639 1799 667 panem

1013 680 1173 712 alllictionis,
1187 684 1214 707 et
1227 687 1323 714 aquam
1335 683 1478 714 angustam
1490 688 1495 704 :
1507 684 1532 706 et
1553 685 1720 713 nequaquam
1730 677 1800 704 ultra

1012 726 1266 762 appropinquabunt
1281 725 1396 761 libi{qui
1417 733 1508 752 errare
1540 724 1643 751 faciunt
1668 729 1713 757 te,
1737 724 1801 758 quia

1012 773 1081 800 oculi
1105 773 1141 800 tui
1167 773 1296 800 videbunt
1314 780 1377 804 eos,
1397 772 1444 807 qui
1467 779 1561 799 errare
1580 771 1681 798 faciunt
1702 776 1727 797 te
1748 778 1756 796 :
1774 775 1802 796 et

1012 827 1093 847 aures
1107 825 1159 847 tua:
1183 820 1293 847 audient
1307 820 1390 846 verba
1410 825 1504 846 eorum
1534 818 1579 853 qui
1601 822 1749 844 retrorsum
1776 821 1802 842 te

1013 873 1108 893 errare
1123 865 1247 892 fecerunt
1263 874 1274 891 -.
1286 864 1332 899 qui
1347 865 1441 892 dicunt
1459 874 1465 891 :
1486 864 1547 891 llaec
1560 864 1616 896 via,
1633 863 1802 890 ambulemus

1014 912 1040 939 in
1060 919 1109 944 ea,
1131 912 1188 939 sive
1206 911 1239 938 ad
1259 912 1400 942 dextram,
1421 912 1478 938 sive
1496 911 1528 937 ad
1551 911 1703 937 sinistram.
1721 919 1730 936 ι
1752 909 1802 937 l-‘lic

169 966 242 1000 ψεως
255 965 385 1000 μετέσχον
394 951 422 991 οἱ
435 951 489 991 ἀπδ
574 951 625 999 γῆς
641 963 772 998 πολεμίας
799 961 957 988 ἐπανελθόν-

1011 958 1100 990 docet,
1122 965 1168 985 eos
1194 958 1239 993 qui
1267 964 1299 984 ex
1316 958 1425 984 inimica
1453 962 1524 985 terra
1545 958 1646 984 reversi
1676 962 1757 989 sunt,
1775 957 1800 983 in

169 1020 226 1044 τες,
244 1011 299 1036 τῶν
317 1010 478 1045 περιχώρων
500 1009 642 1035 θλιϐόντων
658 1008 766 1039 αὐτοὺς,
793 1007 831 1038 ὡς
857 1008 904 1033 ttat
927 1007 956 1032 τὸ

169 1056 250 1090 ἔργον
267 1056 390 1090 ἐπισχεῖν
407 1057 456 1090 τῆς
475 1054 617 1090 οἰκοδομῆς
631 1054 677 1080 τοῦ
694 1054 778 1090 ἱεροῦ.
803 1054 888 1081 Τοῦτο
910 1052 956 1081 οὖν

170 1103 218 1128 καὶ
235 1103 263 1128 ἐν
274 1103 307 1136 τῇ
326 1101 431 1136 ἱστορίᾳ.
447 1101 475 1127 ὲν
487 1102 520 1136 τῇ
538 1100 620 1135 βίϐλῳ
643 1100 690 1126 τοῦ
708 1100 810 1136 Ἔσδρα
825 1100 954 1127 διδάσκει.

171 1147 218 1173 Διὸ
232 1146 323 1173 οὐκέτι
338 1146 502 1181 πλανήσουσί
529 1154 574 1172 σε·
602 1146 626 1172 εἰ
657 1145 712 1181 γὰρ
737 1147 783 1172 καὶ
803 1145 957 1182 πειραθεῖεν

167 1193 247 1220 τοῦτο
270 1193 371 1228 πρᾶξαί
399 1201 480 1224 τινες,
496 1191 552 1218 ἀλλ’
569 1192 594 1217 οί
622 1190 755 1226 ὀφθαλμοί
776 1200 823 1218 σου
847 1191 957 1226 ὄψονται

168 1238 277 1269 αὐτούς.
301 1238 410 1269 Ἰδόντες
437 1237 465 1263 δὲ
489 1237 588 1268 αὐτοὺς
609 1237 657 1263 καὶ
673 1237 835 1272 νοήσαντες,
848 1238 878 1264 οὐ
891 1238 957 1264 πλα-

169 1284 340 1320 νηθήσονται.
356 1284 410 1310 Καὶ
435 1283 514 1310 πάλιν
532 1283 557 1309 εἰ
571 1282 724 1318 πειραθεῖεν
743 1283 848 1319 ἑτέροις
867 1283 956 1317 λόγοις

168 1331 318 1366 ἀπατηλοῖς
332 1329 496 1365 διαστροφάς
507 1330 575 1365 πρὸς
589 1331 660 1365 ὑμᾶς
677 1329 777 1358 λαλεῖν.
789 1330 837 1357 καὶ
855 1330 957 1357 τούτων

168 1377 203 1404 τὰ
217 1378 326 1412 ῥήματα
340 1377 370 1403 οὐ
387 1374 581 1412 παραδέξονται
600 1375 634 1402 τὰ
651 1373 708 1402 ὦτά
722 1383 784 1402 σου·
810 1376 860 1402 κᾶν
883 1376 955 1403 ἀπα-

169 1423 268 1454 τῶντες
281 1423 384 1457 λέγοιεν
393 1431 400 1437 ·
418 1432 427 1447 ι
440 1422 512 1457 Αὕτη
526 1423 543 1457 ὴ
553 1422 621 1455 ὁδὸς,
638 1421 814 1457 πορευθῶμεν
833 1423 862 1448 ἐν
876 1423 956 1458 αὐτῇ,

169 1469 226 1496 εἴτε
240 1469 324 1501 δεξιὰ,
339 1469 394 1495 εἴτε
410 1468 558 1504 ἀριστερά⁸
579 1478 589 1494 ›
604 1468 633 1494 οὐ
647 1467 781 1503 πεισθήσῃ
793 1467 848 1503 γὰρ
866 1469 957 1500 αὐτοῖς

170 1515 376 1549 λέγουσιίταῦτα
388 1523 395 1531 ’
412 1514 469 1541 ἀλλ’
487 1514 545 1549 ὁδῷί
553 1514 679 1549 βασιλικῇ
691 1514 821 1551 πορεύσῃ.
832 1515 882 1551 τὴν
908 1516 955 1551 μὲ-

172 1570 222 1596 σην
239 1561 346 1594 ὁδεύων,
362 1561 408 1587 καὶ
423 1561 459 1596 μὴ
470 1561 601 1587 ἐκκλίνων
613 1561 681 1595 μήτε
695 1562 734 1592 εἰς
750 1561 824 1593 δεξιὰ
839 1562 906 1597 μήτε
918 1563 957 1594 εἰς

169 1608 309 1643 ἀριστερά.

202 1663 212 1679 ι
227 1655 282 1680 Καὶ
301 1655 407 1689 ptavqu
421 1653 455 1679 τὰ
468 1653 563 1680 εἴδωλα
576 1654 610 1680 τὰ
629 1654 885 1690 περιηργυρωμένα,
911 1655 957 1681 καὶ¹

168 1689 429 1735 περικεέρυσωμένα
447 1698 532 1725 λεπτὰ
547 1689 684 1734 ποιήσεις,
700 1700 746 1726 καὶ
766 1700 908 1735 λικμήσεις
921 1701 957 1732 ὡς

168 1744 241 1780 ὕδωρ
251 1745 474 1780 ἀποκαθημένης,
490 1745 536 1772 καὶ
551 1745 588 1777 ὡς
605 1746 706 1781 κόπρον
716 1746 795 1778 ὥσεις
806 1747 882 1773 αὐτά.
891 1747 957 1773 Τότε

169 1791 246 1818 ἔσται
257 1792 271 1818 ὁ
287 1791 362 1823 ὑετὸς
376 1791 416 1826 τῷ
432 1791 568 1827 σπέρματι
578 1793 628 1827 τῆς
643 1792 696 1827 γῆς
710 1800 767 1823 σου,
785 1792 832 1818 καὶ
845 1793 859 1818 ὁ
875 1792 956 1827 ἄρτος

171 1837 219 1864 τοῦ
235 1839 401 1873 γεννήματος
424 1838 473 1872 τῆς
490 1838 541 1872 γῆς
568 1847 614 1864 σου
641 1838 715 1865 ἔσται
738 1838 880 1874 πλησμονὴ
910 1839 958 1865 καὶ

171 1883 294 1920 λιπαρός.
319 1893 327 1908 ι
345 1884 437 1910 Πάντα
456 1885 495 1916 εἰς
509 1885 538 1910 σὲ
562 1884 772 1920 πληρωθήσεται
797 1885 825 1910 ὲν
846 1885 957 1920 εὐθηνίᾳ

170 1929 267 1965 πολλῇ,
279 1930 326 1956 καὶ
341 1930 477 1968 βαθυτάτῃ
492 1932 587 1967 εἰρήνῃ
609 1931 658 1966 τὴν
680 1930 751 1966 ζωὴν
776 1930 954 1957 διατελοῦντι·

168 1975 207 2008 ὡς
218 1976 265 2002 καὶ
279 1976 353 2011 παρὰ
367 1977 408 2003 σοὶ
422 1976 488 2009 ζῶα,
504 1977 550 2004 καὶ
563 1977 678 2012 μάλιστα
695 1977 744 2012 τὴν
759 1977 849 2013 χώραν
871 1985 957 2013 γεωρ-

168 2022 269 2057 γοῦντα
280 2042 287 2056 ,
302 2023 468 2058 πληροῦσθαι
480 2024 529 2058 τῆς
543 2023 633 2054 αὐτοῖς
647 2023 717 2050 κατὰ
729 2024 808 2057 φύσιν
818 2023 929 2058 τροφῆς.

207 2078 217 2093 ι
238 2069 292 2095 Καὶ
306 2068 504 2104 βοσκηθήσεταί
518 2078 564 2095 σου
580 2069 613 2095 τὰ
628 2069 713 2104 κτήνη
727 2070 759 2104 τῇ
778 2069 869 2104 ἡμέρᾳ
884 2069 955 2095 ὲκεί-

168 2121 203 2150 νῃ
213 2115 293 2141 τόπον
307 2115 386 2141 πίονα
398 2115 445 2141 καὶ
455 2115 619 2151 εὐρύχωρον.
637 2116 668 2141 Oi
690 2115 786 2150 ταῦροι
802 2114 879 2150 ὑμῶν
910 2115 956 2141 καὶ

167 2162 193 2188 οἱ
212 2161 271 2196 βόες
286 2162 311 2187 οἱ
321 2160 498 2196 ἐργαζόμενοι
509 2161 557 2196 τήν
572 2161 625 2196 γῆν
639 2161 770 2196 φάγονται
783 2161 872 2196 ἄχυρα
892 2162 956 2188 ἀνα-

168 2206 340 2241 πεποιημένα
353 2207 382 2232 ἐν
401 2206 480 2241 κριθῇ
505 2206 701 2241 λελικμημένῃ.
732 2206 787 2232 Καὶ
808 2205 884 2232 ἔσται
911 2206 957 2232 ἐπὶ

169 2252 268 2283 παντὸς
289 2252 369 2287 ὅρους
384 2251 485 2287 ὑψηλοῦ
503 2253 548 2278 καὶ
564 2253 610 2278 ἐπὶ
626 2252 725 2283 παντὸς
747 2252 840 2286 βουνοῦ
856 2252 956 2287 μετεώ-

170 2306 216 2332 ρου
233 2296 304 2332 ὕδωρ
317 2296 543 2332 διαπορευόμενον
558 2297 586 2323 ἐν
599 2298 632 2332 τῇ
655 2296 747 2332 ἡμέρα
767 2296 868 2331 ἐκείνῃ,
892 2297 956 2323 ὅταν
972 2292 994 2319 Ι)

167 2343 320 2369 ἀπόλωνται
350 2342 461 2375 πολλοὶ,
484 2343 531 2370 καὶ
558 2343 623 2369 ὅταν
648 2343 750 2369 πέσωσι
780 2343 889 2378 πύργοι,
910 2353 918 2368 ι
940 2343 956 2378 ἦ

166 2388 238 2415 κατὰ
249 2389 295 2415 τὸν
305 2388 461 2424 Σύμμαχον,
475 2398 482 2412 ι
497 2389 525 2415 ὲν
533 2388 625 2424 ἡμέρᾳ.
636 2389 742 2423 σφαγῆς
755 2389 863 2424 πολλῆς,
879 2391 908 2416 ὲν
919 2389 956 2424 τῷ

167 2436 260 2461 πεσεῖν
276 2434 434 2470 μεγάλους.ι
447 2435 515 2461 Πότε
529 2435 557 2461 δὲ
571 2434 646 2461 ἔσται
659 2435 675 2470 ἡ
693 2435 776 2469 πολλὴ
791 2435 893 2470 σφαγὴ,
910 2436 956 2462 καὶ

167 2481 233 2507 πότε
248 2481 393 2508 πεσοῦνται
406 2482 431 2507 οἱ
447 2481 570 2517 μεγάλοι,
587 2481 604 2516 ἢ
628 2480 697 2507 κατὰ
710 2481 756 2507 τὸν
782 2481 877 2516 καιρὺν
906 2481 954 2516 τῆς

166 2526 281 2553 καθόλου
296 2526 411 2562 κρίσεως
421 2527 470 2561 τῆς
481 2526 549 2561 μετὰ
563 2526 613 2560 τὴν
630 2526 782 2552 συντέλειαν
796 2526 843 2552 τοῦ
858 2527 955 2557 αἰῶνος

165 2571 260 2598 τούτου
267 2572 453 2608 γεγενημένης
462 2573 529 2607 (58);
543 2572 588 2598 Διὸ
595 2571 702 2607 εἴρηται
712 2572 782 2599 κατὰ
794 2572 953 2603 τοὺςἙὸδο-

168 2618 300 2654 μήκοντα,
319 2627 329 2643 ι
346 2619 429 2645 Ὅταν
450 2619 553 2645 πέσωσι
567 2618 675 2654 πύργοι,
691 2619 737 2644 καὶ
757 2618 820 2644 ὅταν
832 2619 953 2645 ἀπόλων-

165 2673 211 2690 ται
232 2663 331 2691 πολλοί.
350 2673 359 2688 ι
379 2663 474 2689 Πολλοὶ
495 2663 549 2698 γὰρ
579 2664 638 2690 κατ’
668 2664 769 2689 ἐκεῖνον
791 2663 953 2690 ἀπολοῦνται

165 2708 212 2736 τὸν
225 2709 331 2744 χρόνον,
349 2709 378 2735 ὲν
400 2705 422 2742 ᾦ
444 2709 490 2734 καὶ
514 2708 548 2734 τὰ
571 2708 761 2743 ἐπηγγελμένα
786 2709 841 2740 τοῖς
869 2708 952 2742 ἀξίοις

165 2755 373 2789 ἀποδοθήσεται.
408 2754 538 2780 Ἐνταῦθα
567 2754 628 2780 οὕτε
653 2754 699 2781 τοῦ
719 2754 824 2790 Ἰσραὴλ
851 2764 953 2790 μνημο-

165 2800 248 2833 νεύει,
260 2801 320 2827 οὑδὲ
333 2801 401 2832 ὅλως
417 2799 472 2827 τῶν
486 2800 629 2833 Ἰουδαίων,
641 2800 708 2827 ἀλλὰ
718 2801 764 2826 τοῦ
781 2800 845 2827 λαοῦ
861 2801 952 2827 αὐτοῦ·

165 2847 205 2879 ὡς
222 2847 324 2879 πάντας
349 2847 412 2878 τοὺς
427 2846 519 2879 ἀξίους
539 2847 717 2881 χρηματίζειν
731 2847 794 2874 λαὸν
810 2847 887 2880 Θεοῦ,
904 2847 953 2874 τῖ’-

167 2893 332 2927 ἑπαγγελὶας
343 2893 460 2926 ὲξαπλου
464 2892 557 2928 μένης.

204 2949 260 2985 (58)
280 2948 361 2978 Forte
377 2949 428 2985 leg.
446 2949 640 2986 γενησομένης.
656 2949 731 2977 Eutr.

1008 1003 1142 1038 principio
1162 1004 1264 1031 reditus
1276 1004 1375 1031 multas
1395 1011 1530 1030 aerumnas
1553 1009 1634 1035 atque
1660 1004 1800 1030 molestias

1008 1056 1022 1075 a
1038 1049 1160 1076 linitimis
1173 1049 1230 1076 suis
1245 1056 1305 1077 esse
1319 1056 1460 1084 perpessos
1472 1069 1479 1081 ,
1499 1050 1534 1076 ita
1554 1054 1583 1076 ut
1596 1050 1689 1084 templi
1714 1049 1799 1077 fabri-

1008 1102 1068 1122 catn
1084 1095 1253 1122 cohiberent.
1266 1095 1292 1122 Id
1307 1103 1372 1123 vero
1385 1095 1411 1122 in
1429 1095 1542 1122 historia
1556 1095 1616 1122 libri
1640 1095 1734 1122 Esdra:
1753 1096 1801 1123 de-

1009 1142 1137 1169 claratur.
1155 1142 1336 1175 Quamobrem
1356 1149 1408 1168 non
1426 1141 1495 1168 ttltra
1517 1149 1611 1168 errare
1639 1146 1665 1168 te
1681 1140 1798 1173 facient;

1008 1189 1113 1216 etiamsi
1135 1190 1207 1216 cuitu
1233 1189 1342 1223 quidam
1366 1189 1391 1215 id
1416 1183 1592 1221 teutaverint,
1618 1193 1645 1214 at
1665 1189 1735 1215 oculi
1762 1189 1800 1216 tui

1007 1236 1138 1263 videbunt
1160 1235 1231 1263 illos.
1251 1235 1319 1263 Cum
1344 1242 1425 1269 porro
1448 1235 1558 1262 videant
1584 1239 1611 1261 et
1635 1235 1799 1269 intelligant,

1008 1290 1180 1318 nequaquam
1196 1283 1222 1309 in
1238 1289 1358 1310 errorem
1378 1281 1555 1308 deducentur.
1581 1279 1755 1315 Rursumque
1776 1282 1798 1308 si

1008 1331 1128 1359 subdolis
1155 1330 1350 1364 fallacibusque
1371 1328 1449 1356 dictis
1476 1333 1602 1361 perversa
1627 1326 1705 1354 vobis
1726 1326 1799 1361 loqui

1008 1381 1149 1408 conentur,
1166 1377 1262 1403 horttm
1278 1376 1361 1403 verba
1386 1382 1439 1401 non
1457 1374 1595 1408 excipient
1617 1381 1698 1400 aures
1724 1378 1776 1400 tua:
1791 1382 1798 1400 :

1008 1422 1115 1450 etiamsi
1129 1422 1263 1449 fallaciter
1278 1423 1380 1454 dicant,
1402 1430 1412 1446 ι
1429 1421 1491 1448 llzec
1506 1421 1560 1452 via,
1577 1420 1748 1447 ambulemus
1770 1420 1797 1447 in

1008 1469 1117 1503 ea,sive
1131 1469 1164 1496 ad
1177 1469 1311 1501 dextram,
1324 1468 1380 1496 sive
1392 1469 1425 1495 ad
1437 1467 1575 1495 sinistrmn
1590 1475 1596 1492 :
1611 1476 1620 1492 ι
1640 1467 1682 1493 his
1699 1467 1800 1501 quippe

1009 1515 1071 1542 talia
1087 1514 1276 1543 eﬁ'utientibus
1298 1523 1351 1542 non
1368 1514 1588 1548 obtemperabis;
1607 1514 1653 1541 sed
1675 1513 1702 1539 in
1726 1514 1797 1548 regia

1009 1562 1052 1589 via
1072 1561 1235 1593 ambulabis,
1259 1561 1375 1589 mediam
1406 1566 1520 1593 tenens,
1542 1567 1628 1595 neque
1658 1559 1799 1587 declinans

1010 1607 1042 1634 ad
1058 1607 1199 1634 dexteram
1219 1607 1261 1634 vel
1276 1609 1309 1634 ad
1324 1607 1475 1635 sinistram.

1044 1653 1125 1681 Vsus.
1139 1653 1235 1681 22-35.
1265 1663 1274 1680 ι
1295 1654 1328 1681 Ει
1351 1646 1549 1681 ςοιι¹ιοιιιίιιιώῖε
1569 1654 1638 1681 idola
1667 1654 1799 1689 deargen-

1010 1704 1078 1732 tata,
1095 1703 1122 1726 et
1142 1699 1272 1726 deaurata
1300 1700 1478 1732 eomminues,
1501 1705 1528 1727 et
1557 1700 1697 1735 disperges
1729 1701 1798 1727 sicut

1008 1751 1106 1778 aquam
1127 1750 1312 1779 menstruales,
1326 1751 1354 1773 et
1381 1746 1452 1773 sicut
1480 1750 1586 1773 stercus
1612 1746 1723 1781 abjieies
1754 1754 1797 1773 ea.

1008 1790 1084 1817 Tunc
1094 1791 1146 1818 erit
1165 1792 1256 1826 pluvia
1273 1791 1371 1818 semini
1387 1795 1465 1817 terra!
1482 1797 1546 1823 tuae,
1560 1796 1587 1818 et
1602 1792 1678 1826 panis
1689 1790 1797 1825 frugum

1009 1841 1090 1864 terra!
1105 1842 1158 1864 tua:
1182 1837 1235 1864 erit
1255 1837 1396 1863 abundans
1414 1840 1441 1864 et
1453 1837 1573 1872 pinguis.
1589 1846 1597 1862 ι
1615 1837 1711 1865 Omnia
1726 1837 1798 1871 apud

1010 1885 1036 1908 te
1058 1882 1136 1916 copia
1166 1890 1256 1909 rerum
1283 1882 1479 1916 implebuntur,
1506 1886 1533 1909 et
1564 1882 1695 1908 altissima
1732 1890 1798 1917 pace

1008 1927 1121 1962 frueris;
1139 1929 1175 1956 ita
1193 1929 1356 1956 utauimalia
1368 1933 1422 1960 tua,
1439 1929 1610 1962 maximeque
1625 1937 1655 1956 ea
1674 1936 1733 1963 qua:
1750 1938 1798 1957 co-

1008 1973 1094 2001 lendis
1104 1975 1177 2009 agris
1193 1975 1252 2001 usui
1260 1979 1334 2007 sunt,
1342 1975 1440 2009 pabulo
1455 1979 1560 2001 natura:
1571 1982 1626 2002 sua:
1635 1976 1796 2009 congruenti

1008 2020 1155 2047 abundent.
1173 2030 1183 2046 ι

1048 2066 1101 2093 ιΕι
1113 2067 1384 2102 pascenturjumenla
1402 2071 1445 2094 tua
1463 2067 1488 2094 in
1504 2067 1547 2094 die
1562 2067 1606 2094 illa
1619 2067 1648 2094 in‘
1663 2068 1721 2096 loco
1736 2069 1797 2103 pitt-

1006 2113 1050 2148 gui
1069 2117 1096 2140 ct
1109 2113 1239 2148 spatioso.
1257 2113 1337 2141 Tauri
1355 2115 1438 2141 vestri
1457 2119 1485 2140 et
1505 2115 1599 2146 boves,
1620 2115 1665 2148 qui
1683 2123 1798 2150 operan-

1008 2163 1053 2186 tur
1073 2164 1186 2192 terram,
1213 2160 1354 2187 comedent
1386 2160 1478 2196 paleas
1502 2161 1665 2188 commixtas
1695 2161 1798 2189 hordeo

1007 2206 1148 2233 ventilato.
1162 2206 1194 2233 Et
1208 2206 1261 2233 erit
1280 2214 1360 2241 super
1379 2215 1486 2234 omnem
1510 2210 1629 2234 montem
1658 2208 1797 2235 excelsum

1007 2257 1035 2279 et
1047 2259 1126 2286 super
1146 2249 1254 2278 omne’m
1270 2252 1366 2279 collem
1391 2253 1534 2280 sublimem
1555 2261 1623 2288 aqua
1647 2254 1795 2280 decurrens

1009 2297 1035 2324 in
1049 2297 1093 2324 die
1109 2297 1165 2330 illa,
1179 2305 1239 2324 cum
1260 2297 1391 2332 perierint
1402 2299 1490 2331 multi,
1502 2303 1530 2326 et
1553 2307 1614 2325 cum
1641 2298 1795 2326 ceciderint

1010 2349 1109 2376 turres,
1131 2353 1140 2368 ι
1165 2344 1222 2371 sive
1241 2345 1388 2371 secuudutn
1424 2345 1637 2379 Symmachum,
1663 2354 1673 2370 ι
1705 2345 1732 2371 In
1753 2345 1796 2371 die

1008 2389 1088 2416 caedis
1103 2389 1202 2421 multm,
1219 2397 1278 2416 cum
1290 2390 1387 2417 cadent
1399 2391 1499 2425 magni.
1517 2400 1526 2416 ι
1549 2390 1726 2424 Quandonam
1742 2398 1796 2417 ca:-

1007 2436 1055 2463 des
1072 2435 1157 2462 multa
1171 2437 1319 2470 continget.
1334 2441 1361 2463 et
1375 2438 1546 2470 quandouam
1566 2436 1654 2471 magni
1678 2437 1792 2468 cadent,

1006 2481 1056 2508 nisi
1075 2486 1195 2515 tempore
1213 2481 1374 2508 universalis
1387 2480 1491 2514 judieii,
1509 2481 1578 2515 quod
1596 2486 1655 2515 post
1668 2489 1794 2508 consum-

1007 2527 1154 2554 tnationem
1170 2527 1261 2554 s:eculi
1277 2527 1356 2561 hujus
1372 2527 1511 2554 ferendum
1525 2527 1585 2553 est?
1597 2527 1686 2559 Quare
1700 2535 1796 2554 secun.

1009 2572 1070 2599 dum
1081 2571 1326 2607 LXXlnlerpretes
1338 2572 1446 2603 dicitur,
1467 2582 1476 2598 ι
1491 2581 1551 2599 cum
1574 2573 1672 2599 cadent
1693 2577 1793 2604 turres,

1007 2621 1034 2645 ct
1055 2625 1115 2645 cttm
1134 2618 1259 2652 peribunt
1287 2618 1373 2644 multi.
1394 2627 1402 2643 ι
1433 2618 1500 2645 Nam
1529 2627 1561 2645 eo
1577 2622 1697 2652 tempore
1714 2619 1791 2646 ntulti

1007 2665 1143 2699 peribunt,
1160 2672 1214 2698 quo
1232 2664 1275 2695 iis,
1288 2664 1333 2698 qui
1348 2664 1421 2699 digni
1441 2669 1529 2695 erunt,
1553 2663 1685 2698 promissa
1713 2665 1795 2691 retri-

1007 2711 1132 2738 bttentttr.
1152 2710 1201 2737 llic
1222 2717 1303 2744 porro
1317 2717 1404 2744 neque
1426 2709 1551 2736 lsraelem
1576 2717 1662 2744 neque
1686 2710 1795 2738 Judmos

1007 2761 1151 2789 memorat,
1166 2756 1213 2784 sed
1223 2755 1349 2790 populum
1366 2763 1461 2787 suum;
1478 2755 1514 2782 ita
1530 2760 1568 2788 ut,
1592 2756 1708 2790 expletis
1731 2765 1794 2792 pro-

1003 2802 1189 2834 missionibus,
1211 2809 1306 2830 omnes
1320 2802 1366 2836 qui
1387 2801 1458 2837 digni
1475 2806 1572 2834 erunt,
1599 2803 1712 2838 populus
1746 2802 1794 2831 Dei

1004 2849 1190 2876 nominentur.
1713 2859 1715 2861 ι
