2044 3215
249 192 297 220 5H

591 189 727 217 EUSEBII
745 190 986 219 CESARIENSIS
1004 191 1077 219 OPP.
1099 190 1189 219 PARS
1208 190 1251 219 Ill.
1271 204 1307 211 —-
1323 189 1529 219 EXEGETICA.

1828 191 1884 219 519.

287 251 370 278 Vens.
384 250 430 283 3‘3,
448 250 492 278 97.
513 259 522 275 ι
545 250 641 278 Etcrit
655 250 698 277 in:
713 250 794 284 lunae,
808 251 885 286 quasi
901 252 944 278 lux
960 253 1037 285 solis,

1125 261 1134 277 ι
1154 252 1209 278 Καὶ
1224 251 1299 278 ἔσται
1321 251 1353 279 τὸ
1369 251 1428 286 φῶς
1453 252 1502 287 τῆς
1517 251 1633 286 σελήνης
1649 251 1687 282 ὼς
1700 252 1731 278 τὸ
1752 251 1810 287 φῶς
1833 253 1883 279 τοῦ

249 297 330 325 etlux
346 297 412 324 solis
425 297 478 323 erit
490 296 705 332 septempliciter
719 297 747 324 in
770 298 827 330 die,
839 305 902 325 cum
923 305 1038 326 sanave-

251 343 287 370 rit
300 341 433 370 Dominus
451 341 645 369 contritionem
669 342 758 377 populi
787 344 846 375 sui,
863 348 891 371 et
917 343 1039 372 dolorem

252 390 337 424 plagas
359 393 411 417 tua!
424 387 544 416 curabit.
562 388 631 415 Ecce
647 396 744 416 nomen
762 389 868 416 Domini
891 389 968 417 venit
992 397 1041 424 per

252 435 367 462 multum
377 440 482 470 tempus
497 435 614 462 :ardens
627 435 702 462 furor
714 442 775 462 cum
788 435 884 470 gloria.
897 435 1040 471 Eloquium

254 481 388 508 Iabiorum
401 481 470 516 ejus,
482 480 620 516 eloquium
632 481 680 508 ine
696 481 818 515 plenum,
834 487 862 508 et
886 482 927 509 ira
940 481 1041 509 furoris

253 528 314 562 rjus
339 528 410 556 sicut
436 527 506 562 ignis
533 527 657 554 devorat.
673 537 683 553 ι
716 528 769 556 Pro
793 529 867 556 dicto
882 528 940 561 illo,
961 538 971 555 ι
992 537 1041 564 per

253 574 368 601 multum
384 579 500 609 tempus,
522 584 532 601 ι
552 574 648 610 reliqui
664 575 839 610 interpretes,
858 584 867 601 ι
885 575 918 603 de
931 575 1038 611 longe,»

251 621 409 648 ediderunt.
423 620 558 649 Observes
573 628 655 657 porro
669 621 760 655 velim,
781 629 834 649 non
849 622 936 656 ipsum
951 622 1042 650 Domi-

254 675 318 695 num
348 672 492 695 venturum
521 667 590 702 dici,
623 669 671 696 sed
701 675 800 696 nomen
832 668 960 702 Domini,
987 676 1042 704 quo

251 714 377 742 Christus
396 714 608 748 subindicatur;
626 715 659 742 de
686 714 732 742 illo
750 715 850 750 quippe
865 714 969 742 dictum
987 720 1042 750 est,

253 770 262 786 ι
283 760 446 787 Benedictus
459 761 504 793 qui
517 760 591 787 venit
603 760 630 788 in
643 761 753 788 nomine
768 761 886 795 Domini,
902 761 972 790 Deus
988 761 1041 790 Do-

252 806 342 833 minus
362 809 390 833 et
421 805 510 832 illusit
527 804 605 833 nobis
615 806 649 833 ”.
669 816 679 832 ι
698 806 765 834 Cum
779 807 885 834 venerit
896 812 998 841 autem,
1011 815 1044 836 ac

252 852 402 880 secundum
417 851 624 887 gloriosumque
638 852 783 881 adventum
805 860 885 881 suum
911 854 1044 882 exhibue-

253 898 300 930 rit,
311 898 514 933 subsequentur
525 898 638 926 ultrices
656 899 782 932 virtutes,
796 908 845 935 per
859 908 927 936 quas
941 902 1043 937 suppli-

252 946 295 972 cia
311 944 402 979 impiis
417 943 583 976 inferentur,
597 951 665 978 quas
680 944 738 972 hac
759 945 902 982 Scriptura
920 946 1042 975 furorem

257 976 381 1024 iramque
393 994 472 1017 vocat
490 998 498 1016 :
515 976 648 1024 siquidem
661 995 722 1024 post
736 976 868 1026 prolatam
881 994 1043 1021 sententiam
1059 976 1080 1004 Β

253 1035 388 1071 supplicio
399 1035 489 1071 dignis
499 1035 567 1063 ultio
583 1034 727 1065 inferetur.

286 1217 370 1246 Vsus.
388 1216 432 1244 9.8.
452 1225 462 1242 ι
479 1215 512 1244 Et
530 1216 645 1252 spiritus
671 1215 731 1250 eius
751 1216 821 1244 sicut
836 1223 906 1250 aqua
921 1215 948 1243 in
975 1215 1046 1243 valle

252 1264 375 1295 trahens,
400 1262 491 1290 veniet
520 1269 607 1297 usque
626 1262 660 1290 ad
676 1261 793 1295 collum,
810 1267 838 1289 et
862 1262 1011 1290 dividetur.
1033 1271 1044 1289 ι

253 1309 304 1339 llic
325 1310 440 1345 spiritus
458 1308 532 1337 ultor
548 1308 648 1336 multas
667 1308 694 1336 in
718 1313 811 1343 partes
823 1308 969 1341 dividetur,
981 1309 1045 1344 quia

253 1357 369 1385 inultum
385 1357 511 1385 estinter
527 1355 682 1391 puniendos
704 1355 863 1383 discrimen.
879 1363 889 1380 ι
909 1354 944 1383 Ut
955 1355 1046 1382 turbet

253 1408 349 1438 gentes
363 1410 445 1438 super
462 1409 557 1430 errore
579 1410 666 1435 vano,
680 1406 708 1430 et
726 1406 905 1437 persequetur
927 1409 974 1429 eos
1002 1409 1046 1428 er-

256 1458 312 1483 ror,
324 1455 352 1478 et
361 1450 451 1486 capiet
464 1457 511 1478 eos
529 1449 557 1477 in
580 1453 727 1484 conspectu
749 1456 856 1477 eorum.
880 1457 890 1475 ι
918 1448 969 1476 ilic
996 1447 1045 1475 Dei

253 1497 387 1532 inspectio
404 1495 439 1524 ad
463 1496 555 1524 omnia
568 1500 681 1524 extensa
705 1495 880 1528 declaratur;
904 1494 968 1531 quia
991 1502 1045 1523 non

254 1544 281 1571 in
298 1543 340 1570 his
357 1546 461 1569 tantum
483 1542 618 1570 consistet
635 1541 674 1568 ira
685 1562 693 1575 ,
719 1541 768 1570 sed
788 1545 884 1577 gentes
914 1541 1046 1577 pervadet

255 1590 331 1618 ultio.
347 1589 455 1617 Atenim
468 1594 558 1617 utnon
575 1591 687 1624 possent
702 1588 843 1621 Israelita,
868 1588 918 1616 soli
943 1595 959 1614 ιι
991 1588 1046 1615 Deo

255 1634 424 1669 reprehensi,
447 1634 557 1667 dicere,
572 1634 658 1661 Deum
682 1640 731 1661 sua
760 1637 877 1666 tantum,
903 1640 956 1661 non
982 1639 1046 1661 vero

1091 297 1177 333 ήλίου,
1194 297 1241 324 καὶ
1250 297 1280 323 τὸ
1296 297 1354 332 φῶς
1366 296 1414 323 τοῦ
1430 297 1507 333 ἡλίου
1520 297 1597 324 ἔσται
1611 298 1794 325 ὲπταπλάσιον
1806 299 1836 325 ὲν
1849 300 1883 334 τῇ

1090 344 1192 379 ἡμέρᾳ,
1203 343 1268 370 ὃταν
1282 343 1390 379 ἰάσηται
1409 343 1513 379 Κύριος
1530 344 1562 370 τὸ
1578 343 1736 379 σύντριμμα
1753 344 1800 371 τοῦ
1815 345 1885 372 λαοῦ

1091 388 1185 422 αὑτοῦ,
1209 389 1256 416 καὶ
1283 389 1333 425 τὴν
1357 389 1454 425 ὀδύνην
1481 390 1532 425 τῆς
1559 390 1666 426 πληγῆς
1695 399 1742 417 σου
1767 391 1884 418 ιὰσεται.

1097 435 1163 461 Ἰδου
1175 435 1206 461 τὺ
1223 434 1310 470 δνομα
1324 435 1428 470 Κυρίου
1445 435 1554 472 ἔρχεται
1581 435 1625 462 διὰ
1652 436 1749 463 πολλοῦ
1774 437 1884 472 χρόνου,

1092 481 1236 516 καιόμενος
1253 480 1339 516 θυμὸς
1357 481 1426 517 μετὰ
1443 481 1533 517 δόξης.
1543 482 1581 509 Τὸ
1601 482 1690 517 λόγιον
1704 483 1759 510 τῶν
1773 483 1886 518 χειλέων

1092 528 1184 560 αὑτοῦ,
1199 527 1290 562 λόγιον
1303 527 1389 563 ὀργῆς
1406 527 1518 564 πλῆρες,
1534 528 1580 554 καὶ
1596 529 1612 564 ἡ
1636 528 1704 564 ὀργὴ
1720 528 1766 555 τοῦ
1796 529 1886 564 θυμοῦ

1092 574 1175 600 αὑτοῦ
1200 574 1238 606 ὡς
1263 575 1319 611 πῦρ
1348 574 1446 602 ἔδεται.
1464 584 1474 600 ι
1497 575 1570 601 ’Δντὶ
1581 574 1609 601 δὲ
1624 575 1681 607 τοῦ,
1697 585 1705 600 ι
1726 575 1770 602 διὰ
1786 575 1887 602 πολλοῦ

1093 621 1218 657 χρόνου,›
1236 622 1262 648 οἱ
1276 621 1365 649 λοιποὶ
1384 622 1550 658 ὲρμηνευταὶ
1564 642 1572 655 ,
1593 632 1602 648 t
1617 622 1763 659 μακρόθεν,
1776 633 1785 649 ›
1810 623 1889 659 εἰρή-

1093 677 1166 695 κασι.
1184 668 1239 695 Καὶ
1252 669 1340 704 τήρει,
1357 669 1395 700 ὡς
1406 669 1457 695 οὐκ
1475 669 1507 696 ἂν
1523 669 1604 696 αὐτόν
1622 677 1689 705 φησι
1709 669 1755 696 silv
1783 669 1888 706 Κύριον

1094 715 1232 752 ἔρχεσθαι,
1245 716 1314 742 ἀλλὰ
1325 715 1355 742 τὺ
1369 715 1454 752 δνομα
1472 715 1586 752 Κυρίου,
1610 715 1655 742 τὸν
1670 716 1785 752 Χριστὸν
1802 717 1890 743 αἰνιτ-

1093 762 1219 796 τόμενος,
1231 761 1296 797 περὶ
1311 769 1341 789 ου
1356 762 1463 796 εἴρηται
1473 771 1479 776 ι
1498 771 1508 788 r
1524 761 1713 797 Εὐλογημένος
1733 763 1748 789 ό
1773 763 1891 798 ἐρχόμε-

1093 816 1138 839 νος
1149 807 1178 834 ἐν
1190 807 1302 843 ὀνόματι
1323 807 1513 843 Κυρίου,Θεδς
1541 807 1644 842 Κύριος
1677 808 1725 834 καὶ
1753 808 1892 843 ὲπέφανεν

1094 854 1169 888 ἡμῖν.
1192 863 1202 880 ι
1228 853 1392 889 Ἐρχομένου
1407 853 1435 880 δὲ
1454 853 1501 880 καὶ
1517 853 1566 889 τὴν
1586 853 1715 889 δευτέραν
1740 854 1823 881 αὑτοῦ
1844 854 1891 882 ἕνα

1094 898 1169 931 δοξον
1180 899 1332 934 παρουσίαν
1347 898 1522 934 ποιουμένου,
1535 897 1783 934 ὲπακολουθήσουσι
1804 907 1892 934 τιμω-

1099 945 1210 979 ρητικαὶ
1225 944 1370 979 δυνάμεις,
1394 944 1428 971 δι’
1442 940 1479 971 ὧν
1493 945 1521 971 αἱ
1545 944 1672 977 κολάσεις
1686 947 1743 977 τοῖς
1762 945 1892 972 ἀσεϐέσιν

1095 990 1306 1025 ὲιταχθήσονται,
1324 990 1357 1022 ἃς
1370 991 1387 1025 ἡ
1414 990 1540 1026 παροῦσα
1554 990 1649 1026 Γραφὴ
1666 991 1750 1026 θυμὸν
1768 991 1816 1017 καὶ
1844 991 1893 1026 ὀρ-
1916 1019 1918 1021 ,

1094 1037 1146 1073 γὴν
1159 1035 1288 1072 ὀνομάζει
1298 1045 1305 1051 ·
1322 1035 1476 1068 ἀκολούθως
1487 1036 1542 1071 γὰρ
1551 1037 1584 1072 τῇ
1597 1036 1644 1063 τοῦ
1661 1036 1740 1071 λόγου
1753 1036 1893 1070 ἀποφάσει

1094 1083 1128 1110 τὰ
1156 1083 1206 1120 τῆς
1232 1083 1318 1119 ὀργῆς
1348 1083 1405 1115 τοῖς
1438 1082 1683 1119 κολασθησομένοις
1712 1083 1894 1118 ὲπενεχθήσε-

1095 1137 1150 1156 ται.

1133 1228 1142 1244 ι
1160 1219 1214 1246 Καὶ
1221 1219 1252 1246 τὸ
1261 1219 1371 1256 πνεῦμα
1382 1219 1475 1252 αὑτοῦ,
1485 1219 1522 1252 ὡς
1536 1219 1610 1255 ὕδωρ
1621 1219 1650 1247 ὲν
1659 1219 1782 1256 φάραγγι
1796 1218 1892 1256 σύρον,

1094 1264 1155 1300 ἥξει
1168 1265 1221 1297 ἕως
1234 1265 1281 1292 τοῦ
1296 1266 1444 1301 τραχήλου,
1455 1265 1717 1302 καὶδιαιρεθήσεται.
1734 1275 1745 1292 ι
1754 1265 1810 1293 Καὶ
1825 1265 1895 1293 διαι-

1096 1309 1241 1346 ρεθήσεται
1248 1311 1278 1338 τὸ
1285 1310 1444 1339 κολαστικὸν
1451 1311 1531 1338 τοῦτο
1538 1311 1647 1347 πνεῦμα
1662 1312 1702 1343 εἰς
1711 1310 1810 1343 πολλὰς
1822 1310 1895 1338 διαιο

1097 1355 1197 1391 ρέσεις,
1211 1355 1257 1382 διὰ
1268 1355 1298 1382 τό
1308 1356 1438 1392 πλείστην
1449 1354 1518 1383 εἶναι
1526 1356 1581 1384 τῶν
1590 1355 1778 1392 κολαζομένων
1793 1356 1889 1391 διαφο-

1096 1401 1157 1437 ράν.
1181 1411 1191 1428 ι
1205 1401 1258 1428 Tui
1275 1402 1391 1438 ταράξαι
1408 1402 1472 1438 ἔθνη
1487 1402 1533 1429 ἐπὶ
1543 1402 1675 1439 πλανήσει
1703 1402 1817 1437 ματαίᾳ,
1845 1402 1893 1429 καὶ

1095 1446 1221 1480 διώξεται
1237 1448 1336 1481 αὐτοὺς
1347 1448 1489 1484 πλάνησις,
1506 1449 1555 1475 καὶ
1577 1448 1692 1484 λήψεται
1705 1448 1805 1480 αὐτοὺς
1820 1448 1892 1474 κατὰ

1097 1494 1242 1530 πρόσωπον
1254 1494 1354 1522 αὐτῶν.
1374 1503 1384 1520 t
1403 1495 1459 1531 Τὴν
1474 1494 1545 1521 κατὰ
1561 1494 1669 1522 πάντων
1692 1494 1821 1521 θεοπτίαν
1845 1495 1894 1521 καὶ

1096 1540 1175 1568 τοῦτο
1185 1541 1330 1574 δείκνυσιν,
1343 1542 1384 1569 ὅτι
1395 1542 1446 1569 οὐκ
1458 1541 1512 1568 ἔσω
1529 1541 1632 1568 τούτων
1650 1542 1778 1577 στήσεται
1791 1540 1826 1568 τὰ
1841 1540 1893 1576 τῆς

1097 1586 1182 1623 ὀργῆς
1194 1596 1201 1602 ·
1217 1587 1412 1623 διαδήσεταιδὲ
1425 1587 1472 1614 καὶ¹
1483 1587 1523 1619 εἰς
1534 1587 1569 1614 τὰ
1580 1587 1643 1623 ἔθνη
1658 1587 1675 1623 ἡ
1689 1587 1817 1623 τιμωρία.
1833 1587 1893 1614 Ἰνα

1098 1633 1152 1669 γὰρ
1168 1634 1206 1670 μὴ
1220 1634 1267 1670 ὲξῇ
1287 1636 1342 1667 τοῖς
1363 1634 1558 1670 Ἰσραηλίταις,
1580 1635 1671 1670 μόνοις
1687 1634 1740 1661 ὑπὸ
1755 1634 1802 1660 τοῦ
1824 1633 1893 1660 Θεοῦ

255 1680 376 1715 gentium
405 1684 516 1715 peccata
535 1679 642 1715 punire,
658 1679 815 1707 necessario
836 1678 985 1706 vindictam
1016 1678 1043 1705 in

1097 1679 1296 1716 ἐλεγχομένοις,
1304 1681 1395 1716 λέγειν
1408 1680 1506 1712 αὐτοὺς
1519 1681 1599 1716 μόνον
1615 1681 1660 1708 τὸν
1674 1680 1741 1707 Θεὸν
1767 1681 1814 1707 ἐπὶ
1835 1681 1894 1712 τοῖς

253 1729 349 1760 gentes
362 1731 472 1760 quoque
484 1724 662 1751 transiturum
677 1722 798 1751 declarat
809 1743 817 1754 ,
837 1727 920 1758 atque
940 1722 1044 1750 erroris

255 1769 384 1797 ultionem
400 1769 474 1804 ipsos
489 1769 649 1796 invasuram
658 1775 719 1796 esse
731 1767 865 1802 praedicit.

1097 1726 1278 1762 ἁμαρτήμασι
1295 1727 1546 1764 τιμωρηθήσεσθαι,
1560 1727 1622 1762 οὐχὶ
1640 1727 1669 1754 δὲ
1689 1727 1736 1754 καὶ
1756 1727 1792 1754 τὰ
1815 1726 1892 1762 ἔθνη,

1098 1771 1257 1806 ἀναγκαίως
1269 1773 1316 1800 καὶ
1331 1773 1381 1808 τὴν
1397 1773 1445 1800 ἐπὶ
1459 1773 1494 1801 τὰ
1508 1772 1571 1809 ἔθνη
1585 1773 1760 1809 διαϐήσεσθαι
1770 1771 1894 1800 ἐκδικίαν

255 1817 372 1850 φάσκει,
399 1815 446 1844 καὶ
462 1813 667 1851 καταλήψεσθαι
688 1814 740 1849 τὴν
765 1813 798 1840 ἐκ
826 1814 877 1849 τῆς
901 1812 1062 1849 πλανήσεως
1081 1815 1159 1852 δίκην
1169 1818 1361 1854 προαγορεύει.

292 1905 374 1933 Vsus.
383 1903 480 1933 29-32.
492 1913 502 1930 ι
513 1903 640 1939 Nunquid
655 1909 762 1938 semper
773 1906 879 1937 op0rtet
893 1909 940 1930 vos
948 1901 1048 1937 laetari,

258 1957 286 1979 et
303 1958 411 1985 Semper
426 1950 531 1986 ingredi
544 1950 570 1978 in
582 1955 677 1978 sancta
701 1957 772 1982 mea,
791 1949 869 1984 quasi
885 1948 954 1977 festa
970 1950 1044 1977 cele-

255 1998 376 2029 brantes,
393 1998 470 2032 quasi
490 1997 616 2025 laetantes
634 1997 739 2031 ingredi
757 2004 820 2024 cum
839 1997 904 2023 tibia
920 1996 955 2023 ad
970 2003 1048 2024 mon-

256 2051 310 2070 tem
328 2043 447 2074 Domini.
467 2043 503 2070 ad
526 2042 612 2070 Deum
638 2042 739 2070 lsrael?
762 2041 795 2070 Et
819 2042 945 2070 auditam
968 2042 1049 2071 faciet

259 2090 389 2117 Dominus
420 2089 535 2125 gloriam
554 2090 630 2117 vocis
654 2097 722 2123 suas,
741 2093 769 2117 et
794 2089 914 2117 furorem
940 2089 1046 2117 brachii

255 2136 310 2168 sui,
327 2139 357 2163 ut
371 2136 499 2164 ostendat
513 2143 575 2163 cum
589 2136 681 2163 furore
693 2143 721 2164 et
735 2137 775 2163 ira
787 2141 814 2163 et
835 2135 944 2163 ﬂamma
962 2136 1047 2164 devo-

255 2187 346 2216 rante,
378 2182 534 2211 fulminabit
549 2182 736 2217 vehementer,
765 2188 793 2211 et
819 2183 890 2211 sicut
916 2190 986 2219 aqua
1020 2187 1048 2210 et

256 2228 372 2264 grando,
395 2236 455 2264 quae
470 2229 497 2255 vi
519 2228 644 2255 deorsum
664 2227 762 2255 fertur.
788 2227 839 2255 Per
855 2235 951 2256 vocem
973 2227 1046 2255 enim

256 2275 364 2303 Domini
378 2275 579 2310 superabantur
591 2274 698 2308 Assyrii
722 2274 813 2309 plaga,
834 2282 886 2309 qua
913 2274 1049 2309 percutiet

255 2329 303 2349 eos
321 2330 328 2349 :
343 2327 371 2349 et
382 2321 437 2349 erit
452 2321 476 2349 ei
492 2321 519 2348 iti
541 2321 672 2349 circuitu.
693 2330 703 2347 ›
722 2321 810 2354 Tunc,
825 2322 873 2355 ait,
888 2321 904 2348 ii
922 2321 969 2356 qui
986 2328 1049 2355 per-

255 2367 396 2396 cutiebant
410 2371 437 2395 et
461 2367 643 2395 verberabant
660 2374 718 2398 eos,
736 2373 831 2401 poenas
853 2366 978 2394 dabunt:
994 2366 1048 2393 daa-

255 2420 351 2441 inones
363 2413 435 2440 enim
446 2413 680 2441 circumsistentes
691 2412 751 2440 illos
767 2412 906 2448 suppliciis
919 2411 1046 2440 efﬁcient.

256 2457 373 2491 Quinam
388 2465 452 2485 vero
475 2458 529 2486 sint
546 2458 584 2486 illi
606 2465 670 2485 mox
694 2457 784 2493 aperit
807 2457 917 2485 dicens:
936 2467 946 2484 ι
970 2457 1048 2486 Unde

256 2509 318 2533 erat
336 2505 390 2532 illis
403 2512 467 2539 spes
480 2503 584 2536 auxilii,
599 2505 626 2532 in
643 2511 696 2539 quo
720 2503 778 2538 ipse
802 2503 970 2531 confidebat.
995 2504 1047 2538 ipsi

1133 1915 1142 1931 ι
1170 1906 1216 1942 Μὴ
1238 1906 1282 1934 διὰ
1309 1907 1409 1939 παντὸς
1433 1908 1474 1935 δεῖ
1499 1909 1571 1944 ὑμᾶς
1599 1907 1792 1944 εὐφραίνεσθαι
1808 1927 1816 1939 ,
1846 1907 1894 1935 καὶ

1099 1951 1309 1988 εἰσπορεύεσθαι
1323 1953 1363 1984 εἰς
1371 1953 1406 1979 τὰ
1418 1953 1483 1988 ἅγιά
1494 1962 1544 1989 μου
1556 1953 1711 1986 διαπαντὸς,
1721 1953 1788 1979 ὡσεὶ
1798 1953 1894 1988 ἑορτά,-

1099 1994 1206 2029 ξοντας,
1223 1997 1290 2023 ὡσεὶ
1301 1996 1532 2034 εὐφραινομένους
1543 1998 1673 2025 εἰσελθεῖν
1691 1998 1840 2034 μετάὺλοῦ
1853 1999 1894 2030 είς

1098 2040 1130 2067 τὸ
1157 2041 1220 2076 ὅρος
1243 2041 1346 2079 Κυρίου
1375 2043 1443 2079 πρὸς
1471 2043 1516 2070 τὺν
1543 2043 1608 2070 θεὸν
1621 2043 1668 2072 τοῦ
1697 2043 1822 2080 ’1σραὴλ;
1837 2044 1894 2071 Καὶ

1098 2087 1235 2122 ἀκουστὴν
1251 2088 1359 2123 ποιήσει
1373 2088 1474 2124 Κύριος
1492 2090 1542 2126 τὴν
1561 2090 1640 2123 δόξαν
1666 2091 1715 2126 τῆς
1730 2090 1821 2125 φωνῆς
1844 2089 1894 2117 αὑ-

1098 2133 1157 2165 τοῦ,
1173 2134 1220 2160 καὶ
1235 2134 1282 2161 τὸν
1296 2133 1381 2170 θυμὸν
1395 2135 1443 2161 τοῦ
1455 2135 1597 2171 βραχίονος
1609 2135 1704 2167 αὐτοῦ,
1719 2135 1803 2169 δεῖξαι
1823 2136 1893 2171 μετὰ

1099 2180 1186 2215 θυμοῦ
1201 2181 1246 2208 καὶ
1262 2181 1347 2217 ὀργῆς
1370 2182 1417 2208 καὶ
1436 2181 1533 2217 φλογὸς
1557 2182 1764 2218 κατεσθιούσης,
1791 2191 1892 2219 κεραυ-

1099 2224 1179 2252 νώσει
1192 2224 1297 2260 βιαίως,
1309 2227 1356 2252 καὶ
1367 2226 1405 2258 ὡς
1418 2226 1491 2262 ὕδωρ
1507 2227 1555 2255 καὶ
1569 2227 1674 2264 χάλαζα
1687 2236 1894 2264 συγκαταφερο-

1101 2271 1169 2306 μένη
1182 2271 1238 2308 βίᾳ.
1254 2273 1304 2298 Διὰ
1317 2272 1371 2308 γὰρ
1386 2273 1437 2309 τῆς
1452 2275 1543 2309 φωνῆς
1568 2273 1670 2309 Κυρίου
1694 2273 1893 2309 ἡττηθήσονται

1107 2318 1243 2353 Ἀσσύριοι
1256 2320 1289 2354 τῇ
1306 2319 1408 2354 πληγῇ,
1456 2319 1489 2347 ἂν
1503 2320 1609 2356 πατάξῃ
1621 2319 1720 2351 αὐτούς
1731 2328 1738 2335 ·
1758 2320 1805 2346 καὶ
1816 2319 1892 2347 ἔσται

1100 2363 1175 2400 αὺτῷ
1186 2364 1326 2392 κυκλόθεν.
1343 2375 1353 2391 ι
1369 2365 1436 2394 Τότε
1450 2366 1492 2401 δὴ,
1510 2366 1603 2401 φησὶν,
1614 2367 1638 2392 οἱ
1655 2366 1781 2398 παίοντες
1793 2365 1892 2398 αὐτοὺς

1101 2411 1146 2436 καὶ
1158 2409 1305 2443 τύπτοντες
1320 2411 1557 2448 τιμωρηθήσονται
1570 2421 1577 2428 ·
1599 2412 1725 2448 δαίμονες
1748 2412 1815 2447 γὰρ,
1844 2421 1892 2439 κυ-

1100 2456 1195 2483 κλόθεν
1223 2459 1323 2490 αὐτοὺς
1352 2459 1649 2495 περιστοιχησάμενοι,
1677 2458 1728 2491 τὰς
1755 2459 1892 2495 τιμωρίας

1100 2502 1240 2536 ἐπάξουσι.
1253 2504 1331 2536 Τίνες
1358 2504 1387 2531 δέ
1414 2506 1482 2532 εἰσιν
1509 2502 1582 2532 οὗτοι
1607 2505 1733 2540 διασαφεῖ
1760 2505 1890 2540 φάσκων·

253 2558 317 2578 cum
330 2550 466 2586 tympanis
478 2553 505 2577 et
519 2549 625 2576 cithara
649 2549 817 2583 pugnabunt.
837 2558 846 2574 ι
866 2547 960 2583 Impiis
984 2556 1045 2584 spes

1101 2558 1111 2574 ι
1131 2547 1262 2586 Ὅθεν,ἦν
1278 2551 1369 2583 αὐτοῖς
1383 2552 1400 2586 ἡ
1431 2550 1508 2582 ἐλπὶς
1530 2551 1581 2586 τῆς
1606 2551 1732 2586 βοηθείας
1745 2570 1752 2583 ,
1781 2551 1823 2586 ἐφ’
1858 2548 1892 2587 ἧς

255 2597 352 2626 auxilii
365 2601 451 2625 erata
471 2597 523 2624 diis
538 2597 606 2628 suis,
628 2595 796 2624 adversariis
813 2603 911 2630 nempe
927 2601 1048 2630 potesta-

257 2645 340 2677 tibus,
358 2649 386 2672 et
403 2643 533 2678 malignis
545 2642 697 2678 spiritibus.
717 2641 765 2669 His
776 2642 875 2677 quippe
893 2642 972 2677 quasi
995 2641 1048 2668 diis

255 2692 443 2725 adhaerebant,
456 2698 489 2718 ac
501 2698 576 2725 spem
598 2689 694 2717 auxilii
718 2689 745 2716 in
764 2689 798 2717 iis
812 2689 951 2722 locarant;
969 2689 1048 2723 igno—

254 2741 350 2764 rantes
367 2737 440 2771 ipsos
455 2741 573 2764 tortores
591 2737 643 2764 sibi
661 2736 777 2764 futuros.
793 2734 860 2762 Nam
874 2734 914 2762 ira
930 2739 957 2762 et
973 2734 1048 2762 furor

255 2788 352 2810 contra
366 2783 464 2817 impios
487 2782 626 2811 immissus
653 2791 701 2818 per
725 2781 837 2817 angelos
864 2781 951 2809 malos
977 2780 1048 2809 infe-

256 2832 366 2856 κιαι-,ι
383 2826 436 2861 Ipsi
463 2834 525 2855 cum
547 2828 683 2863 tympanis
705 2833 734 2856 et
750 2827 865 2863 rcitbara
886 2825 1048 2862 pugnabunt

293 2931 315 2949 ¹⁹
337 2931 409 2961 Psal.
428 2938 509 2966 cxvii,
528 2931 627 2966 26,27.

1101 2595 1182 2627 αὐτὸς
1193 2596 1342 2623 ἐπεποίθει.
1359 2596 1441 2623 Αὐτοὶ
1453 2596 1523 2631 μετὰ
1533 2597 1681 2632 τυμπάνων
1702 2597 1750 2623 καὶ
1775 2597 1892 2633 κιθάρας

1102 2642 1328 2678 πολεμήσουσιν.»
1347 2643 1439 2675 Ἐλπὶς
1449 2644 1504 2675 τοῖς
1517 2643 1626 2671 ἀσεϐέσι
1643 2643 1769 2679 βοηθείας
1781 2641 1816 2678 ἦν
1838 2644 1892 2671 ἀπὸ

1101 2687 1156 2714 τῶν
1167 2687 1236 2715 θεῶν
1246 2689 1346 2722 αὐτῶν,
1359 2688 1414 2716 τῶν
1423 2689 1617 2725 ἀντικειμένων
1633 2689 1732 2725 δηλαδὴ
1740 2689 1891 2725 δυνάμεων,

1102 2733 1149 2760 καὶ
1165 2732 1219 2760 τῶν
1238 2733 1364 2769 πονηρῶν
1382 2733 1555 2769 πνευμάτων.
1573 2733 1687 2766 Τούτοις
1704 2733 1759 2770 γὰρ
1771 2733 1809 2765 ὡς
1822 2732 1893 2765 θεοῖς

1103 2780 1256 2814 προσεῖχον,
1271 2779 1318 2806 καὶ
1326 2779 1376 2815 τὴν
1389 2779 1483 2806 ἐλπίδα
1493 2780 1542 2815 τῆς
1552 2779 1676 2815 βοηθείας
1686 2780 1718 2805 ἐκ
1733 2779 1835 2806 τούτων
1843 2779 1893 2806 αὐ-

1103 2826 1158 2858 τοῖς
1173 2824 1282 2854 ἔσεσθαι
1297 2825 1420 2863 ἤλπιζον,
1431 2825 1481 2854 οὐκ
1498 2825 1608 2858 ειδότες,
1624 2825 1665 2854 ὄτι
1675 2823 1745 2852 οὗτοι
1761 2824 1891 2852 κολασταὶ
