2044 3215
120 208 174 236 515
562 206 816 235 COMMENTARIA
835 206 870 235 IN
889 207 1017 234 lSAlAM.
1039 223 1071 227 ——
1091 205 1169 234 CAP.
1187 204 1285 232 XXXI.
1696 208 1751 236 3M

121 265 214 294 αὐτῶν
226 264 344 293 ἔσονται.
365 265 399 292 Ἤ
414 265 469 301 γὰρ
480 264 549 301 ὀργὴ
564 265 612 292 καὶ
627 266 642 292 ὀ
664 265 750 301 θυμὸς
762 265 833 292 κατὰ
859 264 907 291 τῶι

964 269 1060 292 contra
1071 271 1134 291 eum
1154 270 1188 290 ex
1205 261 1437 294 commutatione;
1451 271 1460 288 ι
1483 265 1577 297 ntpo‘te
1591 264 1635 298 qui
1654 265 1752 294 alienis

121 311 230 339 ἀσεϐῶν
249 310 479 346 ἀποστελλόμενος
501 311 535 338 δι’
560 310 684 345 ἀγγέλων
701 310 845 345 γενήσεται
868 318 907 336 πο

965 310 1046 337 malis
1067 310 1202 345 gaudeant
1217 316 1299 336 :nam
1313 315 1347 334 cx
1365 307 1460 335 amicis
1472 308 1575 335 inimici
1587 310 1714 338 evadent.

121 359 222 394 νηρῶν.
236 368 247 384 ι
263 359 345 385 Αὐτοὶ
361 358 430 394 μετὰ
447 358 596 394 τυμπάνων
615 359 663 385 καὶ
680 358 794 394 κιθάρας
808 357 1006 393 πολεμήσουσιν
1017 357 1097 384 αὑτὸν
1116 357 1148 383 ἐκ
1160 354 1311 392 μεταϐολῆς
1321 364 1328 370 ·
1345 365 1355 382 ι
1372 355 1420 382 ἅτε
1434 356 1668 391 ὲπιχαιρεσίκακοί
1678 366 1751 391 τινες

119 408 214 440 ὄντες·
247 407 307 435 ἀντὶ
334 407 389 443 γὰρ
417 407 472 434 τῶν
501 407 587 442 φίλων
611 407 702 442 ἐχθροὶ
727 407 953 442 καταστήσονται.

155 477 165 493 ι
187 468 224 495 Σὺ
236 467 358 507 γὰρ’-πρὸ
379 467 490 504 ἡμερῶν
519 468 707 505 ἀπαιτηθήσῃ.
723 468 769 504 Μή
796 467 845 494 καὶ
870 467 912 494 σοὶ

120 513 274 549 ήτοιμάσθη
291 513 458 547 βασιλεύειν;
480 522 488 538 ι
509 512 601 540 Ταῦτα
611 513 650 544 δὲ,
669 513 745 548 φησι,
775 513 806 539 σὲ
834 521 912 548 περι-

121 559 208 594 μένει,
217 559 264 585 τὸν
278 559 360 585 πάλαι
369 559 503 594 τρυφερὸν
517 559 562 585 καὶ
573 559 755 595 ὑπερήφανον
769 560 793 586 εί
808 558 845 594 μὴ
858 559 912 594 ἄρα

121 604 220 631 σαυτὸν
228 604 341 631 ἀπατῶν
353 605 506 640 προσδοκᾷς
521 605 562 631 ὅτι
571 605 618 632 καὶ
634 605 674 632 σοὶ
683 604 834 640 βασιλεύειν
841 606 913 641 ἡτοί-

122 657 223 684 μασται
236 648 337 684 ομοίως
348 650 404 680 τοῖς
421 648 516 684 στενὴν
531 650 578 675 καὶ
591 648 774 684 τεθλιμμένην
782 650 909 677 ὀδεύσασι

118 693 224 730 τρίϐον,
239 683 287 720 καὶ
310 695 427 729 πτωχοῖς
442 683 571 720 διὰγθεὺν
587 683 743 729 γενομένοις
751 683 851 721 γένεκεν
868 694 910 721 δι-

119 740 276 776 καιοσύνης.
295 740 364 767 Πᾶσι
379 740 433 777 γὰρ
449 741 562 772 ἐκείνοις
575 741 737 776 ἡτοίμασται
749 741 766 776 ή
776 740 908 776 βασιλεία,

118 786 178 813 ἀλλ’
184 786 215 813 οὐ
227 786 268 813 σοι
275 786 314 822 τῷ
320 787 369 822 τήν
376 786 505 813 πλατεῖαν
513 787 560 813 καὶ
568 785 723 822 εὐρύχωρον
728 787 787 813 ὁδὸν
796 795 909 822 πορευο-

120 832 205 868 μένῳ.
221 842 231 858 ι
242 832 370 868 Φάραγγα
379 832 498 867 βαθεῖαν,
510 832 575 865 ξύλα
583 832 706 868 κείμενα,
716 833 771 869 πῦρ
781 833 827 860 καὶ
842 833 908 867 ξύλα

118 878 215 905 πολλά.
237 879 266 905 ’0
282 878 366 914 θυμὸς
379 879 482 914 Κυρίου
498 879 535 911 ὡς
548 879 657 915 φάραγξ
671 879 722 906 ὑπὸ
737 879 808 906 θείου
829 889 906 907 καιο-

119 924 201 960 μένη.
223 933 232 950 t
245 925 321 951 Θεῖον
334 925 381 951 καὶ
393 924 448 960 πῦρ
462 925 638 951 ὑποκαίουσιν
657 926 697 957 εἰς
713 925 761 961 τὴν
780 926 834 952 τῶν
859 926 907 952 αὖ·

1000 466 1083 494 V’Ens.
1095 466 1140 492 55.
1159 474 1168 491 ι
1187 464 1226 492 Tu
1242 464 1315 491 enim
1331 468 1394 490 ante
1410 463 1467 491 dies
1481 463 1616 490 rationem
1636 464 1751 491 reddere

962 512 1079 547 cogeris.
1096 511 1232 545 Numquid
1242 511 1324 537 etiam
1341 510 1388 537 libi
1403 514 1527 545 paratum
1546 515 1588 537 est
1603 510 1746 543 regnare?)

963 557 1037 590 Hazc,
1054 557 1151 592 inquit,
1165 562 1192 583 te
1218 556 1283 583 olim
1305 556 1487 591 voluptarium
1499 559 1527 582 et
1538 556 1688 589 superbum
1705 563 1751 582 cx-

963 609 1089 640 Spectant
1105 611 1111 630 :
1128 603 1180 630 nisi
1201 603 1317 637 fortasse
1339 602 1455 637 teipsum
1472 601 1622 635 decipiens,
1653 608 1750 635 exspe-

963 655 1022 679 ctas
1042 649 1090 677 tibi
1123 656 1231 684 quoque
1259 652 1384 684 paratum
1412 655 1522 682 regnum
1545 654 1617 680 esse,
1636 647 1750 682 perinde

963 701 1044 730 atque
1063 695 1106 728 iis,
1125 695 1172 730 qui
1198 694 1224 722 in
1248 697 1361 729 angusta
1373 698 1400 721 et
1413 698 1487 720 arcta
1502 693 1543 719 via
1565 692 1748 723 incesserunt,

961 747 989 769 et
1015 747 1148 777 pauperes
1175 745 1286 775 propter
1310 739 1394 767 Deum
1425 743 1591 773 propterque
1614 737 1749 772 justitiam

962 787 1051 815 εσσειὶ
1067 791 1139 815 sunt.
1163 786 1212 813 His
1227 786 1328 820 quippe
1341 785 1468 812 omnibus
1495 790 1617 819 paratum
1637 790 1749 818 regnum

961 839 1013 864 est,
1030 841 1083 860 non
1110 832 1168 863 tibi.
1187 833 1232 867 qui
1253 832 1278 860 in
1297 832 1349 858 lata
1369 836 1400 859 ει-
1425 831 1545 866 spatiosa
1566 831 1610 857 via
1635 829 1750 858 incedis.

964 889 973 906 ι
995 879 1094 907 Vallem
1110 879 1284 914 profundam.
1301 877 1372 913 ligna
1391 877 1521 912 iacentia,
1537 877 1625 912 ignem
1637 881 1664 903 et
1677 876 1750 911 ligna

960 925 1057 952 multa.
1073 925 1161 952 Furor
1174 924 1280 951 Domini
1298 923 1454 951 sicutvallis
1465 923 1594 958 sulphure
1604 929 1748 949 accensa.»

116 958 466 1007 ἐἰἰθιοιιιιιτακριθησομένων
482 971 602 998 κόλασιν.
623 958 747 998 Τοσαῦτα
760 971 788 998 δὲ
803 971 847 998 διὰ
860 971 907 1007 μέ-

960 971 1080 1006 Suiphur
1107 975 1135 998 et
1163 970 1254 1005 ignem
1282 969 1463 1002 succendunt,
1493 968 1527 995 ad
1564 976 1669 1001 eorum,
1702 967 1750 1002 qui

118 1023 168 1042 σου
184 1015 279 1046 εἰπὼν.
294 1016 479 1052 ἀναλαμϐάνει
493 1017 543 1052 τὴν
568 1017 635 1053 πρὸς
647 1018 709 1050 τοὺς
724 1017 909 1052 καταφεύγονς

116 1068 168 1093 τας
183 1062 224 1094 είς
235 1061 370 1097 Αἴγυπτον
387 1064 566 1098 προφητείαν.

374 1186 573 1214 ΚΕΦΑΛΔΙΟΝ
589 1186 650 1213 AA’.

156 1251 166 1269 ι
178 1243 248 1269 οὐαὶ
257 1242 282 1269 oi
293 1243 504 1275 καταῦαίνοντες
513 1242 553 1274 είς
566 1243 702 1277 Αἴγυπτον
712 1243 760 1270 ἐπὶ
770 1243 906 1279 βοήθειαν,

116 1289 141 1315 οι
154 1289 198 1323 ἐφ’
216 1288 309 1322 ἵπποις
323 1289 482 1321 πεποιθότες
496 1289 542 1316 καὶ
555 1289 598 1324 ἐφ’
612 1289 742 1325 ἅρμασιν.
762 1289 841 1316 Ἔστι
853 1289 907 1324 γὰρ

117 1334 213 1367 πολλὰ,
227 1335 275 1362 καὶ
289 1335 331 1369 ἐφ’
348 1335 442 1368 τπποις
459 1335 560 1371 πλῆθος
573 1335 685 1371 σφόδρα.
703 1336 757 1362 Καὶ
773 1335 824 1362 οὐκ
837 1333 907 1370 ἦσαν

116 1380 278 1412 πεποιθότες
293 1380 342 1407 ἐπὶ
358 1380 404 1408 τὸν
420 1380 516 1415 Ἃγιον
532 1380 579 1407 τοῦ
600 1380 719 1416 Ἰσραὴλ,
732 1381 778 1407 καὶ
791 1381 837 1407 τὸν
850 1381 907 1407 Κύ-

119 1436 176 1462 ριον
190 1428 240 1454 οὐκ
253 1428 397 1464 ἐζήτησαν.
412 1428 466 1455 Καὶ
480 1427 562 1460 αὐτὸς
576 1428 665 1463 σοφῶς
674 1425 742 1463 ἦγεν
753 1428 795 1454 ἐπ’
809 1428 908 1461 αὐτοὺς

118 1474 204 1506 κακὰ,
226 1474 272 1501 καὶ
289 1474 304 1500 ὸ
318 1473 396 1509 λόγος
414 1473 496 1500 αὐτοῦ
518 1474 549 1500 οὺ
572 1473 609 1510 μὴ
629 1473 759 1510 ἀθετηθῇ,
792 1474 840 1501 καὶ
859 1475 908 1501 ἑπ-

117 1521 297 1554 αναστήσεται
314 1520 357 1546 ἐπ’
373 1519 464 1551 οἴκους
477 1519 627 1555 ἀνθρώπων
650 1519 788 1556 πονηρῶν,
806 1521 853 1547 καὶ
861 1520 907 1547 ἐπὶ

118 1565 170 1600 τὴν
183 1565 275 1592 ἐλπίδα
288 1565 376 1597 αὐτῶν
391 1565 441 1601 τὴν
462 1566 589 1601 ματαίαν,
603 1566 749 1601 Αίγύπτιον
765 1565 907 1601 ἄνθρωπον

118 1611 167 1638 καὶ
182 1612 212 1638 οὐ
224 1611 298 1644 Θεὸν,
313 1611 404 1638 ἵππων
420 1612 523 1648 σάρκας
539 1612 584 1639 καὶ
600 1612 650 1638 οὐκ
664 1611 722 1638 ἐστι
738 1611 858 1648 βοήθεια.
878 1613 906 1639 '0
921 1632 941 1660 Ο

117 1657 146 1685 ἃ
167 1657 268 1694 Κύριος
284 1657 382 1692 ἐπάγει
401 1657 451 1693 τὴν
470 1659 548 1694 χεῖρα
569 1657 652 1684 αὑτοῦ
669 1659 713 1684 ἐπ’
727 1658 835 1690 αὐτοὺς,
858 1658 904 1685 καὶ

117 1702 294 1729 κοπιάσουσιν
323 1703 347 1729 oi
370 1702 544 1738 βοηθοῦντες,
572 1702 619 1729 καὶ
642 1702 699 1738 ἃμα
725 1703 826 1734 πάντες
853 1703 905 1729 ἀπ-

117 1747 241 1776 ολοῦνται
261 1748 392 1784 μαχαίρᾳ.
414 1757 423 1774 ι
441 1748 585 1783 Μέμφεται
605 1748 704 1780 αὐτοὺς
718 1749 733 1775 ὁ
752 1748 840 1782 λόγος,
852 1748 904 1781 ὅτι,

119 1794 156 1829 μὴ
169 1793 328 1826 πεποιθότες
343 1794 390 1820 ἐπὶ
402 1794 448 1820 τὸν
461 1794 555 1829 ’Ἃγιον
570 1793 616 1821 τοῦ
631 1793 748 1829 Ἰσραὴλ,
764 1795 805 1827 εἰς
823 1795 906 1829 Δίγυ-

117 1840 214 1871 πτίους
228 1839 388 1874 κατέφυγον·
400 1840 440 1867 διδ
453 1840 500 1867 καὶ
511 1840 711 1877 καταλήψεσθαι
724 1841 822 1872 αὐτοὺς
836 1840 854 1868 ἃ
868 1840 905 1876 μὴ

117 1885 321 1921 προσεδόκησαν
335 1886 407 1913 κακὰ
419 1886 462 1913 ἐπ’
475 1886 559 1922 αὐτῆς
571 1886 621 1922 τῆς
635 1887 772 1922 Αἰγύπτου
788 1887 904 1914 ἀπειλεῖ.

117 1932 244 1959 Διδάσκει
256 1931 290 1958 δι’
301 1931 364 1967 ὅλης
377 1933 426 1968 τῆς
443 1933 627 1969 προκειμένης
650 1933 770 1969 ἱστορίας
788 1934 803 1959 ό
816 1933 905 1967 λόγος,

118 1976 147 2001 ἐν
159 1976 217 2007 τοῖς
231 1977 336 2011 καιροῖς
351 1975 405 2003 τῶν
418 1976 555 2013 διωγμῶν,
570 1977 597 2003 εῖ
608 1986 672 2004 ποτε
687 1978 804 2012 κρινεῖεν
814 1978 828 2004 ὁ
839 1978 906 2010 Θεὸς

116 2021 162 2046 τὸν
174 2019 238 2047 λαὸν
252 2021 345 2054 αὑτοῦ,
365 2021 380 2057 ἢ
401 2021 448 2048 καὶ
466 2022 516 2058 τὴν
535 2022 698 2058 Ἐκκλησίαν
710 2022 792 2050 αὐτοῦ
814 2032 904 2059 παρα-

116 2065 206 2092 δοῦναι
227 2067 283 2098 τοῖς
298 2067 348 2102 τὴν
369 2066 524 2094 θεοσέϐειαν
539 2068 689 2102 ἐλαύνουσι,
713 2068 750 2105 μὴ
770 2069 824 2095 δεῖν
840 2070 905 2096 ἀνα-

116 2113 215 2147 χωρεῖν
232 2112 282 2148 τῆς
298 2113 391 2140 ὲνθέου
410 2114 542 2147 πίστεως,
564 2114 630 2151 μηδὲ
644 2116 695 2150 τῆς
711 2115 757 2142 ἐπὶ
775 2109 822 2142 τὸν
838 2115 904 2142 Θεὸν

116 2157 307 2193 πεποιθήσεως
329 2159 512 2194 ἀφίστασθαι,
539 2161 606 2197 μηδὲ
633 2161 831 2196 ἀπογινώσκειν
856 2161 905 2194 τὰς

115 2204 212 2231 τούτου
226 2205 383 2240 διαλλαγὰς,
396 2207 464 2242 μηδὲ
476 2208 523 2234 ἐπὶ
535 2208 580 2234 τὸν
590 2208 773 2242 Αίγυπτιακὺν
784 2208 842 2244 βίον
856 2208 904 2235 αὺ-

115 2249 249 2285 τομολεῖν,
264 2251 335 2285 λέγω
347 2252 380 2287 δὴ
394 2253 439 2279 τὸν
451 2253 504 2280 τῶν
516 2253 723 2289 είδιιιλολατρῶν.
739 2254 835 2280 Πολλοὶ
848 2254 903 2290 γὰρ

958 1018 1021 1045 istic
1038 1016 1302 1047 condemnabuntur.
1330 1015 1504 1050 supplicium.
1533 1014 1581 1042 llis
1603 1023 1685 1050 porro
1701 1015 1749 1042 ad-

958 1064 1049 1092 ductis
1068 1063 1096 1091 in
1124 1063 1253 1096 medium,
1284 1061 1457 1097 prophetiam
1481 1068 1564 1096 super
1589 1061 1634 1094 iis,
1650 1061 1696 1096 qui
1721 1061 1748 1088 in

958 1109 1105 1145 Algvptum
1119 1107 1323 1143 c0nl‘ugiebant,
1344 1107 1468 1134 resumit.

1239 1184 1354 1214 CAPUT
1370 1183 1468 1212 XXXI.

992 1242 1074 1270 Vens.
1084 1241 1141 1269 1-3.
1160 1240 1222 1269 (νινε
1230 1240 1275 1276 qui
1285 1239 1454 1268 descendunt
1464 1239 1490 1266 in
1500 1238 1646 1274 Egyptum
1656 1238 1688 1264 ad
1697 1245 1748 1264 au-

958 1288 1065 1320 xilium,
1078 1288 1123 1323 qui
1150 1287 1290 1315 coniidunt
1305 1286 1332 1314 in
1350 1286 1428 1321 equis
1444 1289 1471 1313 et
1487 1285 1513 1312 in
1527 1284 1661 1312 curribus.
1680 1283 1750 1310 Sunt

958 1334 1028 1362 enim
1039 1333 1127 1365 multi,
1136 1338 1164 1360 et
1175 1333 1201 1359 in
1214 1332 1291 1367 equis
1300 1331 1443 1358 multitudo
1453 1330 1565 1366 ingens.,
1575 1329 1607 1355 Et
1618 1337 1670 1356 non
1680 1336 1748 1356 con—

957 1381 998 1408 ﬁsi
1007 1384 1070 1407 sunt
1078 1380 1104 1407 in
1111 1378 1213 1406 Sancto
1222 1377 1313 1412 Israel,
1323 1381 1350 1404 et
1359 1377 1501 1404 Dominum
1510 1384 1562 1402 non
1571 1375 1748 1410 quaesierunt.

957 1427 991 1454 Et
1005 1426 1062 1462 ipse
1073 1425 1210 1461 sapienter
1220 1425 1326 1452 induxit
1337 1431 1418 1458 super
1427 1430 1475 1450 eos
1495 1422 1577 1454 mala,
1595 1426 1623 1448 et
1636 1421 1749 1448 verbum

957 1474 1015 1508 ejus
1023 1480 1076 1500 non
1087 1472 1274 1503 frustrabitur,
1287 1475 1315 1498 et
1326 1470 1449 1505 insurget
1466 1469 1493 1496 in
1505 1469 1599 1496 domos
1609 1468 1748 1495 hominum

957 1519 1100 1551 maiorum.
1118 1524 1145 1546 et
1163 1519 1189 1545 in
1201 1526 1276 1553 spem
1286 1524 1379 1545 eorum
1393 1523 1502 1550 vanam,
1522 1515 1679 1551 Egyptium
1694 1515 1747 1543 hov

959 1565 1058 1592 minem
1082 1569 1109 1591 et
1123 1571 1176 1591 non
1206 1564 1302 1596 Deum,
1318 1570 1449 1598 equorum
1470 1570 1578 1595 carnes,
1592 1567 1620 1589 et
1640 1570 1692 1590 non
1707 1567 1749 1590 est

958 1610 1101 1638 auxilium.
1118 1609 1249 1637 Dominus
1267 1613 1358 1636 autem
1376 1609 1484 1636 inducet
1504 1616 1612 1635 manum
1630 1616 1706 1636 suam
1718 1608 1748 1636 in

958 1663 1015 1688 eos,
1030 1661 1058 1683 et
1075 1655 1291 1690 laborabuntqui
1305 1654 1482 1687 auxiliantur,
1509 1659 1537 1681 et
1558 1654 1638 1681 simul
1651 1661 1748 1681 omnes

958 1701 1084 1736 peribunt
1100 1700 1199 1736 gladio.
1214 1709 1223 1726 ι
1244 1699 1318 1734 ipsos
1329 1699 1462 1734 coarguit,
1473 1698 1537 1733 quia
1550 1698 1652 1726 Sancto
1664 1697 1748 1728 lsraei

959 1754 1013 1774 non
1033 1745 1157 1781 ﬁdentes,
1177 1745 1210 1772 ad
1223 1744 1365 1780 Egyptios
1377 1744 1560 1779 confugerunt
1577 1753 1584 1772 :
1613 1745 1748 1779 quamob-

959 1792 1102 1828 remzipSOs
1111 1792 1304 1826 inexspectatis
1317 1791 1395 1819 malis
1407 1791 1433 1818 in
1446 1791 1564 1827 Egypto
1580 1790 1748 1818 invadendos

958 1846 1018 1867 esse
1029 1839 1222 1866 comminatur.
1235 1838 1262 1866 in
1273 1843 1328 1865 tota
1342 1838 1425 1873 igitur
1434 1839 1561 1872 praesenti
1574 1839 1685 1865 historia
1698 1838 1747 1865 do-

957 1890 1020 1918 cet,
1035 1885 1059 1913 si
1074 1885 1182 1920 quando
1205 1884 1293 1912 visnm
1312 1885 1368 1912 Deo
1384 1884 1477 1917 fuerit,
1503 1885 1631 1920 populum
1649 1891 1747 1917 suum,

955 1932 1013 1960 sive
1025 1931 1175 1959 Ecclesiam
1193 1937 1281 1964 suam,
1304 1930 1502 1965 persecutionis
1529 1934 1650 1965 tempore
1673 1929 1747 1964 piam

955 1976 1112 2012 religionem
1127 1976 1289 2004 vexantibus
1303 1976 1421 2010 tradere,
1441 1984 1455 2003 a
1479 1976 1570 2004 divina
1593 1976 1646 2003 iidc
1671 1983 1748 2003 rece-

957 2022 1076 2051 dendum
1089 2031 1143 2051 non
1152 2030 1224 2056 esse,
1240 2029 1327 2058 neque
1336 2022 1527 2050 abstinendum
1542 2030 1556 2049 a
1569 2021 1667 2050 ﬁducia
1683 2030 1748 2058 erga

958 2068 1054 2102 Deum,
1079 2077 1130 2097 nec
1151 2069 1185 2097 de
1212 2069 1270 2104 eius
1295 2069 1519 2097 reconciliatione
1536 2069 1747 2105 desperandum,

958 2124 1008 2144 nec
1023 2116 1214 2145 declinandum
1231 2117 1264 2144 ad
1283 2116 1474 2152 Egyptiacam
1490 2115 1572 2143 vitam
1588 2135 1596 2148 ,
1620 2115 1749 2143 videlicet

956 2163 989 2189 ad
1001 2163 1204 2190 idololatrarum
1218 2163 1384 2191 institutum.
1397 2163 1473 2190 Multi
1485 2170 1603 2197 namque
1618 2163 1644 2190 in
1655 2162 1748 2198 hujus-

958 2209 1029 2237 modi
1042 2210 1210 2245 temporibus
1226 2217 1239 2236 ιι
1253 2210 1305 2245 pia:
1322 2209 1461 2244 religionis
1474 2210 1597 2236 doctrina
1606 2209 1748 2236 disceden-

958 2260 1008 2289 tes,
1020 2263 1094 2291 spem
1109 2264 1185 2284 suam
1203 2256 1228 2283 in
1247 2256 1450 2284 idololatrarum
1460 2255 1560 2282 auxilio
1578 2255 1744 2282 locaverunt.

115 2296 145 2324 ὲν
158 2300 216 2330 τοῖς
228 2299 358 2332 τοιούτοις
371 2302 487 2336 καιροῖς,
504 2301 706 2337 ἀποστήσαντες
739 2301 786 2328 τοῦ
818 2302 868 2338 τῆς
901 2302 1057 2336 θεοσεϐείας
1077 2305 1167 2339 λόγου,
1185 2304 1235 2336 τὰς
1256 2303 1366 2335 ἐλπίδας
1389 2304 1545 2339 ἀνήρτησαν
1567 2301 1670 2329 ἑαυτῶν
1697 2299 1747 2336 τῆς

113 2345 170 2373 τῶν
188 2345 387 2382 είδωλολατρῶν
405 2347 539 2384 βοηθείας.

153 2415 164 2432 ι
187 2405 249 2431 ’Ότι
267 2405 352 2437 οὕτως
368 2403 428 2432 εἶπέ
449 2415 494 2442 μοι
516 2405 630 2442 Κύριος·
652 2408 700 2433 ’ον
718 2407 818 2443 τρόπον
840 2408 903 2434 ὅταν

992 2406 1075 2436 Vens.
1092 2405 1155 2434 4-7.
1174 2415 1183 2432 ι
1202 2406 1335 2440 Quoniam
1359 2405 1400 2433 sic
1425 2404 1492 2432 dixit
1514 2403 1579 2430 mihi
1595 2402 1744 2430 Dominus:

116 2450 201 2486 βοήσῃ
218 2452 233 2477 ὁ
253 2451 331 2482 λέων,
349 2450 366 2486 ἢ
385 2451 399 2477 ὁ
421 2451 540 2486 σκύμνος
562 2451 608 2478 ἐπὶ
623 2453 657 2488 τῇ
682 2452 753 2489 θήρᾳ
810 2452 900 2484 ἔλασε,

114 2497 163 2523 καὶ
173 2496 295 2532 κεκρὰξῃ
310 2496 351 2523 ἐπ’
366 2496 450 2532 αὐτὴν
466 2497 518 2529 ἕως
537 2497 569 2524 ἂν
588 2497 730 2533 ἐμπλησθῇ
746 2497 780 2524 τὰ
791 2498 841 2533 ὅρη
853 2498 902 2533 τῆς

115 2543 208 2578 φωνῆς
221 2542 314 2575 αὑτοῦ,
330 2543 377 2569 καὶ
389 2543 555 2579 ἡττήθησαν,
569 2543 616 2570 καὶ
629 2544 660 2570 τὸ
675 2543 777 2578 πλῆθος
793 2543 839 2570 τοῦ
857 2543 903 2569 θυ-

115 2590 167 2625 μοῦ
181 2589 366 2624 ὲπτοήθησαψ
380 2588 466 2620 οὕτως
479 2588 662 2625 καταϐήσεται
675 2589 776 2625 Κύριος
789 2589 901 2616 Σαϐαὼθ

115 2634 327 2671 ἐπιστρατεῦσαι
346 2634 393 2660 ἐπὶ
410 2634 441 2661 τὸ
459 2635 521 2671 ὅρος
542 2635 621 2668 Σιὼν,
644 2636 691 2662 ἐπὶ
705 2636 739 2663 τὰ
753 2636 803 2672 ὄρη
818 2637 903 2671 αὐτῆς

114 2683 152 2714 ὡς
166 2682 248 2718 δρνεα
263 2683 415 2717 πετόμενα·
435 2682 522 2714 οὕτως
543 2683 708 2719 ὑπερασπιεῖ
726 2682 838 2718 Κύριος,
857 2684 903 2711 καὶ

114 2729 257 2763 ὲξελεῖται,
275 2730 322 2756 καὶ
340 2730 554 2765 περιποιήσεται,
578 2731 624 2757 καὶ
644 2731 736 2758 σώσει.
757 2731 904 2767 Ἐπιστράα

114 2783 184 2810 φητε
194 2775 219 2801 oi
234 2775 283 2810 τὴν
298 2774 407 2810 βαθεῖαν
423 2775 519 2810 βουλὴν
531 2775 718 2812 βουλευόμενοι
733 2777 780 2803 καὶ
793 2777 902 2812 ἄνομον,

115 2822 169 2848 υἱοὶ
196 2821 320 2857 Ἰσραήλ·
339 2822 380 2848 ὅτι
396 2823 428 2857 τῇ
447 2821 537 2858 ἡμέρᾳ
552 2822 641 2858 ἐκείνῃ
666 2822 902 2859 ἀπαρνηθήσονται

115 2868 139 2893 οἱ
158 2867 297 2903 ἄνθρωποι
313 2867 348 2893 τὰ
362 2867 538 2903 χειροποίητα
559 2868 658 2900 αὐτῶν,
675 2869 710 2895 τὰ
733 2870 841 2905 ἀργυρᾶ
855 2870 901 2896 καὶ

115 2912 147 2941 τὰ
162 2913 261 2949 χρυσᾶ,
284 2912 301 2941 ἂ
323 2912 453 2950 ἐποίησαν
477 2914 504 2940 αί
526 2915 615 2951 χεῖρες
640 2914 737 2943 αὐτῶν.
760 2925 768 2942 ι
793 2915 900 2951 Ἔξεστι

957 2452 1191 2487 Quemadmodum
1205 2461 1267 2480 cum
1288 2451 1417 2480 clamabit
1437 2451 1491 2484 leo,
1511 2455 1558 2476 aut
1567 2449 1683 2483 catulus,
1697 2456 1745 2476 su—

955 2505 1003 2534 per
1019 2499 1108 2534 praatia
1131 2506 1212 2534 quam
1240 2498 1321 2533 cepit,
1337 2502 1365 2525 et
1386 2496 1580 2524 vociferabitur
1595 2503 1676 2529 super
1700 2502 1744 2528 ea,

956 2545 1043 2573 donec
1068 2545 1232 2579 impleantur
1244 2549 1350 2572 montes
1367 2550 1433 2570 v0ce
1448 2542 1518 2578 ejus,
1535 2547 1562 2569 et
1579 2542 1641 2569 victi
1665 2546 1744 2573 sunt,

956 2597 984 2620 et
1001 2592 1200 2620 vehementiam
1214 2592 1317 2620 furoris
1334 2591 1394 2627 ejus
1405 2597 1558 2626 expavere;
1576 2590 1614 2617 sic
1631 2590 1744 2617 descen-

956 2638 1002 2665 det
1013 2638 1142 2666 Dominus
1157 2637 1288 2670 Sabaoth,
1307 2642 1336 2664 ut
1351 2637 1489 2673 prmiietur
1505 2637 1530 2663 in
1549 2641 1639 2663 mome
1655 2635 1720 2663 Sion
1736 2656 1745 2669 ,

956 2691 1036 2719 supra
1049 2688 1154 2712 montes
1168 2684 1236 2718 ejus,
1263 2685 1336 2711 sicut
1361 2691 1426 2711 aves
1440 2683 1578 2713 volantes;
1594 2683 1635 2709 sic
1654 2687 1745 2717 prote-

956 2735 1001 2764 get
1015 2729 1156 2763 Dominus,
1168 2734 1194 2757 et
1205 2729 1314 2765 eripiet,
1331 2735 1358 2757 et
1372 2729 1481 2760 fovebit,
1495 2733 1522 2756 et
1536 2729 1665 2757 servabit.
1677 2729 1747 2756 Con-

957 2777 1107 2809 vertimini,
1121 2777 1167 2812 qui
1182 2776 1346 2812 profundum
1361 2776 1502 2804 consilium
1513 2776 1635 2804 inieratis
1648 2781 1675 2804 et
1690 2777 1743 2803 ini-

957 2831 1051 2858 quum,
1066 2823 1114 2850 lilii
1128 2823 1212 2851 lsraei
1226 2832 1233 2850 :
1249 2823 1311 2857 quia
1329 2822 1356 2849 in
1375 2822 1418 2850 die
1437 2821 1481 2850 illa
1507 2821 1679 2857 abnegabunt
1694 2822 1743 2849 ho-

956 2870 1042 2897 mines
1058 2870 1128 2897 idola
1143 2877 1192 2897 sua
1215 2873 1345 2903 argentea
1359 2873 1386 2894 et
1416 2875 1510 2900 aurea,
1536 2875 1597 2903 qua:
1622 2867 1744 2894 fecerunt

956 2923 1053 2944 manus
1070 2923 1198 2944 eorum.)
1226 2915 1303 2944 Licet
1330 2915 1402 2943 enim
1431 2914 1497 2950 ipsis
1523 2914 1604 2942 etiam
1622 2921 1702 2947 nunc.
1719 2913 1743 2942 si
