2044 3215
253 197 302 226 511

597 194 732 223 EUSEBlI
751 195 991 224 CESARIENSIS
1009 195 1082 224 ΟΡΡ.
1104 194 1193 224 PARS
1213 195 1256 224 lii.
1276 208 1312 216 --
1328 193 1534 224 EXEGETICA.

1834 195 1890 224 519.

291 257 375 283 Vens.
389 256 435 288 3‘3,
453 255 498 284 37.
518 264 528 281 ι
550 255 584 283 Et
593 256 646 283 crit
661 255 704 282 lus
718 255 799 288 lume,
813 257 890 291 quasi
906 257 949 284 lux
965 257 1042 289 solis,

1131 266 1139 282 ι
1159 257 1214 283 Καὶ
1228 255 1304 283 ἔσται
1327 256 1358 283 τὸ
1374 256 1432 291 φῶς
1457 256 1507 292 τῆς
1522 255 1638 291 σελήνης
1654 255 1692 287 ὡς
1705 256 1736 283 τὸ
1757 255 1815 291 φῶς
1839 257 1888 283 τοῦ

254 302 335 330 ctlux
351 302 418 330 soils
430 302 484 330 erit
495 302 710 338 scpteutpliciter
724 303 751 330 in
775 303 831 334 die,
843 310 907 330 cum
928 310 1043 330 sanave-

257 348 292 376 rit
305 347 439 375 Dominus
456 347 650 375 contritionem
674 347 763 382 populi
791 349 850 380 sui,
867 353 896 376 et
922 348 1044 376 dolorem

257 394 342 429 plagae
364 399 416 422 luat
429 393 549 421 curabit.
567 393 636 421 Ecce
651 401 749 421 nomen
767 394 873 422 Domini
896 394 973 421 venit
997 401 1046 429 per

257 440 372 468 mnltum
383 445 488 476 tempus
502 440 618 468 :ardens
631 440 707 467 furor
718 447 779 467 cum
792 440 889 475 gloria.
902 440 1044 475 Eloquium

259 487 393 514 labiorum
406 487 475 522 ejus,
487 486 624 521 eloquium
637 486 684 513 ira:
700 486 822 521 plenum,
838 491 867 513 et
891 487 932 514 ira
945 486 1046 514 furoris

257 534 319 568 t-jus
344 533 415 561 sicut
440 533 511 568 ignis
537 533 662 560 devorat.
678 542 688 559 ι
721 533 774 561 Pro
799 534 872 561 dicto
887 533 945 566 illo,
966 542 976 560 ι
997 541 1046 569 per

258 579 373 607 multum
389 584 505 615 tempus,
526 589 537 606 ι
556 579 653 615 reliqui
669 580 844 614 interpretes,
863 589 872 606 ι
890 580 923 608 de
936 580 1043 616 longe,»

256 626 414 654 ediderunt.
427 625 562 654 Observes
578 634 660 662 porro
673 626 765 660 velim,
786 634 839 654 non
854 626 941 661 ipsum
955 627 1046 654 Domi-

259 681 323 700 num
353 677 497 701 venturum
526 673 594 708 dici,
627 673 676 701 sed
706 680 805 701 nomen
837 672 965 706 Domini,
991 681 1047 709 quo

256 719 382 747 Christus
401 719 591 747 subindicatur
605 728 613 753 ;
630 720 664 747 de
691 719 737 748 illo
755 720 855 755 quippe
869 719 975 746 dictum
992 724 1046 754 est,

257 775 267 791 ε
289 765 451 792 Benedictus
463 766 509 798 qui
522 765 596 792 venit
608 765 635 792 in
648 766 758 793 nomine
773 765 892 799 Domini,
907 766 977 794 Deus
993 766 1046 794 Do-

257 811 347 838 minus
367 814 396 838 et
426 810 515 837 illuxit
531 809 610 838 nobis
620 811 654 838 ".
674 821 684 837 ι
703 811 770 839 Cum
784 812 890 839 venerit
900 817 1004 845 autem,
1016 820 1048 840 ac

257 857 407 885 secundum
423 856 628 892 gloriosumque
643 857 789 885 adventum
810 865 890 886 suum
916 859 1049 886 exhibue-

258 904 305 936 rit,
317 904 518 938 subsequentur
531 903 644 931 ultrices
660 903 787 937 virtutes,
801 913 850 941 per
864 913 932 940 quas
946 907 1048 942 suppli-

258 952 300 977 cia
317 949 408 984 intpiis
423 948 588 982 inferentur,
602 955 670 983 quas
685 949 743 978 haec
764 950 907 986 Scriptura
926 951 1048 980 furorem

263 995 387 1030 iramque
398 999 478 1022 vocat
496 1003 504 1022 :
520 994 653 1029 siquidem
666 1000 727 1030 post
741 996 873 1031 prolatam
886 999 1048 1026 sententiam

258 1041 393 1077 supplicio
405 1040 495 1076 dignis
505 1040 572 1068 ultio
588 1039 732 1070 inferetur.

292 1222 375 1252 Vens.
393 1221 437 1249 28.
457 1231 467 1248 ι
485 1221 517 1249 Et
536 1221 650 1257 spiritus
677 1220 736 1255 ejus
755 1221 827 1248 sicut
841 1227 911 1255 aqua
926 1220 953 1247 in
980 1220 1051 1248 valle

258 1269 381 1300 trahens,
405 1268 496 1296 veniet
526 1274 612 1302 usque
631 1267 665 1295 ad
680 1267 798 1300 collum,
815 1272 843 1294 ct
867 1267 1016 1294 dividetur.
1038 1276 1048 1294 ι

259 1315 310 1345 ille
330 1315 446 1350 spiritus
463 1313 538 1341 ultor
553 1313 654 1341 multas
672 1313 699 1341 in
723 1317 816 1348 partes
828 1313 974 1346 dividetur,
987 1313 1050 1348 quia

259 1363 375 1391 multum
390 1362 516 1390 estinter
532 1359 687 1396 puniendos
709 1359 868 1388 discrimen.
884 1368 895 1385 ι
914 1359 949 1387 Ut
961 1359 1051 1387 turbet

258 1414 355 1443 gentes
368 1415 450 1443 super
467 1414 562 1436 errore
584 1415 672 1440 vano,
685 1410 713 1435 et
731 1410 910 1442 persequetur
932 1413 979 1433 eos
1007 1413 1052 1432 er-

262 1463 318 1488 ror,
329 1460 357 1483 et
366 1455 456 1491 capiet
469 1462 516 1483 eos
534 1454 562 1482 in
585 1458 732 1489 conspectu
754 1460 861 1481 eorum.
885 1462 895 1480 ι
923 1452 975 1480 llic
1002 1452 1050 1480 Dei

258 1502 392 1537 inspectio
410 1500 445 1529 ad
468 1501 560 1529 omnia
573 1505 686 1528 extensa
710 1499 886 1533 declaratur;
909 1499 974 1535 quia
997 1507 1051 1528 non

260 1548 287 1575 in
304 1547 346 1575 his
362 1551 467 1574 tantum
488 1547 623 1575 consistet
640 1546 698 1580 ira,
725 1546 773 1574 sed
793 1550 890 1582 gentes
919 1546 1052 1581 pervadet

260 1595 337 1623 ultio.
352 1594 461 1622 Atenim
474 1598 564 1622 utnon
581 1597 693 1628 possent
708 1592 848 1625 lsraelitaa,
873 1593 924 1621 soli
949 1599 965 1620 ι
996 1593 1052 1620 Deo

260 1638 430 1674 reprehensi,
453 1639 562 1672 dicere.
578 1638 663 1666 Deum
687 1645 736 1666 sua
766 1642 883 1670 tantum,
909 1645 962 1665 non
988 1644 1053 1665 vero

1096 301 1182 338 ἡλίου,
1199 302 1245 329 καὶ
1255 302 1285 328 τὸ
1301 301 1359 337 φῶς
1371 301 1418 328 τοῦ
1435 302 1512 337 ήλίου
1525 301 1601 328 ἔσται
1615 302 1800 329 ἐπταπλάσιον
1811 303 1841 329 ἰν
1854 305 1889 338 τῇ

1095 348 1197 384 ἡμέρᾳ,
1208 348 1273 375 ὅταν
1287 348 1395 384 ἰάσηται
1415 348 1518 384 Κύριος
1535 348 1567 375 τὸ
1583 347 1741 384 σύντριμμα
1758 348 1806 375 τοῦ
1821 349 1890 375 λαοῦ

1096 393 1190 426 αὑτοῦ,
1214 393 1261 420 καὶ
1288 394 1337 430 τὴν
1362 394 1459 429 ὀδύνην
1486 394 1537 430 τῆς
1564 394 1670 430 πληγῆς
1700 403 1747 421 σου
1772 395 1888 422 ἰάσεται.

1102 440 1167 466 Ίδου
1180 439 1211 466 τὸ
1228 439 1315 475 ὄνομα
1329 439 1433 475 Κυρίου
1450 439 1558 476 ἔρχεται
1585 440 1630 467 διὰ
1657 440 1754 468 πολλοῦ
1779 441 1889 476 χρόνου,

1097 485 1241 521 καιόμενος
1258 485 1344 521 θυμὸς
1361 486 1431 521 μετὰ
1448 486 1538 522 δόξης.
1548 486 1586 513 Τὸ
1606 487 1695 521 λόγιον
1710 487 1764 514 τῶν
1778 487 1891 522 χειλέων

1097 533 1189 564 αὑτοῦ,
1204 532 1296 567 λόγιον
1307 532 1394 568 ὀργῆς
1410 531 1524 568 πλῆρες,
1538 532 1585 559 καὶ
1600 533 1617 568 ἡ
1641 533 1709 569 ὀργὴ
1726 533 1771 559 τοῦ
1801 532 1890 568 θυμοῦ

1097 579 1180 605 αὑτοῦ
1205 579 1243 611 ὠς
1267 579 1324 615 πῦρ
1353 579 1451 606 ἔδεται.
1469 589 1479 605 ι
1502 579 1575 606 Ἀντὶ
1587 579 1614 605 δὲ
1629 579 1686 611 τοῦ,
1702 589 1710 604 ι
1731 579 1775 606 διὰ
1790 579 1892 606 πολλοῦ

1098 626 1223 662 χρόνου.ι
1241 627 1266 653 οί
1282 626 1370 654 λοιποὶ
1389 627 1555 663 ὲρμηνευταὶ
1569 646 1577 659 ,
1597 636 1607 653 ι
1623 626 1768 663 μακρόθεν,
1781 637 1790 653 ›
1815 627 1893 662 εἰρή-

1098 681 1171 700 κασι.
1189 673 1244 700 Καὶ
1257 673 1345 708 τήρει,
1362 673 1400 705 ὡς
1411 673 1462 700 οὐκ
1479 673 1513 700 ἂν
1527 673 1609 700 αὐτόν
1627 681 1694 710 φησι
1714 673 1759 701 τὸν
1787 673 1893 710 Κύριον

1099 720 1236 756 ἔρχεσθαι,
1250 720 1318 747 ἀλλὰ
1330 720 1360 747 τὸ
1373 720 1458 756 ὄνομα
1477 720 1592 756 Κυρίου,
1615 720 1660 747 τὸν
1675 720 1790 756 Χριστὸν
1807 721 1894 748 αίνιτ-

1097 766 1223 801 τόμενος,
1236 766 1300 802 περὶ
1316 774 1347 793 ου
1361 766 1483 801 εἴρηται’
1503 775 1513 792 ι
1530 765 1718 801 Εὐλογημένος
1738 767 1753 793 ὁ
1778 767 1895 802 ἐρχόμε-

1099 820 1144 844 νος
1154 812 1183 839 ὲν
1195 812 1307 847 ὀνόματι
1329 811 1518 847 Κυρίου,Θεδς
1547 811 1649 847 Κύριος
1682 812 1730 838 καὶ
1759 812 1896 847 ἐπέφανεν

1099 859 1174 893 ἡμῖν.
1197 867 1207 884 t
1234 857 1396 893 Ἐρχομένου
1412 858 1440 884 δὲ
1459 858 1506 885 καὶ
1523 857 1571 893 τὴν
1591 858 1720 894 δευτέραν
1745 858 1829 885 αὑτοῦ
1849 859 1895 886 ἕν-

1100 903 1174 936 δοξον
1185 903 1337 938 παρουσίαν
1352 902 1527 938 ποιουμένου,
1540 901 1788 938 ὲπακολουθήσουσι
1809 911 1897 938 τιμω-

1105 949 1215 984 ρητικαὶ
1231 949 1376 984 δυνάμεις.
1399 949 1434 975 δι’
1447 945 1484 976 ὧν
1498 950 1526 975 αἱ
1550 948 1678 981 κολάσεις
1692 951 1748 981 τοῖς
1767 949 1897 976 ἀηδέσιν

1101 994 1312 1030 ὲεταχθήσονται,
1329 994 1362 1027 ἃς
1375 996 1392 1030 ἡ
1420 994 1545 1030 παροῦσα
1559 994 1654 1031 Γραφὴ
1671 995 1755 1031 θυμὸν
1773 995 1821 1022 καὶ
1849 995 1898 1030 69-

1099 1041 1152 1078 γὴν
1165 1040 1310 1077 ὀνομάζει·
1327 1040 1481 1073 ἀκολούθως
1493 1041 1547 1076 γὰρ
1556 1041 1589 1076 τῇ
1603 1041 1650 1067 τοῦ
1666 1040 1746 1076 λόγου
1758 1041 1898 1075 ἀποφάσει

1099 1088 1134 1114 τὰ
1161 1088 1211 1124 τῆς
1238 1087 1323 1124 ὀργῆς
1353 1088 1409 1119 τοῖς
1443 1086 1689 1123 κολασθησομένοις
1717 1086 1899 1122 ὲπενεχθήσε-

1100 1142 1156 1161 ται.

1139 1233 1148 1249 ι
1165 1224 1220 1250 Καὶ
1226 1224 1257 1250 τὸ
1267 1223 1376 1259 πνεῦμα
1387 1223 1481 1256 αὑτοῦ,
1490 1223 1528 1256 ὡς
1541 1224 1615 1260 ὕδωρ
1626 1224 1655 1251 ὲν
1665 1224 1788 1260 φάραγγι
1802 1222 1897 1260 σῦρον,

1099 1268 1160 1304 ἥξει
1174 1269 1226 1302 ἓως
1239 1269 1286 1296 τοῦ
1302 1270 1449 1306 τραχήλου,
1460 1270 1507 1297 καὶ
1513 1270 1723 1306 διαιρεθήσεται.
1740 1279 1750 1296 ›
1760 1270 1816 1297 Καὶ
1831 1269 1900 1297 διαι-

1102 1314 1246 1351 ρεθήσεται
1253 1315 1284 1342 τὸ
1290 1315 1450 1343 κολαστικὸν
1456 1316 1536 1342 τοῦτο
1543 1315 1652 1351 πνεῦμα
1668 1316 1708 1347 εις
1716 1314 1816 1347 πολλὰς
1828 1315 1900 1342 διαιο

1103 1360 1202 1396 ρέσεις,
1217 1359 1262 1387 διὰ
1273 1360 1304 1387 τὸ
1313 1360 1444 1396 πλείστην
1455 1358 1523 1388 εἶναι
1531 1360 1586 1388 τῶν
1595 1359 1784 1396 κολαζομένων
1799 1360 1895 1395 διαφο-

1102 1406 1162 1442 ράν.
1186 1415 1196 1432 ι
1211 1405 1264 1433 Τοῦ
1280 1406 1397 1442 ταράξαι
1414 1406 1477 1442 ἔθνη
1491 1407 1538 1433 ἐπὶ
1548 1406 1680 1443 πλανήσει
1709 1406 1823 1442 ματαίᾳ,
1850 1406 1899 1433 καὶ

1101 1451 1225 1485 διώξεται
1241 1452 1341 1485 αὐτοὺς
1352 1453 1495 1488 πλάνησις,
1511 1454 1560 1480 καὶ
1582 1453 1697 1488 λήψεται
1711 1453 1810 1485 αὐτοὺς
1825 1451 1898 1479 κατὰ

1102 1499 1248 1534 πρόσωπον
1260 1499 1359 1526 αὐτῶν.
1379 1507 1389 1524 ι
1408 1499 1465 1535 Τὴν
1479 1498 1550 1526 κατὰ
1566 1499 1675 1526 πάντων
1697 1498 1827 1526 θεοπτίαν
1851 1499 1900 1525 καὶ

1101 1545 1181 1573 τοῦτο
1190 1545 1335 1578 δείκνυσιν,
1349 1546 1451 1573 ὅτιούκ
1463 1546 1518 1572 ἔσω
1534 1545 1638 1572 τούτων
1656 1546 1783 1581 στήσεται
1797 1545 1831 1572 τὰ
1847 1544 1898 1580 τῆς

1102 1591 1188 1627 ὀργῆς
1200 1601 1206 1607 -
1222 1591 1417 1627 διαϐήσεταιδὲ
1431 1592 1478 1619 καὶ
1488 1592 1529 1624 εἰς
1539 1591 1574 1618 τὰ
1585 1591 1648 1628 ἔθνη
1664 1592 1680 1627 ή
1694 1591 1823 1627 τιμωρία.
1838 1591 1899 1618 Ίνα

1103 1637 1157 1674 γὰρ
1173 1638 1211 1674 μὴ
1226 1638 1272 1675 ἐξῇ
1292 1640 1348 1671 τοῖς
1368 1639 1564 1675 Ἰσραηλίταις,
1586 1639 1677 1675 μόνοις
1692 1638 1746 1666 ὑπὸ
1761 1639 1809 1665 τοῦ
1829 1637 1899 1665 Θεοῦ

260 1685 382 1720 gentium
410 1689 521 1720 peccata
540 1684 647 1720 punire,
663 1683 820 1712 necessario
841 1683 991 1711 vindictam
1021 1683 1049 1710 is

1103 1684 1301 1720 ἐλεγχομένοις,
1310 1685 1400 1720 λέγειν
1413 1684 1512 1717 αὐτοὺς
1525 1685 1605 1720 μόνον
1621 1685 1666 1712 τὸν
1680 1685 1746 1711 Θεὸν
1773 1685 1820 1711 ἐπὶ
1841 1685 1900 1716 τοῖς

258 1735 354 1765 gentes
367 1736 478 1765 quoque
489 1728 668 1756 transituram
683 1727 803 1756 declarat
814 1747 822 1759 ,
841 1732 926 1762 atque
945 1727 1050 1755 erroris

260 1774 390 1802 ultionem
405 1773 479 1809 ipsos
495 1774 655 1801 invasuram
664 1779 724 1800 esse
737 1772 871 1807 praedicit.

1103 1730 1283 1767 ἁμαρτήμασι
1300 1731 1552 1768 τιμωρηθήσεσθαι,
1565 1731 1628 1767 ούχὶ
1646 1731 1675 1758 δὲ
1694 1732 1742 1758 καὶ
1762 1731 1797 1759 τὰ
1821 1730 1898 1766 ἔθνη,

1104 1776 1262 1811 ἀναγκαίως
1275 1777 1322 1804 καὶ
1337 1777 1387 1813 τὴν
1403 1777 1450 1804 ἐπὶ
1465 1777 1499 1805 τὰ
1514 1777 1577 1814 ἔθνη
1590 1777 1766 1814 διασήσεσθαι
1776 1776 1900 1805 ἐκδικίαν

261 1822 378 1855 φάσκει,
405 1819 452 1849 καὶ
468 1818 672 1855 καταλήψεσθαι
694 1819 745 1853 τὴν
771 1818 804 1845 ἐκ
831 1818 882 1854 τῆς
907 1817 1068 1854 πλανήσεως
1086 1819 1164 1857 δίκην
1175 1822 1367 1858 προαγορεύει.

298 1910 379 1938 Vens.
389 1909 433 1938 29—
441 1908 486 1938 32.
498 1918 508 1936 ι
519 1908 646 1944 Nunquid
661 1914 768 1943 semper
778 1911 885 1942 oportet
899 1914 946 1935 vos
954 1906 1054 1942 laetari.

264 1963 292 1984 et
309 1963 417 1990 semper
432 1955 537 1991 ingredi
549 1955 576 1982 in
588 1959 682 1983 sancta
706 1961 778 1987 mea.
797 1954 874 1988 quasi
890 1953 960 1982 festa
976 1955 1050 1982 cele-

260 2003 382 2034 brantes.
399 2002 476 2037 quasi
495 2002 622 2030 lactantes
639 2001 745 2036 ingredi
763 2008 826 2029 cum
844 2001 909 2028 tibia
926 2001 960 2028 ad
976 2008 1054 2028 mon-

262 2055 316 2076 tum
334 2048 453 2079 Domini.
473 2048 508 2076 ad
532 2047 618 2075 Deum
643 2047 744 2075 lsrael?
768 2047 801 2074 Et
825 2047 950 2074 auditam
974 2046 1055 2076 faciet

264 2095 395 2122 Dominus
425 2095 541 2130 gloriam
560 2094 636 2122 vocis
660 2101 728 2128 suae,
747 2098 775 2122 et
800 2093 919 2122 furorem
946 2094 1053 2121 brachii

261 2141 316 2174 sui,
333 2145 363 2168 ut
377 2141 505 2169 ostendat
519 2148 581 2168 cum
595 2140 687 2168 furore
699 2147 726 2168 et
741 2141 781 2168 ira
793 2145 820 2168 et
841 2140 950 2168 ﬂamma
967 2141 1053 2168 devo-

261 2193 352 2221 rante.
383 2187 539 2216 l'ulminabit
555 2187 742 2221 vehementer.
771 2193 798 2216 et
825 2188 895 2216 sicut
922 2195 991 2224 aqua
1026 2191 1054 2215 et

261 2233 378 2269 grando,
400 2241 460 2269 qua:
476 2234 502 2260 vi
524 2233 650 2260 deorsum
670 2233 769 2260 l'ertur.
794 2232 845 2260 Per
861 2240 956 2260 vocem
978 2232 1052 2260 enim

262 2280 370 2308 Domini
384 2281 584 2315 superabuntur
597 2279 704 2313 Assyrii
727 2278 819 2314 plaga.
840 2287 892 2314 qua
919 2279 1055 2314 percutiet

260 2334 310 2354 eos
327 2335 334 2354 :
349 2332 376 2354 et
388 2326 442 2353 erit
457 2325 482 2354 ei
498 2326 525 2353 in
547 2326 678 2353 circuitu.
699 2335 708 2352 ι
728 2325 816 2359 Tunc,
830 2327 879 2359 ait,
894 2326 910 2353 ii
928 2326 975 2360 qui
992 2333 1055 2360 per-

261 2373 403 2401 cutiebant
416 2377 444 2400 et
467 2372 649 2400 verberabant
665 2379 724 2403 eos,
742 2378 838 2407 paenae
859 2371 961 2398 dabunt
976 2379 984 2398 :
1000 2371 1054 2398 daa-

261 2426 357 2446 mones
369 2418 441 2446 enim
452 2418 686 2446 circumsistentes
696 2417 757 2445 illos
772 2417 912 2452 suppliciis
925 2416 1052 2445 adicient.

261 2462 379 2497 Quinam
393 2470 458 2491 vero
481 2463 535 2491 sint
552 2463 590 2490 illi
612 2470 675 2490 mox
700 2462 789 2498 aperit
813 2463 923 2490 dicens:
941 2472 951 2489 ι
977 2462 1054 2491 Unde

262 2514 324 2538 erat
341 2509 396 2537 illis
409 2517 473 2545 spes
486 2509 590 2541 auxilii,
605 2509 632 2536 in
649 2516 702 2544 quo
727 2508 784 2543 ipse
808 2508 975 2536 conﬁdebat.
1001 2509 1053 2543 Ipsi

1138 1919 1147 1936 ι
1175 1910 1222 1947 Μὴ
1243 1910 1288 1938 διὰ
1314 1912 1415 1944 παντὸς
1439 1912 1480 1939 δεῖ
1505 1913 1576 1948 ὑμᾶς
1606 1911 1798 1948 εὐφραίνεσθαι
1814 1931 1822 1943 ,
1851 1911 1900 1938 καὶ

1105 1955 1315 1992 είσπορεύεσθαι
1329 1957 1369 1988 εἰς
1377 1957 1411 1984 τὰ
1423 1957 1489 1992 ἆγιά
1499 1967 1550 1993 μου
1562 1957 1717 1990 διαπαντὸς,
1728 1957 1794 1983 ὡσεὶ
1804 1957 1900 1993 ἑορτά-

1105 1999 1212 2033 ζοντας,
1229 2001 1296 2028 ὡσεὶ
1307 2001 1538 2038 εὐφραινομένους
1549 2002 1679 2029 είσελθεῖν
1697 2002 1845 2038 μετάύλοῦ
1859 2003 1900 2034 είς

1104 2045 1135 2072 τὺ
1163 2046 1226 2081 δρος
1249 2046 1351 2084 Κυρίου
1380 2048 1449 2084 πρὸς
1477 2048 1522 2075 τὸν
1549 2048 1614 2075 Θεὸν
1627 2047 1674 2076 τοῦ
1703 2048 1827 2084 Ίσραὴλς
1843 2049 1900 2075 Καὶ

1104 2091 1241 2127 ἀκουστὴν
1257 2093 1365 2128 ποιήσει
1378 2093 1480 2129 Κύριος
1498 2095 1548 2130 τὴν
1567 2094 1645 2127 δόξαν
1672 2096 1721 2130 τῆς
1736 2095 1827 2129 φωνῆς
1849 2094 1900 2122 αὺ‹

1104 2138 1163 2170 τοῦ,
1179 2139 1226 2165 καί
1241 2138 1288 2166 τὸν
1302 2139 1387 2175 θυμὸν
1401 2139 1449 2166 τοῦ
1461 2139 1603 2176 βραχίονος
1615 2140 1709 2171 αὑτοῦ,
1725 2140 1809 2174 δεῖξαι
1829 2140 1898 2176 μετὰ

1105 2185 1192 2220 θυμοῦ
1207 2186 1252 2213 καὶ
1268 2185 1353 2222 ὀργῆς
1375 2187 1422 2212 καὶ
1441 2187 1540 2221 φλογὸς
1563 2187 1770 2222 κατεσθιούσης,
1797 2195 1898 2223 κεραυ-

1105 2229 1185 2256 νὼσει
1198 2229 1302 2264 βιαίως,
1315 2231 1362 2257 καὶ
1373 2231 1411 2262 ὡς
1424 2231 1497 2267 ὕδωρ
1513 2231 1561 2260 καὶ
1575 2232 1680 2267 χάλαζα
1694 2241 1900 2268 συγκαταφερο-

1107 2275 1175 2311 μένη
1189 2276 1244 2312 βίᾳ.
1261 2277 1310 2303 Διά
1323 2276 1377 2312 γὰρ
1392 2278 1442 2313 τῆς
1457 2279 1549 2313 φωνῆς
1573 2278 1676 2314 Κυρίου
1700 2277 1899 2314 ἡττηθήσονται

1113 2321 1248 2357 Ἀσσύριοι
1262 2324 1295 2359 τῇ
1312 2324 1414 2359 πληγῇ,
1461 2324 1495 2351 ἂν
1509 2324 1615 2360 πατάξῃ
1627 2323 1726 2356 αὐτούς
1737 2332 1743 2339 ·
1763 2324 1810 2351 καὶ
1822 2323 1898 2351 ἔσται

1106 2368 1181 2404 αὺτῷ
1192 2368 1332 2396 κυκλόθεν.
1349 2380 1358 2395 ι
1375 2370 1442 2396 Τότε
1455 2370 1498 2405 δὴ,
1516 2371 1609 2405 φησιν,
1620 2371 1644 2396 οί
1661 2370 1786 2401 παίοντες
1799 2370 1899 2402 αὐτοὺς

1107 2415 1152 2441 καὶ
1164 2414 1311 2447 τύπτοντες
1326 2416 1583 2452 τιμωρηθήσονταισ
1605 2416 1731 2452 δαίμονες
1754 2416 1820 2452 γὰρ,
1850 2425 1899 2444 κυ-

1106 2461 1201 2488 κλόθεν
1229 2463 1328 2494 αὐτοὺς
1358 2464 1632 2499 περιστοιχησάμενοι
1648 2483 1655 2495 ,
1683 2463 1734 2495 τὰς
1762 2463 1899 2499 τιμωρίας

1106 2507 1246 2540 ἐπάξουσι.
1259 2508 1337 2540 Τίνες
1363 2509 1392 2535 δέ
1419 2510 1488 2536 εἰσιν
1515 2506 1588 2536 οὗτοι
1613 2509 1740 2544 διασαφεῖ
1766 2509 1897 2544 φάσκων-

258 2563 323 2584 cum
336 2555 471 2592 tympanis
484 2558 510 2582 et
524 2555 631 2582 cithara
655 2554 823 2588 pugnabunt.
843 2562 852 2579 ι
872 2552 967 2588 lmpiis
990 2561 1050 2588 spes

1107 2561 1117 2578 ι
1137 2551 1268 2590 Ὂθεν,ἦν
1284 2554 1406 2591 αὐτοῖςή
1436 2554 1514 2586 ἐλπὶς
1535 2555 1586 2590 τῆς
1612 2555 1738 2591 βοηθείας
1751 2574 1758 2586 ,
1787 2556 1829 2589 ἐφ’
1864 2552 1898 2592 ἧς

261 2603 358 2631 auxilii
371 2606 431 2630 erat
442 2610 457 2629 a
477 2601 529 2630 diis
543 2602 612 2633 suis,
634 2600 802 2628 adversariis
819 2607 917 2634 nempe
932 2604 1054 2635 potesta-

263 2651 346 2682 tibus.
364 2654 392 2676 et
409 2648 539 2684 malignis
551 2647 703 2683 spiritibus.
724 2646 771 2674 His
782 2646 881 2681 quippe
899 2646 978 2681 quasi
1000 2646 1054 2673 diis

261 2697 449 2730 adhaerebant,
462 2704 495 2724 ac
507 2703 582 2731 spem
604 2694 700 2722 auxilii
724 2693 751 2720 in
770 2693 804 2721 iis
817 2693 957 2726 locarant;
975 2693 1054 2728 igno-

260 2746 357 2769 rantes
373 2742 446 2776 ipsos
461 2746 579 2769 tortores
596 2741 649 2769 sibi
667 2741 783 2769 futuros.
799 2739 866 2767 Nam
879 2739 920 2766 ira
936 2743 963 2766 et
979 2738 1054 2766 furor

261 2793 358 2815 contra
372 2788 470 2822 impius
493 2788 633 2816 immissus
659 2796 708 2823 per
730 2786 844 2821 angelos
869 2785 957 2813 malos
982 2784 1054 2813 infe-

262 2836 372 2861 κιαι-,ι
389 2831 443 2866 Ipsi
469 2839 531 2859 cum
553 2832 689 2868 tympanis
711 2837 740 2860 et
765 2831 871 2860 cithara
892 2830 1054 2867 pugnabunt

299 2936 321 2953 ⁸³
343 2936 415 2966 Psal.
434 2943 515 2971 cxvn,
533 2936 633 2971 26,27.

1107 2599 1188 2631 αὐτὸς
1199 2599 1348 2627 ἐπεποίθει.
1365 2601 1447 2627 Αὐτοὶ
1459 2600 1529 2636 μετὰ
1539 2601 1688 2636 τυμπάνων
1708 2601 1756 2628 καὶ
1781 2600 1899 2636 κιθάρας

1108 2646 1334 2682 πολεμήσουσιν.»
1353 2647 1445 2679 Ἐλπὶς
1454 2649 1510 2679 τοῖς
1523 2648 1633 2675 ἀσεϐέσι
1649 2647 1774 2683 βοηθείας
1787 2645 1822 2683 ἦν
1844 2648 1899 2674 ἀπὸ

1107 2691 1162 2719 τῶν
1173 2692 1243 2719 θεῶν
1252 2693 1352 2726 αὐτῶν,
1365 2693 1420 2720 τῶν
1429 2693 1624 2729 ἀντικειμένων
1639 2693 1739 2729 δηλαδὴ
1746 2693 1897 2729 δυνάμεων,

1109 2737 1156 2764 καὶ
1171 2737 1225 2764 τῶν
1244 2737 1370 2774 πονηρῶν
1387 2737 1561 2773 πνευμάτων.
1579 2737 1693 2769 Τούτοις
1710 2737 1765 2773 γὰρ
1778 2737 1815 2769 ὼς
1828 2736 1899 2769 Θεοῖς

1109 2785 1262 2819 προσεῖχον,
1277 2784 1324 2811 καὶ
1332 2783 1382 2820 τὴν
1395 2783 1489 2810 ἐλπίδα
1499 2784 1548 2819 τῆς
1558 2783 1683 2820 βοηθείας
1693 2784 1725 2810 ἐκ
1739 2783 1841 2810 τούτων
1850 2784 1899 2810 αὺ-

1109 2831 1164 2863 τοῖς
1179 2830 1288 2859 ἔσεσθαι
1303 2829 1426 2867 ήλπιζον,
1438 2831 1487 2858 οὐκ
1505 2829 1614 2862 ειδότες,
1630 2827 1752 2858 ὄτιοῧτοι
1767 2828 1897 2856 κολασταὶ
