2044 3215
121 188 176 217 iis

563 185 817 215 COMMENTARIA
836 186 870 214 ΙΝ
890 186 1018 213 ISAIAM.
1040 202 1073 206 —-
1092 185 1170 214 CAP.
1188 183 1286 211 XXXI.

1697 187 1752 215 5N

123 246 215 274 αὐτῶν
227 245 344 273 ἔσονται.
366 245 400 272 Ἦ
415 245 470 281 γὰρ
482 243 550 281 ὀργὴ
565 244 612 272 καὶ
628 245 642 271 ὁ
665 244 751 280 θυμὸς
762 244 833 271 κατά
860 244 910 270 τῶν

966 248 1060 272 contra
1073 251 1135 270 eum
1155 250 1189 270 ex
1206 240 1438 273 commutatione;
1452 250 1461 267 ι
1484 244 1577 275 utpo'te
1592 242 1637 276 qui
1655 243 1753 272 alienis

123 291 232 319 άσεῦὦν
250 291 480 326 ἀποστελλόμενος
503 290 536 317 δι’
561 289 685 324 ἀγγέλων
702 290 846 324 γενήσεται
869 297 914 315 πο-

967 289 1047 316 malis
1067 289 1204 324 gaudeant
1218 295 1301 315 :nam
1314 293 1348 314 ex
1365 286 1462 314 amicis
1473 287 1577 314 inimici
1588 288 1715 316 evadent.

123 339 223 374 νηρῶν.
238 348 248 364 ι
264 339 346 366 Αὐτοὶ
362 338 431 374 μετὰ
448 337 597 374 τυμπάνων
616 339 664 365 καὶ
681 337 795 373 κιθάρας
809 337 1007 372 πολεμήσουσιν
1018 336 1099 363 αὐτὸν
1118 336 1149 363 ἐκ
1162 333 1313 371 μεταϐολῆς
1323 343 1329 349 ·
1346 344 1356 361 ι
1374 334 1421 361 ("me
1436 335 1670 370 ὲπιχαιρεσίκακοί
1679 344 1752 370 τινες

121 388 216 420 δντες’
247 387 309 415 ἀντὶ
335 387 390 423 γὰρ
418 387 474 414 τῶν
502 387 588 421 φίλων
612 386 703 422 ἐχθροὶ
727 386 955 421 καταστήσονται.

157 457 167 474 ι
189 448 224 475 Σὺ
238 447 359 487 γὰρ,πρδ
380 447 492 484 ἡμερῶν
521 447 708 484 ἀπαιτηθήσῃ.
724 448 771 483 Μὴ
797 447 846 474 καὶ
871 447 913 473 σοὶ

122 493 275 529 ήτοιμάσθη
292 492 459 528 βασιλεύειν;
480 502 490 518 ι
510 492 603 519 Ταῦτα
612 493 651 523 δὲ.
670 493 746 528 φησὶ,
777 492 807 519 σὲ
835 500 913 528 περι-

123 539 265 574 μένει,τὺν
279 538 362 565 πάλαι
370 539 504 575 τρυφερὸν
518 539 564 565 καὶ
574 539 756 574 ὑπερήφανον·
770 539 794 565 εί
809 537 846 574 μὴ
859 538 914 574 ἄρα

123 584 221 611 σαυτὸν
230 584 343 611 ἀπατῶν
354 585 507 619 προσδοκᾷς
523 585 563 611 ὅτι
573 585 620 611 καὶ
635 585 675 611 σοὶ
684 583 835 620 βασιλεύειν
843 585 914 620 ἡτοί-

124 637 224 663 μασται
237 628 338 664 δμοίως
350 629 406 660 τοῖς
423 628 518 664 στενὴν
532 629 579 655 καὶ
592 628 776 664 τεθλιμμένην
784 629 911 656 ὀδεύσασι

121 673 225 709 τρίϐον,
241 663 288 700 ἰαὶ
311 674 428 708 πτωχοῖς
444 663 572 700 διᾶνΘεὸν
589 663 852 709 γενομένοιςγένεκεν
869 673 911 700 δι-

121 719 278 756 καιοσύνης.
296 720 366 747 nam
381 720 435 756 γὰρ
450 720 564 752 ἐκείνοις
576 720 738 756 ἡτοίμασται
751 720 910 756 ἡβασιλεία,

121 766 180 792 ἀλλ’
186 766 216 792 οὐ
228 766 270 792 σοὶ
277 766 316 801 τῷ
322 767 371 802 τὴν
378 766 506 793 πλατεῖαν
515 767 561 793 καὶ
570 765 724 802 εὐρύχωρον
729 766 788 793 ὁδὸν
798 774 911 801 πορευο-

122 812 207 847 μένῳ.
222 821 232 838 1
244 812 372 848 Φάραγγα
382 812 500 847 βαθεῖαν,
512 811 576 845 ξύλα
584 812 707 848 κείμενα,
717 812 772 849 πῦρ
782 813 829 839 καὶ
843 812 909 846 ξύλα

120 858 217 885 πολλά.
239 859 269 885 Ὀ
284 858 368 894 θυμὸς
381 859 484 894 Κυρίου
500 858 537 890 ὡς
549 858 658 894 φάραγξ
673 859 724 885 ὑπὸ
738 859 809 886 Θείου
831 868 908 886 καιοη

121 904 203 940 μένη.
224 913 233 930 ι
247 904 323 931 Θεῖον
336 904 450 939 καὶπῦρ
464 904 639 931 ὑποκαίουσιν
659 905 699 936 εἰς
714 904 763 941 τὴν
782 905 836 931 τῶν
861 905 909 931 αὑ-

1001 445 1084 473 V'ens.
1097 445 1141 471 5'5.
1161 453 1170 470 ι
1188 443 1227 471 Tu
1243 443 1316 470 enim
1333 447 1396 469 ante
1411 442 1469 470 dies
1483 441 1617 469 rationem
1638 442 1752 469 reddere

964 491 1080 526 cogeris.
1097 490 1233 524 Numquid
1243 490 1326 516 etiatn
1342 489 1390 516 tibi
1405 493 1529 523 paratum
1547 493 1590 515 est
1604 488 1748 522 regnare?»

964 537 1038 569 Haec,
1055 537 1153 571 inquit,
1167 541 1193 562 te
1219 535 1284 562 olim
1306 535 1489 570 voluptarium
1501 539 1528 561 et
1540 535 1689 568 superbum
1707 542 1752 560 cx-

964 587 1091 619 spectant
1106 590 1113 609 :
1130 582 1181 609 nisi
1202 581 1319 616 fortasse
1341 581 1457 615 teipsum
1474 579 1623 614 decipiens,
1655 587 1751 613 exspe-

965 634 1023 658 ctas
1044 629 1092 656 tibi
1125 635 1233 663 quoque
1260 631 1386 662 paratum
1414 634 1524 661 regnum
1547 633 1619 658 esse,
1639 625 1752 660 perinde

965 680 1046 709 atque
1065 675 1108 706 iis,
1127 674 1173 709 qui
1200 673 1226 701 in
1250 677 1363 708 angusta
1375 677 1403 699 et
1414 676 1490 699 arcta
1504 672 1546 698 via
1567 670 1750 702 incesserunt,

963 725 991 748 et
1016 727 1150 756 pauperes
1176 723 1288 754 propter
1312 718 1396 746 Deum
1427 721 1593 752 propterque
1616 716 1751 751 justitiam

964 766 1052 794 εσσοιὶ
1068 770 1141 794 sunt.
1165 765 1214 792 His
1229 765 1330 800 quippe
1343 763 1469 791 omnibus
1497 768 1619 798 paratum
1639 769 1751 797 regnum

963 817 1015 843 est.
1032 820 1084 839 non
1111 811 1170 842 tibi,
1188 812 1234 846 qui
1255 811 1280 838 in
1299 811 1351 837 lata
1371 815 1402 838 et-
1427 809 1547 845 spatiosa
1568 809 1612 836 via
1636 807 1752 836 incedis.

965 868 975 885 ι
996 859 1096 887 Vallem
1112 858 1286 893 profundam,
1303 857 1374 891 ligna
1393 855 1523 891 jacenlia,
1539 856 1627 890 ignem
1639 859 1666 882 et
1679 854 1752 889 ligna

962 904 1059 932 multa.
1076 904 1163 932 Furor
1176 903 1282 930 Domini
1300 902 1456 930 sicutvallis
1468 901 1596 936 sulphure
1607 907 1750 928 accensa.)

118 937 467 986 c60t‘xmaxpt0qaopévtov
484 951 604 978 κόλασιν.
625 937 749 978 Τοσαῦτα
762 951 790 977 δὲ
805 951 849 978 διὰ
862 951 910 986 μέ-

961 951 1082 986 Sulphur
1109 954 1137 978 et
1165 949 1256 984 ignem
1284 947 1465 981 succendunt,
1496 947 1529 973 ad
1566 954 1672 979 eorum,
1704 946 1752 981 qui

120 1003 170 1021 σου
186 995 281 1026 είπὼν.
296 996 481 1031 ἀναλαμϐάνει
495 997 545 1032 τὴν
570 997 638 1032 πρὸς
648 997 711 1029 τοὺς
726 997 911 1032 καταφεύγοψ

118 1048 170 1073 τας
186 1042 226 1074 είς
237 1041 372 1077 Αἴγυπτον
389 1043 568 1078 προφητείαν.

377 1166 575 1193 ΚΕΦΑΛΑΙΟΝ
591 1166 653 1192 AA'.

158 1232 168 1249 ι
181 1222 250 1250 οὐαὶ
260 1223 284 1250 οἱ
296 1223 506 1254 καταϐαίνοντες
515 1222 555 1254 είς
567 1222 704 1256 Αἴγυπτον
715 1223 762 1250 ἐπὶ
773 1222 909 1259 βοήθειαν,

118 1270 144 1295 οἱ
158 1268 200 1304 ἐφ’
218 1269 311 1301 ἵπποις
325 1269 484 1301 πεποιθότες
499 1269 545 1295 καὶ
558 1269 601 1304 ἐφ’
615 1268 744 1304 ἅρμασιν.
764 1268 843 1294 Ἔστι
856 1268 909 1304 γὰρ

120 1314 215 1347 πολλὰ,
230 1315 277 1342 καὶ
291 1315 333 1349 ἐφ’
351 1315 444 1347 ἵπποις
461 1315 562 1351 πλῆθος
576 1315 687 1350 σφόδρα.
705 1315 760 1342 Καὶ
776 1314 826 1341 οὐκ
839 1312 910 1349 ἦσαν

119 1359 281 1392 πεποιθότες
296 1360 344 1387 ἐπὶ
361 1360 407 1388 τὸν
422 1359 519 1394 Ἀγιον
534 1359 582 1386 τοῦ
602 1359 721 1396 Ἰσραὴλ,
734 1360 781 1386 καὶ
794 1360 840 1386 τὸν
852 1360 910 1386 Κύ-

122 1416 179 1442 ριον
193 1408 243 1434 οὐκ
255 1407 400 1443 ἐζήτησαν.
415 1408 469 1435 Καὶ
483 1407 564 1439 αὐτὸς
579 1407 667 1442 σοφῶς
677 1404 745 1443 ἦγεν
755 1407 798 1434 ἐπ’
811 1407 910 1440 αὐτοὺς

121 1453 206 1486 κακὰ,
228 1453 274 1480 καὶ
292 1454 307 1480 ό
321 1453 398 1488 λόγος
416 1453 498 1480 αὐτοῦ
521 1453 552 1480 οὐ
575 1453 612 1489 μὴ
632 1453 762 1489 ἀθετηθῇ,
795 1453 842 1480 καὶ
861 1454 910 1480 ἑπ-

119 1500 300 1534 αναστήσεται
317 1499 360 1526 ἐπ’
376 1499 466 1531 οἴκους
479 1498 630 1534 ἀνθρώπων
652 1499 791 1535 πονηρῶν,
809 1499 855 1526 καὶ
864 1499 910 1525 ἐπὶ

120 1545 172 1580 τὴν
185 1545 278 1572 ἐλπίδα
291 1545 379 1573 αὐτῶν
394 1545 444 1581 τὴν
465 1545 592 1580 ματαίαν,
606 1545 752 1580 Αίγύπτιον
767 1545 910 1580 ἄνθρωπον

120 1591 169 1618 καὶ
184 1591 215 1617 οὐ
227 1591 301 1624 Θεὸν,
316 1591 407 1618 ῐππων
423 1591 526 1627 σάρκας
541 1592 587 1618 καὶ⁴
602 1591 653 1618 οὐκ
666 1590 724 1617 ἐστι
741 1590 860 1627 βοήθεια.
880 1592 909 1618 Ὀ
923 1611 944 1639 c

119 1637 148 1665 δὲ
169 1637 271 1673 Κύριος
286 1637 384 1671 ἐπάγει
404 1637 454 1672 τὴν
473 1638 551 1673 χεῖρα
572 1637 654 1664 αὐτοῦ
672 1637 716 1663 ἐπ’
731 1637 837 1669 αὐτοὺς,
860 1637 907 1664 καὶ

119 1682 296 1709 κοπιάσουσιν
325 1683 349 1708 oi
373 1681 547 1717 βοηθοῦντες,
574 1681 621 1708 καὶ
644 1681 701 1717 ἅμα
727 1682 828 1713 πάντες
855 1682 908 1709 ἀπ-

119 1728 244 1755 ολοῦνται
264 1727 394 1763 μαχαίρᾳ.
417 1737 426 1753 ι
443 1727 588 1763 Μέμφεται
608 1727 707 1758 αὐτοὺς
721 1728 735 1754 ό
755 1727 843 1762 λόγος,
855 1728 907 1760 ὅτι,

121 1774 159 1809 μὴ
172 1773 331 1805 πεποιθότες
346 1773 393 1800 ἐπὶ
405 1773 451 1800 τὸν
463 1774 558 1808 ’Ἂγιον
573 1773 619 1800 τοῦ
634 1772 751 1808 Ἰσραὴλ,
767 1774 807 1806 είς
825 1774 909 1808 Λίγυ-

119 1820 216 1850 πτίους
230 1819 391 1854 κατέφυγον·
403 1819 443 1846 διδ
457 1820 503 1847 καὶ
514 1819 714 1856 καταλήψεσθαι
727 1820 825 1852 αὐτοὺς
840 1819 858 1847 ἃ.
871 1819 908 1856 μὴ

120 1865 325 1901 προσεδόκησαν
338 1865 410 1893 κακὰ
422 1866 465 1892 ἐπ’
478 1866 562 1902 αὐτῆς
574 1866 624 1901 τῆς
638 1866 775 1901 Αἰγύπτου
791 1866 907 1893 ἀπειλεῖ.

121 1912 247 1939 Διδάσκει
258 1912 292 1938 δι’
304 1911 367 1946 ὅλης
380 1912 429 1947 τῆς
446 1912 630 1948 προκειμένης
653 1912 773 1948 ἱστορίας
791 1913 806 1939 ὁ
819 1912 908 1946 λόγος,

121 1956 150 1982 ὲν
162 1956 220 1987 τοῖς
234 1956 339 1991 καιροῖς
354 1955 408 1983 τῶν
421 1955 558 1992 διωγμῶν,
573 1956 600 1983 εί
611 1965 675 1983 ποτε
690 1958 808 1992 κρινεῑεν
818 1958 832 1983 ό
842 1957 909 1989 Θεὸς

119 2001 165 2027 τὸν
177 1999 241 2027 λαὸν
255 2001 348 2033 αὑτοῦ,
367 2001 384 2037 ἢ
404 2001 451 2027 καὶ
469 2002 519 2037 τὴν
538 2002 701 2037 Ἐκκλησίαν
713 2001 795 2029 αὑτοῦ
817 2011 908 2038 παρα-

119 2045 209 2072 δοῦναι
230 2048 285 2078 τοῖς
301 2047 351 2082 τὴν
373 2046 526 2074 θεοσέϐειαν
542 2048 693 2081 ἐλαύνωσι,
717 2048 754 2084 μὴ
773 2048 827 2075 δεῖν
843 2049 908 2076 ἀνα-

119 2093 218 2127 χωρεῖν
235 2092 285 2128 τῆς
302 2093 394 2120 ὲνθέου
413 2094 545 2126 πίστεως,
567 2094 634 2130 μηδὲ
648 2095 698 2130 τῆς
714 2094 760 2121 ἐπὶ
778 2089 825 2121 τὸν
841 2094 908 2121 Θεὸν

119 2137 310 2174 πεποιθήσεως
332 2139 515 2174 ἀφίστασθαι,
542 2141 609 2176 μηδὲ
636 2140 834 2175 ἀπογινώσκειν
859 2141 908 2173 τὰς

117 2184 215 2211 τούτου
229 2185 386 2220 διαλλαγὰς,
399 2187 467 2222 μηδὲ
479 2187 526 2214 ἐπὶ
538 2188 583 2214 τὸν
593 2187 776 2222 Αίγυπτιακὸν
788 2187 845 2223 βίον
859 2187 908 2214 αὑ-

117 2230 253 2265 τομολεῖν,
267 2231 338 2265 λέγω
350 2232 383 2267 δὴ
397 2232 442 2259 τὸν
453 2232 507 2260 τῶν
519 2233 727 2268 είδωλολατρῶν.
743 2233 838 2259 Πολλοὶ
852 2233 906 2270 γὰρ

960 997 1022 1024 istic
1040 995 1304 1026 condemnabuntur,
1332 994 1506 1029 supplicium.
1535 993 1584 1021 llis
1605 1001 1687 1028 porro
1703 993 1752 1020 ad-

960 1044 1051 1071 ductis
1070 1043 1098 1070 in
1126 1042 1255 1075 medium,
1286 1040 1459 1076 prophetiam
1483 1047 1566 1074 super
1590 1039 1636 1072 iis,
1653 1039 1698 1074 qui
1723 1039 1750 1066 in

959 1088 1108 1124 Algypmm
1121 1086 1326 1122 confugiebant,
1346 1085 1470 1113 resumit.

1241 1163 1356 1192 CAPUT
1372 1162 1470 1191 XXXI.

995 1221 1077 1249 Vens.
1086 1220 1143 1248 1-5.
1162 1219 1224 1248 «γε
1232 1219 1278 1254 qui
1288 1218 1456 1247 descendunt
1466 1218 1492 1245 in
1502 1217 1648 1252 Egyptnm
1658 1216 1691 1243 ad
1699 1224 1750 1243 au-

961 1267 1068 1299 lilium,
1080 1267 1125 1302 qui
1153 1265 1292 1294 conﬁdunt
1308 1265 1334 1293 in
1352 1264 1431 1300 equis
1446 1268 1473 1291 et
1489 1264 1515 1291 In
1529 1263 1664 1291 curribus.
1682 1262 1752 1289 Sunt

960 1313 1031 1340 enim
1041 1312 1130 1344 multi,
1139 1317 1166 1339 et
1178 1313 1204 1338 in
1216 1311 1294 1346 equis
1303 1309 1445 1337 multitudo
1456 1309 1567 1344 ingens..
1577 1308 1609 1335 Et
1621 1316 1672 1334 non
1682 1315 1751 1335 con-

960 1359 1001 1387 iisi
1010 1363 1073 1386 sunt
1080 1359 1106 1385 in
1114 1357 1215 1385 Sancto
1224 1356 1316 1390 Israel,
1326 1359 1353 1383 et
1361 1355 1503 1382 Dominum
1513 1363 1565 1381 non
1573 1354 1750 1388 quaesierunt.

960 1406 994 1433 Et
1008 1405 1065 1441 ipse
1075 1404 1213 1439 sapienter
1223 1403 1328 1430 induxit
1339 1409 1421 1437 super
1429 1409 1477 1429 eos
1498 1400 1580 1432 mala,
1597 1405 1625 1427 et
1639 1399 1751 1426 verbum

960 1453 1018 1487 ejus
1025 1459 1079 1479 non
1089 1450 1277 1482 lrustrabitur,
1290 1454 1317 1476 et
1328 1449 1452 1483 insurget
1469 1447 1495 1474 in
1508 1448 1602 1474 domos
1611 1446 1751 1473 hominum

960 1498 1103 1529 malorum.
1121 1502 1147 1525 et
1165 1498 1192 1524 in
1204 1504 1278 1532 spent
1289 1503 1382 1524 eorum
1396 1502 1504 1528 vanam,
1525 1494 1682 1529 Egyptium
1697 1493 1749 1521 ho-

961 1544 1060 1571 minem
1085 1547 1111 1570 CI
1126 1550 1178 1570 non
1208 1542 1304 1574 Deum,
1321 1549 1452 1577 equorum
1473 1548 1581 1574 carnes,
1595 1545 1623 1568 Cl
1642 1548 1695 1567 non
1710 1545 1752 1568 est

961 1589 1104 1616 auxilium.
1120 1588 1252 1616 Dominus
1269 1592 1361 1615 autem
1378 1587 1487 1615 inducet
1507 1594 1615 1614 manum
1633 1594 1709 1614 suam
1721 1587 1750 1614 in

961 1642 1018 1666 eos.
1033 1639 1062 1662 et
1078 1634 1294 1668 laborabuntqui
1308 1633 1485 1666 auxiliantur,
1512 1637 1539 1660 et
1561 1632 1641 1659 simul
1654 1640 1751 1660 omnes

961 1679 1086 1715 peribunt
1103 1678 1202 1715 gladio.
1217 1688 1226 1705 ι
1247 1677 1321 1713 Ipsos
1332 1678 1465 1712 coarguit,
1477 1676 1540 1712 quia
1553 1677 1655 1705 Sancto
1666 1676 1750 1706 lsrael

963 1733 1016 1752 non
1036 1724 1160 1758 ﬁdentes,
1180 1723 1213 1751 ad
1226 1723 1368 1759 Egyptios
1380 1723 1563 1757 confugerunt
1580 1731 1587 1751 :
1616 1723 1751 1758 quamob-

963 1771 1105 1807 remjipsos
1114 1771 1307 1805 inexspectatis
1320 1770 1398 1798 malis
1411 1770 1436 1796 in
1449 1769 1567 1805 Egypto
1583 1769 1752 1797 invadendos

961 1825 1021 1846 esse
1032 1817 1224 1845 comminatur.
1238 1817 1266 1844 In
1276 1821 1332 1844 tota
1345 1816 1429 1851 igitur
1438 1817 1564 1851 praesenti
1577 1817 1688 1844 historia
1701 1816 1749 1843 do-

959 1869 1023 1896 cet,
1038 1864 1062 1892 si
1077 1864 1185 1899 quando
1208 1862 1296 1891 visum
1315 1863 1370 1890 Deo
1387 1862 1481 1896 fuerit,
1507 1863 1634 1898 populum
1652 1870 1750 1895 suum,

958 1911 1016 1939 sive
1028 1910 1178 1938 Ecclesiam
1196 1916 1284 1942 suam,
1307 1908 1505 1943 persecutionis
1532 1913 1653 1943 tempore
1676 1908 1750 1942 piam

958 1955 1115 1991 religionem
1130 1955 1293 1983 vexantibus
1307 1955 1425 1989 tradere,
1444 1963 1459 1982 a
1483 1955 1573 1982 divina
1596 1954 1650 1981 ﬁde
1674 1961 1752 1981 rece-

961 2001 1079 2030 dendum
1092 2009 1146 2029 non
1155 2009 1228 2034 esse,
1243 2008 1330 2036 neque
1339 2001 1530 2029 abstinendum
1545 2009 1560 2027 a
1572 2000 1670 2028 ﬁducia
1686 2008 1751 2036 erga

961 2047 1057 2082 Deum,
1082 2055 1133 2076 nec
1154 2048 1188 2076 de
1215 2048 1273 2083 eius
1298 2048 1522 2076 reconciliatione
1539 2048 1751 2083 desperandum,

961 2103 1012 2123 nec
1027 2095 1218 2124 declinandum
1234 2096 1268 2123 ad
1287 2094 1477 2130 (Egyptiacam
1492 2094 1576 2121 vitam
1591 2113 1600 2127 ,
1624 2093 1752 2121 videlicet

959 2142 992 2168 ad
1005 2142 1208 2169 idololatrarum
1222 2142 1388 2170 institutum.
1401 2141 1476 2168 Multi
1489 2149 1606 2175 namque
1622 2141 1647 2168 in
1659 2140 1751 2176 hujus-

961 2189 1032 2216 modi
1045 2189 1213 2224 temporibus
1229 2196 1243 2215 a
1256 2189 1308 2223 piae
1325 2188 1464 2223 religionis
1477 2188 1600 2215 doctrina
1609 2187 1751 2214 disceden-

962 2239 1011 2268 tes,
1023 2242 1098 2270 spem
1113 2243 1188 2264 suam
1206 2235 1232 2262 in
1250 2235 1453 2263 idololatrarum
1463 2233 1564 2261 auxilio
1581 2233 1748 2260 locaverunt.

118 2276 149 2304 ἐν
161 2280 219 2310 τοῖς
231 2279 361 2312 τοιούτοις
374 2282 490 2315 καιροῖς,
507 2281 710 2317 ἀποστήσαντες
743 2281 790 2308 τοῦ
822 2282 871 2318 τῆς
905 2281 1061 2315 θεοσεϐείας
1080 2284 1171 2318 λόγου,
1189 2283 1239 2315 τὰς
1260 2282 1370 2314 ἐλπίδας
1392 2282 1549 2318 ἀνήρτησαν
1570 2279 1674 2306 ἑαυτῶν
1701 2278 1750 2314 τῆς

117 2325 174 2353 τῶν
191 2325 391 2362 είδωλολατρῶν
408 2327 542 2363 βοηθείας.

157 2395 167 2411 ι
191 2385 252 2411 Ὅτι
270 2385 356 2417 οὕτως
371 2383 430 2412 εἷπέ
452 2394 497 2422 μοι
518 2385 634 2422 Κύριος·
655 2387 703 2413 Ὃν
722 2387 821 2422 τρόπον
844 2387 907 2414 ὅταν

995 2385 1079 2415 Vsus.
1096 2384 1159 2412 4-7.
1178 2394 1188 2411 ‹
1206 2384 1338 2418 Quoniam
1362 2384 1403 2412 sic
1428 2383 1496 2410 dixit
1517 2381 1582 2409 mihi
1599 2381 1748 2408 Dominus:

119 2430 204 2466 βοήσῃ
221 2431 236 2457 δ
256 2430 334 2462 λέων,
353 2430 369 2466 ἢ
388 2431 402 2457 ὁ
425 2430 543 2466 σκύμνος
565 2431 611 2458 ἐπὶ
627 2433 660 2468 τῇ
686 2431 757 2468 θήρᾳ
813 2431 903 2463 ἔλαὸε,

117 2477 166 2504 καὶ
177 2476 299 2512 κεκράξῃ
313 2476 355 2503 ἐπ’
369 2476 453 2512 αὐτὴν
469 2476 521 2509 ἕως
540 2477 573 2504 ἂν
591 2477 734 2513 ἐμπλησθῇ
750 2477 784 2504 τὰ
794 2477 845 2513 ὅρη
857 2477 905 2512 τῆς

118 2523 212 2558 φωνῆς
224 2522 318 2555 αὑτοῦ,
333 2523 380 2548 καὶ
393 2522 559 2558 ἡττήθησαν,
572 2523 619 2549 καὶ
632 2523 663 2549 τὸ
679 2522 781 2558 πλῆθος
796 2523 843 2550 τοῦ
861 2523 907 2549 θυ-

118 2569 170 2605 μοῦ
185 2568 370 2604 ὲπτοήθησανσ
384 2568 469 2600 οὕτως
483 2569 666 2604 καταϐήσεται
679 2569 780 2605 Κύριος
793 2568 905 2596 Σαϐαὼθ

118 2614 331 2650 ἐπιστρατεῦσαι
350 2614 396 2640 ἐπὶ
414 2614 444 2641 τὸ
463 2614 525 2650 ὅρος
546 2615 625 2648 Σιὼν,
648 2616 695 2642 ἐπὶ
708 2615 742 2642 τὰ
757 2616 807 2652 ὅρη
822 2616 907 2651 αὐτῆς

118 2663 156 2694 ὡς
170 2662 251 2698 δρνεα
267 2662 402 2697 πετόμενα
413 2670 419 2677 ·
439 2661 525 2694 οὕτως
547 2663 712 2698 ὑπερασπιεῐ
730 2661 842 2698 Κύριος,
861 2664 907 2690 καὶ

118 2709 260 2743 ὲξελεῖται,
278 2710 326 2736 καὶ
344 2710 558 2745 περιποιήσεται,
582 2711 628 2736 καὶ
648 2710 740 2737 σώσει.
762 2711 908 2747 Ἐπιστρά-

119 2763 188 2790 φητε
198 2755 223 2781 οἱ
238 2755 287 2791 τὴν
302 2754 412 2790 βαθεῖαν
427 2754 523 2790 βουλὴν
536 2755 722 2791 βουλευόμενοι
737 2756 783 2783 καὶ
797 2756 906 2792 ἄνομον,

120 2802 173 2827 υἱοὶ⁸
200 2801 324 2837 Ἰσραήλ·
343 2801 384 2827 ὅτι
400 2803 432 2837 τῇ
451 2801 542 2838 ἡμέρᾳ
555 2801 645 2837 ἐκείνῃ
671 2801 907 2838 ἀπαρνηθήσονται

120 2847 144 2873 οἱ
163 2847 301 2883 ἄνθρωποι
317 2846 352 2873 τὰ
366 2847 543 2883 χειροποίητα
563 2848 662 2879 αὐτῶν,
680 2848 714 2875 τὰ
738 2849 845 2885 ἀργυρᾶ
859 2850 905 2876 καὶ

120 2892 151 2921 τὰ
166 2893 265 2930 χρυσᾶ,
288 2891 305 2921 ἅ
327 2892 457 2930 ἐποίησαν
481 2894 507 2920 αξ
531 2894 620 2931 χεῖρες
644 2894 741 2923 αὐτῶν,
764 2905 773 2922 ι
797 2895 904 2930 Ἔξεστι

960 2431 1195 2466 Quemadmodum
1209 2439 1271 2459 cum
1291 2430 1420 2459 clamabit
1441 2429 1495 2462 leo,
1516 2427 1687 2462 autcatulns,
1701 2435 1749 2455 su-

959 2485 1007 2513 per
1023 2478 1112 2512 praeda
1135 2485 1216 2513 qttam
1243 2477 1325 2512 cepit,
1341 2481 1369 2504 ct
1390 2475 1583 2503 vociferabitur
1598 2482 1681 2508 super
1704 2481 1748 2506 ea,

960 2525 1047 2552 donec
1072 2524 1236 2559 impleantur
1248 2529 1354 2551 montes
1370 2529 1437 2549 voee
1452 2521 1522 2556 ejus,
1538 2526 1565 2548 et
1582 2521 1645 2548 victi
1669 2525 1747 2552 sunt,

960 2577 988 2599 et
1005 2571 1204 2599 vehementiam
1218 2571 1321 2598 furoris
1337 2570 1398 2606 ejus
1409 2576 1561 2605 expavere;
1580 2569 1618 2596 sic
1635 2569 1748 2595 descen—

960 2617 1006 2644 det
1017 2617 1146 2645 Dominus
1160 2617 1292 2649 Sabaoth,
1311 2621 1340 2643 ut
1355 2615 1493 2651 praelietur
1509 2615 1534 2642 in
1552 2619 1642 2641 monte
1659 2614 1724 2642 Sion
1740 2634 1749 2648 ,

960 2671 1040 2699 supra
1053 2668 1158 2692 montes
1172 2663 1240 2697 ejus,
1267 2663 1340 2690 sicut
1364 2669 1429 2689 aves
1444 2661 1582 2692 volantes;
1598 2661 1638 2688 sic
1658 2666 1749 2696 prote-

961 2714 1004 2743 get
1020 2708 1160 2742 Dominus,
1172 2713 1198 2736 et
1209 2708 1318 2744 eripiet,
1335 2714 1362 2736 et
1375 2707 1485 2739 fovebit,
1499 2712 1526 2734 et
1540 2707 1668 2736 servabit.
1681 2707 1751 2735 Com

961 2756 1111 2788 vertimini,
1125 2756 1171 2791 qui
1186 2755 1349 2790 profundum
1364 2754 1505 2782 consilium
1517 2755 1640 2782 inicratis
1651 2759 1679 2782 ct
1694 2755 1747 2782 ini-

961 2810 1055 2838 quum,
1070 2802 1118 2829 lilii
1132 2801 1216 2830 lsrael
1230 2810 1236 2828 :
1253 2802 1315 2836 quia
1333 2801 1360 2828 in
1378 2801 1422 2828 die
1440 2800 1485 2828 illa
1511 2799 1683 2836 abnegabuut
1698 2800 1748 2827 ho-

960 2849 1046 2876 mines
1062 2848 1132 2876 idola
1147 2856 1195 2876 sua
1219 2851 1348 2882 argentea
1363 2851 1390 2873 et
1420 2853 1514 2878 aurea,
1540 2853 1601 2881 qua:
1626 2845 1748 2873 fecerunt

960 2903 1057 2923 manus
1074 2902 1178 2923 corum.
1193 2904 1202 2921 ι
1230 2894 1308 2923 Licet
1334 2893 1406 2921 enim
1435 2893 1501 2929 ipsis
1527 2894 1608 2921 ctiam
1626 2900 1706 2926 nunc.
1723 2891 1747 2921 si
