2044 3215
280 195 333 222 519

617 193 750 222 EUSEBII
769 192 1008 221 CASSARIENSIS
1026 191 1100 220 OPP.
1123 193 1212 221 PARS
1230 194 1275 223 Ill.
1295 210 1331 215 —
1348 194 1553 224 EXEGETICA.

1853 196 1907 223 520

279 241 442 273 berabat,ut
456 241 631 268 sermonibus
646 240 703 268 suis
717 239 857 267 humilium
883 238 989 267 animas
1005 247 1060 274 per-

1117 239 1220 271 λεύετο,
1236 241 1276 272 είς
1292 240 1323 267 τδ
1336 241 1516 276 καταφθεῖραι
1537 241 1594 272 τοῖς
1610 240 1713 268 ἑαυτῶν
1730 241 1819 276 λόγοις
1841 243 1907 274 τοὺς

279 288 368 314 deret.

314 332 396 360 Vens.
411 333 438 360 8.
454 342 463 358 ε
477 332 516 360 Pii
532 336 621 359 autem
630 332 771 367 prudentia
784 331 898 360 consilia
910 332 1063 360 iniverunt:

277 385 305 407 et
321 379 373 406 hoc
385 379 528 406 consilium
540 378 669 406 manebit.
683 387 692 404 υ
706 378 788 412 Queis
801 377 989 413 signiﬁcantur
1001 385 1066 412 apo-

278 424 342 451 stoli
357 424 514 452 Servatoris
535 424 633 456 nostri,
651 424 678 451 in
700 423 837 459 principio
864 424 960 451 salutis
986 425 1019 452 ab
1037 431 1066 452 se

278 471 362 503 datae,
381 478 442 506 qua
465 474 495 497 ut
520 471 604 505 probe
627 471 808 506 dirigeretur,
831 478 879 498 rex
900 471 991 506 justus
1017 471 1065 498 da-

279 523 321 545 lllS
335 521 387 544 εει.

316 563 396 591 Vsus.
411 564 437 592 9.
457 573 467 589 ι
487 563 613 591 Mulieres
629 564 740 596 divites,
757 563 905 598 surgite,et
920 562 1011 590 audite
1020 570 1065 590 vo-

277 619 336 639 cem
362 618 449 638 meam
463 619 469 638 :
488 611 561 643 ﬁliae,
578 611 603 637 in
620 619 666 645 spe
681 611 773 638 audite
796 617 935 638 sermones
950 617 1033 637 meos.
1052 620 1062 637 ι

276 657 355 684 Nunc
382 658 521 692 proponit,
550 657 582 684 ad
612 657 759 692 lacrymas,
788 657 879 684 ﬂetum
907 661 936 684 et
965 656 1064 684 luctum

275 711 424 738 provocare
448 711 514 735 eos,
537 705 608 738 quod
635 711 668 731 ex
691 711 740 730 sua
769 711 833 739 erga
862 702 946 731 Deum
975 703 1065 730 incre-

276 751 393 778 dulitate
417 758 432 776 a
454 750 501 777 Dei
526 751 612 785 gratia
640 750 792 777 exciderint
819 757 827 776 :
850 756 944 776 eorum
974 753 1064 776 autem

276 796 414 824 emollitos
428 801 456 824 et
470 796 640 823 eﬂeminatos
653 797 760 823 animos
783 795 951 830 vituperans.
968 795 1064 822 mulie-

275 851 321 870 res
338 847 485 877 nuncupat.
502 843 588 869 Aiunt
602 850 684 876 porro
711 842 763 869 hac
780 842 921 877 prophetia
947 849 1064 876 synago-

276 897 326 923 gas
351 889 470 924 ipsorum
495 889 619 916 indicari.
636 888 766 916 Hortatur
782 889 873 923 itaque
898 887 969 920 illos,
986 893 1064 915 utne

1117 285 1165 317 τὰς
1180 286 1268 321 ψυχὰς
1281 287 1434 319 ταπεινούς.

1153 340 1162 356 ι
1182 331 1214 357 Οἱ
1232 331 1261 357 δὲ
1280 331 1402 363 εὐσεϐεῖς
1422 331 1521 359 συνετὰ
1538 331 1748 359 ἐϐουλεύσαντοο
1769 332 1815 359 καὶ
1833 332 1904 368 αὕτη

1116 377 1133 412 ὴ
1150 376 1231 413 βουλὴ
1244 379 1328 412 μενεῖ.
1348 387 1357 404 ›
1371 379 1410 405 Δι’
1423 375 1460 405 ὧν
1473 379 1649 415 σημαίνονται
1661 380 1686 405 oi.
1702 378 1844 406 ἀπόστολοι
1857 380 1904 406 τοῦ

1116 423 1242 458 Σωτῆρος
1260 423 1339 459 ἡμῶν
1355 425 1395 456 είς
1409 424 1459 459 τὴν
1476 425 1563 460 ἀρχὴν
1582 425 1631 460 τῆς
1656 425 1793 461 σωτηρίας
1807 426 1903 457 αὐτοῦ,

1115 468 1163 494 καὶ
1176 468 1216 495 τὸ¹
1228 469 1353 504 ἡγεῖσθαι
1371 470 1466 505 αὐτῆς,
1486 470 1588 502 δίκαιος
1601 469 1748 506 δεδώρηται
1765 470 1903 506 βασιλεύς.

1114 573 1117 577 ·
1153 570 1163 586 ‹
1179 561 1310 593 Γυναῖκες
1327 561 1462 594 πλούσιαι,
1479 561 1622 598 ἀνάστητε,
1640 562 1687 590 καὶ
1706 562 1839 589 ἀκούσατε
1853 561 1905 596 τῆς

1116 608 1208 643 φωνῆς
1223 617 1273 644 μου
1283 617 1290 624 ·
1306 608 1463 645 θυγατέρες,
1479 609 1522 637 ἐπ’
1538 610 1624 636 ἐλπίδι
1639 610 1771 637 ἀκούσατε
1783 610 1846 641 τοὺς
1860 609 1906 636 λό-

1115 662 1180 688 γους
1195 663 1255 690 μου.
1277 665 1286 681 ι
1306 654 1354 682 Διὰ
1371 656 1424 682 τῶν
1441 655 1630 692 προκειμένων
1647 657 1802 691 προσφωνεῖ
1814 664 1906 690 παρα-

1113 701 1290 737 κελευόμενος
1312 701 1507 729 ἀποκλαίεσθαι
1533 702 1580 729 καὶ⁹
1602 701 1750 728 κόπτεσθαι
1771 702 1818 728 καὶ
1837 701 1906 737 θρη-

1114 749 1180 779 νεῖν,
1199 747 1237 779 ὠς
1251 747 1284 774 ἂν
1301 748 1442 774 ἐκπέσοιεν
1453 748 1503 783 τῆς
1517 747 1563 774 τοῦ
1575 747 1642 774 Θεοῦ
1663 747 1773 784 χάριτος
1792 747 1838 774 διὰ
1853 747 1904 783 τὴν

1115 794 1155 824 εἱς
1168 793 1213 820 τὸν
1225 793 1292 820 Θεὸν
1304 794 1432 820 ἀπιστίαν
1446 793 1535 820 αὐτῶν
1544 802 1551 808 ·
1568 793 1716 820 διαϐάλλων
1733 794 1761 820 δὲ
1778 793 1808 820 τὸ
1821 794 1905 820 ἄναν-

1113 837 1175 874 δρον
1188 839 1237 874 τῆς
1250 838 1339 874 ψυχῆς
1358 839 1448 866 αὐτῶν
1461 839 1508 866 καὶ
1523 840 1553 866 τὸ
1565 838 1756 874 τεθηλυμένον,
1771 840 1905 873 γυναῖκας

1114 885 1213 916 αὐτοὺς
1226 884 1368 912 ἀποκαλεῖ.
1385 885 1453 912 Φασὶ
1467 885 1495 912 δὲ
1510 885 1560 917 τὰς
1575 885 1736 920 συναγωγὰς
1749 884 1839 912 αὐτῶν
1853 885 1904 920 δη-

277 917 375 970 supine
391 941 418 963 et
436 935 621 970 perfunctorie
644 935 723 962 dictis
740 935 899 966 attendant;
916 934 962 961 sed
975 934 1060 969 pervi-

1113 930 1225 957 λοῦσθαι
1238 931 1280 958 διὰ
1295 931 1346 966 τῆς
1357 931 1576 966 φασκούσης(59)
1591 917 1767 967 προέοητείας.
1778 917 1906 966 Παρακε-

276 981 325 1015 gili
339 986 366 1008 et
377 981 526 1015 composito
542 981 641 1008 animo.
658 980 786 1008 Fortasse
799 981 914 1013 dixeris,
925 987 972 1015 per
989 981 1062 1015 prio-

275 1035 319 1055 res
333 1027 392 1055 illas
400 1027 527 1055 mulieres
540 1027 686 1061 signiﬁcari
701 1027 807 1061 priscos
822 1027 882 1054 illos
904 1027 1058 1054 Judtrorum

277 1079 439 1106 conventus,
455 1081 486 1101 ac
506 1074 707 1101 multitudinem
731 1074 767 1101 ibi
780 1078 989 1108 congregatam;
1015 1080 1063 1108 per

275 1121 344 1149 ﬁlias
357 1129 432 1154 vero,
450 1122 645 1156 posterioribus
662 1121 827 1155 temporibus
841 1120 1004 1153 nascituras,
1015 1127 1062 1147 eo-

274 1174 334 1195 rum
348 1175 509 1203 synagogas.

310 1303 393 1330 V'sns.
409 1302 454 1330 10.
472 1312 481 1328 ι
504 1302 560 1330 Diei
577 1302 639 1329 anni
656 1301 814 1329 memoriam
830 1301 911 1328 facile
923 1300 949 1327 in
966 1300 1061 1327 dolore

274 1355 336 1375 cum
352 1355 399 1383 spe
413 1357 420 1374 :
438 1353 599 1382 consumpta
612 1353 653 1375 est
664 1347 812 1379 vindemia,
825 1347 940 1375 cessavit
955 1354 1060 1378 semen.

274 1399 366 1420 etnon
381 1393 497 1428 amplius
520 1393 624 1422 veniet.
645 1402 655 1420 ι
678 1393 785 1421 Annum
807 1400 890 1427 porro
907 1399 985 1421 vocat
999 1400 1062 1427 pro-

275 1437 398 1471 pheticus
413 1445 514 1469 sermo,
532 1442 638 1472 tempus
653 1437 853 1472 praedicationis
878 1438 1038 1473 evangelicae
1050 1457 1059 1470 ,

274 1490 327 1516 quo
342 1481 466 1509 Salvator
479 1486 508 1509 et
533 1481 663 1508 Dominus
686 1486 789 1513 noster,
816 1488 876 1508 cum
905 1480 1060 1509 hominibus

273 1534 386 1554 versans
398 1532 424 1554 et
433 1526 533 1555 docens
541 1527 707 1561 praedicavit.
719 1527 747 1554 1d
758 1534 821 1556 vero
834 1527 953 1554 declarat
963 1527 1061 1555 deinde

273 1579 335 1600 cum
352 1580 384 1600 ex
399 1580 515 1607 persona
530 1573 576 1600 Dei
595 1574 634 1600 sic
647 1573 766 1607 loquitur
780 1581 787 1600 :
803 1581 812 1598 ι
826 1572 942 1608 Spiritus
953 1571 1058 1600 Domini
1072 1585 1093 1614 ρ

273 1625 355 1653 super
372 1626 424 1651 me,
439 1626 471 1645 eo
489 1619 560 1653 quod
585 1619 694 1646 unxerit
710 1626 762 1651 me,
786 1618 977 1654 evangelizare
992 1626 1059 1653 pau-

273 1665 384 1699 per'mus
404 1665 477 1691 misit
488 1672 547 1696 me;
566 1665 713 1699 praedicare
728 1665 844 1700 captivis
858 1664 1059 1697 dimissionem,

273 1714 301 1737 et
317 1709 396 1737 caacis
415 1710 487 1737 visus
516 1709 735 1744 restitutionem,
763 1718 861 1739 vocare
885 1719 986 1738 annum
1007 1710 1059 1738 Do-

273 1756 339 1783 mini
357 1756 551 1791 acceptabilem
572 1757 604 1784 ".
624 1766 633 1783 ι

308 1802 392 1830 Vens.
410 1802 454 1829 11.
476 1811 486 1828 ι
515 1802 720 1838 Οὶιειυρεεοῑιο,
747 1803 943 1830 contristemini
976 1804 1059 1831 conﬁ-

272 1847 377 1880 dentes,
404 1848 495 1875 exuite
520 1856 578 1881 vos,
600 1849 680 1875 nuda:
693 1852 799 1876 estote:
824 1849 957 1883 accingite
974 1850 1058 1877 saccis

271 1893 377 1921 lumbos
393 1898 508 1921 vestros.
529 1903 538 1919 ι
552 1893 610 1927 Illa,
625 1894 723 1929 inquit,
739 1902 799 1929 qua
810 1895 957 1922 secundum
975 1895 1056 1922 Deum

271 1942 323 1970 est,
342 1939 451 1966 tristitia
463 1946 510 1966 vos
524 1945 698 1975 compungal,
713 1943 740 1966 et
767 1947 782 1966 a
801 1940 914 1974 pristina
932 1941 1058 1968 incredu-

272 1983 349 2011 litate
363 1983 503 2016 discedite,
529 1984 751 2018 pmnitentiteque
777 1992 825 2012 vos
848 1985 919 2013 date.
935 1985 1002 2013 Nam
1026 1995 1057 2014 ea

271 2037 333 2064 quae
349 2029 496 2056 secundum
518 2029 603 2056 Deum
618 2034 660 2056 est
682 2029 803 2062 tristitia,
819 2031 1006 2064 paenitentiam
1024 2033 1057 2060 ad

271 2076 388 2103 salutem
405 2075 468 2102 nulli
483 2075 647 2109 poenitentiae
661 2075 818 2110 obnoxiam,
834 2081 973 2111 operatur.

306 2121 390 2148 Vsus.
410 2121 455 2153 12,
474 2121 517 2148 15.
534 2130 543 2147 ι
558 2121 592 2147 Ει
606 2129 688 2156 super
708 2129 840 2149 mammas
868 2123 973 2151 tundite
987 2130 1035 2151 vos
1048 2144 1055 2156 .

271 2168 383 2202 propter
393 2174 487 2202 agrum
504 2165 642 2199 desiderii,
652 2171 679 2194 et
689 2167 794 2195 vineam
807 2169 954 2202 germinis:
983 2173 1055 2197 terra

271 2212 362 2247 populi
372 2212 435 2244 mei,
447 2213 524 2247 spina
537 2217 564 2240 et
578 2213 666 2240 fenum
675 2212 804 2247 proferet,
815 2219 843 2241 et
853 2221 887 2241 ex
895 2215 967 2242 omni
977 2214 1057 2242 domo

1113 977 1220 1004 λεύεται
1234 977 1323 1004 τοίνυν
1339 978 1353 1004 ό
1366 977 1445 1012 λόγος
1457 978 1548 1010 αὐτοῖς
1565 978 1601 1013 μὴ
1624 977 1737 1009 ὑπτίως,
1755 977 1821 1012 μηδὲ
1832 985 1905 1012 παρ-

1113 1023 1202 1059 έργως
1232 1023 1376 1059 προσέχειν
1405 1025 1461 1055 τοῖς
1486 1024 1661 1059 λεγομένοις,
1684 1022 1905 1058 διεγηγερμένως

1111 1070 1140 1095 δὲ
1155 1070 1202 1096 καὶ
1216 1069 1450 1105 συντεταγμένως.
1465 1070 1559 1102 Εἷποις
1574 1069 1597 1096 δ’
1612 1069 1645 1096 ἂν
1663 1069 1714 1101 τὰς
1730 1069 1778 1104 μὲν
1790 1068 1904 1104 πρώτας

1111 1116 1244 1149 γυναῖκας
1268 1115 1411 1151 σημαίνειν
1433 1115 1483 1148 τὰς
1504 1116 1550 1142 ἐπὶ
1575 1116 1629 1142 τῶν
1651 1116 1773 1143 παλαιῶν
1797 1115 1904 1151 χρόνων

1113 1160 1190 1196 παρὰ
1214 1160 1350 1193 Ἰουδαίοις
1373 1161 1516 1193 συνόδους,
1531 1162 1578 1188 καὶ
1593 1160 1627 1188 τὰ
1648 1161 1736 1196 πλήθη
1757 1161 1791 1188 τὰ
1809 1162 1837 1188 ὲν
1853 1161 1904 1187 αὑ-

1111 1208 1167 1238 τοῖς
1184 1207 1371 1242 συναγόμενα·
1386 1207 1435 1239 τὰς
1454 1207 1483 1234 δὲ
1499 1207 1650 1244 θυγατέρας
1667 1207 1695 1234 ὲν
1707 1209 1763 1239 τοῖς
1777 1207 1902 1243 ὑστέροις

1111 1253 1218 1288 χρόνοις
1232 1253 1466 1288 ὑποστησομένας,
1487 1253 1536 1285 τὰς
1551 1253 1640 1280 αὐτῶν
1657 1253 1827 1288 συναγωγάς.

1150 1308 1160 1325 r
1190 1299 1312 1334 Ἡμέρας
1331 1297 1454 1325 ἐνιαυτοῦ
1479 1299 1572 1334 μνείαν
1594 1299 1741 1335 ποιήσασθε
1763 1300 1792 1326 ὲν
1818 1299 1900 1335 ὀδύνῃ

1113 1345 1171 1379 μετ’
1196 1345 1320 1376 ὲλπίδος·
1344 1345 1480 1381 ἀνήλωται
1507 1346 1521 1372 ό
1545 1345 1694 1382 τρύγητος,
1719 1345 1857 1372 πέπαυται
1887 1346 1901 1372 ό

1112 1389 1223 1425 σπόρος,
1243 1390 1290 1416 καὶ
1311 1389 1403 1416 οὐκέτι
1418 1390 1455 1426 μὴ
1469 1390 1542 1426 ἔλθῃ.
1560 1401 1569 1416 ι
1593 1390 1730 1417 Ἐνιαυτὺν
1746 1390 1774 1417 δὲ
1789 1390 1866 1417 καλεῖ
1884 1391 1900 1417 ὁ

1111 1436 1279 1471 προφητικδς
1299 1435 1378 1470 λόγος
1399 1435 1444 1462 τὸν
1463 1436 1558 1472 χρόνον
1583 1436 1629 1463 τοῦ
1652 1437 1826 1472 κηρύγματος
1851 1435 1901 1464 τοῦ

1111 1480 1300 1515 εὖαγγελικοῦ,
1314 1482 1375 1508 καθ’
1391 1481 1420 1507 ὃν
1435 1482 1449 1508 ὁ
1460 1481 1554 1517 Σωτὴρ
1567 1483 1615 1509 καὶ
1626 1481 1728 1518 Κύριος
1744 1482 1822 1517 ἡμῶν
1839 1491 1899 1509 συν-

1110 1525 1148 1553 ὼν
1166 1526 1321 1562 ἀνθρώποις
1340 1527 1456 1563 ἐκήρυξε
1477 1527 1617 1555 διδάσκων.
1643 1529 1699 1554 Καὶ
1722 1528 1802 1555 τοῦτο
1822 1528 1900 1563 δηλοῖ

1110 1571 1165 1599 ἀπὸ
1192 1572 1239 1599 τοῦ
1257 1572 1320 1608 ἑξῆς
1348 1573 1381 1600 ὲκ
1410 1572 1554 1609 προσώπου
1587 1574 1634 1600 τοῦ
1661 1573 1728 1600 Θεοῦ
1757 1574 1898 1608 λέγεσθαι·

1112 1627 1122 1644 ι
1144 1618 1257 1654 Πνεῦμα
1276 1618 1379 1655 Κυρίου
1399 1620 1448 1657 ¹ἐπ’
1476 1619 1525 1655 ἐμὲ
1539 1639 1547 1651 ,
1571 1616 1602 1646 οὗ
1622 1621 1725 1647 εἵνεκεν
1745 1620 1837 1657 ἑχρισέ
1853 1630 1899 1656 με,

1108 1663 1336 1698 εὐαγγελίσασθαι
1367 1664 1483 1700 πτωχοῖς
1510 1664 1664 1692 ἀπέσταλκε
1700 1674 1751 1700 με,
1778 1665 1898 1701 κηρύξαι

1108 1708 1292 1744 αἰχμαλώτοις
1308 1710 1405 1744 ἄφεσιν
1417 1729 1424 1741 ,
1443 1709 1490 1736 καὶ
1504 1709 1613 1744 τυφλοῖς
1635 1710 1792 1746 ἀνάϐλεψιν,
1816 1711 1900 1738 καλέ-

1109 1762 1154 1781 σαι
1171 1755 1295 1781 ὲνιαυτδν
1312 1755 1414 1791 Κυρίου
1431 1755 1532 1782 δεκτόν.
1553 1765 1563 1782 ι

1146 1809 1156 1826 ι
1174 1800 1327 1835 Ἔκστητε,
1350 1800 1489 1835 λυπήθητε
1509 1801 1538 1838 ai
1556 1801 1721 1833 πεποιθυῖαι,
1737 1802 1899 1835 ὲκδύσασθε,

1108 1846 1212 1880 γυμναὶ
1229 1845 1355 1880 γένεσθε·
1379 1846 1567 1882 περιζώσασθε
1590 1847 1708 1879 σάκκους
1727 1848 1776 1879 τὰς
1793 1849 1900 1882 ὀσφύας

1109 1892 1196 1927 ὑμῶν.
1222 1901 1232 1918 ι
1256 1891 1393 1927 Ἂψάσθω,
1408 1893 1498 1927 φησὶν,
1514 1893 1591 1928 ὑμῶν
1609 1894 1625 1929 ἡ
1642 1893 1712 1920 κατά
1728 1890 1794 1921 Θεὸν
1813 1895 1898 1931 λύπη,

1107 1938 1214 1974 καὶτῆς
1228 1938 1364 1974 προτέρας
1376 1939 1505 1970 ἀπιστίας
1519 1939 1632 1974 ἐκστητε
1646 1940 1783 1967 ἐπιδοῦναι
1797 1941 1896 1973 ἑαυτὰς

1107 1985 1148 2016 είς
1160 1984 1314 2020 μετάνοιαν.
1334 1985 1367 2012 Ἦ
1383 1984 1437 2021 γὰρ
1450 1985 1520 2012 κατὰ
1533 1985 1599 2013 Θεὸν
1613 1986 1684 2022 λύπη
1702 1987 1846 2022 μετάνοιαν
1858 1989 1899 2020 είς

1109 2031 1246 2067 σωτηρίαν
1260 2031 1466 2067 ἀμεταμέλητον
1479 2032 1685 2068 κατεργάζεται.

1145 2131 1154 2148 ι
1173 2122 1228 2149 Καὶ
1243 2123 1289 2150 ὲπὶ
1303 2122 1357 2150 τῶν
1371 2123 1480 2158 μαστῶν
1501 2111 1644 2156 κόπτεσθε,
1659 2126 1723 2161 περὶ
1737 2125 1823 2162 ἀγροῦ
1837 2127 1899 2152 ἐπι-

1108 2167 1278 2204 θυμήματος,
1294 2170 1341 2196 καὶ
1354 2169 1476 2205 ἀμπέλου
1491 2171 1670 2206 γεννήματος.
1691 2172 1722 2198 Ἦ
1730 2172 1764 2207 γῆ
1776 2172 1822 2199 τοῦ
1831 2172 1898 2199 λαοῦ

1109 2222 1170 2249 μου,
1185 2214 1291 2242 ἄκανθα
1312 2215 1360 2242 καὶ
1383 2217 1480 2252 χόρτος
1499 2217 1675 2253 ἀναϐήσεται,
1695 2218 1741 2245 καὶ
1760 2219 1791 2244 ἐκ
1807 2218 1898 2253 πάσης

270 2257 364 2285 Ιεπιίιὶιι
382 2257 530 2285 auferetur.
552 2267 561 2283 ι
580 2258 608 2285 Id
626 2265 690 2285 vero
702 2259 827 2292 superius
842 2259 999 2287 declarabat
1015 2261 1057 2289 bis

1110 2259 1196 2290 οἰκίας
1212 2259 1364 2296 εὐφροσύνη
1383 2261 1543 2297 ἀρθήσεται.
1563 2271 1572 2287 ›
1595 2262 1680 2289 Τοῦτο
1697 2262 1725 2288 δὲ
1745 2262 1837 2298 ἐδήλου
1853 2262 1898 2289 διὰ

270 2304 371 2336 verbis,
388 2313 397 2330 ε
416 2304 449 2331 Ει
465 2305 616 2338 exspectavi
635 2308 663 2331 ut
677 2304 779 2332 faceret
803 2313 894 2338 uvam,
906 2306 981 2333 iecit
1005 2315 1055 2333 au-

271 2353 324 2376 tem
339 2349 442 2382 spinas,
461 2358 470 2375 I
485 2356 553 2383 quas
565 2349 657 2383 spinas
673 2356 732 2376 mox
749 2350 890 2384 explicans
904 2351 962 2378 ait:
977 2360 986 2377 ‹
1000 2351 1054 2379 Ex-

270 2394 390 2428 spectavi
404 2399 434 2421 ut
452 2394 554 2422 faceret
571 2394 715 2430 judicium,
731 2394 796 2422 fecit
820 2400 910 2423 autem
926 2396 1055 2431 iniquita—

272 2445 345 2473 tem;
360 2445 450 2468 etnon
464 2440 610 2475 justitiam,
624 2441 670 2468 sed
692 2441 849 2469 clamorem.
870 2452 879 2468 ι
896 2442 934 2470 De
950 2443 992 2471 his
1008 2443 1056 2471 ita-

270 2494 323 2521 que
338 2486 473 2520 planctum
494 2488 575 2515 ederc
585 2488 710 2520 iubebat,
727 2488 845 2516 maxime
858 2489 892 2516 ob
906 2489 1055 2519 intentatas

269 2532 369 2560 minas.

305 2578 387 2607 Vens.
404 2578 446 2606 M.
468 2588 477 2605 ι
489 2579 562 2608 Urbs
582 2580 718 2614 opulenta,
734 2579 831 2608 domus
849 2581 998 2615 derelictzc,
1012 2582 1054 2610 di-

269 2624 349 2651 vitias
364 2625 481 2652 civitatis
503 2625 665 2660 relinquent,
689 2626 784 2654 domos
808 2626 1009 2654 desiderabiles.
1023 2627 1056 2654 Et

269 2675 349 2698 erunt
376 2671 438 2706 pagi
464 2671 598 2705 spelunca:
623 2679 711 2706 usque
739 2671 764 2698 in
789 2672 928 2705 Steculum,
963 2673 1055 2700 laetitia

269 2724 442 2750 onagrorum,
467 2725 564 2751 pascua
582 2723 731 2751 pastorum.
745 2727 754 2743 ι
773 2717 838 2750 Quis
863 2718 982 2745 advenas
996 2725 1055 2745 cer-

271 2768 338 2788 nens
355 2761 545 2798 llierusolymac
560 2762 662 2790 incolas
672 2782 679 2794 ,
695 2763 823 2797 ipsosque
838 2763 993 2790 idololalras
1008 2770 1055 2790 va-

272 2806 319 2832 riis
344 2814 378 2833 ex
406 2807 531 2839 gentibus
554 2812 747 2842 congregatos,
774 2815 828 2835 non
855 2808 951 2836 merito
969 2807 1053 2841 dicat,

305 2850 328 2866 “
347 2851 466 2885 lsa.t.xt,
485 2852 509 2879 1.

307 2906 364 2941 (59)
386 2907 532 2944 Forlelcg.
551 2918 700 2945 παρουσης.
724 2908 802 2937 Ειιιτ.

1109 2305 1163 2332 τῶν
1175 2305 1328 2341 ἔμπροσθεν
1343 2306 1428 2333 εἰπών
1438 2315 1444 2322 ·
1460 2317 1469 2332 ι
1483 2308 1538 2334 Καὶ
1553 2307 1646 2342 ἔμεινα
1663 2307 1706 2335 ἵνα
1721 2309 1822 2344 ποιήσῃ
1834 2317 1897 2335 στα‹

1109 2350 1204 2386 φυλὴν,
1223 2352 1333 2387 ἐποίησε
1348 2352 1377 2379 δὲ
1400 2352 1534 2385 ἀκάνθας·
1559 2363 1568 2378 ι
1590 2353 1637 2380 καὶ
1657 2354 1756 2385 ταύτας
1782 2354 1895 2391 διερμη-

1108 2397 1192 2423 νεύων
1213 2399 1336 2433 ἐπήγαγε
1349 2398 1436 2433 λέγων
1446 2408 1452 2414 ·
1470 2408 1480 2425 ι
1495 2400 1609 2434 Ἐμεινα
1622 2400 1664 2426 ἵνα
1675 2402 1774 2437 ποιήσῃ
1796 2401 1895 2437 κρίσιν,

1108 2443 1220 2479 ἐποίησε
1234 2443 1262 2470 δὲ
1276 2444 1401 2480 ἀνομίαν,
1417 2445 1463 2471 καὶ
1484 2445 1514 2471 οὐ
1525 2445 1707 2481 δικαιοσύνην,
1722 2446 1789 2473 ἀλλὰ
1809 2454 1895 2482 κραυ-

1107 2489 1169 2524 γήν.
1192 2498 1201 2515 ›
1235 2490 1296 2516 Ἐπὶ
1316 2491 1420 2522 τούτοις
1446 2491 1589 2526 τοιγαροῦν
1611 2491 1756 2518 κόπτεσθαι
1778 2501 1896 2527 παρεκε-

1107 2534 1209 2566 λεύετο,
1222 2535 1269 2561 καὶ
1282 2535 1396 2570 μάλιστα
1407 2535 1450 2562 διὰ
1461 2536 1510 2571 τὴν
1521 2536 1720 2572 ἐπιφερομένην
1734 2536 1859 2572 ἀπειλήν.

1145 2591 1155 2607 ι
1169 2581 1250 2613 Πόλις
1259 2581 1385 2613 πλουσία,
1397 2580 1467 2608 οἴκοι
1476 2581 1752 2617 ἑγκαταλελειμμένοι
1763 2602 1770 2614 ,
1781 2582 1896 2610 πλοῦτον

1109 2627 1212 2658 πόλεως
1226 2627 1385 2662 ἀφήσουσιν,
1400 2628 1491 2660 οἴκους
1508 2628 1704 2664 ἐπιθυμητούς.
1719 2628 1775 2655 Καὶ
1790 2628 1896 2655 ἔσονται

1108 2672 1137 2698 αἱ
1150 2672 1240 2707 κῶμαι
1258 2672 1379 2707 σπήλαια
1395 2673 1446 2705 ἕως
1462 2673 1508 2700 τοῦ
1530 2673 1637 2705 αἰῶνος,
1656 2673 1808 2709 εὐφροσύνη
1829 2673 1896 2699 ὖνων

1108 2717 1220 2753 ἀγρίων,
1238 2718 1396 2754 βοσκήματα
1412 2720 1556 2754 ποιμένων.
1569 2730 1578 2746 ι
1595 2719 1642 2752 Τίς
1656 2719 1694 2752 δὲ,
1711 2719 1781 2755 όρῶν
1807 2719 1896 2754 μετοί-

1108 2771 1171 2795 κους
1193 2764 1292 2800 ἀνδρας
1313 2765 1453 2797 οἰκοῦντας
1475 2766 1523 2801 τήν
1543 2765 1731 2802 Ἰερουσαλὴμ,
1753 2765 1894 2793 είδωλολά-

1107 2817 1174 2844 τρας
1195 2818 1225 2835 τε
1251 2811 1282 2836 ἐκ
1314 2810 1448 2847 διαφόρων
1474 2812 1558 2840 ἐθνῶν
1585 2812 1824 2847 συνειλεγμένους,
1847 2811 1895 2839 οὐκ
