2044 3215
113 162 119 179 ι

148 187 198 216 εει

601 187 851 217 (ΞΟΜΜΕΝΤΑΒΙΑ
867 187 903 215 IN
922 187 1049 216 lSAlAM.
1071 204 1102 209 —
1121 186 1200 216 CAP.
1217 186 1327 233 XXXII.

1716 190 1770 219 32%

147 249 182 276 ἂν
207 248 326 283 εὐλόγως
354 247 425 275 εἴποι
455 247 530 279 δνους
557 248 686 284 ἀγρίους,
715 248 762 275 καὶ
792 248 926 284 διαφόρω

988 255 1104 283 onagros
1114 247 1290 283 diversasque
1302 254 1397 283 greges
1405 247 1491 282 ipsam
1502 247 1656 282 depascere?
1668 249 1768 283 Quam-

146 294 247 328 ἀγέλας
271 293 486 322 καταὸόσκεσθαι
509 293 606 328 αὑτήν.
630 294 675 321 Διὸ
697 294 836 321 λέλεκται·
857 303 866 319 ι
881 295 934 321 Εὑ-

146 340 268 376 φροσύνη
291 339 358 366 ὄνων
381 339 492 375 ἀγρίων,
514 340 674 375 βοσκήματα
694 341 860 376 ποιμένων.»
885 341 934 368 Διὰ

146 386 233 414 ταῦτα
259 385 401 420 τοιγαροῦν
424 385 588 421 προσέταξεν
610 386 673 422 ὑμῖν
689 387 704 413 ό
723 386 801 421 λόγος
825 387 933 424 ἰσχυρὸν

147 432 282 459 ποιεῖσθαι
304 432 427 463 κοπετὸν,
451 432 498 458 καὶ
521 431 561 467 τῷ
582 431 672 468 θρήνῳ
693 432 860 468 παραμένειν
887 433 933 460 ἐπὶ

145 478 284 505 τοσοῦτον.

183 534 193 550 r
210 525 283 556 Ἕως
300 523 333 551 ἂν
346 524 453 551 ἐπέλθοι
470 524 512 559 ἐφ’
525 524 597 560 ὑμᾶς
613 523 725 560 Πνεῦμα
740 524 788 559 ἀφ’
800 524 928 560 ὑψηλοῦ.»

144 570 230 597 Τοῦτο
243 570 271 596 δὲ
290 568 324 606 ἦν
341 571 405 606 περὶ
425 567 456 597 οὗ
472 569 591 605 ἔφασκεν
608 571 622 597 ὁ
636 570 747 606 Σωτήρ·
768 580 778 595 ε
796 571 859 598 Ἰδοὺ
876 570 931 605 ἐγὼ

143 616 310 651 ἀπέρχομαι,
330 616 376 642 καὶ
393 615 534 642 ἀποστελῶ
553 616 617 650 ὔμῖν
632 615 678 642 τὸν
697 615 883 651 Παράκλητον,
900 615 930 642 τὸ

144 662 257 696 Πνεῦμα
276 661 326 696 τῆς
348 661 475 696 ἀληθείας
485 669 492 674 ·
507 670 515 686 ι
533 661 579 687 καὶ
594 660 691 687 πάλιν·
715 670 724 685 ί
740 661 812 692 Ἕως
826 660 859 687 ἂν
881 659 929 688 λά-

143 708 209 743 ϐητε
230 707 259 739 ἐξ
273 707 356 742 ὕψους
372 707 494 742 δύναμιν.
508 716 518 732 ι
539 707 613 733 Ἐπεὶ
626 706 714 733 τοίνυν
734 716 743 732 ‹
754 707 890 742 Μακάριοι
904 707 929 733 οἱ

142 753 314 784 πενθοῦντες,
326 753 366 778 ὃτι
382 751 647 788 παρακληθήσονται,
662 762 671 778 ι
690 752 747 783 καὶ,
763 761 772 776 ι
791 746 928 787 Μακάριοι

140 800 165 825 οἱ
177 798 325 830 κλαίοντες,
337 799 378 825 ὅτι
394 798 563 832 γελάοουσιν’
583 807 592 823 ι
612 797 724 829 εἰκότως
736 799 795 829 ταῖς
811 797 927 833 προλεχ-

141 843 256 875 οείσαις,
270 843 298 870 αἱ
321 843 366 870 διὰ
390 843 488 878 θρήνου
508 843 554 870 καὶ
583 842 722 878 κλαυθμοῦ
744 843 791 869 καὶ
811 842 926 869 κοπετοῦ

139 889 190 923 τὴν
207 888 348 924 μετάνοιαν
363 888 535 920 ἐνεδείξαντο.
548 887 713 922 ἐπαγγελίαν
725 887 836 914 ’δίδωσιν
855 887 926 922 ἁγα-

140 935 190 970 θὴν
204 935 254 970 τὴν
264 934 307 961 διὰ
320 934 366 961 τοῦ
382 934 551 969 Πνεύματος.

178 990 187 1006 ι
204 981 258 1008 Καὶ
275 981 350 1008 ἔσται
375 980 478 1016 ἔρημος
500 981 513 1007 ὁ
530 979 649 1016 Χερμὲλ.
674 979 719 1007 καὶ
735 980 749 1006 ὁ
765 979 873 1015 Χερμέλ
891 980 930 1012 εἰς

139 1026 240 1062 δρυμὸν
255 1026 444 1061 λογισθήσεται
455 1033 461 1040 '
478 1025 525 1052 καὶ
538 1025 724 1052 ἀναπαύσεται
741 1025 769 1052 ἐν
785 1027 818 1061 τῇ
835 1026 930 1061 ἐρήμῳ

138 1073 238 1107 κρῖμα,
253 1071 300 1098 καί¹
312 1071 468 1107 δικαιοσύνη
484 1071 513 1098 ὲν
531 1071 569 1106 τῷ
584 1071 725 1106 Καρμήλῳ
742 1072 926 1107 κατοικήσει.)

138 1117 254 1149 Λίϐανος
270 1117 318 1152 μὲν
335 1117 364 1144 τὸ
383 1117 445 1153 ὅρος
458 1117 488 1143 τὸ
511 1117 557 1143 ἐπὶ
577 1117 626 1152 τῆς
648 1117 774 1152 Φοινίκης
788 1116 881 1152 ἐδήλου
895 1117 929 1144 τὰ

137 1163 219 1198 ἔθνη·
246 1163 394 1198 Κάρμηλος
419 1162 448 1188 δὲ
474 1162 505 1189 τδ
532 1162 593 1197 ὅρος
620 1162 651 1189 τὸ
678 1162 731 1189 ὑπὸ
749 1162 884 1194 Ἰουδαίοις
899 1162 928 1189 ὃν

138 1207 271 1243 πρότερον
285 1207 329 1234 τὸν
345 1208 377 1233 ἐκ
393 1207 542 1242 περιτομῆς
555 1207 629 1239 λαὸν,
641 1207 701 1234 ὅθεν
717 1208 764 1236 καὶ
780 1209 928 1246 ἑρμηνεύε-

137 1261 182 1279 ται
198 1254 212 1279 ὁ
229 1252 345 1288 Χερμέλ,
359 1253 457 1288 δηλαδὴ
473 1252 627 1288 Κάρμηλος,
648 1263 657 1279 ι
674 1254 837 1289 Ἑπίγνωσις
851 1265 928 1292 περι-

137 1299 234 1334 τομῆς.
250 1307 259 1324 »
288 1298 338 1325 Τὸν
371 1298 485 1325 Λίὸανον
510 1299 609 1331 τοίνυν,
636 1299 680 1326 τὸν
707 1299 855 1335 ἀλλόφυλον
882 1302 928 1328 καὶ

137 1343 269 1379 ἀλλογενῆ
286 1344 360 1376 λαὸν,
376 1344 422 1371 τὸν
437 1343 466 1377 ἐξ
488 1344 571 1370 ἐθνῶν
589 1344 802 1380 μεταὸληθέντα,
819 1346 927 1374 ἔσεσθαί

138 1399 232 1425 φησιν,
243 1391 332 1421 ὁποῖος
350 1388 383 1425 ἦν
397 1390 411 1416 ό
428 1389 511 1416 πάλαι
526 1389 603 1424 παρὰ
617 1389 656 1425 τῷ
674 1389 733 1425 Θεῷ
747 1390 928 1426 τετιμημένος

136 1435 200 1470 λαὸς
223 1437 238 1462 ό
259 1437 292 1462 ἐκ
309 1436 473 1471 περιτομῆς·
500 1435 579 1462 αὐτὸν
603 1435 631 1462 δὲ
657 1435 702 1462 τὸν
727 1437 759 1463 ἐκ
778 1437 927 1472 περιτομῆς

136 1481 211 1513 λαὸν,
227 1481 336 1518 Χερμὲλ
351 1482 367 1517 ἢ
384 1481 531 1518 Κάρμηλον
551 1481 759 1517 ὀνομαζόμενον,
773 1483 813 1514 είς
826 1482 926 1518 δρυμὸν

136 1526 353 1561 λογισθήσεσθσιι.
369 1527 390 1552 Τ
391 1526 453 1553 οῦτο
466 1526 555 1553 τοίνυν
572 1526 618 1552 καὶ
634 1527 663 1552 ὲν
677 1527 733 1558 τοῖς
749 1527 818 1562 μετὰ
831 1529 926 1563 χεῖρας

137 1573 265 1608 σημαίνει
280 1573 390 1607 φάσκων
406 1573 420 1598 ὁ
430 1572 507 1606 λόγος
528 1572 598 1599 κατὰ
609 1572 654 1599 τὸν
670 1572 830 1608 Σύμμαχον·
849 1583 858 1599 t
871 1574 926 1600 Καὶ
939 1594 960 1623 C

136 1619 212 1646 ἔσται
228 1620 244 1654 ή
259 1619 360 1655 ἕρημος
382 1619 422 1650 εἰς
442 1618 604 1654 Κάρμηλον·
620 1628 629 1644 ι
649 1618 687 1650 ὡς
705 1618 760 1654 γὰρ
775 1620 833 1645 ἐκεῖ
846 1619 860 1646 ό
878 1619 925 1646 Δί-

136 1665 216 1696 εανος
233 1666 273 1697 είς
298 1664 444 1700 Κάρμηλον
469 1664 577 1698 ἐλέγετο
599 1663 823 1699 μεταϐάλλεσθαι,
840 1663 924 1697 οὕτως

135 1711 254 1737 ἐνταῦθα
275 1711 292 1746 ή
316 1710 428 1746 ἕρημος,
443 1710 487 1736 ἵνα
545 1709 643 1736 ταύτὸν
665 1710 711 1736 καὶ
731 1709 833 1745 ἔρημος
848 1710 863 1736 ὁ
878 1710 925 1736 Δί-

136 1756 234 1788 δανος,
256 1757 326 1783 οὕτω
347 1755 516 1791 δηλουμένης
530 1756 580 1790 τῆς
597 1755 626 1788 ἐξ
647 1755 731 1782 ἐθνῶν
744 1755 922 1791 Ἐκκλησίας,

134 1802 197 1836 ἣτις
225 1800 421 1836 μεταΰέὅληται
446 1802 486 1832 εἰς
511 1800 668 1836 Κάρμηλον.
684 1801 788 1836 ’Ὠσπερ
813 1801 867 1836 γὰρ
889 1798 924 1836 ἦν

137 1847 223 1873 πάλαι
240 1847 368 1882 πρότερον
389 1857 397 1872 ε
413 1846 491 1882 μερὶς
504 1847 607 1882 Κυρίου
631 1846 693 1878 λαὸς
714 1846 795 1873 αὑτοῦ
816 1846 921 1879 Ἰακὼϐ,

137 1891 283 1926 σχοίνισμα
300 1891 477 1927 κληρονομίας
500 1891 582 1918 αὑτοῦ
603 1891 725 1927 Ἰσραήλ·
741 1901 751 1917 ι
770 1892 784 1918 ὅ
796 1901 826 1918 τε
848 1891 923 1928 Κάρ-

138 1938 225 1974 μηλος
244 1935 278 1972 ἧν
293 1938 436 1972 ἐπίγνωσιν
451 1938 519 1973 ἔχων
535 1938 600 1973 περὶ
613 1937 728 1973 ταύτης·
746 1938 831 1970 οὕτως
845 1938 860 1963 ὁ
874 1938 921 1964 Λί-

135 1986 218 2016 ϐανος
242 1985 321 2020 καὶὴ
345 1984 427 2012 πάλαι
449 1985 560 2020 ἔρημος,
575 1985 621 2012 ἐπὶ
643 1984 674 2011 τὸ
697 1986 818 2020 κρεῖττον
838 1993 920 2019 μετα-

135 2031 270 2062 ϐαλοῦσα,
290 2031 385 2065 γέγονε
410 2031 488 2066 μερὶς
517 2030 564 2058 τοῦ
590 2030 675 2057 Θεοῦ·
696 2031 733 2062 ὡς
752 2029 785 2057 αὖ
809 2030 889 2057 πάλιν
907 2031 921 2056 ὁ

135 2076 284 2111 Κάρμηλος
312 2077 351 2107 εἰς
378 2077 479 2112 δρυμὸν
506 2076 641 2111 ἐλογίσθη.
666 2076 774 2112 Δρυμὺς
805 2076 832 2102 δέ
862 2077 920 2102 ἐστι

135 2122 234 2157 χωρίον
251 2122 342 2156 φυτῶν
374 2123 477 2158 ἀγρίων
500 2123 546 2150 καὶ
576 2123 708 2158 ἀκάρπων
738 2121 856 2158 πλῆρες·
880 2122 921 2149 διὸ

135 2168 250 2203 σύνηθες
272 2169 306 2203 τῇ
323 2168 382 2204 θείᾳ
403 2169 497 2204 Γραφῇ
519 2168 554 2195 τὰ
576 2168 640 2204 ἔθνη
663 2168 698 2195 τὰ
719 2167 764 2194 τὸν
781 2167 847 2194 Θεὸν
870 2168 920 2194 οὐκ

135 2214 239 2246 εἰδότα,
261 2214 364 2250 δρυμὸν
376 2213 536 2250 ὀνομάζειν,
559 2214 596 2245 ὡς
621 2214 750 2246 πολλάκις
776 2213 918 2247 ἀπεδείξα-

136 2268 197 2294 μεν.
936 2270 958 2298 D

172 2313 182 2329 ι
203 2304 256 2330 Καὶ
286 2303 362 2330 ἔσται
384 2303 420 2330 τὰ
441 2303 509 2340 ἔργα
531 2304 580 2339 τῆς
603 2303 774 2339 δικαιοσύνης
806 2304 919 2340 εἰρήνη,

133 2349 182 2376 καὶ
206 2350 337 2385 κρατήσει
357 2350 374 2385 ή
388 2349 544 2385 δικαιοσύνη
564 2349 728 2381 ἀνάπαυσιν,
751 2349 798 2375 καὶ
823 2357 919 2376 πεποι-

132 2395 210 2426 θότες
226 2396 278 2427 ἕως
289 2395 336 2422 τοῦ
355 2395 462 2428 αἰῶνος.
479 2396 535 2422 Καὶ
549 2396 707 2431 κατοικήσει
722 2396 737 2421 ὀ
755 2395 818 2427 λαὸς
839 2396 920 2423 αὐτοῦ

133 2443 163 2468 ἐν
179 2442 254 2468 πόλει
271 2442 391 2477 εἰρήνης,
409 2442 456 2468 καὶ
470 2442 603 2477 ἐνοικήσει
620 2440 766 2474 πεποιθὼς,
785 2443 832 2469 καὶ
853 2443 920 2470 ἀνα-

134 2487 285 2514 παύσονται
307 2487 375 2522 μετὰ
394 2487 542 2514 πλούτου.»
571 2487 643 2513 ’Δντὶ
655 2486 710 2522 γὰρ
730 2487 779 2522 τῆς
793 2486 920 2523 καθαιρε-

133 2533 228 2568 θείσης
243 2533 345 2565 πόλεως
361 2533 411 2568 τῆς
426 2533 546 2568 μεγάλης
563 2533 670 2568 ἐκείνης
690 2533 737 2559 καὶ
752 2532 918 2569 γαυριώσης,

131 2580 229 2615 ἑτέραν
249 2579 288 2614 τῷ
308 2579 368 2614 Θεῷ
392 2579 573 2614 συστήσεσθαι
590 2579 678 2610 πόλιν,
694 2578 742 2614 τὴν
763 2579 817 2605 ἀπὸ
834 2574 920 2614 περά-

129 2635 185 2653 των
201 2626 253 2657 ἕως
274 2626 400 2661 περάτων
417 2625 560 2660 καθολικὴν
581 2625 752 2661 Ἐκκλησίαν,
768 2625 815 2651 καὶ
837 2625 867 2651 τὸ
889 2626 918 2652 ἐν

131 2674 203 2709 αὐτῇ
228 2673 394 2708 πολίτευμα,
421 2673 553 2705 θεσπίζει.
579 2672 692 2699 Βέϐαιον
714 2673 769 2707 γὰρ
796 2672 850 2698 τῶν
877 2672 918 2704 είς

129 2721 196 2748 Θεὸν
211 2720 431 2747 πεπιστευκότων
444 2719 475 2746 τὸ
490 2719 626 2754 φρόνημα.
644 2719 725 2745 Πόλιν
742 2719 852 2754 εἰρήνης
866 2719 917 2755 τήν

130 2769 160 2795 ἐν
193 2769 252 2800 τοῖς
281 2767 404 2802 οὐρανοῖς
430 2766 521 2800 λέγει·
547 2775 556 2791 ι
585 2767 618 2792 'll
646 2766 700 2801 γὰρ
730 2765 797 2796 ἄνω,
836 2766 917 2800 φησὶ,

135 2814 314 2850 Ἰερουσαλήμ.
328 2813 459 2848 ἐλευθέρα
478 2812 546 2845 ἐστὶ,
570 2812 660 2848 μήτηρ
682 2811 790 2839 πάντων
810 2811 915 2846 ἡμῶν.»

165 2904 189 2921 ⁸³
202 2904 281 2932 Joan.
301 2912 344 2937 xv.
358 2903 402 2931 26.
443 2903 463 2919 ³⁸
478 2902 533 2930 Luc
559 2909 590 2929 xx
608 2908 634 2934 ν,
652 2900 696 2928 49.
735 2900 756 2916 ³⁵
771 2899 865 2927 Matth.
885 2899 941 2932 v,5.

987 294 1079 321 obrem
1104 293 1200 321 dicitur
1218 302 1225 321 :
1242 302 1251 318 ι
1267 292 1372 320 Ltctitia
1400 300 1576 328 onagrorum,
1596 300 1694 328 pascua
1719 302 1769 329 pa-

987 345 1120 368 storum.)
1148 339 1208 368 Ideo
1231 339 1367 373 planctum
1395 346 1521 374 magnum
1551 345 1600 367 vos
1623 339 1705 367 edere
1725 340 1770 374 ju-

987 387 1042 419 bet,
1060 391 1087 414 et
1098 386 1124 412 in
1141 385 1213 413 luctu
1231 391 1414 420 perseverare.

1020 519 1102 548 Vsus.
1118 518 1162 547 15.
1182 529 1192 545 ε
1201 519 1291 547 Donec
1302 520 1393 547 veniat
1408 520 1434 547 in
1449 527 1498 547 vos
1508 519 1626 554 Spiritus
1638 526 1671 547 ex
1683 520 1766 548 alto.»

985 563 1029 591 Ille
1056 569 1144 591 autem
1175 568 1234 591 erat
1260 565 1294 592 de
1323 572 1377 599 quo
1405 564 1531 592 Salvator
1551 565 1608 592 haec
1632 566 1767 600 protulit:

987 620 996 636 ι
1011 610 1081 638 Ecce
1094 617 1144 645 ego
1159 611 1237 640 varlo.
1261 614 1288 637 et
1302 611 1406 637 mittam
1419 611 1494 638 vobis
1509 611 1690 643 Paracletum,
1705 611 1768 646 Spi-

983 657 1063 683 ritum
1080 656 1254 688 veritatis";
1271 665 1280 682 ι
1298 656 1451 690 iterumque
1467 664 1496 683 ιι
1512 657 1602 684 Donec
1624 658 1767 692 accipiatis

982 703 1108 730 virtutem
1135 711 1168 731 ex
1195 703 1293 730 alto".
1310 712 1319 729 ›
1348 703 1415 737 Quia
1441 703 1523 739 igitur
1549 713 1559 730 ι
1576 704 1648 732 Beati
1664 705 1709 740 qui
1727 705 1767 732 lu-

981 755 1055 785 gent,
1069 750 1197 785 quoniam
1209 749 1433 781 consolabuntur,
1447 759 1456 776 ι
1472 755 1510 783 et,
1526 759 1534 776 ι
1547 750 1620 778 Beati
1632 751 1678 786 qui
1691 751 1766 785 ﬂent,

981 797 1109 831 quoniam
1134 796 1259 823 ridebunt
1269 796 1306 829 ";
1324 796 1407 830 rjure
1434 796 1569 830 praedictis
1598 796 1766 829 mulieribus,

980 849 1039 877 qua:
1052 842 1126 874 ﬂetu,
1144 842 1272 878 lacrymis
1301 846 1329 869 et
1345 842 1452 877 planctu
1471 841 1657 876 paenitentiam
1672 842 1767 877 praeit.»

981 888 1086 920 rebant,
1100 887 1306 922 promissionem
1331 887 1438 915 confert
1457 887 1554 915 bonam
1568 895 1617 922 per
1636 887 1766 922 Spiritum

944 927 965 954 Β
980 933 1156 961 aﬂ'erendam.

1015 979 1097 1007 Vens.
1115 979 1158 1006 t6.
1180 987 1190 1004 ι
1205 978 1239 1005 Et
1255 978 1308 1005 erit
1329 978 1466 1006 desertum
1480 977 1618 1012 Chermel,
1637 983 1667 1006 et
1678 977 1764 1006 Cber-

980 1025 1033 1052 mel
1056 1025 1083 1052 in
1109 1025 1208 1052 saltum
1235 1024 1428 1058 reputabitur:
1443 1029 1471 1052 et
1498 1025 1653 1059 requiescet
1669 1025 1695 1052 in
1714 1025 1761 1052 de-

979 1076 1053 1099 serto
1069 1071 1210 1106 judicium,
1226 1076 1252 1098 et
1265 1070 1372 1104 iustitia
1396 1070 1423 1098 in
1447 1071 1572 1098 Carmelo
1596 1071 1739 1098 habitabit.
1752 1080 1761 1097 ι

980 1118 1100 1145 Libanus
1115 1125 1191 1144 mons
1209 1116 1355 1144 Phoenicia:
1373 1116 1529 1149 imminens,
1543 1121 1638 1150 gentes
1659 1116 1764 1151 signiti—

979 1163 1068 1195 cabat,
1087 1161 1228 1190 Carmelus
1251 1167 1341 1189 autent
1363 1168 1453 1193 mons.
1473 1161 1648 1196 quiantebac
1660 1160 1766 1189 Judzeo-

979 1217 1038 1236 rum
1053 1213 1124 1239 erat.
1140 1207 1268 1242 populum
1281 1215 1316 1234 ex
1329 1207 1541 1234 circumcisione
1556 1215 1562 1232 :
1576 1207 1649 1234 unde
1677 1206 1762 1234 Cher-

979 1254 1042 1286 mel,
1057 1254 1113 1281 sive
1127 1253 1277 1282 Carmelus.
1292 1253 1327 1279 ita
1342 1252 1458 1279 vertitur
1473 1252 1613 1287 :Cognitio
1627 1253 1763 1279 circumci-

977 1300 1070 1328 siom’s.
1091 1299 1222 1326 Libanum
1239 1306 1313 1333 ergo,
1330 1298 1457 1325 videlicet
1473 1298 1653 1333 alienigenam
1667 1303 1695 1326 et
1713 1306 1762 1326 ex-

979 1350 1101 1372 traneum
1127 1343 1254 1380 populum
1281 1351 1315 1371 ex
1340 1344 1465 1378 gentibus
1489 1352 1662 1377 conversum,
1681 1344 1762 1372 talem

977 1391 1095 1418 futurum
1119 1391 1167 1422 ait,
1192 1389 1280 1424 qualis
1297 1393 1356 1417 erat
1371 1390 1416 1418 ille
1432 1389 1497 1418 olim
1525 1389 1638 1424 populus
1661 1397 1692 1416 ex
1711 1391 1764 1417 cir-

977 1436 1152 1467 cumcisione,
1167 1436 1237 1470 apud
1255 1435 1338 1463 Deum
1352 1435 1512 1468 honoratus,
1528 1435 1616 1471 ipsum
1632 1443 1698 1463 vero
1719 1444 1763 1470 po-

977 1483 1067 1518 pulum
1081 1490 1114 1509 ex
1125 1481 1342 1514 circumcisione,
1358 1482 1402 1516 qui
1420 1481 1544 1510 Cbcrmel
1562 1487 1608 1508 aut
1622 1481 1762 1510 Carmelus

976 1529 1084 1559 dicitur,
1102 1528 1128 1554 in
1142 1527 1238 1555 saltum
1258 1527 1434 1563 reputandum
1451 1527 1516 1554 fore.
1528 1527 1604 1560 Quod
1622 1527 1708 1562 ipsum
1722 1529 1761 1555 iu-

976 1573 1048 1601 dicat
1068 1573 1211 1608 praesentis
1226 1572 1278 1600 loci
1309 1572 1495 1606 interpretatio
1523 1573 1671 1600 secundum
1686 1572 1763 1608 Sym-

979 1620 1178 1654 machum,qua:
1187 1619 1226 1646 sic
1241 1619 1322 1646 habet
1336 1627 1344 1645 ε
1357 1618 1465 1645 «Ειοιὶῑ
1476 1618 1608 1646 desertum
1620 1619 1646 1646 in
1656 1620 1764 1647 Carme-

978 1665 1043 1692 lum.
1052 1664 1296 1698 tQuematlmodum
1310 1664 1382 1691 enim
1392 1664 1428 1692 ibi
1443 1664 1562 1692 Libauus
1575 1665 1760 1700 iuCarmelum

977 1710 1124 1737 vertendus
1143 1709 1302 1740 dicebatur;
1317 1708 1357 1736 sic
1376 1713 1403 1736 et
1418 1709 1469 1735 hoc
1485 1708 1543 1736 loco
1564 1709 1714 1742 desertum;
1732 1714 1762 1737 ut

977 1756 1047 1784 idem
1060 1757 1096 1784 sit
1110 1756 1182 1790 quod
1204 1756 1343 1783 desertum
1355 1755 1483 1786 Libanus,
1496 1763 1549 1790 quo
1561 1755 1694 1783 iudicatur
1709 1755 1760 1784 Ec-

976 1801 1059 1828 clesia
1080 1808 1112 1828 ex
1138 1801 1274 1835 gentibus.
1299 1807 1358 1835 qua:
1374 1804 1477 1827 mutata
1492 1805 1534 1827 est
1551 1800 1576 1827 in
1593 1800 1758 1828 Carmelum.

976 1847 1208 1880 Quemadmodum
1231 1846 1304 1873 enim
1335 1836 1412 1880 p‘rius
1436 1850 1495 1872 erat
1513 1854 1523 1870 ε
1538 1846 1627 1880 portio
1654 1846 1760 1874 Domini

981 1892 1096 1927 populus
1121 1890 1180 1926 ejus
1203 1891 1288 1918 Jacob
1304 1910 1312 1922 ,
1342 1891 1477 1919 funiculus
1508 1891 1675 1918 haereditatis
1701 1891 1760 1926 ejus

975 1937 1056 1964 Israel
1073 1937 1108 1969 ³⁸,
1137 1945 1146 1962 ι
1163 1941 1191 1964 et
1204 1935 1345 1963 Carmelus
1368 1936 1394 1962 in
1410 1935 1590 1971 cognitionem
1606 1937 1664 1971 ejus
1678 1944 1760 1964 vene-

976 1987 1033 2014 rat;
1048 1981 1089 2009 sic
1101 1985 1129 2009 et
1142 1980 1271 2014 Libanus,
1285 1985 1313 2008 et
1326 1980 1391 2007 illud
1419 1980 1482 2007 olim
1505 1981 1640 2008 desertum
1657 1981 1684 2008 in
1700 1989 1760 2009 me-

973 2029 1067 2056 liorem
1089 2027 1273 2055 cortditioncm
1301 2031 1445 2060 mutatum,
1472 2027 1571 2054 factum
1597 2033 1640 2055 est
1670 2029 1762 2062 portio

973 2074 1036 2106 Dei;
1056 2079 1112 2101 nte
1126 2073 1261 2101 contrario
1281 2072 1420 2100 Carmelus
1436 2072 1463 2100 in
1491 2073 1590 2100 saltum
1618 2078 1760 2107 rcputatus

973 2125 1024 2147 est.
1044 2119 1136 2147 Saltus
1153 2127 1234 2154 porro
1249 2119 1324 2146 locus
1339 2123 1380 2146 est
1400 2119 1553 2154 agrestibus
1571 2125 1597 2146 et
1611 2119 1760 2148 infructuo-

972 2165 1010 2192 sis
1030 2164 1173 2192 arboribus
1192 2164 1512 2199 repletus:quapropter
1534 2173 1592 2193 mos
1617 2171 1660 2194 est
1682 2165 1757 2194 Scri-

972 2215 1057 2244 pturze
1068 2210 1168 2238 divinae
1183 2215 1290 2246 gentes,
1304 2218 1364 2245 qum
1376 2210 1459 2238 Deum
1477 2219 1530 2238 non
1546 2217 1658 2245 norunt,
1674 2212 1759 2242 saltus

973 2265 1140 2293 nuncupare,
1157 2264 1186 2285 ut
1199 2258 1359 2294 plerumque
1375 2259 1662 2287 commonstravimus.

1008 2304 1087 2331 Vsus.
1106 2305 1148 2337 17,
1165 2303 1209 2332 18.
1226 2313 1236 2330 σ
1250 2304 1284 2331 Ει
1307 2308 1387 2331 erunt
1412 2312 1494 2338 opera
1521 2303 1632 2338 iustitia:
1649 2313 1713 2338 pax,
1730 2311 1760 2333 et

968 2349 1104 2377 obtinebit
1129 2349 1232 2383 justitia
1259 2349 1393 2384 requiem,
1423 2354 1450 2377 et.
1475 2350 1646 2377 conﬁdentes
1677 2358 1758 2379 erunt

970 2404 1055 2430 usque
1077 2396 1103 2422 in
1130 2400 1271 2423 aeternum.
1297 2395 1330 2422 Et
1358 2396 1493 2423 habitabit
1521 2396 1635 2431 populus
1656 2397 1714 2430 eius
1730 2398 1760 2427 iu

970 2443 1038 2470 urbe
1051 2442 1136 2477 pacis,
1149 2446 1177 2469 et
1191 2441 1354 2469 inhabitabit
1373 2442 1525 2475 conlidens,
1542 2449 1570 2470 et
1584 2443 1756 2478 requiescant

972 2494 1033 2514 cum
1049 2487 1160 2514 divitiis.
1177 2496 1187 2513 ι
1202 2486 1268 2514 Nam
1291 2495 1340 2522 pro
1356 2495 1452 2523 magna
1471 2493 1498 2515 et
1512 2488 1679 2523 tripudlattte
1691 2489 1759 2518 urbe

969 2532 1025 2567 jam
1056 2533 1157 2564 deleta,
1185 2533 1264 2560 aliaut
1300 2533 1357 2561 Deo
1394 2535 1612 2563 constituendam
1643 2536 1757 2570 urbem,

972 2579 1029 2605 sive
1064 2579 1226 2606 catltolicam
1261 2579 1431 2610 Ecclesium.
1463 2589 1478 2608 a
1512 2582 1638 2609 terminis
1670 2590 1757 2617 usque

971 2627 1004 2653 ad
1029 2627 1158 2654 terminos
1179 2631 1256 2654 terrae
1286 2627 1494 2662 pertingentem,
1519 2634 1546 2656 et
1573 2629 1646 2664 pittm
1668 2629 1694 2656 in
1712 2630 1758 2657 illa

970 2673 1031 2700 vita:
1053 2673 1224 2706 institutum,
1257 2673 1428 2702 vaticinatur.
1467 2674 1558 2701 Pinna
1591 2675 1691 2710 quippe
1715 2681 1757 2703 est

969 2726 1074 2751 eorum,
1103 2719 1148 2754 qui
1176 2720 1204 2746 in
1231 2719 1314 2746 Deum
1336 2721 1461 2753 credunt,
1485 2728 1562 2748 mens
1589 2726 1616 2748 et
1649 2726 1756 2749 senten-

971 2766 1016 2792 tia.
1032 2765 1179 2793 Civitatem
1194 2765 1270 2800 pacis
1288 2770 1369 2793 vocat
1389 2765 1462 2793 illam
1479 2774 1540 2801 quae
1557 2767 1584 2794 in
1600 2767 1679 2795 cmlis
1694 2774 1754 2796 est:

970 2819 1030 2838 nam
1046 2820 1056 2837 ι
1071 2812 1126 2844 illa,
1146 2811 1245 2846 inquit,
1257 2819 1317 2845 quae
1329 2819 1436 2839 sursum
1451 2818 1493 2840 est
1507 2812 1670 2847 Jerusalem,
1687 2813 1756 2842 libe-

980 2899 1018 2936 _“
1031 2900 1107 2926 Deut.
1126 2906 1210 2932 xxx",
1227 2899 1253 2926 9.
