2044 3215
321 148 373 176 εὲῗι

657 149 794 178 EUSEBII
814 147 1048 178 CESARIENSIS
1065 146 1140 175 OPP.
1162 145 1254 174 PARS
1274 145 1320 173 Ill.
1338 161 1374 167 —
1391 145 1597 175 EXEGETICA.

1894 149 1941 179 5‘28

357 208 438 235 Vens.
464 209 557 236 lB-H.
580 209 634 236 «Et
660 216 741 238 erunt
766 216 862 245 gentes
891 211 1050 242 combustae,
1079 212 1104 235 ut

1198 216 1208 232 ι
1224 206 1279 233 Καὶ
1299 206 1405 234 ἔσονται
1428 206 1493 242 ξθνη
1518 206 1764 242 κατακεκαυμένα,
1783 207 1821 239 ὡς
1844 207 1941 235 ἄκανθα

320 255 396 289 spina
414 256 440 282 in
455 262 522 290 agro
535 256 654 291 projects
669 262 696 284 et
710 263 817 284 exusta.
832 255 952 285 Audierit
967 257 1013 292 qui
1028 257 1108 292 longe

320 305 394 332 sunt,
415 308 474 335 qua:
493 308 543 336 ego
556 300 774 337 feci,scientqui
794 303 1012 338 appropinquant
1035 303 1108 330 forti-

320 346 442 372 tudinem
464 354 562 375 meam.
591 346 773 375 Recesserunt
799 348 845 382 qui
873 352 953 375 erant
984 349 1011 375 in
1042 347 1107 375 Sion

319 391 422 426 iniqui:
440 393 624 426 apprehendet
640 398 742 420 tremor
757 394 864 428 impios.
879 403 895 422 ι.
915 393 1027 420 Etiamsi
1049 393 1108 421 haec

318 446 371 465 non
380 438 472 466 deillis
480 447 510 466 ex
520 437 632 466 Iudaico
643 439 742 474 popqu
751 440 923 471 vaticinetur,
942 441 987 474 qui
1001 448 1107 467 annun-

319 486 414 512 tiatam
439 486 490 513 sibi
515 486 631 521 gratiam
650 491 825 520 acceperunt.
841 494 890 514 vos
907 487 1007 514 auditis
1032 487 1107 514 hisce

318 532 486 568 propheticis
514 533 699 565 sermonibus,
725 541 778 560 non
811 533 973 569 intelligitis,
988 533 1107 561 scientes

319 578 387 609 hate,
400 587 459 612 qua!
475 578 609 605 Hebraice
627 579 703 605 vobis
719 579 861 605 enuntiata
877 584 904 606 et
918 579 1018 613 scripta
1031 583 1105 611 sunt,

319 630 424 650 necnon
441 623 532 650 omnia
557 623 601 649 illa
617 623 739 658 prodigia
755 631 813 657 qua:
827 624 898 657 apud
911 628 1104 655 vos'operatus

317 675 388 699 sum,
403 672 430 694 et
445 675 504 702 quae
520 668 589 703 apud
606 675 652 695 vos
666 667 773 695 locutus
795 676 866 700 sum,
882 673 1032 696 necnon'ea
1047 675 1108 703 qua;

317 714 475 741 videntibus
497 714 575 740 vobis
602 722 661 741 sum
680 717 819 747 operatus,
836 721 850 740 a
866 713 992 747 gentibus
1012 713 1107 748 procul

318 765 346 786 et
356 760 389 786 ad
407 764 527 786 extrema
546 765 628 786 terra:
650 759 771 786 auditum
793 759 837 786 iri.
853 759 993 793 Quomodo
1014 765 1106 788 autem

318 804 441 837 audient,
465 805 517 833 nisi
540 805 573 832 ad
598 805 680 832 Deum
708 805 880 836 accedentes.
897 813 957 833 cum
977 806 1105 833 virtutem

317 850 376 883 ejus
392 850 575 879 edidicerint?
593 850 624 877 lli
652 858 717 878 vero
741 851 804 885 ipsi,
822 850 950 878 videlicet
979 851 1054 886 impii
1078 852 1105 879 in

1159 252 1189 277 ὲν
1214 250 1292 286 ἀγρῷ
1323 251 1477 287 ὲρριμμένη
1508 252 1556 278 καὶ
1587 251 1826 287 κατακεκαυμένη.
1852 253 1940 280 ’Δκού-

1159 305 1251 323 σονται
1272 296 1296 322 oi
1314 296 1454 331 πόρρωθεν
1476 295 1494 323 ἃ
1510 296 1636 331 ἐποίησα,
1660 296 1808 331 γνώσονται
1830 298 1855 324 οί
1871 298 1940 332 ἐγγι-

1160 343 1252 376 ζοντες
1272 342 1321 378 τὴν
1346 342 1421 377 ἰσχύν
1440 351 1500 377 μου.
1521 343 1689 378 Ἀπέστησαν
1704 343 1729 370 ol
1750 344 1780 370 ἐν
1802 343 1871 370 Σιὼν
1887 344 1940 371 ἄνο-

1160 397 1221 424 μοι·
1241 388 1354 424 λήψεται
1370 387 1470 423 τρόμος
1489 389 1552 420 τοὺς
1572 388 1688 421 ἀσεϐεῖς.
1703 398 1712 415 ι
1734 389 1765 415 Εἰ
1791 390 1840 417 καὶ
1862 390 1940 417 ταῦτα

1160 436 1197 471 μὴ
1213 435 1278 470 περὶ
1294 434 1347 461 τῶν
1364 433 1518 469 δεξαμένων
1540 434 1589 469 τὴν
1603 434 1842 469 εὐαγγελισθεῖσαν
1857 436 1940 468 αὐτοῖς

1158 482 1237 517 χάριν
1256 480 1389 508 Ἰουδαίων
1411 480 1476 508 λαοῦ
1499 481 1640 513 θεσπίζει,
1664 481 1759 516 ὑμεῖς,
1785 481 1869 517 ἀκοὴν
1891 482 1941 510 τῶν

1159 526 1335 563 προερητικῶν
1359 525 1460 553 τούτων
1487 526 1574 561 λόγων
1600 527 1762 559 ἀκούοντες,
1787 528 1816 554 οὺ
1842 528 1940 555 συνίετε

1158 572 1345 607 γινώσκοντες,
1359 573 1399 599 ὅτι
1412 572 1497 600 ταῦτα
1510 573 1625 608 τά-πρὸς
1638 573 1710 608 ὑμᾶς
1725 573 1856 609 Ἐδραῖκῇ
1871 576 1938 610 φωνῇ

1158 619 1309 654 λαλούμενά
1323 627 1352 645 τε
1367 619 1414 645 καὶ
1436 618 1607 654 γραφόμενα,
1628 619 1677 646 ὅσα
1693 628 1722 646 τε
1738 620 1803 647 ἄλλα
1820 620 1940 656 θαύματα

1158 665 1198 695 εἰς
1216 664 1287 698 ὑμᾶς
1304 663 1505 699 ἑξεπραξᾶμην,
1527 664 1550 689 οἰ
1568 663 1708 699 πόρρωθεν
1731 664 1777 690 καὶ
1795 664 1875 700 μέχρι
1892 665 1941 693 τῶν

1157 711 1279 745 ἐσχάτων
1305 710 1356 745 τῆς
1382 711 1433 745 γῆς
1460 709 1611 742 οἰκοῦντες,
1640 711 1687 737 καὶ
1712 711 1782 746 ἅπερ
1800 713 1866 747 παρ’
1882 712 1940 747 ὑμῖν

1157 756 1294 792 ἐλάλησα,
1316 756 1363 783 καὶ
1388 757 1464 792 ὑμῶν
1496 757 1622 793 ὁρώντων
1646 758 1778 792 ἐποίησα,
1793 759 1818 785 οι
1841 759 1870 785 ὲν
1889 761 1941 790 τοῖς

1157 803 1256 838 πέρασι
1275 803 1324 838 τῆς
1346 803 1506 838 οἰκουμένης
1519 803 1689 831 ἀκούσονται.
1708 804 1770 836 Πῶς
1784 805 1812 831 δὲ
1828 805 1940 840 γνώσον-

1156 857 1202 875 ται
1224 848 1280 875 ἀλλ’
1301 849 1317 884 ἢ
1344 849 1501 883 ἐγγίσαντες
1520 849 1559 884 τῷ
1582 849 1657 885 Θεῷ,
1679 850 1727 876 καὶ
1753 851 1941 886 προσελθόντες

318 896 383 923 Sion
403 900 553 928 versantes.
576 903 630 931 quo
651 900 730 930 pacto
752 903 767 922 a
793 903 837 923 me
851 897 1023 930 recesserint,
1041 905 1104 932 cog-

1158 894 1232 930 αὐτῷ
1252 895 1299 921 καὶ
1317 894 1365 930 τὴν
1383 895 1459 929 ἰσχὺν
1483 895 1564 921 αὐτοῦ
1590 895 1796 932 μεμαθηκότες;
1819 893 1898 924 Οὗτοι
1916 897 1942 924 δὲ

317 947 453 970 noscent:
470 950 523 977 qua
543 942 577 969 de
604 949 698 974 causa,
723 943 759 970 ob
785 942 965 970 defectionem
990 943 1105 976 scilicet,

318 993 420 1016 tremor
433 989 543 1017 invadet
556 989 628 1017 illos.

352 1078 434 1106 Vens.
445 1079 488 1106 15.
498 1089 507 1105 ι
514 1079 578 1113 Quis
593 1080 764 1107 annuntiabit
775 1080 850 1108 vobis
859 1081 946 1115 ignem
960 1088 1106 1109 accensun.

315 1124 396 1151 esse?
411 1125 477 1158 Quis
493 1125 664 1153 aununtiabit
685 1126 760 1153 vobis
781 1126 869 1154 locum
887 1127 1038 1154 aeternum?
1054 1127 1105 1160 Qui

316 1169 440 1196 ambulat
455 1170 480 1196 in
500 1169 618 1204 justitia,
635 1170 681 1205 qui
701 1170 821 1205 loquitur
839 1176 939 1199 rectam
957 1169 1040 1206 viam,
1058 1174 1105 1208 qui

316 1215 374 1242 odit
390 1215 563 1248 iniquitatem
578 1221 606 1243 et
621 1216 792 1250 iujustitiam,
807 1217 853 1251 qui
868 1224 965 1244 manus
976 1219 1079 1246 excutit
1091 1226 1105 1246 τι

318 1261 488 1293 muneribus,
510 1262 555 1296 qui
583 1262 693 1289 obturat
713 1270 804 1293 aures,
822 1270 855 1289 ne
867 1263 958 1290 audiat
973 1263 1105 1296 judicium

316 1306 467 1340 sanguinis.
478 1307 522 1341 qui
530 1307 632 1334 claudit
641 1307 745 1339 oculos,
753 1317 786 1336 ne
795 1309 885 1336 videat
895 1308 1078 1343 iniquiiatem.
1093 1319 1102 1335 ι

316 1351 361 1378 Ait
376 1351 474 1386 igitur:
488 1361 496 1377 ι
512 1352 577 1385 Quis
586 1354 755 1381 atmunliabit
769 1354 843 1381 vobis
860 1355 949 1389 ignem
959 1362 1104 1383 accensum

316 1405 392 1430 csse,
410 1407 419 1421 ι
446 1403 569 1432 paratum
596 1399 702 1426 diabolo
732 1405 759 1427 et
792 1401 897 1436 angelis
927 1401 1007 1436 ejus?
1037 1401 1104 1434 Quis

316 1449 382 1477 ergo
395 1443 446 1470 ista
466 1444 618 1476 cognoscit,
632 1449 662 1472 ut
685 1445 779 1472 eadem
798 1446 984 1474 nescientibus
1009 1447 1105 1474 testiﬁ-

317 1492 413 1520 cetur,
430 1488 481 1515 nisi
509 1490 634 1528 quisquis
659 1491 780 1518 ambulat
809 1492 834 1518 in
863 1492 980 1526 justitia,
1003 1498 1030 1521 et
1048 1493 1105 1521 odit

316 1532 483 1568 impietatem
496 1539 523 1561 et
535 1535 694 1570 iujustitiam
708 1544 714 1568 ;
728 1536 745 1563 ii
773 1537 819 1572 qui
832 1545 946 1565 munera
961 1542 1102 1572 respuunt,

318 1583 345 1605 ct
361 1586 441 1606 aures
457 1579 595 1612 obturant,
613 1587 645 1607 ne
660 1581 772 1607 audiant
785 1581 918 1615 judicium
943 1584 1098 1618 sanguinis,

317 1624 466 1659 oculosque
485 1625 622 1659 claudunt,
642 1634 676 1653 ne
701 1627 810 1654 videant
835 1628 959 1663 iniquutn
976 1628 1104 1657 facinus?

317 1669 391 1698 Talis
404 1676 463 1698 erat
479 1672 579 1699 chorus
601 1673 795 1707 prophetarum
813 1673 871 1707 Dei,
887 1679 915 1701 et
931 1675 1046 1709 quilibet
1064 1677 1105 1703 vir

317 1716 469 1751 religiosus,
480 1717 579 1744 chorus
593 1717 654 1744 item
670 1718 853 1752 apostolorum
870 1723 898 1745 et
911 1719 1104 1753 discipulorum

318 1761 469 1789 Salvatoris
487 1764 585 1790 nostri.
601 1763 729 1798 Quisquis
746 1764 838 1799 igitur,
856 1765 943 1797 aiunt,
966 1766 1106 1801 hujusmo-

316 1807 344 1834 di
355 1807 417 1838 erit,
433 1807 456 1834 is
467 1808 639 1835 annuntiabit
654 1809 744 1841 nobis.
763 1809 853 1844 ignem
875 1810 967 1845 impiis
979 1816 1103 1845 paratum

317 1860 462 1880 accensum
480 1861 558 1880 esse:
578 1854 704 1889 idemque
725 1855 783 1890 ipse
804 1855 893 1882 locum
912 1857 991 1883 nobis
1008 1857 1103 1884 merui

312 1898 409 1933 judicii
427 1900 567 1933 iudicabit,
585 1905 755 1928 contestatus
767 1901 918 1928 cavendum
935 1908 1006 1935 esse,
1024 1906 1054 1930 ut
1071 1910 1105 1930 ne

316 1952 350 1973 co
362 1946 527 1974 decidamus.

354 2035 434 2063 \‘sns.
454 2035 496 2063 l6.
525 2044 535 2060 ι
567 2035 616 2063 Hic
639 2034 772 2063 habitabit
796 2036 822 2063 in
843 2036 951 2064 excelsa
970 2036 1104 2072 spelunca

315 2088 399 2115 petrae
416 2076 500 2108 [iitum
516 2090 523 2108 :
537 2080 615 2115 panis
628 2081 653 2108 ei
669 2081 788 2113 dabitur,
816 2086 843 2108 et
866 2089 934 2116 aqua
955 2082 1014 2116 eius
1039 2083 1104 2110 lide-

315 2127 360 2154 lis.
378 2137 386 2153 ι
404 2127 476 2154 Idem
495 2127 554 2162 ipse
578 2126 671 2160 procul
696 2127 758 2160 igne
771 2145 779 2158 ,
796 2131 824 2154 et
840 2133 989 2155 memorato
1001 2131 1105 2156 aeterno

315 2174 376 2201 loco
392 2178 511 2200 remotus
522 2194 530 2206 ,
547 2172 680 2200 habitabit
695 2173 723 2200 in
746 2172 852 2201 excelsa
868 2174 995 2208 spelunca
1008 2193 1015 2205 ,
1033 2179 1060 2201 et
1077 2174 1104 2201 in

315 2225 392 2254 petra
409 2219 498 2246 ﬁrma.
525 2217 678 2245 Secundum
696 2217 890 2253 Symmachum
906 2226 972 2246 vero
984 2237 993 2251 ,
1012 2227 1021 2244 ι
1045 2219 1104 2254 Ipse

316 2267 342 2293 in
357 2265 473 2293 excelsis
493 2264 649 2297 habitabit,
673 2264 750 2298 quasi
770 2265 938 2291 munimenta
966 2269 1103 2299 petrarum

314 2310 466 2338 sublimitas
480 2309 557 2344 ejus;
579 2318 588 2335 ι
605 2313 634 2335 ιιι
649 2316 682 2335 ex
703 2308 745 2336 his
759 2309 899 2336 beatorum
923 2309 1083 2336 exercitium
1096 2329 1105 2342 ,

313 2361 342 2385 et
357 2357 512 2384 institutum
526 2356 589 2383 vita:
608 2356 636 2382 in
662 2363 766 2382 summa
789 2354 961 2389 philosophia
987 2354 1105 2389 positum

314 2403 518 2439 intelligamus:
534 2402 710 2437 quamobrem
732 2401 859 2434 infertur,
881 2410 890 2427 ι
908 2400 990 2429 Panis
1014 2402 1039 2428 ei
1056 2401 1104 2428 da-

312 2450 397 2484 bitur,
410 2455 438 2476 et
452 2457 521 2484 aqua
537 2449 596 2484 ejus
616 2448 712 2477 fidelis.
734 2458 743 2475 ι
762 2448 835 2476 Talis
848 2453 938 2476 autem
955 2449 1037 2476 homo
1055 2457 1105 2484 pa-

314 2506 347 2524 ne
357 2502 384 2524 et
394 2504 465 2531 aqua
487 2496 512 2523 in
528 2497 655 2531 praesenti
671 2496 726 2523 vita
747 2497 781 2523 ad
799 2497 958 2524 alimentum
981 2505 1056 2529 usus,
1073 2496 1102 2523 iu

312 2543 520 2572 exercitationis
540 2543 684 2571 terminum
701 2549 728 2571 et
747 2544 877 2577 fructum,
896 2545 1042 2581 gloriosam
1061 2551 1103 2572 re-

313 2591 355 2625 gis
368 2590 622 2624 contemplationem
636 2589 736 2617 referet
749 2601 756 2618 :
776 2597 943 2626 quapropter
954 2592 992 2619 ait
1007 2601 1015 2619 :

348 2639 431 2667 Vens.
449 2639 557 2667 17-19.
586 2647 595 2664 t
614 2638 714 2674 Regem
747 2645 808 2666 eum
842 2638 927 2673 gloria
956 2637 1102 2671 videbitis,

313 2686 384 2713 oculi
403 2686 486 2713 vestri
509 2689 623 2713 cerneut
650 2689 748 2712 terram
765 2684 862 2719 procul
878 2693 884 2711 :
901 2684 993 2711 anima
1010 2689 1101 2711 vestra

314 2731 487 2760 meditabitur
510 2732 647 2760 timorem.
683 2730 730 2758 Ubi
755 2736 819 2759 sunt
845 2730 1034 2765 grammatici?
1058 2730 1102 2756 ubi

314 2778 485 2805 consiliarii?
508 2778 551 2805 ubi
571 2782 612 2805 est
624 2797 632 2810 ,
647 2777 694 2810 qui
711 2781 836 2804 numerat
848 2784 895 2804 eos
910 2777 957 2811 qui
982 2776 1104 2802 nutriunt

313 2831 426 2857 parvum
437 2829 464 2851 et
476 2832 603 2859 magnum
621 2823 747 2858 populum
761 2823 772 2849 ί
795 2824 838 2851 cui
853 2830 906 2849 non
923 2822 998 2850 dedit
1015 2821 1104 2848 cousi-

314 2870 380 2898 lium
393 2890 400 2904 ,
416 2878 502 2906 neque
525 2871 604 2899 scivit
621 2877 715 2899 vocem
742 2870 922 2904 altiloquam;
941 2869 977 2896 ita
999 2873 1027 2896 ut
1050 2875 1102 2896 non

1119 2241 1142 2269 D

1158 941 1234 967 αὐτοὶ
1257 941 1374 967 εἴσονται
1404 941 1478 972 ὅπως
1507 941 1663 976 ἀπέστησάν
1694 950 1754 977 μου,
1774 943 1799 968 οἰ
1825 943 1855 969 ὲν
1877 943 1943 970 Σιὼν

1158 987 1253 1022 ἄνομοι
1264 995 1270 1002 ·
1289 984 1319 1014 οὗ
1333 987 1413 1022 χάριν
1433 986 1476 1013 διὰ
1492 986 1541 1022 τὴν
1557 987 1723 1014 ἀποστασίαν
1748 988 1847 1021 αὐτῶν,
1865 988 1943 1024 λήψε-

1157 1040 1202 1058 ται
1214 1032 1314 1063 αὐτοὺς
1329 1031 1438 1068 τρόμος.

1195 1087 1205 1104 ς
1219 1078 1267 1110 Τίς
1282 1078 1427 1112 ἀναγγελεῖ
1441 1078 1505 1113 ὑμῖν
1529 1078 1570 1104 ὅτι
1585 1077 1641 1114 πῦρ
1657 1079 1780 1112 καίεται;
1797 1079 1847 1111 Τίς
1861 1080 1942 1114 ἀναγ-

1156 1123 1230 1158 γελεῖ
1244 1124 1308 1159 ὑμῖν
1326 1124 1373 1150 τὸν
1395 1124 1477 1150 τόπον
1499 1123 1545 1150 τὸν
1567 1123 1690 1156 αἰώνιονς
1714 1125 1900 1160 Πορευόμενος
1915 1126 1942 1151 ὲν

1156 1169 1321 1206 δικαιοσύνῃ,
1337 1168 1425 1195 λαλῶν
1447 1168 1555 1195 εὐθεῖαν
1572 1169 1642 1200 666v,
1660 1169 1746 1204 μισῶν
1762 1170 1876 1205 ἀνομίαν
1895 1171 1941 1197 καὶ

1157 1214 1273 1246 ἀδικίαν,
1288 1213 1398 1246 καὶτὰς
1426 1215 1519 1249 χεῖρας
1542 1214 1736 1248 ἀποσειόμενος
1760 1214 1816 1241 ἀπὸ
1839 1214 1941 1251 δώρων,

1157 1259 1281 1295 βαρύνων
1299 1259 1333 1285 τὰ
1348 1256 1420 1292 ὦτα,
1443 1260 1486 1286 ἵνα
1509 1259 1547 1295 μὴ
1581 1260 1684 1296 ἀκούσῃ
1701 1261 1792 1297 κρίσιν
1815 1261 1940 1296 αἵματος,

1156 1303 1292 1338 καμμύων
1317 1303 1381 1335 τοὺς
1406 1303 1578 1339 ὀφθαλμοὺς,
1603 1304 1646 1331 ἵνα
1669 1304 1705 1340 μὴ
1732 1304 1774 1342 ἴδῃ
1798 1306 1939 1333 ἀδικίαν.»

1155 1349 1224 1384 Φησὶ
1239 1349 1314 1383 γοῦν,
1332 1359 1342 1374 ι
1354 1348 1402 1380 Τίς
1421 1349 1565 1384 ἀναγγελεῖ
1583 1350 1646 1386 ὑμῖν
1667 1351 1707 1377 ὃτι
1729 1350 1918 1387 πῦρτκαίεται,
1929 1362 1939 1379 ι

1155 1395 1185 1421 τὸ
1201 1395 1401 1430 ἡτοιμασμένον
1420 1395 1459 1431 τῷ
1480 1396 1595 1431 διαϐόλῳ
1617 1397 1664 1423 καὶ
1683 1398 1739 1428 τοῖς
1756 1397 1881 1431 ἀγγέλσλῖ
1896 1398 1943 1425 αύ-

1154 1441 1219 1474 τοῦ;
1242 1441 1290 1473 Τίς
1309 1440 1356 1468 οὖν
1372 1442 1445 1469 ἐστιν
1462 1443 1477 1468 6
1490 1442 1578 1469 ταῦτα
1598 1442 1685 1475 εἰδὼς,
1700 1443 1748 1470 καὶ
1770 1445 1826 1475 τοῖς
1849 1444 1887 1480 μὴ
1906 1445 1942 1470 εἰ-

1153 1488 1210 1515 δόσι
1232 1488 1542 1524 προσ-μαρτυρούμενος,
1566 1489 1582 1524 ἢ
1607 1489 1662 1521 πᾶς
1679 1489 1694 1515 6
1709 1489 1893 1525 πορευόμενος
1915 1491 1942 1518 ἓν

1154 1534 1326 1569 δικαιοσύνῃ,
1344 1534 1390 1561 καὶ
1408 1535 1463 1565 πᾶς
1482 1535 1496 1561 6
1513 1535 1599 1569 μισῶν
1617 1535 1742 1562 ἀσέϐειαν
1762 1536 1808 1562 καὶ
1827 1537 1941 1568 ἀδικίαν,

1153 1579 1315 1615 δωροδοκίαν
1339 1588 1369 1605 τε
1390 1579 1639 1615 ἀποστρεφόμενοι,
1667 1580 1713 1607 καὶ
1728 1580 1763 1607 τά
1786 1577 1844 1607 ὦτα
1861 1582 1945 1616 φράτ-

1153 1634 1245 1657 τοντες
1259 1626 1307 1652 τοῦ
1322 1625 1359 1661 μὴ
1374 1625 1487 1652 ἀκοῦσαι
1504 1625 1592 1660 κρίσιν
1605 1620 1728 1660 αἵματος,
1746 1625 1868 1661 μυῶντες
1883 1627 1944 1659 τοὺς

1154 1671 1309 1708 ὀφθαλμοὺς
1325 1671 1372 1698 τοῦ
1398 1672 1435 1707 μὴ
1450 1671 1561 1707 θεωρεῖν
1577 1671 1668 1698 ἄδικον
1685 1671 1802 1708 πρᾶξιν;
1818 1673 1943 1705 Τοιοῦτος

1154 1717 1183 1743 δὲ
1195 1715 1229 1752 ἦν
1240 1718 1254 1743 6
1272 1717 1351 1754 χορὸς
1364 1717 1418 1743 τῶν
1432 1716 1579 1752 προφητῶν
1591 1717 1639 1743 τοῦ
1658 1717 1736 1750 Θεοῦ,
1752 1718 1799 1744 καὶ
1816 1719 1871 1749 πᾶς
1887 1718 1943 1745 θεο-

1156 1763 1234 1798 φιλὴς
1250 1763 1330 1798 ἀνὴρ,
1344 1763 1358 1789 6
1369 1771 1400 1789 τε
1416 1763 1496 1798 χορὸς
1511 1763 1564 1790 τῶν
1582 1763 1738 1790 ἀποστόλων
1753 1764 1801 1790 καὶ
1815 1764 1943 1801 μαθητῶν

1156 1809 1281 1844 Σωτῆρος
1300 1808 1387 1844 ἡμῶν.
1412 1809 1469 1840 Πᾶς
1488 1809 1578 1835 τοίνυν
1601 1810 1616 1835 6
1631 1809 1750 1841 τοιοῦτος
1775 1810 1943 1845 ἀπαγγέλλει

1155 1856 1231 1890 ἡμῖν,
1247 1856 1322 1890 φασὶ,
1343 1856 1410 1882 διότι
1433 1855 1490 1891 πῦρ
1511 1855 1616 1882 καίεται
1639 1857 1696 1888 τοῖς
1720 1856 1845 1884 ἀσεϐέσιν
1872 1858 1944 1893 ἡτοι-

1158 1901 1309 1936 μασμένον·
1333 1901 1347 1927 6
1367 1901 1396 1927 δὲ
1419 1901 1500 1932 αὐτὸς
1522 1901 1570 1927 καὶ
1592 1901 1637 1927 τὸν
1659 1901 1742 1928 τόπον
1763 1902 1814 1937 τῆς
1833 1903 1944 1931 αἰωνίου

1155 1947 1272 1982 κρίσεως
1292 1946 1406 1982 δηλώσει
1428 1947 1503 1981 ἡμῖν,
1526 1948 1820 1984 προσμαρτυρούμενος
1841 1951 1945 1985 φυλάτ-

1155 1993 1248 2020 τεσθαι
1268 1992 1305 2029 μὴ
1320 1994 1480 2028 περιπεσεῖν
1492 1993 1533 2025 εἰς
1546 1993 1640 2030 αὑτήν.

1193 2049 1202 2065 ‹
1217 2037 1300 2071 Οὗτος
1316 2040 1419 2075 οἰκήσει
1445 2039 1473 2066 ὲν
1499 2039 1592 2076 ὑψήλῳ
1608 2040 1731 2076 σπηλαίῳ
1750 2041 1853 2077 πέτρας
1869 2042 1947 2078 laxu-

1157 2086 1220 2121 ρᾶς·
1249 2085 1330 2121 ἄρτος
1354 2084 1427 2120 αὐτῷ
1455 2084 1607 2120 δοθήσεται,
1630 2086 1677 2112 καὶ
1702 2086 1733 2112 1:6
1760 2086 1833 2123 ὕδωρ
1861 2087 1947 2114 αὑτοῦ

1156 2130 1261 2156 πιστόν.
1281 2139 1290 2155 ι
1307 2130 1392 2161 Αὐτὸς
1413 2130 1441 2156 δὲ
1466 2126 1554 2162 οὗτος,
1573 2131 1681 2166 μιικράν
1695 2130 1742 2157 τοῦ
1766 2132 1850 2167 πυρὸς
1867 2141 1948 2167 γεγο-

1156 2175 1209 2207 νὼς
1224 2176 1329 2202 καὶτοῦ
1349 2176 1544 2211 προλεχθέντος
1560 2177 1669 2203 αἰωνίου
1684 2177 1778 2210 τόπου,
1794 2180 1903 2213 οἰκήσει
1918 2180 1947 2205 ὲν

1157 2221 1251 2257 ὑψηλῷ
1277 2221 1411 2257 σπηλαίῳ,
1432 2223 1480 2249 καὶ
1503 2223 1550 2248 ἐπὶ
1570 2223 1673 2258 πέτρας
1691 2224 1812 2259 ἰσχυρᾶς.
1826 2225 1908 2252 Κατά
1920 2226 1948 2252 δὲ

1155 2268 1201 2295 τὺν
1212 2268 1371 2303 Σύμμαχον,
1399 2277 1408 2294 ι
1433 2268 1527 2300 Ἀὐτὸς
1544 2269 1572 2295 ὲν
1589 2269 1702 2303 ὑψηλοῖς
1725 2271 1947 2305 κατασκηνώσει.

1155 2314 1193 2346 ὡς
1211 2315 1337 2349 περιοχαὶ
1351 2313 1460 2350 πετρῶν
1469 2313 1500 2340 τὸ
1514 2314 1580 2349 ὕψος
1591 2313 1673 2341 αὐτοῦ
1682 2323 1689 2330 ·
1707 2324 1717 2341 ι
1731 2315 1768 2346 ὡς
1785 2317 1856 2342 νοεῖν
1871 2318 1949 2352 ἡμᾶς

1155 2359 1198 2386 διά
1214 2359 1316 2386 τούτων
1335 2359 1383 2396 τὴν
1407 2360 1461 2387 τῶν
1475 2361 1617 2396 μακαρίων
1630 2361 1755 2396 ἄσκησιν,
1776 2362 1822 2388 καὶ
1845 2363 1895 2389 τὸν
1920 2365 1949 2390 ὲν

1156 2406 1299 2442 ἀκροτάτῳ
1314 2406 1472 2441 φιλοσοφίας
1492 2407 1548 2442 βίον
1570 2407 1658 2433 αὐτῶν
1670 2415 1676 2422 ·
1705 2407 1746 2434 διὸ
1770 2408 1950 2442 ὲπιλέγετας,

1159 2462 1168 2478 ι
1187 2453 1269 2488 ἄρτος
1282 2453 1356 2488 αὖτῷ
1369 2453 1522 2488 δοθήσεται,
1536 2454 1583 2480 καὶ
1593 2453 1622 2480 τὺ
1635 2453 1707 2489 ὕδωρ
1722 2455 1803 2481 αὐτοῦ
1818 2456 1947 2482 πιστόν.)

1163 2500 1192 2526 Ὁ
1207 2500 1235 2526 δὲ
1247 2500 1377 2531 τοιοῦτος,
1397 2500 1471 2535 ἄρτῳ
1488 2500 1536 2527 καὶ
1554 2499 1629 2527 ὕδατι
1643 2500 1693 2536 τὴν
1709 2501 1850 2536 παροῦσαν
1870 2501 1949 2538 ζωὴν

1157 2545 1297 2581 ἀσκηθεὶς,
1316 2545 1402 2581 πέρας
1416 2545 1471 2577 ἕξει
1488 2545 1535 2572 καὶ
1548 2545 1653 2581 καρπὸν
1670 2546 1720 2581 τῆς
1735 2547 1882 2583 ἀσκήσεως
1897 2549 1951 2583 τὴν

1157 2590 1260 2624 ἔνδοξον
1271 2592 1317 2618 τοῦ
1333 2591 1464 2626 βασιλέως
1475 2591 1539 2618 θέαν
1549 2600 1556 2607 ·
1570 2592 1610 2618 διό
1622 2601 1703 2628 φησιν
1715 2601 1722 2608 ο

1194 2647 1203 2663 ι
1223 2637 1337 2664 Βασιλέα
1354 2638 1422 2673 μετά
1443 2637 1522 2674 δόξης
1534 2638 1642 2672 ὄψεσθε,
1661 2639 1686 2665 oi
1707 2639 1842 2675 ὀφθαλμοὶ
1868 2640 1952 2676 ὑμῶν

1156 2684 1265 2718 ὄψονται
1282 2684 1334 2719 γῆν
1347 2683 1498 2719 πορρωθεν,
1514 2684 1530 2719 ἡ
1547 2684 1619 2720 ψυχὴ
1640 2684 1876 2721 ὐμῶν-μελετήσει
1900 2685 1953 2720 φό-

1156 2730 1213 2756 δον.
1231 2730 1286 2756 Ποῦ
1300 2730 1367 2756 εἰσιν
1380 2730 1404 2756 οἱ
1421 2731 1620 2766 γραμματικοί;
1637 2730 1692 2757 Ποῦ
1705 2732 1773 2758 εἰσιν
1783 2731 1808 2758 οἱ
1824 2731 1953 2768 συμϐου-

1156 2775 1296 2808 λεύοντες;
1322 2776 1377 2802 Ποῦ
1401 2777 1474 2802 ἐστιν
1500 2777 1514 2802 ὁ
1537 2776 1661 2812 ἀριθμῶν
1681 2778 1744 2809 τοὺς
1758 2778 1952 2814 τρεφομένους

1158 2821 1255 2857 μικρὸν
1273 2821 1319 2848 καὶ
1347 2821 1432 2857 μέγαν
1446 2822 1526 2854 λαόν;
1542 2818 1564 2856 ᾧ
1583 2821 1614 2848 οὺ
1633 2822 1871 2857 συνεϐουλεύσατο,
1886 2823 1952 2850 οὐδὲ

1157 2867 1215 2903 ᾔδει
1233 2865 1400 2902 βαθύφωνον,
1418 2867 1488 2895 ὥστε
1513 2868 1550 2903 μὴ
1567 2867 1696 2895 ἀκοῦσαι·
1726 2869 1789 2900 λαὸς
1806 2869 1952 2904 πεφαυλι-
