2044 3215
152 174 206 203 ω

612 171 860 200 COMMENTARIA
880 171 915 199 IN
937 169 1064 199 ISAIAM.
1084 185 1119 191 —
1137 168 1213 198 CAP.
1235 166 1353 202 XXXIII.

1725 167 1777 195 530

153 230 261 265 σμένος,
284 230 331 256 καὶ
357 229 407 256 οὐκ
431 229 489 255 ἔστι
517 228 554 263 τῷ
583 229 707 255 ἀκούοντι
720 229 836 260 σύνεσις.
857 239 865 254 ι
886 229 939 255 Ποῦ

1004 229 1084 254 ιυάίιιι
1101 238 1106 254 :
1128 227 1242 261 populus
1257 231 1426 260 contemptus
1441 246 1448 258 ,
1472 229 1499 252 et
1522 233 1573 252 non
1589 230 1630 252 est
1655 226 1774 253 audienti

152 276 221 301 εἰσιν
234 275 258 301 οἱ
277 276 461 310 γραμματεῖς,
479 276 503 300 ot
517 274 547 300 τὺ
567 274 683 310 γράμμα
702 275 749 301 τοῦ
770 275 851 310 νόμου
877 283 942 308 πρε-

154 321 328 352 σϐεύσαντες,
347 321 394 347 καὶ
413 320 474 356 μηδ’
486 320 579 355 ἕτερον
593 320 695 352 ειδότες
708 322 777 347 νοεῖν
793 321 809 356 ἢ
828 320 878 352 τὰς
893 321 942 355 τῆς

153 365 251 398 λέξεως
271 366 460 403 ἀπαγγελίας;
489 365 540 398 Oli;
569 365 725 398 ἐταλᾶνιζεν
748 367 762 393 ὁ
790 366 884 401 Σωτὴρ
915 366 943 392 ἐν

153 411 329 446 Εὑαγγελίοις
356 411 461 445 λέγων·
484 420 493 437 ‹
514 412 581 438 Οὐαὶ
611 412 685 447 ὑμῖν,
699 412 872 446 γραμματεῖς
898 411 944 437 καὶ

154 459 293 494 Φαρισαῖοι
308 458 464 494 ὑποκριταί.
485 468 494 484 ι
516 458 570 484 Ποῦ
593 458 647 494 γὰρ
677 454 751 484 οὗτοι
780 457 944 493 φανήσονται

155 506 183 534 ὲν
197 504 289 541 ἡμέρᾳ
305 504 355 539 τῆς
367 503 499 539 κρίσεως;
525 504 549 530 οἳ
567 504 680 535 κόλακες
705 503 864 538 ἑξέστρεφον
882 503 945 534 τοὺς

156 550 388 585 κολακευομένους
401 550 502 582 αὐτοῖς.

193 605 203 622 α
227 596 292 623 Ἰδοὺ
304 596 373 622 Σιὼν
387 597 404 631 ή
420 596 506 627 πόλις,
523 595 553 621 τὸ
570 595 706 630 Σωτήριον
723 594 801 630 ἡμῶν
813 595 837 620 οἱ
848 593 948 628 ὀφθαλ-

158 641 203 676 μοί
220 649 267 668 σου
279 640 399 676 ὄψονται,
414 640 590 676 Ἰερουσαλήμ
600 649 606 655 ·
623 640 698 671 πόλις
712 639 836 674 πλουσία,
851 640 948 674 σκηναὶ

157 687 185 713 αἳ
198 687 229 713 οὺ
243 687 281 722 μὴ
300 686 453 718 σεισθῶσιν,
470 687 529 714 οὐδὲ
548 687 584 722 μὴ
607 685 753 722 κινηθῶσιν
774 686 799 712 οἱ
817 685 947 711 πάσσαλοι

155 733 207 768 τῆς
225 732 328 768 σκηνῆς
350 733 435 767 αὐτῆς
463 733 502 764 εἰς
518 733 563 758 τὸν
587 732 671 759 αἰῶνα
698 731 803 768 χρόνον,
829 730 889 757 οὐδὲ
914 731 948 757 τὰ

159 778 261 814 σχοινία
272 778 357 814 αὐτῆς
368 778 398 804 οὐ
414 779 451 814 μὴ
466 777 661 814 διαρραγῶσιν.
685 788 694 803 ι
710 777 841 813 Σημαίνει
863 777 891 803 δὲ
905 776 948 803 διὰ

156 824 258 851 τούτων
272 825 286 851 ὁ
300 824 387 859 λόγος,
405 825 541 860 Σωτήρων
557 825 605 860 μὲν
619 825 664 850 τὸν
676 823 793 859 Χριστὸν
807 823 854 850 τοῦ
871 823 948 854 Θεοῦ,

158 871 235 898 πόλιν
247 871 277 897 δὲ
295 870 396 906 ἑορτῶν
409 870 456 906 τὴν
478 869 640 905 Ἐκκλησίαν
655 869 702 896 τοῦ
722 868 800 895 Θεοῦ.
822 869 878 904 Τῆς
901 868 950 903 μὲν

157 917 214 954 γὰρ
236 918 383 953 Ἰουδαϊκῆς
397 916 574 952 Ἰερουσαλὴμ
596 916 726 947 πολλάκις
745 914 906 950 ἐσείσθησαν
920 915 947 940 αἱ
966 907 986 933 Β

157 963 268 1001 σκηναὶ,
282 963 509 999 πολιορκηθείσης
521 962 656 998 διαφόρως
668 962 714 988 καὶ
724 962 764 993 εὶς
774 961 871 996 ἔδαφος
882 969 948 988 κατ-

157 1009 314 1046 ενεχθείσης
338 1009 390 1036 ὑπὸ
421 1009 476 1036 τῶν
508 1008 579 1035 κατὰ
599 1008 711 1043 χρόνους
736 1007 948 1043 πολεμησάντων

158 1055 259 1091 αὐτήν-
286 1055 337 1091 τῆς
363 1055 391 1081 δὲ
419 1054 517 1089 καινῆς
546 1053 648 1088 ταύτης
679 1053 783 1084 πόλεως
803 1053 948 1087 ἀκινήτους

158 1102 242 1138 φησὶν
259 1101 368 1128 εσεσθαι
392 1102 455 1133 τοὺς
475 1100 639 1132 πασσάλους.
664 1099 723 1127 Κᾶν
747 1099 802 1135 γὰρ
821 1099 949 1135 νομίζητὲ

158 1157 225 1175 ποτε
237 1149 266 1175 ὲν
282 1148 413 1184 διωγμοῖς
427 1147 587 1174 ἐλαύνεσθαι
602 1147 649 1173 καὶ
665 1145 876 1181 πολιορκεῖσθαι,
893 1145 949 1172 ἀλλ’

158 1193 206 1220 ἐπὶ
217 1193 268 1229 τὴν
285 1193 387 1228 πέτραν
405 1192 511 1219 ἑστῶσα
533 1192 606 1228 μένει
628 1191 662 1218 δι’
684 1191 781 1222 αἰῶνος
808 1191 947 1222 anum;-

159 1238 277 1274 ἀψευδὴς
288 1240 342 1274 γὰρ
358 1236 391 1274 ἦν
404 1239 418 1264 ὸ
431 1237 515 1264 εἰπών
528 1246 534 1253 ·
555 1247 564 1263 ε
587 1237 649 1264 Ἐπὶ
660 1237 713 1272 ’τὴν
730 1236 831 1272 πέτραν
847 1236 950 1263 οἰκοδο⁶

161 1285 240 1321 μήσω
256 1293 306 1320 μου
320 1284 369 1319 τὴν
385 1283 560 1319 Ἐκκλησίαν,
577 1284 624 1310 καὶ
644 1283 727 1310 πύλαι
751 1282 814 1318 ᾅδου
838 1282 869 1308 οὐ
883 1291 949 1309 κατ-

162 1330 318 1366 ισχύσουσιν
332 1330 427 1366 αὐτῆς.
446 1341 455 1356 ι

197 1386 207 1402 ι
225 1374 287 1403 Ὀτι
309 1375 340 1402 τὸ
353 1375 438 1411 ὄνομα
466 1375 568 1412 Κυρίου
594 1376 667 1411 μέγα
688 1376 771 1411 ὑμῖν.
792 1375 873 1406 τόπος
887 1376 951 1410 ὑμῖν

160 1421 246 1454 ἔσται,
261 1422 379 1458 ποταμοὶ
389 1422 437 1449 καὶ
457 1421 588 1458 διώρυγες
604 1423 716 1454 πλατεῖς
729 1423 776 1449 καὶ
790 1422 949 1458 εὐρύχωροι.

161 1468 199 1495 υῦ
219 1467 447 1504 πορεύσῃταύτην
459 1468 509 1503 τὴν
522 1468 590 1500 ὁδὸν,
607 1468 667 1494 οὐδὲ
684 1467 846 1503 πορεύσεται
860 1468 951 1494 πλοῖον

163 1515 282 1542 ὲλαῦνον.
309 1515 338 1541 '0
364 1515 419 1550 γὰρ
437 1514 504 1547 Θεός
535 1524 585 1551 μου
613 1515 700 1550 μέγας
721 1515 810 1541 ἐστίν·
826 1515 856 1540 οὺ
879 1523 951 1550 παρ-

163 1561 301 1588 ελεύσεται
319 1569 353 1597 με
378 1560 480 1597 Κύριος
504 1562 600 1597 κριτὴς
630 1561 719 1597 ήμῶν,
739 1561 840 1596 Κύριος
860 1561 951 1597 ἄρχων

162 1602 252 1643 ⁴ἡμῶν,
270 1607 374 1643 Κύριος
392 1607 519 1643 βασιλεὺς
541 1607 631 1643 ἡμῶν,
659 1608 760 1644 Κύριος
786 1604 864 1639 οὗτος
879 1608 953 1643 ἡμᾶς

162 1653 255 1682 σώσει.
272 1664 281 1680 ι
297 1654 368 1681 Αὐτὸ
391 1653 422 1680 τὸ
441 1653 536 1690 ὄνομα,
554 1655 630 1690 φησι,
649 1655 751 1689 Κυρίου
770 1655 851 1686 τόπος
876 1653 953 1680 ἔσται

162 1699 248 1736 ταύτῃ
260 1702 293 1735 τῇ
308 1700 388 1735 καινῇ
400 1699 476 1726 πόλει
493 1701 525 1735 τῇ
541 1700 658 1735 ἀσείστῳ
677 1700 723 1727 καὶ
740 1699 871 1734 ἁπτὼτῳ·
900 1698 954 1725 διό-

163 1753 228 1780 περ,
240 1745 277 1776 ὡς
291 1745 324 1771 ἂν
340 1745 387 1771 ἐπὶ
400 1744 446 1771 τὸν
462 1744 573 1780 Κύριον,
583 1745 664 1772 τόπον
673 1745 736 1772 ὄντα
750 1745 845 1780 αὐτῆς,
856 1744 954 1780 ᾠκοδο-

165 1790 285 1826 μημένη,
298 1790 421 1822 ἄσειστος
445 1790 529 1825 μένει.
551 1790 589 1817 Δι’
606 1787 643 1817 ὧν
657 1792 672 1818 ὁ
692 1791 769 1825 λόγος
791 1791 840 1826 τῆς
856 1790 953 1825 προλε-

164 1835 278 1870 χθείσ-ης
291 1835 392 1866 πόλεως
405 1834 449 1861 τὸν
465 1834 566 1871 Κύριον
580 1843 661 1870 φησιν
673 1835 783 1861 ἔσεσθαι
798 1835 889 1867 τόπον,
907 1843 954 1861 πο-

164 1880 261 1916 ταμῶν
276 1880 370 1916 ῥεῖθρα
385 1881 500 1915 ἐχόντων
516 1881 561 1908 καὶ
583 1881 720 1917 διώρυγας
733 1881 844 1912 πλατεῖς
854 1889 861 1896 ·
880 1880 953 1907 ὥστε

165 1927 272 1962 λέγειν·
289 1936 299 1952 ι
313 1926 366 1953 Τοῦ
381 1926 502 1962 ποταμοῦ
513 1927 546 1953 τὰ
560 1927 706 1962 ὁρμήματα
721 1926 894 1962 εὐφραίνουσι
906 1926 954 1961 τὴν

165 1972 244 2000 πόλιν
255 1973 302 1999 τοῦ
316 1972 395 2005 Θεοῦ,
415 1983 424 1999 ι
441 1973 488 1999 καὶ
504 1983 512 1998 ι
537 1973 566 1999 Ὀ
584 1972 706 2007 ποταμὸς
722 1971 769 1998 τοῦ
785 1972 853 1998 Θεοῦ
876 1971 955 2005 ἐπλη-

167 2018 241 2057 ρώθη
260 2019 373 2050 ὑδάτων,
394 2029 403 2044 ι
416 2018 460 2046 διὰ
483 2019 513 2045 τὸ
535 2019 616 2045 αὐτὸν
634 2018 679 2044 τὸν
694 2017 795 2053 Κύριον
817 2015 886 2044 εἶναι
910 2017 955 2043 τὸν

167 2064 250 2092 τόπον
275 2065 374 2093 αὐτῶν.
388 2064 469 2091 Ὅθεν
492 2064 598 2100 ἐχθροῖς
626 2064 673 2091 καὶ
696 2064 837 2099 πολεμίοις
861 2063 955 2090 ἀνεπι-

167 2111 246 2138 δατοι
259 2111 437 2146 τυγχάνουσιν
450 2111 475 2137 οἱ
499 2111 626 2145 ποταμοὶ,
641 2111 690 2146 τὴν
705 2109 896 2146 προλεχθεῖσαν
908 2109 955 2135 τοῦ

167 2157 236 2184 θεοῦ
252 2156 330 2183 πόλιν
343 2157 403 2183 ἀντὶ
419 2156 561 2191 περιϐόλου
589 2156 750 2188 κυκλοῦντες
773 2156 819 2182 καὶ
835 2164 956 2191 περιτει-

166 2204 288 2239 χίζοντες
297 2211 304 2217 ·
317 2203 355 2235 ὡς
362 2204 444 2229 πᾶσιν
452 2202 601 2237 ἀλλοτρίοις
612 2202 756 2230 ἀδιάϐατον
766 2200 834 2229 εἶναι
842 2211 848 2218 ·
862 2201 955 2237 ἐπειδὴ

994 274 1182 309 intelligentia.
1201 282 1210 298 ι
1231 272 1281 300 Ubi
1298 277 1361 300 sunt
1385 271 1489 299 Scribze
1502 291 1510 304 ,
1534 272 1578 306 qui
1602 271 1668 306 legis
1684 271 1780 299 littera:

994 320 1211 355 patrocinantur,
1229 318 1353 353 nihilque
1368 317 1441 345 a‘liud
1456 318 1597 353 cogitant,
1622 325 1703 351 quam
1728 318 1779 345 ob-

995 366 1065 393 viam
1078 365 1206 393 dictionis
1223 365 1438 392 enuntiationetn
1453 364 1464 390 ?
1488 364 1561 397 Quos
1579 364 1693 391 miseros
1709 371 1780 399 prae-

996 411 1103 439 dicabat
1120 411 1245 438 Salvator
1268 410 1294 437 in
1309 410 1461 445 Evangeliis
1474 409 1565 437 diccns
1577 429 1584 441 ,
1603 419 1612 435 ι
1634 408 1678 436 ναι
1696 410 1782 442 vobis,

999 458 1102 485 Scriba:
1116 462 1143 484 ct
1160 457 1290 484 Pharisaei
1308 457 1453 492 hypocrita:
1467 456 1500 483 η.
1521 465 1529 481 ι
1551 454 1664 482 Ubinam
1682 455 1719 482 illi
1734 462 1782 490 ap-

998 506 1130 540 parebunt
1144 505 1171 531 in
1190 504 1232 531 die
1245 503 1363 538 iudicii?
1379 504 1436 537 qui,
1452 507 1544 538 utpote
1560 502 1725 535 adulatores,
1736 510 1783 530 eos

998 551 1097 586 quibus
1114 550 1320 578 asscntabantur
1332 551 1502 577 avertebant.

1033 597 1116 625 Vens.
1132 597 1177 625 20.
1195 606 1204 622 ι
1224 596 1293 624 Ecce
1310 595 1375 623 Sion
1390 595 1487 623 civitas
1500 616 1508 629 ,
1522 595 1648 622 Salutare
1662 599 1784 633 nostrum

998 644 1069 671 oculi
1084 644 1119 671 tui
1134 642 1274 675 videbunt,
1290 641 1440 669 Jerusalem
1451 663 1459 674 ,
1471 642 1569 669 civitas
1585 642 1660 669 dives
1671 662 1680 674 ,
1696 641 1787 668 taber-

999 690 1094 717 nacula
1111 697 1172 724 quae
1196 696 1250 716 non
1273 688 1471 721 concutientur,
1492 695 1579 722 neque
1607 687 1788 715 movebuntur

1000 735 1091 770 paxilli
1111 734 1277 762 tabernaculi
1302 733 1361 769 ejus
1388 734 1415 761 in
1438 734 1631 768 sempiternum
1659 738 1766 768 tempus
1780 753 1787 764 .

1001 788 1087 815 nequc
1104 780 1217 808 funiculi
1234 779 1292 815 ejus
1317 780 1514 814 dirumpeutur.
1544 789 1554 806 ι
1580 779 1628 807 His
1644 788 1727 815 porro
1751 781 1790 806 εἰη

1000 828 1122 863 gniﬁcat,
1140 826 1266 854 Salutare
1279 826 1387 861 quidem
1403 833 1464 853 esse
1477 826 1614 853 Christum
1626 826 1689 859 Dei,
1708 825 1791 853 festo-

1004 882 1062 901 rum
1089 880 1151 901 vero
1174 873 1313 900 civitatem
1339 879 1399 899 esse
1417 872 1464 898 Dei
1481 871 1642 898 Ecclesiam.
1660 870 1728 899 Nam
1742 870 1791 898 Ju-

1003 920 1086 947 daicm
1109 919 1218 954 quidem
1231 917 1426 953 Hierosolyma:
1443 917 1614 945 tabernacula
1631 917 1792 953 plerumque

1002 973 1129 993 succussa
1145 970 1209 993 sunt
1230 965 1257 992 in
1274 963 1359 991 variis
1376 963 1429 990 illis
1451 963 1638 991 obsidionibus
1650 983 1658 997 .
1683 964 1790 998 quando

1003 1011 1046 1038 illa
1064 1011 1097 1038 ab
1113 1009 1329 1044 expugnantibus
1341 1009 1400 1036 solo
1422 1017 1476 1036 non
1490 1010 1575 1037 semel
1590 1014 1696 1044 aequata
1715 1010 1787 1043 fuit;

1003 1064 1079 1084 nova:
1094 1061 1183 1084 autem
1206 1054 1319 1089 hujusce
1340 1055 1414 1083 urbis
1430 1055 1555 1083 immotos
1575 1055 1613 1082 ait
1629 1055 1689 1083 fore
1702 1056 1790 1090 paxil-

1004 1103 1053 1130 los.
1071 1102 1184 1129 Etiamsi
1198 1101 1271 1129 enim
1286 1100 1387 1136 putetis
1411 1108 1604 1136 nonnunquam
1621 1109 1669 1129 vos
1682 1101 1709 1129 in
1725 1109 1788 1136 per-

1003 1148 1188 1176 sccutionibus
1201 1147 1262 1182 pelli
1276 1153 1304 1174 et
1315 1147 1433 1175 obsideri
1450 1156 1457 1174 :
1475 1152 1503 1175 at
1516 1147 1562 1175 illa
1576 1154 1683 1182 semper
1698 1148 1727 1175 in
1741 1154 1789 1182 pe-

1005 1202 1044 1224 tra
1065 1197 1200 1228 consistit,
1213 1201 1241 1222 et
1254 1195 1363 1222 immota
1380 1199 1470 1223 manet
1483 1195 1510 1223 in
1523 1195 1652 1223 sacculum
1667 1204 1674 1222 :
1687 1194 1789 1222 etenim

1004 1243 1111 1271 mentiri
1136 1242 1229 1276 nequit
1244 1242 1268 1269 is
1284 1241 1328 1276 qui
1344 1241 1411 1268 dixit
1427 1250 1434 1269 :
1454 1250 1465 1267 ‹
1480 1241 1570 1276 Super
1591 1245 1694 1276 petram
1706 1240 1792 1268 redita-

1005 1289 1074 1317 cabu
1091 1288 1240 1316 Ecclesiam
1259 1295 1347 1314 meam
1361 1307 1369 1320 ,
1383 1292 1410 1315 et
1423 1293 1508 1322 ponte
1524 1288 1602 1315 inferi
1618 1295 1670 1314 non
1688 1294 1792 1322 praeva—

1005 1336 1096 1363 lebunt
1111 1335 1242 1361 adversus
1257 1341 1316 1362 eam
1337 1333 1370 1360 “.
1391 1343 1400 1359 ι

1040 1379 1122 1407 Vsus.
1139 1379 1184 1412 21,
1194 1379 1239 1406 ‘22.
1258 1388 1267 1404 ι
1280 1378 1412 1412 Quoniam
1427 1387 1522 1407 nomen
1543 1380 1648 1408 Domini
1663 1387 1791 1415 magnum

1004 1427 1081 1454 vobis
1095 1448 1102 1460 ,
1124 1426 1198 1453 locus
1220 1425 1295 1453 vobis
1312 1425 1363 1452 crit
1388 1424 1499 1453 ﬂumina
1520 1431 1548 1454 et
1564 1426 1614 1455 rivi
1630 1427 1676 1453 lati
1690 1430 1718 1454 et
1729 1433 1792 1460 spa-

1006 1473 1081 1501 tiosi.
1097 1472 1154 1500 Non
1176 1472 1328 1499 ambulabis
1341 1479 1389 1507 per
1409 1472 1479 1500 hanc
1491 1472 1580 1505 viam,
1597 1480 1685 1507 neque
1698 1472 1792 1500 ambu-

1006 1519 1075 1546 labit
1092 1518 1229 1553 navigium
1243 1525 1399 1552 properans.
1417 1519 1489 1546 Deus
1498 1518 1570 1545 enim
1589 1526 1664 1546 meus
1679 1525 1792 1553 magnus

1006 1568 1057 1592 est.
1077 1563 1134 1591 Non
1156 1563 1281 1591 transibit
1295 1571 1337 1590 me
1351 1563 1480 1592 Dominus
1491 1564 1574 1598 judex
1588 1570 1688 1596 noster.
1704 1565 1793 1592 Domi-

1005 1618 1055 1638 nus
1066 1610 1191 1645 princeps
1205 1615 1309 1642 noster,
1327 1610 1458 1638 Dominus
1474 1618 1521 1638 rex
1539 1616 1643 1643 noster,
1663 1611 1794 1638 Dominus

1005 1656 1050 1684 hic
1068 1655 1185 1683 salvabit
1199 1662 1261 1683 nos.
1281 1665 1291 1682 ι
1315 1656 1393 1690 lluic,
1409 1657 1516 1691 inquit,
1530 1665 1606 1684 novae
1620 1657 1723 1684 civitati
1750 1657 1793 1684 in-

1005 1709 1145 1730 cnncussae
1159 1707 1186 1729 et
1209 1702 1340 1730 immobili
1354 1722 1361 1734 ,
1376 1703 1463 1737 ipsum
1477 1711 1576 1731 nomen
1587 1703 1700 1731 Domini
1717 1703 1793 1730 locus

1004 1749 1057 1776 erit
1072 1758 1079 1775 :
1094 1755 1181 1783 quare
1195 1756 1275 1783 supra
1301 1748 1442 1775 Dominum
1455 1769 1462 1781 ,
1486 1749 1576 1776 locum
1592 1756 1671 1776 suum
1686 1768 1694 1780 ,
1707 1748 1792 1775 aediﬁ-

1005 1800 1065 1822 cata
1079 1816 1086 1826 ,
1101 1795 1211 1823 immota
1229 1799 1331 1821 manet.
1348 1794 1396 1822 His
1412 1795 1501 1829 itaque
1517 1795 1687 1830 significatur
1705 1795 1792 1830 ipsutn

1006 1841 1148 1869 Dontinum
1164 1840 1297 1874 prazdicta:
1321 1840 1441 1868 civitatis
1460 1840 1549 1867 locum
1566 1840 1685 1867 futurum
1710 1847 1770 1867 esse
1783 1860 1791 1870 ,

1006 1887 1144 1914 [luminum
1163 1886 1246 1913 alveis
1261 1891 1289 1914 et
1302 1886 1364 1913 latis
1380 1887 1445 1914 rivis
1462 1887 1622 1913 instructum
1633 1905 1640 1917 ,
1655 1886 1691 1912 ita
1707 1890 1737 1912 ut
1752 1885 1791 1912 di-

1006 1937 1101 1964 catur,
1135 1940 1145 1957 ι
1176 1931 1307 1959 Fluminis
1336 1932 1452 1966 impetus
1487 1932 1626 1959 Izetiticant
1654 1932 1791 1959 civitatem

1007 1979 1052 2006 Dei
1069 1978 1102 2011 ",
1120 1988 1129 2003 ι
1147 1983 1175 2005 et
1187 1998 1194 2010 ,
1213 1987 1223 2003 ε
1241 1978 1353 2005 Flumen
1369 1977 1415 2005 Dei
1431 1978 1561 2012 repletum
1578 1983 1620 2005 est
1635 1977 1712 2012 aquis
1728 1977 1762 2010 ιδ,
1781 1987 1791 2003 ι

1007 2028 1069 2061 quia
1088 2025 1191 2052 scilicet
1210 2025 1266 2059 ipse
1281 2024 1410 2051 Dominus
1424 2024 1499 2051 locus
1514 2031 1608 2051 eorum
1624 2028 1677 2050 est.
1691 2023 1795 2056 Quam-

1007 2073 1099 2100 obrem
1116 2072 1208 2099 isthwc
1223 2070 1333 2097 ﬂumina
1347 2070 1469 2097 hostibus
1487 2070 1659 2104 inimicisque
1672 2069 1792 2096 inacces-

1007 2127 1037 2146 sa
1051 2122 1112 2145 sunt
1127 2137 1134 2149 ,
1149 2123 1209 2151 qua:
1230 2116 1385 2151 praedictam
1413 2116 1458 2143 Dei
1474 2116 1613 2150 civitatem
1632 2115 1792 2143 munimenti

1008 2164 1067 2191 loco
1084 2162 1253 2190 circumdant
1267 2167 1295 2190 et
1310 2163 1455 2192 ambiunt:
1472 2163 1509 2189 ita
1534 2167 1562 2189 ut
1585 2162 1721 2189 extraneis
1736 2160 1796 2195 qui-

1009 2211 1112 2245 busque
1126 2209 1214 2237 aditus
1229 2209 1264 2236 sit
1278 2208 1368 2234 nullus
1387 2217 1394 2235 :
1411 2208 1537 2243 quoniam
1557 2207 1703 2238 Dominus,
1719 2205 1796 2232 locus

165 2249 303 2286 ὁΚύριος,
319 2249 402 2280 τόπος
420 2248 458 2276 ὢν
478 2249 573 2283 αὐτῆς,
591 2249 677 2284 μέγας
698 2248 787 2275 ἐστίν·
808 2248 887 2279 αὐτὸς
901 2248 952 2283 γὰρ

1009 2263 1105 2291 nempe
1127 2254 1187 2290 ejus
1201 2275 1208 2287 ,
1230 2261 1395 2289 permagnus
1419 2259 1461 2281 est
1479 2264 1486 2280 :
1505 2256 1562 2289 ipse
1578 2260 1693 2287 namque
1718 2256 1795 2288 petra

123 2319 126 2323 .
166 2293 202 2332 ἣν
214 2297 231 2331 ἡ
248 2296 346 2332 πέτρα,
361 2295 403 2330 ἐφ’
416 2296 449 2331 ἢν
463 2295 629 2331 ᾠκοδόμητο.

207 2363 216 2380 ε
238 2354 410 2390 Ἐρῤάγησαν
426 2351 460 2379 τὰ
477 2352 580 2388 σχοινία
598 2360 654 2383 σου,
670 2352 710 2378 ὅτι
727 2351 777 2378 οὐκ
792 2351 954 2386 ὲνίσχυσαν·

166 2398 265 2430 ὁὶστός
281 2406 328 2425 σου
351 2398 464 2430 ἔκλινεν,
478 2397 508 2424 οὐ
526 2396 638 2432 χαλάσει
654 2396 687 2422 τὰ
711 2396 798 2422 ἱστία·
824 2395 873 2421 οὐκ
896 2395 958 2431 ἀρεῖ

168 2446 291 2480 σημεῖον.
307 2445 358 2475 ἕως
369 2440 399 2470 οὗ
409 2442 546 2479 παραδοθῇ
564 2443 603 2474 εἰς
619 2442 766 2478 προνομήν.
780 2441 874 2467 Τοίνυν
891 2440 956 2466 πολη

166 2490 211 2519 λοι
235 2490 317 2526 χωλοὶ
334 2489 472 2526 προνομὴν
498 2489 650 2524 ποιήσουσι,
676 2488 724 2514 καί
744 2487 775 2513 οὺ
794 2487 831 2523 μὴ
848 2487 956 2518 εἴπωσι,

167 2535 277 2569 Κοπιῶ,
292 2537 307 2562 ὸ
321 2535 385 2567 λαὸς
400 2535 513 2562 ἑνοικῶν
531 2536 560 2561 ὲν
576 2535 682 2565 αὐτοῖς’
697 2533 784 2568 ἀφέϐη
799 2533 854 2569 γὰρ
869 2533 959 2563 αὐτοῖς

167 2583 186 2617 ἡ
200 2581 331 2618 ἁμαρτία.
350 2591 359 2607 ι
371 2582 500 2617 Σημαίνει
516 2581 543 2607 δὲ
556 2580 600 2607 διὰ
615 2579 717 2606 τούτων
728 2579 777 2614 τὴν
793 2579 896 2606 πτῶσιν
909 2578 960 2612 τῆς

169 2626 329 2662 σωματικῆς
343 2626 530 2663 Ἰερουσαλὴμ,
546 2624 580 2662 ἧς
600 2626 705 2662 ἐρράγη
720 2625 755 2651 τὰ
771 2624 874 2660 σχοινία
889 2633 895 2639 ·
912 2624 959 2651 καὶ

167 2673 183 2699 ό
198 2674 270 2705 ἱστὸς
287 2673 315 2700 δὲ
330 2673 426 2708 αὐτῆς,
442 2672 535 2708 ὥσπερ
558 2672 630 2704 τινος
644 2672 707 2707 νηὸς
724 2672 752 2698 ἐν
771 2671 890 2706 χειμῶσι
914 2670 960 2697 καὶ

169 2719 286 2746 κλύδωσι
298 2718 489 2754 διαπεσούσης,
501 2718 592 2754 ἐκλίθη
608 2718 727 2748 πίπτων.
739 2717 957 2744 διασπασθέντων

168 2765 224 2803 τῷν
242 2764 459 2804 διακρατούντων
476 2763 564 2791 αὐτῶν
580 2764 712 2799 σχοινίων.

207 2883 228 2899 ⁸³
243 2882 335 2910 Manli.
353 2883 490 2914 XIIII,15.

296 2928 431 2959 ιἰτιυι..
452 2929 511 2961 Gn.
534 2929 652 2960 XXIV.

530 2883 552 2898 δ’
567 2883 662 2911 Matth.
680 2892 735 2917 xvt,
751 2884 793 2912 l8.
835 2884 858 2900 "
872 2884 1008 2919 P.-al.tu.v,
1034 2884 1060 2912 5.

1009 2308 1077 2334 erat,
1091 2309 1171 2336 supra
1189 2308 1270 2335 quam
1286 2301 1486 2328 exstruebatur.

1045 2348 1126 2376 Vens.
1142 2348 1178 2375 Ξῖ»
1190 2368 1198 2380 ,
1214 2348 1260 2374 Ξό.
1286 2357 1295 2373 ε
1326 2348 1431 2383 Dirupti
1448 2352 1511 2375 sunt
1527 2346 1641 2373 [utriculi
1657 2346 1696 2373 tui
1710 2365 1717 2378 ,
1732 2347 1795 2380 quia

1010 2404 1062 2423 non
1078 2394 1276 2429 pvmvalueruut
1293 2404 1299 2421 :
1322 2393 1409 2421 malus
1422 2399 1485 2421 tuus
1499 2393 1645 2420 inclinatus
1660 2397 1703 2420 est
1714 2411 1723 2425 ,
1741 2399 1795 2419 non

1009 2441 1161 2475 pendebant
1181 2440 1239 2467 vela
1260 2449 1267 2467 :
1284 2448 1336 2467 non
1357 2439 1456 2467 levabit
1469 2440 1588 2473 signum,
1604 2439 1690 2466 donec
1706 2438 1794 2465 trada-

1008 2492 1052 2514 tur
1066 2487 1093 2513 in
1108 2486 1300 2514 vastationem.
1317 2485 1391 2512 Multi
1416 2484 1498 2520 igitur
1523 2484 1613 2512 claudi
1630 2484 1736 2518 pradas
1754 2483 1797 2510 fa—

1008 2533 1090 2564 cient,
1108 2538 1135 2559 et
1149 2540 1200 2560 non
1214 2532 1315 2564 dicent,
1329 2532 1444 2563 Falisco,
1461 2530 1575 2566 populus
1587 2531 1634 2566 qui
1650 2530 1755 2558 habitat
1769 2530 1795 2557 in

1008 2578 1049 2606 cis
1065 2588 1071 2605 :
1088 2578 1228 2605 tlimissum
1244 2578 1316 2605 enim
1338 2583 1380 2605 est
1392 2578 1433 2604 eis
1450 2582 1600 2612 peccatum.
1626 2587 1636 2604 ι
1654 2576 1703 2604 His
1722 2576 1795 2604 indi-

1009 2629 1053 2651 cat
1075 2631 1212 2659 corporeae
1223 2623 1417 2658 Hierosolyma:
1434 2623 1546 2650 exitium
1558 2643 1567 2656 ,
1592 2623 1672 2658 cujus
1683 2623 1796 2651 funiculi

1010 2671 1109 2705 dirupti
1125 2675 1205 2702 sunt;
1230 2675 1257 2697 et
1274 2670 1361 2696 malus
1374 2669 1432 2704 ejus
1445 2690 1452 2701 ,
1480 2677 1529 2696 ceu
1557 2669 1696 2703 cujusdam
1721 2669 1798 2697 navis

1013 2716 1219 2752 tempestatibus
1235 2721 1263 2745 et
1276 2716 1401 2744 ﬂuctibus
1422 2716 1552 2743 dcunersae
1565 2736 1573 2749 ,
1595 2715 1733 2747 decllnans
1759 2715 1799 2743 la-

1014 2770 1077 2798 psus
1093 2769 1144 2795 est,
1161 2763 1277 2797 diruptis
1292 2762 1400 2789 {uitibus
1415 2762 1501 2795 ipsum
1522 2761 1711 2790 retinentibus.

1107 2884 1129 2900 “
1153 2884 1223 2912 Psal.
1249 2891 1321 2917 thv,
1344 2883 1387 2911 l0.

1622 2930 1656 2961 11
