2044 3215
263 165 312 194 551

528 221 642 249 CAPUT
663 221 782 249 XXXIV.

299 281 381 309 Vens.
400 280 458 308 1-5.
485 289 494 305 ι
509 280 646 312 Accedite,
664 285 769 314 gentes,
783 285 811 306 et
827 279 928 310 audite,
948 278 1049 314 princi-

260 336 310 362 pes
326 327 440 355 :audiat
455 331 524 354 terra
539 346 548 359 ,
567 330 596 353 ct
610 325 656 360 qui
679 325 705 352 in
719 332 750 351 ea
767 325 906 357 habitant,
920 325 1006 356 orbis,
1024 329 1051 351 et

261 374 376 410 populus
392 373 437 408 qui
460 377 502 400 est
519 372 545 399 in
568 379 600 399 eo
617 381 623 398 :
641 371 705 406 quia
729 370 805 397 furor
832 369 938 397 Domini
968 377 1049 404 super

260 427 357 448 omnes
377 424 491 454 gentes;
514 423 539 446 et
556 418 596 445 ira
611 425 694 452 super
711 424 820 444 onmem
845 424 987 443 numerum
1003 423 1050 443 eo-

259 474 323 494 rum
336 487 344 499 ,
366 471 396 494 ut
409 466 502 501 perdat
517 472 564 492 eos
580 469 608 492 et
627 464 716 491 tradat
731 463 764 490 ad
779 463 890 490 ctedem.
909 461 1049 490 Vulnerati

260 516 349 539 autem
373 519 466 539 eorutn
484 510 671 545 projicientur,
689 514 716 536 ct
740 508 839 536 mortui
856 517 863 535 :
881 513 909 536 et
921 509 1051 536 ascendet

259 559 328 587 odor
351 565 456 586 eorum.
485 566 494 582 ›
521 556 689 590 Quibusnam
707 555 798 582 tradat
816 555 842 582 in
856 555 956 583 etedem
972 575 980 587 ,
997 555 1049 581 nisi

258 605 404 632 ultricibus
417 602 587 631 virtutibus?
602 602 650 630 His
663 608 745 636 porro
756 601 910 637 castigatis,
927 598 971 628 alii
989 601 1048 627 vul-

257 651 346 679 nerati
358 670 366 683 ,
391 649 435 677 alii
461 649 560 676 mortui
584 653 665 675 erunt
678 668 686 680 ,
703 647 749 683 qtti
764 644 868 675 scilicet
882 648 915 674 ad
934 649 1047 674 mortem

257 703 406 731 peccavere
426 704 432 722 :
449 703 565 731 quorum
582 694 718 727 facinora,
743 694 847 735 invita
865 694 970 722 mortali
985 701 1061 728 per-.

257 747 362 776 petrata
375 763 392 775 ,Α
406 741 502 776 iudicii
518 747 640 776 tempore
667 740 780 768 fetorem
796 739 942 767 etnittent:
960 747 1045 774 quare

257 790 404 817 secundum
412 788 603 824 Symmachum
616 787 744 818 dicitur,t
758 786 789 813 Et
799 785 1016 814 ascendetfetor.
1031 795 1039 811 ι

599 165 642 193 EU
649 164 732 192 SEBII
750 165 988 193 εΑῐεΑιιιΕκειε
1006 165 1042 192 Ol

1102 166 1191 194 PARS
1209 166 1252 195 Ill.
1275 183 1307 187 —
1328 166 1534 196 EXEGETICA.

1359 226 1556 252 ΚΕΦᾹΛΑΙΟΝ
1586 227 1644 253 ΑΔΕ

1141 290 1151 306 ι
1172 281 1374 317 Προσαγάγετε,
1402 282 1476 318 ἔθνη,
1499 283 1545 308 καὶ
1575 283 1719 315 ἀκούσατε,
1742 285 1868 320 ἄρχοντες
1883 295 1890 301 ·

1103 327 1246 353 ἀκουσάτω
1261 329 1277 362 ἠ
1301 327 1348 362 γῆ,
1366 328 1413 354 καὶ
1434 329 1457 354 οἱ
1475 329 1503 355 ὲν
1522 329 1590 364 αὐτῇ
1607 329 1754 362 οἰκοῦντες,
1767 332 1784 366 ἡ
1800 332 1891 358 οίκου-

1106 372 1184 407 μένη,
1204 373 1250 400 καὶ
1266 374 1280 399 6
1294 373 1355 405 λαὸς
1379 374 1393 399 ὁ
1424 374 1453 400 ὲν
1467 374 1535 410 αὐτῇ
1549 383 1555 389 ·
1572 375 1639 401 διότι
1657 375 1671 401 ὁ
1691 374 1775 410 θυμὸς
1789 376 1891 411 Κυρίου

1103 418 1150 445 ἐπὶ
1170 419 1258 445 πάντα
1274 419 1307 446 τὰ
1321 419 1395 454 ἔθνη,
1409 419 1456 446 καὶ
1468 419 1536 455 ὀργὴ
1552 421 1598 446 ἐπὶ
1615 421 1661 447 τὸν
1673 421 1788 457 ἀριθμὸν
1802 422 1892 449 αὐτῶν

1102 464 1148 491 τοῦ
1167 465 1298 492 ἀπολέσαι
1325 466 1433 497 αὐτοὺς,
1453 466 1499 492 καὶ
1526 467 1693 501 παραδοῦναι
1716 469 1756 499 εἰς
1773 469 1890 504 σφαγήν.

1100 512 1130 538 Οἱ
1152 511 1180 539 δὲ
1203 511 1370 547 τραυματίαι
1387 512 1476 539 αὐτῶν
1490 513 1659 548 ριφήσονται,
1678 514 1724 541 καὶ
1742 515 1766 540 οἱ
1781 515 1888 550 νεκροί”

1098 557 1146 583 καὶ
1161 557 1326 592 ἀναϐήσεται
1339 557 1428 584 αὐτῶν
1443 559 1459 594 ἡ
1472 559 1553 594 ὀσμή.
1571 569 1580 585 ι
1596 559 1658 585 Τίσι
1678 559 1706 586 δὲ
1724 560 1890 596 παραδοῦναι

1097 600 1195 634 αὐτοὺς
1210 603 1250 634 είς
1265 604 1382 638 σφαγὴν,
1411 605 1427 638 ἦ
1441 606 1502 636 ταῖς
1515 604 1689 637 κολαστικαῖς
1705 607 1752 633 καὶ
1763 616 1887 643 τιμωρη-

1096 650 1186 681 τικαίς
1208 649 1359 685 δυνάμεσι;
1383 650 1492 677 Τούτων
1524 651 1552 678 δὲ
1572 651 1626 678 τῶν
1650 652 1840 688 κολαζομένων
1865 653 1888 679 οἱ

1100 695 1149 730 μὲν
1176 695 1343 731 τραυματίαι
1359 696 1477 729 ἔσονται,
1503 698 1528 724 οἱ
1556 697 1584 724 δὲ
1613 697 1705 734 νεκροί
1714 707 1720 714 ·
1747 700 1772 726 οἱ
1788 699 1889 734 δηλαδὴ

1098 739 1132 766 τὰ
1153 737 1222 776 πρὸς
1257 740 1372 767 θάνατον
1399 742 1608 778 ἡμαρτηκότες·
1641 741 1679 770 ὧν
1712 745 1740 770 αἱ
1763 743 1888 780 πράξεις,

1097 787 1125 812 αἱ
1148 786 1218 813 κατὰ
1237 787 1283 813 τὸν
1306 786 1401 822 θνητὸν
1432 788 1488 823 βίον
1516 788 1731 817 συντελεσθεῖσαι
1747 790 1817 817 κατὰ
1843 791 1889 817 τὸν

254 838 305 873 τῆς
333 830 449 873 κρίσεως
477 834 572 870 καιρὸν
596 833 726 865 δυσωδίας
757 833 975 860 ἀποπνεύτουσυ
1011 832 1051 859 διὸ
1087 833 1157 860 κατὰ
1180 827 1226 860 τὸν
1254 832 1400 870 Σύμμαχον
1431 835 1548 870 εἴρηται,
1577 846 1586 862 ι
1605 837 1660 864 Καὶ
1684 834 1886 874 ἀναϐήσετὰιή

255 885 382 912 δυσωδια.
398 894 407 910 ι

294 941 374 968 Vens.
389 940 415 966 Δ.
430 948 439 965 ι
454 938 487 966 Et
500 937 660 973 rigabuntur
675 940 781 964 montes
790 935 923 970 sanguine
938 942 1042 962 corum.
1060 938 1081 966 Β

256 989 289 1015 Ει
303 988 442 1015 tabescent
456 991 551 1012 omnes
564 984 678 1010 virtutes
694 982 836 1010 calorum.
859 993 869 1008 ι
889 981 923 1008 lli
939 986 1044 1008 montes

254 1039 333 1062 erant
347 1034 381 1061 de
392 1032 491 1068 quibus
504 1031 605 1058 dictum
622 1034 665 1057 est
677 1049 685 1060 ,
704 1037 714 1054 ι
737 1029 770 1056 Et
783 1028 924 1055 tabescent
940 1032 1045 1054 montes

255 1089 269 1107 a
289 1080 429 1115 sanguine.
458 1087 468 1104 ι
491 1077 597 1104 Etenim
614 1075 730 1103 virtutes
752 1073 885 1101 cmlorum
898 1092 906 1105 ,
922 1080 982 1107 quae
997 1079 1046 1107 per

254 1131 362 1154 montes
376 1124 575 1161 signiﬁcantur,
593 1127 656 1149 tunc
681 1120 821 1148 tabescere
839 1119 977 1152 dicuntur,
1000 1123 1044 1145 ut-

254 1176 319 1206 pote
331 1178 392 1206 qum
415 1169 576 1198 memoratis
601 1167 755 1196 hominlbus
772 1167 798 1193 in
816 1173 897 1194 causa
912 1165 1042 1200 perniciei

255 1219 368 1246 ftterint.
384 1217 515 1251 Quaenam
528 1221 609 1249 porro
624 1213 675 1240 illa:
691 1213 791 1240 fuerint
804 1231 812 1244 ,
833 1212 884 1238 nisi
898 1211 932 1238 de
946 1211 1045 1246 quibus

254 1264 400 1300 Apostolus
414 1264 453 1290 ait
464 1282 474 1296 ,
491 1271 501 1288 ι
525 1261 583 1288 Νοιι
599 1265 641 1288 est
657 1260 736 1287 nobis
750 1259 821 1286 lucta
837 1258 968 1285 adversus
982 1264 1045 1284 san-

255 1311 363 1344 guinem
389 1313 417 1336 et
440 1314 570 1339 carnem;
594 1306 640 1333 sed
658 1305 789 1332 adversus
803 1303 992 1338 principatus,
1016 1306 1045 1330 et

254 1359 402 1390 potestates
416 1374 425 1386 .
448 1358 475 1381 et
489 1357 609 1380 rectores
623 1352 717 1378 mnnali
743 1350 824 1385 hujus
838 1369 846 1381 ,
862 1354 888 1376 et
914 1349 1045 1377 adversus

254 1401 403 1437 spiritualia
419 1399 546 1434 nequitia:
562 1398 590 1425 itt
605 1397 760 1425 cwlestibus
774 1396 818 1422 "‘2
838 1405 846 1421 I
862 1394 908 1422 Ha.-
929 1402 1044 1429 namque

254 1452 420 1483 potestates,
441 1453 502 1481 quaz
528 1444 631 1472 aerium
655 1443 742 1470 locum
764 1442 906 1472 obtinent,
932 1440 1043 1468 virtutes

255 1493 387 1521 caelorum
413 1489 800 1525 vocantur:quandoquidem
826 1496 879 1521 ca,
906 1495 966 1522 qua:
995 1495 1044 1522 per

253 1546 316 1567 aera
343 1538 478 1570 feruntur,
499 1537 624 1565 volucres
650 1535 710 1563 coeli
736 1541 833 1562 vocare
859 1533 926 1561 solet
953 1533 1042 1561 divina

252 1586 393 1620 Scriptum
409 1585 502 1613 dicens
515 1604 523 1616 ,
541 1593 551 1610 t
568 1583 700 1610 Volucres
724 1581 784 1610 (ξωιὶ
812 1586 840 1608 et
865 1582 953 1616 pisces
982 1589 1039 1608 ma-

251 1633 293 1660 ris
305 1631 351 1659 “‘.
377 1641 388 1658 ι
413 1631 480 1659 Cum
495 1636 585 1658 autem
602 1630 666 1657 illud
680 1648 687 1662 ,
706 1639 715 1655 ι
732 1628 766 1656 Ει
790 1629 928 1655 tabesccnt
943 1635 1038 1655 omnes

251 1679 365 1706 virtutes
379 1678 531 1710 etnlorum,
564 1686 573 1703 I
603 1677 629 1703 in
654 1675 832 1710 Septuaginta
857 1673 1038 1707 lnterpretutl

250 1725 378 1753 versione
401 1731 454 1752 non
476 1727 653 1758 compareat.
674 1729 735 1749 cum
761 1719 901 1748 asteriscis
916 1727 949 1746 ex
973 1718 1038 1746 reli-

251 1779 367 1806 quorum
399 1770 622 1805 interpretatione
647 1768 766 1796 addituttt
793 1766 852 1793 fuit.
878 1766 944 1799 Quia
975 1773 1039 1793 vero

251 1819 320 1846 scitu
338 1818 416 1846 nobis
432 1825 500 1852 opus
515 1821 574 1843 erat
600 1815 771 1850 quandonam
800 1813 858 1840 lucc
882 1812 970 1839 futura
996 1819 1038 1839 es-

250 1869 321 1898 sent,
343 1864 369 1891 id
385 1871 435 1891 nos
448 1863 543 1891 edocet
565 1861 737 1897 propheticus
761 1866 852 1887 sermo
876 1858 1038 1889 declarans.

249 1909 375 1944 superius
391 1913 538 1936 memorata
555 1912 616 1943 post
643 1907 723 1941 hujus
747 1905 839 1933 muttdi
865 1912 1039 1932 consumma-

251 1956 352 1984 tionem
364 1959 573 1983 eventuraesse.
587 1953 772 1987 Quamobrem
787 1951 873 1979 infert
889 1960 896 1978 ε
917 1961 926 1977 ι
945 1951 977 1978 Et
988 1950 1038 1986 pli-

250 2002 357 2030 cabitur
370 2002 479 2035 coelum,
491 2001 560 2028 sicut
573 2000 650 2030 liber,
675 2004 702 2027 et
715 1999 805 2026 omnia
822 2002 896 2025 astra
921 1997 1017 2025 cadent
1029 2017 1037 2030 ,

251 2055 381 2084 tanquam
399 2048 462 2075 folia
487 2048 521 2074 de
534 2048 588 2074 vite
601 2065 609 2079 .
627 2051 651 2073 et
671 2045 740 2073 sicut
752 2045 853 2073 cadunt
871 2043 933 2070 folia
951 2043 984 2070 de
1003 2042 1037 2069 t‘t-

249 2104 294 2123 cn.
311 2105 320 2122 ι
338 2095 464 2122 Salvator
480 2094 543 2121 item
563 2093 588 2120 in
607 2091 759 2126 Evangeliis
775 2091 832 2118 hate
854 2090 887 2118 de
909 2097 1038 2116 consum-

249 2142 369 2170 matione
388 2140 519 2168 tradidit:
538 2149 546 2165 ι
564 2139 597 2165 Ει
619 2138 703 2165 stella:
724 2136 822 2164 cadent
840 2136 873 2162 de
897 2134 966 2162 cmlo
978 2154 986 2167 ,
1011 2139 1038 2161 et

247 2190 362 2216 virtutes
377 2187 508 2215 calorum
531 2185 784 2215 commovebuntur,
811 2186 839 2209 et
863 2185 926 2208 tunc
957 2187 1038 2215 appa-

248 2236 433 2269 rcbitsignttnt
453 2233 499 2259 lilii
514 2231 633 2259 hominis
644 2230 669 2257 in
684 2229 755 2257 caelo
769 2229 802 2254 “.
823 2237 831 2254 ι
850 2226 945 2262 Aquila
961 2233 1036 2259 vero,

1134 948 1143 963 ι
1163 939 1218 965 Καὶ
1231 938 1397 974 βραχήσεται
1411 939 1445 965 τὰ
1459 939 1509 975 ὅρη
1524 940 1577 967 ἀπὸ
1595 940 1643 967 τοῦ
1658 941 1772 976 αἵματος
1785 941 1885 968 αὐτῶν.

1095 985 1149 1011 Καὶ
1167 985 1332 1020 τακήσονται
1357 986 1442 1012 πᾶσαι
1468 987 1494 1012 αί
1511 985 1640 1021 δυνάμεις
1651 987 1703 1013 τῶν
1724 987 1855 1022 οὐρανῶν.
1874 999 1884 1014 r

1095 1030 1187 1057 Ταῦτα
1202 1031 1291 1058 τοίνυν
1317 1031 1464 1066 ἐτύγχανον
1480 1032 1541 1068 ὅρη,
1566 1033 1631 1068 περὶ
1655 1029 1692 1060 ὧν
1717 1033 1823 1068 εἴρηται
1844 1033 1886 1065 τὸ,

1098 1086 1107 1101 ι
1128 1077 1181 1103 Καὶ
1209 1077 1373 1112 τακήσονται
1396 1077 1446 1113 ὄρη
1466 1077 1520 1104 ἀπὸ
1542 1077 1588 1104 τοῦ
1605 1078 1731 1114 αἵματος.
1747 1089 1756 1104 ι
1775 1080 1808 1105 Δί
1832 1079 1886 1115 γὰρ

1094 1122 1223 1158 δυνάμεις
1237 1123 1290 1167 τῷν
1310 1123 1443 1159 οὐρανῶν,
1468 1123 1518 1159 ὄρη
1542 1123 1696 1159 νοούμεναι,
1717 1117 1886 1160 τακήσεσθαι

1094 1168 1228 1203 λέγονται,
1241 1164 1279 1201 ὡς
1293 1169 1379 1197 αἰτίαι
1403 1169 1548 1205 γενόμεναι
1567 1170 1703 1201 ἀπωλείας
1732 1170 1785 1197 τῶν
1811 1162 1887 1207 είρη-

1097 1214 1193 1248 μένων.
1212 1215 1289 1246 Τίνες
1301 1215 1323 1241 δ’
1338 1216 1372 1242 ἂν
1389 1214 1442 1242 εἷεν
1468 1214 1557 1248 αὗται,
1586 1217 1602 1253 ἢ
1623 1218 1686 1253 περὶ
1708 1214 1746 1244 ὧν
1766 1227 1850 1253 φησιν
1870 1219 1886 1245 ό

1102 1260 1262 1292 Ἀπόστολος
1271 1280 1279 1292 ,
1300 1271 1308 1286 ι
1331 1262 1388 1288 Οὐκ
1399 1261 1472 1288 ἔστιν
1483 1264 1548 1298 ἡμῖν
1560 1263 1576 1298 ἡ
1591 1262 1663 1298 πάλη
1672 1263 1740 1299 πρὸς
1756 1261 1824 1299 αἷμα
1838 1264 1885 1290 καὶ

1096 1306 1201 1341 σάρκα·
1227 1306 1295 1333 ἀλλὰ
1312 1307 1381 1342 πρὸς
1403 1307 1452 1338 τὰς
1467 1308 1565 1343 ἀρχὰς,
1589 1309 1658 1344 πρὸς
1681 1309 1730 1341 τὰς
1748 1310 1884 1342 ego-uua;

1094 1352 1162 1387 πρὸς
1197 1353 1260 1384 τοῦς
1297 1355 1522 1390 κοσμοκράτορας
1554 1355 1602 1382 τοῦ
1632 1355 1736 1391 κόσμου
1773 1356 1882 1387 mimo,

1094 1399 1162 1434 πρὸς
1187 1398 1221 1426 τὰ
1246 1400 1418 1435 πνευματικὰ
1435 1400 1484 1436 τῆς
1500 1401 1632 1436 πονηρίας
1646 1402 1675 1428 ὲν
1695 1403 1752 1433 τοῖς
1768 1402 1885 1437 ἐπουρα-

1094 1445 1170 1476 νίοις.
1190 1455 1199 1471 r
1218 1442 1302 1472 Λῦται
1318 1445 1373 1482 γὰρ
1386 1447 1414 1473 αἰ
1428 1446 1568 1481 δυνάμεις,
1579 1447 1607 1473 αἳ
1629 1447 1675 1474 τὸν
1689 1448 1779 1483 ἀέριον
1794 1447 1884 1482 χῶρον

1093 1490 1309 1526 διακατέχονται,
1326 1492 1455 1527 δυνάμεις
1469 1493 1591 1530 οὐρανῶν
1607 1493 1744 1528 εἴρηνται·
1761 1493 1822 1520 ἐπεὶ
1837 1486 1884 1520 καὶ

1093 1536 1128 1563 τὰ
1143 1537 1177 1564 δι’
1197 1537 1276 1573 ἀέρος
1290 1538 1428 1574 φερόμενα
1457 1539 1569 1565 πετεινὰ
1584 1539 1699 1575 οὐρανοῦ
1716 1539 1808 1566 καλεῖν
1822 1540 1884 1566 εἵω-

1093 1583 1138 1610 θεν
1151 1585 1166 1620 ἡ
1181 1583 1241 1610 θεία
1254 1584 1349 1619 Γραφὴ
1372 1584 1488 1619 λέγουσα
1499 1607 1505 1616 ,
1525 1593 1534 1610 ι
1550 1579 1590 1611 Τὰ
1604 1585 1714 1612 πετεινὰ
1729 1585 1776 1612 τοῦ
1802 1585 1884 1621 οὖρα-

1091 1630 1136 1657 νοῦ
1148 1627 1268 1662 καὶτοὺς
1285 1630 1378 1665 ἰχθύας
1392 1631 1441 1666 τῆς
1456 1631 1604 1667 θαλάσσης.
1627 1641 1636 1657 ι
1655 1631 1700 1666 Μὴ
1718 1631 1844 1667 κείμενον
1855 1632 1883 1659 δὲ

1090 1677 1119 1702 ἐν
1133 1678 1166 1711 τῇ
1181 1676 1236 1703 τῶν
1254 1676 1456 1712 Ἑϐδομὴκοντα
1477 1677 1610 1713 ἑρμηνείᾳ
1623 1677 1665 1709 τὸ,
1683 1687 1693 1703 ι
1721 1678 1775 1709 Καὶ
1797 1678 1884 1713 τακή-

1091 1730 1180 1748 σονται
1209 1723 1295 1749 πᾶσαι
1327 1723 1355 1749 αἱ
1383 1723 1512 1758 δυνάμεις
1540 1723 1594 1750 τῶν
1618 1723 1750 1759 οὐρανῶν,
1772 1733 1782 1749 ι
1812 1724 1884 1759 μετὰ

1091 1768 1262 1804 ἀστερίσκων
1290 1769 1322 1795 ὲκ
1347 1769 1396 1804 τῆς
1415 1769 1469 1795 τῶν
1492 1769 1592 1796 λοιπῶν
1616 1769 1764 1806 ἑρμηνείας
1796 1779 1882 1806 προσ-

1093 1813 1183 1849 ετέθη.
1212 1814 1288 1840 Ἐπεὶ
1314 1813 1342 1840 δὲ
1361 1814 1443 1849 ἐχρῆν
1471 1815 1546 1849 ἡμᾶς
1572 1814 1673 1848 γνῶναι
1705 1814 1769 1841 mira
1794 1814 1882 1841 ταῦτα

1090 1859 1166 1886 ἔσται
1181 1879 1188 1890 .
1220 1860 1267 1886 καὶ
1294 1859 1373 1886 τοῦτο
1406 1860 1525 1887 διδάσκει
1554 1861 1568 1887 6
1596 1861 1763 1896 προφητικὸς
1792 1861 1882 1895 λόγος,

1090 1906 1245 1942 παριστὰς,
1269 1907 1307 1938 ὡς
1337 1907 1405 1942 μετὰ
1439 1907 1488 1942 τὴν
1523 1907 1678 1934 συντέλειαν
1706 1907 1753 1933 τοῦ
1777 1907 1883 1942 κόσμου

1089 1953 1183 1980 τούτου
1210 1956 1354 1989 γενήσεται
1375 1954 1409 1980 τὰ
1442 1953 1633 1989 προλεχθέντα.
1660 1953 1705 1979 Διὸ
1730 1954 1874 1989 ἐπιφέρει·

1091 2008 1102 2024 ι
1118 2000 1173 2026 Καὶ
1190 1999 1356 2035 εἱλιγήσεται
1369 1999 1406 2031 ὡς
1419 1999 1520 2034 βιϐλίον
1546 2001 1560 2026 ὁ
1583 2000 1710 2035 οὐρανὸς,
1727 1999 1774 2026 καὶ
1790 2000 1881 2027 πάντα

1089 2045 1122 2071 τὰ
1145 2045 1234 2081 ἄστρα
1247 2047 1380 2077 πεσεῖται,
1399 2045 1438 2077 ὡς
1454 2045 1540 2080 φύλλα
1554 2045 1583 2079 ἐξ
1609 2045 1742 2080 ἀμπέλου.
1768 2045 1816 2072 καὶ
1841 2046 1883 2078 ὥς

1089 2092 1183 2118 πίπτει
1195 2091 1281 2126 φύλλα
1297 2091 1351 2118 ἀπὸ
1364 2092 1460 2127 συκῆς.
1482 2101 1492 2117 ι
1510 2092 1565 2118 Καὶ
1592 2092 1606 2118 6
1623 2092 1718 2128 Σωτὴρ
1732 2092 1760 2119 δὲ
1780 2093 1809 2119 ἐν
1823 2094 1881 2125 τοῖς

1088 2137 1266 2172 Εὐαγγελίοις
1291 2138 1354 2173 περὶ
1373 2137 1424 2172 τῆς
1440 2137 1594 2170 συντελείας
1611 2138 1749 2174 παραδοὺς
1766 2139 1860 2173 ἔλεγεν
1871 2144 1879 2156 -'

1092 2193 1101 2209 t
1115 2183 1168 2210 Καὶ
1182 2184 1206 2209 οἱ
1218 2182 1332 2218 ἀστέρες
1348 2182 1494 2209 πεσοῦνται
1508 2183 1539 2209 ὲκ
1561 2182 1607 2209 τοῦ
1626 2182 1752 2218 οὐρανοῦ,
1780 2184 1826 2210 καὶ
1848 2184 1879 2210 αἱ

1088 2227 1215 2263 δυνάμεις
1227 2227 1280 2254 τῶν
1292 2226 1414 2262 οὐρανῶν
1426 2227 1648 2262 σαλευθήσονται,
1661 2227 1707 2254 καὶ
1721 2227 1780 2254 τότε
1791 2228 1879 2264 φανή-

252 2292 261 2307 ι
282 2281 412 2309 Etomnis
424 2279 559 2308 exercitus
573 2284 666 2305 eorum
681 2275 792 2306 defluct,
803 2275 873 2302 sicut
886 2272 979 2300 deﬂuit
994 2271 1036 2299 fo-

1093 2281 1165 2300 σεται
1181 2273 1211 2299 τὸ
1229 2274 1341 2308 σημεῖον
1351 2271 1398 2299 τοῦ
1413 2272 1479 2299 Υἱοῦ
1493 2271 1539 2299 τοῦ
1551 2272 1694 2308 ἀνθρώπου
1703 2272 1732 2298 ὲν
1745 2272 1784 2308 τῷ
1799 2273 1880 2309 οὑρα‹

247 2329 314 2355 littttt
328 2335 344 2354 a
359 2328 425 2358 vite,
441 2331 468 2353 et
483 2329 612 2359 tanquam
628 2321 747 2357 id,quod
765 2321 898 2348 delabitur
909 2327 924 2345 a
936 2318 988 2345 ficu
1001 2326 1009 2350 ;
1024 2326 1033 2343 ι

247 2375 395 2402 secundum
411 2371 604 2407 Symmachum
629 2374 718 2395 autent
733 2388 740 2400 ,
762 2376 771 2392 ι
794 2366 827 2393 Ει
841 2366 928 2393 omnis
949 2365 1036 2391 virtus

246 2421 305 2454 eius
321 2420 410 2450 cadet,
427 2419 497 2446 sicut
508 2417 582 2445 cadit
599 2415 692 2443 fohum
705 2422 720 2441 a
736 2414 790 2440 vitc
805 2433 812 2444 ,
829 2417 855 2439 et
869 2417 995 2446 tanquam
1008 2410 1034 2437 id

247 2468 319 2502 quod
331 2466 433 2499 decidit
451 2472 465 2492 a
483 2464 544 2491 ficu.
568 2472 578 2488 I
597 2462 659 2489 llaec
670 2468 752 2495 porro
763 2458 968 2487 observavimus
982 2476 990 2489 ,
1005 2460 1035 2482 ιιι

247 2513 452 2541 ostenderemus
482 2518 525 2542 ea,
541 2516 600 2543 quac
617 2517 630 2535 a
658 2506 726 2534 LXX
749 2504 944 2540 Interpretibus
962 2507 1034 2530 astra

248 2561 386 2592 dicuntur,
401 2557 470 2593 apud
487 2556 606 2590 reliquos
629 2555 792 2588 interpretes
819 2552 935 2578 virtutes
951 2549 1034 2577 coelo-

248 2612 308 2632 rum
324 2606 426 2633 vocari.
446 2604 511 2636 Quae
526 2603 653 2631 virtutes,
671 2600 721 2627 nisi
740 2600 773 2626 de
790 2598 887 2632 quibus
903 2596 982 2623 tnodo
994 2596 1035 2622 di-

247 2659 321 2679 ctum
337 2652 401 2679 est?
416 2650 462 2677 Hte
477 2650 559 2684 igitur
576 2649 641 2682 ipsae
654 2667 661 2677 ,
675 2647 746 2673 sicut
758 2645 820 2672 folia
835 2645 868 2671 de
882 2643 948 2674 vile,
960 2642 1035 2676 judi—

247 2698 282 2724 rii
304 2703 426 2731 tempore
438 2696 537 2723 cadere
551 2695 690 2724 dicuntur,
704 2699 757 2727 quo
773 2691 872 2719 coelum
888 2689 1035 2725 plicabitur

247 2744 325 2777 quasi
345 2743 424 2770 liber.
439 2741 490 2769 Hic
504 2748 569 2769 vero
584 2740 732 2768 notandum
745 2743 802 2769 est,
819 2745 872 2764 non
887 2734 1038 2770 corruptio-

246 2798 320 2823 ttctn,
336 2797 388 2816 non
400 2788 511 2815 exitium
523 2808 532 2820 ,
553 2794 605 2814 non
620 2784 835 2814 destructionem
847 2782 978 2810 caelorum
993 2779 1036 2807 his

283 2914 303 2930 “
318 2913 416 2950 Epiros.
435 2920 471 2946 vt,
488 2912 528 2939 l2.
580 2912 611 2927 ""
632 2909 702 2937 l‘sau.
726 2916 785 2939 vut,
815 2907 841 2933 9.

1088 2319 1136 2355 νῷ.
1154 2329 1163 2345 ι
1180 2319 1209 2345 Ὀ
1226 2319 1276 2354 μὲν
1298 2318 1424 2350 Ἀκύλας,
1440 2328 1449 2344 ι
1476 2318 1530 2344 Καὶ
1554 2318 1629 2345 πᾶσα
1651 2318 1766 2353 στρατιὰ
1787 2318 1878 2344 αὐτῶν

1087 2365 1263 2400 ἀπορρεύσει,
1272 2364 1309 2397 ὡς
1323 2365 1439 2399 ἀπορρεῖ
1455 2358 1553 2398 φύλλον
1564 2364 1618 2390 ἀπὸ
1630 2363 1763 2399 ἀμπέλου,
1779 2364 1826 2390 καὶ
1839 2364 1879 2394 ὡς

1087 2412 1242 2446 ἁπόπτωμα
1268 2410 1321 2437 ἀπὸ
1350 2410 1451 2445 συκῆς·
1482 2419 1491 2434 ι
1509 2410 1578 2436 κατὰ
1600 2409 1627 2435 δὲ
1650 2409 1695 2436 τὸν
1719 2409 1877 2444 Σύμμαχον,

1089 2466 1099 2481 ι
1119 2456 1172 2482 Καὶ
1189 2455 1296 2490 πᾶσαὴ
1323 2455 1437 2490 δύναμις
1452 2455 1534 2481 αὐτοῦ
1558 2456 1690 2486 πεσεῖται,
1717 2455 1754 2486 ὡς
1780 2455 1877 2481 πίπτει

1088 2501 1185 2536 φύλλον
1201 2501 1256 2528 ἀπὸ
1267 2500 1399 2536 ἀμπέλου,
1417 2502 1463 2527 καὶ
1472 2500 1509 2532 ὡς
1523 2501 1677 2536 ἀπύπτωμα
1690 2501 1744 2527 ἀπὸ
1761 2501 1877 2536 συκῆςλ

1088 2548 1240 2583 Τετήρηται
1258 2547 1286 2573 δὲ
1304 2547 1389 2573 ταῦτα
1404 2547 1478 2582 ἡμῖν,
1496 2547 1536 2578 εἰς
1550 2546 1580 2572 τὸ
1591 2545 1684 2578 δεῖξαι,
1696 2547 1736 2573 ὅτι
1752 2547 1786 2573 τὰ
1802 2547 1878 2582 παρά

1087 2597 1142 2625 τοῖς
1157 2594 1356 2629 Ἐὅδομήκοντα
1371 2594 1502 2629 εἰρημένα
1516 2594 1603 2628 ἄστρα
1617 2593 1691 2629 παρὰ
1705 2595 1760 2624 τοῖς
1774 2593 1878 2624 λοιποῖς

1090 2641 1270 2676 ὲρμηνευταῖς
1297 2640 1424 2675 δυνάμεις
1453 2639 1500 2665 τοῦ
1529 2639 1644 2674 οὐρανοῦ
1668 2638 1877 2673 ὠνομάσθησαν.

1089 2687 1167 2713 Ποῖαι
1181 2685 1210 2712 δὲ
1224 2685 1389 2720 δυνάμεις,ἢ
1404 2685 1467 2720 περὶ
1482 2681 1519 2710 ὧν
1534 2684 1635 2720 ἀρτίως
1651 2683 1772 2717 ὲλέγετο;
1783 2683 1878 2719 Ταῦτα

1086 2730 1132 2758 οὖν
1146 2730 1216 2758 αὐτὰ
1237 2731 1274 2762 ὼς
1291 2730 1378 2764 φύλλα
1403 2729 1432 2761 ἐξ
1457 2729 1579 2764 ἀμπέλου
1603 2727 1745 2755 πεσεῖσθαι
1769 2725 1877 2763 εῖρὴται

1087 2777 1157 2804 κατὰ
1175 2776 1221 2802 τὸν
1239 2775 1288 2811 τῆς
1306 2775 1421 2810 κρίσεως
1439 2775 1545 2809 καιρὸν,
1571 2773 1631 2800 καθ’
1653 2773 1682 2800 ὃν
1709 2773 1877 2809 εἰλιγήσεται

882 2906 904 2922 ⁸⁸
929 2904 1023 2932 Matth.
1050 2909 1124 2934 xxrv,
1152 2900 1195 2928 29.
