2044 3215
242 198 298 227 335

581 195 713 224 EUSEBII
732 195 970 224 (IIESARIENSIS
989 196 1063 225 OPP.
1083 197 1172 224 PARS
1191 196 1234 224 ΙΙΙ.
1253 213 1287 218 -
1305 197 1511 225 EXEGETICA.

1811 198 1868 226 556

245 261 298 285 tur.
321 263 330 279 σ
351 253 475 280 Mulieres
487 252 594 285 divites,
613 252 759 287 exsurgite,
782 251 835 278 diei
849 253 910 279 anui
928 260 1029 279 memo-

1084 253 1187 287 ἐλέγετο
1195 254 1235 285 τὸ,
1247 263 1256 279 t
1269 254 1398 285 Γυναῖκες
1409 254 1543 285 πλούσιαι,
1554 254 1813 289 ἀνάστητε,ὴμέρας
1820 257 1870 282 ἐνι-

245 301 313 337 riam
331 299 411 326 facite
433 300 458 325 in
474 299 566 326 dolore
581 306 641 325 cum
660 306 719 332 spe.
739 308 749 324 ι
764 298 830 331 Quis
854 299 890 326 sit
913 299 956 325 ille
981 307 1028 325 an-

244 353 296 372 nus
307 365 315 378 ,
340 352 394 378 quo
410 352 472 370 cum
499 343 591 371 dolore
606 343 742 378 planctum
757 346 839 372 edere
858 343 935 378 jubet
946 364 953 376 ,
971 344 1029 371 lucc

244 389 384 426 prophetia
398 390 518 416 declarat
532 390 575 417 his
590 390 688 420 verbis,
708 399 716 415 ι
739 389 843 416 Vocare
863 397 963 416 annttm
978 390 1029 417 Do-

245 436 310 463 tnini
327 435 521 469 aer-eptahilcm
536 455 544 466 ,
559 439 587 462 et
602 435 672 461 diem
690 435 876 464 retributionis
902 435 956 462 Deo
983 443 1030 462 uo-

244 486 302 508 stro
316 501 323 513 ,
351 481 485 508 consolati
512 488 607 507 omnes
632 481 753 515 lugentes
768 501 775 513 ,
794 481 858 507 dare
876 481 1030 515 lugentibus

244 527 310 555 Sion
324 526 446 562 gloriam.
467 535 477 551 ι
496 525 588 553 Videu‘
604 533 658 560 quo
675 533 756 552 sensu
773 526 817 553 hic
831 526 967 558 dicatur,‘
984 535 1030 553 an-

245 581 295 600 ntts
316 572 421 600 Domini
436 592 443 604 ,
458 576 486 599 et
499 572 557 599 dies
571 572 781 604 retributionis;
800 582 809 598 ι
836 573 871 599 ita
891 578 925 599 λιιι
942 573 1030 600 simile

243 620 282 646 sit
294 618 358 645 illud
372 618 423 645 hoc
438 618 509 645 dicto
522 639 530 651 ,
549 627 557 642 ι
577 617 639 644 Dies
653 618 725 644 enim
738 617 836 651 jndicii
853 618 928 646 Sion.
950 628 958 644 ι
975 618 1029 645 Ita-

245 669 299 697 que
315 662 386 690 idem
402 663 459 698 ipse
474 670 573 694 anuus,
586 662 681 689 eadem
697 663 753 695 ipsa
764 662 822 689 dies
837 669 888 696 cst,
902 672 953 697 qua
969 672 1031 698 pau-

245 714 325 742 peres
340 707 573 742 evangelizantnr,
590 707 713 740 lugentes
737 708 801 734 Sion
818 708 1029 736 consolationem

244 753 381 786 accipiunt
394 753 421 778 in
437 752 537 779 Christi
554 753 670 779 adventu
686 772 693 781 .
720 753 846 779 mulieres
869 753 920 779 ilhc
933 754 1030 781 divites

243 799 277 825 ad
294 798 432 833 planctutn
445 803 606 831 evocantur,
623 803 651 825 et
665 806 724 832 qua:
739 798 789 825 hoc
805 799 831 825 in
846 801 904 826 loco
919 800 952 826 de
965 799 1029 826 Sion

244 845 435 876 enuntiantur,
455 844 546 871 l'utura
563 849 635 871 sunt.
651 843 714 870 lla-c
729 851 810 877 porro
821 845 911 870 ontuia
929 845 955 871 in
971 845 1031 872 Sal-

243 890 347 918 vatoris
370 890 454 918 nostri
479 889 542 917 Jesu
567 889 667 916 Christi
692 890 806 917 adventu
839 891 1029 925 implebantur,

244 937 353 971 quando
367 936 384 963 ii
402 937 447 970 qui
464 935 490 962 in
507 937 595 970 ipsum
609 935 792 967 crediderant,
807 941 831 962 et
847 938 961 971 gratiam
972 939 1031 972 ejus
1047 928 1068 955 Β

244 987 433 1016 susceperant,
448 982 559 1016 optimis
578 981 630 1008 illis
645 981 886 1015 pollicitationibus
901 983 1030 1011 frueban-

245 1036 289 1057 tur
304 1039 311 1056 :
329 1029 374 1064 qui
389 1036 452 1056 vero
467 1036 527 1055 sese
540 1036 554 1054 a
577 1028 663 1063 gratia
684 1027 743 1061 ejus
769 1034 1009 1063 sequestraverant
1022 1051 1028 1062 ,

244 1077 278 1103 ab
291 1076 366 1104 omni
381 1083 428 1110 spe
443 1075 512 1102 bona
527 1074 594 1108 lapsi
609 1093 616 1106 ,
636 1075 788 1102 tristiorum
804 1076 1030 1104 comminationes

242 1123 395 1150 subierunt.
421 1122 454 1149 Et
475 1130 541 1149 sane
566 1122 624 1155 ipsa
638 1128 732 1148 eorum
746 1122 891 1156 conspicua
907 1127 934 1149 et
957 1124 1030 1157 regia

242 1169 348 1203 civitas,
364 1177 396 1196 ea
412 1169 469 1203 ipsa
482 1168 593 1202 pertulit
605 1187 612 1199 ,
625 1174 685 1202 quae
696 1174 818 1202 prazseus
829 1167 969 1202 prophetia
985 1176 1030 1194 va-

243 1215 384 1243 tieinatur.

1080 300 1160 326 αυτοῦ
1170 300 1263 335 μνείαν
1274 299 1422 336 ποιήσασθε
1431 301 1459 326 ἐν
1467 300 1546 336 ὀδύνῃ
1559 301 1617 335 μετ’
1627 299 1811 332 ἐλπίδος.›Τίς
1822 299 1869 327 οὖν

1078 341 1111 378 ἦν
1118 339 1216 375 οὗτοςὸ
1225 344 1356 375 ἐνιαυτὸς,
1369 340 1439 378 Egit?)
1448 344 1594 371 κόπτεσθαι
1607 344 1665 379 μετ’
1673 344 1769 379 ὀδύνης
1783 354 1868 380 προσ-

1079 388 1179 420 τάττει,
1233 387 1356 423 παροῦσα
1373 388 1525 424 προφητεία
1543 388 1690 423 παρίστησι
1705 388 1821 422 λέγουσα
1835 390 1871 416 τὰ

1079 434 1254 468 προκείμενα’
1261 444 1269 458 t
1276 434 1395 460 Καλέσαι
1402 434 1521 460 ἐνιαυτον
1528 434 1629 469 Κυρίου
1635 433 1739 467 δεκτδν,
1746 435 1793 461 καὶ
1800 435 1871 469 ἡμέ-

1081 488 1128 514 ραν
1136 479 1337 511 ἀνταποδόσεως
1347 480 1386 515 τῷ
1394 479 1452 514 Θεῷ
1461 479 1548 515 ἡμῶν,
1563 479 1751 515 παρακαλέσαι
1765 480 1872 512 πάντας

1079 527 1140 557 τοὺς
1156 526 1330 558 πενθοῦντας,
1343 526 1452 561 δοθῆναι
1466 527 1521 556 τοῖς
1539 525 1666 552 πενθοῦσι
1681 525 1750 552 Σιὼν
1760 526 1866 559 δόξαν.)

1085 572 1166 606 Ὁρᾷς
1175 567 1247 602 ὅπως
1256 572 1284 597 ἐν
1291 571 1394 602 τούτοις
1405 580 1413 596 t
1426 571 1546 602 ἐνιαυτὸς
1555 570 1656 606 Κυρίου
1663 580 1671 596 t
1682 571 1799 607 εἴρηται,
1808 581 1817 596 1
1824 572 1871 597 καὶ

1080 618 1171 654 ἡμέρα
1179 617 1389 649 ἀνταποόόςεως,
1401 627 1409 643 ι
1418 617 1455 648 ὡς
1461 617 1551 652 ὅμοιον
1559 617 1679 652 τυγχάνῃ
1686 617 1735 652 τῷ,
1744 627 1753 643 ‹
1764 617 1871 652 Ἡμέρα

1079 664 1133 699 γὰρ
1145 664 1260 698 κρίσεως
1275 663 1353 690 Σιών.
1366 673 1374 688 ι
1392 663 1495 690 Οὐκοῦν
1511 660 1550 695 εἷς
1566 664 1612 690 καὶ
1627 664 1641 689 ὁ
1653 664 1732 695 αὐτὸς
1747 663 1871 696 ἐνιαυτὸς

1079 709 1218 745 τυγχάνει,
1236 710 1282 736 καὶ
1308 709 1357 745 μία
1381 710 1428 736 καὶ
1453 710 1469 744 ἡ
1493 709 1562 744 αὑτὴ
1578 710 1679 744 ἡμέρα,
1695 709 1758 737 καθ’
1783 709 1816 744 ἢν
1842 709 1870 736 οι

1081 757 1183 792 πτωχοὶ
1200 754 1428 790 εὐαγγελίζονται,
1453 755 1479 781 οἵ
1502 763 1531 781 τε
1555 753 1716 786 πενθοῦντες
1732 755 1782 790 τὴν
1800 754 1870 780 Σιὼν

1081 802 1302 839 παρακαλοῦνται
1317 802 1363 827 ἐπὶ
1379 802 1411 836 τῇ
1426 801 1544 836 Χριστοῦ
1560 800 1706 837 παρουσίᾳ,
1718 801 1764 827 καὶ
1779 801 1808 826 αἱ
1823 800 1868 826 λε-

1081 849 1194 885 γόμεναι
1220 848 1345 874 πλούσιαι
1360 848 1488 881 γυναῖκες
1499 847 1545 873 ἐπὶ
1559 847 1604 873 τὸν
1618 845 1731 873 κοπετὸν
1756 844 1870 872 ualet-tv—

1081 905 1136 927 ται,
1149 896 1194 922 καὶ
1209 895 1242 921 τὰ
1260 894 1392 928 λεγόμενα
1408 894 1452 920 διὰ
1463 893 1516 920 τῶν
1543 892 1731 928 προκειμένων
1747 894 1780 928 τῇ
1800 891 1871 919 Σιὼν

1083 941 1241 968 ἀποϐαίνειν
1271 940 1381 976 ἤμελλε.
1402 939 1493 965 Ταῦτα
1517 938 1545 964 δὲ
1571 938 1659 965 πάντα
1688 937 1734 964 ἐπὶ
1750 938 1799 973 τῆς
1821 936 1870 964 τοῦ

1084 988 1209 1024 Σωτῆρος
1217 987 1294 1021 ἡμῶν
1308 985 1395 1021 Ἰησοῦ
1411 983 1529 1020 Χριστοῦ
1540 983 1691 1019 παρουσίας
1707 982 1870 1019 ἐπληροῦτο,

1084 1033 1143 1060 καθ’
1156 1034 1189 1068 ἣν
1202 1034 1225 1059 οἱ
1244 1033 1292 1067 μὲν
1314 1033 1353 1063 εἰς
1373 1032 1454 1058 αὑτὸν
1468 1030 1690 1061 πεπιστευκότες,
1704 1030 1751 1056 καὶ
1763 1029 1812 1064 τὴν
1823 1028 1871 1064 χά-

1085 1088 1126 1115 ριν
1143 1079 1191 1115 τὴν
1204 1080 1236 1105 δι’
1248 1079 1329 1105 αὐτοῦ
1353 1076 1594 1112 παραδεδεγμένοι,
1610 1075 1664 1102 τῶν
1680 1074 1872 1111 χρηστοτέρων

1084 1125 1256 1160 ἐπαγγελιῶν
1272 1124 1410 1160 ἀπήλαυον
1421 1131 1427 1137 ·
1443 1123 1467 1149 οἱ
1479 1123 1506 1149 δὲ
1521 1122 1677 1157 ἀλλοτρίους
1690 1121 1802 1152 ἑαυτοὺς
1818 1129 1871 1148 κα-

1083 1172 1268 1207 ταστήσαντες
1288 1172 1336 1205 τῆς
1365 1168 1446 1196 αὑτοῦ
1470 1168 1591 1203 χάριτος,
1607 1167 1696 1203 πάσης
1707 1166 1810 1202 ἀγαθῆς
1828 1166 1855 1192 ἐ)

1083 1215 1159 1248 πίδος
1179 1215 1373 1246 ἀποπεσὸντες,
1388 1215 1447 1245 ταῖς
1461 1213 1515 1240 τῶν
1536 1212 1768 1248 σκυθρωποτέρων
1789 1211 1870 1238 ἄπει-

242 1263 303 1295 λαῖς
323 1262 562 1289 ὑποπεπτώκασιν.
585 1261 639 1287 Καὶ
661 1261 729 1296 αὐτὴ
748 1260 775 1286 δὲ
790 1261 879 1288 αὐτῶν
891 1262 908 1296 ὴ
921 1263 1007 1299 σεμνὴ
1020 1264 1066 1290 καὶ
1087 1263 1212 1299 βασιλικὴ
1227 1263 1303 1294 πόλις
1326 1261 1435 1289 τοιαῦτα
1460 1259 1603 1292 πέπονθεν,
1619 1260 1698 1286 ὁποῖα
1714 1258 1837 1290 θεσπίζει
1851 1260 1870 1293 ἡ

242 1310 369 1346 παροῦσα
383 1308 542 1345 προφητεία.

281 1357 363 1384 \‘Eus.
379 1357 406 1384 9.
428 1365 437 1381 ι
458 1355 490 1382 Ει
505 1360 645 1382 vertentur
673 1354 757 1382 valles
784 1354 843 1388 ejus
868 1355 894 1381 in
921 1356 1007 1390 picem
1022 1376 1029 1388 ,

241 1408 269 1431 et
291 1409 365 1430 terra
390 1402 448 1437 ejus
477 1402 502 1427 in
529 1401 652 1435 sulphur.
685 1400 718 1427 Et
743 1400 795 1427 erit
826 1405 897 1428 terra
923 1402 981 1436 ejus
1004 1407 1033 1429 ut

243 1451 290 1485 pix
313 1448 413 1476 ardens
441 1453 521 1475 nocte
545 1452 573 1473 et
601 1447 654 1474 die.
684 1456 694 1472 ι
723 1446 805 1479 Queis
831 1447 905 1475 clare
928 1448 1032 1475 deumt-

243 1496 296 1522 tiat
311 1499 462 1522 extremam
480 1494 634 1519 vastitatem
658 1497 686 1519 et
709 1493 768 1519 loco
784 1497 810 1520 et
827 1494 897 1527 genti
914 1494 1033 1522 inferen-

244 1540 277 1566 da
282 1547 319 1566 tn.

280 1584 362 1612 Vsus.
377 1585 421 1611 l0.
446 1594 455 1610 ‹
473 1585 505 1611 Ει
528 1593 581 1611 non
607 1585 795 1620 esstinguetur
819 1586 846 1613 iu
871 1575 1068 1622 perpetuumc

245 1637 352 1666 tempus
377 1640 384 1658 :
408 1636 436 1658 et
453 1631 582 1658 ascendet
606 1631 697 1658 fumus
719 1631 777 1665 cjus
791 1639 898 1659 sursum
917 1642 924 1660 ε
944 1633 970 1660 ἰι]
989 1641 1035 1668 ge-

244 1677 416 1704 nerationem
447 1675 504 1710 ejus
531 1676 705 1710 desolabitur,
729 1682 757 1703 et
786 1678 812 1704 in
838 1683 943 1713 tempus
965 1679 1035 1706 mul-

245 1727 311 1749 tmn.
327 1731 336 1748 ι
359 1721 472 1756 Signum
492 1722 629 1757 supplicii,
647 1723 718 1756 quod
739 1723 765 1749 iit
788 1723 921 1758 profundo
946 1724 1034 1757 luunt,

243 1768 278 1795 iis
295 1769 340 1801 qui
359 1775 468 1795 sursum
487 1768 568 1802 positi
585 1774 648 1796 sunt
667 1769 791 1804 praebens
803 1770 1033 1809 conspiciendum,

244 1815 280 1841 ob
305 1814 413 1841 insitam
432 1814 484 1840 illis
505 1814 635 1841 malitiam
647 1835 655 1846 ,
672 1822 746 1849 qum,
763 1815 834 1850 quod
853 1815 995 1844 tenebrosa
1008 1821 1036 1844 et

243 1861 323 1894 nigra
337 1861 384 1892 sit.
403 1861 454 1895 pici
468 1866 651 1894 comparatur.

281 1905 363 1933 Vsus.
379 1907 422 1934 ll.
442 1916 451 1932 ε
464 1908 544 1939 Aves,
557 1913 585 1934 et
604 1907 690 1938 ericii,
709 1911 737 1934 et
750 1907 809 1934 ibes
824 1911 851 1934 ct
868 1906 940 1934 corvi
958 1907 1035 1934 habi-

242 1953 342 1980 tabant
370 1952 396 1979 in
421 1960 477 1980 ea:
500 1959 526 1980 et
551 1954 687 1988 injicietur
710 1961 791 1987 super
814 1961 873 1980 eam
901 1952 1035 1980 funiculus

242 1999 403 2034 geometria:
429 1999 541 2031 deserti,
570 2005 597 2025 et
622 1999 796 2026 onoeentauri
824 1999 985 2025 hahitabuut
1009 1999 1034 2025 in

242 2051 307 2070 ea.)
335 2044 383 2070 llis
408 2044 530 2079 irupuras
548 2044 654 2071 animas
671 2044 816 2078 signiﬁcat,
842 2044 937 2078 quales
958 2048 1035 2070 erant

244 2097 343 2116 eorum
371 2089 488 2120 animat.
518 2090 564 2124 qui
591 2097 624 2116 ex
655 2089 813 2122 alienigenis
840 2087 1035 2116 ct‘extraneis

243 2133 372 2167 gentibus
397 2141 430 2160 eo
459 2135 484 2160 in
514 2135 572 2161 loco
595 2139 686 2168 postea
708 2134 881 2166 habitarunt,
903 2134 1034 2160 idolorum

243 2179 374 2206 cultores.

282 2223 365 2251 Vsus.
380 2223 424 2250 19..
446 2233 455 2248 ε
469 2223 607 2258 Principes
620 2224 678 2258 ejus
692 2232 744 2251 non
758 2228 847 2250 erunt.
865 2223 952 2258 Reges
964 2224 1034 2251 enim

243 2275 270 2296 ct
288 2276 430 2305 magnates
446 2270 506 2304 ejus
520 2271 639 2297 eruntin
657 2271 845 2305 perditionem.
861 2280 870 2296 ›
895 2271 1034 2297 Daunonas

244 2317 378 2350 quosdam
405 2316 564 2348 adumbrat,
595 2317 641 2350 qui
670 2318 695 2343 iu
721 2317 875 2344 simulacris
900 2322 926 2343 et
957 2315 1034 2343 idolis

245 2370 340 2389 eorum
353 2370 403 2388 cett
421 2363 445 2388 in
465 2362 577 2390 latebris
591 2363 718 2397 agebant.

282 2407 365 2435 Vens.
379 2407 431 2439 15,
452 2407 496 2434 14.
520 2417 528 2433 ι
543 2408 575 2434 Ει
596 2414 774 2435 renascentur
797 2408 822 2434 in
847 2407 959 2434 urbibus
975 2406 1034 2441 ejus

245 2454 355 2488 spinosa
367 2459 395 2480 et
408 2453 489 2488 ligna,
502 2454 570 2480 etin
590 2454 784 2481 munitionibus
804 2453 872 2489 ejus.
900 2453 934 2480 Et
955 2457 1035 2480 erunt

245 2499 335 2526 cubile
355 2499 488 2531 sirenum,
505 2504 532 2526 et
546 2499 680 2526 stabulum
691 2499 881 2526 struthionum.
891 2498 924 2526 Et
941 2498 1034 2525 obvia-

244 2544 312 2571 hunt
328 2544 466 2571 daemones
482 2545 692 2576 onocentanris,
708 2549 734 2570 et
748 2544 904 2571 clamabunt
918 2543 986 2571 alter
1000 2543 1034 2571 ad

245 2589 372 2616 alterum.
397 2589 435 2617 lbi
456 2590 630 2624 requiescent
654 2589 840 2621 ouocentauri,
865 2588 1034 2616 invenientes

245 2634 297 2661 sibi
324 2635 443 2669 requiem
462 2644 469 2662 :
489 2645 498 2661 ι
529 2635 729 2662 infructuosam
757 2642 849 2661 eorum
880 2634 1032 2660 doctrinam

246 2680 413 2714 significans.
432 2681 614 2713 Quamobrem
631 2680 738 2707 vincam
751 2688 845 2707 eorum
860 2679 952 2712 spinas
966 2678 1034 2706 enti-

247 2726 316 2752 sisse
337 2732 418 2760 supra
432 2725 455 2742 "
477 2726 634 2754 declarabat
660 2726 703 2753 his
726 2726 826 2757 verbis,
857 2723 1037 2758 tExspeetavi

248 2776 278 2797 ut
301 2770 403 2798 faceret
422 2771 488 2799 mihi
514 2779 613 2804 uvam,
633 2771 699 2799 fecit
718 2776 808 2798 autem
830 2770 953 2806 spinas.)
983 2768 1035 2796 Ubi

249 2821 338 2844 autent
356 2817 382 2845 in
397 2818 541 2845 animabus
554 2825 648 2845 eorum
668 2821 792 2845 extrema
806 2816 920 2844 vastitas
942 2815 1034 2847 fuerit,

284 2905 304 2920 ‘“
320 2904 383 2940 Cap.
401 2912 427 2938 ν,
444 2905 469 2932 Ι.

1123 1365 1132 1380 ι
1145 1354 1199 1380 Καὶ
1211 1352 1410 1389 στρανρήσονται
1420 1351 1447 1376 αἱ
1459 1350 1599 1385 φάραγγες
1610 1347 1695 1382 αὐτῆς
1707 1348 1746 1378 εἰς
1759 1346 1870 1378 πίσσαν,

1085 1402 1133 1428 καὶ
1146 1402 1163 1435 ἡ
1178 1399 1214 1434 γῆ
1226 1399 1311 1433 αὐτῆς
1331 1399 1370 1429 είς
1391 1397 1471 1423 θεῖον.
1490 1396 1543 1422 Καὶ
1557 1395 1632 1421 ἔσται
1646 1395 1662 1429 ὴ
1681 1393 1718 1428 γῆ
1734 1392 1818 1426 αὐτῆς
1833 1392 1871 1423 ὡς

1086 1448 1170 1474 πίσσα
1186 1445 1317 1481 καιομένη
1327 1443 1421 1475 νυκτὸς
1441 1442 1487 1469 καὶ
1502 1441 1619 1477 ἡμέρας.
1639 1450 1646 1465 ι
1667 1440 1705 1465 Δι’
1723 1435 1760 1465 ὧν
1779 1437 1872 1472 σαφῶς

1085 1496 1099 1521 ὁ
1113 1494 1191 1527 λόγος
1207 1491 1369 1526 παρίστησιν
1390 1488 1505 1523 ἐσχάτην
1525 1486 1642 1521 ἐρημίαν
1668 1482 1872 1518 καταλήψεσθαι

1085 1540 1131 1567 τόν
1143 1547 1175 1565 τε
1187 1538 1269 1564 τόπον
1284 1537 1330 1563 καὶ
1343 1535 1373 1561 τὸ
1388 1534 1471 1565 ἔθνος.

1121 1593 1130 1609 r
1151 1583 1206 1610 Kal.
1221 1582 1250 1608 οὐ
1269 1580 1447 1614 σϐεσθήσεται
1463 1579 1503 1610 εἰς
1527 1578 1571 1603 τὸν
1599 1575 1684 1603 αίῶνα
1702 1574 1806 1610 χρόνον,
1825 1574 1873 1600 καὶ

1084 1629 1249 1665 ἀναϐήσεται
1262 1628 1275 1653 ὁ
1290 1627 1391 1657 καπνὸς
1406 1625 1490 1660 αὐτῆς
1517 1625 1588 1651 ἀνιυ’
1610 1623 1648 1654 εἰς
1667 1621 1762 1656 γενεὰν
1786 1620 1870 1654 αὐτῆς

1085 1675 1308 1712 ἐρημωθήσεται,
1335 1673 1382 1699 καὶ
1397 1672 1437 1703 εἰς
1452 1671 1547 1707 χρόνον
1565 1669 1658 1696 πολύν.
1680 1678 1688 1694 ι
1707 1668 1744 1695 Τὸ
1760 1667 1873 1712 σημεῖον

1084 1711 1134 1756 τῆς
1157 1721 1185 1746 ἐν
1208 1718 1285 1755 βάθει
1308 1717 1442 1752 τιμωρίας
1468 1714 1557 1742 αὐτῶν
1580 1715 1636 1745 τοῖς
1662 1713 1717 1740 ἄνω
1744 1711 1873 1747 παρέχεον

1086 1767 1151 1803 ὁρᾷν
1167 1766 1211 1792 διὰ
1227 1765 1276 1800 τὴν
1296 1762 1477 1798 ὑποκειμένην
1496 1762 1587 1792 αὺτοῖς
1602 1760 1710 1789 κακίαν,
1728 1757 1814 1793 πίσσῃ
1829 1756 1874 1783 διὰ

1085 1813 1115 1839 τὸ
1130 1810 1262 1842 σκοτῶδες
1277 1809 1324 1836 καὶ
1342 1808 1426 1844 μέλαν
1438 1806 1695 1843 παραϐαλλομένην.

1125 1909 1134 1926 t
1156 1901 1266 1935 Ὀρνεα,
1278 1899 1326 1925 καὶ
1346 1899 1437 1932 ἐχῖνοι,
1456 1897 1502 1922 καὶ
1519 1896 1596 1927 ίόεις,
1613 1895 1659 1921 καὶ
1672 1894 1789 1929 κόρακες
1808 1900 1874 1919 κατ-

1086 1947 1242 1982 οικήσουσιν
1266 1946 1295 1972 ὲν
1315 1945 1400 1979 αὐτῇ·
1425 1943 1472 1970 καὶ
1495 1941 1706 1977 ἐπιὸτληθήσεται
1727 1940 1770 1965 ἐπ’
1788 1939 1873 1974 αὐτὴν

1088 1992 1218 2029 σπαρτίον
1228 1991 1397 2026 γεωμετρίας
1412 1990 1525 2025 ἐρήμου.
1535 1987 1582 2014 καὶ
1593 1987 1781 2020 ὀνοκένταυροι
1796 1985 1873 2019 οἰκή-

1088 2048 1177 2066 σουσιν
1198 2039 1226 2065 ἐν
1246 2037 1325 2072 αὐτῇ.
1352 2046 1361 2062 t
1378 2036 1416 2062 At‘
1429 2032 1466 2062 ὧν
1481 2034 1628 2061 αἰνίττεται
1643 2032 1732 2067 ψυχὰς
1748 2030 1873 2066 ἀκαθάρ-

1086 2095 1159 2117 τους,
1175 2085 1264 2112 ὁποῖαι
1276 2081 1345 2119 ἦσαν
1362 2083 1390 2109 αἱ
1410 2081 1464 2107 τῶν
1483 2079 1550 2115 μετὰ
1570 2079 1656 2105 ταῦτα
1674 2078 1704 2110 ἐξ
1717 2076 1874 2112 ἀλλοφύλων

1087 2132 1133 2158 καὶ
1152 2129 1302 2164 ἀλλογενῶν
1323 2128 1407 2155 ἐθνῶν
1423 2128 1469 2154 τὸν
1483 2127 1566 2153 τόπον
1578 2125 1746 2160 οἰκησάντων
1766 2123 1874 2150 εἰδωλο-

1087 2177 1206 2212 λατρῶν.
1770 2210 1773 2213 Ι

1126 2225 1171 2250 «υἱ
1185 2223 1312 2258 ἄρχοντες
1325 2221 1408 2256 αὐτῆς
1424 2221 1473 2246 οὐκ
1488 2219 1603 2245 ἔσονται.
1629 2217 1660 2243 οἱ
1681 2216 1735 2251 γὰρ
1756 2215 1874 2250 βασιλεῖς

1088 2270 1134 2296 καὶ
1165 2269 1188 2295 οἱ
1217 2268 1376 2303 μεγιστᾶνες
1401 2265 1485 2301 αὐτῆς
1508 2264 1614 2290 ἔσονται
1633 2261 1679 2293 ῗείς
1703 2260 1872 2288 ἀπώλειαν-ι

1087 2314 1215 2350 δαίμονάς
1236 2322 1309 2344 τινας
1331 2313 1515 2347 αἰνιττόμενος
1533 2310 1596 2341 τοὺς
1612 2310 1640 2336 ὲν
1657 2309 1713 2338 τοῖς
1735 2307 1874 2342 ἀγάλμασι

1087 2361 1136 2396 τῆς
1150 2359 1369 2394 εἰδωλολατρείας
1382 2358 1470 2384 αὐτῶν
1484 2356 1700 2391 ἐμφωλεύοντας.

1126 2416 1134 2430 ε
1150 2405 1204 2431 Καὶ
1224 2405 1374 2439 ἀναῳνήσει
1396 2404 1436 2435 είς
1453 2402 1501 2434 τὰς
1518 2402 1608 2433 πόλεις
1631 2399 1731 2427 αὐτῶν·
1742 2397 1874 2425 ἀκάνθινα

1088 2449 1165 2483 ξύλα,
1183 2449 1230 2476 καὶ
1241 2450 1281 2481 είς
1294 2449 1328 2475 τὰ
1341 2447 1506 2484 ὀχυρώματα
1520 2446 1616 2482 αὐτῆς.
1630 2445 1686 2472 Καὶ
1700 2444 1775 2471 ἔσται
1793 2444 1878 2472 ὲπαύ-”

1087 2495 1143 2528 λεις
1157 2496 1297 2532 σειρήνων,
1309 2495 1356 2522 καὶ
1367 2495 1435 2530 αὐλὴ
1449 2493 1594 2529 στρουθῶν.
1607 2492 1663 2520 Καὶ
1679 2492 1873 2526 συναντήσουσι

1086 2540 1211 2576 δαιμόνια
1231 2539 1450 2574 ὀνοκενταύροις,
1469 2539 1517 2564 καὶ
1534 2537 1675 2573 βοήσονται
1695 2537 1788 2572 ἕτερος
1803 2536 1874 2571 πρὸς

1087 2588 1132 2614 τὸν
1147 2588 1248 2623 ἕτερον.
1269 2586 1341 2613 Ἐκεῖ
1352 2585 1551 2612 ἀναπαύσονται
1566 2584 1762 2619 ὀνοκένταυροι,
1780 2582 1874 2618 εὗρόν-

1086 2641 1132 2664 τες
1149 2633 1239 2664 αὐτοῖς
1253 2631 1404 2658 ἀνάπαυσιν
1416 2638 1423 2644 ·
1438 2640 1446 2655 ι
1459 2630 1546 2665 δηλῶν
1561 2630 1610 2661 τὰς
1625 2629 1767 2664 ἀκάρπους
1783 2628 1873 2654 αὐτῶν

1087 2678 1267 2709 διδασκαλίας.
1291 2677 1335 2704 Διὸ
1358 2677 1404 2703 καὶ
1424 2677 1468 2702 τὸν
1489 2675 1639 2712 ἀμπελῶνα
1658 2674 1747 2701 αὐτῶν
1762 2674 1806 2700 διὰ
1819 2673 1874 2700 τῶν

1091 2723 1242 2760 ἔμπροσθεν
1248 2723 1342 2758 ἐδήλου
1349 2722 1468 2749 ἄκανθαν
1474 2721 1628 2757 ἀγηοχέναι,
1635 2720 1721 2755 λέγων
1731 2727 1752 2746 ”‹
1760 2719 1874 2754 Ἔμεινα

1089 2770 1133 2796 ἶνα
1144 2770 1244 2805 ποιήσῃ
1256 2777 1300 2804 μοι
1313 2768 1460 2803 σταφυλὴν,
1471 2768 1582 2802 ἐποίησε
1591 2767 1619 2793 δὲ
1631 2765 1778 2797 ἀκάνθας.»
1793 2765 1875 2799 Ἔρη-

1090 2814 1154 2846 μίας
1168 2813 1197 2841 δὲ
1211 2814 1261 2849 τῆς
1276 2812 1393 2848 ἐσχάτης
1415 2814 1444 2841 ὲν
1457 2814 1516 2845 ταῖς
1535 2813 1634 2848 ψυχαῖς
1655 2811 1745 2839 αὐτῶν
1758 2809 1874 2846 γενομέ-
