2044 3215
176 177 230 206 337

622 175 876 204 (IOMME‘NTARIA
897 175 929 202 ΙΝ
950 176 1077 204 ιδΑιΑΜ.
1098 193 1131 197 -
1151 176 1228 204 CAP.
1249 175 1359 204 XXXV.

1752 178 1804 208 338

177 245 238 272 νηςρ
257 236 305 264 καὶ
323 235 455 267 ἀκάνθαις
475 235 666 272 πληρωθείσης
689 236 778 263 αὐτῶν
802 237 851 272 τῆς
869 236 969 273 χώρας,

1024 242 1106 273 atque
1128 245 1194 274 ager
1217 238 1337 273 ipsorum
1364 238 1450 274 spinis
1473 237 1591 273 repletus
1613 240 1681 273 erit;
1705 239 1742 269 ἰιιὶ
1765 247 1810 268 re-

176 283 291 314 είκότως
305 280 494 308 ἀναπαύεσθαι
510 282 540 308 ὲν
552 281 643 313 αὐτοῖς
658 281 691 308 τὰ
705 282 849 318 πνεύματα
857 283 891 309 τὰ
903 283 972 310 ἀκά-

178 328 265 364 θαρτα
283 327 367 364 προλέ
371 336 422 362 γει,

215 383 224 401 ι
246 373 320 400 Ἑκεῐ
344 373 503 401 ἑνόσσευσεν
525 373 626 409 ἐχῖνος,
652 373 699 401 καὶ
722 373 822 402 ἔσωσεν
843 375 860 410 ἡ
882 375 919 410 γῆ
937 375 970 403 τὰ

177 419 272 446 παιδία
294 419 379 454 αὐτῆς
410 419 478 454 μετὰ
502 419 662 454 ἀσφαλείας.
696 420 769 446 Ἐκεῖ
802 422 970 456 συνήντησαν

177 465 271 498 ἔλαφοι
282 484 289 497 ,
314 465 361 491 καὶ
379 461 449 491 εἶδον
475 465 510 491 τὰ
533 465 666 500 πρόσωπα
678 465 809 501 ἀλλήλων.
828 475 837 492 ι
853 465 970 501 Ἔλαφον

177 510 296 546 καθαρὸν
310 508 379 542 ζῶον
395 507 465 537 οἶδεν
477 511 494 546 ἡ
509 509 569 537 θεία
582 511 688 546 Γραφὴ,
704 512 750 538 καὶ
763 511 848 538 πολλά
863 511 971 548 χρηστὰ

177 556 242 592 περὶ
265 555 371 590 ἐλάφων
409 555 538 588 διδάσκει,
556 556 594 588 ὡς
616 557 680 583 ὅταν
702 557 769 595 λέγῃ
782 565 788 572 ⁸
812 567 821 583 ι
836 558 885 584 ’ον
906 558 969 594 τρό-

177 610 228 628 πον
248 601 375 628 ἐπιποθεῖ
388 602 404 637 ὴ
420 601 518 637 ἔλαφος
530 611 553 628 ·›
569 603 618 629 καὶ
631 602 711 630 πάλιν
724 611 730 618 ·
749 613 757 629 ι
770 602 850 639 Φωνὴ
867 603 969 640 Κυρίου

176 647 398 684 καταρτιζομὲνη
417 648 548 683 ἐλάφους·
562 658 572 674 ι
591 649 637 676 καὶ
656 647 733 682 αὖθις
746 658 752 665 -
769 659 777 675 ι
792 649 910 684 Ἔλαφος
926 658 970 684 φι-

176 694 236 726 λίας
248 695 296 721 καὶ
311 694 401 725 πῶλος
415 694 469 720 σῶν
486 694 603 730 χαρίτων
619 695 747 730 ὁμιλείτω
767 704 827 722 σοι·
844 705 853 721 ι
879 696 925 722 καὶ
940 696 969 722 ἐν

173 740 215 776 ’τῷ
236 741 313 768 Ἰώϐο
337 751 346 767 ι
364 742 516 776 Ἐφύλαξας
535 743 563 769 δὲ
583 743 670 778 μῆνας
687 743 809 777 ἐλάφων,
829 743 926 774 ὠδῖνας
940 742 968 769 δὲ

176 787 266 814 αὐτῶν
282 787 480 820 ἔξαποστελείς,
493 799 501 813 ι
514 789 568 816 Καὶ
584 789 663 820 αὐτὸς
680 788 708 815 δὲ
730 790 743 815 ὁ
756 788 806 824 τῆς
825 789 967 825 νύμφης.ὁ

177 833 206 860 ἐν
224 832 264 869 τῷ
287 833 407 869 ’ᾼσματι
431 834 484 860 τῶν
509 835 650 870 ᾀσμάτων,
672 836 686 862 ο
713 835 879 870 ἀδελφιδοῦς,
905 835 967 862 ἐλά-

176 885 220 912 φῳ
237 877 454 913 παραϐέϐληται·
471 888 480 904 ι
495 879 605 914 "Optat/1c;
623 881 681 906 ἐστι
702 879 809 916 δορκάδι
836 880 852 915 ἢ
881 879 968 915 νεὸρῴ

176 922 301 958 ἐλάφων,
320 924 366 950 ἐπὶ
385 925 420 951 τὰ
438 924 488 961 ὅρη
518 925 682 962 ἀρωμάτων.
696 936 705 951 ι
727 926 790 952 Ὅτε
812 926 901 952 τοίνυν
920 926 968 952 καὶ

175 969 258 1002 αὐτὸς
279 971 294 996 6
315 971 433 1006 νυμφίος
457 971 548 1007 ἐλάφῳ
572 971 791 1008 παραϐάλλεται,
813 972 889 1003 τινας
903 971 970 998 δ’ἂν

176 1016 263 1048 εἴποις
278 1016 395 1043 ἐνταῦθα
407 1017 523 1052 ἐλάφους
539 1018 555 1054 ἢ
578 1018 641 1050 τοὺς
662 1018 785 1054 μαθητὰς
799 1018 845 1044 καὶ
855 1018 970 1044 ἀποστό-

176 1061 238 1094 λους
246 1062 335 1093 ;Ἔστι
347 1061 374 1088 δὲ
384 1062 590 1097 καὶόφιοκτόνον
596 1063 626 1089 τὸ
637 1062 714 1095 ζῶον.
723 1063 848 1090 Διδάσκει
858 1062 946 1089 τοίνυν
956 1064 970 1089 ὁ

175 1107 270 1143 παρὼν
279 1108 367 1143 λόγος,
377 1108 416 1140 ὡς
425 1110 478 1135 ἀπὸ
491 1110 540 1145 τῆς
552 1109 669 1145 ἐρημίας
677 1109 723 1136 τοῦ
731 1109 865 1137 Ἰουδαίων
877 1108 969 1140 ἔθνους

175 1153 348 1187 ἔλαφοίτινες
358 1154 505 1190 παρῆλθον,
520 1156 545 1182 οἱ
558 1155 677 1190 μαθηταὶ
685 1154 732 1182 τοῦ
742 1154 866 1190 ἃυτῆρος
879 1154 967 1190 ήμῶν·

177 1198 273 1226 «Ἐκεῖ
296 1199 361 1235 γάρ,
389 1200 472 1235 φησὶ,
493 1201 662 1236 συνήντησαν
685 1200 797 1235 ἔλαφοι,
823 1201 870 1227 καὶ
899 1198 969 1226 εἶδον

174 1244 208 1272 τὰ
234 1244 368 1280 πρόσωπα
395 1245 548 1281 ἀλλήλων.»
580 1245 746 1282 Ἐγνώρισαν
766 1246 819 1281 γὰρ
843 1246 966 1278 ἑαυτοὺς,

174 1291 222 1318 καὶ
240 1291 290 1326 τῆς
305 1291 395 1326 ψυχῆς
408 1292 498 1318 αὐτῶν
514 1294 577 1324 τοὺς
590 1293 650 1319 κατ’
666 1293 757 1319 εἰκόνα
769 1291 837 1319 Θεοῦ
852 1292 966 1327 γενομέ-

174 1345 237 1368 νους
250 1338 427 1373 χαρακτῆρας
439 1338 606 1372 ἐπέγνωσαν.
621 1338 731 1374 Ἐπειδὴ
748 1337 776 1364 δὲ
790 1337 820 1364 οὺ
835 1337 967 1373 παρέμει-

174 1391 222 1411 ναν
246 1384 275 1410 ὲν
296 1384 345 1418 μιᾷ
365 1383 451 1410 πόλει·
470 1384 613 1420 διέδραμον
629 1384 657 1411 δὲ
672 1384 751 1416 ἄλλος
767 1384 884 1419 ἀλλαχοῦ
898 1384 967 1419 πλη-

175 1428 285 1464 ροῦντες
298 1429 328 1455 τὸ
345 1429 510 1464 Εὐαγγέλιον
519 1439 526 1445 ι
542 1429 636 1456 τούτου
650 1429 728 1466 χάριν
741 1431 866 1466 εἴρηται·

214 1570 224 1586 ι
243 1561 340 1597 Ἐτέρα
356 1563 405 1598 τὴν
417 1563 514 1599 ἑτέραν
535 1564 585 1590 οὐκ
610 1563 756 1599 ἐζήτησαν,
778 1564 819 1590 ὄτι
835 1565 849 1590 ὁ
866 1563 967 1599 Κύριος

176 1605 266 1638 αὐτοῖς
286 1607 455 1639 ἐνετείλατο,
478 1608 524 1635 κα)⁸
544 1609 575 1635 τὸ
590 1608 700 1644 Πνεῦμα
715 1609 796 1636 αὑτοῦ
815 1609 965 1644 συνήγαγεν

174 1651 269 1684 αὐτάς.
283 1663 292 1679 ι
313 1653 341 1680 Ὀ
355 1654 409 1690 γὰρ
421 1654 506 1681 εἰπὼν
517 1655 609 1688 autat;
622 1675 629 1688 ,
650 1665 658 1681 ι
669 1655 863 1692 Μαθητεὺσατε
878 1656 967 1683 πάντα

174 1696 209 1723 τὰ
223 1697 286 1733 ἔθνη
312 1698 341 1724 ὲν
366 1699 405 1734 τῷ
430 1699 542 1735 ὀνόματί
559 1709 621 1736 μου,
642 1711 651 1726 ι
665 1701 745 1733 αὐτὸς
758 1700 908 1728 ἐνετείλατο
929 1700 966 1736 μὴ

175 1743 244 1769 κατὰ
261 1743 292 1770 τὸ
308 1744 373 1770 αὐτὸ
397 1746 579 1773 ποιεῖσθαιτὰ
592 1746 643 1782 τῆς
661 1747 815 1779 συστάσεως
829 1747 884 1773 τῶν
904 1747 965 1773 ‘Ex—

175 1788 295 1824 κλησιῶν
310 1790 409 1816 αὐτῶν.

214 1833 289 1860 «Καὶ
302 1835 381 1866 αὐτὸς
402 1835 526 1863 ἐπιϐαλεί
547 1836 639 1869 αὐτοῖς
659 1837 786 1873 κλήρους,
805 1838 852 1864 καὶ
874 1839 890 1873 ἡ
906 1840 967 1876 χεὶρ

175 1879 259 1905 αὐτοῦ
283 1880 419 1917 διεμέρισε
443 1882 599 1918 βόσκεσθαι.
625 1885 672 1917 Είς
695 1885 740 1912 τὸν
762 1886 848 1914 αἰῶνα
869 1886 966 1924 χρόνον

175 1925 406 1962 κληρονομήσετε,
421 1930 461 1961 εἰς
479 1930 577 1964 γενεάς
589 1930 692 1965 γενεῶν
704 1932 906 1960 ἀναπαύσονται
923 1934 966 1960 ἐπ’

173 1970 268 2006 αὐτῆς.
282 1981 292 1996 ι
315 1972 419 1999 Οὐκοῦν
441 1975 488 2001 καὶ
499 1975 584 2012 νομὴν
603 1976 696 2009 αὐτοῖς
711 1977 758 2004 καὶ
775 1977 875 2013 βοσκὴν
895 1986 966 2015 παρ·

173 2017 257 2051 εἶχεν,
283 2017 378 2054 ὥσπερ
394 2019 442 2046 καὶ
473 2019 591 2056 κλήρους
614 2022 654 2053 εἰς
679 2022 775 2056 γενεὰς
795 2023 906 2056 γενεῶν,
926 2025 966 2056 είς

172 2061 203 2089 τὸ
215 2063 402 2092 ἀναπαύεσθαι
422 2066 520 2098 αὐτοὺς
533 2067 573 2100 εἰς
594 2068 657 2100 τοὺς
667 2068 758 2095 αὐτῶν
778 2068 902 2105 κλήρους,
917 2070 964 2106 δη-

172 2107 239 2145 λαδὴ
258 2110 313 2141 τοῖς
328 2110 418 2137 ἔθνεσι
434 2113 490 2143 τοῖς
501 2112 735 2148 ἀποκληρωθετσιν
748 2115 850 2146 αὐτοῖς.
875 2116 903 2141 ὲν
925 2113 966 2148 οἷς

172 2155 212 2186 είς
223 2155 319 2189 γενεὰς
332 2156 433 2189 γενεῶν
449 2158 466 2191 ἡ
482 2157 577 2193 μνήμη
592 2157 682 2185 αὐτῶν
697 2159 726 2185 ὲν
739 2159 800 2190 ταῖς
816 2159 862 2185 ὑπ’
876 2159 964 2186 αὐτῶν

172 2200 336 2235 ἱδρυθεῖσαις
358 2201 530 2237 Ἐκκλησίαις
546 2203 772 2240 ἀναζωπυρεῖται.

431 2249 629 2276 ΚΕΦΑΛΑΙΟΝ
646 2250 707 2276 AE'.

210 2302 219 2318 ι
234 2292 420 2329 Εὐφράνθητι,
438 2294 540 2335 ἐρηριος
563 2275 688 2330 Sitti/bima:
702 2275 876 2332 άγαλλιάσοω
900 2298 964 2334 ἔρη-
980 2275 1003 2304 D

173 2347 240 2374 μος,
258 2341 305 2367 καὶ
321 2341 436 2368 ἀνοείτω
459 2342 497 2374 ὡς
521 2343 648 2378 κρίνον.»
674 2343 723 2379 Eii]
745 2345 833 2370 τοίνυν
853 2344 922 2380 αὕτη
946 2346 962 2380 ὴ

172 2385 274 2421 ἔρημος
298 2387 373 2423 παρὰ
389 2388 437 2424 τὴν
459 2387 654 2423 προλεχθεῖσαν
672 2389 750 2422 Σιὼν,
771 2391 800 2416 ἐν
848 2390 962 2425 ἐχίνους,

172 2436 218 2459 καὶ
238 2433 316 2466 ἴϐεις,
339 2434 386 2460 καὶ
405 2434 537 2469 κόρακας,
553 2434 678 2469 δαιμόνιιά
694 2443 722 2461 τε
740 2436 787 2462 καὶ
805 2435 964 2462 ὀνοκενταύ-

171 2485 236 2514 ρους
252 2479 372 2514 οίκήσειν
397 2479 515 2513 ἐλέγετο,
543 2479 643 2514 πίσσης
668 2488 697 2506 τε
720 2481 804 2515 αὐτῆς
824 2481 871 2507 καὶ
888 2480 959 2507 Θεεου

172 2523 398 2559 πληρωθήσεσθαι
414 2525 463 2556 τὰς
480 2525 634 2560 φάραγγας.
654 2524 761 2552 Τούτων
780 2526 808 2552 δὲ
829 2526 894 2562 περὶ
911 2527 960 2561 τῆς

171 2570 239 2596 Σιὼν
259 2570 306 2596 καὶ
325 2570 388 2606 περὶ
409 2571 458 2605 τῆς
478 2570 655 2607 Ἰερουσαλὴμ
671 2571 833 2607 εἰρημένων,
853 2571 912 2607 ὥρα
926 2571 960 2598 τὰ

170 2614 340 2650 προκείμενα
361 2615 424 2650 περὶ
446 2616 543 2651 ἑτέρας
562 2616 666 2651 ἐρήμου
681 2616 806 2650 λέγεσθαι
820 2618 900 2644 νοεῖν.
916 2618 961 2643 Δι-

168 2661 248 2696 ψῶσα
269 2661 323 2698 γὰρ
343 2659 377 2697 ἦν
402 2661 471 2696 αὕτη
487 2662 618 2698 πρότερον
633 2663 649 2698 ἡ
664 2663 775 2698 ἔρημος,
791 2662 962 2698 ἐστερημένη

169 2707 290 2742 νάματος
308 2707 434 2744 οὐρανίου
445 2716 451 2721 ·
469 2707 536 2734 ἀλλὰ
551 2708 655 2744 χαίρειν
669 2708 737 2744 αὐτῇ
757 2708 804 2735 καὶ
817 2708 961 2744 εὐφραίνε-

170 2753 231 2780 σθαι
248 2754 262 2780 ὁ
278 2753 356 2788 λόγος
376 2753 539 2788 προστάττει
551 2754 595 2780 διὰ
609 2754 643 2781 τὰ
657 2754 801 2790 λεγόμενα,
817 2754 857 2781 ἔτι
871 2755 900 2782 δὲ
915 2755 962 2782 καὶ

169 2799 260 2826 ἀνθεῖν
283 2799 321 2831 ὡς
346 2800 456 2835 κρίνον·
482 2799 552 2826 ὣστε
577 2800 679 2835 λέγειν·
700 2800 838 2836 ιΧριστοῦ
863 2800 961 2827 εὐωδία

207 2892 228 2907 "
243 2891 314 2920 Psal.
331 2900 385 2925 xu,
404 2893 428 2919 i.

467 2893 489 2908 '°
505 2892 573 2920 i’sal.
597 2899 692 2926 nun,
707 2894 732 2920 9.
771 2894 791 2909 ³¹
809 2894 886 2922 Prov.
900 2901 925 2927 ι’,
944 2893 984 2921 19.
1023 2891 1117 2920 "Job.
1133 2899 1225 2925 xxxrx,
1247 2891 1271 2919 1.

1022 283 1112 318 quiem
1128 283 1267 314 habituros
1284 284 1405 319 impuros
1422 284 1560 312 dtemonas
1573 285 1633 320 jure
1650 286 1781 321 prredicit.

1059 373 1143 401 Vsus.
1170 373 1214 402 15.
1244 373 1304 402 ilbi
1329 373 1477 402 nidiﬁcavit
1496 374 1611 407 ericius.
1640 380 1668 403 ct
1691 376 1808 406 servavit

1023 423 1095 446 terra
1121 419 1209 454 pttllos
1226 419 1285 453 ejus
1307 427 1368 448 cum
1392 420 1547 448 securitate.
1573 421 1611 449 lbi
1630 421 1808 450 obviaverunt

1021 465 1105 494 cervi.
1125 470 1152 493 et
1170 465 1297 493 viderunt
1314 465 1399 493 facies
1411 474 1474 494 suas
1491 472 1593 495 mutuo.
1610 476 1620 494 ι
1634 466 1750 496 Cervum
1768 468 1808 495 in-

1021 515 1062 538 ter
1076 511 1202 538 animalia
1219 511 1317 538 munda
1333 513 1455 546 agnoscit
1471 512 1611 547 Scriptura
1625 513 1726 546 divina,
1741 513 1809 541 ιιιιιι-

1022 560 1102 590 taque
1115 556 1148 583 de
1169 556 1216 583 illo
1236 556 1262 583 in
1277 557 1374 584 bonam
1387 562 1490 592 partem
1506 557 1599 589 effert.
1623 563 1652 585 ιιι
1673 566 1734 591 cum
1746 560 1806 586 ait:

1023 600 1271 634 «Quemadmodum
1286 601 1422 633 desiderat
1445 610 1541 638 cervus
1550 603 1592 637 ⁸⁹;
1607 613 1616 630 ι
1641 611 1672 631 ac
1691 604 1808 631 iterum:

1023 656 1032 672 ι
1047 646 1107 674 Vox
1129 647 1235 674 Domini
1263 655 1419 682 prmparans
1445 656 1540 678 cervos
1551 650 1574 666 '°
1589 658 1595 683 ;
1612 659 1622 676 ›
1641 655 1669 678 et
1693 659 1806 678 rursus:

1022 702 1032 718 ι
1045 692 1149 728 Cervus
1159 693 1298 725 amiciiiie,
1314 698 1341 721 et
1355 694 1443 729 pullus
1456 696 1604 730 gratiarum
1622 701 1739 731 tuarum,
1753 697 1805 724 col-

1020 739 1147 774 loquatur
1163 744 1251 767 tecnm
1263 740 1303 771 ⁵¹;
1319 749 1328 766 ι
1354 745 1382 767 et
1401 740 1427 767 in
1450 741 1520 768 libro
1534 741 1584 770 Job
1599 751 1607 769 ε
1626 751 1635 768 ι
1649 742 1806 771 Observasti

1019 790 1110 812 autem
1134 792 1241 813 menses
1265 793 1409 812 cervorum
1422 806 1429 817 .
1451 791 1480 814 et
1500 786 1607 814 dolores
1629 792 1722 822 partus
1742 788 1808 823 ipsis

1021 832 1200 860 imtnittes“.
1217 841 1226 858 ι
1245 831 1304 866 Ipse
1317 839 1424 866 quoque
1438 839 1547 866 sponsae
1564 833 1680 861 dilectus
1696 833 1721 860 in
1737 833 1808 860 Can-

1021 878 1073 905 tico
1097 877 1264 906 canticorum
1291 885 1372 906 cervo
1397 883 1591 913 comparatur:
1620 879 1746 907 «Similis
1767 885 1810 907 cst

985 917 1005 944 Β
1020 930 1126 956 caprea:
1146 927 1173 950 et
1203 922 1317 950 biunulo
1338 931 1494 956 cervorum,
1517 931 1599 957 super
1620 931 1727 953 montes
1747 933 1810 953 aro-

1021 973 1122 996 lnatum
1139 968 1172 995 ⁵³.
1185 977 1194 994 ι
1213 968 1278 996 Cum
1296 969 1387 1003 itaque
1401 976 1515 1004 sponsus
1527 977 1609 997 cervo
1624 977 1808 1010 comparetur2

1020 1021 1088 1048 quos
1102 1014 1147 1042 liic
1161 1022 1256 1042 cervos
1275 1016 1418 1042 memorari
1436 1016 1522 1047 dicas,
1545 1017 1596 1044 nisi
1618 1016 1766 1051 discipulos
1780 1021 1809 1044 et

1019 1059 1176 1094 apostolos?
1190 1058 1238 1087 Est
1256 1065 1346 1088 autem
1363 1061 1463 1087 animal
1481 1061 1545 1088 illud
1563 1062 1733 1097 serpentibus
1748 1063 1808 1090 exi-

1021 1106 1131 1134 tiosum.
1154 1105 1204 1133 ilic
1222 1113 1287 1141 ergo
1308 1106 1431 1138 docetur,
1448 1115 1479 1133 ex
1494 1106 1648 1135 Judazorutn
1662 1103 1808 1136 solitudine

1020 1156 1115 1178 cervos
1130 1150 1264 1186 prodiisse
1284 1151 1425 1186 quosdam,
1439 1152 1564 1179 videlicet
1582 1153 1728 1188 discipulos
1741 1153 1806 1180 Ser—

1019 1195 1123 1225 vatoris
1138 1196 1224 1223 nostri
1240 1205 1248 1223 :
1274 1205 1284 1221 ι
1297 1195 1336 1223 lbi
1352 1197 1435 1229 enim,
1458 1197 1507 1230 ait,
1530 1198 1710 1225 obviaverunt
1721 1199 1807 1230 cervi.

1019 1246 1046 1268 et
1061 1241 1186 1269 viderunt
1201 1241 1287 1269 facies
1305 1249 1368 1270 suas
1385 1247 1491 1270 mutuo.
1503 1253 1512 1269 ι
1538 1241 1604 1270 Sese
1620 1251 1734 1278 namque
1749 1251 1808 1270 inu-

1020 1291 1066 1315 tuo
1091 1292 1281 1323 agnoverunt,
1302 1288 1454 1324 animaeque
1474 1290 1507 1316 ad
1534 1289 1737 1317 similitudinem
1762 1289 1806 1317 Dei

1019 1333 1168 1362 adornatos
1192 1333 1367 1364 characteres
1390 1335 1416 1362 in
1439 1342 1469 1362 se
1488 1335 1602 1363 invicem
1620 1335 1806 1369 deprchende-

1020 1383 1093 1408 runt.
1122 1379 1255 1413 Quoniam
1281 1388 1348 1408 vero
1381 1389 1432 1408 non
1466 1380 1492 1408 in
1522 1389 1575 1408 una
1601 1381 1750 1416 eademque
1769 1381 1810 1408 ei-

1020 1425 1100 1452 vitate
1130 1430 1309 1457 manserunt,
1345 1427 1392 1453 sed
1429 1426 1501 1454 ultro
1537 1427 1662 1461 citroque
1694 1427 1805 1462 singuli.

1020 1471 1156 1508 Evangelii
1187 1480 1285 1507 munus
1321 1473 1484 1510 implentes,
1516 1474 1807 1502 discurrebantzideo

1018 1517 1117 1545 dicitur
1129 1525 1137 1544 :

1054 1562 1136 1596 Vsus.
1155 1563 1198 1590 16.
1220 1572 1229 1588 ι
1240 1563 1314 1590 Alter
1330 1564 1444 1591 alterunt
1462 1572 1513 1590 non
1531 1565 1664 1600 qumsivit,
1679 1565 1742 1600 quia
1755 1565 1808 1593 Do-

979 1599 1001 1629 C
1019 1607 1108 1640 minus
1130 1607 1182 1635 illis
1208 1609 1348 1642 pm‘cepit,
1371 1614 1396 1636 et
1415 1609 1532 1642 Spiritus
1556 1609 1614 1644 ejus
1633 1599 1808 1646 congregavit

1017 1660 1074 1681 eos.
1093 1663 1102 1679 ι
1130 1653 1237 1681 Etenim
1268 1654 1312 1689 qui
1336 1655 1441 1681 dixerat
1468 1655 1542 1687 illis,
1571 1656 1690 1683 iDocete
1712 1663 1807 1683 omnes

1016 1703 1109 1732 gentes
1140 1699 1165 1726 in
1195 1699 1304 1726 nomine
1333 1707 1432 1733 meop
1457 1701 1527 1728 idem
1557 1700 1613 1736 ipse
1639 1702 1743 1734 vetuit,
1770 1709 1804 1728 nc

1018 1743 1044 1769 in
1076 1751 1129 1770 uno
1162 1744 1313 1779 eodemque
1345 1744 1404 1772 loco
1436 1744 1572 1773 Ecclesias
1606 1753 1671 1773 suas
1704 1746 1807 1774 consti-

1018 1793 1135 1816 luerent.

1051 1834 1134 1862 Vens.
1148 1835 1207 1862 17.‹
1221 1834 1252 1863 Ει
1259 1835 1316 1870 ipse
1323 1836 1497 1863 immitteteis
1505 1841 1637 1868 sortes,et
1644 1843 1740 1863 manus
1747 1835 1806 1869 ejus

1017 1881 1118 1913 divisit,
1127 1887 1156 1909 ut
1163 1886 1321 1917 pascantur.
1332 1881 1359 1909 In
1368 1886 1497 1910 aeternum
1509 1887 1613 1918 tempus
1620 1882 1805 1910 limreditatem

1017 1927 1178 1959 sortiemini,
1186 1928 1212 1954 in
1220 1928 1408 1963 generationes
1417 1928 1621 1962 generationum
1633 1928 1805 1963 requiesceut

1017 1972 1042 1999 in
1062 1980 1104 2000 ea.
1120 1982 1129 1999 ι
1154 1973 1284 2001 Pabulum
1310 1981 1375 2008 ergo
1392 1973 1457 2007 ipsis
1477 1978 1504 2001 et
1527 1982 1624 2009 pascua
1646 1974 1804 2009 suppedita-

1016 2020 1063 2052 vit,
1082 2019 1200 2054 itemque
1216 2024 1304 2047 sortes
1327 2019 1353 2047 in
1371 2020 1560 2055 generationes
1580 2021 1803 2055 generationnm;

1015 2069 1045 2091 ut
1065 2065 1161 2100 singuli
1181 2065 1208 2093 in
1230 2065 1350 2093 sortibus
1369 2066 1426 2093 suis
1448 2066 1662 2101 requiescerent,
1680 2066 1806 2094 videlicet

1017 2111 1042 2138 in
1059 2111 1186 2146 gentibus
1204 2111 1256 2139 sibi
1277 2117 1351 2140 sorte
1373 2112 1518 2147 assignatis
1535 2122 1542 2139 :
1560 2113 1615 2145 ubi,
1636 2114 1762 2140 nimirum
1778 2113 1804 2140 in

1016 2156 1049 2183 iis
1073 2164 1141 2191 quas
1156 2157 1336 2184 fundaverant
1351 2158 1491 2191 Ecclesiis.
1511 2160 1642 2186 memoria
1661 2167 1753 2186 eorum
1777 2159 1804 2186 in

1015 2202 1204 2237 generationes
1218 2205 1420 2237 generaliouutn
1439 2210 1564 2232 servatur
1580 2210 1607 2232 ct
1623 2206 1704 2240 Viget.

1294 2249 1407 2278 CAPUT
1421 2249 1527 2277 XXXV.

1051 2294 1132 2322 Vens.
1148 2293 1174 2320 1.
1186 2303 1195 2320 ι
1209 2293 1322 2327 Lzetare,
1339 2294 1475 2322 desertum
1489 2295 1584 2322 sitiens
1601 2303 1608 2320 :
1627 2293 1744 2321 exsultet
1757 2301 1803 2321 so-

1014 2340 1113 2374 litudo,
1140 2345 1167 2368 et
1193 2340 1290 2368 ﬂoreat
1313 2341 1385 2368 sicut
1403 2341 1521 2368 lilium»
1544 2340 1606 2368 Haec
1627 2340 1709 2375 igitur
1734 2340 1804 2367 soli-

1015 2389 1090 2420 tudo,
1113 2388 1166 2415 alia
1190 2388 1271 2415 fuerit
1287 2395 1300 2414 ιι
1324 2389 1399 2421 prius
1416 2392 1567 2414 memorata
1590 2385 1686 2418 Sione,
1708 2386 1733 2412 in
1749 2393 1804 2420 qua

1013 2434 1127 2467 ericios,
1151 2423 1223 2465 ibes.
1253 2441 1365 2466 corvos,
1390 2435 1528 2465 dmuronas
1552 2436 1580 2459 et
1606 2436 1804 2458 onoceutanros

1015 2481 1186 2507 baliitaturos
1203 2488 1272 2513 esse,
1301 2488 1331 2507 ac
1351 2479 1427 2512 cujus
1440 2479 1524 2506 valles
1550 2478 1608 2511 pice
1630 2483 1657 2504 ct
1673 2477 1804 2510 sulphure

1016 2527 1146 2560 repletum
1169 2527 1214 2557 iri,
1238 2527 1391 2553 dicebatur.
1412 2525 1480 2551 Cum
1499 2532 1564 2559 ergo
1592 2523 1654 2550 talia
1675 2524 1708 2550 de
1721 2522 1804 2550 Sione

1015 2577 1042 2599 et
1070 2571 1103 2599 de
1121 2571 1288 2608 Jerosolyma
1314 2570 1498 2606 proferantur,
1524 2574 1608 2598 restat
1628 2573 1656 2596 ut
1677 2575 1720 2601 ea,
1743 2575 1804 2603 qua:

1013 2618 1068 2653 jam
1085 2623 1248 2650 tractantur,
1270 2619 1302 2645 de
1326 2617 1376 2644 alia
1398 2617 1544 2644 solitudine
1564 2614 1735 2650 pronuntiari
1762 2614 1803 2641 itt-

1017 2665 1181 2697 telligamns.
1211 2654 1316 2691 Etenim
1331 2671 1395 2690 vere
1421 2663 1556 2690 sitibunda
1579 2662 1642 2688 olim
1669 2666 1728 2688 crat
1755 2660 1802 2688 illa

1016 2710 1146 2740 solitudo,
1175 2709 1282 2736 nitentis
1311 2708 1468 2735 caelestibus
1489 2707 1584 2734 orbata
1603 2716 1611 2734 :
1634 2713 1726 2734 verum
1745 2713 1804 2734 me-

1016 2753 1128 2780 moratis
1141 2752 1173 2779 de
1191 2753 1280 2779 causis
1298 2752 1382 2778 ltetari
1398 2756 1426 2778 ct
1446 2751 1593 2784 exsultare,
1612 2752 1732 2786 itemque
1751 2750 1805 2778 sic-

1016 2805 1045 2826 ut
1070 2799 1152 2827 lilimn
1177 2798 1274 2826 ﬂorere
1297 2798 1425 2833 jubetur;
1449 2798 1486 2825 ita
1508 2803 1538 2825 ut
1563 2798 1656 2829 dicat:
1673 2807 1682 2825 ι
1701 2798 1803 2826 Christi

1310 2891 1332 2907 "
1348 2890 1427 2919 Cant.
1455 2897 1485 2925 It,
1501 2890 1528 2918 9.
