2044 3215
184 177 236 208 διι

625 174 880 206 COMMENTABIA
900 173 932 201 ΙΝ
953 174 1078 205 ΙδΑΙΑΜ.
1101 190 1134 194 -
1153 175 1230 206 CAP.
1252 173 1360 204 XXXV.

1757 172 1812 200 342

185 241 265 269 μενοι
279 233 329 265 τὰς
344 233 436 268 βάσεις
450 232 499 267 τῆς
516 231 605 267 ψυχῆς
626 232 798 267 ἀνεπήδησαν
816 231 921 265 ἐλάφων
937 231 968 258 δί-

1026 239 1139 266 quorum
1157 231 1255 258 animae
1275 238 1385 266 gressus
1408 229 1518 256 resoluti
1540 236 1572 256 ac
1593 228 1698 259 remissi
1723 234 1812 261 erant,

185 289 249 315 κην,
267 281 324 311 τοῖς
338 279 427 306 αὐτῶν
440 277 647 314 ὲξομοιωθέντες
665 276 846 309 διδασκάλοις·
868 277 914 310 οὓς
930 287 973 313 μι-

185 325 251 361 κροῦ
266 325 384 360 πρόσθεν
407 325 523 359 ἐλάφους
539 323 680 359 ὠνόμασεν
696 325 712 359 ὴ
735 324 896 360 προφητεία.
920 325 973 351 Καὶ

185 373 202 408 ἡ
223 371 278 398 τῶν
300 371 451 410 μογιλάλων
463 370 584 405 γλῶσσα,
606 371 639 405 ἢν
656 370 801 405 συνέδησεν
821 371 836 397 ὁ
850 370 973 402 Σατανᾶς

185 418 253 459 πρὸς
267 417 298 444 τὸ
315 418 352 457 μὴ
368 417 502 451 θεολογεῖν
518 416 564 443 τὸν
584 416 669 452 ἀληθῆ
686 415 763 447 Θεὺν,
784 415 872 452 τρανὰ
890 416 972 451 φθέγ-

183 463 280 497 γεσθαι
295 463 342 489 καὶ
359 462 550 498 διηρθρωμένα
572 461 742 497 μεμάθηκεν.
758 460 926 496 Μογιλάλους
945 461 973 488 δὲ

181 510 235 536 οὐκ
250 509 284 536 ἂν
299 509 433 544 ἁμάρτοις
453 508 537 535 εἰπὼν
553 508 617 540 τοὺς
633 508 709 543 παρὰ
733 509 789 539 τοῖς
811 509 902 542 σοφοῖς
927 508 972 534 τοῦ

183 556 282 587 αἰῶνος
304 555 412 587 τούτου,
441 554 520 590 μόγις
543 554 608 581 ποτὲ
630 553 817 589 τολμήσαντας
842 553 922 588 ὀρθόν
947 562 972 580 τι

184 602 316 641 φρονῆσαι
334 600 381 627 καὶ
394 601 480 627 εἰπεῖν
496 600 560 636 περὶ
574 599 652 626 Θεοῦ.
864 592 867 595 ’

188 648 191 649 ⁷
221 656 231 672 α
245 647 307 673 ὀτι
321 640 426 683 ἐρράγη
442 646 472 672 ὲν
486 646 519 681 τῇ
540 646 635 681 ἐρήμῳ
655 644 742 682 ὕδωρν
764 645 810 677 καὶ
824 644 932 680 φάραγξ
945 645 973 670 ἐν

183 693 218 727 γῇ
231 691 344 728 διψώσῃ.
360 692 415 718 Καὶ
431 683 507 717 ἔσται
522 692 539 726 ἡ
554 691 667 726 ἄνυδρος
683 691 722 722 εἰς
739 690 798 725 ἓλη,
816 690 862 723 καὶ
873 692 913 722 εις
925 692 973 726 τὴν

181 731 303 772 διιζνῶσαν
326 738 377 773 γῆν
402 738 477 774 πηγὴ
502 737 597 769 ὓδατος
619 737 705 763 ἔσται.
732 737 972 772 Ἐκξῐέὑφροσύνη

179 783 293 818 ὀρνέων,
319 783 447 815 ἐπαύλεις
472 782 595 818 καλάμου
620 783 668 809 καὶ
689 782 749 818 ἕλη.
763 792 772 807 ι
798 782 835 808 Τὸ
857 783 907 817 μὲν
926 780 972 808 οὖν

180 822 272 864 ὕδωρ,
289 829 355 856 αὐτὸ
370 827 404 865 ἦν
420 830 507 856 έκεῖνο
522 830 553 856 τὸ
568 829 615 856 τοῦ
637 829 772 866 Ἰορδάνου
785 838 792 844 ·
810 829 850 856 διὸ
865 829 973 868 ἐλέγετο

181 874 274 911 μικρῷ
292 874 410 911 πρόσθεν
423 885 430 892 ο
460 885 468 901 ι
484 875 538 902 Καὶ
556 875 747 910 ἀγαλλιάσεται
761 875 796 902 τὰ
816 875 906 910 ἔρημα
925 875 971 901 τοῦ

185 913 331 955 ἶιορδάνι)υ.
345 929 355 946 ›
372 921 412 947 Δι’
427 917 458 947 οὗ
473 921 520 947 καὶ
539 920 660 955 ᾐνίττετο
674 920 703 946 τὸ
724 919 836 956 λουτρὸν
857 920 906 956 τῆς
922 929 975 947 πα-

180 966 367 1001 λιγγενεσίας,
391 967 438 994 καὶ
465 966 496 993 τδ
524 966 575 1002 τῆς
597 966 694 1002 καινῆς
710 967 846 1007 Διαθήκης
869 969 972 1002 μυστή-

181 1022 254 1048 ριον·
275 1014 310 1040 τὰ
321 1013 349 1040 δὲ
364 1013 459 1049 ῥεῖθρα
471 1013 534 1045 τοὺς
548 1012 742 1047 εὑαγγελικοὺς
756 1013 850 1048 ἐδήλου
865 1013 970 1047 λόγους.

184 1072 193 1087 ε
206 1058 382 1097 Εὐφροσύνην
394 1059 509 1094 ὀρνέωψ
522 1068 530 1083 ι
547 1057 640 1093 ψυχῶν
652 1058 848 1094 έπτερωμὲνων
859 1058 969 1097 δηλαδὴ,

181 1109 229 1135 καὶ
253 1105 460 1144 μετεωροποιῶν
472 1125 479 1137 ,
500 1105 547 1132 καὶ
569 1105 656 1132 ἄλλων
675 1105 787 1141 ἡμέρων
807 1106 855 1134 καὶ
875 1106 971 1142 πράων

179 1155 233 1182 ὑπὸ
258 1155 298 1191 τῷ
325 1154 400 1189 καλῷ
427 1152 550 1188 ποιμένμ
563 1152 754 1188 διοικουμένων
782 1153 820 1185 ὡς
841 1153 970 1180 δύνασθαι

177 1200 287 1234 λέγειν·
311 1200 432 1236 (Κύριος
451 1199 590 1235 ποιμαίνει
609 1208 658 1235 με,
680 1199 727 1225 καὶ
750 1199 824 1226 οὐδέν
843 1208 876 1235 με
890 1199 968 1227 ὑστε-

179 1246 270 1282 ρήσει.
283 1255 293 1272 ι

216 1291 330 1318 «Ἔσται
345 1291 404 1321 ἐκεῖ
417 1291 476 1323 ὁδὸς
489 1290 609 1326 καθαρὰ,
627 1291 675 1317 καὶ
691 1291 748 1323 ὁδὸς
761 1290 827 1324 ἁγία
841 1291 970 1327 κληθήσε-

176 1346 241 1365 ται·
266 1338 314 1364 καὶ
327 1337 357 1364 οὺ
380 1337 417 1373 μὴ
433 1338 554 1373 παρέλθῃ
571 1338 629 1364 ἐκεῖ
641 1337 805 1372 ἀκάθαρτος.
819 1348 829 1364 ι
850 1337 923 1373 Αὕτη
940 1338 968 1364 δὲ

177 1384 220 1419 είη
235 1383 268 1410 ἂν
288 1383 306 1419 ἡ
325 1383 469 1421 ἀπάγουσα
485 1384 532 1410 ἐπὶ
552 1385 582 1411 τὸ
606 1385 804 1420 τρισμακάριον
824 1384 901 1416 τέλος
918 1385 967 1420 τῆς

177 1429 339 1465 ἐπουρανίου
356 1429 402 1456 τοῦ
425 1429 492 1456 Θεοῦ
509 1430 622 1463 πόλεως,
638 1431 670 1465 ἣν
686 1430 820 1466 παριστὰς
839 1431 854 1457 ὁ
873 1431 968 1466 Σωτὴρ

178 1474 270 1509 ἔλεγεν
283 1481 289 1488 '
302 1484 312 1500 ι
323 1474 393 1509 Ἐγώ
406 1475 465 1510 εἰμι
475 1476 491 1509 ἡ
509 1475 577 1507 ὁδός.
600 1485 608 1500 ι
626 1485 634 1500 ι
645 1475 712 1502 Οὐδὲ
737 1474 814 1502 ἔσται
836 1476 894 1502 ἐκεῖ
909 1476 969 1508 ὁδὸς

179 1520 331 1555 ἀκάθαρτος
343 1529 349 1535 ·
367 1521 392 1550 οἱ
413 1521 441 1547 δὲ
460 1520 654 1556 διεσπαρμένοι
669 1521 847 1557 πορεύσονται
862 1522 905 1549 ἐπ’
920 1522 969 1548 αὺ-

179 1564 236 1599 τῆς,
253 1565 299 1591 καλ⁸
311 1565 341 1590 οὑ
366 1564 403 1600 μὴ
421 1564 587 1601 πλανηθῶσι.
604 1575 613 1591 ι
636 1566 712 1597 Τίνες
730 1566 759 1592 δὲ
777 1563 860 1598 οὗτοι,
877 1566 934 1593 ἀλλ’
950 1567 966 1602 ἢ

178 1611 202 1636 oi
227 1609 309 1638 πάλαι
331 1610 551 1646 διεσκεδασμένοι
570 1611 616 1638 τοῦ
633 1611 700 1638 Θεοῦ
721 1611 768 1638 καὶ
793 1612 901 1648 μακρὰν
920 1614 969 1648 τῆς

177 1655 306 1691 ἀληθείας
318 1656 573 1692 ἀποπλανηθέντες;
599 1654 677 1684 Οὗτοι
697 1657 768 1694 γὰρ,
786 1657 969 1694 παλινδρομή-

179 1709 274 1733 σαντες
287 1721 294 1733 ,
318 1703 364 1729 καὶ
379 1703 428 1738 τὴν
446 1702 552 1729 εὐθεῖαν
571 1703 618 1729 καὶ
634 1703 744 1738 ἀπλανῆ
760 1703 818 1730 ὁδὸν
832 1703 968 1740 εὑρόντες,

178 1747 359 1784 πορεύσονται
375 1749 404 1774 ὲν
418 1749 500 1783 αὐτῇ.

217 1804 226 1819 ι
239 1794 293 1821 Καὶ
307 1795 356 1821 οὐκ
371 1795 446 1821 ἔσται
460 1795 519 1822 ἐκεῖ
533 1794 612 1827 λέων,
627 1795 687 1822 οὐδὲ
707 1795 760 1823 τῶν
775 1795 900 1831 πονηρῶν
921 1796 969 1831 θη-

181 1839 246 1875 ρίων
260 1839 290 1864 οὐ
307 1839 343 1874 μὴ
360 1839 446 1875 ἀναϐῇ
463 1840 503 1871 είς
519 1839 613 1875 αὐτὴν,
631 1840 690 1866 οὐδὲ
708 1840 746 1876 μὴ
764 1840 861 1876 εὑρεθῇ
876 1841 942 1869 ἐκεῖ.
956 1851 965 1866 ι

180 1883 242 1916 Πῶς
256 1884 310 1920 γὰρ
329 1885 376 1911 καὶ
391 1882 446 1911 οἷόν
462 1894 492 1911 τε
505 1883 539 1920 ἦν
555 1886 585 1912 ὲν
598 1884 637 1920 τῷ
648 1886 781 1921 εἰρηκότι,
802 1895 811 1911 ι
827 1886 897 1920 Ἐγώ
911 1887 968 1923 εἰμι

178 1931 196 1965 ἡ
221 1930 314 1963 όδὺς,›
341 1932 483 1967 εὑρεθῆναί
509 1941 536 1959 τι
560 1931 614 1959 τῶν
638 1932 779 1968 πονηρῶν;
807 1932 874 1959 Οὐδὲ
893 1933 968 1965 ὁδοὺς

178 1976 267 2010 ῐφεως
288 1977 335 2003 ἐπὶ
359 1977 461 2018 πέτραν
483 1978 594 2008 δυνατὸν
611 1975 645 2014 ἦν
667 1978 756 2013 εὑρεῖν
772 1977 843 2007 κατὰ
861 1978 906 2007 τὸν
921 1979 968 2007 Eo.

177 2021 314 2057 λομῶντα.

215 2063 316 2097 iam
340 2070 519 2107 πορεύσονται
541 2071 569 2098 ὲν
589 2071 659 2106 αὐτῇ
682 2070 895 2107 λελυτρωμένοι,
921 2072 968 2098 καὶ

178 2115 342 2151 συνηγμένοι
365 2116 409 2142 διὰ
429 2115 531 2151 Κυρίου
545 2125 551 2131 ·
569 2125 579 2142 ›
599 2115 645 2148 οὓς
667 2116 748 2147 αὐτὸς
769 2115 889 2151 δηλονότι
907 2115 967 2142 ἐλυ-

176 2160 301 2195 τρώσατο
313 2160 351 2195 τῷ
371 2160 428 2195 ἰδίῳ
441 2161 537 2196 αἵματι
546 2181 554 2192 ,
570 2161 617 2187 καὶ
631 2162 654 2187 οἱ
672 2161 835 2196 συνηγμένοι
856 2161 900 2188 διὰ
913 2161 968 2187 Κυ-

178 2205 247 2240 ρίου,
262 2205 318 2232 ἀλλ’
335 2206 395 2233 οὐδὲ
407 2206 451 2232 διὰ
465 2207 615 2243 προφήτου,
628 2207 688 2233 οὐδὲ
703 2206 747 2233 διά
761 2214 834 2238 τινος
850 2207 966 2242 σπουδῆς

1021 277 1077 312 jam
1102 285 1244 305 cervorum
1269 277 1354 304 instar
1377 275 1549 306 exsilierunl,
1574 274 1730 302 doctoribus
1755 275 1813 302 suis

1023 324 1125 351 similes
1138 323 1244 355 effecti,
1262 331 1329 358 quos
1353 322 1432 357 paulo
1455 329 1536 356 supra
1557 328 1652 348 cervos
1671 320 1812 356 prophetia

1024 370 1139 398 vocavit.
1155 370 1300 397 Bnlboruln
1318 374 1407 395 autent
1428 368 1530 402 lingua,
1545 373 1639 402 quam,
1661 373 1695 393 ne
1718 373 1819 397 verum

1024 416 1108 444 Deum
1121 416 1309 447 conﬁteretur,
1326 414 1502 450 colligaverat
1515 411 1643 452 Satanas,
1659 412 1731 440 clara
1747 419 1812 439 voce

1024 468 1052 489 et
1073 462 1236 489 articulatim
1263 461 1345 489 verba
1376 459 1555 496 pronuntiare
1573 452 1685 487 ‘didicit.
1714 458 1814 486 Balbos

1024 515 1105 542 porro
1128 507 1285 542 neutiquatn
1303 509 1423 539 aberres,
1443 507 1465 534 si
1486 507 1562 534 dicas
1580 512 1627 533 eos
1641 512 1703 533 esse
1718 512 1753 532 ex
1766 512 1812 538 sa-

1024 554 1159 590 pientibus
1174 553 1253 589 hujus
1269 553 1374 585 stcculi,
1391 553 1437 587 qui
1450 553 1494 581 vix
1511 552 1578 580 recti
1594 551 1695 587 aliquid
1709 551 1744 579 de
1757 551 1821 580 Deo.

1024 608 1142 635 unquam
1158 601 1260 627 sentire
1274 607 1306 627 ac
1320 599 1413 626 dicere
1426 599 1484 629 ausi
1498 603 1571 628 sunt.
1608 624 1610 627 ι
1663 622 1665 625 ,

1061 647 1144 676 Vens.
1157 646 1185 674 7.
1209 646 1296 680 «Quia
1314 645 1403 680 erupit
1418 639 1444 672 in
1460 646 1567 673 deserto
1586 652 1668 679 aqua,
1689 649 1718 671 et
1736 643 1814 672 vallis

1025 693 1050 719 iu
1068 697 1141 720 terra
1154 691 1271 719 sitienti.
1292 690 1326 718 Et
1338 690 1391 718 erit
1407 690 1537 725 inaquosa
1554 691 1580 718 in
1596 690 1718 726 paludes,
1739 694 1770 725 et,
1785 690 1822 720 in-

1025 744 1096 765 terra
1122 738 1225 766 sitienti
1252 738 1314 765 fons
1342 744 1420 771 aqua-
1444 737 1507 765 erit.
1535 729 1572 765 lbi
1593 737 1685 764 laetitia
1708 736 1813 770 avium,

1025 784 1111 812 caulae
1131 784 1275 812 arundinis
1291 788 1318 812 et
1340 783 1463 818 paludes.
1477 793 1487 810 ι
1504 784 1580 819 Aqua
1595 784 1701 817 isthme,
1714 783 1747 811 de
1761 791 1813 818 qua

1024 829 1155 864 loquitur,
1180 827 1306 857 Jordanis
1320 833 1380 856 erat
1395 835 1403 856 :
1423 836 1508 863 quare
1523 828 1604 862 paulo
1620 833 1685 856 ante
1704 828 1824 862 diceha:

1024 879 1079 904 tur.
1100 884 1110 902 ι
1128 875 1160 903 Et
1176 874 1353 903 exsultabunt
1370 875 1478 902 deserta
1491 873 1630 909 Iordanis.
1643 883 1653 901 ι
1672 874 1731 907 Quo
1745 874 1815 907 lava-

992 926 1012 953 B
1025 930 1101 949 crum
1126 921 1340 957 regenerationis
1366 921 1576 953 subindicabat,
1598 928 1704 959 necnon
1716 920 1813 950 Testa-

1023 968 1105 995 Inenti
1123 967 1189 995 Navi
1210 968 1369 1003 mysterium
1391 976 1398 995 :
1424 975 1471 1003 per
1486 967 1586 995 ﬂuenta
1604 972 1708 1001 autem,
1732 975 1813 996 evan-

1022 1013 1121 1048 gelicos
1140 1020 1282 1042 sermones
1296 1013 1418 1041 denotat.
1437 1023 1446 1039 ε
1459 1012 1565 1047 Laetitia
1586 1014 1677 1048 avium
1689 1023 1723 1051 ;_r
1739 1013 1824 1040 vide-‘

1022 1059 1084 1087 licet
1096 1059 1250 1093 animarum
1267 1064 1458 1094 pennatarum,
1476 1064 1504 1087 et
1519 1059 1813 1094 altivolantium,‘alia-
1855 1071 1858 1073 -

1022 1115 1136 1145 rumque
1167 1111 1371 1139 mansuetarum
1399 1115 1433 1139 ae
1458 1107 1535 1134 horia:
1569 1105 1687 1139 indolis,
1711 1101 1772 1145 quae
1797 1114 1812 1132 a

1020 1154 1091 1183 bono
1111 1159 1219 1190 pastore
1240 1157 1385 1190 reguntur;
1411 1159 1438 1181 ut
1463 1153 1556 1181 dicere
1572 1152 1704 1186 valeant:
1732 1161 1742 1178 ι
1757 1152 1824 1189 Βοτ

1021 1199 1110 1228 minus
1125 1201 1210 1235 pascit
1227 1207 1280 1234 me,
1294 1205 1322 1227 et
1336 1200 1405 1230 nihil
1421 1200 1488 1227 mihi
1505 1199 1592 1227 deerit
1603 1199 1637 1226 “.
1652 1209 1662 1227 ›

1056 1289 1137 1319 Vens.
1154 1290 1181 1317 8.
1207 1301 1215 1315 ι
1230 1290 1266 1317 lbi
1282 1290 1335 1318 erit
1353 1290 1395 1317 via
1414 1297 1492 1324 pura,
1513 1295 1540 1317 et
1553 1290 1595 1316 via
1613 1291 1711 1322 sancta
1728 1297 1808 1323 voca:

1020 1337 1112 1369 bitur;
1143 1341 1170 1363 et
1200 1343 1253 1363 non
1285 1336 1413 1364 transibit
1444 1335 1507 1363 illae
1532 1334 1721 1363 immundus.»
1747 1334 1811 1362 Haec

1020 1389 1085 1410 sane
1102 1382 1182 1410 fuerit
1208 1383 1266 1416 illa,
1284 1390 1345 1417 quae
1370 1382 1445 1410 ducit
1468 1383 1500 1409 ad
1520 1375 1705 1409 felicissimum
1729 1381 1810 1409 linem

1019 1429 1142 1457 caelestis
1167 1429 1213 1456 Dei
1240 1429 1375 1461 civitatis,
1400 1435 1483 1463 quam
1509 1428 1653 1456 declarans
1678 1428 1811 1456 Servator

1019 1475 1125 1503 dicebat
1143 1485 1150 1503 :
1177 1485 1187 1501 ι
1204 1476 1258 1511 Ego
1271 1483 1331 1503 sum
1355 1476 1396 1502 via
1410 1485 1420 1501 ι
1435 1476 1469 1504 ⁸⁷.
1496 1484 1506 1501 ‹
1518 1474 1611 1509 Neque
1630 1474 1682 1502 erit
1707 1474 1742 1502 ibi
1766 1474 1826 1509 via,

1020 1522 1124 1557 impura
1141 1531 1148 1549 :
1164 1522 1209 1557 qui
1228 1526 1319 1549 autem
1347 1521 1462 1556 dispersi
1485 1525 1560 1553 sunt,
1581 1520 1758 1549 ambulabunt
1782 1521 1825 1548 in.

1019 1575 1062 1600 ea,
1081 1576 1169 1603 neque
1180 1569 1321 1596 errabant.
1334 1578 1343 1594 ι
1366 1567 1481 1600 Quinam
1503 1567 1552 1600 illi,
1577 1567 1627 1595 nisi
1650 1566 1695 1602 qui
1713 1566 1776 1594 olim
1794 1562 1827 1598 δ’

1022 1614 1076 1642 Deo
1096 1615 1254 1651 (ἣξει-οεοῦ,
1268 1623 1283 1642 a
1296 1616 1412 1642 veritate
1428 1615 1520 1649 procul
1537 1605 1753 1643 aberraverarit?
1776 1613 1808 1648 lii

1021 1669 1137 1696 namque
1152 1662 1321 1697 relrogressi,
1340 1662 1511 1695 inventaque
1527 1661 1599 1696 recta
1627 1661 1749 1698 nullique
1761 1668 1808 1689 er-

1020 1707 1074 1735 rori
1088 1708 1205 1736 obnoxia
1221 1708 1274 1740 ria.
1290 1709 1315 1736 in
1332 1716 1363 1735 ea
1378 1707 1566 1735 ambulabunt.

1057 1797 1136 1825 Vns.
1150 1798 1175 1825 9.
1203 1797 1256 1825 «Et
1283 1806 1336 1825 non
1363 1797 1415 1824 erit
1443 1796 1480 1825 ibi
1496 1797 1548 1829 leo,
1575 1804 1661 1834 neque
1689 1795 1744 1823 ulla
1772 1804 1809 1832 οξ

1019 1843 1097 1872 malis
1119 1843 1213 1871 bestiis
1231 1836 1364 1871 "ascendet
1388 1844 1415 1870 in
1442 1850 1513 1876 eam,
1542 1850 1630 1877 neque
1653 1841 1808 1874 invenietur

1019 1890 1065 1917 ibi.
1083 1899 1093 1916 ι
1121 1890 1172 1923 Qui
1197 1890 1270 1917 enim
1286 1890 1343 1917 lleri
1359 1894 1465 1924 poterat
1478 1909 1486 1922 ,
1513 1893 1541 1916 ut
1554 1889 1580 1916 in
1601 1897 1654 1922 eo,
1668 1888 1713 1923 qui
1731 1888 1826 1917 dixe.‘

1020 1941 1072 1970 rat,
1090 1945 1099 1962 (
1116 1936 1171 1973 Ego
1189 1944 1248 1964 sum
1271 1936 1324 1968 via,
1340 1947 1349 1962 ι
1369 1935 1431 1962 ntali
1456 1935 1594 1970 quidpiam
1614 1934 1807 1970 reperiretur!

1018 1983 1112 2017 Neque
1127 1983 1184 2010 vias
1199 1982 1334 2017 serpentis
1350 1981 1377 2008 in
1396 1986 1473 2016 petra
1490 1981 1614 2008 invenire
1629 1984 1690 2008 erat
1710 1987 1806 2008 secun-

1018 2029 1080 2057 dum
1098 2029 1283 2056 Salomonem.

1053 2075 1137 2103 Vnus.
1157 2075 1201 2103 l0.
1232 2075 1305 2102 «Sed
1328 2076 1354 2102 in
1379 2082 1410 2102 ea
1436 2074 1613 2102 ambulabunt
1637 2074 1765 2111 redempti
1781 2079 1809 2101 et
1859 2067 1861 2070 ⁴

1018 2122 1173 2156 congregati
1204 2129 1252 2156 per
1279 2121 1442 2155 Dominum;
1459 2131 1469 2147 ›
1499 2128 1568 2155 quos
1598 2121 1725 2148 videlicet
1749 2121 1808 2156 ipse

1018 2168 1128 2203 proprio
1141 2168 1272 2203 sanguine
1292 2167 1406 2195 redemit
1423 2176 1429 2194 :
1445 2172 1473 2195 et
1494 2168 1539 2201 qui
1563 2167 1718 2202 congregati
1743 2172 1808 2194 sunt

1018 2222 1032 2241 ο
1052 2214 1177 2247 Domino,
1200 2222 1253 2241 non
1275 2222 1290 2240 a
1315 2214 1458 2249 propheta,
1476 2221 1526 2242 nec
1545 2214 1661 2241 humana
1679 2212 1806 2247 quapiam

177 2251 361 2287 ἀνθρωπίνης·
377 2252 410 2278 δι’
423 2252 505 2279 αὑτοῦ
519 2252 547 2279 δὲ
558 2252 605 2279 τοῦ
617 2253 720 2288 Κυρίου
735 2253 759 2279 oi.
767 2252 964 2288 λελυτρωμὲνοι

1020 2261 1207 2293 sollicitudine,
1226 2268 1320 2288 verum
1340 2260 1385 2295 qui
1412 2260 1447 2288 ab
1464 2260 1522 2295 ipso
1539 2260 1652 2287 Domino
1674 2259 1806 2292 redempti
1824 2294 1827 2297 _

178 2297 224 2322 mi.
230 2305 312 2331 συνηγ
317 2296 402 2332 μένοι,
409 2294 480 2324 οὗτοι
488 2298 665 2333 πορεύσονται
672 2298 721 2334 τὴν
726 2298 890 2334 δηλωθεῖσαν
896 2297 963 2325 ὁδόν.

180 2355 189 2370 σ
205 2346 258 2372 Καὶ
273 2346 539 2384 ἀποστραφήσονται,
564 2348 611 2375 καὶ
623 2349 733 2384 ἥξουσιν
749 2350 790 2380 εἰς
817 2348 885 2379 Σιὼν
900 2350 958 2384 μετ’

176 2397 356 2433 εὐφροσύνης.
371 2408 380 2424 ι
398 2399 435 2425 Οὐ
448 2399 503 2435 γὰρ
518 2399 551 2435 δὴ
561 2400 672 2427 δυνατὸν
684 2399 801 2432 ἐνταῦθα
812 2399 880 2431 Σιὼν
893 2401 965 2428 ὲκεί-

176 2456 224 2482 νην
232 2449 442 2484 παραδέχεσθαι,
456 2451 519 2486 περὶ
528 2448 562 2487 ἧς
571 2451 698 2489 εἴρηται(
711 2451 765 2478 Καὶ
774 2451 894 2483 ἐνιαυτὸς
907 2452 966 2478 ἀντ-

174 2498 327 2530 αποδόσεως
335 2499 450 2534 κρίσεως
455 2501 532 2528 Σιών·
537 2501 582 2529 καὶ
588 2502 693 2538 στραφή
697 2510 785 2529 σονται
792 2504 820 2529 αἰ
826 2503 967 2538 φάραγγες

175 2548 305 2583 αὑτῆςείς
318 2549 427 2582 πίσσαν,
435 2560 443 2575 ι
452 2551 499 2580 καὶ
508 2551 543 2578 τὰ
550 2551 654 2584 τούτοις
664 2552 737 2587 ἑξῆς.
747 2554 847 2589 Διόπερ
857 2555 964 2591 ἀνάγκη

174 2597 310 2633 διαφόρως
332 2600 403 2625 νοεῖν
429 2598 479 2631 τὰς
506 2601 667 2637 ὁμωνύμους
691 2604 967 2640 προσαγορευομένας

175 2650 253 2677 Σιών.
269 2660 278 2676 ι
288 2651 343 2677 Καὶ
355 2651 507 2688 εὐφροσύνη
519 2652 625 2685 αἰώνιος
634 2654 704 2691 ὑπὲρ
717 2656 836 2692 κεφαλῆς
846 2657 945 2686 αὐτῶν.
953 2668 962 2684 ι

175 2702 205 2728 Οἱ
221 2701 275 2737 γὰρ
291 2703 402 2738 νικηταὶ
418 2702 465 2729 τοῦ
479 2703 597 2738 μεγάλω
611 2705 707 2732 τούτου
720 2707 824 2741 ἀγῶνος
841 2709 964 2745 στεφάνῳ

174 2751 343 2788 εὐφροσύνης
369 2752 556 2787 ἀναδήσονται.
585 2755 667 2782 (Ἐπὶ
693 2755 747 2792 γὰρ
769 2756 818 2791 τῆς
845 2757 964 2793 κεφαλῆς

174 2802 264 2829 αὐτῶν
278 2802 380 2835 αῖνεσις
396 2803 442 2830 καὶ
463 2803 629 2846 ἀγαλλίαμα,
651 2807 698 2833 καὶ
712 2807 864 2845 εὐφροσύνη
881 2817 964 2836 κατα-

206 2913 228 2930 "
245 2913 315 2941 Psal.
332 2922 402 2949 xxu,
423 2915 448 2945 l.
486 2916 508 2932 ³⁷
522 2915 600 2943 Joan.
621 2924 675 2950 xtv,
694 2918 722 2944 6.

1018 2313 1044 2336 et
1065 2307 1220 2343 congregati
1246 2312 1320 2340 sunt,
1346 2307 1372 2334 hi
1395 2307 1420 2333 in
1445 2311 1593 2334 memorata
1616 2305 1657 2331 via
1682 2304 1806 2331 ambula-

1019 2354 1095 2382 bunt.
1120 2363 1129 2380 ι
1140 2354 1173 2383 Ει
1193 2358 1363 2384 avertuntur,
1379 2358 1406 2380 et
1427 2353 1537 2379 venient
1554 2352 1580 2378 in
1595 2350 1660 2377 Sion
1682 2357 1743 2377 cum
1760 2350 1806 2378 la:-

1020 2400 1089 2428 titia.
1105 2409 1114 2427 ι
1139 2399 1201 2427 Haec
1215 2400 1316 2435 quippe
1343 2404 1480 2433 nequeunt
1500 2399 1532 2425 de
1558 2398 1601 2424 illa
1622 2397 1704 2424 Sione
1725 2397 1805 2427 intel-
1825 2419 1828 2421 .

1019 2447 1076 2482 Iigi,
1094 2447 1128 2474 de
1148 2455 1201 2480 qua
1223 2447 1324 2474 dictum
1349 2451 1412 2474 est:
1431 2455 1440 2470 ι
1457 2445 1489 2473 Et
1506 2451 1594 2472 annus
1620 2443 1806 2470 retributionis

1017 2491 1110 2526 jndicii
1123 2493 1188 2520 Sion
1202 2501 1210 2519 :
1224 2498 1251 2521 et
1265 2498 1459 2520 convertentur
1471 2491 1554 2518 valles
1564 2490 1623 2524 ejus
1638 2490 1664 2516 in
1678 2489 1777 2524 picem,
1791 2500 1801 2516 ι
1834 2498 1837 2500 ·

1019 2542 1045 2564 et
1059 2543 1166 2566 ctetcra.
1183 2538 1365 2571 Quamobrem
1384 2537 1442 2564 illas
1457 2544 1517 2571 quae
1531 2536 1625 2563 eodem
1643 2534 1734 2563 Sionis
1757 2544 1805 2562 ηο-

1020 2582 1092 2610 mine
1116 2587 1259 2615 vocantur,
1286 2583 1362 2610 vario
1386 2583 1467 2610 modo
1493 2581 1643 2616 intelligere
1663 2588 1731 2616 opus
1751 2587 1805 2618 est.

1021 2636 1030 2652 ι
1045 2627 1077 2654 Et
1089 2627 1183 2655 laetitia
1201 2628 1364 2662 sempiterna
1383 2635 1464 2662 super
1478 2631 1558 2661 caput
1577 2633 1684 2653 eorum.
1702 2635 1711 2652 ι
1736 2625 1805 2652 Nam

1019 2674 1036 2700 ii
1061 2673 1106 2709 qui
1140 2673 1167 2700 iu
1194 2681 1292 2708 magno
1321 2673 1366 2701 illo
1389 2673 1540 2701 certamine
1564 2671 1684 2699 victores
1712 2676 1804 2702 erunt,

1018 2726 1118 2746 corona
1133 2719 1234 2746 ltetitia'.
1250 2719 1438 2746 redimientur.
1460 2728 1469 2744 ι
1482 2719 1509 2745 lu
1522 2718 1610 2752 capite
1626 2717 1698 2744 enim
1710 2724 1804 2745 eorum

1018 2763 1077 2791 laus
1091 2769 1119 2791 ct
1141 2764 1299 2798 exsultatio,
1329 2768 1356 2791 et
1377 2764 1468 2791 laetitia
1495 2763 1708 2798 comprehendet
1730 2770 1802 2790 eos:

1018 2810 1149 2839 abscessit
1162 2810 1256 2844 dolor,
1277 2810 1385 2838 tristitia
1401 2815 1427 2839 et
1441 2810 1573 2849 gemitus;
1592 2819 1601 2836 ι
1616 2810 1741 2840 videlicet
1756 2816 1804 2836 eos
