2044 3215
238 193 290 221 345
587 193 720 222 EUSEBll
740 193 980 224 CESARZENSIS
999 193 1075 224 OPP.
1096 194 1186 223 PARS
1205 194 1248 222 111.
1269 210 1303 215 -
1323 194 1528 223 ΕΧΕΟΕΤΙΟΛ,
1819 195 1869 222 3H

238 253 285 288 qui
302 253 328 280 in
343 253 455 281 salutari
468 254 524 286 via,
541 253 608 281 nihil
624 255 696 282 ultro
706 255 831 290 citroque
846 255 1023 286 dcllcctcmlo.

1081 256 1191 291 λήψεται
1215 255 1312 288 αὐτούς
1325 264 1331 270 ·
1357 255 1463 291 ἀπέδρα
1479 254 1576 290 ὀδύνη,
1596 254 1644 282 καὶ
1659 254 1730 290 λύπη
1746 254 1792 281 καὶ
1809 263 1868 281 στε-

238 300 458 332 ambulaverunt,
483 301 599 335 ideoque
613 302 645 328 ad
661 301 848 329 felicissimum
863 303 943 330 ﬁnem
963 311 1025 337 pcr-

1081 302 1182 338 ναγμός
1193 310 1200 318 ο
1215 311 1224 328 ι
1243 301 1362 337 δηλονότι
1377 303 1439 334 τοὺς
1460 301 1509 337 τὴν
1523 301 1656 336 σωτήριον
1674 300 1732 327 ὁδὸν
1755 299 1872 332 ἀκλινῶς

239 349 399 373 venerunt:
424 345 468 374 ubi
492 354 593 374 corona
621 346 668 374 Dei
698 347 835 380 exornati,
861 348 1026 383 sempiterna

1081 348 1258 383 βαδίσαντας,
1275 348 1322 374 καὶ
1343 347 1387 374 διὰ
1402 347 1481 374 τοῦτο
1492 340 1544 375 ἶῆ
1560 345 1590 373 ἰδ
1606 344 1805 382 τρισμακάριον
1827 345 1872 372 τέ-

239 390 293 418 vita
310 389 445 424 fruentur,
472 391 499 419 in
521 399 604 427 regno
620 392 762 425 caelorum,
784 393 857 419 unde
875 402 884 418 ι
897 392 1028 420 abscessit

1081 394 1122 426 λος
1137 394 1370 429 καταντήσαντας’
1388 394 1416 419 ἐν
1435 389 1468 427 ᾧ,
1478 392 1601 427 στεφάνῳ
1614 391 1682 418 Θεοῦ
1699 391 1870 427 τιμηθέντες,

239 437 317 464 dolor
332 441 360 464 et
375 437 503 472 gemitus.
519 447 528 463 ι

504 519 619 554 CAPUT
637 526 757 554 xxxw.

278 571 358 599 Vens.
378 572 435 599 1-5.
458 581 467 598 ι
486 571 520 599 Ει
544 572 644 599 factum
671 578 712 600 est
736 581 806 600 anno
825 573 1028 607 quartodecimo

239 618 312 653 regis
333 618 474 651 Ezechim,
499 618 622 646 ascendit
654 618 848 646 Sennacherim
875 626 922 646 rex
946 619 1029 654 Assy-

241 665 344 692 riorum
371 665 504 692 adver-us
527 666 609 692 urbes
635 663 734 693 Iudaea:
752 665 887 699 munitas,
910 671 937 693 et
958 666 1029 700 cepit

240 717 296 738 eas.
317 711 348 738 Et
369 711 442 738 misit
458 719 505 738 rex
519 710 697 747 Assyriorum
720 711 868 739 Rabsacem
882 719 916 739 ex
932 712 1029 740 Lachis

240 756 268 783 in
285 754 436 784 Jerusalem
454 758 488 784 ad
501 765 590 793 regem
607 757 754 785 Ezechiam
770 765 831 785 cum
844 758 945 785 virtute
961 757 1030 785 mul-

241 808 280 830 ta.
301 803 333 830 Et
350 804 426 831 stetit
451 803 477 831 iit
504 802 665 838 aqumductu
690 804 804 839 piscinae
824 803 982 839 superioris,
1002 803 1028 830 in

240 849 284 877 via
304 850 362 884 agri
380 849 501 877 fullonis.
521 849 555 876 Et
569 852 696 883 egressus
724 853 766 877 est
782 850 815 877 ad
835 857 898 877 eum
915 849 1028 876 Eliacim

242 895 313 923 tilius
328 896 454 928 Chelcire.
478 903 654 929 mconomns.
681 901 709 924 et
732 897 849 924 Somnas
869 897 976 928 Scriba,
1003 900 1030 923 et

240 940 324 969 Joach
339 942 410 969 ﬁlius
421 942 525 977 Asaph,
538 949 552 969 a
566 942 779 970 commentariis.
797 951 806 968 ι
821 941 953 969 lllirabilis
964 948 1030 968 sane

241 994 283 1016 est
298 988 354 1016 ha'c
370 989 482 1016 historia
494 992 521 1016 et
533 989 654 1016 narratio
667 995 757 1015 rerum
771 987 894 1015 Ezechiae
907 991 1030 1022 tempore

241 1040 401 1071 gestarum:
427 1043 487 1071 qua;
513 1036 584 1063 inter
607 1035 726 1070 reliquas
751 1034 879 1062 historias
905 1035 933 1061 in
960 1034 1030 1061 libro

241 1085 339 1117 quarto
365 1082 468 1116 Regum
492 1087 519 1110 et
543 1082 570 1109 in
599 1082 722 1109 secundo
741 1073 965 1116 Paralipomenon
987 1089 1032 1108 re-

241 1132 378 1156 censetur.
398 1129 524 1156 Attamen
541 1136 571 1155 ea
588 1127 652 1155 huic
667 1127 826 1163 prophetico
843 1127 913 1154 libro
928 1126 1030 1154 inserta

242 1175 302 1207 fuit,
317 1176 381 1210 quia
399 1175 450 1203 sub
471 1175 551 1202 linem
573 1174 694 1201 histoﬁa:
715 1178 770 1201 tum
790 1174 946 1209 prophetia,
974 1179 1030 1200 tum

241 1228 285 1249 res
299 1221 420 1255 quaedam
433 1221 565 1248 mirabilis
577 1225 604 1248 et
620 1221 814 1255 inexspectata,
830 1220 953 1248 Ezechiae
965 1225 1031 1247 tem-

242 1274 309 1300 pore
323 1272 398 1303 86813
414 1272 551 1295 narratur.

1078 439 1127 474 τῆς
1144 438 1254 465 αἰωνίου
1271 438 1344 474 ζωῆς
1365 437 1564 465 ἀπολαύσουσιν
1582 438 1611 464 ὲν
1630 438 1664 472 τῇ
1683 435 1736 463 τῶν
1750 436 1871 472 οὐρανῶν

1081 483 1215 522 βασιλείᾳ,
1232 485 1296 512 ἔνθα
1314 495 1323 511 ι
1337 485 1442 520 ἀπέδρα
1457 483 1536 520 ὀδύνη
1552 485 1599 512 καὶ
1613 482 1774 520 στεναγμός,
1788 494 1796 509 ι

1327 531 1525 557 ΚΕΦΛΛΑΙΟΝ
1544 531 1614 564 aq:

1117 589 1127 604 ι
1142 578 1197 606 Καὶ
1207 576 1316 612 ἐγένετο
1330 577 1377 604 τοῦ
1394 578 1423 604 ιδ’
1439 577 1516 609 ἔτους
1534 576 1721 612 βασιλεύοντος
1736 576 1868 609 Ἐζεκίου,

1080 623 1162 659 ἀνέϐη
1180 624 1366 658 Σενναχηρεὶμ
1383 622 1508 657 βασιλεὺς
1530 622 1679 658 Ἀσσυρίων
1693 621 1738 649 ἐπὶ
1753 622 1802 654 τὰς
1821 622 1870 649 πύ-

1079 670 1136 702 λεις
1159 667 1208 705 τῆς
1230 669 1361 701 Ἰουδαίας
1381 668 1431 701 τὰς
1451 668 1563 705 ὀχυρὰς,
1581 668 1628 695 καὶ
1649 667 1743 695 ἔλαϐεν
1774 668 1869 700 αὐτάς.

1080 717 1135 744 Καὶ
1163 714 1305 742 ἀπέστειλε
1332 714 1458 750 βασιλεὺς
1484 714 1632 750 Ἀσσυρίων
1651 714 1697 741 τὸν
1717 714 1871 750 Ῥαϐσάκην

1080 763 1113 789 ὲκ
1129 762 1222 798 Λάχης
1236 761 1275 793 είς
1296 760 1471 797 Ἰερουσαλὴμ.
1482 761 1550 797 πρὸς
1560 760 1605 787 τὸν
1618 759 1729 795 βασιλέα
1748 761 1872 793 Ἐζεκίαν

1083 807 1151 844 μετὰ
1169 807 1310 842 δυνάμεως
1334 807 1443 842 πολλῆς.
1461 807 1514 833 Καὶ
1531 806 1595 842 ἔστη
1618 808 1647 833 ἐν
1663 807 1701 843 τῷ
1718 807 1872 843 ὑδραγωγῷ

1080 854 1129 890 τῆς
1148 852 1341 889 κολυμϐήθρας
1363 852 1414 887 τῆς
1428 853 1483 879 ἄνω
1498 853 1527 878 ἐν
1542 854 1575 888 τῇ
1593 852 1645 889 ὁδῷ
1660 852 1707 880 τοῦ
1720 852 1807 888 ἀγροῦ
1824 853 1870 880 τοῦ

1080 900 1216 935 κναφέως.
1234 899 1289 926 Καὶ
1308 898 1402 935 ἐξῆλοε
1429 900 1496 935 πρὸς
1522 899 1602 926 αὑτὸν
1631 899 1772 935 Ἐλιακείμ
1793 900 1808 927 ὁ
1823 899 1871 926 τοῦ

1082 946 1208 977 Χελκίου,
1223 945 1238 971 ὁ
1249 945 1399 980 οἰκονόμος,
1415 945 1460 971 καὶ
1473 945 1578 980 Σομνᾶς
1594 945 1607 970 ὁ
1619 945 1810 981 γραμματεὺς,
1825 945 1872 972 καὶ

1088 993 1168 1027 Ὶωὰχ
1182 992 1196 1018 ὁ
1210 991 1257 1018 τοῦ
1288 988 1384 1025 Ἀώῳ,
1403 991 1698 1027 ὺπομνηματογράφος.
1711 1001 1720 1017 ι
1756 991 1873 1026 Ἰστορία

1084 1037 1133 1073 μέν
1152 1039 1225 1064 ἐστιν
1243 1039 1259 1072 ἡ
1275 1037 1442 1073 προκειμένη
1455 1036 1501 1063 καὶ
1512 1037 1636 1073 διήγησις
1649 1037 1791 1072 θαυμαστὴ
1802 1046 1872 1073 πρα-

1081 1085 1195 1120 γμάτων
1207 1084 1275 1111 κατὰ
1289 1084 1352 1115 τοὺς
1364 1083 1476 1119 χρόνους
1490 1083 1610 1116 Ἐζεκίου
1621 1083 1782 1119 γενομένων·
1801 1084 1874 1110 ἀνεί-

1080 1130 1182 1165 ληπται
1198 1129 1225 1156 δὲ
1244 1129 1313 1165 μετὰ
1330 1129 1384 1156 τῶν
1401 1129 1501 1156 λοιπῶν
1519 1129 1644 1165 ἱστοριῶν
1661 1130 1689 1156 ὲν
1706 1131 1739 1165 τῇ
1753 1131 1872 1166 τετάρτῃ

1079 1175 1134 1202 τῶν
1155 1175 1313 1207 Βασιλειὼν,
1329 1175 1376 1201 καὶ
1396 1175 1424 1201 ἐν
1440 1176 1473 1210 τῇ
1500 1175 1615 1210 δευτέρᾳ
1631 1175 1684 1202 τῶν
1703 1175 1873 1211 [Ιαραλειπο-

1081 1218 1180 1256 μένων.
1187 1220 1283 1254 Ὅμως
1293 1220 1315 1246 δ’
1325 1217 1371 1247 οὖν
1381 1219 1428 1246 καὶ
1440 1221 1468 1246 ὲν
1479 1220 1512 1255 τῇ
1529 1219 1596 1255 μετά
1606 1221 1699 1256 χεῖρας
1715 1222 1872 1258 προφητικῇ

1081 1265 1163 1301 βίϐλῳ
1174 1265 1384 1301 καταϐέϐληται,
1393 1265 1435 1292 διὰ
1446 1265 1477 1292 τὸ
1491 1265 1658 1301 ἐμφέρεσϐαι
1674 1265 1742 1302 πρὸς
1753 1267 1784 1293 τὺ
1798 1266 1873 1298 τέλος

241 1313 291 1348 τῆς
313 1313 433 1350 ἱστορίας
462 1314 641 1349 προφητείαν,
673 1312 720 1340 καί
740 1321 801 1339 τινα
816 1311 938 1348 μεγάλην
955 1312 1001 1339 καὶ
1032 1312 1182 1348 παράδοξον
1220 1311 1318 1348 πρᾶξιν
1344 1311 1561 1338 ἐπιτελεσθεῖσαν
1588 1311 1657 1339 κατὰ
1679 1313 1742 1345 τοὺς
1763 1313 1874 1349 χρόνινδς

247 1359 379 1392 Ἐζεκίου,

278 1405 360 1434 Vens.
375 1406 402 1434 6.
415 1416 424 1432 ε
443 1406 477 1434 Et
490 1406 609 1435 dixiteis
621 1406 775 1434 Rabsaces:
789 1404 1025 1434 DiciteEzcchize:

244 1452 308 1480 llaec
326 1453 392 1480 dicit
407 1460 452 1480 rex
467 1460 592 1487 magnus,
611 1460 656 1480 rex
672 1453 863 1488 Assyriorum:
880 1451 949 1485 Quid
964 1459 1029 1479 con-

1121 1414 1130 1430 ε
1145 1404 1201 1432 Καὶ
1217 1401 1293 1430 εἶπεν
1314 1404 1406 1435 αὐτοῖς
1426 1402 1590 1438 Ῥαϐσὰκης·
1609 1402 1711 1431 Εἴπατε
1746 1401 1872 1440 Ἐζεκίᾳ·

1082 1450 1151 1478 Τάδε
1166 1450 1240 1485 λέγει
1254 1451 1268 1477 ὁ
1284 1450 1409 1486 βασιλεὺς
1420 1450 1434 1476 ὁ
1447 1450 1544 1486 μέγας,
1558 1449 1684 1484 βασιλεὺς
1706 1449 1872 1486 Ἀσσυρίων·

242 1496 325 1527 ﬁdis?
343 1507 353 1524 ι
371 1498 437 1526 Nam
451 1506 500 1526 ccu
516 1503 635 1533 potestas
650 1499 772 1533 qumdam
790 1497 948 1534 prophetico
968 1505 1027 1525 ser-

1081 1495 1114 1522 Τί
1131 1495 1269 1527 πεποιθὼς
1285 1493 1326 1528 εἷς
1343 1505 1351 1520 ι
1372 1495 1478 1530 Ὥσπερ
1494 1495 1549 1530 γάρ
1564 1504 1606 1527 τις
1630 1495 1804 1531 ἀντικειμένη
1826 1494 1873 1522 δύ-

247 1545 320 1572 moni
337 1545 493 1572 adversaria
511 1545 623 1578 dicenti,
642 1544 703 1572 llaec
725 1544 792 1571 dicit
821 1544 970 1576 Dominus,
991 1543 1031 1570 sic

241 1596 271 1618 et
292 1591 337 1618 ille
359 1591 517 1618 clamabat:
539 1600 549 1616 ί
574 1590 636 1618 Haec
660 1590 726 1618 dicit
750 1598 798 1618 rex
823 1597 955 1625 magnus,
983 1590 1030 1617 rex

243 1636 427 1672 Assyriorum.
447 1645 456 1663 ι

278 1680 360 1710 Vens.
376 1682 405 1715 5,
419 1683 446 1710 6.
465 1691 476 1708 ι
494 1683 563 1711 Ecce
579 1683 691 1711 conﬁdis
706 1683 789 1718 virga:
801 1683 955 1710 arundinem
969 1682 1031 1710 huic

242 1729 405 1763 contractae,
437 1729 574 1764 Egypto:
599 1729 640 1758 cui
665 1730 688 1758 si
714 1730 757 1757 vir
779 1729 920 1762 innitatur,
948 1736 1030 1764 pene-

242 1775 326 1802 trabit
341 1781 448 1802 manum
464 1775 532 1809 ejus.
553 1775 599 1803 Sic
622 1779 664 1803 est
678 1775 785 1803 Pharao
805 1783 852 1803 rex
866 1775 988 1811 Egypti,
1003 1779 1031 1803 et

242 1829 338 1848 omnes
354 1820 400 1856 qui
428 1821 567 1849 conﬁdunt
579 1821 606 1849 In
625 1829 669 1850 eo.
692 1831 701 1848 ι
721 1821 894 1857 Sycophanta
913 1829 973 1849 cum
985 1828 1030 1849 es-

242 1868 284 1893 set
297 1866 432 1898 inimicus,
445 1866 588 1895 Ezechiam
605 1867 823 1895 calumniabatur
838 1867 941 1899 dicens,
960 1865 1031 1895 Ecce

242 1911 357 1940 conﬁdis
380 1911 516 1948 Egypto,
538 1917 566 1941 et
595 1912 731 1941 Pharaoni
758 1913 814 1949 regi
834 1911 959 1948 Egypti,
984 1910 1029 1947 qui

242 1958 388 1987 {identibus
411 1959 476 1992 sibi,
497 1964 525 1988 et
546 1961 720 1995 sperantibus
743 1961 770 1988 in
790 1968 837 1993 se,
861 1961 958 1996 quovis
975 1959 1030 1987 iui-

242 2006 314 2034 Inico
331 2006 449 2034 deterior
463 2011 516 2039 est.
542 2008 667 2036 nesciens
686 2012 763 2042 pacta
789 2015 900 2035 servare
915 2014 976 2034 cum
997 2005 1043 2033 iis.

241 2051 289 2084 qui
307 2051 340 2078 ad
363 2052 450 2087 ipsum
469 2052 648 2088 confugiunt:
670 2061 754 2087 quare
780 2053 896 2081 similem
916 2052 953 2078 ait
970 2059 1031 2078 esse

241 2097 326 2131 virga:
343 2097 455 2130 calami,
471 2106 530 2132 qua:
549 2099 630 2126 simul
647 2104 744 2127 natura
763 2099 878 2134 fragilis,
892 2103 919 2126 et
935 2098 968 2125 iis
983 2098 1029 2132 qui

242 2143 292 2178 ipsi
309 2143 461 2171 innituntur
483 2145 562 2171 noxia
575 2149 627 2173 est.

1081 1551 1163 1577 ναμις
1188 1541 1228 1577 τῷ
1252 1541 1414 1578 προφητικῷ
1431 1542 1469 1577 τῷ
1478 1542 1617 1577 φάσκοντι,
1636 1541 1706 1568 Τάδε
1727 1541 1801 1577 λέγει
1815 1542 1874 1568 Κύ-

1082 1596 1149 1623 ριος,
1165 1587 1213 1614 καὶ
1227 1583 1304 1620 οὗτος
1318 1587 1380 1614 ἐϐόα
1390 1595 1397 1602 ·
1421 1596 1430 1613 ‹
1444 1587 1514 1614 Τάδε
1532 1587 1605 1622 λέγει
1623 1587 1637 1614 ὁ
1654 1587 1780 1623 βασιλεὺς
1793 1589 1807 1615 ὀ
1823 1588 1874 1624 (ab

1081 1641 1142 1669 γας,
1156 1635 1170 1661 ὸ
1184 1633 1309 1670 βασιλεὺς
1327 1633 1486 1670 Ἀσσυρίων.
1497 1643 1506 1660 ι

1119 1686 1128 1705 ι
1147 1679 1212 1707 Ἰδοὺ
1228 1679 1366 1711 πεποιθὼς
1391 1677 1417 1706 εἷ
1443 1679 1490 1706 ἐπὶ
1519 1680 1569 1715 τὴν
1602 1680 1699 1715 ῥάϐδον
1724 1679 1774 1716 τὴν
1785 1681 1871 1708 καλα-

1083 1725 1162 1761 μίνην
1177 1725 1228 1762 τὴν
1243 1725 1427 1761 τεθλασμένην
1440 1725 1552 1761 ταύτην,
1568 1726 1611 1752 ἐπ’
1626 1726 1772 1760 Αἴγυπτον,
1786 1726 1824 1758 ὡς
1839 1727 1874 1753 ἀν

1081 1771 1261 1807 ἑπιστηριχθῇ
1279 1770 1348 1807 ἀνὴρ
1369 1771 1412 1797 ἐπ’
1427 1771 1531 1807 αὐτὴν,
1554 1771 1738 1799 εἰσελεύσεται
1763 1772 1804 1804 εἰς
1821 1773 1874 1807 τὴν

1081 1818 1160 1853 χεῖρα
1175 1817 1272 1844 αὐτοῦ’
1289 1816 1375 1850 οὕτως
1390 1816 1449 1844 ἐστὶ
1464 1816 1563 1853 Φαραὼ
1581 1817 1708 1852 βασιλεὺς
1721 1817 1872 1852 Αἰγύπτου,

1081 1862 1128 1891 καὶ
1144 1863 1244 1896 πάντες
1258 1863 1282 1890 οἱ
1297 1863 1456 1896 πεποιθότες
1475 1864 1518 1890 ἐπ’
1531 1863 1614 1899 αὐτῷ.
1627 1873 1636 1889 ι
1657 1864 1832 1899 Συκοφάντης
1844 1863 1873 1891 δὲ

1080 1908 1118 1936 ὣν
1145 1909 1160 1936 δ
1185 1909 1281 1946 ἐχθρὸς
1305 1909 1503 1944 καταψεύδεται
1528 1909 1576 1937 τοῦ
1609 1910 1745 1944 Ἐζεκίου,
1772 1911 1872 1945 λέγων,

1087 1954 1152 1982 Ἰδοὺ
1170 1954 1308 1987 πεποιθὼς
1322 1953 1348 1982 εἴ
1362 1955 1405 1982 ἐπ’
1423 1954 1571 1990 Αἴγυπτον.
1587 1956 1635 1983 καὶ
1649 1955 1694 1982 ἐπὶ
1707 1955 1808 1992 Φαραὼ
1821 1956 1871 1991 βα-

1082 2001 1158 2028 σιλέα
1169 2000 1355 2036 Αίγύπτου,ὂς
1368 2003 1424 2034 τοῖς
1438 2003 1654 2038 ὲπερειδομένοις
1670 2003 1713 2029 ἐπ’
1727 1996 1811 2038 αὐτῷ,
1824 2003 1873 2030 καὶ

1080 2048 1260 2084 ὲπιθαρῤοὓσι
1285 2048 1385 2080 παντὸς
1406 2048 1511 2084 γίνεται
1537 2048 1666 2084 πολεμίου
1689 2048 1799 2085 χείρων,
1822 2050 1873 2076 οὐκ

1080 2095 1159 2127 εἰδὼς
1173 2095 1317 2130 φυλάττειν
1334 2094 1384 2127 τὰς
1404 2094 1541 2130 συνθήκας
1556 2096 1612 2127 τοῖς
1629 2094 1795 2131 πρόσφυξιν”
1810 2094 1867 2122 ὃθεκ

1081 2141 1197 2179 ἐοικέναι
1214 2140 1296 2168 αὐτὸν
1310 2140 1401 2176 ῥάϐδῳ
1416 2140 1565 2177 καλαμίνῃ,
1580 2140 1648 2176 ὁμοῦ
1666 2141 1713 2167 καὶ
1727 2140 1758 2167 τὺ
1772 2140 1873 2176 σαθρὲν

1084 2188 1184 2224 ἐχούσῃ
1207 2189 1238 2215 ὲκ
1268 2187 1385 2223 φύσεως,
1405 2188 1452 2215 καὶ
1465 2187 1496 2214 τὸ
1513 2187 1643 2223 βλαϐερὸν
1658 2188 1714 2220 τοῖς
1733 2187 1871 2223 ἐπερειδο-

1085 2235 1174 2270 μὲνοις
1189 2233 1268 2269 αὐτῇ.

275 2275 359 2304 Vens.
375 2275 402 2304 7.
416 2285 426 2302 ‹
443 2275 520 2310 Quod
533 2276 555 2304 si
571 2277 671 2309 dicitis,
686 2276 714 2304 In
737 2277 850 2305 Domino
865 2277 920 2305 Deo
935 2283 1027 2305 nostro

1119 2289 1127 2305 σ
1144 2279 1213 2306 Εἰδὲ
1226 2279 1330 2314 λέγετε,
1352 2278 1414 2306 Ἐπὶ
1430 2278 1531 2315 Κύριον
1546 2278 1591 2306 τὸν
1608 2278 1763 2314 Θεὺνήμῷν
1774 2280 1872 2306 πεποί-

240 2322 401 2350 ιοηίιάίιηιιε
415 2332 422 2350 ;
446 2330 535 2350 annon
554 2323 612 2358 ipse
627 2328 680 2356 est,
700 2324 778 2358 cujus
795 2325 903 2352 excelsa
919 2325 1029 2353 sustulit

242 2369 383 2402 Ezechias,
407 2373 434 2396 et
451 2369 548 2396 altaria
568 2369 645 2404 ejus;
664 2375 693 2396 et
717 2370 787 2396 dirit
805 2369 881 2398 Judze
901 2375 928 2398 et
949 2371 1029 2399 Jeru-

240 2413 454 2442 salem:Coram
471 2415 548 2442 altari
571 2415 623 2442 isto
644 2415 778 2442 adorato?
800 2424 809 2440 ι
833 2415 892 2442 Νοη
918 2415 1027 2451 ignora-

240 2461 304 2487 hant
321 2459 394 2486 cnim
412 2460 530 2493 inimici,
546 2460 692 2487 Ezechiam
707 2464 734 2487 et
748 2460 794 2494 qui
813 2467 874 2487 cum
889 2467 922 2488 co
938 2465 1027 2492 erant,

237 2505 365 2539 precibus
384 2512 416 2531 ac
437 2505 489 2538 piis
509 2506 681 2533 sermonibus
698 2505 730 2532 ad
755 2507 939 2540 superandum
959 2513 1028 2540 opus

241 2551 351 2579 habere.
375 2551 437 2578 Haac
459 2552 517 2586 ipsa
543 2551 713 2579 criminando
737 2551 800 2579 dicit
822 2552 874 2578 dux
902 2553 1028 2587 Assyrio-

239 2603 311 2629 rum,
339 2596 484 2624 Ezechiam
511 2599 588 2632 quasi
612 2603 773 2632 prmsentem
797 2597 959 2632 allorjuens:
984 2599 1026 2625 cui

239 2643 370 2671 Ezechias
389 2649 417 2671 ct
435 2645 481 2679 qui
499 2652 561 2672 cum
585 2651 618 2671 eo
640 2649 717 2671 crant
738 2645 796 2671 hrcc
817 2645 878 2678 jure
902 2652 1028 2679 reposue-

238 2690 309 2716 rint:
330 2698 339 2715 ι
358 2689 389 2716 lli
405 2690 431 2717 in
449 2691 589 2724 curribus,
611 2696 638 2718 et
657 2691 684 2718 hi
710 2693 735 2718 in
754 2691 849 2726 equis;
872 2699 921 2720 nos
939 2696 1027 2719 autem

240 2734 266 2761 in
291 2736 401 2762 nomine
429 2737 475 2764 Dci
497 2738 582 2765 nostri
602 2738 792 2765 invocabimus
805 2738 839 2765 ⁵⁸.
858 2747 868 2764 ι

277 2823 359 2853 \‘ns.
375 2825 451 2854 8-l0.
472 2837 482 2854 ί
501 2826 577 2857 Nunc
601 2829 737 2866 adjungilc
758 2837 806 2859 vos
831 2829 944 2858 Domino
968 2837 1028 2858 meo

275 2926 298 2945 ’⁸
313 2927 381 2959 Psnl.
403 2936 459 2964 xix,
475 2931 501 2958 8.

1081 2325 1182 2360 θαμεν·
1211 2324 1261 2352 οὑκ
1286 2325 1368 2356 αὐτός
1394 2325 1464 2356 ἐστι,
1490 2320 1521 2350 οὗ
1549 2324 1660 2359 ἀφεῖλεν
1692 2324 1816 2358 Ἐζεκίας
1837 2326 1872 2352 τὰ

1080 2370 1169 2406 ύᾲηλὰ
1185 2370 1278 2403 αὐτοῦ,
1294 2371 1340 2397 καὶ
1357 2369 1392 2397 τά
1404 2370 1585 2406 θυσιαστήρια
1592 2369 1673 2397 αὑτοῦ
1683 2380 1691 2387 ·
1707 2372 1753 2398 καὶ
1761 2370 1822 2398 εἷπε
1833 2372 1872 2408 τῷ

1086 2416 1170 2452 Ἰούδᾳ
1189 2417 1237 2443 καῖ⁸
1260 2418 1292 2452 τῇ
1326 2417 1521 2453 Ἰερουσαλήμ·
1550 2415 1629 2443 Κατά
1653 2417 1799 2452 πρόσωπον
1822 2418 1872 2445 τοῦ

1082 2461 1272 2497 θυσιαστηρίου
1283 2461 1377 2488 τούτου
1390 2461 1594 2497 προσκυνήσατε
1606 2469 1614 2492 ς
1626 2471 1634 2486 ι
1649 2460 1685 2487 Ού
1694 2461 1747 2497 γὰρ
1757 2461 1872 2496 ἠγνόουν

1081 2509 1105 2534 οί
1129 2508 1261 2542 πολέμιοι,
1288 2507 1328 2534 ὅτι
1349 2507 1382 2533 δι’
1399 2507 1486 2542 εὐχῶν
1508 2508 1620 2542 κρατεῖν
1646 2506 1693 2533 καὶ
1714 2506 1758 2533 διὰ
1784 2506 1872 2541 λόγων

1081 2553 1213 2580 θεοσεϐὧν
1225 2554 1265 2580 δεῖ
1278 2554 1323 2580 τὸν
1341 2553 1464 2585 Ἐζεκίαν
1477 2552 1523 2579 καὶ
1538 2553 1601 2584 τοὺς
1612 2553 1660 2579 σὺν
1676 2553 1759 2588 αὐτῷ.
1778 2553 1872 2580 Ταῦτα

1081 2601 1149 2628 αὐτὰ
1173 2600 1309 2627 διαϐάλλει
1325 2601 1339 2626 ὁ
1355 2599 1401 2625 τοῦ
1424 2599 1567 2634 Ἀσσυρίου
1594 2598 1755 2634 στρατηγὸς,
1784 2599 1872 2633 λέγων

1082 2647 1119 2678 ὡς
1144 2646 1211 2682 πρὸς
1230 2646 1352 2681 παρόντα
1375 2645 1420 2672 τὸν
1443 2644 1582 2677 Ἑζεκίαν⁵
1601 2644 1670 2680 πρὺς
1687 2644 1717 2670 ὃν
1741 2644 1774 2671 ἂν
1795 2642 1872 2671 είπεν

1089 2693 1211 2725 Ἐζεκίας
1226 2692 1273 2719 καὶ
1292 2692 1317 2719 ot
1342 2691 1390 2718 σὺν
1404 2690 1493 2726 αὐτῷ·
1515 2699 1524 2716 ι
1537 2688 1617 2718 Οὗτοι
1636 2691 1665 2716 ὲν
1690 2691 1806 2725 ἅρμασι,
1824 2691 1872 2718 καὶ

1083 2736 1155 2766 οὗτοι
1168 2740 1196 2766 ἐν
1210 2739 1304 2770 ἵπποις
1313 2747 1320 2753 ⁸
1338 2739 1418 2774 ἡμεῖς
1429 2738 1459 2765 δὲ
1476 2739 1506 2765 ὲν
1518 2738 1631 2774 ὀνόματι
1644 2737 1691 2764 τοῦ
1706 2737 1774 2765 Θεοῦ
1790 2738 1871 2774 ἡμῶν

1084 2784 1310 2820 ἐπικαλεσύμεοα.
1328 2794 1336 2809 ι
1790 2810 1792 2813 _

1121 2840 1130 2856 ι
1146 2831 1202 2857 Νῦν
1220 2829 1332 2865 μῐχοητε
1350 2829 1388 2865 τῷ
1409 2830 1504 2865 Κυρίῳ
1522 2839 1572 2865 μου
1589 2830 1627 2869 τῷ
1650 2830 1754 2866 βασιλεῖ
1775 2830 1866 2857 ’Δσσυ-
