2044 3215
287 178 339 206 517

652 174 786 202 EUSEBII
806 173 1048 202 CESARIENSIS
1066 174 1141 203 OPI‘.
1158 175 1247 202 PARS
1267 174 1312 202 lll.
1331 189 1365 194 —
1385 172 1591 201 EXEGETICA.

1866 175 1920 202 τις

289 236 424 262 adversus
435 238 562 266 sanctum
576 231 662 259 virum
677 233 806 259 mentitus
819 237 872 263 est,
882 240 943 259 eum
961 232 1077 268 Egypto

1131 233 1155 258 δὲ
1169 233 1183 258 6
1199 232 1336 268 βάρϐαρος
1354 232 1404 268 τὴν
1419 231 1553 267 θεομάχον
1579 230 1712 263 ἐξώπλισε
1730 230 1869 265 γλῶσσαν·
1890 233 1921 258 τὸ

290 282 375 309 ﬁdere
391 281 540 312 dictitans;
557 279 656 306 deinde
676 278 735 312 ejus
753 279 956 306 adhortationes
974 279 1079 306 solvere

289 334 315 354 et
336 326 479 354 confutare
504 329 618 352 conatus
641 330 694 357 est,
719 325 796 359 queis
825 324 1024 352 multitudinem
1047 325 1079 352 ad

291 372 415 402 tiduciam
439 371 465 398 in
489 372 544 398 Deo
570 371 719 405 ponendam
752 371 902 402 invitabat,
929 371 1000 399 vires
1021 372 1081 406 ejus

292 419 435 445 traducens
451 406 482 446 a‘c
498 422 685 450 contemnens,
703 418 775 452 quod
801 418 923 452 equitatu
941 425 993 445 uou
1011 418 1083 445 vale-

293 470 350 496 ret;
367 469 459 499 postea
475 471 503 491 se
522 463 576 491 Deo
588 463 704 498 jubcute
723 463 882 490 ascendisse
896 463 1013 496 dicebat,
1028 471 1081 498 quo

292 511 433 544 populum,
448 515 477 537 ut
493 518 507 537 a
529 511 584 537 Deo
603 510 750 544 proditum,
765 509 1008 544 perlerrefaceret;
1031 511 1082 538 sub

294 557 351 583 luec
376 556 624 591 pollicitationibus
648 556 848 583 fructuosorum
874 557 1032 588 vinearum,
1057 562 1084 584 et

293 602 407 630 aliorqu
423 610 484 637 qut
507 603 576 628 bona
601 602 772 628 mstituautur
784 621 791 632 ,
815 606 857 628 est
876 609 958 633 usus;
975 603 1082 629 dentom

294 648 351 675 haec
372 649 424 674 sibi
442 647 548 674 inutilia
560 655 621 675 esse
636 647 867 680 auimadvertens,
887 649 1082 676 exsecrandum

294 693 414 728 linguam
432 694 532 728 aperit,
555 701 608 728 qua
628 693 724 727 impias
744 693 856 729 protulit
872 702 960 722 voces.
983 695 1082 722 Verum

293 739 442 774 impietatis
461 747 556 774 poenas
575 739 661 771 dedit,
683 747 745 766 cum
765 741 852 775 angeli
877 748 956 768 manu
983 742 1085 769 exerci-

295 789 338 811 tus
351 784 409 817 ejus
426 784 548 811 funditus
568 785 673 812 deletus
690 791 740 813 est.

278 841 283 842 ν
330 829 413 857 Vsss.
432 830 479 862 2i,
492 830 536 856 ‘22.
558 839 567 856 ‹
582 830 615 857 Et
630 836 790 865 tacuerunt,
804 836 928 866 et\uetuo
944 834 1084 869 respondit

294 875 319 900 ei
343 874 473 907 verbum,
492 876 564 910 quod
589 877 773 910 prohibuisset
798 886 862 911 rex,
881 887 915 906 ne
939 881 1081 914 quisquam

1130 279 1179 313 μὲν
1201 278 1309 314 πρῶτον
1325 278 1373 305 τοῦ
1398 278 1476 311 ἁγίου
1497 276 1740 312 καταψευδόμενος,
1763 277 1810 304 καὶ
1834 277 1921 312 λέγων

1129 324 1209 351 αὐτὸν
1225 324 1382 351 πεποιθέναι
1398 324 1441 350 ἐπ’
1460 323 1613 357 Δῖγυπτον”
1631 320 1691 349 εἶτα.
1707 323 1855 358 ἐπιχειρῶν
1871 322 1920 354 τὰς

1130 369 1305 405 παραινέσεις
1319 368 1401 396 αὑτοῦ
1415 367 1533 394 διαλύειν
1553 367 1602 398 τὰς
1617 367 1663 395 ἐπὶ
1685 366 1743 401 Θεῷ
1758 365 1920 394 πεποιθέναι

1130 416 1160 442 τὸ
1173 415 1275 451 πλῆθος
1289 413 1563 450 παρασκευαζούσας,
1579 413 1628 448 τὴν
1641 412 1754 448 δύναμιν
1765 411 1848 439 αὑτοῦ
1864 411 1920 438 δια-

1131 461 1236 488 ϐάλλων
1252 460 1296 487 διὰ
1311 459 1358 486 τοῦ
1376 460 1413 495 μὴ
1426 458 1578 494 κτήσασθαι
1593 456 1764 492 κατασκευὴν
1782 457 1899 491 ἱππικήν
1912 464 1918 470 ·

1132 505 1191 532 εἶτα
1206 505 1274 540 μετὰ
1288 504 1334 531 τοῦ
1350 504 1416 535 Θεοῦ
1437 503 1570 538 ἀναϐῆναι
1584 502 1681 536 λέγων,
1697 502 1734 534 ὡς
1753 501 1786 529 ἂν
1799 501 1921 538 δειλιάσῃ

1131 552 1162 578 τὸ
1178 551 1278 586 πλῆθος
1293 550 1332 580 ὡς
1355 549 1482 585 προδοϐὲν
1496 549 1550 576 ἀπὸ
1567 548 1635 576 Θεοῦ
1645 557 1651 563 ·
1668 545 1728 575 εἶτα
1744 547 1920 582 ἐπαγγελίαις

1133 596 1258 633 χρηστῶν
1272 595 1450 632 ἀμπελώνων,
1464 595 1511 624 καὶ
1526 594 1579 621 τῶν
1594 594 1681 621 ἄλλων
1704 593 1854 621 δοκούντων
1873 603 1920 620 κα-

1133 644 1201 671 λῶν·
1218 641 1278 670 εἶτα
1294 642 1371 674 εἰδὼς
1387 642 1475 671 πάντα
1498 640 1580 668 αὑτοῦ
1601 640 1636 672 τὰ
1656 639 1767 669 τοιαῦτα
1782 640 1921 676 ἄπρακτα,

1132 689 1182 725 τὴν
1199 688 1300 725 μιαρὰν
1322 687 1405 715 αὑτοῦ
1424 687 1526 721 ἀνοίγει
1542 687 1675 722 γλῶτταν,
1689 686 1816 718 ἀσεϐείας
1832 686 1923 720 ἀφιεὶς

1133 737 1235 771 φωνάς.
1250 735 1320 762 Ἀλλ’
1335 735 1458 761 ὲκτέτικε
1472 734 1549 766 δίκας
1564 734 1615 769 τῆς
1643 733 1781 766 ἀσεϐείας,
1804 733 1922 768 ἀγγέλου

1133 781 1302 818 πανστρατιᾷ
1318 780 1513 815 δαπανώμενος
1528 780 1610 816 χειρί.

1172 838 1180 854 t
1197 827 1250 858 Καὶ
1262 827 1429 862 ἐσιώπησαν,
1441 827 1488 853 καὶ
1499 826 1587 857 οὐδεὶς
1598 825 1733 862 ἀπεκρίθη
1747 823 1821 860 αὑτῷ
1832 823 1921 858 λόγον,

1133 875 1178 902 διὰ.
1193 874 1223 901 τὸ
1243 873 1393 909 προστάξαι
1413 873 1459 899 τὸν
1482 871 1594 907 βασιλέα
1613 872 1714 907 μηδένα
1729 870 1921 906 ἀποκριθῆναι.

296 920 347 955 ipsi
375 922 562 956 responderet.
591 922 624 949 Et
649 923 785 956 ingressus
812 929 854 951 est
878 924 988 952 Eliacitu
1013 926 1081 954 ﬁlius

1133 920 1188 947 Καὶ
1203 919 1325 955 εἰσῆλθεν
1346 919 1486 954 Ἐλιακεὶμ
1498 919 1512 945 6
1523 917 1570 946 τοῦ
1584 917 1698 946 Χελκίου
1711 917 1862 952 οἰκονόμος,
1877 917 1924 942 καὶ

294 965 412 993 Chelciat
428 973 604 998 (ncouomus,
625 971 651 994 et
677 967 792 995 Sonutas
815 970 906 997 scriba
927 971 1081 1003 exercitus,

294 1016 322 1038 et
337 1009 422 1038 Joach
439 1011 511 1039 ﬁlius
526 1013 617 1047 Asaph
629 1021 643 1039 a
658 1015 863 1042 commentariis
877 1017 910 1042 ad
924 1015 1083 1049 Ezechiam,

296 1058 391 1086 scissis
409 1059 518 1091 tunicis,
536 1064 564 1086 et
581 1061 806 1088 renuntiaverunt
818 1061 842 1089 ei
854 1069 994 1089 sermones
1010 1062 1082 1091 Rab-

295 1105 377 1132 sacis.
400 1115 410 1131 ›
432 1105 490 1132 Non
511 1106 640 1133 convenit
664 1107 737 1134 enim
756 1107 816 1141 pio,
839 1115 899 1134 cum
927 1108 1084 1142 blasphemo

297 1150 407 1177 homine
427 1150 558 1186 colloqui,
576 1159 609 1178 ne
623 1151 646 1178 is
663 1152 821 1179 concitatus
842 1152 868 1179 in
891 1152 943 1179 alia
962 1153 1085 1189 blasphe-

296 1203 339 1222 me
355 1196 425 1223 dicta
445 1196 604 1224 delabatur:
635 1203 741 1232 oportet
765 1199 852 1225 solum
881 1200 1006 1227 homines
1033 1209 1082 1228 ceu

296 1242 379 1268 armis
393 1242 554 1277 quibusdam
575 1245 759 1272 communilos
771 1253 844 1277 esse,
858 1253 891 1273 ac
909 1246 1018 1274 silentio
1034 1256 1084 1274 un-

295 1288 377 1321 dique
394 1295 454 1315 sese
474 1292 580 1323 tegere,
597 1297 676 1317 veros
695 1291 765 1324 apud
785 1298 814 1318 se
832 1299 974 1320 sermones
994 1293 1083 1320 occnl’

297 1338 395 1365 tantes,
413 1342 446 1361 ac
462 1334 509 1362 Dei
527 1339 623 1362 contra
645 1335 817 1370 blasphemos
836 1336 969 1370 judicium
985 1346 1084 1374 exspe-

295 1384 412 1407 ctantes.
435 1380 502 1407 Cum
526 1381 583 1408 lucc
597 1381 672 1416 jussa
700 1390 747 1409 rex
770 1383 918 1417 prudenter
944 1384 1083 1419 dedisset,

296 1425 388 1459 populi
419 1426 539 1460 praefecti
570 1428 727 1455 mandatqu
754 1428 814 1462 ejus
838 1431 1082 1464 exsequebantur:

296 1472 366 1504 quod
403 1472 466 1499 itezn
504 1475 685 1507 prmstanduiu
717 1476 796 1502 nobis
823 1480 864 1503 est
888 1478 1084 1512 persecutionis

297 1522 426 1552 tempore,
443 1526 547 1546 necnon
560 1520 585 1547 iu
597 1522 786 1549 communibus
804 1523 948 1559 impiisque
962 1525 1084 1560 blasphe-

297 1571 402 1590 lllOl'llltl
422 1565 576 1600 colloquiis.

553 1612 667 1641 CAPUT
688 1613 821 1644 XXXVII.

332 1655 412 1684 Vens.
431 1657 457 1684 Ι.
480 1666 490 1683 ι
511 1658 544 1686 Ει
560 1658 661 1687 factum
679 1666 721 1688 est
740 1669 802 1689 cum
819 1663 928 1692 audiret
945 1671 991 1692 rex
1012 1665 1083 1693 Eze-

295 1702 391 1735 chias,
416 1704 497 1731 scidit
526 1705 697 1739 vestimenta,
729 1711 757 1734 et
777 1715 886 1736 saccum
914 1710 1001 1737 induit
1025 1719 1033 1737 :
1056 1716 1084 1738 et

295 1749 417 1777 ascendit
436 1751 462 1777 in
479 1751 586 1778 domum
618 1752 734 1780 Domini.
761 1763 770 1780 ι
789 1753 893 1782 Prazter
924 1756 975 1782 alia
1003 1756 1084 1791 igitur

295 1795 417 1823 Ezechiae
438 1797 522 1831 proba
541 1797 681 1831 facinora,
699 1799 807 1828 virtutis
828 1802 1005 1836 exercitium,
1026 1811 1084 1831 ma-

291 1842 415 1877 jorisque
431 1843 570 1878 religionis
593 1850 795 1880 argumentum,
822 1847 877 1874 Deo
901 1854 1082 1883 procurante,

296 1894 394 1916 nactus
416 1889 461 1916 ille
481 1895 541 1918 est:
564 1891 610 1924 qui
624 1891 721 1919 bellico
737 1892 846 1927 quidem
864 1898 1009 1928 apparatu,
1029 1902 1084 1929 quo

294 1935 339 1961 ille
352 1936 516 1970 conspicuus
531 1941 602 1969 erat,
619 1943 647 1964 et
662 1938 788 1966 omnibus
811 1939 844 1965 ad
866 1938 964 1966 bellmn
989 1947 1082 1967 neces-

294 1980 374 2007 sariis
388 1986 415 2008 ut
427 1982 587 2016 prazclarum
601 1984 695 2010 ducem
709 1984 831 2017 decebat,
849 1985 1011 2019 instructus,
1029 1987 1083 2014 Deo

294 2030 383 2053 tamen
399 2028 489 2055 omnia
513 2029 667 2057 commisit:
692 2037 723 2058 ac
741 2031 854 2058 subditae
877 2032 930 2059 sibi
948 2033 1019 2067 plebi
1040 2040 1083 2061 re-

295 2071 396 2106 ligiosa:
421 2073 553 2102 doctrinae
574 2081 707 2112 pracepta
737 2079 858 2106 tradidit.
884 2089 892 2107 ι
920 2080 953 2107 Ει
973 2087 1081 2108 saccum

294 2117 390 2151 induit,
411 2128 420 2144 ι
439 2119 527 2148 luctus
545 2126 573 2148 et
589 2121 742 2150 alllictiouis
758 2125 833 2158 signa
855 2133 1018 2154 assumens:
1040 2132 1082 2155 at-

293 2171 346 2199 que
360 2166 411 2192 hoc
428 2165 518 2193 habitu
534 2174 549 2193 a
569 2169 640 2202 regia
662 2169 741 2196 domo
755 2161 789 2197 ad
814 2171 943 2205 templum
962 2172 1018 2206 Dei,
1034 2181 1082 2207 per

295 2210 409 2238 mediam
429 2213 523 2240 urbem
543 2214 681 2247 incedens,
705 2223 735 2242 se
758 2217 875 2244 contulit
895 2225 1010 2253 seseque
1031 2220 1080 2246 hu-

1134 967 1240 1001 Σομνᾶς
1264 967 1278 992 6
1297 966 1478 1001 γραμματεὺς
1500 965 1550 999 τῆς
1573 964 1789 999 δυνάμεως,ααὶ
1809 963 1888 998 Ίωὰχ
1909 963 1924 989 6

1132 1011 1179 1038 τοῦ
1214 1011 1299 1045 Ἀσάφ
1325 1010 1340 1036 6
1366 1009 1651 1045 ὑπομνηματογράφος
1685 1007 1752 1043 πρὸς
1786 1007 1922 1039 Ἑζεκίαν,

1133 1055 1288 1091 ὲσχισμένοι
1300 1055 1362 1086 τοὺς
1375 1054 1502 1089 χιτῶνας,
1525 1053 1572 1082 καὶ
1587 1052 1756 1090 ἀπήγγειλαν
1776 1051 1850 1087 αὐτῷ
1861 1052 1924 1083 τοὺς

1133 1102 1229 1136 λόγους
1246 1102 1409 1130 Ῥαϐσάκου.
1422 1109 1431 1126 ι
1448 1100 1524 1136 Μηδὲ
1535 1099 1590 1135 γὰρ
1603 1100 1735 1138 προσήκει
1755 1099 1800 1125 τὸν
1823 1097 1924 1133 εὐσεϐῆ

1135 1148 1286 1183 βλασφήμῳ
1303 1145 1555 1182 προσδιαλέγεσθαι,
1571 1145 1609 1177 ὡς
1620 1145 1653 1172 ἃν
1667 1145 1704 1180 μὴ
1725 1144 1873 1180 ὲρεθίζοιτο
1885 1144 1925 1176 εις

1134 1195 1232 1230 ἐτέρας
1248 1194 1390 1220 ἐκπίπτειν
1410 1191 1600 1228 βλασφημίαςι
1621 1191 1701 1226 μόνον
1717 1190 1745 1217 δὲ
1767 1190 1925 1226 πεφράχθαι

1134 1241 1173 1267 δεῖ
1189 1240 1282 1276 ὥσπερ
1304 1240 1374 1266 τισὶν
1389 1239 1491 1270 ὅπλοις,
1509 1238 1556 1265 καὶ
1572 1238 1739 1273 πανταχόθεν
1758 1237 1925 1281 ὴσφαλίσθαι

1133 1289 1166 1323 τῇ
1192 1289 1290 1323 σιωπῇ,
1317 1287 1486 1323 κρύπτοντας
1506 1287 1535 1313 ὲν
1556 1287 1661 1318 ἑαυτοῖς
1675 1287 1738 1318 τοὺς
1752 1286 1862 1321 ἀληθεῖς
1880 1285 1924 1312 λό-

1134 1341 1199 1367 γους
1208 1354 1216 1366 ,
1228 1333 1424 1369 περιμένοντας
1434 1332 1461 1358 δὲ
1473 1332 1521 1368 τὴν
1534 1333 1566 1359 ἐκ
1574 1332 1641 1358 Θεοῦ
1653 1331 1724 1358 κατὰ
1736 1332 1790 1358 τῶν
1804 1331 1924 1368 βλασφή-

1136 1388 1194 1414 μων
1220 1379 1321 1414 κρίσιν.
1347 1378 1442 1405 Ταῦτα
1461 1377 1694 1413 παραγγείλαντος
1716 1377 1762 1404 τοῦ
1791 1377 1924 1412 βασιλέως

1134 1426 1333 1461 ἐπιστημόνως,
1346 1426 1376 1452 τὸ
1389 1425 1558 1461 προσταχθὲν
1577 1425 1685 1452 ἐποίουν
1700 1425 1724 1451 οί
1740 1423 1787 1451 τοῦ
1805 1423 1924 1459 πλήθους

1134 1470 1320 1506 προεστῶτες
1337 1470 1352 1497 δ
1374 1470 1405 1506 δὴ
1428 1471 1474 1497 καὶ
1497 1472 1562 1506 ἡμῖν
1578 1469 1704 1505 ποιητέον
1721 1470 1793 1496 ἐστὶν
1815 1469 1844 1495 ὲν
1864 1478 1923 1495 και-

1135 1518 1192 1553 ροῖς
1210 1517 1347 1551 διωγμῶν,
1369 1516 1386 1552 ἢ
1408 1517 1437 1543 ὲν
1457 1518 1560 1548 κοιναῖς
1581 1516 1627 1543 καὶ
1643 1515 1732 1548 ἀθέοις
1756 1515 1924 1551 βλασφήμων

1133 1561 1278 1594 διαλέξεσι,

1387 1617 1587 1647 ΚΕΦΑΛΑΙΟΝ
1600 1617 1662 1644 ΛΖ’.

1171 1674 1181 1689 ι
1195 1664 1250 1691 Καὶ
1262 1663 1369 1697 ἐγένετο
1382 1665 1411 1691 ὲν
1422 1663 1461 1699 τῷ
1473 1664 1589 1691 ἀκοῦσαι
1601 1664 1647 1690 τὸν
1661 1663 1772 1699 βασιλέα
1786 1662 1922 1696 Ἑζεκίαν,

1133 1710 1225 1745 ἔσχισε
1245 1709 1280 1736 τὰ
1305 1710 1410 1745 ίμάτια,
1426 1710 1474 1736 καὶ
1489 1709 1666 1745 περιεϐάλετο
1680 1710 1794 1737 σάκκον·
1817 1710 1864 1737 καὶ
1876 1710 1922 1739 ἀν-

1133 1755 1182 1789 έϐη
1197 1755 1236 1786 εὶς
1251 1754 1297 1781 τὸν
1314 1752 1387 1781 οἷκον
1406 1754 1519 1790 Κυρίου.
1532 1765 1541 1780 ι
1564 1755 1636 1790 Πρὸς
1648 1756 1704 1786 τοῖς
1720 1755 1814 1787 ἄλλοις
1833 1755 1922 1782 τοίνυν

1133 1800 1326 1836 κατορθώμασι
1350 1800 1397 1828 τοῦ
1424 1800 1557 1833 Ἐζεκίου,
1574 1801 1727 1837 γυμνασίαν
1752 1802 1853 1837 ἀρετῆς
1877 1801 1923 1828 καὶ

1134 1847 1258 1879 πλείονος
1282 1847 1435 1879 θεοσεϐείας
1452 1847 1562 1880 ἔνδειξιν
1579 1849 1709 1883 παρεῖχεν
1725 1848 1739 1879 6
1763 1847 1830 1879 Θεὸς
1849 1848 1922 1883 αὐτῷ

1132 1893 1176 1921 διὰ
1189 1895 1239 1929 τῆς
1248 1893 1316 1929 πρὸς
1323 1893 1368 1920 τὸν
1379 1893 1507 1929 πολέμιον
1519 1894 1706 1929 παρατάξεως,
1715 1891 1768 1930 ἐνῇ
1780 1893 1921 1929 διέλαμψε,

1133 1940 1220 1966 πάντα
1237 1939 1286 1974 μὲν
1301 1939 1492 1974 στρατηγικῶς
1505 1939 1539 1966 τὰ
1556 1939 1623 1975 πρὸς
1635 1940 1681 1967 τὸν
1695 1939 1811 1976 πόλεμον
1833 1949 1922 1975 παρα-

1132 1985 1292 2021 ταξάμενος,
1308 1985 1339 2012 τὸ
1358 1985 1386 2012 δὲ
1408 1986 1461 2012 πᾶν
1478 1985 1587 2017 ἀναθεὶς
1604 1985 1643 2020 τῷ
1666 1985 1735 2021 Θεῷ,
1751 1987 1808 2018 τοῖς
1829 1986 1858 2013 δὲ
1875 1986 1920 2012 ὑπ’

1132 2032 1213 2059 αὑτὸν
1239 2031 1353 2067 πλήθεσι
1384 2031 1497 2066 θεοσεϐῆ
1527 2031 1700 2061 διδασκαλίαν
1721 2032 1919 2067 παραγγείλας.

1135 2088 1144 2102 ι
1155 2077 1210 2104 Καὶ
1225 2077 1370 2112 περιέϐαλε
1394 2077 1504 2110 σάκκον,
1519 2087 1528 2103 ι
1547 2079 1648 2113 σημεῖα
1665 2078 1779 2110 πένθους
1800 2079 1849 2105 καὶ
1873 2087 1921 2105 κα-

1132 2123 1243 2154 κώσεως
1256 2123 1423 2158 ἐπαγόμενος
1431 2132 1437 2138 ·
1452 2123 1539 2159 τούτῳ
1548 2124 1577 2150 δὲ
1588 2124 1628 2160 τῷ
1640 2116 1764 2160 σχήματί
1774 2124 1818 2151 διὰ
1835 2125 1921 2160 μέσης

1132 2171 1208 2206 ἀνῄει
1220 2171 1270 2205 τῆς
1291 2170 1394 2202 πόλεως
1418 2170 1472 2198 ἀπὸ
1487 2170 1542 2197 τῶν
1561 2170 1702 2205 βασιλείων
1718 2171 1799 2197 οἴκων
1814 2171 1861 2197 ἐπὶ
1875 2171 1920 2197 τὴν

1131 2216 1198 2243 νεὼν
1217 2216 1263 2242 τοῦ
1279 2216 1358 2248 Θεοῦ,
1374 2216 1420 2243 καὶ
1434 2216 1563 2243 ταπεινὸν
1573 2217 1668 2243 ἑαυτὸν
1679 2216 1717 2251 τῷ
1730 2216 1789 2252 Θεῴ
1801 2216 1920 2249 δεικνὺς,

293 2256 384 2284 milem
405 2258 459 2285 Deo
475 2259 589 2295 sistens,
607 2261 647 2288 vel
668 2261 726 2296 ipso
748 2263 843 2290 habitu
863 2263 1077 2292 misericordiam

1131 2261 1221 2289 οἴκτου
1236 2262 1284 2289 καὶ
1295 2262 1386 2294 ἐλέους
1398 2264 1489 2298 τυχεῖν
1509 2261 1586 2297 ἠξίου
1600 2262 1639 2297 τῷ
1651 2264 1780 2297 σχήματι.

291 2301 350 2336 ejus
368 2303 541 2337 provocabat.

328 2348 407 2375 Vsus.
418 2349 445 2376 2.
458 2359 466 2374 σ
477 2349 508 2376 Et
519 2349 591 2376 misit
601 2350 710 2378 Eliacim
719 2360 902 2386 oeconomum,
913 2358 941 2381 et
949 2353 1076 2382 Somnam

290 2395 419 2429 scribam,
440 2401 467 2422 et
490 2397 611 2424 seniores
637 2398 814 2425 sacerdotum
836 2398 947 2426 indutos
967 2401 1054 2428 saccis
1068 2421 1074 2433 ,

291 2442 324 2468 ad
344 2441 441 2468 Isaiam
461 2442 545 2469 lilium
561 2444 645 2471 Amos
661 2445 831 2479 prophetam.
856 2455 865 2472 ›
883 2446 958 2474 Alios
978 2449 1077 2483 quippe

290 2495 323 2514 ex
337 2488 522 2516 sacerdotibus
551 2489 615 2522 Dei,
640 2490 700 2517 loco
725 2491 932 2519 sacerdotaliulu
962 2495 1075 2521 restium

290 2534 377 2561 saccis
394 2534 513 2568 indutos,
534 2536 568 2562 ad
586 2536 683 2563 Isaiam
701 2539 860 2572 prophetam
882 2540 976 2572 mittit,
1001 2541 1076 2569 dice-

291 2588 374 2616 reque
385 2580 473 2615 jubet,
490 2590 500 2607 ε
524 2581 585 2608 Ilzcc
600 2582 665 2609 dicit
680 2582 825 2617 Ezechias;
837 2593 846 2611 ι
866 2592 951 2620 neque
962 2586 1077 2620 addidit,

291 2633 357 2653 rex:
383 2634 469 2660 neque
487 2626 560 2653 cnim
586 2628 718 2662 temporis
741 2628 861 2655 conditio
883 2629 909 2656 id
928 2629 984 2662 illi,
1008 2638 1076 2664 prm-

289 2672 359 2698 senti
375 2673 531 2700 calamitate
546 2673 664 2708 dejecto,
680 2673 773 2701 dicere
788 2674 973 2708 permittebat.

327 2803 393 2832 Vsa.
408 2805 435 2835 5.
448 2806 475 2832 4.
493 2815 502 2832 ι
521 2807 554 2833 Et
567 2807 695 2834 dixerunt
712 2809 736 2835 ei
749 2818 756 2835 :
769 2808 830 2835 Hace
841 2808 907 2836 dicit
924 2788 1054 2836 Ezechias
1068 2818 1073 2836 :

1168 2350 1242 2376 «Καὶ
1265 2350 1425 2378 ἀπέστειλεν
1460 2351 1601 2386 Ἐλιακεὶμ
1626 2352 1672 2378 τὸν
1697 2351 1919 2393 οἰκονόμονηκαὶ

1130 2397 1235 2432 Σομνᾱν
1255 2397 1300 2423 τὸν
1317 2398 1495 2433 γραμματέα,
1514 2397 1561 2424 καὶ
1573 2398 1635 2429 τοὺς
1653 2397 1854 2433 πρεσϐυτέρους
1866 2397 1919 2424 τῶν

1131 2442 1225 2478 ἱερέων
1240 2442 1489 2478 περιϐεϐλημένους
1505 2443 1632 2475 σάκκους,
1650 2442 1718 2478 πρὸς
1736 2443 1848 2469 Ἡσαΐαν
1862 2443 1919 2470 υἱὸν

1129 2488 1220 2523 ’Λμὼς
1233 2488 1279 2514 τὸν
1295 2490 1447 2524 προφήτην.
1462 2498 1471 2514 ι
1488 2489 1558 2520 Τοὺς
1569 2489 1623 2524 γὰρ
1635 2490 1743 2525 ἑτέρους
1753 2489 1806 2517 τῶν
1823 2491 1918 2526 ἱερέων

1128 2535 1175 2561 τοῦ
1190 2535 1269 2566 Θεοῦ,
1285 2535 1403 2566 σάκκους
1418 2535 1479 2562 ἀντὶ
1493 2535 1546 2562 τῶν
1562 2536 1705 2571 ίερατικῶν
1717 2537 1918 2572 ἠμφιεσμένους

1129 2581 1241 2611 στολῶν,
1256 2582 1323 2616 πρὸς
1336 2581 1382 2608 τὸν
1396 2581 1537 2616 προφήτην
1554 2582 1666 2608 Ἡσαΐαν
1677 2582 1789 2617 πέμπει,
1804 2584 1919 2617 φάσκειν

1129 2626 1221 2657 αὐτοῖς
1239 2626 1440 2661 παραγγείλας·
1461 2636 1470 2652 t
1484 2627 1552 2654 Τάδε
1573 2621 1649 2662 λέγεί
1679 2627 1819 2661 Ἐζεκίας,
1833 2638 1842 2655 ι
1871 2630 1918 2665 οὐχ

1129 2672 1143 2697 6
1159 2671 1284 2706 βασιλεὺς
1311 2672 1451 2708 προσθείς*
1473 2673 1504 2699 οὺ
1525 2674 1580 2709 γὰρ
1594 2675 1610 2701 6
1632 2674 1727 2709 καιρὸς
1748 2675 1823 2710 αὺτῴ
1845 2676 1917 2702 τοῦτ’

1129 2718 1263 2752 ἐπέτρεπε
1285 2717 1384 2752 λέγειν,
1396 2720 1601 2755 ταπεινουμένῳ
1617 2721 1697 2747 ἓνεκα
1711 2721 1760 2756 τῆς
1777 2722 1918 2757 παρούσης

1130 2765 1280 2799 συμφορᾶς.

1163 2809 1240 2834 «Καὶ
1266 2806 1347 2835 εἶπαν
1363 2808 1452 2846 αὐτῷ·
1475 2810 1546 2837 Τάδε
1571 2810 1646 2845 λέγει
1668 2811 1801 2844 Ἐζεκίας·
1811 2811 1915 2848 Ἡμέρα

289 2848 352 2877 Dies
384 2852 537 2879 alllictiouis
562 2858 589 2880 ct
608 2855 759 2888 opprobrii,
781 2860 808 2882 ct
832 2856 1030 2890 redargutiouis
1049 2861 1077 2883 et

1131 2853 1241 2889 ὂλίψεως
1263 2855 1309 2881 καὶ
1335 2856 1499 2891 ὀνεῶισμοῦ,
1524 2858 1570 2884 καὶ
1589 2857 1706 2893 ὲλεγμοῦ
1731 2858 1776 2884 καὶ
1797 2858 1914 2893 ὀργῆςή

266 2916 269 2918 .
290 2895 337 2923 ira:
358 2897 416 2924 diu
435 2897 585 2931 hodierna,
614 2902 676 2935 quia
703 2902 775 2928 venit
803 2900 880 2929 dolor
901 2902 1075 2936 parturienti,

1125 2902 1245 2938 σήμερον
1262 2902 1365 2937 ἡμέρα,
1382 2903 1421 2930 ὅτι
1439 2903 1499 2938 ἥκει.
1521 2905 1538 2939 ἡ
1554 2904 1617 2931 ὼδίν
1635 2906 1666 2940 τῇ
1683 2904 1821 2940 τικτούσῃ,
1839 2905 1914 2940 ἰσχὺν
