2044 3215
264 163 315 192 551

622 163 758 192 EUSEBII
781 162 1027 192 CESARIENSIS
1043 163 1119 192 OPP.
1142 163 1231 191 PARS
1252 164 1295 191 lll.
1308 180 1343 185 -—
1359 163 1566 192 EXEGETICA.

1854 168 1908 196 552

260 224 428 258 nnivrrsum,
447 229 474 252 et
491 225 629 260 regionem
644 233 737 252 eorum
747 244 756 258 ,
769 230 798 252 et
816 224 969 259 iniecerunt
985 225 1054 252 idola
1071 254 1072 258 η

1125 233 1159 252 αν
1183 225 1302 261 βασιλεξ
1334 226 1485 261 Ἀσσυρίων
1502 226 1553 261 τὴν
1573 227 1737 263 οἰκουμένην
1761 227 1836 263 ὅλην,
1860 229 1908 256 καὶ

261 279 353 298 eorum
368 271 395 298 in
415 271 514 306 ignem.
528 270 586 298 Non
600 272 673 298 enim
688 271 823 303 diierant,
836 272 883 298 sed
900 278 983 306 opera
1003 279 1060 298 ma-

261 326 344 346 nuum
354 318 506 349 hominum,
526 317 598 353 ligna
612 323 639 345 et
652 318 755 352 lapides
770 322 814 345 :et
826 318 988 352 pepulerunt
1000 325 1058 345 eos.

262 363 339 391 Nunc
358 368 448 390 autem
461 384 470 395 ,
488 363 602 391 Domine
627 364 698 391 Deus
718 367 811 391 noster
825 384 832 396 ,
852 364 927 391 salva
955 371 1005 391 nos
1028 366 1061 392 de

262 418 344 437 mauu
355 411 432 444 ejus;
446 415 478 438 ut
498 415 648 445 cognoscat
666 417 748 438 omne
761 417 875 443 regnum
890 415 979 442 terra,
997 410 1061 444 quia

262 460 290 482 tu
317 463 347 483 es
370 455 440 483 Deus
459 456 544 483 solus.
561 456 594 483 Et
615 456 715 484 missus
728 461 770 484 est
785 453 961 484 Isaias'lilius
981 458 1063 484 Amos

262 501 296 527 ad
309 501 466 529 Ezechiam.
486 510 495 526 ι
514 501 572 528 Rex
590 502 701 536 quidem
718 502 833 529 Ezechia
846 522 862 535 .,
884 508 978 538 utpote
998 503 1063 530 reli-

263 547 366 582 giosus.
383 548 409 574 in
426 548 535 574 domum
549 549 594 575 Dei
611 548 760 581 concessit,
773 549 818 576 ubi
829 549 884 582 jam
898 549 1063 584 descriptam

263 593 413 620 orationem
429 594 537 626 emisit;
554 593 625 621 Deus
641 599 730 621 autem
756 595 842 622 misso
858 596 892 622 ad
914 603 975 622 cum
998 595 1066 623 Isaia

264 640 393 675 propheta
415 640 464 675 ipsi
487 641 632 674 respondet
648 649 655 667 :
672 641 820 668 secundum
840 648 904 669 vero
923 641 972 676 ipsi
1005 649 1066 668 om-

264 686 355 713 culum
371 686 456 720 dedit,
469 687 570 714 docens
585 694 614 714 se
625 694 779 715 sermonem
797 688 1001 722 orationemque
1009 687 1067 722 eius

265 733 432 761 exaudiisse.

304 867 385 895 Vsus.
395 868 511 899 21.2%.:
524 869 636 897 Etdixit
651 870 675 897 ei
688 879 695 897 :
711 869 773 898 Haec
781 871 847 898 dicit
861 870 990 901 Dominus
998 871 1068 898 Deus

1111 271 1160 307 τὴν
1177 271 1270 307 χώραν
1284 272 1385 303 αὐτῶν,
1402 273 1450 298 καὶ
1461 271 1592 299 ἀνέϐαλον
1604 273 1638 299 τὰ
1655 273 1752 300 εῆωλα
1765 274 1855 301 αὐτῶν
1869 275 1910 307 εἰς

1110 317 1142 344 τὸ
1158 317 1223 353 πῦρ.
1239 317 1276 344 οὐ
1290 317 1345 353 γὰρ
1359 317 1415 344 θεοὶ
1428 315 1510 352 ἦσαν,
1527 318 1585 344 ἀλλ’
1600 318 1669 354 ἔργα
1687 319 1786 354 χειρῶν
1806 319 1911 355 ἀνθρὼ-

1112 371 1182 395 πων,
1201 362 1268 396 ξύλα
1286 363 1333 390 καὶ
1349 362 1434 389 λίθοι’
1448 363 1495 389 καὶ
1511 363 1657 390 ἀπώσαντο
1673 364 1781 396 αὐτούς.
1798 364 1856 391 Νῦν
1869 365 1909 396 δὲ,

1113 409 1211 444 Κύριε,
1232 410 1246 435 ὁ
1268 408 1335 440 Θεὸς
1350 408 1439 443 ἡμῶν,
1455 409 1542 435 σῶσον
1558 410 1632 445 ἡμᾶς
1647 410 1679 436 ἐκ
1693 411 1793 446 χειρῶν
1807 410 1908 438 αὐτοῦ·

1113 456 1157 482 ἴνα
1169 455 1226 490 γνῷ
1239 456 1314 482 πᾶσα
1327 456 1345 490 ἡ
1363 455 1486 490 βασιλεία
1509 457 1558 491 τῆς
1575 457 1636 492 γῆς,
1662 457 1704 483 ὅτι
1721 458 1754 484 σὺ
1770 455 1796 484 εἴ
1812 458 1827 484 ό
1841 457 1909 489 Θεὸς

1116 502 1206 537 μόνος.
1219 502 1274 528 Καὶ
1291 501 1430 537 ἀπεστάλη
1445 501 1560 534 Ἡσαΐας
1574 502 1632 534 υἱὸς
1649 502 1739 539 Ἀμὼς
1752 503 1820 539 πρὸς
1839 503 1911 535 Ἐζε-

1115 548 1189 575 κίαν.
1206 557 1216 574 ι
1239 547 1268 575 ’0
1286 548 1334 583 μὲν
1350 547 1475 583 βασιλεὺς
1499 548 1634 580 Ἐζεκίας,
1653 546 1696 576 οἷα
1713 549 1851 585 θεοφιλὴς,
1870 551 1909 582 εἰς

1115 595 1161 622 τὸν
1170 593 1245 622 οἷκον
1259 594 1336 630 ἀνῄει
1352 595 1399 621 τοῦ
1415 594 1495 626 Θεοῦ.
1510 595 1558 622 καὶ
1573 595 1623 631 τὴν
1634 596 1808 631 ἀνάγραπτον
1820 597 1910 631 ἱκετη-

1118 641 1177 676 ρίαν
1192 641 1336 676 ἀνέπεμπε
1347 649 1354 656 ο
1364 640 1430 672 Θεὸς
1445 640 1474 667 δὲ
1485 640 1559 676 αὐτῷ
1576 640 1767 676 ἀποκρίνεται,
1783 641 1831 668 τὸν
1844 642 1908 668 ἑαυ-

1116 687 1164 714 τοῦ
1187 687 1329 722 προφήτην
1356 687 1469 714 Ἦσαῗαν
1487 687 1525 718 ὠς
1541 687 1622 714 αὐτὸν
1634 687 1763 722 πέμψαςδ
1784 687 1910 723 δεύτερον

1117 733 1146 760 δὲ
1178 733 1252 768 αὐτῷ
1282 732 1377 760 τοῦτον
1408 733 1532 760 ἐκδίδωσι
1561 733 1606 759 τὸν
1632 733 1767 768 χρησμὸν,
1789 733 1828 764 ὼς
1856 733 1910 768 ἄρα

1118 779 1161 815 εἴη
1185 779 1313 815 ἀκηκοὼς
1337 779 1383 806 τὸν
1406 780 1455 815 τῆς
1482 781 1637 815 προσευχῆς
1660 779 1743 806 αὑτοῦ
1769 779 1848 813 λόγον
1870 779 1910 805 δι-

1119 826 1238 852 δάσκων.

1158 881 1166 896 ι
1185 873 1240 899 Καὶ
1252 869 1330 899 εἶπεν
1344 872 1433 907 αὐτῷ·
1447 872 1516 899 Τάδε
1531 872 1606 907 λέγει
1627 872 1730 908 Κύριος
1745 873 1759 898 ὁ
1775 871 1842 903 Θεὸς
1860 872 1910 898 Ἰσ-

268 914 349 942 lsrael
361 924 366 942 :
377 915 472 943 Audivi
486 923 547 950 quae
563 921 690 952 precatus
703 924 733 945 es
751 925 794 945 me
811 924 892 952 super
906 917 1060 945 Seunache-

1125 918 1184 954 )αήλ
1195 926 1202 933 ·
1220 919 1343 945 ’Ἤκουσα
1361 919 1379 945 ἃ
1399 918 1544 955 προσηύξω
1562 920 1629 955 πρὸς
1647 919 1680 954 μὲ
1698 919 1760 954 περὶ
1776 919 1911 952 Σενναχη-

267 962 320 989 rim
335 969 399 997 rege
417 962 601 998 Assyriorum.
622 963 671 990 Hic
690 968 733 991 est
750 971 841 990 sermo
857 971 936 998 quem
960 965 1065 992 locutus

267 1014 311 1036 est
325 1009 358 1036 de
373 1009 417 1036 illo
433 1009 503 1037 Deus
516 1009 702 1045 :Contempsit
718 1015 762 1043 te,
783 1015 810 1037 et
831 1011 1007 1038 subsannavit
1028 1017 1064 1045 te,

268 1056 345 1089 virgo
361 1055 414 1082 tilia
434 1056 511 1083 Sion.
525 1066 534 1082 ι
546 1056 602 1091 Ego
618 1063 682 1084 vero
697 1057 759 1084 dico
778 1057 826 1084 tibi
845 1064 879 1085 ne
895 1058 1065 1092 temetipsum

268 1102 398 1136 decipias,
418 1110 470 1130 non
489 1103 560 1130 enim
573 1103 674 1130 virtute
684 1106 728 1130 tua
747 1103 796 1131 hos
810 1110 906 1130 omnes
921 1104 1067 1138 superasti.

269 1148 326 1183 Ego
346 1153 439 1176 autem
465 1157 539 1176 eram
556 1149 601 1184 qui
624 1148 683 1176 haec
703 1154 799 1176 contra
822 1156 869 1177 eos
890 1149 1067 1182 deﬁnieram,

269 1194 377 1222 etiamsi
399 1199 425 1222 tu
456 1195 482 1222 id
507 1195 620 1223 minime
643 1203 816 1230 agnosceres,
831 1201 914 1231 atque
934 1197 968 1223 ab
991 1196 1069 1223 initio

269 1241 414 1269 consilium
433 1249 523 1268 meum
539 1249 592 1268 non
617 1241 738 1269 audires.
756 1241 862 1269 Etenim
879 1241 935 1275 jam
952 1242 1014 1269 inde
1035 1242 1069 1268 ab

270 1288 391 1322 antiquis
404 1288 570 1322 temporibus
580 1289 638 1315 hac
651 1291 744 1315 contra
760 1288 925 1322 irreligiosas
936 1292 962 1315 et
976 1288 1070 1322 impias

272 1338 367 1369 gentes
389 1341 438 1369 per
453 1339 480 1361 te
503 1334 572 1361 etlici
593 1334 777 1361 decreveram.
792 1334 870 1361 Nunc
893 1339 983 1360 autem
1006 1334 1071 1368 ipsis

273 1379 403 1413 operibus
420 1380 563 1407 consilium
578 1381 671 1415 aperui
693 1388 795 1411 meum.
807 1388 868 1408 cum
885 1385 912 1406 te
927 1380 960 1407 ad
977 1388 1070 1407 eorum

274 1426 321 1461 qui
344 1425 476 1461 supplicio
502 1425 576 1461 digni
611 1431 674 1453 sunt
696 1426 844 1461 perniciem
865 1426 982 1453 excitavi
998 1445 1006 1458 ,
1029 1430 1070 1452 at-

275 1480 328 1508 que
343 1477 370 1500 te
385 1473 462 1507 quasi
480 1473 557 1508 signo
570 1479 636 1500 usus
655 1480 715 1499 sum
731 1473 764 1500 ad
777 1472 921 1499 vastandas
935 1477 1031 1507 gentes
1045 1475 1073 1499 et

275 1519 308 1546 ad
322 1518 461 1553 pellendos
480 1526 527 1546 eos
547 1519 595 1554 qui
609 1519 729 1546 munitas
746 1519 827 1546 urbes
843 1517 964 1545 incolunt
982 1526 988 1544 :
1006 1525 1074 1553 quas

275 1566 384 1600 quidem
400 1566 482 1593 urbes
498 1566 574 1600 prius
587 1565 771 1592 custodiebam
786 1569 814 1592 et
828 1563 988 1596 servabam;
1003 1569 1074 1599 post-

1117 964 1183 1000 ρεὶμ
1199 963 1332 999 βασιλέως
1351 965 1511 1001 Ἀσσυρίων.
1530 963 1613 997 Οὗτος
1627 967 1641 992 6
1658 965 1736 1000 λόγος
1752 965 1781 990 ὃν
1797 964 1911 998 ἐλάλησε

1118 1010 1184 1046 περὶ
1195 1010 1278 1037 αὑτοῦ
1290 1013 1304 1038 ὁ
1314 1011 1392 1043 Θεός·
1414 1011 1558 1046 Ἐφαύλισέ
1575 1020 1605 1037 σε
1623 1011 1671 1038 καὶ
1684 1011 1851 1046 ὲμυκτήρισέ
1869 1019 1912 1044 σε,

1119 1056 1253 1092 παρθένος
1264 1057 1387 1093 θυγάτηρ
1400 1057 1479 1084 Σιών.
1498 1067 1507 1083 ι
1523 1057 1593 1092 Ἐγὼ
1609 1057 1637 1084 δέ
1653 1057 1693 1084 σοί
1710 1066 1781 1092 φημι
1795 1057 1832 1093 μὴ
1848 1066 1914 1084 σαυ-

1119 1103 1165 1130 τὸν
1191 1103 1316 1141 ἀπατᾷν,
1345 1103 1375 1130 οὑ
1403 1104 1458 1139 γὰρ
1481 1104 1514 1139 τῇ
1539 1102 1638 1130 σαυτοῦ
1667 1103 1780 1138 δυνάμει
1809 1103 1913 1130 τούτων

1120 1149 1247 1176 ἁπάντων
1263 1150 1450 1186 περιγέγονας.
1472 1149 1543 1184 Ἐγὼ
1565 1149 1595 1176 δὲ
1611 1150 1684 1184 ήμην
1704 1148 1772 1175 αὐτὰ
1788 1148 1849 1175 κατ’
1864 1148 1914 1175 αὖ·

1120 1197 1175 1223 τῶν
1189 1197 1294 1232 ὁρίσας,
1310 1197 1334 1223 εἰ
1352 1197 1399 1223 καὶ
1416 1197 1448 1222 σὺ
1464 1196 1501 1232 μὴ
1512 1196 1644 1230 ἐπέγνως,
1660 1194 1735 1230 ἢκαῖ
1752 1194 1818 1229 μηδὲ
1831 1195 1914 1229 ἤκουε

1122 1251 1172 1273 σας
1187 1242 1237 1278 τὴν
1249 1242 1318 1278 ἐμὴν
1331 1241 1360 1275 ἐξ
1375 1242 1463 1278 ἀρχῆς
1477 1241 1585 1277 βουλήν.
1601 1241 1693 1268 Ταῦτα
1703 1240 1756 1276 γὰρ
1772 1240 1855 1271 αὐτὸς
1867 1241 1912 1267 κέ-

1122 1297 1207 1324 κρικα
1223 1289 1294 1316 κατὰ
1310 1288 1364 1315 τῶν
1380 1288 1468 1315 ἀθέων
1488 1288 1535 1314 καὶ
1549 1287 1654 1314 ἁσεΰῶν
1667 1287 1750 1314 ἐθνῶν
1770 1287 1853 1314 πάλαι
1868 1287 1914 1313 καὶ

1123 1335 1152 1368 ἐξ
1165 1335 1275 1370 ἡμερῶν
1291 1335 1412 1370 ἀρχαίων
1437 1334 1481 1361 διὰ
1502 1333 1549 1360 σοῦ
1567 1334 1731 1370 πραχθῆναι.
1757 1334 1815 1361 Νῦν
1835 1333 1863 1360 δὲ
1880 1333 1912 1359 δι’

1124 1380 1212 1416 ἔργων
1238 1381 1287 1416 τὴν
1308 1381 1379 1417 ἐμὴν
1406 1380 1532 1412 ἐπέδειξα
1554 1380 1660 1416 βουλὴν,
1683 1381 1793 1417 ἐγείρας
1819 1388 1849 1406 σε
1870 1379 1913 1405 ἐπ’

1124 1426 1226 1462 ὀλέθρῳ
1241 1426 1296 1452 τῶν
1309 1425 1445 1462 τιμωρίας
1461 1425 1554 1457 ἀξίων.
1570 1426 1616 1453 καί
1632 1435 1674 1453 σοι
1687 1427 1861 1464 χρησάμενος
1872 1434 1915 1460 ση-

1127 1473 1195 1508 μείῳ
1210 1472 1257 1499 τοῦ
1271 1472 1444 1509 ἐξερημῶσαι
1456 1471 1530 1507 ἔθνη,
1546 1473 1714 1504 ἀναστάτους
1727 1474 1838 1508 ποιῆσαι
1853 1473 1913 1503 τοὺς

1125 1517 1266 1549 οἰκοῦντας
1284 1518 1313 1543 ὲν
1330 1517 1438 1543 πόλεσιν
1450 1516 1578 1552 ὀχυραῑς’
1595 1517 1628 1548 ἃς
1642 1518 1773 1552 πρότερον
1789 1516 1839 1552 μὲν
1852 1516 1915 1550 ἐφύ-

1125 1563 1222 1590 λαττον
1231 1563 1370 1595 διασὼζων
1380 1563 1450 1598 ἐγώ·
1469 1564 1530 1591 ἐπεὶ
1541 1563 1570 1590 δὲ
1585 1563 1700 1598 ἠσέϐουν
1717 1562 1754 1598 μὴ
1769 1564 1915 1598 γνωρίζον-

275 1619 358 1646 quam
372 1617 464 1639 autem
480 1611 517 1639 illi
533 1616 701 1639 servatorem
716 1619 768 1638 non
782 1616 964 1646 agnoscentes
982 1619 1072 1642 suum,

1125 1618 1170 1642 τες
1193 1609 1238 1636 τὸν
1250 1609 1353 1636 ἑαυτῶν
1377 1611 1496 1646 σωτῆρα,
1517 1611 1606 1646 ἀνῆκα
1621 1609 1670 1641 τὰς
1685 1609 1805 1645 ἐμαυτοῦ
1820 1611 1915 1644 χεῖρας

277 1657 411 1692 impietati
428 1666 458 1685 se
473 1657 657 1690 dediderant,
673 1664 769 1684 manus
794 1656 886 1684 remisi
905 1664 994 1689 meas,
1012 1663 1074 1683 eos-

276 1711 330 1736 que
341 1703 388 1731 tibi
405 1704 439 1731 ad
455 1704 617 1738 supplicium
636 1703 745 1730 tradidi.
763 1701 803 1730 llli
815 1710 881 1730 vero
904 1703 1074 1738 inspectione

277 1758 338 1778 mea
350 1751 450 1783 orbati,
468 1750 562 1778 statim
584 1749 685 1778 deserti
700 1755 774 1777 sunt.
792 1749 882 1784 Quare
895 1749 984 1777 Subdit
998 1758 1007 1777 :

313 1796 395 1824 Vsus.
408 1797 505 1826 23-25.
524 1806 533 1822 ι
550 1796 577 1824 lu
597 1801 622 1825 te
641 1801 722 1831 caput
738 1797 831 1830 movit,
844 1796 897 1824 ﬁlia
913 1795 1073 1824 Jerusalem.

277 1843 327 1872 Cui
355 1844 538 1879 exprobrasti,
559 1849 587 1871 et
609 1851 689 1879 quem
710 1842 851 1870 irritasti?
869 1848 917 1870 aut
944 1843 1075 1870 adversus

279 1898 360 1926 quem
376 1890 508 1919 sustulisti
533 1897 624 1917 vocem
644 1894 716 1917 tuam
731 1889 744 1916 ?
760 1893 789 1916 et
810 1896 862 1915 non
881 1888 973 1915 levasti
992 1888 1019 1914 in
1038 1887 1077 1914 al-

281 1942 336 1964 tum
361 1938 454 1965 oculos
476 1941 537 1964 tuos
559 1938 591 1963 ad
615 1941 741 1964 sanctum
766 1935 859 1967 Israel,
877 1935 1007 1970 quoniam
1029 1942 1077 1970 per

280 1983 393 2010 nuntios
413 1982 583 2018 exprobrasti
607 1982 732 2009 Domino.
758 1981 799 2008 Tu
825 1981 898 2009 enim
921 1980 1076 2008 dixisti:ln

281 2028 454 2057 multitudine
469 2036 599 2056 curruum
613 2035 664 2063 ego
681 2028 790 2056 ascendi
812 2028 839 2055 in
857 2028 986 2055 verticem
1002 2035 1078 2055 mon-

281 2075 361 2106 tium,
378 2079 406 2102 et
421 2075 447 2101 iu
472 2075 567 2102 ultima
586 2073 693 2106 Libani,
707 2078 736 2101 et
757 2073 860 2101 succidi
880 2073 986 2107 fastigia
1004 2073 1078 2100 cedri

280 2120 351 2154 ejus,
367 2125 395 2148 et
415 2121 643 2155 pulchritudinem
664 2120 797 2155 eypressi,
823 2125 852 2146 et
868 2119 1005 2154 ingressus
1018 2127 1077 2147 sum

284 2167 311 2194 in
325 2167 496 2195 altitudinem
518 2166 605 2201 partis
619 2165 718 2194 saltus.
740 2175 749 2192 ι
766 2166 813 2193 llis
828 2173 911 2200 porro
924 2166 1079 2193 subimlicat

283 2214 408 2242 sublimia
431 2213 477 2241 illa
494 2218 522 2241 et
546 2212 693 2247 conspicua
710 2211 737 2239 in
760 2211 873 2246 reliquis
891 2211 1017 2245 gentibus
1034 2218 1078 2238 re-

1126 1665 1168 1683 σοι
1185 1656 1350 1693 παραδιδοὺς
1363 1657 1409 1682 ἐπὶ
1427 1656 1561 1692 τιμωρίᾳ·
1575 1657 1599 1683 οἱ
1615 1655 1643 1682 δὲ
1657 1656 1830 1691 παραχρῆμα
1851 1655 1914 1691 ἕρη-

1127 1713 1173 1739 μοι
1197 1704 1320 1738 ἐγένοντο
1340 1705 1390 1739 τῆς
1414 1704 1484 1740 ἐμῆς
1502 1703 1679 1739 στερηθέντες
1697 1703 1860 1737 ἐπισκοπῆς.
1872 1702 1916 1728 Διδ

1127 1750 1259 1784 ἐπιλέγει*

1164 1806 1173 1822 ι
1194 1797 1255 1823 Ἐπὶ
1269 1796 1310 1822 σοὶ
1325 1796 1444 1832 κεφαλὴν
1461 1795 1580 1831 ἐκίνησε,
1592 1795 1715 1831 θυγάτηρ
1731 1795 1915 1831 Ἰερουσαλήμ.

1127 1843 1193 1869 Τίνα
1205 1842 1347 1875 ὠνείδισας
1363 1843 1410 1870 καὶ
1423 1841 1585 1877 παρὼξυνας
1596 1850 1602 1875 ;
1615 1842 1631 1877 ἢ
1649 1842 1717 1878 πρὸς
1730 1842 1791 1869 τίνα
1808 1841 1917 1877 ὕψωσας

1127 1886 1176 1922 τὴν
1196 1887 1288 1922 φωνήν
1303 1895 1367 1919 σου;
1389 1887 1437 1913 καὶ
1457 1886 1506 1912 οὐκ
1522 1884 1592 1922 ἦρας
1606 1887 1646 1917 εἰς
1660 1886 1726 1921 ὕψος
1741 1887 1804 1918 τοὺς
1819 1886 1918 1920 ὀφθαλ-

1130 1931 1195 1967 μούς
1206 1940 1253 1958 σου
1268 1932 1335 1968 πρὸς
1348 1933 1394 1958 τὸν
1410 1932 1487 1966 ἅγιον
1497 1932 1544 1958 τοῦ
1569 1932 1686 1968 Ἰσραὴλ,
1700 1932 1741 1959 ὃτι
1754 1932 1786 1959 δι’
1798 1932 1918 1967 ἀγγέλων

1128 1977 1269 2009 ὠνείδισας
1301 1977 1414 2013 Κύριον.
1442 1977 1478 2003 Συ
1506 1977 1561 2012 γὰρ
1583 1973 1677 2008 εἶπας”
1694 1977 1740 2012 Τῷ
1754 1976 1851 2012 πλήθει
1867 1976 1919 2003 τῶν

1129 2022 1260 2058 ἁρμάτων
1276 2022 1332 2057 ἐγὼ
1346 2023 1446 2057 ἀνέδην
1475 2023 1515 2053 εἰς
1546 2021 1612 2057 ὕψος
1632 2022 1736 2059 ὀρέων,
1759 2023 1806 2049 καὶ
1826 2023 1867 2054 εὶς
1887 2022 1919 2049 τὰ

1130 2068 1232 2104 ἔσχατα
1254 2069 1300 2096 τοῦ
1320 2069 1448 2100 Λιϐάνου,
1466 2069 1513 2096 καὶ
1532 2069 1618 2104 ἔκοψα
1641 2069 1670 2095 τὸ
1681 2068 1748 2104 ὕψος
1762 2071 1812 2105 τῆς
1825 2070 1919 2104 κέδρου

1130 2115 1224 2147 αὐτοῦ,
1243 2115 1290 2142 καὶ
1306 2116 1336 2142 τὸ
1353 2116 1449 2148 κάλλος
1469 2116 1518 2152 τῆς
1531 2116 1713 2152 κυπαρίσσου,
1731 2116 1778 2142 καὶ
1797 2116 1920 2151 εἰσῆλθον

1130 2162 1170 2192 εἰς
1183 2160 1249 2195 ὕψος
1262 2161 1362 2197 μέρους
1375 2161 1422 2188 τοῦ
1437 2161 1551 2196 δρυμοῦ.
1574 2171 1583 2187 ι
1606 2161 1743 2197 ᾘνίττετο
1762 2161 1805 2187 διὰ
1820 2161 1922 2188 τούτων

1130 2208 1180 2239 τὰς
1188 2207 1217 2234 ἐν
1229 2209 1286 2239 τοῖς
1301 2208 1402 2239 λοιποῖς
1416 2207 1520 2234 ἔθνεσιν
1532 2207 1724 2243 ἐπηρτημένας
1735 2207 1782 2233 καὶ
1796 2207 1922 2242 εὐθηνου-

283 2269 347 2297 gna.
363 2261 457 2296 Magna
471 2262 572 2295 quippe
587 2259 633 2286 illa
649 2258 747 2286 Libani
772 2257 918 2285 multitudo
932 2257 958 2284 in
976 2256 1072 2283 altissi-

1133 2254 1217 2289 μένας
1237 2254 1385 2289 βασιλείας.
1402 2254 1439 2280 Τὸ
1459 2254 1513 2290 γὰρ
1531 2253 1597 2280 πολὺ
1616 2253 1716 2289 πλῆθος
1738 2252 1786 2279 τοῦ
1808 2253 1922 2280 Λιϐάνου

285 2309 337 2337 mis
352 2308 440 2336 cedris
447 2312 473 2335 et
482 2305 627 2342 cupressis,
638 2305 706 2337 sive.
717 2304 864 2332 secundum
876 2302 1080 2339 Symmachum,

288 2366 297 2382 ι
313 2356 455 2391 juniperis,
471 2364 481 2381 ι
492 2354 560 2386 sive,
576 2351 726 2380 secundum
740 2349 879 2385 Aquilam,
896 2358 905 2374 ι
918 2347 1077 2378 abietibus,»

286 2404 318 2430 :ul
331 2403 474 2438 imaginem
485 2406 513 2428 et
527 2400 639 2436 ﬁgurato
653 2398 774 2435 gentium
787 2402 850 2424 tunc
861 2403 988 2431 prospere
999 2402 1080 2430 agen-

288 2451 354 2477 tium
373 2448 523 2482 usurpavit.

324 2495 404 2522 Vnus.
419 2494 537 2521 $639.1
549 2493 580 2520 Et
596 2491 674 2527 posui
691 2495 812 2527 pontem,
828 2493 856 2516 et
866 2488 969 2515 vastavi
985 2493 1079 2521 aquas,

286 2547 314 2570 et
328 2549 436 2569 omnem
448 2540 685 2575 congregationem
706 2544 794 2572 aquae.
813 2535 907 2562 Nonne
921 2542 952 2561 ea
971 2533 1080 2561 audiisti

287 2589 362 2619 olim,
377 2595 438 2622 quae
449 2595 498 2622 ego
517 2586 567 2613 l‘eei
584 2586 649 2613 ?Ab
668 2583 789 2619 antiquis
810 2582 906 2609 diebus
928 2580 1055 2609 constitui
1073 2589 1080 2614 ;

290 2642 361 2662 nunc
376 2637 465 2661 autem
480 2631 587 2660 ostendi
609 2639 652 2659 me
668 2636 777 2659 vastare
802 2634 897 2665 gentes
914 2629 941 2656 in
956 2627 1082 2658 fortibus.

288 2686 317 2708 et
328 2689 386 2713 eos,
401 2680 447 2716 qui
467 2680 591 2707 habitant
614 2679 640 2705 in
659 2678 815 2705 civitatibus
837 2675 958 2703 munitis.
982 2674 1084 2702 Remisl

292 2735 398 2759 manus,
423 2732 451 2754 et
467 2730 644 2758 exaruerunt,
662 2729 689 2752 et
707 2724 818 2752 {uerunt
841 2727 970 2757 tanquam
993 2721 1083 2748 fenum

291 2774 396 2801 aridum
412 2773 438 2801 iu
464 2772 543 2801 tectis
564 2777 591 2799 et
615 2777 742 2807 tanquam
762 2777 883 2805 gramen.
901 2769 977 2796 Nunc
994 2772 1083 2795 autem

295 2819 414 2853 requiem
437 2824 522 2849 tuam.
543 2821 569 2844 et
585 2818 686 2844 "ritum
700 2821 786 2847 tuum,
800 2819 827 2843 et
844 2815 994 2849 Ingressum
1008 2818 1083 2840 tuum

293 2874 344 2899 ego
359 2864 432 2892 novi.
452 2863 493 2890 ira
509 2868 598 2890 autem
616 2868 672 2894 tua,
686 2871 739 2897 qua
765 2863 851 2889 iratus
869 2868 910 2894 es,
930 2864 958 2888 et
981 2860 1082 2887 amari-

295 2913 359 2939 tudo
378 2917 423 2938 tua
443 2909 566 2937 ascendit
584 2909 617 2936 ad
643 2916 694 2936 me.
711 2908 743 2936 Et
762 2907 881 2942 injiciam
904 2905 1034 2934 circulum
1056 2905 1082 2932 in

1133 2302 1163 2328 ὲν
1177 2300 1356 2337 ὑψηλοτάταις
1369 2301 1475 2336 κέδροις
1489 2300 1535 2327 καὶ
1550 2300 1739 2336 κυπαρίσσοις,
1756 2299 1773 2334 ἢ
1787 2299 1834 2325 καὶ
1853 2309 1862 2324 ι
1878 2300 1924 2334 ἁρ-

1133 2348 1250 2380 κεύθοις,
1273 2358 1282 2374 ι
1301 2348 1370 2375 κατὰ
1385 2348 1430 2374 τὸν
1445 2347 1603 2383 Σύμμαχον,
1620 2346 1636 2381 ἢ
1656 2356 1665 2372 ε
1685 2346 1804 2377 ἐλάταις,
1828 2355 1836 2371 ι
1856 2345 1925 2372 κατὰ

1133 2395 1178 2422 τὸν
1204 2395 1328 2426 Ἀκύλαν,
1348 2395 1387 2426 εἰς
1408 2394 1498 2421 εἰκόνα
1518 2393 1676 2430 περιείληφε
1700 2392 1753 2419 τῶν
1770 2393 1830 2419 τότε
1845 2391 1925 2426 εὐθη-

1133 2450 1179 2469 νου
1184 2442 1272 2477 μένων
1291 2441 1385 2469 ἐθνῶν.

1172 2497 1181 2513 ι
1202 2487 1256 2513 Καὶ
1279 2486 1364 2522 ἔθηκα
1388 2485 1520 2522 γὲςρυραν,
1545 2486 1591 2511 καὶ
1607 2485 1743 2521 ἠρήμωσα
1765 2485 1861 2515 ὕδατα,
1880 2484 1924 2510 καὶ

1135 2534 1224 2563 πᾶσαν
1237 2532 1398 2567 συναγωγὴν
1410 2531 1512 2563 ὓδατος.
1527 2531 1564 2557 Οὐ
1576 2530 1662 2558 ταῦτα
1676 2531 1796 2566 ἤκουσας
1812 2531 1896 2557 παλαι
1908 2529 1924 2557 ἆ

1135 2580 1189 2614 ἐγὼ
1204 2580 1336 2614 imi-qm;
1363 2579 1406 2611 Ἐξ
1427 2577 1537 2613 ἡμερῶν
1554 2578 1675 2613 ἀρχαίων
1703 2577 1853 2610 συνέταξα·
1879 2576 1925 2603 νῦν

1135 2626 1163 2652 δὲ
1178 2625 1301 2657 ἐπέδειξα
1317 2625 1490 2660 ὲξερημῶσαι
1505 2623 1569 2658 ἔθνη
1587 2624 1616 2650 ὲν
1632 2624 1750 2659 ὀχυροῖς,
1764 2624 1811 2649 καὶ
1824 2622 1925 2649 aiam-N-

1138 2681 1186 2704 τας
1203 2674 1232 2699 ἐν
1247 2672 1355 2699 πόλεσιν
1371 2672 1493 2706 ὀχυραῖς.
1517 2670 1620 2705 ’Λνῆκα
1639 2669 1689 2703 τὰς
1706 2670 1808 2705 χεῖρας,
1823 2669 1869 2695 καὶ
1883 2668 1925 2700 ἐξ-

1138 2718 1304 2754 ηράνθησαν,
1323 2717 1369 2744 καὶ
1387 2717 1511 2751 ἐγένοντο
1523 2717 1559 2748 ὡς
1572 2716 1668 2752 χόρτος
1684 2715 1764 2751 ξηρὸς
1775 2715 1821 2741 ἐπὶ
1836 2714 1925 2749 δωμά-

1137 2775 1200 2797 των,
1214 2766 1260 2792 καὶ
1270 2765 1307 2797 ὡς
1315 2765 1463 2800 ἇγρωστις.
1473 2764 1530 2790 Νῦν
1540 2763 1568 2789 δὲ
1584 2763 1632 2798 τὴν
1649 2762 1802 2789 ἀνάπαυσίν
1819 2769 1865 2786 σου
1881 2763 1925 2787 κέι

1137 2813 1186 2847 τὴν
1202 2812 1290 2844 ἐξοδόν
1305 2820 1351 2838 σου
1377 2811 1423 2837 καὶ
1440 2810 1488 2845 τὴν
1508 2809 1609 2836 εἴσοδόν
1627 2817 1674 2835 σου
1697 2808 1752 2842 ἐγὼ
1766 2807 1922 2841 ἐπίσταμαι.
1962 2844 1966 2848 ⁸

1143 2860 1172 2885 Ὀ
1185 2859 1214 2884 δὲ
1226 2857 1309 2893 θυμός
1323 2866 1381 2887 σου,
1396 2857 1424 2883 ὂν
1441 2855 1595 2890 ἐθυμὼθης,
1619 2855 1692 2889 καὶή
1705 2853 1802 2889 πικρία
1818 2861 1866 2878 σου
1880 2853 1924 2878 ἀν-

1138 2905 1186 2940 έϐη
1203 2904 1268 2940 πρὸς
1288 2904 1331 2940 μὲ.
1347 2904 1400 2931 Καὶ
1418 2902 1527 2938 ἐμϐαλῶ
1543 2901 1624 2937 φιμὸν
1649 2901 1688 2932 εἰς
1711 2899 1760 2934 τὴν
1781 2898 1842 2934 ρῐνά
1868 2906 1922 2928 σου,
