2044 3215
136 175 188 204 355

577 177 824 206 COMMENTARIA
845 179 877 206 IN
897 179 1027 209 ISAIAM.
1049 197 1082 202 -—
1099 181 1179 209 CAP.
1201 180 1333 210 XXXVII.

1716 188 1770 215 σει

135 232 184 259 καὶ
206 231 314 267 χαλινὸν
332 232 372 264 εἰς
389 232 422 258 τὰ
436 233 512 268 χείλη
530 242 587 267 σου,
603 235 650 261 καὶ
665 236 832 272 ἀποστρέψω
850 245 878 263 σε
896 240 919 273 τῇ

982 246 1061 266 nares
1079 244 1149 272 tuas,
1170 244 1197 267 ct
1221 240 1326 268 frenum
1349 242 1376 268 in
1394 241 1462 269 labia
1481 245 1525 269 tua
1544 252 1550 269 :
1568 248 1595 270 ct
1612 250 1731 272 aVcrtam
1745 252 1771 274 te

135 277 188 312 ὸδῷ
201 275 218 315 ᾖ
232 276 313 314 ἦλθες
329 278 358 305 ἐν
374 278 441 314 αὐτῇ
453 287 459 294 '
472 288 481 305 ι
491 279 534 306 ἵνα
550 279 588 315 μὴ
600 280 661 307 ὅποι
671 281 760 316 βούλει
774 283 869 318 ἀπίῃς,
887 284 930 310 ἕλ-

137 331 197 348 κοιο
208 323 237 349 δὲ
256 324 302 350 καὶ
315 324 352 359 μὴ
369 323 528 359 βουλόμενος
544 326 584 357 εἰς
599 327 732 354 τούπίσω·
752 329 930 366 ἀποστραφῆ-

136 378 182 396 ναι
200 370 254 405 γὰρ
270 378 299 396 σε
320 370 410 406 δεήσει
434 371 473 406 τῷ
489 371 540 407 ὁδῷ
587 372 636 408 τὴν
649 374 763 401 ἐνταῦθα
782 376 929 411 πεποίησαι

137 415 263 450 πορείαν,
289 417 356 452 πρὸς
384 417 414 443 τὸ
439 418 476 453 μὴ
501 418 611 445 τοιαῦτα
631 419 796 454 φθέγγεσθαι
815 422 926 458 τολμᾷν.

137 461 211 497 Πλὴν
227 463 250 488 εἰ
265 462 312 488 καὶ
331 463 367 498 μὴ
383 463 555 490 συναπώλεσε
571 464 609 500 τῷ
626 465 721 501 πλήθει
738 466 781 493 διὰ
790 468 839 502 τὴν
853 469 929 504 εἰρη-

138 507 224 543 μένην
233 509 331 541 αίτίαν,
343 509 375 535 δι’
385 509 416 544 ἣν
428 510 474 536 καὶ
484 511 592 545 Φαραὼ,
602 511 656 536 τῶν
666 511 765 538 λοιπῶν
773 513 928 547 Αἰγυπτίων

137 555 338 590 κολαζομένων,
365 555 466 591 θεωρὸς
489 556 664 591 ἐφυλάττετοσ
684 558 758 593 ὅμως
780 559 844 592 γοῦν
865 560 928 592 τοὺς

136 600 220 626 αὐτοῦ
238 601 336 632 παῖδας
351 598 429 636 εὗρεν
448 602 545 628 ἑαυτοῦ
565 603 661 637 φονέας
687 604 733 630 ἐπὶ
757 605 805 639 τῆς
826 605 928 636 οἰκείας

136 646 283 681 γενόμενος
297 647 357 682 γῆς.

175 703 184 718 ι
205 693 292 720 Τοῦτο
305 693 333 720 δέ
351 702 392 720 σοι
410 694 440 721 τὸ
450 696 560 730 σημεῖον
570 703 579 710 ⁸
597 695 666 730 φάγε
676 695 770 723 τοῦτον
781 696 827 722 τὸν
838 697 927 723 ἐνιαυ-

135 739 182 765 τὸν
196 738 217 765 ἃ
234 739 375 775 ἑσπαρκας
385 748 391 755 ·
407 740 447 775 τῷ
461 740 489 766 δὲ
503 741 618 776 ἐνιαυτῷ
639 741 679 776 τῷ
694 741 811 777 δευτέρῳ
829 741 858 768 τὸ
876 750 925 768 κα-

134 783 274 819 τάλειμμα
287 793 292 799 ·
307 784 346 820 τῷ
355 785 383 811 δὲ
398 786 481 821 τρίτῳ
495 786 655 821 σπείραντες
666 787 802 822 ἁμήσατε,
815 787 862 814 καὶ
872 797 925 822 φυ-

133 830 249 857 τεύσατε
261 831 435 865 ἀμπελῶνας,
446 831 493 858 καὶ
504 832 622 866 φάγεσθε
631 833 677 859 τὸν
685 833 790 868 καρπὸν
798 833 896 860 αὐτῶν.
912 843 922 860 ›

133 876 168 902 ΕΞ
177 875 206 902 δέ
215 884 256 902 σοι
267 877 308 902 δεῖ
320 877 432 912 σημείου
448 877 516 912 πρὸς
530 878 662 904 πίστωσιν
673 878 727 905 τῶν
742 879 816 913 ἐμῶν
826 879 922 913 λόγων,

134 921 191 947 ἴσθι
219 922 260 948 ὅτι
274 922 319 949 τὸν
336 923 456 956 παρόντα
467 923 587 950 ἐνιαυτδν
608 924 665 956 τοῖς
684 924 738 950 ἀπὸ
750 925 801 959 τῆς
813 926 864 960 γῆς
875 926 924 952 αὺ-
942 913 962 940 Β

132 967 260 1002 τομάτως
289 967 530 1004 ἁναδοθησομένοις
555 969 623 1005 πρὸς
647 970 749 1005 τροφὴν
775 971 874 1006 χρήσῃ,
894 971 925 998 τὸ

133 1012 204 1047 μηδὲ
216 1013 343 1040 δύνασθαι
360 1014 481 1049 συνήθως
501 1014 550 1050 τὴν
571 1014 663 1050 χώραν
681 1015 818 1051 γεωργίας
833 1018 925 1052 τυχεῖν

131 1058 178 1085 διὰ
193 1058 243 1094 τὴν
257 1059 311 1086 τῶν
324 1059 460 1095 πολεμίων
471 1060 575 1094 ἔφοδον.

171 1113 180 1129 ι
195 1104 251 1130 Καὶ
269 1104 375 1131 ἔσονται
397 1106 421 1131 oi
438 1105 678 1141 καταλελειμμένοι
699 1107 729 1133 ὲν
744 1107 778 1142 τῇ
797 1107 921 1143 Ἰουδαίᾳ,

132 1149 266 1184 φυήσουσι
293 1150 370 1185 ῥίζαν
390 1151 475 1182 κάτω,
497 1151 544 1177 καὶ
558 1153 700 1186 ποιήσουσι
718 1153 829 1188 σπέρμα
849 1154 921 1186 ἄνω,

130 1196 173 1222 ὅτι
187 1196 218 1228 ἐξ
239 1197 415 1232 Ἰερουσαλὴμ
434 1197 539 1223 ἔσονται
561 1198 585 1225 οἱ
602 1199 854 1234 καταλελειμμένοι,
875 1200 923 1226 καὶ

130 1242 157 1268 oi
165 1241 314 1277 σωζόμενοι
326 1242 355 1275 ἐξ
367 1242 446 1277 ὅρους
462 1242 540 1270 Σιών.
560 1243 589 1270 Ὀ
600 1243 680 1278 ζῆλος
692 1245 794 1280 Κυρίου
808 1244 920 1271 Σαϐαὼθ

131 1288 241 1322 ποιήσει
255 1287 352 1315 ταῦτα.
365 1288 413 1314 Διὰ
429 1288 507 1315 τοῦτο
517 1289 602 1321 οὕτως
614 1289 685 1324 λέγει
698 1290 798 1326 Κύριος
818 1292 864 1317 ἐπὶ
875 1291 922 1326 βα-

131 1333 209 1360 σιλέα
228 1334 393 1370 Ἀσσυρίων·
408 1336 445 1361 Οὐ
466 1335 503 1371 μὴ
517 1335 625 1371 εἰσέλθῃ
646 1337 685 1368 εἰς
701 1337 749 1373 τὴν
764 1338 839 1364 πόλιν
856 1338 921 1364 ταύ-

130 1388 192 1416 την,
209 1380 269 1407 οὐδὲ
284 1381 320 1416 μὴ
331 1381 401 1417 βάλῃ
416 1382 460 1407 ἐπ’
471 1381 555 1417 αὐτὴν
573 1381 658 1416 βέλος,
674 1383 735 1409 οὐδὲ
752 1383 789 1418 μὴ
805 1384 921 1419 ἐπιϐάλῃ

130 1424 175 1451 ἐπ’
190 1425 274 1460 αὐτὴν
286 1425 392 1462 θυρεὸν,
409 1427 469 1453 οὐδὲ
482 1427 518 1462 μὴ
532 1427 659 1463 κυκλώσῃ
675 1429 718 1454 ἐπ’
733 1429 815 1464 αὐτὴν
835 1431 921 1465 χάρα-

130 1479 179 1504 κα,
200 1481 209 1496 ι
228 1471 258 1497 εὐ
274 1472 384 1504 ειδότες,
396 1473 433 1504 ὡς
448 1474 472 1499 οἱ
484 1473 703 1508 περιλειφθέντες
718 1476 746 1501 ἐν
760 1477 792 1511 τῇ
808 1477 920 1513 Ἰουδαίᾳ

133 1516 204 1550 μετὰ
224 1516 273 1552 τὴν
289 1518 477 1552 αίχμαλωσίαν
496 1518 543 1545 τοῦ
559 1520 587 1546 ὲν
603 1520 743 1556 Σαμαρείᾳ
760 1521 879 1557 πλήθους
890 1523 919 1548 ὲν

130 1562 228 1598 εἰρήνῃ
243 1562 420 1596 διατελέσετε,
437 1565 461 1590 εἰ
481 1564 552 1591 κατὰ
570 1566 619 1600 τὴν
633 1566 702 1600 ὲμὴν
715 1566 821 1602 βουλήν,
841 1568 919 1603 ῥίζαν
933 1581 954 1610 C

129 1607 293 1642 ἐμϐαλόντες
310 1609 419 1644 ἑδραίαν
441 1609 593 1642 θεοσεϐείας
617 1613 645 1638 ὲν
661 1613 694 1647 τῇ
713 1613 817 1639 ἑαυτῶν
833 1614 915 1650 ψυχῇ,

128 1654 234 1689 καρπὸν
248 1656 297 1690 τῆς
311 1656 380 1691 ἐμῆς
398 1657 534 1691 γεωργίας
553 1657 627 1690 ἄξιον
649 1658 834 1685 ἀναϐλέποντα
850 1659 918 1694 πρὸς

129 1698 165 1733 μὶ
179 1699 341 1727 ἀναδώσετε.

166 1753 177 1769 t
201 1744 280 1771 Ἀλλὰ
297 1747 330 1781 τῇ
341 1743 419 1782 όδῷῇ
434 1743 526 1781 ἦλθεν,
540 1747 568 1772 ὲν
581 1747 648 1783 αὐτῇ
665 1748 915 1784 ἀποστραφήσεται,

126 1789 176 1816 καὶ
185 1790 225 1821 είς
237 1789 286 1825 τὴν
294 1790 369 1817 πόλιν
378 1791 480 1826 ταύτην
490 1792 520 1818 οὺ
530 1792 567 1827 μὴ
578 1792 693 1829 εἰσέλθῃ.
707 1794 775 1820 Τάδε
784 1794 858 1828 λέγει
865 1794 917 1821 Κύ-

127 1844 188 1872 ριος
197 1844 204 1850 ·
226 1836 401 1871 Ὑπερασπαῦ
408 1838 478 1873 ὑπὲρ
490 1840 538 1872 τῆς
548 1839 650 1870 πόλεως
659 1839 761 1876 ταύτης
774 1840 821 1866 τοῦ
831 1841 917 1868 σῶσαι

125 1881 214 1917 αὐτὴν
225 1881 258 1908 δι’
274 1882 340 1914 ἐμὲ,
360 1883 405 1909 καὶ
419 1882 462 1909 διὰ
478 1883 558 1909 Δαυῒδ
571 1884 616 1910 τὸν
627 1886 709 1912 παῖδά
724 1895 785 1920 μου.
803 1896 812 1912 ι
832 1886 917 1913 Τοῦτο

124 1926 183 1961 γὰρ
196 1926 259 1962 ἐμοὶ
273 1926 332 1962 Θεῷ
344 1927 399 1954 ὄντι
416 1928 523 1963 πρέπει.
541 1929 586 1954 Διὸ
599 1930 684 1957 ταῦτα
697 1931 792 1966 πράξω
808 1931 915 1971 δι’ίὲμὲ,

125 1972 184 1999 ἀλλ’
196 1972 226 1998 οὺ
240 1972 284 1998 διὰ
295 1972 341 1999 τοῦ
353 1971 443 2004 ἀξίους
451 1971 519 2000 εἶναι
531 1973 594 2006 τοὺς
603 1974 809 2010 βοηθουμένους.

163 2071 173 2087 t
187 2063 242 2089 Καὶ
254 2062 364 2098 ἐξῆλθεν
380 2063 493 2098 ἄγγελος
505 2065 619 2100 Κυρίου,
636 2065 682 2092 καὶ
697 2065 801 2092 ἀνεῖλεν
816 2067 848 2092 ἐκ
865 2067 914 2102 τῆς

123 2110 300 2146 παρεμϐολῆς
313 2110 367 2137 τῶν
388 2111 536 2147 Ἀσσυρίων
554 2116 611 2148 ρπε¹
622 2113 757 2148 χιλιάδας·
781 2114 829 2139 καὶ
842 2114 916 2141 ἁνα-

125 2155 238 2187 ίιτάντες
248 2156 278 2183 τὸ
287 2156 369 2192 πρωῒ,
384 2154 462 2193 εὗρον
473 2158 562 2185 πάντα
572 2159 605 2185 τὰ
623 2159 736 2195 σώματα
749 2160 843 2196 νεκρά.
860 2160 915 2186 Καὶ

123 2201 246 2236 ἀπῆλθεν
266 2203 453 2238 ἀποστραφεὶς
474 2203 659 2240 Σενναχηρεὶμ
675 2205 800 2239 βασιλεὺς
817 2206 913 2231 Ἀσσυ-

981 290 1012 310 ca
1020 285 1072 316 via.
1083 292 1134 318 qua
1147 285 1259 313 venisti:
1272 295 1281 312 ι
1294 291 1364 314 utne
1375 293 1535 322 quocunque
1547 288 1663 316 volueris
1670 291 1751 318 abeas
1761 312 1769 325 ,

982 330 1029 357 sed
1043 330 1085 357 vel
1106 331 1205 359 invitus
1226 333 1397 360 retrocedere
1413 334 1522 368 cogaris
1537 341 1544 360 :
1560 342 1611 370 qua
1623 335 1695 362 enim
1717 337 1771 364 huc

978 376 1085 408 venisti,
1101 377 1193 404 cadem
1207 382 1231 405 te
1253 379 1391 406 discedere
1402 379 1445 406 via
1465 387 1532 414 opus
1550 381 1601 407 erit
1612 401 1621 413 ,
1634 386 1662 408 ut
1682 389 1715 409 ne
1730 388 1772 409 ta-

979 420 1014 447 lia
1034 421 1105 456 loqui
1118 423 1228 450 audeas.
1241 423 1340 451 Verum
1360 424 1463 451 etiamsi
1479 431 1624 453 memorata
1643 427 1675 454 de
1687 435 1769 455 causa

980 475 1030 494 non
1051 475 1112 495 cum
1135 469 1304 497 multitudine
1319 471 1441 505 perierit,
1453 471 1488 498 ob
1502 480 1582 506 quam
1600 474 1681 500 etiam
1697 474 1770 501 Pha-

979 519 1035 545 rao,
1051 513 1161 547 reliquis
1182 514 1317 550 [Egyptiis
1342 516 1476 550 supplicio
1497 516 1613 549 affectis.
1631 525 1770 553 spectator

979 558 1167 586 reservabatur
1179 568 1185 586 :
1197 564 1315 588 attamen
1332 561 1357 587 in
1369 567 1469 588 terram
1485 569 1609 590 reversus
1619 564 1768 599 propriam,

978 603 1048 631 lilios
1063 605 1209 638 parricidas
1229 606 1340 633 invenit.

1012 692 1094 721 Vsus.
1108 694 1153 727 50,
1168 695 1213 723 31.
1232 705 1243 722 t
1261 696 1317 724 Hoc
1336 701 1426 723 autem
1444 697 1490 724 tibi
1515 697 1619 733 signum
1635 707 1642 725 ε
1657 699 1768 726 comede

976 738 1028 766 hoc
1044 747 1124 772 anno,
1135 748 1196 776 quae
1209 742 1347 770 seminain
1356 751 1364 774 ;
1374 750 1446 770 anno
1454 749 1543 771 autem
1555 745 1686 778 secundo,
1694 746 1766 780 quod

976 785 1114 813 residuum
1128 786 1202 820 erit;
1223 787 1313 819 tertio,
1340 788 1505 816 seminaules
1527 790 1631 823 metite,
1647 795 1674 818 et
1689 791 1768 826 plan-

975 834 1031 858 tale
1045 831 1149 864 vineas,
1164 837 1192 859 et
1213 833 1347 860 comedite
1364 833 1482 860 fructum
1498 842 1602 863 earum.
1623 845 1633 862 ι
1651 836 1680 864 Si
1703 844 1768 864 vero

976 875 1009 902 ad
1025 883 1181 904 sermonum
1197 884 1319 905 meorum
1330 878 1562 906 confirmationem
1577 880 1654 915 signo
1666 881 1715 908 libi
1730 882 1768 908 sit

975 927 1043 954 opus
1055 940 1062 953 ,
1082 921 1150 948 scito
1163 926 1189 949 te
1201 922 1253 949 hoc
1265 929 1337 949 anno
1350 928 1446 956 sponte
1459 925 1633 952 nascentibus
1646 933 1681 953 ex
1694 930 1767 953 terra

974 965 1107 995 fructibus
1128 967 1262 995 victurum
1285 975 1365 1002 esse;
1384 970 1454 1003 quod
1473 978 1526 997 non
1544 973 1662 1006 potuerit
1680 972 1765 1007 regio,

974 1011 1091 1040 inimicis
1105 1012 1326 1047 irrumpentibus,
1341 1022 1390 1047 pro
1408 1023 1484 1043 more
1498 1016 1579 1043 solito
1591 1017 1690 1044 excoli.

1009 1102 1090 1130 Vsus.
1103 1102 1149 1135 32,
1163 1103 1209 1132 33.
1225 1113 1235 1130 ι
1252 1103 1285 1131 Ει
1296 1109 1375 1131 erunt
1388 1104 1482 1139 reliqui
1498 1105 1525 1132 in
1541 1104 1643 1139 Judma,
1663 1107 1764 1141 produ-

973 1154 1035 1177 cent
1056 1149 1173 1177 radicem
1193 1150 1332 1181 deorsum.
1355 1156 1383 1178 et
1408 1150 1507 1178 facient
1524 1159 1615 1179 semen
1642 1160 1762 1186 sursum,

973 1195 1035 1228 quia
1051 1201 1082 1221 ex
1095 1193 1243 1222 Jerusalem
1253 1201 1333 1222 erunt
1350 1196 1460 1228 residui,
1472 1201 1498 1223 et
1511 1197 1608 1224 salvati
1624 1197 1657 1225 de
1672 1203 1764 1225 monte

974 1239 1049 1267 Sion.
1070 1239 1149 1267 Zelus
1170 1239 1275 1268 Domini
1295 1241 1413 1269 Sabaoth
1432 1242 1513 1270 faciet
1527 1244 1592 1271 haec.
1615 1243 1763 1278 Propterea

973 1285 1012 1312 sic
1022 1285 1087 1312 dicit
1100 1285 1228 1312 Dominus
1243 1286 1270 1312 in
1285 1294 1373 1322 regem
1394 1288 1582 1322 Assyriorum:
1598 1288 1657 1316 Non
1674 1289 1762 1316 intra-

972 1330 1012 1357 bit
1026 1330 1052 1357 in
1064 1329 1201 1357 civitatem
1215 1330 1297 1363 hanc,
1309 1339 1396 1366 neque
1404 1331 1488 1365 jaciet
1504 1333 1530 1360 in
1547 1340 1606 1360 eam
1622 1334 1761 1368 sagittam,

972 1381 1060 1409 neque
1072 1375 1200 1402 immittet
1212 1375 1238 1402 in
1252 1383 1312 1402 eam
1323 1376 1460 1411 clypeum,
1479 1385 1565 1413 neque
1580 1378 1762 1406 circumdabit

971 1427 1030 1446 eam
1047 1419 1127 1453 vallo,
1148 1421 1286 1448 iscicntcs
1308 1428 1367 1454 vos,
1388 1427 1447 1457 post
1463 1423 1609 1450 abductum
1632 1425 1659 1450 in
1676 1425 1764 1459 capti-

972 1466 1081 1493 vitatcm
1102 1466 1231 1493 Samaria:
1244 1467 1370 1502 populum
1389 1468 1414 1495 in
1430 1468 1521 1496 Judaaa
1535 1470 1688 1504 derelictos,
1699 1479 1761 1498 cum

971 1519 1037 1546 pace
1062 1518 1171 1540 acturos
1191 1520 1268 1545 esse,
1290 1514 1312 1540 si
1329 1516 1362 1541 ad
1389 1514 1514 1548 placitum
1542 1524 1632 1542 mcum
1655 1516 1761 1543 firmam

971 1559 1078 1593 pietatis
1096 1559 1214 1587 radicem
1230 1560 1256 1586 in
1274 1560 1363 1587 anima
1382 1566 1469 1588 vestra
1490 1566 1628 1595 ponentes,
1644 1562 1760 1589 fructum

970 1606 1134 1640 agricultura
1149 1614 1207 1633 mea
1231 1606 1350 1641 dignum,
1369 1607 1401 1633 ad
1420 1615 1463 1634 me
1487 1613 1672 1642 spectantem,
1689 1613 1761 1636 attu-

969 1651 1064 1679 let'itis.

1004 1743 1085 1771 Vens.
1102 1744 1146 1775 54,
1159 1744 1204 1771 35.
1224 1753 1233 1769 ι
1253 1743 1308 1771 Sed
1320 1751 1372 1778 qua
1387 1743 1429 1769 via
1448 1744 1531 1775 venit,
1552 1745 1645 1771 eadem
1669 1753 1761 1772 rever-

970 1793 1053 1822 tetur,
1069 1795 1094 1817 et
1110 1791 1136 1816 in
1151 1790 1219 1817 hanc
1236 1790 1331 1817 urbem
1349 1798 1400 1816 nou
1418 1790 1595 1824 ingredietur.
1617 1790 1678 1818 Haec
1693 1791 1760 1818 dicit

969 1836 1098 1863 Dominus
1111 1845 1118 1862 :
1131 1834 1276 1871 Protegam
1287 1835 1423 1862 civitatem
1439 1836 1519 1868 hanc,
1532 1841 1560 1862 ut
1573 1843 1679 1863 servem
1696 1844 1758 1863 eam

967 1887 1075 1916 propter
1088 1889 1147 1913 me,
1164 1886 1191 1908 et
1211 1886 1322 1916 propter
1346 1881 1429 1907 David
1451 1888 1558 1908 servum
1577 1889 1678 1908 meum.
1700 1891 1710 1908 ι
1729 1881 1757 1908 id

967 1927 1039 1954 enim
1053 1927 1129 1959 mihi,
1146 1931 1176 1953 ut
1190 1927 1253 1959 Dco,
1267 1935 1418 1961 congruens
1436 1932 1486 1953 est.
1500 1927 1589 1960 Quare
1606 1928 1631 1954 id
1646 1934 1757 1962 propter

967 1979 1009 1998 me
1034 1979 1129 2006 agam;
1144 1971 1191 1998 sed
1219 1979 1272 1998 non
1299 1972 1370 2006 quod
1390 1971 1427 1998 illi
1443 1971 1487 2005 qui
1503 1971 1633 2005 juvantur
1653 1973 1757 2000 auxilio

966 2017 1039 2051 digni
1051 2018 1116 2043 sint.

1002 2062 1187 2090 \'sns.36-38.
1202 2072 1210 2088 t
1230 2062 1263 2090 Et
1289 2070 1414 2098 egressus
1438 2069 1479 2091 est
1503 2064 1614 2098 angelus
1633 2063 1754 2097 Domini,

965 2114 991 2135 et
1020 2109 1157 2136 interfecit
1176 2117 1210 2136 ex
1229 2110 1325 2137 castris
1355 2110 1526 2144 Assyriorum
1552 2115 1660 2138 centum
1681 2117 1756 2139 octo-

965 2156 1038 2189 ginta
1050 2149 1314 2191 quinqtte'milliamt
1329 2161 1472 2190 surgentes
1487 2163 1576 2188 mane,
1593 2156 1756 2183 invenerunt

965 2203 1056 2231 omnia
1068 2203 1211 2230 cadavera.
1235 2202 1269 2230 Et
1283 2209 1407 2230 reversus
1420 2202 1486 2229 abiit
1499 2202 1693 2229 Sennaclicrim
1707 2209 1753 2229 rex

125 2248 201 2283 ρίων,
215 2249 261 2275 καὶ
272 2248 381 2284 ᾡκησεν
395 2249 425 2275 ἐν
437 2249 537 2285 Νινευῇ
549 2258 556 2265 ⁸
572 2251 619 2276 καὶ
635 2251 664 2277 ἐν
678 2251 718 2287 τῷ
732 2251 813 2278 αὑτὸν
827 2260 911 2287 προσ-

970 2250 1148 2285 Assyriorum.
1166 2254 1192 2276 et
1210 2249 1342 2276 habitavit
1360 2249 1388 2276 in
1409 2248 1515 2279 Ninive,
1541 2253 1568 2275 et
1584 2256 1644 2275 cum
1658 2248 1754 2274 adora-

123 2296 214 2321 κυνεῖν
239 2295 269 2321 ὲν
289 2295 329 2330 τῷ
347 2295 414 2331 οἴκῳ
431 2295 564 2331 Νασαρὰχ
584 2296 629 2323 τὸν
647 2296 802 2332 πάτραρχον
817 2297 912 2329 αὑτοῦ,

129 2341 294 2376 ’Δδραμιὲλεχ
305 2341 352 2367 καὶ
369 2341 499 2377 Σαρασὰρ
513 2342 537 2368 οἱ
549 2342 602 2368 υἱοὶ
615 2342 697 2369 αὑτοῦ
713 2343 851 2376 ἐπάταξαν
864 2343 914 2369 αὐ-

119 2387 166 2413 τὸν
182 2387 339 2422 μαχαίραις.
355 2387 437 2414 Αὐτοὶ
458 2387 487 2413 δὲ
504 2387 670 2422 διεσώθησαν
693 2389 732 2420 εἰς
755 2389 909 2424 Ἀρμενίαν,

119 2434 168 2460 καὶ
185 2434 359 2461 ἐϐασίλευσεν
382 2435 511 2470 ’Δσορδὰν
527 2436 541 2461 ὁ
552 2435 608 2466 υἱὸς
622 2435 704 2461 αὐτοῦ
718 2436 773 2462 ἀντ’
785 2436 878 2463 αὐτοῦ.
897 2446 907 2462 ι

119 2479 178 2504 Οὐκ
192 2480 232 2510 είς
243 2479 352 2515 μακρὰν
366 2479 393 2506 δὲ
407 2481 462 2511 τοῖς
480 2479 568 2514 λόγοις
582 2480 684 2515 φοὸερά
693 2489 736 2513 τις
748 2480 825 2517 θεῖχὴ
841 2483 911 2517 πρᾶ-

119 2524 160 2556 ξις
172 2524 266 2550 εἵπετο
287 2525 386 2552 αὐτίκα
410 2526 479 2560 μετὰ
497 2526 599 2558 ταύτας
616 2527 665 2559 τὰς
682 2527 783 2561 φωνὰς,
795 2527 850 2554 οὐδ’
863 2529 911 2555 ἀν-

119 2569 258 2606 θρωπίνης
279 2570 402 2606 μεθόδου,
422 2571 549 2607 μυριάδες
564 2571 671 2608 ἀθρόως
689 2572 793 2608 ἀνδρῶν
812 2573 910 2610 εὕρην-

117 2623 162 2641 ται
176 2616 272 2650 νεκραὶ
287 2615 450 2652 βεϐλημέναι
471 2617 523 2644 ὑπὸ
535 2617 625 2653 χειρὸς
644 2618 704 2649 ἐνὸς
718 2619 832 2653 ἀγγέλου
843 2628 850 2635 ⁸
866 2628 910 2646 το-

119 2661 214 2693 σοῦτος
225 2661 280 2697 γὰρ
292 2659 326 2697 ἦν
343 2659 429 2694 οὗτος,
453 2662 492 2694 ὡς
505 2663 573 2689 θεοῦ
593 2664 682 2699 κρίσει
696 2664 908 2700 διακονήσασθαι

117 2709 164 2739 καὶ
173 2709 294 2736 τοσαῦτα
304 2709 393 2745 πλήθη
406 2709 459 2735 τῶν
470 2708 607 2744 πολεμίων
618 2709 723 2736 ἀνελεῖν
731 2719 738 2725 ·
752 2711 825 2742 ὅπως
835 2710 908 2746 ἔργῳ

117 2755 214 2790 πεῖραν
233 2753 310 2780 λάϐοι
326 2754 340 2780 ὁ
354 2754 456 2780 τούτων
471 2753 606 2788 βασιλεὺς,
628 2754 658 2785 ὃς
685 2754 906 2791 κατεδλασφήμει

117 2800 196 2827 Θεοῦ.
226 2800 327 2826 Τούτου
348 2800 413 2834 γοῦν
434 2800 526 2826 ἕνεκεν
546 2800 680 2827 τοσούτων
703 2800 905 2836 ἀπολλυμένων,

117 2847 147 2872 οὺ
169 2846 370 2879 συναπώλλυτο,
388 2846 426 2878 ὡς
445 2846 478 2873 ἂν
497 2846 598 2880 θεωρὸς
615 2846 758 2881 γενόμενος
774 2846 821 2872 τοῦ
836 2855 907 2881 πρα-

118 2893 238 2927 χθέντος,
266 2892 315 2928 τὴν
343 2893 422 2920 ἄθεον
447 2892 530 2919 αὐτοῦ
551 2892 675 2926 γλῶτταν
692 2892 903 2927 ἐπιστομίσειεν.

966 2301 1008 2323 ret
1020 2297 1046 2322 in
1065 2296 1144 2323 domo
1159 2294 1297 2322 Nasaracb
1311 2299 1455 2330 patronum
1473 2302 1565 2327 stnnu,
1576 2293 1752 2321 Atlrameleclt

965 2347 992 2369 et
1009 2342 1124 2368 Satasar
1139 2341 1186 2368 lilii
1210 2341 1269 2375 eius
1285 2345 1478 2376 percusserunt
1499 2348 1560 2367 eum
1578 2340 1684 2374 gladiis.
1701 2339 1752 2374 Ipsi
1788 2368 1789 2371 η

965 2395 1029 2415 vero
1041 2389 1218 2422 confugerunt
1232 2387 1258 2414 in
1274 2387 1440 2418 Armeniam,
1455 2392 1481 2414 et
1493 2386 1614 2421 rcgttaVil
1631 2386 1751 2412 Asordau

964 2433 1035 2461 filius
1048 2434 1106 2464 eius
1131 2441 1179 2466 pro
1198 2441 1241 2461 eo.
1262 2442 1271 2459 ι
1298 2432 1352 2460 Nec
1367 2433 1451 2460 ιιιιιιιυ
1470 2436 1529 2466 post
1547 2431 1596 2458 has
1607 2431 1692 2458 editas
1705 2438 1752 2458 vo—

962 2488 1019 2512 ces,
1035 2487 1079 2506 re:
1092 2479 1274 2513 perhorrenda
1292 2479 1420 2505 divinitus
1433 2478 1542 2507 accidit.
1557 2485 1608 2504 nou
1626 2477 1751 2504 lmmana:

961 2525 1110 2557 facultatis,
1120 2524 1255 2560 myriades
1263 2524 1381 2552 virorum
1395 2524 1474 2551 unius
1485 2523 1573 2558 angeli
1586 2531 1665 2550 manu
1673 2530 1750 2551 caesa:

962 2577 1077 2606 reperta:
1102 2575 1165 2598 sunt
1186 2578 1193 2596 :
1211 2574 1302 2597 tantus
1324 2570 1396 2597 cnim
1421 2569 1468 2596 ille
1493 2569 1607 2604 angelus
1625 2573 1700 2601 erat.
1721 2574 1750 2596 ut

958 2616 1060 2653 judicio
1076 2615 1124 2643 Dei
1139 2615 1317 2647 ministraret,
1333 2620 1360 2642 et
1373 2620 1474 2642 tantam
1495 2615 1611 2642 hostium
1627 2614 1748 2642 multitu-

962 2664 1052 2691 dinem
1073 2663 1260 2693 interlicerct;
1287 2668 1315 2689 ut
1347 2669 1393 2688 rex
1425 2661 1532 2688 illorum
1562 2660 1748 2693 experitncnlo

961 2710 1078 2737 disceret
1095 2716 1125 2736 se
1137 2713 1231 2735 contra
1258 2707 1342 2734 Deum
1362 2707 1521 2742 blaspltema
1542 2706 1695 2740 protulisse.
1710 2706 1747 2732 Ea

960 2755 995 2782 de
1009 2762 1102 2787 causa,
1117 2758 1156 2781 tot
1172 2753 1308 2788 tantisque
1335 2752 1511 2788 pereuntibus
1531 2752 1599 2784 aliis,
1617 2752 1673 2786 ipse
1685 2759 1748 2780 cum

960 2801 1012 2829 illis
1024 2809 1075 2829 non
1091 2800 1183 2835 periit,
1198 2804 1226 2826 ut
1241 2804 1324 2834 gestae
1340 2799 1379 2827 rci
1405 2803 1542 2834 spectator
1556 2798 1680 2833 effectus,
1695 2800 1746 2826 im-

960 2847 1031 2883 piam
1054 2847 1172 2882 linguam
1198 2846 1326 2873 frenaret.
