2044 3215
227 186 231 189 ’
272 190 325 217 555

527 246 640 274 CAPUT
659 244 806 280 XXXVIII.

310 292 390 321 Vsus.
410 294 468 321 1-5.
484 302 492 318 ι
506 293 624 327 Contigit
638 297 727 318 autem
744 299 776 317 eo
790 296 922 325 tempore,
932 295 963 316 ut
975 297 1063 324 δἐι-ο-

273 345 343 367 taret
359 339 489 366 Ezechias
503 346 588 372 usque
608 338 642 364 ad
656 342 769 364 mortem
783 345 789 368 ;
806 343 834 363 et
856 336 933 363 venit
955 337 988 363 ad
999 343 1061 363 eum

272 386 359 414 lsaias
373 385 443 413 tilias
459 386 542 412 Amos
559 384 701 418 propheta,
718 388 746 410 et
765 383 834 410 dixit
847 383 870 410 ei
888 390 897 409 :
914 382 976 409 Haec
996 382 1063 409 dicit

273 433 402 458 Dominus
416 441 422 458 :
438 427 555 464 Dispone
569 430 660 456 domui
674 435 742 456 tuae:
757 429 880 456 mdrieris
891 429 963 455 enim
981 433 1020 461 tu,
1035 434 1062 456 et

272 485 323 504 nun
341 477 425 503 vives.
454 475 487 502 Et
508 476 644 503 convertit
666 475 799 502 Etechias
824 474 922 502 faciem
939 482 1015 501 suam
1028 475 1062 502 ad

270 524 412 556 parietem,
428 522 555 549 claravit
568 522 713 549 Dominum
724 521 835 548 dicens:
852 520 996 553 Memento,
1011 521 1062 548 Do-

271 570 353 600 mine.
368 568 503 603 qumnodo
519 567 714 594 ambulaverint
739 574 831 594 coram
848 572 874 593 te
891 567 918 594 in
932 567 1060 599 veritate,

270 616 295 642 iu
313 615 395 642 corde
418 614 536 646 sincero,
553 619 580 641 et
605 613 704 647 placita
725 613 751 640 in
763 618 911 647 couSpectu
923 617 974 640 'tuo
991 612 1062 640 fece-

270 662 331 688 rim.
355 661 387 688 Et
406 661 480 687 licvit
505 660 637 687 Ezechias
659 658 722 686 ﬂetu
747 667 856 694 magno.
878 670 887 685 ι
915 659 966 693 Qui
993 659 1062 686 dixit

271 707 352 739 Deus,
368 715 377 732 ι
394 705 449 740 Ego
464 706 598 736 occidam,
609 710 636 732 et
655 713 706 740 ego
721 705 812 732 vivere
829 705 948 738 faciam;
963 711 1059 740 percu-

269 755 334 780 tiam
362 757 388 780 et
411 760 461 787 ego
487 749 637 782 sanabo";
660 761 669 777 ι
694 759 754 778 cum
773 759 820 786 per
835 760 917 778 nunm
936 752 1060 786 angelum

270 801 362 827 hostes
381 798 455 832 justo
469 797 572 832 judicio
589 797 778 832 percussisset;
793 797 946 830 religidsmu
971 805 1060 832 regem

270 847 304 873 ad
321 845 533 872 incolumitatem
554 849 581 871 et
597 845 678 871 vitam
703 848 823 873 revocat,
844 851 875 870 ac
890 846 937 877 per
954 851 983 870 se
998 851 1059 870 eum

269 899 284 918 a
301 896 388 918 morte
402 891 492 925 eripit.
520 888 634 917 Pulchre
662 890 743 924 igitur
771 890 864 916 isthmc
893 892 1003 917 enarrat
1017 890 1060 916 di—

269 945 334 964 cens
351 947 357 964 :
373 946 382 962 ι
403 936 441 963 Eo
465 941 588 970 tempore
613 936 754 971 a‘grotavit
781 934 909 963 Eiechias
925 936 1011 970 usque
1027 937 1060 962 ad

269 989 382 1011 mortem
400 991 407 1008 :
425 992 434 1008 ι
450 983 489 1010 vel
508 988 537 1010 ut
550 983 648 1017 Aquila
666 982 757 1013 habet,
773 992 782 1007 ι
799 982 831 1008 ad
848 982 1035 1014 moriendum;
1048 991 1057 1008 ›

268 1035 315 1057 aut
332 1034 361 1056 ιιι
382 1030 477 1064 reliqui
502 1030 674 1063 interpretes.
693 1037 701 1054 ι
721 1029 755 1055 ad
775 1030 898 1055 mortem;
919 1037 927 1054 ι
949 1028 1014 1055 Nam
1028 1035 1060 1055 eo

269 1082 400 1112 tempore,
419 1077 538 1111 quojam
555 1075 690 1102 recensita
705 1075 825 1109 perpessi
853 1079 918 1101 sunt
943 1074 1058 1109 Assyrii,

268 1122 390 1150 I‘Ilet'hiaa
415 1122 510 1149 mortis
529 1127 635 1156 tempus
651 1121 746 1148 adfuit.
779 1120 847 1148 Cum
874 1129 956 1154 porro
979 1120 1060 1148 Vellet

269 1168 340 1196 Deus
357 1176 444 1202 Ipsum
460 1168 624 1195 incolumem
642 1170 823 1197 servare.uo‘n
842 1167 869 1194 in
889 1168 1005 1194 obscuro
1016 1175 1059 1194 re-

268 1215 356 1249 liquit,
374 1214 418 1249 qui
433 1214 495 1240 ﬁnis
508 1213 675 1241 infirmitatis
693 1213 752 1247 ejus
767 1212 874 1240 futurus
887 1217 970 1240 esset.
986 1211 1058 1245 Qua-

269 1266 380 1295 propter
407 1260 589 1294 adipiscenda:
610 1259 706 1286 salutis
731 1259 904 1286 occasionem
922 1259 1057 1292 pra-hens,

269 1306 436 1332 inlirmitatis
454 1307 557 1332 exitum
580 1306 604 1332 ei
632 1313 682 1340 per
704 1302 865 1340 prophetam
893 1305 1058 1334 declaravit;

268 1356 306 1384 ut,
323 1357 435 1386 accepto
447 1353 484 1378 rei
500 1351 606 1383 nuntio,
623 1349 792 1386 precaretur,
806 1352 985 1386 precibusque
998 1351 1059 1376 vita:

267 1406 324 1425 sua:
341 1399 554 1425 additamentum
571 1398 748 1433 impetraret,
773 1397 856 1424 etiam
877 1403 937 1432 post
961 1393 1058 1425 delini-

269 1451 325 1471 tum
341 1445 392 1472 sibi
412 1445 506 1472 mortis
520 1449 625 1479 tempus
641 1453 648 1472 :
667 1450 696 1470 ut
725 1444 789 1471 hinc
815 1444 989 1474 edoceatnur.
1005 1452 1058 1470 non

269 1491 470 1520 necessitate.“
483 1491 541 1518 fato
555 1491 615 1518 duci
633 1491 717 1517 vitam
733 1491 889 1521 humanam,
905 1495 992 1525 neque
1007 1490 1057 1517 im-

269 1537 399 1564 mutabile
412 1537 508 1564 mortis
522 1541 628 1572 tempus
644 1537 800 1564 hominibus
811 1537 974 1564 destinatum
987 1544 1057 1563 esse.

270 1583 340 1610 Deus
351 1583 435 1615 enim,
447 1583 492 1617 qui
507 1583 596 1610 omnia
607 1583 771 1614 mode'ratur,
789 1588 816 1610 et
833 1583 895 1609 vita:
907 1583 1058 1617 mortisque
1072 1589 1092 1617 ο

268 1636 350 1656 causa
365 1635 423 1661 est,
438 1637 491 1664 qua
512 1629 618 1656 ratione
635 1629 691 1663 ipse
707 1630 790 1660 ιιονῖι,
812 1628 933 1664 singulos
957 1629 1003 1663 qui
1023 1629 1056 1656 ad

268 1674 351 1701 vitam
366 1677 510 1704 accedunt.
528 1675 578 1701 hoc
593 1674 634 1701 vel
652 1675 696 1701 illo
712 1679 834 1708 tempore
855 1674 992 1708 producit.
1007 1683 1055 1701 an-

269 1729 317 1747 nos
332 1721 392 1748 vine
407 1728 456 1754 pro
472 1721 557 1748 lubilo
569 1721 700 1754 assignat,
717 1725 743 1747 et
759 1720 812 1747 alio
824 1721 882 1746 sive
893 1720 946 1746 alio
961 1720 1058 1747 mortis

267 1773 368 1801 genere
383 1765 463 1792 tollit.
482 1764 625 1800 lpsiusque
652 1770 756 1792 tantum
786 1762 922 1792 facultatis
948 1770 999 1796 est,
1016 1765 1057 1791 vel

267 1820 324 1844 eos,
338 1812 384 1847 qui
403 1812 436 1839 ad
458 1812 554 1846 ipsam,
568 1816 598 1838 ut
613 1811 649 1838 ita
666 1812 766 1843 dicam,
785 1811 998 1845 Inortisjaunam
1012 1813 1058 1837 de-

267 1861 411 1888 venerunt,
429 1857 461 1883 ad
476 1855 619 1883 sanitatem
636 1863 780 1889 revocare,
815 1857 850 1882 ita
868 1861 896 1883 ut
907 1855 963 1890 jam
989 1856 1057 1882 Eze—

266 1902 357 1930 chiam
373 1909 406 1929 ex
423 1901 532 1928 mortali
546 1901 707 1936 a‘gritudine
723 1901 836 1932 eruerit,
856 1909 887 1927 ac
902 1901 1056 1935 quindecim

266 1955 402 1974 auuorutn
430 1947 613 1974 accessionem
642 1947 765 1972 attulerit
784 1954 791 1973 :
807 1947 852 1980 qui
880 1947 964 1973 etiam
990 1947 1057 1974 alios

267 1998 328 2028 post
343 1998 457 2019 mortem
482 1993 643 2019 reviviscere
659 1992 733 2021 fecit.
759 1992 788 2018 ut
812 1993 903 2019 divina
918 1992 1056 2027 Scriptura

268 2039 437 2065 testiﬁcatur.
447 2038 515 2065 llinc
525 2038 618 2072 itaque
628 2036 675 2064 l'ati
685 2037 754 2064 ratio
761 2038 944 2065 etuecessitas
951 2038 1058 2072 penitus

267 2085 509 2120 soltiturzquippe
523 2091 583 2111 cum
602 2084 672 2111 Deus
691 2085 890 2117 universorum,
910 2084 1058 2112 necessita-

268 2136 322 2157 tem
336 2137 368 2156 ac
385 2128 562 2156 substantiam
580 2133 607 2155 et
621 2134 745 2155 naturam
764 2137 870 2156 omnem
889 2129 1055 2157 moderetur.

266 2168 316 2203 His
332 2175 488 2210 conspectis
503 2174 645 2207 Ezechias,
660 2175 705 2201 ubi
721 2182 835 2209 corpore
853 2183 936 2202 sanus
951 2175 1010 2206 fuit.
1024 2176 1056 2202 ad

267 2222 396 2256 templum
414 2221 460 2248 Dei
479 2221 648 2248 maturavit:
669 2221 759 2255 ibique
785 2220 869 2247 Deum
887 2222 1003 2255 rogavit,
1027 2226 1056 2248 ut

609 187 743 216 EUSEBH
763 186 1003 214 CAESAKIENSIS
1022 185 1095 214 ΟΡΡ.
1120 186 1209 213 PARS
1229 186 1273 214 Ill.
1293 202 1326 207 ——
1345 186 1551 215 EXEGETICA.

1850 190 1902 217 556

1368 246 1564 272 ΚΕΦΑΛΑΙΟΝ
1585 247 1648 273 AH'.

1151 300 1160 316 ι
1185 291 1307 325 Ἐγένετο
1327 291 1354 317 δὲ
1375 293 1402 318 ἐν
1425 291 1464 326 τῷ
1489 292 1577 327 καιρῷ
1606 293 1714 328 ἐκείνῳ,
1732 294 1902 330 εμαλακίσθη

1119 337 1242 368 Ἐζεκίας
1259 337 1311 368 ἕως
1323 337 1452 364 θανάτου·
1469 337 1517 364 καὶ
1533 335 1599 372 ἦλθε
1613 338 1681 373 πρὸς
1694 339 1774 365 αὐτὸν
1791 340 1903 371 ῚΙσαῖας

1114 382 1171 414 υἱὸς
1189 382 1278 418 ’Λμὼς
1291 384 1305 409 ὁ
1317 383 1468 418 προφήτης,
1487 384 1533 410 καὶ
1547 381 1608 410 εἶπε
1633 384 1700 419 πρὸς
1713 385 1794 412 αὐτόν
1804 393 1811 401 ·
1835 386 1903 412 Τάδε

1112 428 1187 462 λέγει
1199 429 1318 464 Κύριος·
1345 429 1430 462 Τάξαι
1444 430 1508 465 περὶ
1526 430 1574 456 τοῦ
1600 430 1675 457 οῐκου
1704 437 1766 458 σου·
1782 432 1903 468 ἀποθνή-

1114 483 1189 506 σκεις
1205 474 1259 510 γὰρ
1275 476 1317 506 σὺ,
1332 476 1378 501 καὶ
1388 476 1418 502 οὐ
1430 470 1510 511 ζῆσῃ.
1524 477 1578 502 Καὶ
1593 477 1764 512 ἀπέστρεψεν
1779 478 1903 510 Ἐζεκίας

1112 520 1142 547 τὸ
1156 521 1300 556 πρόσωπον
1312 521 1395 548 αὑτοῦ
1413 518 1481 557 πρὸς
1494 522 1541 548 τὸν
1552 520 1650 558 τοῖχον,
1667 524 1714 550 καὶ
1728 525 1904 560 προσηύξατο

1113 566 1180 601 πρὸς
1191 565 1302 602 Κύριον,
1317 566 1402 601 λέγων
1413 575 1419 582 '
1435 567 1586 603 Μνήσθητι,
1600 567 1693 604 Κύριε,
1704 569 1741 601 ὡς
1753 571 1903 605 ἐπορεύθην

1113 612 1226 638 ἐνώπιόν
1242 618 1288 638 σου
1313 613 1381 648 μετὰ
1394 613 1522 648 ἀληθείας
1544 615 1574 640 ἐν
1592 615 1692 650 καρδίᾳ
1715 615 1840 652 ἀληθινῇ,
1856 618 1903 644 καὶ

1112 658 1146 684 τὰ
1156 659 1257 694 ἀρεστὰ
1273 659 1386 686 ἐνώπιόν
1404 668 1450 686 σου
1463 660 1587 695 ἐποίησα.
1602 661 1657 687 Καὶ
1673 661 1805 688 ἔκλαυσεν
1826 662 1902 694 Ἐζε-

1113 703 1173 735 κίας
1189 704 1318 739 κλαυθμῷ
1329 704 1447 740 μεγάλῳ.
1462 715 1470 730 ι
1487 705 1515 731 ’0
1527 705 1611 732 εἰπὼν
1622 706 1701 738 Θεὸς’
1719 716 1728 732 ι
1747 707 1817 742 Ἐγὼ
1831 708 1902 735 ἀπο-

1112 749 1199 775 κτενῶ
1212 749 1259 775 καὶ
1271 749 1440 785 ζωοποιήσωο
1453 751 1574 783 πατάξω,
1588 751 1665 785 κάγὼ
1681 752 1803 787 ίάσομαι,
1814 762 1823 778 ι
1839 754 1902 785 τοὺς

1112 794 1257 828 πολεμίους
1282 795 1404 827 πατάξας
1421 795 1508 830 κρίσει
1529 795 1621 832 δικαίᾳ.
1639 797 1672 823 δι’
1695 797 1754 829 ἑνὸς
1772 799 1900 832 ἀγγέλου,

1111 840 1157 866 τὸν
1183 839 1293 875 θεοφιλῆ
1320 840 1430 875 βασιλέα
1453 842 1524 868 ίᾶται
1549 843 1596 869 καὶ
1610 842 1752 876 ζωοποιεῖ,
1771 845 1902 880 ῥυόμενος

1113 886 1192 912 αὐτὸν
1212 887 1242 912 ὲκ
1259 886 1373 913 θανάτου
1393 887 1425 913 δι’
1445 887 1551 913 tiae-:05;
1573 888 1670 920 Καλῶς
1685 887 1733 916 οὗν
1755 890 1903 926 ἀπεσημὴ-

1111 940 1174 958 νατο
1188 933 1276 968 φήσας
1289 941 1295 947 ·
1308 939 1316 958 ι
1328 934 1372 959 Ἐν
1382 931 1420 968 τῷ
1432 934 1519 969 καιρῷ
1532 934 1628 970 ἐκείνῳ
1638 936 1806 973 ἑμαλακίσθη
1825 937 1886 969 Ἐζε
1895 953 1902 957 -

1111 979 1173 1010 χίας
1186 979 1239 1010 ἓως
1252 979 1382 1006 Θανάτου*
1405 990 1413 1005 ι
1433 976 1449 1015 ἢ
1462 981 1531 1007 κατὰ
1543 981 1588 1007 τὸν
1603 982 1727 1015 Ἀκύλαν,
1747 992 1756 1008 ι
1773 982 1821 1010 τοῦ
1835 984 1903 1011 ἀπο-

1111 1024 1211 1056 θανεῖν,
1232 1034 1240 1051 ι
1259 1026 1275 1059 ἢ
1292 1026 1362 1052 κατὰ
1377 1026 1440 1058 τοὺς
1458 1026 1577 1058 λοιποὺς,
1599 1037 1608 1052 ι
1624 1029 1664 1059 εἰς
1679 1028 1801 1056 θάνατον.
1821 1039 1832 1055 ι
1856 1029 1902 1056 Ἔν

1110 1071 1165 1107 γὰρ
1182 1072 1280 1107 ἐκείνῳ
1303 1072 1343 1107 τῷ
1362 1073 1462 1108 καιρῷ,
1486 1073 1546 1099 καθ’
1560 1074 1589 1100 ὃν
1602 1074 1638 1101 τὰ
1653 1075 1834 1110 προλεχθέντα
1853 1084 1903 1102 πε-

1111 1118 1239 1145 πόνθασιν
1250 1120 1274 1144 οἱ
1295 1119 1442 1155 Ἄσσύριοι,
1457 1121 1470 1146 ὁ
1489 1120 1534 1146 τοῦ
1551 1120 1665 1147 θανάτου
1683 1112 1778 1157 καιρὸς
1799 1122 1901 1158 ἐπέστη

1110 1165 1148 1200 τῷ
1167 1164 1284 1200 Ἐζεκία.
1301 1164 1465 1201 Βουλόμενος
1482 1166 1510 1192 δὲ
1522 1167 1607 1193 σῶσαι
1629 1167 1711 1194 αὺτδν
1724 1168 1739 1194 ὅ
1754 1168 1830 1200 Θεὸς,
1850 1168 1901 1194 οὐκ

1109 1212 1138 1237 ὲν
1149 1211 1238 1246 ἀδήλῳ
1248 1211 1377 1237 κατέλιπε
1388 1212 1418 1237 τὺ
1431 1212 1526 1246 μέλλον
1542 1212 1590 1248 τὴν
1606 1213 1741 1248 μαλακίαν
1753 1214 1836 1240 αῠτοῦ
1846 1214 1902 1241 δια·

1109 1255 1235 1290 δέξασθαι
1248 1257 1331 1289 τέλος.
1348 1258 1393 1284 Διὸ
1409 1259 1558 1293 προφάσεις
1579 1260 1653 1295 αὑτῷ
1678 1261 1812 1296 σωτηρίας
1830 1270 1899 1297 παρ-

1110 1304 1188 1339 έχων,
1200 1305 1229 1330 τὺ
1239 1304 1288 1339 τῆς
1297 1305 1452 1340 ἀρρωστίας
1465 1305 1540 1337 τέλος
1552 1307 1667 1342 φανερὸν
1681 1307 1755 1342 αὐτῷ
1771 1307 1898 1343 καθίστη,

1108 1349 1151 1376 διὰ
1168 1350 1215 1376 τοῦ
1234 1352 1384 1386 προφήτου,
1411 1351 1448 1383 ὡς
1477 1351 1510 1378 ἂν
1533 1352 1626 1387 μαθὼν
1651 1353 1835 1388 προσεύξοιτο,
1852 1355 1899 1381 καὶ¹

1109 1394 1329 1432 προσευξάμενος
1344 1397 1420 1432 τύχοι
1432 1395 1591 1433 προσθήκης
1608 1398 1690 1434 ζωῆς,
1705 1401 1752 1426 καὶ
1771 1401 1840 1435 μετὰ
1854 1400 1899 1427 τδν

1109 1441 1260 1476 ὡρισμένον
1270 1443 1329 1468 κατ’
1343 1442 1425 1468 αὑτοῦ
1439 1443 1552 1469 θάνατον
1562 1452 1568 1457 ·
1581 1443 1751 1477 διδάσκοντος
1767 1447 1841 1481 ἡμᾶς
1852 1447 1898 1473 τοῦ

1109 1487 1198 1520 λόγου,
1215 1487 1253 1519 ὡς
1268 1488 1317 1514 οὐκ
1331 1489 1435 1524 ἀνάγκη
1451 1497 1492 1520 τις
1511 1489 1527 1524 ἣ
1557 1490 1710 1525 εἱμαρμένη
1727 1492 1776 1526 τῆς
1794 1491 1899 1526 ἀνθρω-

1109 1532 1189 1567 πίνης
1209 1527 1291 1568 ζωῆς,
1319 1533 1379 1559 οὐδὲ
1399 1534 1609 1569 ἀπαράτρεπτος
1631 1534 1784 1570 ἀνθρώποις
1804 1536 1899 1573 καιρὸς

1109 1577 1222 1613 ὥρισται
1247 1579 1372 1605 θανάτου.
1397 1579 1463 1610 Θεὸς
1477 1579 1506 1605 δὲ
1523 1579 1613 1611 αὐτὸς,
1631 1580 1739 1615 κρατῶν
1758 1581 1896 1610 ἁπάντων,

1110 1622 1156 1648 καὶ
1171 1622 1245 1657 ζωῆς
1266 1624 1351 1655 αἴτιος
1373 1624 1419 1650 καὶ
1438 1623 1552 1651 θανάτου
1564 1625 1703 1660 τυγχάνει,
1721 1625 1754 1652 δι’
1767 1625 1815 1657 οὓς
1829 1623 1899 1652 οἶδεν

1109 1669 1191 1700 αὐτὸς
1204 1670 1322 1705 τρόπους
1345 1670 1469 1696 ἑκάστων
1490 1670 1544 1696 τῶν
1564 1672 1604 1702 είς
1615 1672 1660 1697 τὸν
1672 1671 1728 1706 βίον
1746 1672 1899 1708 παριόντων

1109 1715 1179 1741 κατά
1193 1715 1286 1741 τούσδε
1299 1715 1315 1750 ἢ
1332 1714 1425 1741 τούσδε
1440 1716 1502 1746 τοὺς
1512 1716 1624 1751 χρόνους
1637 1716 1779 1752 παράγων,
1795 1717 1844 1743 καὶ
1854 1718 1899 1743 ἐπὶ

1107 1762 1228 1788 τοσοῖσδε
1248 1761 1265 1796 ἢ
1281 1761 1399 1788 τοσοῖσδε
1413 1762 1496 1794 ἔτεσι,
1513 1763 1560 1788 καὶ
1574 1763 1618 1789 διὰ
1630 1763 1737 1790 τοιᾶσδε
1760 1764 1777 1799 ἢ
1791 1763 1897 1791 τοιᾶσδε

1109 1808 1232 1841 συνάγων
1247 1807 1385 1843 τελευτῆς.
1398 1808 1478 1843 Μὸνῳ
1491 1816 1521 1834 τε
1533 1808 1607 1843 αὐτῷ
1617 1809 1736 1840 καὶτοὺς
1749 1809 1778 1835 ὲν
1793 1810 1897 1842 αὑταῖς.

1108 1853 1145 1885 ὡς
1161 1854 1259 1885 είπεῖν,
1274 1853 1334 1885 ταῖς
1347 1853 1394 1879 τοῦ
1407 1852 1522 1880 θανάτου
1534 1853 1632 1885 πύλαις
1647 1853 1811 1889 γενομένους
1821 1855 1898 1882 δυνα-

1108 1900 1153 1926 τόν
1165 1901 1237 1927 ἐστιν
1256 1899 1448 1927 ἀνακαλεῖσθαι
1460 1908 1467 1914 ·
1487 1899 1524 1931 ὡς
1541 1899 1588 1926 νῦν
1603 1900 1651 1935 μὲν
1666 1901 1711 1927 τὸν
1731 1901 1856 1933 Ἐζεκίαν
1869 1902 1898 1933 ἐξ

1107 1946 1263 1983 ἀρρωστίας
1286 1947 1434 1983 θανατικῆς
1457 1946 1652 1979 διασώσασθαι,
1674 1947 1721 1974 καὶ
1737 1948 1897 1983 προσθήκην

1107 1993 1182 2028 αὑτῷ
1202 1992 1276 2028 ζωῆς
1296 1993 1461 2028 χαρίσασθαι
1479 1992 1547 2018 ὅλων
1566 1993 1634 2020 ἐτῶν
1656 1993 1736 2019 πέντε
1753 1994 1800 2020 καὶ
1814 1993 1895 2020 δέκα”

1107 2039 1217 2075 ἐτέρους
1230 2039 1259 2066 δὲ
1269 2040 1316 2066 καὶ
1328 2039 1397 2074 μετά
1408 2039 1439 2065 τὸ
1450 2039 1575 2066 τεθνάναι
1587 2041 1619 2066 ὲκ
1630 2039 1735 2076 νεκρῶν
1749 2040 1898 2067 ἀναϐιῶναι

1107 2086 1234 2120 ποιήσας,
1259 2085 1338 2116 ὅσους
1365 2086 1382 2120 ἡ
1411 2084 1472 2112 θεία
1492 2085 1641 2121 παρίστησι
1665 2086 1772 2122 Γραφή.
1800 2087 1844 2118 Ὠς
1868 2087 1898 2120 ἐξ

1107 2129 1226 2161 ἅπαντος
1240 2128 1367 2155 λελύσθαι
1379 2129 1442 2161 τοὺς
1459 2130 1524 2165 περὶ
1540 2130 1710 2166 εἱμαρμένης
1733 2131 1837 2166 λόγους,
1854 2132 1897 2158 διὰ

1107 2170 1137 2202 τὸ
1147 2175 1194 2202 καὶ
1214 2176 1304 2210 πάσης
1318 2175 1440 2212 ἀνάγκης
1461 2176 1507 2203 καὶ
1523 2177 1614 2212 πάσης
1628 2177 1722 2210 οὐσίας
1739 2186 1768 2205 τε
1787 2179 1833 2205 καὶ
1848 2179 1897 2213 φύ-

1108 2230 1177 2254 σεως
1204 2222 1248 2248 τὸν
1272 2222 1318 2248 ἐπὶ
1334 2222 1442 2249 πάντων
1468 2223 1534 2249 Θεὸν
1553 2224 1674 2259 κρατεῖν.
1700 2223 1794 2250 ταῦτα
1808 2224 1869 2251 ίδὼν
1883 2225 1898 2250 ό

264 2268 307 2294 sui
321 2271 348 2294 et
360 2267 449 2302 populi
465 2271 492 2292 et
511 2265 629 2294 civitatis
641 2270 765 2292 servator
778 2270 862 2292 esset.
879 2264 946 2292 Cum
962 2271 1051 2292 autem

1111 2265 1244 2297 Ἑζεκίας,
1270 2266 1314 2292 ὅτε
1336 2266 1385 2301 μὲν
1409 2267 1488 2301 ὑγιὴς
1508 2267 1539 2292 τὸ
1554 2267 1633 2302 σῶμα
1648 2265 1694 2302 ἦν,
1709 2267 1756 2294 ἐπὶ
1769 2266 1815 2294 τὸν
1828 2267 1897 2294 νεὼν

262 2314 320 2349 jam
342 2318 482 2347 premente
504 2311 598 2338 morbo
621 2311 646 2338 id
668 2315 798 2346 praestare
826 2319 877 2338 non
894 2316 994 2345 lasset,
1018 2319 1052 2338 ex

265 2360 323 2394 ipso
339 2359 409 2387 lecto
420 2359 571 2386 orationem
588 2357 642 2385 Deo
655 2357 756 2387 emisit.
767 2365 924 2392 persuasum
942 2357 1053 2388 habens,

265 2407 349 2433 Deum
365 2406 466 2440 ubique
483 2412 555 2439 esse,
578 2413 610 2432 ac
637 2404 792 2440 religiosum
816 2412 952 2439 quemque
966 2405 1053 2432 virum

261 2452 404 2481 exaudire.

298 2587 382 2614 Vsus.
398 2586 425 2618 4,
438 2586 468 2614 5.
499 2596 508 2611 ι
526 2585 559 2612 Et
586 2585 686 2612 factum
700 2590 740 2612 est
762 2585 872 2611 verbum
898 2584 1002 2611 Domini
1019 2584 1051 2610 ad

264 2632 360 2658 Isaiam
374 2633 465 2659 dicens
478 2641 484 2658 :
498 2630 578 2660 Vade.
590 2635 616 2657 et
632 2631 675 2657 dic
688 2630 827 2658 Ezechiae:
845 2630 906 2657 llzec
922 2630 985 2656 dicit
999 2630 1049 2655 Do-

264 2680 352 2704 Iniuus
372 2678 441 2704 Deus
461 2677 544 2704 David
567 2676 651 2712 patris
664 2677 712 2703 tui.
729 2687 737 2702 ι
757 2676 864 2703 Patrem
886 2681 975 2703 autem
991 2676 1049 2710 ejus

264 2724 392 2752 Davideul
404 2725 518 2751 vocabat
547 2723 627 2754 Dens,
646 2729 799 2757 supremum
817 2723 848 2748 de
870 2721 912 2748 illo
928 2722 1053 2757 ωειίιιιοτ

243 2773 246 2775 ’
265 2771 339 2797 nium
356 2770 456 2802 ferens,
472 2769 543 2804 quod
558 2770 660 2797 scilicet
679 2770 712 2796 ub
724 2776 827 2796 morum
844 2768 1048 2795 similitudinem

263 2818 362 2852 dig-Ius
386 2822 469 2848 esset,
495 2817 541 2850 qui
573 2817 624 2844 sibi
654 2817 733 2844 talem
759 2816 914 2850 religiosum
943 2820 1047 2850 patrem

300 2917 322 2933 "
339 2918 416 2945 Deut.
431 2925 516 2950 xxxii,
531 2916 574 2944 59.

1105 2311 1219 2338 ἔσπευδε
1237 2311 1283 2338 τοῦ
1302 2311 1380 2344 Θεοῦ,
1399 2314 1480 2339 κάκεῖ
1500 2313 1545 2339 τδν
1562 2313 1628 2339 Θεὸν
1641 2313 1722 2340 αὑτοῦ
1740 2322 1770 2340 τε
1787 2314 1835 2341 καὶ
1851 2314 1896 2340 τοῦ

1105 2357 1170 2384 λασῦ
1193 2358 1304 2393 καὶτῆς
1319 2359 1422 2390 πόλεως
1448 2361 1557 2394 σωτῆρα
1580 2359 1706 2393 γενέσθαι
1727 2360 1895 2393 ἐξεκαλεῖτο·

1107 2404 1168 2430 ἐπεὶ
1182 2403 1209 2429 δὲ
1225 2403 1303 2430 τοῦτο
1317 2403 1446 2439 πράττειν
1466 2405 1511 2430 ἐπὶ
1529 2404 1575 2430 τοῦ
1591 2405 1722 2440 παρόντος
1735 2406 1866 2441 ἀπεῖργεν
1880 2407 1897 2442 ἠ

1107 2452 1194 2482 νόσος,
1219 2450 1249 2482 ἐξ
1269 2450 1353 2485 αὐτῆς
1378 2452 1522 2486 στρωμνῆς
1540 2451 1589 2485 τὴν
1606 2451 1688 2486 εὐχὴν
1705 2450 1847 2486 ἀνέπεμπε
1859 2452 1898 2487 τῷ

1107 2495 1176 2530 Θεῷ.
1195 2495 1333 2529 πανταχοῦ
1348 2496 1472 2529 παρεῖναι
1492 2495 1539 2521 καὶ
1554 2495 1654 2526 παντὸς
1672 2493 1743 2522 εἶναι
1754 2495 1898 2528 θεοσεϐοῦς

1106 2542 1222 2576 ἐπήκοον
1239 2540 1429 2575 πεπεισμένος.

1145 2596 1153 2611 ι
1171 2587 1225 2612 Καὶ
1241 2587 1349 2620 ἐγένετο
1360 2586 1437 2620 λόγος
1448 2587 1550 2622 Κυρίου
1568 2588 1636 2623 πρὸς
1659 2588 1772 2614 Ἡσαΐαν
1788 2587 1894 2622 λέγων·

1102 2632 1264 2668 Πορεύθητι,
1283 2633 1329 2658 καὶ
1344 2630 1419 2658 εἷπον
1443 2633 1568 2668 Ἐζεκίᾳ·
1591 2633 1659 2660 Τὼδε
1680 2634 1753 2668 λέγει
1768 2634 1873 2669 Κύριος
1884 2636 1898 2661 ὁ

1102 2678 1168 2708 Θεὸς
1184 2677 1265 2704 Δαυῒὸ
1287 2677 1334 2704 τοῦ
1357 2678 1459 2712 πατρός
1479 2686 1537 2705 σου.
1556 2688 1565 2703 ι
1583 2678 1694 2715 Πατέρα
1710 2678 1739 2704 δὲ
1754 2678 1838 2704 αὑτοῦ
1852 2679 1898 2704 τὸν

1103 2722 1184 2749 Δαυῒδ
1203 2723 1218 2748 ὁ
1239 2723 1305 2754 Θεὸς
1323 2723 1426 2754 ἐκάλει,
1441 2723 1490 2759 τὴν
1505 2724 1634 2750 ἀνωτάτω
1653 2724 1807 2760 μαρτυρίαν
1822 2725 1898 2760 αὐτῷ

1102 2769 1240 2803 παρέχων,
1253 2768 1290 2800 ὡς
1305 2768 1372 2804 ἀξίῳ
1385 2769 1431 2795 τὸν
1442 2769 1553 2805 θεοφιλῆ
1572 2770 1678 2806 πατέρα
1690 2770 1896 2806 ἐπιγράφεσθαι

1102 2815 1150 2850 τῆς
1177 2815 1230 2842 τῶν
1256 2815 1364 2850 τρόπων
1382 2817 1537 2852 ὁμοιότητος
1558 2817 1646 2852 χάριν.
1676 2826 1686 2843 ι
1702 2817 1826 2844 Ἤκουσα
1847 2817 1896 2853 τῆς
