  <div class='ocr_page' id='page_1' title='image "/cluster/home/n/w/nwhite01/storage/ocr_20150623/24/njp.32101077772513/186.png"; bbox 0 0 2044 3215; ppageno 0'>
   <div class='ocr_carea' id='block_1_1' title="bbox 136 168 186 196">
    <p class='ocr_par' dir='ltr' id='par_1_1' title="bbox 136 168 186 196">
     <span class='ocr_line' id='line_1_1' title="bbox 136 168 186 196; baseline 0 0"><span class='ocrx_word' id='word_1_1' title='bbox 136 168 186 196; x_wconf 73' lang='lat'><strong>357</strong></span> 
     </span>
    </p>
   </div>
   <div class='ocr_carea' id='block_1_2' title="bbox 575 169 1344 204">
    <p class='ocr_par' dir='ltr' id='par_1_2' title="bbox 575 169 1344 204">
     <span class='ocr_line' id='line_1_2' title="bbox 575 169 1344 204; baseline 0.009 -8"><span class='ocrx_word' id='word_1_2' title='bbox 575 169 826 197; x_wconf 74' lang='lat' dir='ltr'><strong>COMMENTADIA</strong></span> <span class='ocrx_word' id='word_1_3' title='bbox 848 169 881 197; x_wconf 86' lang='lat' dir='ltr'><strong>IN</strong></span> <span class='ocrx_word' id='word_1_4' title='bbox 900 170 1028 199; x_wconf 68' lang='lat' dir='ltr'><strong>ISAIAM.</strong></span> <span class='ocrx_word' id='word_1_5' title='bbox 1050 187 1082 191; x_wconf 92' lang='lat'><strong><em>—</em></strong></span> <span class='ocrx_word' id='word_1_6' title='bbox 1101 172 1178 200; x_wconf 78' lang='lat' dir='ltr'><strong>CAP.</strong></span> <span class='ocrx_word' id='word_1_7' title='bbox 1199 173 1344 204; x_wconf 66' lang='lat' dir='ltr'><strong>XXXVIII.</strong></span> 
     </span>
    </p>
   </div>
   <div class='ocr_carea' id='block_1_3' title="bbox 1718 181 1773 210">
    <p class='ocr_par' dir='ltr' id='par_1_3' title="bbox 1718 181 1773 210">
     <span class='ocr_line' id='line_1_3' title="bbox 1718 181 1773 210; baseline 0 0"><span class='ocrx_word' id='word_1_8' title='bbox 1718 181 1773 210; x_wconf 77' lang='lat'><strong>558</strong></span> 
     </span>
    </p>
   </div>
   <div class='ocr_carea' id='block_1_4' title="bbox 134 228 924 278">
    <p class='ocr_par' dir='ltr' id='par_1_4' title="bbox 134 228 924 267">
     <span class='ocr_line' id='line_1_4' title="bbox 134 228 924 267; baseline 0.004 -12"><span class='ocrx_word' id='word_1_9' title='bbox 134 229 291 265; x_wconf 78' lang='grc' dir='ltr'><strong>προσευχῆς</strong></span> <span class='ocrx_word' id='word_1_10' title='bbox 304 238 362 262; x_wconf 84' lang='grc' dir='ltr'>σου,</span> <span class='ocrx_word' id='word_1_11' title='bbox 377 230 424 256; x_wconf 78' lang='grc' dir='ltr'><strong>καὶ</strong></span> <span class='ocrx_word' id='word_1_12' title='bbox 439 228 507 256; x_wconf 82' lang='grc' dir='ltr'>εἶδον</span> <span class='ocrx_word' id='word_1_13' title='bbox 520 231 553 257; x_wconf 72' lang='grc' dir='ltr'>τὰ</span> <span class='ocrx_word' id='word_1_14' title='bbox 568 231 673 267; x_wconf 66' lang='grc' dir='ltr'>δάκρυά</span> <span class='ocrx_word' id='word_1_15' title='bbox 686 234 742 267; x_wconf 50' lang='grc' dir='ltr'>σου.</span> <span class='ocrx_word' id='word_1_16' title='bbox 765 231 831 258; x_wconf 73' lang='grc' dir='ltr'>Ἰδοὺ</span> <span class='ocrx_word' id='word_1_17' title='bbox 845 241 924 267; x_wconf 81' lang='grc' dir='ltr'>προσ-</span> 
     </span>
    </p>
   </div>
   <div class='ocr_carea' id='block_1_5' title="bbox 966 228 1772 278">
    <p class='ocr_par' dir='ltr' id='par_1_5' title="bbox 979 231 1772 278">
     <span class='ocr_line' id='line_1_5' title="bbox 979 231 1772 278; baseline 0.014 -20"><span class='ocrx_word' id='word_1_18' title='bbox 979 231 1139 260; x_wconf 85' lang='lat' dir='ltr'><strong>ascriberet.</strong></span> <span class='ocrx_word' id='word_1_19' title='bbox 1153 241 1162 258; x_wconf 84' lang='grc' dir='ltr'><strong>ι</strong></span> <span class='ocrx_word' id='word_1_20' title='bbox 1180 233 1276 278; x_wconf 44' lang='lat' dir='ltr'><strong>audivi</strong></span> <span class='ocrx_word' id='word_1_21' title='bbox 1294 234 1446 262; x_wconf 79' lang='lat' dir='ltr'><strong>oralionem</strong></span> <span class='ocrx_word' id='word_1_22' title='bbox 1462 239 1546 270; x_wconf 88' lang='lat' dir='ltr'><strong>tuam,</strong></span> <span class='ocrx_word' id='word_1_23' title='bbox 1571 243 1598 265; x_wconf 91' lang='lat' dir='ltr'><strong>et</strong></span> <span class='ocrx_word' id='word_1_24' title='bbox 1611 239 1664 267; x_wconf 80' lang='lat' dir='ltr'><strong>vidi</strong></span> <span class='ocrx_word' id='word_1_25' title='bbox 1686 240 1772 278; x_wconf 78' lang='lat' dir='ltr'><strong>lacry-</strong></span> 
     </span>
    </p>
   </div>
   <div class='ocr_carea' id='block_1_6' title="bbox 131 274 682 312">
    <p class='ocr_par' dir='ltr' id='par_1_6' title="bbox 131 274 682 312">
     <span class='ocr_line' id='line_1_6' title="bbox 131 274 682 312; baseline 0.002 -10"><span class='ocrx_word' id='word_1_26' title='bbox 131 274 230 311; x_wconf 75' lang='grc' dir='ltr'>τίθημι</span> <span class='ocrx_word' id='word_1_27' title='bbox 245 275 313 311; x_wconf 78' lang='grc' dir='ltr'>πρὸς</span> <span class='ocrx_word' id='word_1_28' title='bbox 325 275 370 302; x_wconf 80' lang='grc' dir='ltr'>τὸν</span> <span class='ocrx_word' id='word_1_29' title='bbox 385 277 479 311; x_wconf 85' lang='grc' dir='ltr'>χρόνον</span> <span class='ocrx_word' id='word_1_30' title='bbox 491 285 537 302; x_wconf 87' lang='grc' dir='ltr'><strong>σου</strong></span> <span class='ocrx_word' id='word_1_31' title='bbox 551 280 581 303; x_wconf 72' lang='grc' dir='ltr'><strong>ιε’</strong></span> <span class='ocrx_word' id='word_1_32' title='bbox 591 276 650 312; x_wconf 77' lang='grc' dir='ltr'>ἔτη.</span> <span class='ocrx_word' id='word_1_33' title='bbox 673 286 682 303; x_wconf 74' lang='grc' dir='ltr'>ι</span> 
     </span>
    </p>
   </div>
   <div class='ocr_carea' id='block_1_7' title="bbox 170 367 924 403">
    <p class='ocr_par' dir='ltr' id='par_1_7' title="bbox 170 367 924 403">
     <span class='ocr_line' id='line_1_7' title="bbox 170 367 924 403; baseline 0 -9"><span class='ocrx_word' id='word_1_34' title='bbox 170 377 180 393; x_wconf 72' lang='grc' dir='ltr'><strong>ι</strong></span> <span class='ocrx_word' id='word_1_35' title='bbox 203 367 259 394; x_wconf 70' lang='grc' dir='ltr'><strong>Καὶ</strong></span> <span class='ocrx_word' id='word_1_36' title='bbox 285 368 317 394; x_wconf 82' lang='grc' dir='ltr'>ὲκ</span> <span class='ocrx_word' id='word_1_37' title='bbox 339 367 431 403; x_wconf 68' lang='grc' dir='ltr'>χειρὸς</span> <span class='ocrx_word' id='word_1_38' title='bbox 466 367 598 402; x_wconf 81' lang='grc' dir='ltr'>βασιλέως</span> <span class='ocrx_word' id='word_1_39' title='bbox 627 368 778 403; x_wconf 76' lang='grc' dir='ltr'><strong>Ἀσσυρίων</strong></span> <span class='ocrx_word' id='word_1_40' title='bbox 806 367 924 403; x_wconf 75' lang='grc' dir='ltr'><strong>ῥύσομαι</strong></span> 
     </span>
    </p>
   </div>
   <div class='ocr_carea' id='block_1_8' title="bbox 131 412 927 448">
    <p class='ocr_par' dir='ltr' id='par_1_8' title="bbox 131 412 927 448">
     <span class='ocr_line' id='line_1_8' title="bbox 131 412 927 448; baseline 0.003 -10"><span class='ocrx_word' id='word_1_41' title='bbox 131 420 162 439; x_wconf 83' lang='grc' dir='ltr'>σε</span> <span class='ocrx_word' id='word_1_42' title='bbox 188 412 236 439; x_wconf 76' lang='grc' dir='ltr'><strong>καὶ</strong></span> <span class='ocrx_word' id='word_1_43' title='bbox 257 413 306 448; x_wconf 82' lang='grc' dir='ltr'><strong>τὴν</strong></span> <span class='ocrx_word' id='word_1_44' title='bbox 332 413 410 439; x_wconf 85' lang='grc' dir='ltr'>πόλιν</span> <span class='ocrx_word' id='word_1_45' title='bbox 436 412 549 448; x_wconf 79' lang='grc' dir='ltr'>ταύτην.</span> <span class='ocrx_word' id='word_1_46' title='bbox 581 423 589 439; x_wconf 80' lang='grc' dir='ltr'>ι</span> <span class='ocrx_word' id='word_1_47' title='bbox 622 414 699 440; x_wconf 75' lang='grc' dir='ltr'><strong>Ἐπεὶ</strong></span> <span class='ocrx_word' id='word_1_48' title='bbox 727 414 775 440; x_wconf 74' lang='grc' dir='ltr'>καὶ</span> <span class='ocrx_word' id='word_1_49' title='bbox 800 415 825 440; x_wconf 79' lang='grc' dir='ltr'><strong>οἱ</strong></span> <span class='ocrx_word' id='word_1_50' title='bbox 852 413 927 448; x_wconf 86' lang='grc' dir='ltr'><strong>λόγοι</strong></span> 
     </span>
    </p>
   </div>
   <div class='ocr_carea' id='block_1_9' title="bbox 129 458 927 495">
    <p class='ocr_par' dir='ltr' id='par_1_9' title="bbox 129 458 927 495">
     <span class='ocr_line' id='line_1_9' title="bbox 129 458 927 495; baseline 0.001 -11"><span class='ocrx_word' id='word_1_51' title='bbox 129 461 181 494; x_wconf 78' lang='grc' dir='ltr'><strong>τῆς</strong></span> <span class='ocrx_word' id='word_1_52' title='bbox 210 458 293 494; x_wconf 82' lang='grc' dir='ltr'><strong>εὐχῆς</strong></span> <span class='ocrx_word' id='word_1_53' title='bbox 315 458 364 485; x_wconf 78' lang='grc' dir='ltr'>οὐκ</span> <span class='ocrx_word' id='word_1_54' title='bbox 392 459 420 485; x_wconf 84' lang='grc' dir='ltr'>ἐν</span> <span class='ocrx_word' id='word_1_55' title='bbox 447 458 593 495; x_wconf 82' lang='grc' dir='ltr'>πολυλογίᾳ</span> <span class='ocrx_word' id='word_1_56' title='bbox 622 459 822 494; x_wconf 81' lang='grc' dir='ltr'><strong>περιεχόμενοι,</strong></span> <span class='ocrx_word' id='word_1_57' title='bbox 857 459 927 492; x_wconf 79' lang='grc' dir='ltr'>ἀξιοι</span> 
     </span>
    </p>
   </div>
   <div class='ocr_carea' id='block_1_10' title="bbox 129 496 926 541">
    <p class='ocr_par' dir='ltr' id='par_1_10' title="bbox 129 502 926 541">
     <span class='ocr_line' id='line_1_10' title="bbox 129 502 926 541; baseline 0 -10"><span class='ocrx_word' id='word_1_58' title='bbox 129 504 185 531; x_wconf 81' lang='grc' dir='ltr'><strong>τῶν</strong></span> <span class='ocrx_word' id='word_1_59' title='bbox 194 505 284 531; x_wconf 81' lang='grc' dir='ltr'><strong>ἀκοῶν</strong></span> <span class='ocrx_word' id='word_1_60' title='bbox 310 502 380 539; x_wconf 77' lang='grc' dir='ltr'>ἦσαν</span> <span class='ocrx_word' id='word_1_61' title='bbox 408 503 456 530; x_wconf 83' lang='grc' dir='ltr'><strong>τοῦ</strong></span> <span class='ocrx_word' id='word_1_62' title='bbox 482 504 561 537; x_wconf 83' lang='grc' dir='ltr'>Θεοῦ,</span> <span class='ocrx_word' id='word_1_63' title='bbox 585 505 632 531; x_wconf 81' lang='grc' dir='ltr'>καὶ</span> <span class='ocrx_word' id='word_1_64' title='bbox 660 505 691 531; x_wconf 77' lang='grc' dir='ltr'>τὸ</span> <span class='ocrx_word' id='word_1_65' title='bbox 721 504 774 532; x_wconf 85' lang='grc' dir='ltr'>τῶν</span> <span class='ocrx_word' id='word_1_66' title='bbox 802 505 926 541; x_wconf 79' lang='grc' dir='ltr'><strong>δακρύων</strong></span> 
     </span>
    </p>
   </div>
   <div class='ocr_carea' id='block_1_11' title="bbox 129 550 924 586">
    <p class='ocr_par' dir='ltr' id='par_1_11' title="bbox 129 550 924 586">
     <span class='ocr_line' id='line_1_11' title="bbox 129 550 924 586; baseline 0.001 -10"><span class='ocrx_word' id='word_1_67' title='bbox 129 550 211 585; x_wconf 73' lang='grc' dir='ltr'>ἔργον</span> <span class='ocrx_word' id='word_1_68' title='bbox 247 550 317 577; x_wconf 84' lang='grc' dir='ltr'><strong>κατά</strong></span> <span class='ocrx_word' id='word_1_69' title='bbox 339 550 435 586; x_wconf 78' lang='grc' dir='ltr'>καιρὸν</span> <span class='ocrx_word' id='word_1_70' title='bbox 459 550 578 585; x_wconf 79' lang='grc' dir='ltr'>εὐλόγως</span> <span class='ocrx_word' id='word_1_71' title='bbox 603 551 651 578; x_wconf 81' lang='grc' dir='ltr'>καὶ</span> <span class='ocrx_word' id='word_1_72' title='bbox 672 551 828 584; x_wconf 82' lang='grc' dir='ltr'><strong>ἀναγκαίως</strong></span> <span class='ocrx_word' id='word_1_73' title='bbox 849 551 924 585; x_wconf 80' lang='grc' dir='ltr'>γενό-</span> 
     </span>
    </p>
   </div>
   <div class='ocr_carea' id='block_1_12' title="bbox 131 593 925 632">
    <p class='ocr_par' dir='ltr' id='par_1_12' title="bbox 131 593 925 632">
     <span class='ocr_line' id='line_1_12' title="bbox 131 593 925 632; baseline 0.003 -11"><span class='ocrx_word' id='word_1_74' title='bbox 131 603 213 630; x_wconf 83' lang='grc' dir='ltr'>μενον</span> <span class='ocrx_word' id='word_1_75' title='bbox 226 596 289 627; x_wconf 78' lang='grc' dir='ltr'>τοὺς</span> <span class='ocrx_word' id='word_1_76' title='bbox 299 595 348 630; x_wconf 84' lang='grc' dir='ltr'><strong>τῆς</strong></span> <span class='ocrx_word' id='word_1_77' title='bbox 360 596 511 631; x_wconf 80' lang='grc' dir='ltr'>ἐπισκοπῆς</span> <span class='ocrx_word' id='word_1_78' title='bbox 524 596 570 623; x_wconf 78' lang='grc' dir='ltr'><strong>τοῦ</strong></span> <span class='ocrx_word' id='word_1_79' title='bbox 588 596 655 622; x_wconf 85' lang='grc' dir='ltr'>Θεοῦ</span> <span class='ocrx_word' id='word_1_80' title='bbox 669 593 743 623; x_wconf 79' lang='grc' dir='ltr'>εἷλκε</span> <span class='ocrx_word' id='word_1_81' title='bbox 762 597 829 632; x_wconf 79' lang='grc' dir='ltr'>πρὸς</span> <span class='ocrx_word' id='word_1_82' title='bbox 844 597 925 623; x_wconf 73' lang='grc' dir='ltr'>αὑτὸν</span> 
     </span>
    </p>
   </div>
   <div class='ocr_carea' id='block_1_13' title="bbox 128 641 924 677">
    <p class='ocr_par' dir='ltr' id='par_1_13' title="bbox 128 641 924 677">
     <span class='ocr_line' id='line_1_13' title="bbox 128 641 924 677; baseline 0.001 -10"><span class='ocrx_word' id='word_1_83' title='bbox 128 641 298 676; x_wconf 62' lang='grc' dir='ltr'>ὀφθαλμούς·</span> <span class='ocrx_word' id='word_1_84' title='bbox 332 641 371 667; x_wconf 79' lang='grc' dir='ltr'>διὸ</span> <span class='ocrx_word' id='word_1_85' title='bbox 401 642 448 668; x_wconf 77' lang='grc' dir='ltr'><strong>καὶ</strong></span> <span class='ocrx_word' id='word_1_86' title='bbox 464 642 582 668; x_wconf 83' lang='grc' dir='ltr'><strong>ἐπινεύει</strong></span> <span class='ocrx_word' id='word_1_87' title='bbox 607 641 681 677; x_wconf 85' lang='grc' dir='ltr'>αὐτῷ</span> <span class='ocrx_word' id='word_1_88' title='bbox 706 641 780 677; x_wconf 81' lang='grc' dir='ltr'>ζωῆς</span> <span class='ocrx_word' id='word_1_89' title='bbox 805 642 924 677; x_wconf 77' lang='grc' dir='ltr'>προσθή-</span> 
     </span>
    </p>
   </div>
   <div class='ocr_carea' id='block_1_14' title="bbox 129 688 924 724">
    <p class='ocr_par' dir='ltr' id='par_1_14' title="bbox 129 688 924 724">
     <span class='ocr_line' id='line_1_14' title="bbox 129 688 924 724; baseline 0.001 -10"><span class='ocrx_word' id='word_1_90' title='bbox 129 693 192 723; x_wconf 70' lang='grc' dir='ltr'>κην,</span> <span class='ocrx_word' id='word_1_91' title='bbox 208 688 280 723; x_wconf 75' lang='grc' dir='ltr'>ἔργῳ</span> <span class='ocrx_word' id='word_1_92' title='bbox 297 688 442 724; x_wconf 81' lang='grc' dir='ltr'><strong>παριστὰς,</strong></span> <span class='ocrx_word' id='word_1_93' title='bbox 455 688 494 721; x_wconf 83' lang='grc' dir='ltr'>ὡς</span> <span class='ocrx_word' id='word_1_94' title='bbox 509 688 571 715; x_wconf 77' lang='grc' dir='ltr'>οὕτε</span> <span class='ocrx_word' id='word_1_95' title='bbox 588 688 668 724; x_wconf 82' lang='grc' dir='ltr'>φύσει</span> <span class='ocrx_word' id='word_1_96' title='bbox 683 689 794 724; x_wconf 83' lang='grc' dir='ltr'><strong>ἀτάκτῳ</strong></span> <span class='ocrx_word' id='word_1_97' title='bbox 810 689 924 720; x_wconf 82' lang='grc' dir='ltr'>θάνατος</span> 
     </span>
    </p>
   </div>
   <div class='ocr_carea' id='block_1_15' title="bbox 129 733 922 771">
    <p class='ocr_par' dir='ltr' id='par_1_15' title="bbox 129 733 922 771">
     <span class='ocr_line' id='line_1_15' title="bbox 129 733 922 771; baseline 0.001 -12"><span class='ocrx_word' id='word_1_98' title='bbox 129 733 285 769; x_wconf 75' lang='grc' dir='ltr'>ἀνθρώποις</span> <span class='ocrx_word' id='word_1_99' title='bbox 304 733 429 770; x_wconf 82' lang='grc' dir='ltr'><strong>ὥρισται,</strong></span> <span class='ocrx_word' id='word_1_100' title='bbox 454 733 516 760; x_wconf 80' lang='grc' dir='ltr'>οὒτε</span> <span class='ocrx_word' id='word_1_101' title='bbox 537 735 645 771; x_wconf 80' lang='grc' dir='ltr'><strong>ἀνάγκῃ</strong></span> <span class='ocrx_word' id='word_1_102' title='bbox 669 735 858 770; x_wconf 74' lang='grc' dir='ltr'><strong>ἀπαραιτήτῳ.</strong></span> <span class='ocrx_word' id='word_1_103' title='bbox 885 734 922 760; x_wconf 80' lang='grc' dir='ltr'><strong>Οὐ</strong></span> 
     </span>
    </p>
   </div>
   <div class='ocr_carea' id='block_1_16' title="bbox 129 777 923 816">
    <p class='ocr_par' dir='ltr' id='par_1_16' title="bbox 129 777 923 816">
     <span class='ocr_line' id='line_1_16' title="bbox 129 777 923 816; baseline 0.001 -10"><span class='ocrx_word' id='word_1_104' title='bbox 129 780 210 814; x_wconf 85' lang='grc' dir='ltr'>μόνον</span> <span class='ocrx_word' id='word_1_105' title='bbox 226 780 256 806; x_wconf 82' lang='grc' dir='ltr'>δὲ</span> <span class='ocrx_word' id='word_1_106' title='bbox 273 780 386 816; x_wconf 86' lang='grc' dir='ltr'>χρόνους</span> <span class='ocrx_word' id='word_1_107' title='bbox 399 780 473 816; x_wconf 80' lang='grc' dir='ltr'>αὐτῷ</span> <span class='ocrx_word' id='word_1_108' title='bbox 484 781 566 816; x_wconf 81' lang='grc' dir='ltr'>ζωῆς,</span> <span class='ocrx_word' id='word_1_109' title='bbox 580 781 637 807; x_wconf 78' lang='grc' dir='ltr'>ἀλλ’</span> <span class='ocrx_word' id='word_1_110' title='bbox 652 781 684 807; x_wconf 79' lang='grc' dir='ltr'>ὲκ</span> <span class='ocrx_word' id='word_1_111' title='bbox 697 780 864 816; x_wconf 76' lang='grc' dir='ltr'><strong>περιουσίας,</strong></span> <span class='ocrx_word' id='word_1_112' title='bbox 879 777 923 808; x_wconf 77' lang='grc' dir='ltr'><strong>οἷα</strong></span> 
     </span>
    </p>
   </div>
   <div class='ocr_carea' id='block_1_17' title="bbox 127 825 922 861">
    <p class='ocr_par' dir='ltr' id='par_1_17' title="bbox 127 825 922 861">
     <span class='ocr_line' id='line_1_17' title="bbox 127 825 922 861; baseline 0 -10"><span class='ocrx_word' id='word_1_113' title='bbox 127 825 205 857; x_wconf 72' lang='grc' dir='ltr'>Θεὸς,</span> <span class='ocrx_word' id='word_1_114' title='bbox 220 825 266 852; x_wconf 77' lang='grc' dir='ltr'>καὶ</span> <span class='ocrx_word' id='word_1_115' title='bbox 277 825 393 858; x_wconf 78' lang='grc' dir='ltr'>εὐζωταν</span> <span class='ocrx_word' id='word_1_116' title='bbox 405 825 479 861; x_wconf 84' lang='grc' dir='ltr'>αὐτῷ</span> <span class='ocrx_word' id='word_1_117' title='bbox 492 825 542 861; x_wconf 80' lang='grc' dir='ltr'>τὴν</span> <span class='ocrx_word' id='word_1_118' title='bbox 554 826 585 852; x_wconf 79' lang='grc' dir='ltr'>ὲν</span> <span class='ocrx_word' id='word_1_119' title='bbox 596 826 724 853; x_wconf 79' lang='grc' dir='ltr'><strong>συστάσει</strong></span> <span class='ocrx_word' id='word_1_120' title='bbox 735 825 782 852; x_wconf 75' lang='grc' dir='ltr'><strong>καὶ</strong></span> <span class='ocrx_word' id='word_1_121' title='bbox 792 825 922 861; x_wconf 82' lang='grc' dir='ltr'>είρηναίῳ</span> 
     </span>
    </p>
   </div>
   <div class='ocr_carea' id='block_1_18' title="bbox 124 865 921 907">
    <p class='ocr_par' dir='ltr' id='par_1_18' title="bbox 124 865 921 907">
     <span class='ocr_line' id='line_1_18' title="bbox 124 865 921 907; baseline 0 -9"><span class='ocrx_word' id='word_1_122' title='bbox 124 870 181 906; x_wconf 52' lang='grc' dir='ltr'>νβίῳ</span> <span class='ocrx_word' id='word_1_123' title='bbox 194 871 401 906; x_wconf 74' lang='grc' dir='ltr'>ἐπαγγέλλεται,</span> <span class='ocrx_word' id='word_1_124' title='bbox 430 871 511 898; x_wconf 76' lang='grc' dir='ltr'>αὐτόν</span> <span class='ocrx_word' id='word_1_125' title='bbox 527 880 558 898; x_wconf 77' lang='grc' dir='ltr'><strong>τε</strong></span> <span class='ocrx_word' id='word_1_126' title='bbox 573 865 641 907; x_wconf 72' lang='grc' dir='ltr'>ὁμοῦ</span> <span class='ocrx_word' id='word_1_127' title='bbox 656 872 703 898; x_wconf 75' lang='grc' dir='ltr'>καὶ</span> <span class='ocrx_word' id='word_1_128' title='bbox 721 872 766 898; x_wconf 84' lang='grc' dir='ltr'>τὸν</span> <span class='ocrx_word' id='word_1_129' title='bbox 781 872 830 898; x_wconf 81' lang='grc' dir='ltr'><strong>σὺν</strong></span> <span class='ocrx_word' id='word_1_130' title='bbox 847 871 921 907; x_wconf 85' lang='grc' dir='ltr'>αὐτῷ</span> 
     </span>
    </p>
   </div>
   <div class='ocr_carea' id='block_1_19' title="bbox 125 917 956 956">
    <p class='ocr_par' dir='ltr' id='par_1_19' title="bbox 125 917 956 956">
     <span class='ocr_line' id='line_1_19' title="bbox 125 917 956 956; baseline 0.001 -13"><span class='ocrx_word' id='word_1_131' title='bbox 125 917 192 943; x_wconf 62' lang='grc' dir='ltr'>’λαὸν</span> <span class='ocrx_word' id='word_1_132' title='bbox 220 918 266 944; x_wconf 73' lang='grc' dir='ltr'>καὶ</span> <span class='ocrx_word' id='word_1_133' title='bbox 287 917 337 952; x_wconf 83' lang='grc' dir='ltr'><strong>τὴν</strong></span> <span class='ocrx_word' id='word_1_134' title='bbox 363 917 440 944; x_wconf 83' lang='grc' dir='ltr'>πόλιν</span> <span class='ocrx_word' id='word_1_135' title='bbox 469 918 502 944; x_wconf 80' lang='grc' dir='ltr'>ὲκ</span> <span class='ocrx_word' id='word_1_136' title='bbox 525 917 575 953; x_wconf 83' lang='grc' dir='ltr'><strong>τῆς</strong></span> <span class='ocrx_word' id='word_1_137' title='bbox 601 917 654 944; x_wconf 85' lang='grc' dir='ltr'>τῶν</span> <span class='ocrx_word' id='word_1_138' title='bbox 675 917 812 953; x_wconf 82' lang='grc' dir='ltr'>πολεμίων</span> <span class='ocrx_word' id='word_1_139' title='bbox 829 917 920 953; x_wconf 78' lang='grc' dir='ltr'>χειρὸς</span> <span class='ocrx_word' id='word_1_140' title='bbox 936 929 956 956; x_wconf 74' lang='grc' dir='ltr'><strong><em>Β</em></strong></span> 
     </span>
    </p>
   </div>
   <div class='ocr_carea' id='block_1_20' title="bbox 126 964 919 1000">
    <p class='ocr_par' dir='ltr' id='par_1_20' title="bbox 126 964 919 1000">
     <span class='ocr_line' id='line_1_20' title="bbox 126 964 919 1000; baseline 0 -10"><span class='ocrx_word' id='word_1_141' title='bbox 126 964 269 996; x_wconf 73' lang='grc' dir='ltr'>διασώζειν</span> <span class='ocrx_word' id='word_1_142' title='bbox 297 964 519 999; x_wconf 77' lang='grc' dir='ltr'>ὑπισχνούμενος,</span> <span class='ocrx_word' id='word_1_143' title='bbox 550 964 663 999; x_wconf 83' lang='grc' dir='ltr'>σημεῖόν</span> <span class='ocrx_word' id='word_1_144' title='bbox 691 972 720 990; x_wconf 80' lang='grc' dir='ltr'><strong>τε</strong></span> <span class='ocrx_word' id='word_1_145' title='bbox 749 964 823 999; x_wconf 79' lang='grc' dir='ltr'>αὐτῷ</span> <span class='ocrx_word' id='word_1_146' title='bbox 848 973 919 1000; x_wconf 88' lang='grc' dir='ltr'>παρ-</span> 
     </span>
    </p>
   </div>
   <div class='ocr_carea' id='block_1_21' title="bbox 126 1009 918 1046">
    <p class='ocr_par' dir='ltr' id='par_1_21' title="bbox 126 1009 918 1046">
     <span class='ocr_line' id='line_1_21' title="bbox 126 1009 918 1046; baseline 0 -9"><span class='ocrx_word' id='word_1_147' title='bbox 126 1012 184 1046; x_wconf 75' lang='grc' dir='ltr'>εῖχε</span> <span class='ocrx_word' id='word_1_148' title='bbox 209 1011 259 1046; x_wconf 82' lang='grc' dir='ltr'><strong>τῆς</strong></span> <span class='ocrx_word' id='word_1_149' title='bbox 287 1009 341 1037; x_wconf 84' lang='grc' dir='ltr'>τῶν</span> <span class='ocrx_word' id='word_1_150' title='bbox 365 1010 518 1046; x_wconf 77' lang='grc' dir='ltr'>εἰρημένων</span> <span class='ocrx_word' id='word_1_151' title='bbox 541 1010 659 1042; x_wconf 84' lang='grc' dir='ltr'>πίστεως</span> <span class='ocrx_word' id='word_1_152' title='bbox 681 1010 714 1037; x_wconf 87' lang='grc' dir='ltr'>δι’</span> <span class='ocrx_word' id='word_1_153' title='bbox 742 1010 835 1046; x_wconf 70' lang='grc' dir='ltr'>ἑτέρου</span> <span class='ocrx_word' id='word_1_154' title='bbox 864 1019 918 1037; x_wconf 86' lang='grc' dir='ltr'><strong>πα-</strong></span> 
     </span>
    </p>
   </div>
   <div class='ocr_carea' id='block_1_22' title="bbox 125 1058 250 1094">
    <p class='ocr_par' dir='ltr' id='par_1_22' title="bbox 125 1058 250 1094">
     <span class='ocr_line' id='line_1_22' title="bbox 125 1058 250 1094; baseline 0.016 -10"><span class='ocrx_word' id='word_1_155' title='bbox 125 1058 250 1094; x_wconf 80' lang='grc' dir='ltr'>ραδόξου.</span> 
     </span>
    </p>
   </div>
   <div class='ocr_carea' id='block_1_23' title="bbox 164 1101 919 1139">
    <p class='ocr_par' dir='ltr' id='par_1_23' title="bbox 164 1101 919 1139">
     <span class='ocr_line' id='line_1_23' title="bbox 164 1101 919 1139; baseline -0.003 -9"><span class='ocrx_word' id='word_1_156' title='bbox 164 1113 174 1130; x_wconf 84' lang='grc'><em>‹</em></span> <span class='ocrx_word' id='word_1_157' title='bbox 187 1103 273 1130; x_wconf 85' lang='grc' dir='ltr'>Τοῦτο</span> <span class='ocrx_word' id='word_1_158' title='bbox 287 1103 316 1130; x_wconf 86' lang='grc' dir='ltr'><strong>δέ</strong></span> <span class='ocrx_word' id='word_1_159' title='bbox 329 1112 370 1130; x_wconf 87' lang='grc' dir='ltr'>σοι</span> <span class='ocrx_word' id='word_1_160' title='bbox 386 1103 417 1130; x_wconf 81' lang='grc' dir='ltr'><strong>τδ</strong></span> <span class='ocrx_word' id='word_1_161' title='bbox 432 1104 543 1139; x_wconf 80' lang='grc' dir='ltr'>σημεῖον</span> <span class='ocrx_word' id='word_1_162' title='bbox 560 1102 636 1139; x_wconf 77' lang='grc' dir='ltr'>παρά</span> <span class='ocrx_word' id='word_1_163' title='bbox 652 1102 767 1138; x_wconf 77' lang='grc' dir='ltr'>Κυρίου,</span> <span class='ocrx_word' id='word_1_164' title='bbox 787 1102 827 1128; x_wconf 53' lang='grc' dir='ltr'>ἂι</span> <span class='ocrx_word' id='word_1_165' title='bbox 842 1101 919 1137; x_wconf 88' lang='grc' dir='ltr'>ποιή-</span> 
     </span>
    </p>
   </div>
   <div class='ocr_carea' id='block_1_24' title="bbox 125 1147 919 1185">
    <p class='ocr_par' dir='ltr' id='par_1_24' title="bbox 125 1147 919 1185">
     <span class='ocr_line' id='line_1_24' title="bbox 125 1147 919 1185; baseline -0.003 -9"><span class='ocrx_word' id='word_1_166' title='bbox 125 1158 168 1176; x_wconf 82' lang='grc' dir='ltr'><strong>σει</strong></span> <span class='ocrx_word' id='word_1_167' title='bbox 193 1149 296 1185; x_wconf 81' lang='grc' dir='ltr'>Κύριος</span> <span class='ocrx_word' id='word_1_168' title='bbox 322 1149 354 1175; x_wconf 75' lang='grc' dir='ltr'>τὸ</span> <span class='ocrx_word' id='word_1_169' title='bbox 383 1149 458 1184; x_wconf 77' lang='grc' dir='ltr'>ῥῆμα</span> <span class='ocrx_word' id='word_1_170' title='bbox 480 1149 569 1175; x_wconf 87' lang='grc' dir='ltr'>τοῦτο.</span> <span class='ocrx_word' id='word_1_171' title='bbox 592 1149 656 1175; x_wconf 82' lang='grc' dir='ltr'>Ἰδοὺ</span> <span class='ocrx_word' id='word_1_172' title='bbox 670 1148 725 1182; x_wconf 77' lang='grc' dir='ltr'><strong>ἐγὼ</strong></span> <span class='ocrx_word' id='word_1_173' title='bbox 744 1147 853 1183; x_wconf 70' lang='grc' dir='ltr'>στρέψω</span> <span class='ocrx_word' id='word_1_174' title='bbox 870 1147 919 1184; x_wconf 77' lang='grc' dir='ltr'>τὴν</span> 
     </span>
    </p>
   </div>
   <div class='ocr_carea' id='block_1_25' title="bbox 126 1194 919 1230">
    <p class='ocr_par' dir='ltr' id='par_1_25' title="bbox 126 1194 919 1230">
     <span class='ocr_line' id='line_1_25' title="bbox 126 1194 919 1230; baseline -0.003 -8"><span class='ocrx_word' id='word_1_175' title='bbox 126 1196 206 1222; x_wconf 79' lang='grc' dir='ltr'>σκιὰν</span> <span class='ocrx_word' id='word_1_176' title='bbox 219 1196 272 1222; x_wconf 79' lang='grc' dir='ltr'>τῶν</span> <span class='ocrx_word' id='word_1_177' title='bbox 284 1194 458 1230; x_wconf 80' lang='grc' dir='ltr'>ἀναϐαθμῶν,</span> <span class='ocrx_word' id='word_1_178' title='bbox 471 1194 518 1227; x_wconf 76' lang='grc' dir='ltr'>οὓς</span> <span class='ocrx_word' id='word_1_179' title='bbox 529 1194 629 1230; x_wconf 84' lang='grc' dir='ltr'>κατέϐη</span> <span class='ocrx_word' id='word_1_180' title='bbox 643 1195 707 1226; x_wconf 83' lang='grc' dir='ltr'>τοὺς</span> <span class='ocrx_word' id='word_1_181' title='bbox 721 1197 735 1220; x_wconf 85' lang='grc' dir='ltr'>ι’</span> <span class='ocrx_word' id='word_1_182' title='bbox 744 1194 919 1230; x_wconf 76' lang='grc' dir='ltr'>ἀναϐαθμοὺς</span> 
     </span>
    </p>
   </div>
   <div class='ocr_carea' id='block_1_26' title="bbox 123 1240 918 1276">
    <p class='ocr_par' dir='ltr' id='par_1_26' title="bbox 123 1240 918 1276">
     <span class='ocr_line' id='line_1_26' title="bbox 123 1240 918 1276; baseline -0.004 -7"><span class='ocrx_word' id='word_1_183' title='bbox 123 1242 171 1269; x_wconf 82' lang='grc' dir='ltr'><strong>τοῦ</strong></span> <span class='ocrx_word' id='word_1_184' title='bbox 196 1242 270 1269; x_wconf 73' lang='grc' dir='ltr'>οἴκου</span> <span class='ocrx_word' id='word_1_185' title='bbox 290 1241 338 1269; x_wconf 83' lang='grc' dir='ltr'><strong>τοῦ</strong></span> <span class='ocrx_word' id='word_1_186' title='bbox 360 1241 462 1276; x_wconf 78' lang='grc' dir='ltr'>πατρός</span> <span class='ocrx_word' id='word_1_187' title='bbox 480 1249 526 1267; x_wconf 84' lang='grc' dir='ltr'>σου</span> <span class='ocrx_word' id='word_1_188' title='bbox 547 1241 561 1266; x_wconf 86' lang='grc' dir='ltr'><strong>ὁ</strong></span> <span class='ocrx_word' id='word_1_189' title='bbox 579 1241 664 1275; x_wconf 74' lang='grc' dir='ltr'>ἥλιος.</span> <span class='ocrx_word' id='word_1_190' title='bbox 687 1240 862 1276; x_wconf 80' lang='grc' dir='ltr'>Ἀποστρέψω</span> <span class='ocrx_word' id='word_1_191' title='bbox 872 1240 918 1267; x_wconf 82' lang='grc' dir='ltr'>τὸν</span> 
     </span>
    </p>
   </div>
   <div class='ocr_carea' id='block_1_27' title="bbox 124 1276 918 1323">
    <p class='ocr_par' dir='ltr' id='par_1_27' title="bbox 124 1276 918 1323">
     <span class='ocr_line' id='line_1_27' title="bbox 124 1276 918 1323; baseline -0.004 -9"><span class='ocrx_word' id='word_1_192' title='bbox 124 1288 200 1323; x_wconf 74' lang='grc' dir='ltr'>ἣλιον</span> <span class='ocrx_word' id='word_1_193' title='bbox 215 1288 279 1319; x_wconf 73' lang='grc' dir='ltr'>τοὺς</span> <span class='ocrx_word' id='word_1_194' title='bbox 297 1290 311 1314; x_wconf 87' lang='grc' dir='ltr'>ι’</span> <span class='ocrx_word' id='word_1_195' title='bbox 328 1286 518 1321; x_wconf 85' lang='grc' dir='ltr'>ἀναϐαθμούς·</span> <span class='ocrx_word' id='word_1_196' title='bbox 539 1286 585 1312; x_wconf 77' lang='grc' dir='ltr'>καὶ</span> <span class='ocrx_word' id='word_1_197' title='bbox 601 1286 684 1321; x_wconf 87' lang='grc' dir='ltr'>ἀνέϐη</span> <span class='ocrx_word' id='word_1_198' title='bbox 701 1286 715 1312; x_wconf 87' lang='grc' dir='ltr'><strong><em>ὁ</em></strong></span> <span class='ocrx_word' id='word_1_199' title='bbox 728 1285 804 1320; x_wconf 83' lang='grc' dir='ltr'>ἥλιος</span> <span class='ocrx_word' id='word_1_200' title='bbox 823 1285 887 1317; x_wconf 82' lang='grc' dir='ltr'>τοὺς</span> <span class='ocrx_word' id='word_1_201' title='bbox 901 1276 918 1311; x_wconf 74' lang='grc' dir='ltr'>ι’</span> 
     </span>
    </p>
   </div>
   <div class='ocr_carea' id='block_1_28' title="bbox 123 1326 918 1369">
    <p class='ocr_par' dir='ltr' id='par_1_28' title="bbox 123 1326 918 1369">
     <span class='ocr_line' id='line_1_28' title="bbox 123 1326 918 1369; baseline -0.004 -9"><span class='ocrx_word' id='word_1_202' title='bbox 123 1333 310 1369; x_wconf 73' lang='grc' dir='ltr'>ἀναϐαθμοὺς,</span> <span class='ocrx_word' id='word_1_203' title='bbox 322 1333 368 1365; x_wconf 78' lang='grc' dir='ltr'>οὓς</span> <span class='ocrx_word' id='word_1_204' title='bbox 384 1332 486 1368; x_wconf 84' lang='grc' dir='ltr'>κατέϐη</span> <span class='ocrx_word' id='word_1_205' title='bbox 499 1333 516 1367; x_wconf 79' lang='grc' dir='ltr'>ἡ</span> <span class='ocrx_word' id='word_1_206' title='bbox 533 1331 605 1358; x_wconf 85' lang='grc' dir='ltr'>σκιά.</span> <span class='ocrx_word' id='word_1_207' title='bbox 624 1341 634 1358; x_wconf 80' lang='grc'><strong><em>›</em></strong></span> <span class='ocrx_word' id='word_1_208' title='bbox 650 1331 764 1367; x_wconf 86' lang='grc' dir='ltr'>Σημεϊον</span> <span class='ocrx_word' id='word_1_209' title='bbox 774 1326 822 1366; x_wconf 82' lang='grc' dir='ltr'>μὲν</span> <span class='ocrx_word' id='word_1_210' title='bbox 830 1331 918 1367; x_wconf 81' lang='grc' dir='ltr'><strong>ὑπήρ-</strong></span> 
     </span>
    </p>
   </div>
   <div class='ocr_carea' id='block_1_29' title="bbox 123 1375 917 1416">
    <p class='ocr_par' dir='ltr' id='par_1_29' title="bbox 123 1375 917 1416">
     <span class='ocr_line' id='line_1_29' title="bbox 123 1375 917 1416; baseline -0.004 -10"><span class='ocrx_word' id='word_1_211' title='bbox 123 1388 187 1416; x_wconf 86' lang='grc' dir='ltr'>χετο</span> <span class='ocrx_word' id='word_1_212' title='bbox 209 1379 374 1415; x_wconf 80' lang='grc' dir='ltr'>θαυμαστὸν,</span> <span class='ocrx_word' id='word_1_213' title='bbox 402 1379 448 1406; x_wconf 65' lang='grc' dir='ltr'>καὶ</span> <span class='ocrx_word' id='word_1_214' title='bbox 465 1378 510 1405; x_wconf 77' lang='grc' dir='ltr'>τὸν</span> <span class='ocrx_word' id='word_1_215' title='bbox 529 1377 648 1410; x_wconf 80' lang='grc' dir='ltr'>Ἐζεκίου</span> <span class='ocrx_word' id='word_1_216' title='bbox 669 1377 724 1404; x_wconf 77' lang='grc' dir='ltr'><strong>ἀπὸ</strong></span> <span class='ocrx_word' id='word_1_217' title='bbox 744 1377 855 1413; x_wconf 83' lang='grc' dir='ltr'>δυσμῶν</span> <span class='ocrx_word' id='word_1_218' title='bbox 869 1375 917 1403; x_wconf 84' lang='grc' dir='ltr'><strong>τοῦ</strong></span> 
     </span>
    </p>
   </div>
   <div class='ocr_carea' id='block_1_30' title="bbox 123 1422 660 1461">
    <p class='ocr_par' dir='ltr' id='par_1_30' title="bbox 123 1422 660 1461">
     <span class='ocr_line' id='line_1_30' title="bbox 123 1422 660 1461; baseline -0.007 -9"><span class='ocrx_word' id='word_1_219' title='bbox 123 1426 182 1461; x_wconf 83' lang='grc' dir='ltr'>βίου</span> <span class='ocrx_word' id='word_1_220' title='bbox 199 1425 328 1461; x_wconf 84' lang='grc' dir='ltr'>δευτέραν</span> <span class='ocrx_word' id='word_1_221' title='bbox 343 1424 558 1460; x_wconf 84' lang='grc' dir='ltr'>παλινδρομῆσαι</span> <span class='ocrx_word' id='word_1_222' title='bbox 576 1422 660 1458; x_wconf 76' lang='grc' dir='ltr'>ζωήν.</span> 
     </span>
    </p>
   </div>
   <div class='ocr_carea' id='block_1_31' title="bbox 122 1487 915 1528">
    <p class='ocr_par' dir='ltr' id='par_1_31' title="bbox 122 1487 915 1528">
     <span class='ocr_line' id='line_1_31' title="bbox 122 1487 915 1528; baseline -0.006 -10"><span class='ocrx_word' id='word_1_223' title='bbox 122 1489 282 1528; x_wconf 68' lang='grc' dir='ltr'>Ιίρρσευχὴ</span> <span class='ocrx_word' id='word_1_224' title='bbox 318 1490 450 1528; x_wconf 49' lang='grc' dir='ltr'>Ἐζεκίου</span> <span class='ocrx_word' id='word_1_225' title='bbox 483 1488 637 1528; x_wconf 59' lang='grc' dir='ltr'>βαᾳινζέῳς</span> <span class='ocrx_word' id='word_1_226' title='bbox 668 1487 723 1528; x_wconf 72' lang='grc' dir='ltr'><strong>τῆς</strong></span> <span class='ocrx_word' id='word_1_227' title='bbox 755 1487 915 1528; x_wconf 57' lang='grc' dir='ltr'>’ζουδαίᾳςκ</span> 
     </span>
    </p>
   </div>
   <div class='ocr_carea' id='block_1_32' title="bbox 160 1523 916 1593">
    <p class='ocr_par' dir='ltr' id='par_1_32' title="bbox 160 1523 916 1593">
     <span class='ocr_line' id='line_1_32' title="bbox 161 1523 916 1560; baseline -0.005 -8"><span class='ocrx_word' id='word_1_228' title='bbox 161 1523 467 1560; x_wconf 63' lang='grc' dir='ltr'>ἡνίκὰἐμαλακίσθη,</span> <span class='ocrx_word' id='word_1_229' title='bbox 495 1524 543 1550; x_wconf 79' lang='grc' dir='ltr'>καὶ</span> <span class='ocrx_word' id='word_1_230' title='bbox 561 1523 674 1556; x_wconf 79' lang='grc' dir='ltr'>ἀνέστη</span> <span class='ocrx_word' id='word_1_231' title='bbox 690 1523 724 1549; x_wconf 81' lang='grc' dir='ltr'>ἐκ</span> <span class='ocrx_word' id='word_1_232' title='bbox 744 1523 800 1558; x_wconf 76' lang='grc' dir='ltr'><strong>τῆς</strong></span> <span class='ocrx_word' id='word_1_233' title='bbox 819 1525 916 1557; x_wconf 79' lang='grc' dir='ltr'>μαλα-</span> 
     </span>
     <span class='ocr_line' id='line_1_33' title="bbox 160 1560 348 1593; baseline 0 -6"><span class='ocrx_word' id='word_1_234' title='bbox 160 1561 228 1593; x_wconf 65' lang='grc' dir='ltr'>κίας</span> <span class='ocrx_word' id='word_1_235' title='bbox 244 1560 348 1588; x_wconf 83' lang='grc' dir='ltr'>αὐτοῦ.</span> 
     </span>
    </p>
   </div>
   <div class='ocr_carea' id='block_1_33' title="bbox 980 272 1773 317">
    <p class='ocr_par' dir='ltr' id='par_1_33' title="bbox 980 272 1773 317">
     <span class='ocr_line' id='line_1_34' title="bbox 980 272 1773 317; baseline 0.016 -15"><span class='ocrx_word' id='word_1_236' title='bbox 980 285 1037 304; x_wconf 88' lang='lat' dir='ltr'><strong>mas</strong></span> <span class='ocrx_word' id='word_1_237' title='bbox 1054 283 1125 304; x_wconf 91' lang='lat' dir='ltr'><strong>tuas.</strong></span> <span class='ocrx_word' id='word_1_238' title='bbox 1156 272 1226 306; x_wconf 74' lang='lat' dir='ltr'><strong>Ecce</strong></span> <span class='ocrx_word' id='word_1_239' title='bbox 1255 279 1357 314; x_wconf 84' lang='lat' dir='ltr'><strong>adjicio</strong></span> <span class='ocrx_word' id='word_1_240' title='bbox 1387 282 1421 307; x_wconf 84' lang='lat' dir='ltr'><strong>ad</strong></span> <span class='ocrx_word' id='word_1_241' title='bbox 1453 286 1559 317; x_wconf 82' lang='lat' dir='ltr'><strong>tempus</strong></span> <span class='ocrx_word' id='word_1_242' title='bbox 1586 288 1661 312; x_wconf 90' lang='lat' dir='ltr'><strong>tuum</strong></span> <span class='ocrx_word' id='word_1_243' title='bbox 1687 272 1773 315; x_wconf 66' lang='lat' dir='ltr'><strong>annos</strong></span> 
     </span>
    </p>
   </div>
   <div class='ocr_carea' id='block_1_34' title="bbox 979 322 1185 357">
    <p class='ocr_par' dir='ltr' id='par_1_34' title="bbox 979 322 1185 357">
     <span class='ocr_line' id='line_1_35' title="bbox 979 322 1185 357; baseline 0.015 -10"><span class='ocrx_word' id='word_1_244' title='bbox 979 322 1146 357; x_wconf 71' lang='lat' dir='ltr'><strong>quindecim.</strong></span> <span class='ocrx_word' id='word_1_245' title='bbox 1175 333 1185 350; x_wconf 71' lang='grc' dir='ltr'><strong><em>ι</em></strong></span> 
     </span>
    </p>
   </div>
   <div class='ocr_carea' id='block_1_35' title="bbox 1014 367 1773 409">
    <p class='ocr_par' dir='ltr' id='par_1_35' title="bbox 1014 367 1773 409">
     <span class='ocr_line' id='line_1_36' title="bbox 1014 367 1773 409; baseline 0.014 -15"><span class='ocrx_word' id='word_1_246' title='bbox 1014 367 1095 395; x_wconf 71' lang='lat' dir='ltr'><strong>Vens.</strong></span> <span class='ocrx_word' id='word_1_247' title='bbox 1108 368 1134 396; x_wconf 83' lang='lat'><strong>6.</strong></span> <span class='ocrx_word' id='word_1_248' title='bbox 1148 379 1157 395; x_wconf 72' lang='grc' dir='ltr'>ι</span> <span class='ocrx_word' id='word_1_249' title='bbox 1174 369 1207 396; x_wconf 85' lang='grc' dir='ltr'><strong>Ει</strong></span> <span class='ocrx_word' id='word_1_250' title='bbox 1222 369 1256 398; x_wconf 87' lang='lat' dir='ltr'><strong>de</strong></span> <span class='ocrx_word' id='word_1_251' title='bbox 1268 378 1350 398; x_wconf 89' lang='lat' dir='ltr'><strong>manu</strong></span> <span class='ocrx_word' id='word_1_252' title='bbox 1367 372 1439 407; x_wconf 76' lang='lat' dir='ltr'><strong>regis</strong></span> <span class='ocrx_word' id='word_1_253' title='bbox 1449 372 1622 409; x_wconf 79' lang='lat' dir='ltr'><strong>Assyriorum</strong></span> <span class='ocrx_word' id='word_1_254' title='bbox 1634 382 1730 404; x_wconf 85' lang='lat' dir='ltr'><strong>eruam</strong></span> <span class='ocrx_word' id='word_1_255' title='bbox 1746 381 1773 405; x_wconf 81' lang='lat' dir='ltr'><strong>te</strong></span> 
     </span>
    </p>
   </div>
   <div class='ocr_carea' id='block_1_36' title="bbox 977 415 1772 456">
    <p class='ocr_par' dir='ltr' id='par_1_36' title="bbox 977 415 1772 456">
     <span class='ocr_line' id='line_1_37' title="bbox 977 415 1772 456; baseline 0.01 -14"><span class='ocrx_word' id='word_1_256' title='bbox 977 419 1005 442; x_wconf 90' lang='lat' dir='ltr'><strong>et</strong></span> <span class='ocrx_word' id='word_1_257' title='bbox 1024 415 1160 442; x_wconf 88' lang='lat' dir='ltr'><strong>civitatem</strong></span> <span class='ocrx_word' id='word_1_258' title='bbox 1181 416 1262 444; x_wconf 88' lang='lat' dir='ltr'><strong>hanc.</strong></span> <span class='ocrx_word' id='word_1_259' title='bbox 1282 424 1291 442; x_wconf 74' lang='grc' dir='ltr'>ι</span> <span class='ocrx_word' id='word_1_260' title='bbox 1307 417 1375 450; x_wconf 78' lang='lat' dir='ltr'><strong>Quia</strong></span> <span class='ocrx_word' id='word_1_261' title='bbox 1392 419 1524 447; x_wconf 85' lang='lat' dir='ltr'><strong>orationis</strong></span> <span class='ocrx_word' id='word_1_262' title='bbox 1541 428 1594 447; x_wconf 90' lang='lat' dir='ltr'><strong>non</strong></span> <span class='ocrx_word' id='word_1_263' title='bbox 1619 421 1772 456; x_wconf 85' lang='lat' dir='ltr'><strong>loquacita-</strong></span> 
     </span>
    </p>
   </div>
   <div class='ocr_carea' id='block_1_37' title="bbox 978 460 1769 500">
    <p class='ocr_par' dir='ltr' id='par_1_37' title="bbox 978 460 1769 500">
     <span class='ocr_line' id='line_1_38' title="bbox 978 460 1769 500; baseline 0.009 -14"><span class='ocrx_word' id='word_1_264' title='bbox 978 465 1031 487; x_wconf 85' lang='lat' dir='ltr'><strong>tem</strong></span> <span class='ocrx_word' id='word_1_265' title='bbox 1047 460 1216 495; x_wconf 57' lang='lat' dir='ltr'><strong>praeferentis</strong></span> <span class='ocrx_word' id='word_1_266' title='bbox 1233 462 1315 490; x_wconf 85' lang='lat' dir='ltr'><strong>verba</strong></span> <span class='ocrx_word' id='word_1_267' title='bbox 1330 463 1431 491; x_wconf 86' lang='lat' dir='ltr'><strong>divinis</strong></span> <span class='ocrx_word' id='word_1_268' title='bbox 1445 464 1557 492; x_wconf 85' lang='lat' dir='ltr'><strong>auribus</strong></span> <span class='ocrx_word' id='word_1_269' title='bbox 1570 466 1650 500; x_wconf 75' lang='lat' dir='ltr'><strong>digna</strong></span> <span class='ocrx_word' id='word_1_270' title='bbox 1665 473 1744 495; x_wconf 83' lang='lat' dir='ltr'><strong>erant</strong></span> <span class='ocrx_word' id='word_1_271' title='bbox 1763 476 1769 493; x_wconf 88' lang='lat'><strong>:</strong></span> 
     </span>
    </p>
   </div>
   <div class='ocr_carea' id='block_1_38' title="bbox 977 507 1772 546">
    <p class='ocr_par' dir='ltr' id='par_1_38' title="bbox 977 507 1772 546">
     <span class='ocr_line' id='line_1_39' title="bbox 977 507 1772 546; baseline 0.011 -13"><span class='ocrx_word' id='word_1_272' title='bbox 977 512 1004 533; x_wconf 88' lang='lat' dir='ltr'><strong>ct</strong></span> <span class='ocrx_word' id='word_1_273' title='bbox 1021 508 1084 542; x_wconf 80' lang='lat' dir='ltr'><strong>quia</strong></span> <span class='ocrx_word' id='word_1_274' title='bbox 1109 507 1292 544; x_wconf 85' lang='lat' dir='ltr'><strong>Iacr&#39;ymarum</strong></span> <span class='ocrx_word' id='word_1_275' title='bbox 1318 510 1360 536; x_wconf 86' lang='lat' dir='ltr'><strong>vis</strong></span> <span class='ocrx_word' id='word_1_276' title='bbox 1380 512 1541 546; x_wconf 71' lang='lat' dir='ltr'><strong>congruenti</strong></span> <span class='ocrx_word' id='word_1_277' title='bbox 1566 516 1593 539; x_wconf 83' lang='lat' dir='ltr'><strong>et</strong></span> <span class='ocrx_word' id='word_1_278' title='bbox 1613 515 1772 542; x_wconf 81' lang='lat' dir='ltr'><strong>necessario</strong></span> 
     </span>
    </p>
   </div>
   <div class='ocr_carea' id='block_1_39' title="bbox 978 549 1770 588">
    <p class='ocr_par' dir='ltr' id='par_1_39' title="bbox 978 549 1770 588">
     <span class='ocr_line' id='line_1_40' title="bbox 978 549 1770 588; baseline 0.011 -11"><span class='ocrx_word' id='word_1_279' title='bbox 978 556 1099 586; x_wconf 87' lang='lat' dir='ltr'><strong>tempore</strong></span> <span class='ocrx_word' id='word_1_280' title='bbox 1130 553 1245 584; x_wconf 84' lang='lat' dir='ltr'><strong>emissa,</strong></span> <span class='ocrx_word' id='word_1_281' title='bbox 1276 554 1453 588; x_wconf 82' lang='lat' dir='ltr'><strong>inspectionis</strong></span> <span class='ocrx_word' id='word_1_282' title='bbox 1483 549 1580 584; x_wconf 71' lang='lat' dir='ltr'><strong>divina:</strong></span> <span class='ocrx_word' id='word_1_283' title='bbox 1607 557 1700 586; x_wconf 86' lang='lat' dir='ltr'><strong>oculos</strong></span> <span class='ocrx_word' id='word_1_284' title='bbox 1735 561 1770 586; x_wconf 89' lang='lat' dir='ltr'><strong>ad</strong></span> 
     </span>
    </p>
   </div>
   <div class='ocr_carea' id='block_1_40' title="bbox 976 594 1770 635">
    <p class='ocr_par' dir='ltr' id='par_1_40' title="bbox 976 594 1770 635">
     <span class='ocr_line' id='line_1_41' title="bbox 976 594 1770 635; baseline 0.011 -13"><span class='ocrx_word' id='word_1_285' title='bbox 976 596 1064 630; x_wconf 80' lang='lat' dir='ltr'><strong>ipsum</strong></span> <span class='ocrx_word' id='word_1_286' title='bbox 1077 594 1222 630; x_wconf 81' lang='lat' dir='ltr'><strong>alliciebat,</strong></span> <span class='ocrx_word' id='word_1_287' title='bbox 1236 599 1296 625; x_wconf 87' lang='lat' dir='ltr'><strong>ideo</strong></span> <span class='ocrx_word' id='word_1_288' title='bbox 1312 596 1383 627; x_wconf 77' lang='lat' dir='ltr'><strong>Deus</strong></span> <span class='ocrx_word' id='word_1_289' title='bbox 1396 600 1445 635; x_wconf 85' lang='lat' dir='ltr'><strong>ipsi</strong></span> <span class='ocrx_word' id='word_1_290' title='bbox 1460 602 1568 634; x_wconf 85' lang='lat' dir='ltr'><strong>annuit,</strong></span> <span class='ocrx_word' id='word_1_291' title='bbox 1583 604 1770 631; x_wconf 79' lang='lat' dir='ltr'><strong>accessionem</strong></span> 
     </span>
    </p>
   </div>
   <div class='ocr_carea' id='block_1_41' title="bbox 977 643 1771 681">
    <p class='ocr_par' dir='ltr' id='par_1_41' title="bbox 977 643 1771 681">
     <span class='ocr_line' id='line_1_42' title="bbox 977 643 1771 681; baseline 0.011 -12"><span class='ocrx_word' id='word_1_292' title='bbox 977 643 1038 670; x_wconf 68' lang='lat' dir='ltr'><strong>vitae</strong></span> <span class='ocrx_word' id='word_1_293' title='bbox 1056 645 1221 677; x_wconf 80' lang='lat' dir='ltr'><strong>concedens,</strong></span> <span class='ocrx_word' id='word_1_294' title='bbox 1238 653 1376 680; x_wconf 84' lang='lat' dir='ltr'><strong>opereque</strong></span> <span class='ocrx_word' id='word_1_295' title='bbox 1398 647 1553 681; x_wconf 75' lang='lat' dir='ltr'><strong>declarans,</strong></span> <span class='ocrx_word' id='word_1_296' title='bbox 1575 657 1627 676; x_wconf 90' lang='lat' dir='ltr'><strong>non</strong></span> <span class='ocrx_word' id='word_1_297' title='bbox 1648 657 1679 677; x_wconf 85' lang='lat' dir='ltr'><strong>ex</strong></span> <span class='ocrx_word' id='word_1_298' title='bbox 1697 650 1771 678; x_wconf 82' lang='lat' dir='ltr'><strong>inor-</strong></span> 
     </span>
    </p>
   </div>
   <div class='ocr_carea' id='block_1_42' title="bbox 975 688 1769 730">
    <p class='ocr_par' dir='ltr' id='par_1_42' title="bbox 975 688 1769 730">
     <span class='ocr_line' id='line_1_43' title="bbox 975 688 1769 730; baseline 0.013 -16"><span class='ocrx_word' id='word_1_299' title='bbox 975 688 1065 715; x_wconf 82' lang='lat' dir='ltr'><strong>dinata</strong></span> <span class='ocrx_word' id='word_1_300' title='bbox 1080 695 1184 716; x_wconf 66' lang='lat' dir='ltr'><strong>natura:</strong></span> <span class='ocrx_word' id='word_1_301' title='bbox 1197 691 1266 725; x_wconf 82' lang='lat' dir='ltr'><strong>lege,</strong></span> <span class='ocrx_word' id='word_1_302' title='bbox 1283 699 1371 726; x_wconf 85' lang='lat' dir='ltr'><strong>neque</strong></span> <span class='ocrx_word' id='word_1_303' title='bbox 1382 698 1413 719; x_wconf 79' lang='lat' dir='ltr'><strong>ex</strong></span> <span class='ocrx_word' id='word_1_304' title='bbox 1429 693 1578 722; x_wconf 81' lang='lat' dir='ltr'><strong>iucvitabili</strong></span> <span class='ocrx_word' id='word_1_305' title='bbox 1594 697 1769 730; x_wconf 84' lang='lat' dir='ltr'><strong>necessitate,</strong></span> 
     </span>
    </p>
   </div>
   <div class='ocr_carea' id='block_1_43' title="bbox 975 734 1769 769">
    <p class='ocr_par' dir='ltr' id='par_1_43' title="bbox 975 734 1769 769">
     <span class='ocr_line' id='line_1_44' title="bbox 975 734 1769 769; baseline 0.014 -10"><span class='ocrx_word' id='word_1_306' title='bbox 975 735 1088 760; x_wconf 73' lang='lat' dir='ltr'><strong>mortem</strong></span> <span class='ocrx_word' id='word_1_307' title='bbox 1104 734 1260 762; x_wconf 85' lang='lat' dir='ltr'><strong>hominibus</strong></span> <span class='ocrx_word' id='word_1_308' title='bbox 1275 736 1441 764; x_wconf 67' lang='lat' dir='ltr'><strong>destinatam</strong></span> <span class='ocrx_word' id='word_1_309' title='bbox 1458 745 1526 766; x_wconf 86' lang='lat' dir='ltr'><strong>esse.</strong></span> <span class='ocrx_word' id='word_1_310' title='bbox 1548 740 1606 767; x_wconf 89' lang='lat' dir='ltr'><strong>Non</strong></span> <span class='ocrx_word' id='word_1_311' title='bbox 1620 742 1698 769; x_wconf 85' lang='lat' dir='ltr'><strong>modo</strong></span> <span class='ocrx_word' id='word_1_312' title='bbox 1721 751 1769 769; x_wconf 87' lang='lat' dir='ltr'><strong>au-</strong></span> 
     </span>
    </p>
   </div>
   <div class='ocr_carea' id='block_1_44' title="bbox 975 780 1770 821">
    <p class='ocr_par' dir='ltr' id='par_1_44' title="bbox 975 780 1770 821">
     <span class='ocr_line' id='line_1_45' title="bbox 975 780 1770 821; baseline 0.014 -18"><span class='ocrx_word' id='word_1_313' title='bbox 975 782 1029 804; x_wconf 91' lang='lat' dir='ltr'><strong>tem</strong></span> <span class='ocrx_word' id='word_1_314' title='bbox 1045 786 1132 805; x_wconf 85' lang='lat' dir='ltr'><strong>annus</strong></span> <span class='ocrx_word' id='word_1_315' title='bbox 1154 780 1226 812; x_wconf 67' lang='lat' dir='ltr'><strong>vitm,</strong></span> <span class='ocrx_word' id='word_1_316' title='bbox 1252 781 1300 808; x_wconf 85' lang='lat' dir='ltr'><strong>sed</strong></span> <span class='ocrx_word' id='word_1_317' title='bbox 1315 782 1396 809; x_wconf 80' lang='lat' dir='ltr'><strong>etiam</strong></span> <span class='ocrx_word' id='word_1_318' title='bbox 1413 790 1445 810; x_wconf 77' lang='lat' dir='ltr'><strong>ex</strong></span> <span class='ocrx_word' id='word_1_319' title='bbox 1463 784 1662 819; x_wconf 82' lang='lat' dir='ltr'><strong>qunilicentia,</strong></span> <span class='ocrx_word' id='word_1_320' title='bbox 1678 792 1770 821; x_wconf 88' lang='lat' dir='ltr'><strong>utpote</strong></span> 
     </span>
    </p>
   </div>
   <div class='ocr_carea' id='block_1_45' title="bbox 973 822 1767 865">
    <p class='ocr_par' dir='ltr' id='par_1_45' title="bbox 973 822 1767 865">
     <span class='ocr_line' id='line_1_46' title="bbox 973 822 1767 865; baseline 0.014 -17"><span class='ocrx_word' id='word_1_321' title='bbox 973 822 1055 855; x_wconf 85' lang='lat' dir='ltr'><strong>Deus,</strong></span> <span class='ocrx_word' id='word_1_322' title='bbox 1070 825 1242 857; x_wconf 83' lang='lat' dir='ltr'><strong>tranquillam</strong></span> <span class='ocrx_word' id='word_1_323' title='bbox 1258 824 1310 860; x_wconf 85' lang='lat' dir='ltr'><strong>ipsi</strong></span> <span class='ocrx_word' id='word_1_324' title='bbox 1337 824 1364 853; x_wconf 85' lang='lat' dir='ltr'><strong>et</strong></span> <span class='ocrx_word' id='word_1_325' title='bbox 1380 831 1503 861; x_wconf 81' lang='lat' dir='ltr'><strong>pacatam</strong></span> <span class='ocrx_word' id='word_1_326' title='bbox 1515 830 1598 856; x_wconf 85' lang='lat' dir='ltr'><strong>vitam</strong></span> <span class='ocrx_word' id='word_1_327' title='bbox 1614 824 1767 865; x_wconf 71' lang='lat' dir='ltr'><strong>pollicetur,</strong></span> 
     </span>
    </p>
   </div>
   <div class='ocr_carea' id='block_1_46' title="bbox 973 869 1768 908">
    <p class='ocr_par' dir='ltr' id='par_1_46' title="bbox 973 869 1768 908">
     <span class='ocr_line' id='line_1_47' title="bbox 973 869 1768 908; baseline 0.011 -12"><span class='ocrx_word' id='word_1_328' title='bbox 973 875 1004 896; x_wconf 82' lang='lat' dir='ltr'><strong>ac</strong></span> <span class='ocrx_word' id='word_1_329' title='bbox 1020 873 1074 896; x_wconf 90' lang='lat' dir='ltr'><strong>tum</strong></span> <span class='ocrx_word' id='word_1_330' title='bbox 1092 869 1192 904; x_wconf 81' lang='lat' dir='ltr'><strong>ipsum,</strong></span> <span class='ocrx_word' id='word_1_331' title='bbox 1212 875 1268 898; x_wconf 89' lang='lat' dir='ltr'><strong>tum</strong></span> <span class='ocrx_word' id='word_1_332' title='bbox 1297 872 1424 906; x_wconf 92' lang='lat' dir='ltr'><strong>populum</strong></span> <span class='ocrx_word' id='word_1_333' title='bbox 1450 874 1508 908; x_wconf 89' lang='lat' dir='ltr'><strong>cjus</strong></span> <span class='ocrx_word' id='word_1_334' title='bbox 1526 880 1554 902; x_wconf 90' lang='lat' dir='ltr'><strong>et</strong></span> <span class='ocrx_word' id='word_1_335' title='bbox 1577 875 1717 904; x_wconf 83' lang='lat' dir='ltr'><strong>civitatem</strong></span> <span class='ocrx_word' id='word_1_336' title='bbox 1735 878 1768 905; x_wconf 87' lang='lat' dir='ltr'><strong>de</strong></span> 
     </span>
    </p>
   </div>
   <div class='ocr_carea' id='block_1_47' title="bbox 975 917 1767 957">
    <p class='ocr_par' dir='ltr' id='par_1_47' title="bbox 975 917 1767 957">
     <span class='ocr_line' id='line_1_48' title="bbox 975 917 1767 957; baseline 0.013 -15"><span class='ocrx_word' id='word_1_337' title='bbox 975 917 1290 957; x_wconf 77' lang='lat' dir='ltr'><strong>manibusiuimicorUm</strong></span> <span class='ocrx_word' id='word_1_338' title='bbox 1317 924 1473 954; x_wconf 80' lang='lat' dir='ltr'><strong>erepturum</strong></span> <span class='ocrx_word' id='word_1_339' title='bbox 1500 929 1529 947; x_wconf 89' lang='lat' dir='ltr'><strong>se</strong></span> <span class='ocrx_word' id='word_1_340' title='bbox 1545 923 1680 956; x_wconf 89' lang='lat' dir='ltr'><strong>promittit</strong></span> <span class='ocrx_word' id='word_1_341' title='bbox 1703 925 1711 951; x_wconf 78' lang='lat'><strong>:‘</strong></span> <span class='ocrx_word' id='word_1_342' title='bbox 1736 930 1767 952; x_wconf 81' lang='lat' dir='ltr'><strong>ut</strong></span> 
     </span>
    </p>
   </div>
   <div class='ocr_carea' id='block_1_48' title="bbox 971 956 1767 1005">
    <p class='ocr_par' dir='ltr' id='par_1_48' title="bbox 971 956 1767 1005">
     <span class='ocr_line' id='line_1_49' title="bbox 971 956 1767 1005; baseline 0.013 -17"><span class='ocrx_word' id='word_1_343' title='bbox 971 969 1034 988; x_wconf 83' lang='lat' dir='ltr'><strong>vero</strong></span> <span class='ocrx_word' id='word_1_344' title='bbox 1044 962 1125 989; x_wconf 90' lang='lat' dir='ltr'><strong>dictis</strong></span> <span class='ocrx_word' id='word_1_345' title='bbox 1143 956 1222 990; x_wconf 83' lang='lat' dir='ltr'><strong>ﬁdem</strong></span> <span class='ocrx_word' id='word_1_346' title='bbox 1239 963 1362 997; x_wconf 80' lang='lat' dir='ltr'><strong>adderet,</strong></span> <span class='ocrx_word' id='word_1_347' title='bbox 1380 965 1487 1000; x_wconf 77' lang='lat' dir='ltr'><strong>signum</strong></span> <span class='ocrx_word' id='word_1_348' title='bbox 1500 966 1612 996; x_wconf 72' lang='lat' dir='ltr'><strong>alterius</strong></span> <span class='ocrx_word' id='word_1_349' title='bbox 1625 970 1767 1005; x_wconf 77' lang='lat' dir='ltr'><strong>stupenda:</strong></span> 
     </span>
    </p>
   </div>
   <div class='ocr_carea' id='block_1_49' title="bbox 970 1008 1240 1042">
    <p class='ocr_par' dir='ltr' id='par_1_49' title="bbox 970 1008 1240 1042">
     <span class='ocr_line' id='line_1_50' title="bbox 970 1008 1240 1042; baseline 0.004 -8"><span class='ocrx_word' id='word_1_350' title='bbox 970 1008 1009 1035; x_wconf 87' lang='lat' dir='ltr'><strong>rei</strong></span> <span class='ocrx_word' id='word_1_351' title='bbox 1031 1009 1080 1042; x_wconf 83' lang='lat' dir='ltr'><strong>ipsi</strong></span> <span class='ocrx_word' id='word_1_352' title='bbox 1101 1009 1240 1042; x_wconf 64' lang='lat' dir='ltr'><strong>praestitit.</strong></span> 
     </span>
    </p>
   </div>
   <div class='ocr_carea' id='block_1_50' title="bbox 1006 1093 1762 1137">
    <p class='ocr_par' dir='ltr' id='par_1_50' title="bbox 1006 1093 1762 1137">
     <span class='ocr_line' id='line_1_51' title="bbox 1006 1093 1762 1137; baseline 0.008 -11"><span class='ocrx_word' id='word_1_353' title='bbox 1006 1099 1087 1127; x_wconf 75' lang='lat' dir='ltr'><strong>Vsus.</strong></span> <span class='ocrx_word' id='word_1_354' title='bbox 1107 1101 1134 1131; x_wconf 85' lang='lat'><strong>7,</strong></span> <span class='ocrx_word' id='word_1_355' title='bbox 1151 1099 1178 1127; x_wconf 82' lang='lat'><strong>8.</strong></span> <span class='ocrx_word' id='word_1_356' title='bbox 1201 1110 1209 1124; x_wconf 76' lang='grc' dir='ltr'><strong>ι</strong></span> <span class='ocrx_word' id='word_1_357' title='bbox 1236 1093 1292 1127; x_wconf 89' lang='lat' dir='ltr'><strong>lloc</strong></span> <span class='ocrx_word' id='word_1_358' title='bbox 1306 1105 1396 1128; x_wconf 91' lang='lat' dir='ltr'><strong>autem</strong></span> <span class='ocrx_word' id='word_1_359' title='bbox 1418 1094 1465 1128; x_wconf 77' lang='lat' dir='ltr'><strong>tibi</strong></span> <span class='ocrx_word' id='word_1_360' title='bbox 1479 1102 1586 1137; x_wconf 83' lang='lat' dir='ltr'><strong>signum</strong></span> <span class='ocrx_word' id='word_1_361' title='bbox 1603 1103 1617 1130; x_wconf 80' lang='lat' dir='ltr'><strong>a</strong></span> <span class='ocrx_word' id='word_1_362' title='bbox 1637 1097 1762 1137; x_wconf 68' lang='lat' dir='ltr'><strong>Domit-0.</strong></span> 
     </span>
    </p>
   </div>
   <div class='ocr_carea' id='block_1_51' title="bbox 969 1139 1765 1181">
    <p class='ocr_par' dir='ltr' id='par_1_51' title="bbox 969 1139 1765 1181">
     <span class='ocr_line' id='line_1_52' title="bbox 969 1139 1765 1181; baseline 0.009 -9"><span class='ocrx_word' id='word_1_363' title='bbox 969 1146 1096 1181; x_wconf 83' lang='lat' dir='ltr'><strong>quoniam</strong></span> <span class='ocrx_word' id='word_1_364' title='bbox 1115 1146 1237 1173; x_wconf 78' lang='lat' dir='ltr'><strong>facturus</strong></span> <span class='ocrx_word' id='word_1_365' title='bbox 1255 1150 1297 1174; x_wconf 86' lang='lat' dir='ltr'><strong>est</strong></span> <span class='ocrx_word' id='word_1_366' title='bbox 1313 1139 1442 1174; x_wconf 82' lang='lat' dir='ltr'><strong>Dominus</strong></span> <span class='ocrx_word' id='word_1_367' title='bbox 1458 1149 1569 1175; x_wconf 83' lang='lat' dir='ltr'><strong>verbum</strong></span> <span class='ocrx_word' id='word_1_368' title='bbox 1586 1149 1668 1177; x_wconf 89' lang='lat' dir='ltr'><strong>istud.</strong></span> <span class='ocrx_word' id='word_1_369' title='bbox 1694 1150 1765 1179; x_wconf 78' lang='lat' dir='ltr'><strong>Ecce</strong></span> 
     </span>
    </p>
   </div>
   <div class='ocr_carea' id='block_1_52' title="bbox 968 1192 1764 1228">
    <p class='ocr_par' dir='ltr' id='par_1_52' title="bbox 968 1192 1764 1228">
     <span class='ocr_line' id='line_1_53' title="bbox 968 1192 1764 1228; baseline 0.009 -11"><span class='ocrx_word' id='word_1_370' title='bbox 968 1199 1019 1226; x_wconf 81' lang='lat' dir='ltr'><strong>ego</strong></span> <span class='ocrx_word' id='word_1_371' title='bbox 1032 1196 1135 1219; x_wconf 78' lang='lat' dir='ltr'><strong>vertam</strong></span> <span class='ocrx_word' id='word_1_372' title='bbox 1157 1192 1281 1219; x_wconf 85' lang='lat' dir='ltr'><strong>umbram</strong></span> <span class='ocrx_word' id='word_1_373' title='bbox 1307 1193 1455 1228; x_wconf 72' lang='lat' dir='ltr'><strong>graduum,</strong></span> <span class='ocrx_word' id='word_1_374' title='bbox 1476 1201 1545 1228; x_wconf 89' lang='lat' dir='ltr'><strong>quos</strong></span> <span class='ocrx_word' id='word_1_375' title='bbox 1571 1197 1697 1223; x_wconf 72' lang='lat' dir='ltr'><strong>ascendit</strong></span> <span class='ocrx_word' id='word_1_376' title='bbox 1723 1197 1764 1224; x_wconf 90' lang='lat' dir='ltr'><strong>sol</strong></span> 
     </span>
    </p>
   </div>
   <div class='ocr_carea' id='block_1_53' title="bbox 968 1237 1763 1273">
    <p class='ocr_par' dir='ltr' id='par_1_53' title="bbox 968 1237 1763 1273">
     <span class='ocr_line' id='line_1_54' title="bbox 968 1237 1763 1273; baseline 0.005 -8"><span class='ocrx_word' id='word_1_377' title='bbox 968 1237 1060 1265; x_wconf 85' lang='lat' dir='ltr'><strong>decem</strong></span> <span class='ocrx_word' id='word_1_378' title='bbox 1079 1238 1208 1272; x_wconf 79' lang='lat' dir='ltr'><strong>gradibus</strong></span> <span class='ocrx_word' id='word_1_379' title='bbox 1227 1238 1323 1266; x_wconf 91' lang='lat' dir='ltr'><strong>domus</strong></span> <span class='ocrx_word' id='word_1_380' title='bbox 1346 1239 1429 1273; x_wconf 87' lang='lat' dir='ltr'><strong>patris</strong></span> <span class='ocrx_word' id='word_1_381' title='bbox 1458 1240 1506 1266; x_wconf 74' lang='lat' dir='ltr'><strong>t’ui.</strong></span> <span class='ocrx_word' id='word_1_382' title='bbox 1534 1240 1662 1268; x_wconf 87' lang='lat' dir='ltr'><strong>Avertam</strong></span> <span class='ocrx_word' id='word_1_383' title='bbox 1679 1242 1763 1270; x_wconf 85' lang='lat' dir='ltr'><strong>solem</strong></span> 
     </span>
    </p>
   </div>
   <div class='ocr_carea' id='block_1_54' title="bbox 968 1284 1761 1323">
    <p class='ocr_par' dir='ltr' id='par_1_54' title="bbox 968 1284 1761 1323">
     <span class='ocr_line' id='line_1_55' title="bbox 968 1284 1761 1323; baseline 0.005 -12"><span class='ocrx_word' id='word_1_384' title='bbox 968 1284 1060 1311; x_wconf 81' lang='lat' dir='ltr'><strong>de&#39;cem</strong></span> <span class='ocrx_word' id='word_1_385' title='bbox 1085 1285 1217 1319; x_wconf 78' lang='lat' dir='ltr'><strong>gradibus</strong></span> <span class='ocrx_word' id='word_1_386' title='bbox 1231 1294 1238 1311; x_wconf 87' lang='lat'>:</span> <span class='ocrx_word' id='word_1_387' title='bbox 1254 1289 1281 1311; x_wconf 90' lang='lat' dir='ltr'><strong>et</strong></span> <span class='ocrx_word' id='word_1_388' title='bbox 1308 1285 1434 1312; x_wconf 77' lang='lat' dir='ltr'><strong>ascendit</strong></span> <span class='ocrx_word' id='word_1_389' title='bbox 1449 1285 1488 1313; x_wconf 90' lang='lat' dir='ltr'><strong>sol</strong></span> <span class='ocrx_word' id='word_1_390' title='bbox 1503 1287 1596 1314; x_wconf 84' lang='lat' dir='ltr'><strong>decem</strong></span> <span class='ocrx_word' id='word_1_391' title='bbox 1619 1288 1761 1323; x_wconf 73' lang='lat' dir='ltr'><strong>gradibus,</strong></span> 
     </span>
    </p>
   </div>
   <div class='ocr_carea' id='block_1_55' title="bbox 967 1330 1762 1369">
    <p class='ocr_par' dir='ltr' id='par_1_55' title="bbox 967 1330 1762 1369">
     <span class='ocr_line' id='line_1_56' title="bbox 967 1330 1762 1369; baseline 0.008 -13"><span class='ocrx_word' id='word_1_392' title='bbox 967 1331 1066 1365; x_wconf 85' lang='lat' dir='ltr'><strong>quibus</strong></span> <span class='ocrx_word' id='word_1_393' title='bbox 1091 1330 1233 1358; x_wconf 87' lang='lat' dir='ltr'><strong>descendit</strong></span> <span class='ocrx_word' id='word_1_394' title='bbox 1260 1331 1367 1358; x_wconf 80' lang='lat' dir='ltr'><strong>umbra.</strong></span> <span class='ocrx_word' id='word_1_395' title='bbox 1397 1341 1406 1357; x_wconf 72' lang='grc' dir='ltr'>ι</span> <span class='ocrx_word' id='word_1_396' title='bbox 1441 1332 1473 1358; x_wconf 83' lang='lat' dir='ltr'><strong>Et</strong></span> <span class='ocrx_word' id='word_1_397' title='bbox 1510 1333 1618 1367; x_wconf 77' lang='lat' dir='ltr'><strong>signum</strong></span> <span class='ocrx_word' id='word_1_398' title='bbox 1651 1334 1762 1369; x_wconf 80' lang='lat' dir='ltr'><strong>quidem</strong></span> 
     </span>
    </p>
   </div>
   <div class='ocr_carea' id='block_1_56' title="bbox 968 1376 1763 1412">
    <p class='ocr_par' dir='ltr' id='par_1_56' title="bbox 968 1376 1763 1412">
     <span class='ocr_line' id='line_1_57' title="bbox 968 1376 1763 1412; baseline 0.008 -9"><span class='ocrx_word' id='word_1_399' title='bbox 968 1376 1033 1403; x_wconf 83' lang='lat' dir='ltr'><strong>illud</strong></span> <span class='ocrx_word' id='word_1_400' title='bbox 1046 1376 1126 1403; x_wconf 83' lang='lat' dir='ltr'><strong>etiam</strong></span> <span class='ocrx_word' id='word_1_401' title='bbox 1143 1377 1304 1404; x_wconf 81' lang='lat' dir='ltr'><strong>admirabile</strong></span> <span class='ocrx_word' id='word_1_402' title='bbox 1316 1381 1386 1410; x_wconf 89' lang='lat' dir='ltr'><strong>erat,</strong></span> <span class='ocrx_word' id='word_1_403' title='bbox 1413 1378 1483 1412; x_wconf 87' lang='lat' dir='ltr'><strong>quod</strong></span> <span class='ocrx_word' id='word_1_404' title='bbox 1507 1378 1639 1407; x_wconf 80' lang='lat' dir='ltr'><strong>Ezechias</strong></span> <span class='ocrx_word' id='word_1_405' title='bbox 1663 1381 1699 1408; x_wconf 77' lang='lat' dir='ltr'><strong>ab</strong></span> <span class='ocrx_word' id='word_1_406' title='bbox 1715 1387 1763 1409; x_wconf 80' lang='lat' dir='ltr'><strong>oc-</strong></span> 
     </span>
    </p>
   </div>
   <div class='ocr_carea' id='block_1_57' title="bbox 967 1423 1552 1459">
    <p class='ocr_par' dir='ltr' id='par_1_57' title="bbox 967 1423 1552 1459">
     <span class='ocr_line' id='line_1_58' title="bbox 967 1423 1552 1459; baseline 0.007 -11"><span class='ocrx_word' id='word_1_407' title='bbox 967 1430 1030 1449; x_wconf 84' lang='lat' dir='ltr'><strong>casu</strong></span> <span class='ocrx_word' id='word_1_408' title='bbox 1043 1423 1105 1449; x_wconf 72' lang='lat' dir='ltr'><strong>vitm</strong></span> <span class='ocrx_word' id='word_1_409' title='bbox 1124 1423 1156 1449; x_wconf 85' lang='lat' dir='ltr'><strong>ad</strong></span> <span class='ocrx_word' id='word_1_410' title='bbox 1174 1423 1255 1450; x_wconf 80' lang='lat' dir='ltr'><strong>aliam</strong></span> <span class='ocrx_word' id='word_1_411' title='bbox 1274 1423 1358 1450; x_wconf 85' lang='lat' dir='ltr'><strong>vitam</strong></span> <span class='ocrx_word' id='word_1_412' title='bbox 1379 1425 1552 1459; x_wconf 70' lang='lat' dir='ltr'><strong>remigraret.</strong></span> 
     </span>
    </p>
   </div>
   <div class='ocr_carea' id='block_1_58' title="bbox 968 1489 1759 1532">
    <p class='ocr_par' dir='ltr' id='par_1_58' title="bbox 968 1489 1759 1532">
     <span class='ocr_line' id='line_1_59' title="bbox 968 1489 1759 1532; baseline 0.008 -15"><span class='ocrx_word' id='word_1_413' title='bbox 968 1489 1052 1518; x_wconf 72' lang='lat' dir='ltr'><strong>Vsus.</strong></span> <span class='ocrx_word' id='word_1_414' title='bbox 1072 1491 1098 1518; x_wconf 88' lang='lat'><strong>9.</strong></span> <span class='ocrx_word' id='word_1_415' title='bbox 1120 1491 1213 1532; x_wconf 66' lang='lat' dir='ltr'><strong>Oratio</strong></span> <span class='ocrx_word' id='word_1_416' title='bbox 1227 1491 1348 1519; x_wconf 66' lang='lat' dir='ltr'><strong>Ezecliia&#39;</strong></span> <span class='ocrx_word' id='word_1_417' title='bbox 1362 1493 1427 1532; x_wconf 66' lang='lat' dir='ltr'><strong>regis</strong></span> <span class='ocrx_word' id='word_1_418' title='bbox 1441 1492 1555 1532; x_wconf 57' lang='lat' dir='ltr'><strong>ludicre,</strong></span> <span class='ocrx_word' id='word_1_419' title='bbox 1574 1503 1632 1521; x_wconf 75' lang='lat' dir='ltr'><strong>cum</strong></span> <span class='ocrx_word' id='word_1_420' title='bbox 1645 1502 1759 1531; x_wconf 72' lang='lat' dir='ltr'><strong>(ngrata—</strong></span> 
     </span>
    </p>
   </div>
   <div class='ocr_carea' id='block_1_59' title="bbox 1169 1528 1553 1556">
    <p class='ocr_par' dir='ltr' id='par_1_59' title="bbox 1169 1528 1553 1556">
     <span class='ocr_line' id='line_1_60' title="bbox 1169 1528 1553 1556; baseline 0.008 -3"><span class='ocrx_word' id='word_1_421' title='bbox 1169 1528 1204 1553; x_wconf 74' lang='grc' dir='ltr'>νη</span> <span class='ocrx_word' id='word_1_422' title='bbox 1219 1532 1244 1554; x_wconf 78' lang='grc' dir='ltr'><strong>ει</strong></span> <span class='ocrx_word' id='word_1_423' title='bbox 1260 1535 1292 1554; x_wconf 78' lang='lat' dir='ltr'><strong>ea:</strong></span> <span class='ocrx_word' id='word_1_424' title='bbox 1306 1528 1396 1554; x_wconf 85' lang='lat' dir='ltr'><strong>morbo</strong></span> <span class='ocrx_word' id='word_1_425' title='bbox 1410 1528 1553 1556; x_wconf 78' lang='lat' dir='ltr'><strong>convaluit.</strong></span> 
     </span>
    </p>
   </div>
   <div class='ocr_carea' id='block_1_60' title="bbox 160 1602 924 1652">
    <p class='ocr_par' dir='ltr' id='par_1_60' title="bbox 160 1602 913 1652">
     <span class='ocr_line' id='line_1_61' title="bbox 160 1602 913 1652; baseline -0.001 -9"><span class='ocrx_word' id='word_1_426' title='bbox 160 1626 170 1643; x_wconf 71' lang='grc' dir='ltr'>ι</span> <span class='ocrx_word' id='word_1_427' title='bbox 191 1617 261 1652; x_wconf 84' lang='grc' dir='ltr'><strong>Ἐγὼ</strong></span> <span class='ocrx_word' id='word_1_428' title='bbox 272 1615 336 1643; x_wconf 87' lang='grc' dir='ltr'>εῐπα</span> <span class='ocrx_word' id='word_1_429' title='bbox 350 1617 379 1643; x_wconf 83' lang='grc' dir='ltr'>ὲν</span> <span class='ocrx_word' id='word_1_430' title='bbox 391 1615 429 1651; x_wconf 83' lang='grc' dir='ltr'>τῷ</span> <span class='ocrx_word' id='word_1_431' title='bbox 444 1616 505 1651; x_wconf 74' lang='grc' dir='ltr'>ὕψει</span> <span class='ocrx_word' id='word_1_432' title='bbox 515 1616 569 1643; x_wconf 85' lang='grc' dir='ltr'><strong>τῶν</strong></span> <span class='ocrx_word' id='word_1_433' title='bbox 581 1602 692 1652; x_wconf 69' lang='grc' dir='ltr'>ἡμερῶν</span> <span class='ocrx_word' id='word_1_434' title='bbox 705 1624 765 1651; x_wconf 88' lang='grc' dir='ltr'>μου·</span> <span class='ocrx_word' id='word_1_435' title='bbox 781 1615 913 1652; x_wconf 83' lang='grc' dir='ltr'>Πορεύσο-</span> 
     </span>
    </p>
   </div>
   <div class='ocr_carea' id='block_1_61' title="bbox 966 1602 1757 1652">
    <p class='ocr_par' dir='ltr' id='par_1_61' title="bbox 1003 1615 1757 1652">
     <span class='ocr_line' id='line_1_62' title="bbox 1003 1615 1757 1652; baseline 0.008 -10"><span class='ocrx_word' id='word_1_436' title='bbox 1003 1615 1083 1643; x_wconf 77' lang='lat' dir='ltr'><strong>Vsus.</strong></span> <span class='ocrx_word' id='word_1_437' title='bbox 1103 1617 1145 1643; x_wconf 85' lang='lat' dir='ltr'><strong>IO.</strong></span> <span class='ocrx_word' id='word_1_438' title='bbox 1165 1625 1173 1642; x_wconf 81' lang='grc' dir='ltr'>ι</span> <span class='ocrx_word' id='word_1_439' title='bbox 1191 1617 1248 1652; x_wconf 81' lang='lat' dir='ltr'><strong>Ego</strong></span> <span class='ocrx_word' id='word_1_440' title='bbox 1263 1618 1317 1644; x_wconf 81' lang='lat' dir='ltr'><strong>dixi</strong></span> <span class='ocrx_word' id='word_1_441' title='bbox 1333 1618 1359 1644; x_wconf 90' lang='lat' dir='ltr'><strong>in</strong></span> <span class='ocrx_word' id='word_1_442' title='bbox 1373 1618 1479 1646; x_wconf 84' lang='lat' dir='ltr'><strong>excelso</strong></span> <span class='ocrx_word' id='word_1_443' title='bbox 1490 1618 1595 1647; x_wconf 91' lang='lat' dir='ltr'><strong>dierum</strong></span> <span class='ocrx_word' id='word_1_444' title='bbox 1613 1627 1734 1647; x_wconf 78' lang='lat' dir='ltr'><strong>meorum</strong></span> <span class='ocrx_word' id='word_1_445' title='bbox 1748 1625 1757 1648; x_wconf 74' lang='lat'><strong>:‘</strong></span> 
     </span>
    </p>
   </div>
   <div class='ocr_carea' id='block_1_62' title="bbox 123 1661 910 1699">
    <p class='ocr_par' dir='ltr' id='par_1_62' title="bbox 123 1661 910 1699">
     <span class='ocr_line' id='line_1_63' title="bbox 123 1661 910 1699; baseline -0.003 -10"><span class='ocrx_word' id='word_1_446' title='bbox 123 1670 173 1699; x_wconf 79' lang='grc' dir='ltr'><strong>μαι</strong></span> <span class='ocrx_word' id='word_1_447' title='bbox 188 1663 218 1689; x_wconf 84' lang='grc' dir='ltr'>ὲν</span> <span class='ocrx_word' id='word_1_448' title='bbox 233 1662 330 1694; x_wconf 78' lang='grc' dir='ltr'>πύλαις</span> <span class='ocrx_word' id='word_1_449' title='bbox 343 1662 418 1698; x_wconf 73' lang='grc' dir='ltr'>ᾅδου,</span> <span class='ocrx_word' id='word_1_450' title='bbox 436 1662 591 1696; x_wconf 79' lang='grc' dir='ltr'>καταλείψω</span> <span class='ocrx_word' id='word_1_451' title='bbox 600 1663 634 1688; x_wconf 81' lang='grc' dir='ltr'>τὰ</span> <span class='ocrx_word' id='word_1_452' title='bbox 646 1661 693 1697; x_wconf 78' lang='grc' dir='ltr'>ἔτη</span> <span class='ocrx_word' id='word_1_453' title='bbox 710 1661 746 1688; x_wconf 83' lang='grc' dir='ltr'>τὰ</span> <span class='ocrx_word' id='word_1_454' title='bbox 757 1661 910 1688; x_wconf 72' lang='grc' dir='ltr'>ἐπίλοιπα.ι</span> 
     </span>
    </p>
   </div>
   <div class='ocr_carea' id='block_1_63' title="bbox 120 1700 913 1742">
    <p class='ocr_par' dir='ltr' id='par_1_63' title="bbox 120 1700 913 1742">
     <span class='ocr_line' id='line_1_64' title="bbox 120 1700 913 1742; baseline -0.004 -8"><span class='ocrx_word' id='word_1_455' title='bbox 120 1707 253 1739; x_wconf 85' lang='grc' dir='ltr'>Συνειδὼς</span> <span class='ocrx_word' id='word_1_456' title='bbox 269 1707 323 1742; x_wconf 85' lang='grc' dir='ltr'>γὰρ</span> <span class='ocrx_word' id='word_1_457' title='bbox 342 1706 459 1742; x_wconf 73' lang='grc' dir='ltr'>ἐμαυτὸν</span> <span class='ocrx_word' id='word_1_458' title='bbox 484 1706 533 1741; x_wconf 79' lang='grc' dir='ltr'>ἥδη</span> <span class='ocrx_word' id='word_1_459' title='bbox 558 1706 649 1733; x_wconf 78' lang='grc' dir='ltr'>λοιπὸν</span> <span class='ocrx_word' id='word_1_460' title='bbox 662 1701 721 1737; x_wconf 78' lang='grc' dir='ltr'>ταῖς</span> <span class='ocrx_word' id='word_1_461' title='bbox 735 1702 782 1732; x_wconf 77' lang='grc' dir='ltr'><strong>τοῦ</strong></span> <span class='ocrx_word' id='word_1_462' title='bbox 798 1700 913 1732; x_wconf 76' lang='grc' dir='ltr'>θανάτου</span> 
     </span>
    </p>
   </div>
   <div class='ocr_carea' id='block_1_64' title="bbox 120 1749 912 1788">
    <p class='ocr_par' dir='ltr' id='par_1_64' title="bbox 120 1749 912 1788">
     <span class='ocr_line' id='line_1_65' title="bbox 120 1749 912 1788; baseline -0.004 -8"><span class='ocrx_word' id='word_1_463' title='bbox 120 1754 220 1785; x_wconf 73' lang='grc' dir='ltr'>πύλαις</span> <span class='ocrx_word' id='word_1_464' title='bbox 237 1753 434 1788; x_wconf 74' lang='grc' dir='ltr'><strong>πλησιάζοντα,</strong></span> <span class='ocrx_word' id='word_1_465' title='bbox 444 1753 559 1779; x_wconf 81' lang='grc' dir='ltr'>ἀπεῖπον</span> <span class='ocrx_word' id='word_1_466' title='bbox 572 1750 619 1779; x_wconf 74' lang='grc' dir='ltr'><strong>καὶ</strong></span> <span class='ocrx_word' id='word_1_467' title='bbox 634 1752 777 1788; x_wconf 79' lang='grc' dir='ltr'>ἀπήλπικα</span> <span class='ocrx_word' id='word_1_468' title='bbox 794 1749 912 1786; x_wconf 75' lang='grc' dir='ltr'>ἐμαυτοῦ</span> 
     </span>
    </p>
   </div>
   <div class='ocr_carea' id='block_1_65' title="bbox 118 1798 481 1836">
    <p class='ocr_par' dir='ltr' id='par_1_65' title="bbox 118 1798 481 1836">
     <span class='ocr_line' id='line_1_66' title="bbox 118 1798 481 1836; baseline -0.008 -9"><span class='ocrx_word' id='word_1_469' title='bbox 118 1801 170 1836; x_wconf 80' lang='grc' dir='ltr'>τὴν</span> <span class='ocrx_word' id='word_1_470' title='bbox 187 1802 216 1827; x_wconf 81' lang='grc' dir='ltr'>ὲν</span> <span class='ocrx_word' id='word_1_471' title='bbox 231 1798 383 1834; x_wconf 81' lang='grc' dir='ltr'>ἀνθρώποις</span> <span class='ocrx_word' id='word_1_472' title='bbox 398 1798 481 1834; x_wconf 79' lang='grc' dir='ltr'>ζωήν.</span> 
     </span>
    </p>
   </div>
   <div class='ocr_carea' id='block_1_66' title="bbox 159 1844 911 1880">
    <p class='ocr_par' dir='ltr' id='par_1_66' title="bbox 159 1844 911 1880">
     <span class='ocr_line' id='line_1_67' title="bbox 159 1844 911 1880; baseline -0.003 -8"><span class='ocrx_word' id='word_1_473' title='bbox 159 1855 168 1872; x_wconf 77' lang='grc' dir='ltr'>ι</span> <span class='ocrx_word' id='word_1_474' title='bbox 192 1844 273 1872; x_wconf 79' lang='grc' dir='ltr'><strong>Εἷπα·</strong></span> <span class='ocrx_word' id='word_1_475' title='bbox 290 1845 386 1872; x_wconf 79' lang='grc' dir='ltr'>Οὐκέτι</span> <span class='ocrx_word' id='word_1_476' title='bbox 405 1845 435 1872; x_wconf 73' lang='grc' dir='ltr'>οὐ</span> <span class='ocrx_word' id='word_1_477' title='bbox 455 1845 492 1880; x_wconf 83' lang='grc' dir='ltr'>μὴ</span> <span class='ocrx_word' id='word_1_478' title='bbox 521 1845 568 1871; x_wconf 88' lang='grc' dir='ltr'>ῐδω</span> <span class='ocrx_word' id='word_1_479' title='bbox 581 1844 612 1871; x_wconf 86' lang='grc' dir='ltr'>τὸ</span> <span class='ocrx_word' id='word_1_480' title='bbox 634 1845 768 1880; x_wconf 83' lang='grc' dir='ltr'>σωτήριον</span> <span class='ocrx_word' id='word_1_481' title='bbox 786 1844 831 1870; x_wconf 79' lang='grc' dir='ltr'><strong>τοῦ</strong></span> <span class='ocrx_word' id='word_1_482' title='bbox 845 1844 911 1870; x_wconf 80' lang='grc' dir='ltr'>θεοῦ</span> 
     </span>
    </p>
   </div>
   <div class='ocr_carea' id='block_1_67' title="bbox 117 1883 911 1927">
    <p class='ocr_par' dir='ltr' id='par_1_67' title="bbox 117 1883 911 1927">
     <span class='ocr_line' id='line_1_68' title="bbox 117 1883 911 1927; baseline -0.003 -9"><span class='ocrx_word' id='word_1_483' title='bbox 117 1893 167 1919; x_wconf 74' lang='grc' dir='ltr'><strong>ἐπὶ</strong></span> <span class='ocrx_word' id='word_1_484' title='bbox 181 1892 242 1927; x_wconf 87' lang='grc' dir='ltr'>γῆς,</span> <span class='ocrx_word' id='word_1_485' title='bbox 255 1891 346 1918; x_wconf 85' lang='grc' dir='ltr'>οὐκέτι</span> <span class='ocrx_word' id='word_1_486' title='bbox 358 1891 394 1926; x_wconf 89' lang='grc' dir='ltr'>μὴ</span> <span class='ocrx_word' id='word_1_487' title='bbox 403 1891 448 1917; x_wconf 83' lang='grc' dir='ltr'>ῐδω</span> <span class='ocrx_word' id='word_1_488' title='bbox 460 1890 612 1926; x_wconf 79' lang='grc' dir='ltr'>ἄνθρωπον.</span> <span class='ocrx_word' id='word_1_489' title='bbox 632 1900 641 1915; x_wconf 76' lang='grc' dir='ltr'>ι</span> <span class='ocrx_word' id='word_1_490' title='bbox 652 1890 772 1922; x_wconf 75' lang='grc' dir='ltr'>Εἰκότως</span> <span class='ocrx_word' id='word_1_491' title='bbox 785 1890 814 1916; x_wconf 82' lang='grc' dir='ltr'>ὲν</span> <span class='ocrx_word' id='word_1_492' title='bbox 825 1883 911 1924; x_wconf 68' lang='grc' dir='ltr'>ἀγίῦνι</span> 
     </span>
    </p>
   </div>
   <div class='ocr_carea' id='block_1_68' title="bbox 117 1935 908 1972">
    <p class='ocr_par' dir='ltr' id='par_1_68' title="bbox 117 1935 908 1972">
     <span class='ocr_line' id='line_1_69' title="bbox 117 1935 908 1972; baseline -0.004 -7"><span class='ocrx_word' id='word_1_493' title='bbox 117 1937 259 1969; x_wconf 76' lang='grc' dir='ltr'>καταστὰς</span> <span class='ocrx_word' id='word_1_494' title='bbox 273 1936 327 1963; x_wconf 78' lang='grc' dir='ltr'>τῶν</span> <span class='ocrx_word' id='word_1_495' title='bbox 351 1936 418 1972; x_wconf 87' lang='grc' dir='ltr'><strong>μετά</strong></span> <span class='ocrx_word' id='word_1_496' title='bbox 430 1937 478 1971; x_wconf 81' lang='grc' dir='ltr'>τὴν</span> <span class='ocrx_word' id='word_1_497' title='bbox 491 1936 652 1971; x_wconf 83' lang='grc' dir='ltr'>ἀπαλλαγὴν</span> <span class='ocrx_word' id='word_1_498' title='bbox 665 1935 713 1962; x_wconf 81' lang='grc' dir='ltr'><strong>τοῦ</strong></span> <span class='ocrx_word' id='word_1_499' title='bbox 725 1936 795 1971; x_wconf 86' lang='grc' dir='ltr'>βίου,</span> <span class='ocrx_word' id='word_1_500' title='bbox 810 1937 908 1972; x_wconf 86' lang='grc' dir='ltr'>ὑπομι-</span> 
     </span>
    </p>
   </div>
   <div class='ocr_carea' id='block_1_69' title="bbox 119 1976 911 2020">
    <p class='ocr_par' dir='ltr' id='par_1_69' title="bbox 119 1976 911 2020">
     <span class='ocr_line' id='line_1_70' title="bbox 119 1976 911 2020; baseline -0.003 -9"><span class='ocrx_word' id='word_1_501' title='bbox 119 1985 237 2020; x_wconf 85' lang='grc' dir='ltr'>μνήσκει</span> <span class='ocrx_word' id='word_1_502' title='bbox 258 1983 307 2018; x_wconf 84' lang='grc' dir='ltr'>μὲν</span> <span class='ocrx_word' id='word_1_503' title='bbox 319 1982 370 2018; x_wconf 80' lang='grc' dir='ltr'><strong>τῆς</strong></span> <span class='ocrx_word' id='word_1_504' title='bbox 394 1981 491 2009; x_wconf 84' lang='grc' dir='ltr'>ἑαυτοῦ</span> <span class='ocrx_word' id='word_1_505' title='bbox 506 1981 661 2013; x_wconf 85' lang='grc' dir='ltr'>θεοσεϐείας</span> <span class='ocrx_word' id='word_1_506' title='bbox 674 1976 719 2008; x_wconf 66' lang='grc' dir='ltr'><strong>τὸν</strong></span> <span class='ocrx_word' id='word_1_507' title='bbox 734 1979 809 2008; x_wconf 76' lang='grc' dir='ltr'>Θεόν·</span> <span class='ocrx_word' id='word_1_508' title='bbox 825 1979 868 2008; x_wconf 80' lang='grc' dir='ltr'><strong>διὰ</strong></span> <span class='ocrx_word' id='word_1_509' title='bbox 883 1982 911 2009; x_wconf 81' lang='grc' dir='ltr'>δὲ</span> 
     </span>
    </p>
   </div>
   <div class='ocr_carea' id='block_1_70' title="bbox 116 2026 910 2066">
    <p class='ocr_par' dir='ltr' id='par_1_70' title="bbox 116 2026 910 2066">
     <span class='ocr_line' id='line_1_71' title="bbox 116 2026 910 2066; baseline -0.005 -8"><span class='ocrx_word' id='word_1_510' title='bbox 116 2031 164 2059; x_wconf 83' lang='grc' dir='ltr'><strong>τοῦ</strong></span> <span class='ocrx_word' id='word_1_511' title='bbox 181 2030 321 2066; x_wconf 81' lang='grc' dir='ltr'>κλαυθμοῦ</span> <span class='ocrx_word' id='word_1_512' title='bbox 347 2029 384 2066; x_wconf 83' lang='grc' dir='ltr'>μὴ</span> <span class='ocrx_word' id='word_1_513' title='bbox 402 2030 528 2056; x_wconf 76' lang='grc' dir='ltr'>ἐκπεσεῖν</span> <span class='ocrx_word' id='word_1_514' title='bbox 550 2028 602 2063; x_wconf 80' lang='grc' dir='ltr'><strong>τῆς</strong></span> <span class='ocrx_word' id='word_1_515' title='bbox 623 2027 716 2063; x_wconf 85' lang='grc' dir='ltr'>χώρας</span> <span class='ocrx_word' id='word_1_516' title='bbox 731 2027 785 2054; x_wconf 84' lang='grc' dir='ltr'>τῶν</span> <span class='ocrx_word' id='word_1_517' title='bbox 803 2026 910 2060; x_wconf 82' lang='grc' dir='ltr'>ζώντων</span> 
     </span>
    </p>
   </div>
   <div class='ocr_carea' id='block_1_71' title="bbox 116 2074 910 2113">
    <p class='ocr_par' dir='ltr' id='par_1_71' title="bbox 116 2074 910 2113">
     <span class='ocr_line' id='line_1_72' title="bbox 116 2074 910 2113; baseline -0.005 -9"><span class='ocrx_word' id='word_1_518' title='bbox 116 2077 316 2113; x_wconf 76' lang='grc' dir='ltr'>κατηντιϐόλει,</span> <span class='ocrx_word' id='word_1_519' title='bbox 328 2077 387 2102; x_wconf 84' lang='grc' dir='ltr'>Ἔτι</span> <span class='ocrx_word' id='word_1_520' title='bbox 402 2076 430 2102; x_wconf 82' lang='grc' dir='ltr'>δὲ</span> <span class='ocrx_word' id='word_1_521' title='bbox 446 2075 494 2101; x_wconf 81' lang='grc' dir='ltr'>καὶ</span> <span class='ocrx_word' id='word_1_522' title='bbox 506 2074 585 2101; x_wconf 86' lang='grc' dir='ltr'>τοῦτο</span> <span class='ocrx_word' id='word_1_523' title='bbox 602 2074 670 2109; x_wconf 79' lang='grc' dir='ltr'>πρὸς</span> <span class='ocrx_word' id='word_1_524' title='bbox 684 2075 740 2105; x_wconf 84' lang='grc' dir='ltr'>τοῖς</span> <span class='ocrx_word' id='word_1_525' title='bbox 755 2074 910 2110; x_wconf 80' lang='grc' dir='ltr'>εἰρημένοις</span> 
     </span>
    </p>
   </div>
   <div class='ocr_carea' id='block_1_72' title="bbox 117 2120 910 2157">
    <p class='ocr_par' dir='ltr' id='par_1_72' title="bbox 117 2120 910 2157">
     <span class='ocr_line' id='line_1_73' title="bbox 117 2120 910 2157; baseline -0.005 -7"><span class='ocrx_word' id='word_1_526' title='bbox 117 2123 212 2150; x_wconf 73' lang='grc' dir='ltr'>ἐλύπει</span> <span class='ocrx_word' id='word_1_527' title='bbox 225 2124 270 2150; x_wconf 80' lang='grc' dir='ltr'><strong>τὸν</strong></span> <span class='ocrx_word' id='word_1_528' title='bbox 290 2122 422 2154; x_wconf 80' lang='grc' dir='ltr'>Ἐζεκίαν,</span> <span class='ocrx_word' id='word_1_529' title='bbox 440 2121 541 2157; x_wconf 79' lang='grc' dir='ltr'>μηδένα</span> <span class='ocrx_word' id='word_1_530' title='bbox 562 2120 682 2156; x_wconf 82' lang='grc' dir='ltr'><strong>διάδοχον</strong></span> <span class='ocrx_word' id='word_1_531' title='bbox 705 2122 738 2147; x_wconf 80' lang='grc' dir='ltr'>ὲκ</span> <span class='ocrx_word' id='word_1_532' title='bbox 754 2121 910 2156; x_wconf 84' lang='grc' dir='ltr'>σπέρματος</span> 
     </span>
    </p>
   </div>
   <div class='ocr_carea' id='block_1_73' title="bbox 117 2166 909 2206">
    <p class='ocr_par' dir='ltr' id='par_1_73' title="bbox 117 2166 909 2206">
     <span class='ocr_line' id='line_1_74' title="bbox 117 2166 909 2206; baseline -0.006 -9"><span class='ocrx_word' id='word_1_533' title='bbox 117 2170 250 2206; x_wconf 75' lang='grc' dir='ltr'>ὑπάρχειν</span> <span class='ocrx_word' id='word_1_534' title='bbox 262 2168 356 2200; x_wconf 74' lang='grc' dir='ltr'>αὑτοῦ,</span> <span class='ocrx_word' id='word_1_535' title='bbox 378 2169 462 2204; x_wconf 85' lang='grc' dir='ltr'>μήπω</span> <span class='ocrx_word' id='word_1_536' title='bbox 473 2167 566 2199; x_wconf 82' lang='grc' dir='ltr'>παιδὸς</span> <span class='ocrx_word' id='word_1_537' title='bbox 586 2166 661 2202; x_wconf 81' lang='grc' dir='ltr'>αὐτῷ</span> <span class='ocrx_word' id='word_1_538' title='bbox 677 2166 835 2202; x_wconf 79' lang='grc' dir='ltr'>γενομένου,</span> <span class='ocrx_word' id='word_1_539' title='bbox 848 2166 909 2192; x_wconf 78' lang='grc' dir='ltr'>καθ’</span> 
     </span>
    </p>
   </div>
   <div class='ocr_carea' id='block_1_74' title="bbox 115 2211 908 2251">
    <p class='ocr_par' dir='ltr' id='par_1_74' title="bbox 115 2211 908 2251">
     <span class='ocr_line' id='line_1_75' title="bbox 115 2211 908 2251; baseline -0.006 -9"><span class='ocrx_word' id='word_1_540' title='bbox 115 2216 146 2242; x_wconf 80' lang='grc' dir='ltr'>ὃν</span> <span class='ocrx_word' id='word_1_541' title='bbox 161 2216 257 2251; x_wconf 83' lang='grc' dir='ltr'>χρόνον</span> <span class='ocrx_word' id='word_1_542' title='bbox 269 2215 340 2242; x_wconf 81' lang='grc' dir='ltr'>αὐτὰ</span> <span class='ocrx_word' id='word_1_543' title='bbox 358 2214 462 2249; x_wconf 77' lang='grc' dir='ltr'>ἔλεγεν.</span> <span class='ocrx_word' id='word_1_544' title='bbox 482 2213 591 2249; x_wconf 81' lang='grc' dir='ltr'>Ἐπειδὴ</span> <span class='ocrx_word' id='word_1_545' title='bbox 607 2213 696 2240; x_wconf 87' lang='grc' dir='ltr'>τοίνυν</span> <span class='ocrx_word' id='word_1_546' title='bbox 711 2212 795 2245; x_wconf 77' lang='grc' dir='ltr'>ἄπαις</span> <span class='ocrx_word' id='word_1_547' title='bbox 813 2211 908 2248; x_wconf 80' lang='grc' dir='ltr'>ἔμελλε</span> 
     </span>
    </p>
   </div>
   <div class='ocr_carea' id='block_1_75' title="bbox 114 2255 909 2297">
    <p class='ocr_par' dir='ltr' id='par_1_75' title="bbox 114 2255 909 2297">
     <span class='ocr_line' id='line_1_76' title="bbox 114 2255 909 2297; baseline -0.008 -8"><span class='ocrx_word' id='word_1_548' title='bbox 114 2263 252 2297; x_wconf 79' lang='grc' dir='ltr'>τελευτᾷν,</span> <span class='ocrx_word' id='word_1_549' title='bbox 268 2261 369 2297; x_wconf 82' lang='grc' dir='ltr'>μηδένα</span> <span class='ocrx_word' id='word_1_550' title='bbox 380 2260 537 2288; x_wconf 83' lang='grc' dir='ltr'>καταλιπὼν</span> <span class='ocrx_word' id='word_1_551' title='bbox 545 2259 676 2293; x_wconf 83' lang='grc' dir='ltr'>διάδοχον,</span> <span class='ocrx_word' id='word_1_552' title='bbox 690 2257 720 2290; x_wconf 78' lang='grc' dir='ltr'>ἐξ</span> <span class='ocrx_word' id='word_1_553' title='bbox 735 2255 765 2285; x_wconf 79' lang='grc' dir='ltr'>οὗ</span> <span class='ocrx_word' id='word_1_554' title='bbox 778 2258 809 2284; x_wconf 76' lang='grc' dir='ltr'>τὸ</span> <span class='ocrx_word' id='word_1_555' title='bbox 822 2257 909 2293; x_wconf 83' lang='grc' dir='ltr'>σωτή-</span> 
     </span>
    </p>
   </div>
   <div class='ocr_carea' id='block_1_76' title="bbox 115 2303 908 2344">
    <p class='ocr_par' dir='ltr' id='par_1_76' title="bbox 115 2303 908 2344">
     <span class='ocr_line' id='line_1_77' title="bbox 115 2303 908 2344; baseline -0.006 -10"><span class='ocrx_word' id='word_1_556' title='bbox 115 2317 173 2344; x_wconf 86' lang='grc' dir='ltr'>ριον</span> <span class='ocrx_word' id='word_1_557' title='bbox 184 2307 231 2334; x_wconf 86' lang='grc' dir='ltr'><strong>τοῦ</strong></span> <span class='ocrx_word' id='word_1_558' title='bbox 243 2307 310 2334; x_wconf 81' lang='grc' dir='ltr'>Θεοῦ</span> <span class='ocrx_word' id='word_1_559' title='bbox 326 2306 453 2340; x_wconf 86' lang='grc' dir='ltr'>γενέσθαι</span> <span class='ocrx_word' id='word_1_560' title='bbox 475 2307 504 2332; x_wconf 77' lang='grc' dir='ltr'>ἐν</span> <span class='ocrx_word' id='word_1_561' title='bbox 524 2305 679 2340; x_wconf 84' lang='grc' dir='ltr'>ἀνθρώποις</span> <span class='ocrx_word' id='word_1_562' title='bbox 695 2303 858 2338; x_wconf 81' lang='grc' dir='ltr'>προσδοκᾷν,</span> <span class='ocrx_word' id='word_1_563' title='bbox 871 2305 908 2329; x_wconf 84' lang='grc' dir='ltr'><strong>εἱ-</strong></span> 
     </span>
    </p>
   </div>
   <div class='ocr_carea' id='block_1_77' title="bbox 113 2344 908 2389">
    <p class='ocr_par' dir='ltr' id='par_1_77' title="bbox 113 2344 908 2389">
     <span class='ocr_line' id='line_1_78' title="bbox 113 2344 908 2389; baseline -0.009 -7"><span class='ocrx_word' id='word_1_564' title='bbox 113 2355 201 2386; x_wconf 83' lang='grc' dir='ltr'>κότως</span> <span class='ocrx_word' id='word_1_565' title='bbox 223 2354 256 2381; x_wconf 84' lang='grc' dir='ltr'>ἂν</span> <span class='ocrx_word' id='word_1_566' title='bbox 271 2354 320 2389; x_wconf 77' lang='grc' dir='ltr'><strong>τῆς</strong></span> <span class='ocrx_word' id='word_1_567' title='bbox 336 2353 383 2380; x_wconf 77' lang='grc' dir='ltr'><strong>τοῦ</strong></span> <span class='ocrx_word' id='word_1_568' title='bbox 400 2352 518 2389; x_wconf 83' lang='grc' dir='ltr'>Χριστοῦ</span> <span class='ocrx_word' id='word_1_569' title='bbox 542 2352 694 2386; x_wconf 87' lang='grc' dir='ltr'>γεννήσεως</span> <span class='ocrx_word' id='word_1_570' title='bbox 709 2344 758 2385; x_wconf 81' lang='grc' dir='ltr'><strong>τῆς</strong></span> <span class='ocrx_word' id='word_1_571' title='bbox 772 2351 803 2376; x_wconf 84' lang='grc' dir='ltr'>ὲκ</span> <span class='ocrx_word' id='word_1_572' title='bbox 822 2350 908 2385; x_wconf 89' lang='grc' dir='ltr'>σπέρ-</span> 
     </span>
    </p>
   </div>
   <div class='ocr_carea' id='block_1_78' title="bbox 114 2394 818 2435">
    <p class='ocr_par' dir='ltr' id='par_1_78' title="bbox 114 2394 818 2435">
     <span class='ocr_line' id='line_1_79' title="bbox 114 2394 818 2435; baseline -0.009 -9"><span class='ocrx_word' id='word_1_573' title='bbox 114 2408 200 2435; x_wconf 84' lang='grc' dir='ltr'>ματος</span> <span class='ocrx_word' id='word_1_574' title='bbox 216 2399 263 2426; x_wconf 84' lang='grc' dir='ltr'><strong>τοῦ</strong></span> <span class='ocrx_word' id='word_1_575' title='bbox 282 2398 363 2425; x_wconf 84' lang='grc' dir='ltr'>Δαυῒδ</span> <span class='ocrx_word' id='word_1_576' title='bbox 379 2398 569 2433; x_wconf 78' lang='grc' dir='ltr'>ἐπαιρόμενος,</span> <span class='ocrx_word' id='word_1_577' title='bbox 584 2396 631 2422; x_wconf 69' lang='grc' dir='ltr'>καὶ</span> <span class='ocrx_word' id='word_1_578' title='bbox 646 2394 818 2422; x_wconf 83' lang='grc' dir='ltr'>ἀπεκλαίετο.</span> 
     </span>
    </p>
   </div>
   <div class='ocr_carea' id='block_1_79' title="bbox 154 2437 908 2480">
    <p class='ocr_par' dir='ltr' id='par_1_79' title="bbox 154 2437 908 2480">
     <span class='ocr_line' id='line_1_80' title="bbox 154 2437 908 2480; baseline -0.009 -7"><span class='ocrx_word' id='word_1_579' title='bbox 154 2456 164 2473; x_wconf 74' lang='grc' dir='ltr'><strong>ι</strong></span> <span class='ocrx_word' id='word_1_580' title='bbox 188 2445 326 2478; x_wconf 80' lang='grc' dir='ltr'>Ἐξέλιπεν</span> <span class='ocrx_word' id='word_1_581' title='bbox 339 2446 371 2472; x_wconf 81' lang='grc' dir='ltr'>ὲκ</span> <span class='ocrx_word' id='word_1_582' title='bbox 387 2445 438 2480; x_wconf 76' lang='grc' dir='ltr'><strong>τῆς</strong></span> <span class='ocrx_word' id='word_1_583' title='bbox 460 2442 621 2478; x_wconf 82' lang='grc' dir='ltr'>συγγενείας</span> <span class='ocrx_word' id='word_1_584' title='bbox 643 2450 703 2477; x_wconf 80' lang='grc' dir='ltr'>μου’</span> <span class='ocrx_word' id='word_1_585' title='bbox 719 2440 864 2468; x_wconf 85' lang='grc' dir='ltr'>κατέλιπον</span> <span class='ocrx_word' id='word_1_586' title='bbox 877 2437 908 2467; x_wconf 71' lang='grc' dir='ltr'><strong>τὸ</strong></span> 
     </span>
    </p>
   </div>
   <div class='ocr_carea' id='block_1_80' title="bbox 112 2485 906 2526">
    <p class='ocr_par' dir='ltr' id='par_1_80' title="bbox 112 2485 906 2526">
     <span class='ocr_line' id='line_1_81' title="bbox 112 2485 906 2526; baseline -0.01 -7"><span class='ocrx_word' id='word_1_587' title='bbox 112 2491 252 2519; x_wconf 68' lang='grc' dir='ltr'>ἐπίλοιπον</span> <span class='ocrx_word' id='word_1_588' title='bbox 276 2491 325 2526; x_wconf 86' lang='grc' dir='ltr'><strong>τῆς</strong></span> <span class='ocrx_word' id='word_1_589' title='bbox 347 2489 419 2526; x_wconf 78' lang='grc' dir='ltr'>ζωῆς</span> <span class='ocrx_word' id='word_1_590' title='bbox 436 2498 496 2525; x_wconf 85' lang='grc' dir='ltr'>μου.</span> <span class='ocrx_word' id='word_1_591' title='bbox 518 2487 627 2523; x_wconf 76' lang='grc' dir='ltr'>Ἐξῆλθε</span> <span class='ocrx_word' id='word_1_592' title='bbox 652 2487 698 2514; x_wconf 77' lang='grc' dir='ltr'>καὶ</span> <span class='ocrx_word' id='word_1_593' title='bbox 717 2485 836 2521; x_wconf 77' lang='grc' dir='ltr'>ἀπῆλθεν</span> <span class='ocrx_word' id='word_1_594' title='bbox 859 2486 906 2512; x_wconf 81' lang='grc' dir='ltr'>ἀπ’</span> 
     </span>
    </p>
   </div>
   <div class='ocr_carea' id='block_1_81' title="bbox 111 2532 906 2575">
    <p class='ocr_par' dir='ltr' id='par_1_81' title="bbox 111 2532 906 2575">
     <span class='ocr_line' id='line_1_82' title="bbox 111 2532 906 2575; baseline -0.011 -9"><span class='ocrx_word' id='word_1_595' title='bbox 111 2538 190 2575; x_wconf 75' lang='grc' dir='ltr'>ἐμοῦ,</span> <span class='ocrx_word' id='word_1_596' title='bbox 209 2538 303 2574; x_wconf 81' lang='grc' dir='ltr'>ὥσπερ</span> <span class='ocrx_word' id='word_1_597' title='bbox 316 2538 330 2563; x_wconf 83' lang='grc' dir='ltr'>ὁ</span> <span class='ocrx_word' id='word_1_598' title='bbox 343 2537 446 2572; x_wconf 83' lang='grc' dir='ltr'>σκηνὴν</span> <span class='ocrx_word' id='word_1_599' title='bbox 456 2534 598 2562; x_wconf 85' lang='grc' dir='ltr'>καταλύων</span> <span class='ocrx_word' id='word_1_600' title='bbox 613 2532 711 2568; x_wconf 81' lang='grc' dir='ltr'><strong>πήξας.</strong></span> <span class='ocrx_word' id='word_1_601' title='bbox 735 2532 778 2563; x_wconf 83' lang='grc' dir='ltr'>Ὠς</span> <span class='ocrx_word' id='word_1_602' title='bbox 793 2532 865 2563; x_wconf 84' lang='grc' dir='ltr'>ἱστὸς</span> <span class='ocrx_word' id='word_1_603' title='bbox 876 2532 906 2558; x_wconf 84' lang='grc' dir='ltr'><strong>τὺ</strong></span> 
     </span>
    </p>
   </div>
   <div class='ocr_carea' id='block_1_82' title="bbox 111 2576 908 2623">
    <p class='ocr_par' dir='ltr' id='par_1_82' title="bbox 111 2576 908 2623">
     <span class='ocr_line' id='line_1_83' title="bbox 111 2576 908 2623; baseline -0.011 -11"><span class='ocrx_word' id='word_1_604' title='bbox 111 2585 222 2621; x_wconf 76' lang='grc' dir='ltr'>πνεῦμά</span> <span class='ocrx_word' id='word_1_605' title='bbox 234 2593 284 2620; x_wconf 90' lang='grc' dir='ltr'><strong>μου</strong></span> <span class='ocrx_word' id='word_1_606' title='bbox 301 2585 366 2620; x_wconf 83' lang='grc' dir='ltr'>παρ’</span> <span class='ocrx_word' id='word_1_607' title='bbox 381 2583 442 2618; x_wconf 72' lang='grc' dir='ltr'>ἐμοὶ</span> <span class='ocrx_word' id='word_1_608' title='bbox 453 2583 570 2617; x_wconf 79' lang='grc' dir='ltr'>ἐγένετο,</span> <span class='ocrx_word' id='word_1_609' title='bbox 583 2580 675 2617; x_wconf 79' lang='grc' dir='ltr'>ἐρίθου</span> <span class='ocrx_word' id='word_1_610' title='bbox 692 2576 854 2623; x_wconf 66' lang='grc' dir='ltr'>ἐγγιςούσης</span> <span class='ocrx_word' id='word_1_611' title='bbox 865 2579 908 2604; x_wconf 80' lang='grc' dir='ltr'><strong>ἐκ-</strong></span> 
     </span>
    </p>
   </div>
   <div class='ocr_carea' id='block_1_83' title="bbox 109 2620 905 2667">
    <p class='ocr_par' dir='ltr' id='par_1_83' title="bbox 109 2620 905 2667">
     <span class='ocr_line' id='line_1_84' title="bbox 109 2620 905 2667; baseline -0.01 -9"><span class='ocrx_word' id='word_1_612' title='bbox 109 2633 212 2667; x_wconf 79' lang='grc' dir='ltr'>τεμεῖν.</span> <span class='ocrx_word' id='word_1_613' title='bbox 234 2641 243 2657; x_wconf 75' lang='grc'><strong>)</strong></span> <span class='ocrx_word' id='word_1_614' title='bbox 259 2630 365 2665; x_wconf 77' lang='grc' dir='ltr'>Σκηνὴν</span> <span class='ocrx_word' id='word_1_615' title='bbox 381 2628 456 2656; x_wconf 88' lang='grc' dir='ltr'>καλεῖ</span> <span class='ocrx_word' id='word_1_616' title='bbox 473 2628 503 2655; x_wconf 78' lang='grc' dir='ltr'><strong>τὸ</strong></span> <span class='ocrx_word' id='word_1_617' title='bbox 521 2628 611 2663; x_wconf 83' lang='grc' dir='ltr'>σῶμα,</span> <span class='ocrx_word' id='word_1_618' title='bbox 629 2626 732 2652; x_wconf 75' lang='grc' dir='ltr'>ἔνοικον</span> <span class='ocrx_word' id='word_1_619' title='bbox 749 2620 777 2652; x_wconf 72' lang='grc' dir='ltr'>δὲ</span> <span class='ocrx_word' id='word_1_620' title='bbox 793 2621 842 2660; x_wconf 76' lang='grc' dir='ltr'>τὴν</span> <span class='ocrx_word' id='word_1_621' title='bbox 854 2624 905 2659; x_wconf 82' lang='grc' dir='ltr'>ψυ-</span> 
     </span>
    </p>
   </div>
   <div class='ocr_carea' id='block_1_84' title="bbox 108 2667 903 2714">
    <p class='ocr_par' dir='ltr' id='par_1_84' title="bbox 108 2667 903 2714">
     <span class='ocr_line' id='line_1_85' title="bbox 108 2667 903 2714; baseline -0.01 -8"><span class='ocrx_word' id='word_1_622' title='bbox 108 2679 170 2714; x_wconf 83' lang='grc' dir='ltr'><strong>χήν·</strong></span> <span class='ocrx_word' id='word_1_623' title='bbox 194 2677 228 2714; x_wconf 85' lang='grc' dir='ltr'>ἧς</span> <span class='ocrx_word' id='word_1_624' title='bbox 247 2676 451 2712; x_wconf 82' lang='grc' dir='ltr'>ἀναχωρούσης,</span> <span class='ocrx_word' id='word_1_625' title='bbox 468 2675 539 2701; x_wconf 79' lang='grc' dir='ltr'>ἔοικε</span> <span class='ocrx_word' id='word_1_626' title='bbox 555 2674 586 2700; x_wconf 82' lang='grc' dir='ltr'><strong>τὸ</strong></span> <span class='ocrx_word' id='word_1_627' title='bbox 610 2674 690 2709; x_wconf 84' lang='grc' dir='ltr'>σῶμα</span> <span class='ocrx_word' id='word_1_628' title='bbox 714 2667 903 2707; x_wconf 62' lang='grc' dir='ltr'>καταλυομένῃ</span> 
     </span>
    </p>
   </div>
   <div class='ocr_carea' id='block_1_85' title="bbox 109 2718 903 2760">
    <p class='ocr_par' dir='ltr' id='par_1_85' title="bbox 109 2718 903 2760">
     <span class='ocr_line' id='line_1_86' title="bbox 109 2718 903 2760; baseline -0.01 -8"><span class='ocrx_word' id='word_1_629' title='bbox 109 2726 207 2760; x_wconf 79' lang='grc' dir='ltr'>σκηνῇ·</span> <span class='ocrx_word' id='word_1_630' title='bbox 224 2724 327 2759; x_wconf 80' lang='grc' dir='ltr'>σκηνὴν</span> <span class='ocrx_word' id='word_1_631' title='bbox 343 2723 393 2758; x_wconf 84' lang='grc' dir='ltr'>μὲν</span> <span class='ocrx_word' id='word_1_632' title='bbox 408 2722 493 2755; x_wconf 69' lang='grc' dir='ltr'>λέγων</span> <span class='ocrx_word' id='word_1_633' title='bbox 508 2721 538 2747; x_wconf 76' lang='grc' dir='ltr'>τὸ</span> <span class='ocrx_word' id='word_1_634' title='bbox 553 2721 642 2756; x_wconf 84' lang='grc' dir='ltr'>σῶμα,</span> <span class='ocrx_word' id='word_1_635' title='bbox 656 2720 717 2747; x_wconf 71' lang='grc' dir='ltr'><strong>ἐπεὶ</strong></span> <span class='ocrx_word' id='word_1_636' title='bbox 728 2720 746 2760; x_wconf 17' lang='grc' dir='ltr'>γὸ</span> <span class='ocrx_word' id='word_1_637' title='bbox 761 2718 903 2749; x_wconf 76' lang='grc' dir='ltr'>θεσπέσιος</span> 
     </span>
    </p>
   </div>
   <div class='ocr_carea' id='block_1_86' title="bbox 114 2759 904 2801">
    <p class='ocr_par' dir='ltr' id='par_1_86' title="bbox 114 2759 904 2801">
     <span class='ocr_line' id='line_1_87' title="bbox 114 2759 904 2801; baseline -0.01 -7"><span class='ocrx_word' id='word_1_638' title='bbox 114 2759 275 2798; x_wconf 57' lang='lat' dir='ltr'><strong>ammte;</strong></span> <span class='ocrx_word' id='word_1_639' title='bbox 288 2765 391 2801; x_wconf 85' lang='grc' dir='ltr'>σκηνὴν</span> <span class='ocrx_word' id='word_1_640' title='bbox 401 2764 467 2791; x_wconf 80' lang='grc' dir='ltr'>αὐτὸ</span> <span class='ocrx_word' id='word_1_641' title='bbox 490 2761 642 2798; x_wconf 81' lang='grc' dir='ltr'>ὠνόμασεν.</span> <span class='ocrx_word' id='word_1_642' title='bbox 657 2759 737 2789; x_wconf 83' lang='grc' dir='ltr'>Ἀλλά</span> <span class='ocrx_word' id='word_1_643' title='bbox 751 2762 797 2789; x_wconf 73' lang='grc' dir='ltr'>καὶ</span> <span class='ocrx_word' id='word_1_644' title='bbox 809 2761 904 2796; x_wconf 83' lang='grc' dir='ltr'>ὥσπερ</span> 
     </span>
    </p>
   </div>
   <div class='ocr_carea' id='block_1_87' title="bbox 108 2806 903 2848">
    <p class='ocr_par' dir='ltr' id='par_1_87' title="bbox 108 2806 903 2848">
     <span class='ocr_line' id='line_1_88' title="bbox 108 2806 903 2848; baseline -0.01 -7"><span class='ocrx_word' id='word_1_645' title='bbox 108 2815 180 2845; x_wconf 72' lang='grc' dir='ltr'>ἱστὸν</span> <span class='ocrx_word' id='word_1_646' title='bbox 198 2813 288 2848; x_wconf 80' lang='grc' dir='ltr'>ὲρίθου</span> <span class='ocrx_word' id='word_1_647' title='bbox 309 2812 340 2838; x_wconf 80' lang='grc' dir='ltr'>τὸ</span> <span class='ocrx_word' id='word_1_648' title='bbox 359 2810 473 2846; x_wconf 82' lang='grc' dir='ltr'>ὕφασμα</span> <span class='ocrx_word' id='word_1_649' title='bbox 493 2809 586 2836; x_wconf 79' lang='grc' dir='ltr'>λοιπὸν</span> <span class='ocrx_word' id='word_1_650' title='bbox 601 2808 817 2844; x_wconf 82' lang='grc' dir='ltr'>ἀποτεμνούσης,</span> <span class='ocrx_word' id='word_1_651' title='bbox 832 2806 903 2833; x_wconf 81' lang='grc' dir='ltr'>οὕτω</span> 
     </span>
    </p>
   </div>
   <div class='ocr_carea' id='block_1_88' title="bbox 108 2852 902 2892">
    <p class='ocr_par' dir='ltr' id='par_1_88' title="bbox 108 2852 902 2892">
     <span class='ocr_line' id='line_1_89' title="bbox 108 2852 902 2892; baseline -0.008 -8"><span class='ocrx_word' id='word_1_652' title='bbox 108 2859 153 2885; x_wconf 71' lang='grc' dir='ltr'>καὶ</span> <span class='ocrx_word' id='word_1_653' title='bbox 159 2857 193 2884; x_wconf 82' lang='grc' dir='ltr'><strong>τὰ</strong></span> <span class='ocrx_word' id='word_1_654' title='bbox 201 2857 249 2892; x_wconf 82' lang='grc' dir='ltr'><strong>τῆς</strong></span> <span class='ocrx_word' id='word_1_655' title='bbox 263 2856 333 2892; x_wconf 79' lang='grc' dir='ltr'>ἐμῆς</span> <span class='ocrx_word' id='word_1_656' title='bbox 343 2856 425 2891; x_wconf 83' lang='grc' dir='ltr'>ζωῆς,</span> <span class='ocrx_word' id='word_1_657' title='bbox 434 2855 481 2882; x_wconf 74' lang='grc' dir='ltr'>καὶ</span> <span class='ocrx_word' id='word_1_658' title='bbox 493 2853 540 2880; x_wconf 84' lang='grc' dir='ltr'><strong>τοῦ</strong></span> <span class='ocrx_word' id='word_1_659' title='bbox 559 2853 616 2889; x_wconf 83' lang='grc' dir='ltr'>βίου</span> <span class='ocrx_word' id='word_1_660' title='bbox 633 2853 733 2885; x_wconf 75' lang='grc' dir='ltr'>παντὸς</span> <span class='ocrx_word' id='word_1_661' title='bbox 744 2853 774 2880; x_wconf 83' lang='grc' dir='ltr'><strong>τὺ</strong></span> <span class='ocrx_word' id='word_1_662' title='bbox 789 2852 902 2887; x_wconf 82' lang='grc' dir='ltr'>ὕφασμα</span> 
     </span>
    </p>
   </div>
   <div class='ocr_carea' id='block_1_89' title="bbox 107 2893 902 2939">
    <p class='ocr_par' dir='ltr' id='par_1_89' title="bbox 107 2893 902 2939">
     <span class='ocr_line' id='line_1_90' title="bbox 107 2893 902 2939; baseline -0.005 -10"><span class='ocrx_word' id='word_1_663' title='bbox 107 2905 170 2939; x_wconf 74' lang='grc' dir='ltr'><strong>πῖρὶ</strong></span> <span class='ocrx_word' id='word_1_664' title='bbox 184 2904 260 2934; x_wconf 74' lang='grc' dir='ltr'>τέλος</span> <span class='ocrx_word' id='word_1_665' title='bbox 273 2903 386 2939; x_wconf 69' lang='grc' dir='ltr'>ἤλαυνεν</span> <span class='ocrx_word' id='word_1_666' title='bbox 400 2901 630 2937; x_wconf 78' lang='grc' dir='ltr'>ἀποτεμνόμενον.</span> <span class='ocrx_word' id='word_1_667' title='bbox 641 2893 773 2932; x_wconf 78' lang='grc' dir='ltr'>Ἕκαστος</span> <span class='ocrx_word' id='word_1_668' title='bbox 789 2897 836 2927; x_wconf 75' lang='grc' dir='ltr'><strong>οὖν</strong></span> <span class='ocrx_word' id='word_1_669' title='bbox 850 2899 902 2925; x_wconf 84' lang='grc' dir='ltr'>τῶν</span> 
     </span>
    </p>
   </div>
   <div class='ocr_carea' id='block_1_90' title="bbox 967 1663 1757 1700">
    <p class='ocr_par' dir='ltr' id='par_1_90' title="bbox 967 1663 1757 1700">
     <span class='ocr_line' id='line_1_91' title="bbox 967 1663 1757 1700; baseline 0.006 -10"><span class='ocrx_word' id='word_1_670' title='bbox 967 1663 1068 1690; x_wconf 82' lang='lat' dir='ltr'><strong>Vadam</strong></span> <span class='ocrx_word' id='word_1_671' title='bbox 1093 1665 1125 1690; x_wconf 91' lang='lat' dir='ltr'><strong>ad</strong></span> <span class='ocrx_word' id='word_1_672' title='bbox 1150 1670 1242 1698; x_wconf 79' lang='lat' dir='ltr'><strong>portas</strong></span> <span class='ocrx_word' id='word_1_673' title='bbox 1268 1664 1346 1692; x_wconf 76' lang='lat' dir='ltr'><strong>inferi</strong></span> <span class='ocrx_word' id='word_1_674' title='bbox 1367 1674 1373 1692; x_wconf 94' lang='lat'>:</span> <span class='ocrx_word' id='word_1_675' title='bbox 1399 1665 1550 1700; x_wconf 85' lang='lat' dir='ltr'><strong>relinquam</strong></span> <span class='ocrx_word' id='word_1_676' title='bbox 1577 1674 1663 1694; x_wconf 86' lang='lat' dir='ltr'><strong>annos</strong></span> <span class='ocrx_word' id='word_1_677' title='bbox 1688 1668 1757 1695; x_wconf 81' lang='lat' dir='ltr'><strong>resi-</strong></span> 
     </span>
    </p>
   </div>
   <div class='ocr_carea' id='block_1_91' title="bbox 965 1709 1758 1745">
    <p class='ocr_par' dir='ltr' id='par_1_91' title="bbox 965 1709 1758 1745">
     <span class='ocr_line' id='line_1_92' title="bbox 965 1709 1758 1745; baseline 0.009 -12"><span class='ocrx_word' id='word_1_678' title='bbox 965 1709 1042 1736; x_wconf 81' lang='lat' dir='ltr'><strong>duos.</strong></span> <span class='ocrx_word' id='word_1_679' title='bbox 1063 1719 1072 1734; x_wconf 73' lang='grc' dir='ltr'><strong>ι</strong></span> <span class='ocrx_word' id='word_1_680' title='bbox 1087 1709 1153 1736; x_wconf 88' lang='lat' dir='ltr'><strong>Cum</strong></span> <span class='ocrx_word' id='word_1_681' title='bbox 1178 1718 1220 1736; x_wconf 86' lang='lat' dir='ltr'><strong>me</strong></span> <span class='ocrx_word' id='word_1_682' title='bbox 1233 1709 1289 1744; x_wconf 87' lang='lat' dir='ltr'><strong>jam</strong></span> <span class='ocrx_word' id='word_1_683' title='bbox 1308 1711 1403 1738; x_wconf 87' lang='lat' dir='ltr'><strong>mortis</strong></span> <span class='ocrx_word' id='word_1_684' title='bbox 1418 1711 1508 1745; x_wconf 88' lang='lat' dir='ltr'><strong>januis</strong></span> <span class='ocrx_word' id='word_1_685' title='bbox 1531 1713 1682 1745; x_wconf 75' lang='lat' dir='ltr'><strong>proximum</strong></span> <span class='ocrx_word' id='word_1_686' title='bbox 1698 1720 1758 1741; x_wconf 82' lang='lat' dir='ltr'><strong>esse</strong></span> 
     </span>
    </p>
   </div>
   <div class='ocr_carea' id='block_1_92' title="bbox 965 1755 1654 1792">
    <p class='ocr_par' dir='ltr' id='par_1_92' title="bbox 965 1755 1654 1792">
     <span class='ocr_line' id='line_1_93' title="bbox 965 1755 1654 1792; baseline 0.007 -12"><span class='ocrx_word' id='word_1_687' title='bbox 965 1755 1063 1786; x_wconf 77' lang='lat' dir='ltr'><strong>sciam,</strong></span> <span class='ocrx_word' id='word_1_688' title='bbox 1078 1757 1111 1782; x_wconf 86' lang='lat' dir='ltr'><strong>de</strong></span> <span class='ocrx_word' id='word_1_689' title='bbox 1127 1755 1179 1782; x_wconf 69' lang='lat' dir='ltr'><strong>vita</strong></span> <span class='ocrx_word' id='word_1_690' title='bbox 1195 1763 1253 1783; x_wconf 89' lang='lat' dir='ltr'><strong>mea</strong></span> <span class='ocrx_word' id='word_1_691' title='bbox 1274 1756 1345 1784; x_wconf 88' lang='lat' dir='ltr'><strong>inter</strong></span> <span class='ocrx_word' id='word_1_692' title='bbox 1361 1757 1485 1785; x_wconf 89' lang='lat' dir='ltr'><strong>homines</strong></span> <span class='ocrx_word' id='word_1_693' title='bbox 1502 1758 1654 1792; x_wconf 76' lang='lat' dir='ltr'><strong>desperavi.</strong></span> 
     </span>
    </p>
   </div>
   <div class='ocr_carea' id='block_1_93' title="bbox 1001 1843 1755 1880">
    <p class='ocr_par' dir='ltr' id='par_1_93' title="bbox 1001 1843 1755 1880">
     <span class='ocr_line' id='line_1_94' title="bbox 1001 1843 1755 1880; baseline 0.005 -10"><span class='ocrx_word' id='word_1_694' title='bbox 1001 1843 1081 1871; x_wconf 63' lang='lat' dir='ltr'><strong>Vleas.</strong></span> <span class='ocrx_word' id='word_1_695' title='bbox 1098 1844 1141 1872; x_wconf 87' lang='lat' dir='ltr'><strong>II.</strong></span> <span class='ocrx_word' id='word_1_696' title='bbox 1157 1854 1165 1871; x_wconf 78' lang='grc' dir='ltr'><strong>ι</strong></span> <span class='ocrx_word' id='word_1_697' title='bbox 1182 1845 1240 1872; x_wconf 81' lang='lat' dir='ltr'><strong>Dixi</strong></span> <span class='ocrx_word' id='word_1_698' title='bbox 1255 1845 1329 1873; x_wconf 84' lang='lat' dir='ltr'><strong>:Non</strong></span> <span class='ocrx_word' id='word_1_699' title='bbox 1344 1846 1459 1880; x_wconf 87' lang='lat' dir='ltr'><strong>amplius</strong></span> <span class='ocrx_word' id='word_1_700' title='bbox 1469 1847 1565 1874; x_wconf 89' lang='lat' dir='ltr'><strong>videbo</strong></span> <span class='ocrx_word' id='word_1_701' title='bbox 1579 1847 1698 1874; x_wconf 82' lang='lat' dir='ltr'><strong>salutare</strong></span> <span class='ocrx_word' id='word_1_702' title='bbox 1708 1846 1755 1874; x_wconf 89' lang='lat' dir='ltr'><strong>Dci</strong></span> 
     </span>
    </p>
   </div>
   <div class='ocr_carea' id='block_1_94' title="bbox 964 1889 1755 1925">
    <p class='ocr_par' dir='ltr' id='par_1_94' title="bbox 964 1889 1755 1925">
     <span class='ocr_line' id='line_1_95' title="bbox 964 1889 1755 1925; baseline 0.003 -9"><span class='ocrx_word' id='word_1_703' title='bbox 964 1889 990 1916; x_wconf 89' lang='lat' dir='ltr'><strong>in</strong></span> <span class='ocrx_word' id='word_1_704' title='bbox 1010 1895 1091 1921; x_wconf 84' lang='lat' dir='ltr'><strong>terra,</strong></span> <span class='ocrx_word' id='word_1_705' title='bbox 1105 1897 1157 1917; x_wconf 90' lang='lat' dir='ltr'><strong>non</strong></span> <span class='ocrx_word' id='word_1_706' title='bbox 1174 1891 1288 1925; x_wconf 86' lang='lat' dir='ltr'><strong>amplius</strong></span> <span class='ocrx_word' id='word_1_707' title='bbox 1304 1891 1398 1918; x_wconf 84' lang='lat' dir='ltr'><strong>videbo</strong></span> <span class='ocrx_word' id='word_1_708' title='bbox 1415 1891 1561 1918; x_wconf 87' lang='lat' dir='ltr'><strong>hominem.</strong></span> <span class='ocrx_word' id='word_1_709' title='bbox 1579 1900 1589 1917; x_wconf 82' lang='grc'>›</span> <span class='ocrx_word' id='word_1_710' title='bbox 1606 1892 1710 1919; x_wconf 77' lang='lat' dir='ltr'><strong>Anxius</strong></span> <span class='ocrx_word' id='word_1_711' title='bbox 1721 1892 1755 1918; x_wconf 84' lang='lat' dir='ltr'><strong>de</strong></span> 
     </span>
    </p>
   </div>
   <div class='ocr_carea' id='block_1_95' title="bbox 963 1936 1755 1972">
    <p class='ocr_par' dir='ltr' id='par_1_95' title="bbox 963 1936 1755 1972">
     <span class='ocr_line' id='line_1_96' title="bbox 963 1936 1755 1972; baseline 0.001 -9"><span class='ocrx_word' id='word_1_712' title='bbox 963 1936 997 1963; x_wconf 86' lang='lat' dir='ltr'><strong>iis</strong></span> <span class='ocrx_word' id='word_1_713' title='bbox 1011 1944 1071 1971; x_wconf 70' lang='lat' dir='ltr'><strong>qua:</strong></span> <span class='ocrx_word' id='word_1_714' title='bbox 1091 1937 1231 1964; x_wconf 73' lang='lat' dir='ltr'><strong>deceswm</strong></span> <span class='ocrx_word' id='word_1_715' title='bbox 1252 1944 1286 1964; x_wconf 71' lang='lat' dir='ltr'><strong>ex</strong></span> <span class='ocrx_word' id='word_1_716' title='bbox 1310 1938 1360 1964; x_wconf 84' lang='lat' dir='ltr'><strong>hac</strong></span> <span class='ocrx_word' id='word_1_717' title='bbox 1375 1937 1427 1964; x_wconf 86' lang='lat' dir='ltr'><strong>vita</strong></span> <span class='ocrx_word' id='word_1_718' title='bbox 1454 1943 1679 1972; x_wconf 80' lang='lat' dir='ltr'><strong>consequuntur,</strong></span> <span class='ocrx_word' id='word_1_719' title='bbox 1692 1938 1755 1972; x_wconf 71' lang='lat' dir='ltr'><strong>jure</strong></span> 
     </span>
    </p>
   </div>
   <div class='ocr_carea' id='block_1_96' title="bbox 962 1983 1750 2019">
    <p class='ocr_par' dir='ltr' id='par_1_96' title="bbox 962 1983 1750 2019">
     <span class='ocr_line' id='line_1_97' title="bbox 962 1983 1750 2019; baseline 0.003 -11"><span class='ocrx_word' id='word_1_720' title='bbox 962 1984 1087 2018; x_wconf 72' lang='lat' dir='ltr'><strong>pietatem</strong></span> <span class='ocrx_word' id='word_1_721' title='bbox 1105 1991 1168 2018; x_wconf 74' lang='lat' dir='ltr'><strong>erga</strong></span> <span class='ocrx_word' id='word_1_722' title='bbox 1189 1984 1270 2011; x_wconf 91' lang='lat' dir='ltr'><strong>Deum</strong></span> <span class='ocrx_word' id='word_1_723' title='bbox 1293 1991 1369 2011; x_wconf 79' lang='lat' dir='ltr'><strong>suam</strong></span> <span class='ocrx_word' id='word_1_724' title='bbox 1392 1984 1441 2019; x_wconf 80' lang='lat' dir='ltr'><strong>ipsi</strong></span> <span class='ocrx_word' id='word_1_725' title='bbox 1466 1983 1521 2010; x_wconf 89' lang='lat' dir='ltr'><strong>Deo</strong></span> <span class='ocrx_word' id='word_1_726' title='bbox 1547 1984 1574 2010; x_wconf 92' lang='lat' dir='ltr'><strong>in</strong></span> <span class='ocrx_word' id='word_1_727' title='bbox 1589 1984 1750 2011; x_wconf 82' lang='lat' dir='ltr'><strong>memoriam</strong></span> 
     </span>
    </p>
   </div>
   <div class='ocr_carea' id='block_1_97' title="bbox 963 2030 1754 2067">
    <p class='ocr_par' dir='ltr' id='par_1_97' title="bbox 963 2030 1754 2067">
     <span class='ocr_line' id='line_1_98' title="bbox 963 2030 1754 2067; baseline 0 -10"><span class='ocrx_word' id='word_1_728' title='bbox 963 2033 1072 2058; x_wconf 78' lang='lat' dir='ltr'><strong>revocat</strong></span> <span class='ocrx_word' id='word_1_729' title='bbox 1085 2039 1092 2063; x_wconf 89' lang='lat'><strong>;</strong></span> <span class='ocrx_word' id='word_1_730' title='bbox 1111 2030 1219 2058; x_wconf 84' lang='lat' dir='ltr'><strong>ﬂetibus</strong></span> <span class='ocrx_word' id='word_1_731' title='bbox 1234 2035 1324 2058; x_wconf 87' lang='lat' dir='ltr'><strong>autem</strong></span> <span class='ocrx_word' id='word_1_732' title='bbox 1342 2039 1375 2058; x_wconf 84' lang='lat' dir='ltr'><strong>ne</strong></span> <span class='ocrx_word' id='word_1_733' title='bbox 1388 2039 1403 2059; x_wconf 85' lang='lat' dir='ltr'><strong>e</strong></span> <span class='ocrx_word' id='word_1_734' title='bbox 1420 2032 1530 2067; x_wconf 72' lang='lat' dir='ltr'><strong>regione</strong></span> <span class='ocrx_word' id='word_1_735' title='bbox 1541 2031 1690 2059; x_wconf 85' lang='lat' dir='ltr'><strong>viventium</strong></span> <span class='ocrx_word' id='word_1_736' title='bbox 1704 2037 1754 2058; x_wconf 80' lang='lat' dir='ltr'><strong>ex-</strong></span> 
     </span>
    </p>
   </div>
   <div class='ocr_carea' id='block_1_98' title="bbox 961 2076 1755 2111">
    <p class='ocr_par' dir='ltr' id='par_1_98' title="bbox 961 2076 1755 2111">
     <span class='ocr_line' id='line_1_99' title="bbox 961 2076 1755 2111; baseline 0.001 -8"><span class='ocrx_word' id='word_1_737' title='bbox 961 2076 1073 2109; x_wconf 82' lang='lat' dir='ltr'><strong>cideret,</strong></span> <span class='ocrx_word' id='word_1_738' title='bbox 1086 2077 1260 2110; x_wconf 85' lang='lat' dir='ltr'><strong>precabatur.</strong></span> <span class='ocrx_word' id='word_1_739' title='bbox 1275 2076 1342 2103; x_wconf 89' lang='lat' dir='ltr'><strong>Illud</strong></span> <span class='ocrx_word' id='word_1_740' title='bbox 1357 2077 1438 2104; x_wconf 88' lang='lat' dir='ltr'><strong>ctiam</strong></span> <span class='ocrx_word' id='word_1_741' title='bbox 1455 2082 1553 2111; x_wconf 57' lang='lat' dir='ltr'><strong>praeter</strong></span> <span class='ocrx_word' id='word_1_742' title='bbox 1565 2081 1664 2104; x_wconf 69' lang='lat' dir='ltr'><strong>caetera</strong></span> <span class='ocrx_word' id='word_1_743' title='bbox 1687 2077 1755 2106; x_wconf 79' lang='lat' dir='ltr'><strong>Ele-</strong></span> 
     </span>
    </p>
   </div>
   <div class='ocr_carea' id='block_1_99' title="bbox 960 2121 1753 2156">
    <p class='ocr_par' dir='ltr' id='par_1_99' title="bbox 960 2121 1753 2156">
     <span class='ocr_line' id='line_1_100' title="bbox 960 2121 1753 2156; baseline 0.001 -8"><span class='ocrx_word' id='word_1_744' title='bbox 960 2122 1050 2148; x_wconf 84' lang='lat' dir='ltr'><strong>chiam</strong></span> <span class='ocrx_word' id='word_1_745' title='bbox 1066 2121 1159 2148; x_wconf 89' lang='lat' dir='ltr'><strong>dolore</strong></span> <span class='ocrx_word' id='word_1_746' title='bbox 1172 2121 1307 2148; x_wconf 84' lang='lat' dir='ltr'><strong>alliciebat</strong></span> <span class='ocrx_word' id='word_1_747' title='bbox 1318 2141 1326 2153; x_wconf 84' lang='grc'><strong>,</strong></span> <span class='ocrx_word' id='word_1_748' title='bbox 1342 2122 1414 2156; x_wconf 86' lang='lat' dir='ltr'><strong>quod</strong></span> <span class='ocrx_word' id='word_1_749' title='bbox 1434 2121 1524 2148; x_wconf 83' lang='lat' dir='ltr'><strong>nullus</strong></span> <span class='ocrx_word' id='word_1_750' title='bbox 1538 2129 1571 2149; x_wconf 86' lang='lat' dir='ltr'><strong>ex</strong></span> <span class='ocrx_word' id='word_1_751' title='bbox 1585 2121 1689 2149; x_wconf 86' lang='lat' dir='ltr'><strong>semine</strong></span> <span class='ocrx_word' id='word_1_752' title='bbox 1702 2129 1753 2149; x_wconf 90' lang='lat' dir='ltr'><strong>suo</strong></span> 
     </span>
    </p>
   </div>
   <div class='ocr_carea' id='block_1_100' title="bbox 961 2166 1753 2202">
    <p class='ocr_par' dir='ltr' id='par_1_100' title="bbox 961 2166 1753 2202">
     <span class='ocr_line' id='line_1_101' title="bbox 961 2166 1753 2202; baseline 0 -8"><span class='ocrx_word' id='word_1_753' title='bbox 961 2173 1102 2194; x_wconf 83' lang='lat' dir='ltr'><strong>successor</strong></span> <span class='ocrx_word' id='word_1_754' title='bbox 1111 2166 1227 2198; x_wconf 85' lang='lat' dir='ltr'><strong>adesset,</strong></span> <span class='ocrx_word' id='word_1_755' title='bbox 1236 2166 1453 2201; x_wconf 86' lang='lat' dir='ltr'><strong>quandoquidem</strong></span> <span class='ocrx_word' id='word_1_756' title='bbox 1465 2174 1518 2201; x_wconf 93' lang='lat' dir='ltr'><strong>quo</strong></span> <span class='ocrx_word' id='word_1_757' title='bbox 1526 2172 1646 2202; x_wconf 86' lang='lat' dir='ltr'><strong>tempore</strong></span> <span class='ocrx_word' id='word_1_758' title='bbox 1658 2166 1753 2194; x_wconf 70' lang='lat' dir='ltr'><strong>islhaec</strong></span> 
     </span>
    </p>
   </div>
   <div class='ocr_carea' id='block_1_101' title="bbox 961 2210 1751 2248">
    <p class='ocr_par' dir='ltr' id='par_1_101' title="bbox 961 2210 1751 2248">
     <span class='ocr_line' id='line_1_102' title="bbox 961 2210 1751 2248; baseline 0.003 -10"><span class='ocrx_word' id='word_1_759' title='bbox 961 2210 1132 2247; x_wconf 79' lang='lat' dir='ltr'><strong>proferebat,</strong></span> <span class='ocrx_word' id='word_1_760' title='bbox 1155 2213 1258 2240; x_wconf 88' lang='lat' dir='ltr'><strong>nullmu</strong></span> <span class='ocrx_word' id='word_1_761' title='bbox 1274 2213 1363 2240; x_wconf 88' lang='lat' dir='ltr'><strong>adhuc</strong></span> <span class='ocrx_word' id='word_1_762' title='bbox 1386 2212 1471 2240; x_wconf 77' lang='lat' dir='ltr'><strong>filium</strong></span> <span class='ocrx_word' id='word_1_763' title='bbox 1495 2217 1665 2248; x_wconf 68' lang='lat' dir='ltr'><strong>suscepdrat.</strong></span> <span class='ocrx_word' id='word_1_764' title='bbox 1681 2212 1751 2245; x_wconf 85' lang='lat' dir='ltr'><strong>Quia</strong></span> 
     </span>
    </p>
   </div>
   <div class='ocr_carea' id='block_1_102' title="bbox 954 2257 1749 2294">
    <p class='ocr_par' dir='ltr' id='par_1_102' title="bbox 954 2257 1749 2294">
     <span class='ocr_line' id='line_1_103' title="bbox 954 2257 1749 2294; baseline -0.001 -9"><span class='ocrx_word' id='word_1_765' title='bbox 954 2259 1043 2294; x_wconf 72' lang='lat' dir='ltr'><strong>igitur</strong></span> <span class='ocrx_word' id='word_1_766' title='bbox 1062 2259 1124 2286; x_wconf 77' lang='lat' dir='ltr'><strong>[iliis</strong></span> <span class='ocrx_word' id='word_1_767' title='bbox 1142 2259 1226 2286; x_wconf 87' lang='lat' dir='ltr'><strong>orbus</strong></span> <span class='ocrx_word' id='word_1_768' title='bbox 1239 2259 1398 2292; x_wconf 85' lang='lat' dir='ltr'><strong>moriturus,</strong></span> <span class='ocrx_word' id='word_1_769' title='bbox 1415 2266 1464 2285; x_wconf 83' lang='lat' dir='ltr'><strong>nec</strong></span> <span class='ocrx_word' id='word_1_770' title='bbox 1479 2264 1667 2286; x_wconf 86' lang='lat' dir='ltr'><strong>successorem</strong></span> <span class='ocrx_word' id='word_1_771' title='bbox 1685 2257 1749 2285; x_wconf 89' lang='lat' dir='ltr'><strong>reli-</strong></span> 
     </span>
    </p>
   </div>
   <div class='ocr_carea' id='block_1_103' title="bbox 960 2303 1750 2339">
    <p class='ocr_par' dir='ltr' id='par_1_103' title="bbox 960 2303 1750 2339">
     <span class='ocr_line' id='line_1_104' title="bbox 960 2303 1750 2339; baseline -0.003 -8"><span class='ocrx_word' id='word_1_772' title='bbox 960 2310 1052 2331; x_wconf 90' lang='lat' dir='ltr'><strong>cturus</strong></span> <span class='ocrx_word' id='word_1_773' title='bbox 1066 2309 1143 2336; x_wconf 87' lang='lat' dir='ltr'><strong>erat,</strong></span> <span class='ocrx_word' id='word_1_774' title='bbox 1157 2312 1189 2331; x_wconf 79' lang='lat' dir='ltr'><strong>ex</strong></span> <span class='ocrx_word' id='word_1_775' title='bbox 1206 2312 1259 2339; x_wconf 89' lang='lat' dir='ltr'><strong>quo</strong></span> <span class='ocrx_word' id='word_1_776' title='bbox 1276 2303 1395 2331; x_wconf 83' lang='lat' dir='ltr'><strong>salutare</strong></span> <span class='ocrx_word' id='word_1_777' title='bbox 1413 2304 1461 2331; x_wconf 85' lang='lat' dir='ltr'><strong>Dei</strong></span> <span class='ocrx_word' id='word_1_778' title='bbox 1480 2305 1637 2332; x_wconf 84' lang='lat' dir='ltr'><strong>hominibus</strong></span> <span class='ocrx_word' id='word_1_779' title='bbox 1651 2308 1750 2330; x_wconf 85' lang='lat' dir='ltr'><strong>ventu-</strong></span> 
     </span>
    </p>
   </div>
   <div class='ocr_carea' id='block_1_104' title="bbox 960 2348 1749 2384">
    <p class='ocr_par' dir='ltr' id='par_1_104' title="bbox 960 2348 1749 2384">
     <span class='ocr_line' id='line_1_105' title="bbox 960 2348 1749 2384; baseline -0.003 -8"><span class='ocrx_word' id='word_1_780' title='bbox 960 2358 1018 2377; x_wconf 88' lang='lat' dir='ltr'><strong>rum</strong></span> <span class='ocrx_word' id='word_1_781' title='bbox 1032 2355 1246 2384; x_wconf 84' lang='lat' dir='ltr'><strong>exspectaretur,</strong></span> <span class='ocrx_word' id='word_1_782' title='bbox 1262 2350 1357 2376; x_wconf 86' lang='lat' dir='ltr'><strong>merito</strong></span> <span class='ocrx_word' id='word_1_783' title='bbox 1374 2348 1476 2377; x_wconf 88' lang='lat' dir='ltr'><strong>Christi</strong></span> <span class='ocrx_word' id='word_1_784' title='bbox 1492 2357 1523 2377; x_wconf 88' lang='lat' dir='ltr'><strong>ex</strong></span> <span class='ocrx_word' id='word_1_785' title='bbox 1540 2350 1644 2377; x_wconf 84' lang='lat' dir='ltr'><strong>semine</strong></span> <span class='ocrx_word' id='word_1_786' title='bbox 1665 2348 1749 2376; x_wconf 85' lang='lat' dir='ltr'><strong>David</strong></span> 
     </span>
    </p>
   </div>
   <div class='ocr_carea' id='block_1_105' title="bbox 958 2396 1397 2430">
    <p class='ocr_par' dir='ltr' id='par_1_105' title="bbox 958 2396 1397 2430">
     <span class='ocr_line' id='line_1_106' title="bbox 958 2396 1397 2430; baseline 0 -8"><span class='ocrx_word' id='word_1_787' title='bbox 958 2401 1018 2422; x_wconf 91' lang='lat' dir='ltr'><strong>ortu</strong></span> <span class='ocrx_word' id='word_1_788' title='bbox 1038 2397 1172 2430; x_wconf 86' lang='lat' dir='ltr'><strong>privatus,</strong></span> <span class='ocrx_word' id='word_1_789' title='bbox 1187 2396 1397 2423; x_wconf 87' lang='lat' dir='ltr'><strong>Iamentabatur.</strong></span> 
     </span>
    </p>
   </div>
   <div class='ocr_carea' id='block_1_106' title="bbox 994 2439 1749 2475">
    <p class='ocr_par' dir='ltr' id='par_1_106' title="bbox 994 2439 1749 2475">
     <span class='ocr_line' id='line_1_107' title="bbox 994 2439 1749 2475; baseline 0 -7"><span class='ocrx_word' id='word_1_790' title='bbox 994 2441 1074 2468; x_wconf 75' lang='lat' dir='ltr'><strong>Vsus.</strong></span> <span class='ocrx_word' id='word_1_791' title='bbox 1096 2442 1141 2469; x_wconf 74' lang='lat'><strong>1‘3.</strong></span> <span class='ocrx_word' id='word_1_792' title='bbox 1159 2451 1168 2467; x_wconf 72' lang='grc' dir='ltr'>ι</span> <span class='ocrx_word' id='word_1_793' title='bbox 1189 2441 1294 2469; x_wconf 68' lang='lat' dir='ltr'><strong>Deiecit</strong></span> <span class='ocrx_word' id='word_1_794' title='bbox 1315 2449 1329 2468; x_wconf 93' lang='lat' dir='ltr'><strong>a</strong></span> <span class='ocrx_word' id='word_1_795' title='bbox 1353 2441 1515 2475; x_wconf 76' lang='lat' dir='ltr'><strong>cognatione</strong></span> <span class='ocrx_word' id='word_1_796' title='bbox 1535 2448 1593 2467; x_wconf 89' lang='lat' dir='ltr'><strong>mea</strong></span> <span class='ocrx_word' id='word_1_797' title='bbox 1616 2449 1624 2467; x_wconf 88' lang='lat'><strong>:</strong></span> <span class='ocrx_word' id='word_1_798' title='bbox 1651 2439 1749 2468; x_wconf 79' lang='lat' dir='ltr'><strong>defecit</strong></span> 
     </span>
    </p>
   </div>
   <div class='ocr_carea' id='block_1_107' title="bbox 959 2485 1746 2521">
    <p class='ocr_par' dir='ltr' id='par_1_107' title="bbox 959 2485 1746 2521">
     <span class='ocr_line' id='line_1_108' title="bbox 959 2485 1746 2521; baseline 0.001 -9"><span class='ocrx_word' id='word_1_799' title='bbox 959 2486 1030 2520; x_wconf 88' lang='lat' dir='ltr'><strong>quod</strong></span> <span class='ocrx_word' id='word_1_800' title='bbox 1044 2486 1175 2521; x_wconf 81' lang='lat' dir='ltr'><strong>reliquum</strong></span> <span class='ocrx_word' id='word_1_801' title='bbox 1189 2491 1230 2513; x_wconf 85' lang='lat' dir='ltr'><strong>est</strong></span> <span class='ocrx_word' id='word_1_802' title='bbox 1243 2487 1304 2513; x_wconf 65' lang='lat' dir='ltr'><strong>vita:</strong></span> <span class='ocrx_word' id='word_1_803' title='bbox 1318 2494 1395 2513; x_wconf 62' lang='lat' dir='ltr'><strong>meat.</strong></span> <span class='ocrx_word' id='word_1_804' title='bbox 1409 2485 1481 2512; x_wconf 83' lang='lat' dir='ltr'><strong>Abiit</strong></span> <span class='ocrx_word' id='word_1_805' title='bbox 1496 2490 1523 2512; x_wconf 83' lang='lat' dir='ltr'><strong>et</strong></span> <span class='ocrx_word' id='word_1_806' title='bbox 1537 2485 1649 2513; x_wconf 80' lang='lat' dir='ltr'><strong>recessit</strong></span> <span class='ocrx_word' id='word_1_807' title='bbox 1666 2493 1680 2511; x_wconf 92' lang='lat' dir='ltr'><strong>a</strong></span> <span class='ocrx_word' id='word_1_808' title='bbox 1694 2492 1746 2518; x_wconf 82' lang='lat' dir='ltr'><strong>me,</strong></span> 
     </span>
    </p>
   </div>
   <div class='ocr_carea' id='block_1_108' title="bbox 959 2531 1746 2565">
    <p class='ocr_par' dir='ltr' id='par_1_108' title="bbox 959 2531 1746 2565">
     <span class='ocr_line' id='line_1_109' title="bbox 959 2531 1746 2565; baseline 0 -7"><span class='ocrx_word' id='word_1_809' title='bbox 959 2532 1029 2559; x_wconf 84' lang='lat' dir='ltr'><strong>sicut</strong></span> <span class='ocrx_word' id='word_1_810' title='bbox 1043 2532 1120 2558; x_wconf 83' lang='lat' dir='ltr'><strong>solvit</strong></span> <span class='ocrx_word' id='word_1_811' title='bbox 1136 2531 1405 2565; x_wconf 84' lang='lat' dir='ltr'><strong>tabcrnaculum,qui</strong></span> <span class='ocrx_word' id='word_1_812' title='bbox 1420 2531 1583 2558; x_wconf 69' lang='lat' dir='ltr'><strong>construxit.</strong></span> <span class='ocrx_word' id='word_1_813' title='bbox 1601 2531 1679 2558; x_wconf 76' lang='lat' dir='ltr'><strong>Sicut</strong></span> <span class='ocrx_word' id='word_1_814' title='bbox 1695 2532 1746 2558; x_wconf 87' lang='lat' dir='ltr'><strong>tela</strong></span> 
     </span>
    </p>
   </div>
   <div class='ocr_carea' id='block_1_109' title="bbox 959 2577 1748 2611">
    <p class='ocr_par' dir='ltr' id='par_1_109' title="bbox 959 2577 1748 2611">
     <span class='ocr_line' id='line_1_110' title="bbox 959 2577 1748 2611; baseline -0.001 -7"><span class='ocrx_word' id='word_1_815' title='bbox 959 2578 1070 2611; x_wconf 86' lang='lat' dir='ltr'><strong>spiritus</strong></span> <span class='ocrx_word' id='word_1_816' title='bbox 1092 2585 1167 2604; x_wconf 84' lang='lat' dir='ltr'><strong>meus</strong></span> <span class='ocrx_word' id='word_1_817' title='bbox 1185 2577 1271 2605; x_wconf 81' lang='lat' dir='ltr'><strong>lactus</strong></span> <span class='ocrx_word' id='word_1_818' title='bbox 1285 2582 1326 2604; x_wconf 88' lang='lat' dir='ltr'><strong>est</strong></span> <span class='ocrx_word' id='word_1_819' title='bbox 1347 2577 1416 2611; x_wconf 88' lang='lat' dir='ltr'><strong>apud</strong></span> <span class='ocrx_word' id='word_1_820' title='bbox 1435 2583 1479 2604; x_wconf 82' lang='lat' dir='ltr'><strong>uie</strong></span> <span class='ocrx_word' id='word_1_821' title='bbox 1491 2597 1498 2608; x_wconf 83' lang='lat'><strong>,</strong></span> <span class='ocrx_word' id='word_1_822' title='bbox 1513 2584 1577 2603; x_wconf 77' lang='lat' dir='ltr'><strong>mox</strong></span> <span class='ocrx_word' id='word_1_823' title='bbox 1602 2584 1616 2602; x_wconf 91' lang='lat' dir='ltr'><strong>a</strong></span> <span class='ocrx_word' id='word_1_824' title='bbox 1641 2581 1748 2604; x_wconf 77' lang='lat' dir='ltr'><strong>texenle</strong></span> 
     </span>
    </p>
   </div>
   <div class='ocr_carea' id='block_1_110' title="bbox 959 2621 1747 2656">
    <p class='ocr_par' dir='ltr' id='par_1_110' title="bbox 959 2621 1747 2656">
     <span class='ocr_line' id='line_1_111' title="bbox 959 2621 1747 2656; baseline -0.003 -6"><span class='ocrx_word' id='word_1_825' title='bbox 959 2623 1132 2650; x_wconf 72' lang='lat' dir='ltr'><strong>succidenda.</strong></span> <span class='ocrx_word' id='word_1_826' title='bbox 1150 2632 1159 2649; x_wconf 77' lang='grc' dir='ltr'>ι</span> <span class='ocrx_word' id='word_1_827' title='bbox 1178 2621 1394 2650; x_wconf 88' lang='lat' dir='ltr'><strong>Tabernaculum</strong></span> <span class='ocrx_word' id='word_1_828' title='bbox 1408 2626 1487 2648; x_wconf 76' lang='lat' dir='ltr'><strong>vacat</strong></span> <span class='ocrx_word' id='word_1_829' title='bbox 1505 2629 1604 2656; x_wconf 83' lang='lat' dir='ltr'><strong>corpus</strong></span> <span class='ocrx_word' id='word_1_830' title='bbox 1617 2642 1624 2654; x_wconf 91' lang='lat'><strong>,</strong></span> <span class='ocrx_word' id='word_1_831' title='bbox 1640 2621 1747 2648; x_wconf 85' lang='lat' dir='ltr'><strong>inhabi-</strong></span> 
     </span>
    </p>
   </div>
   <div class='ocr_carea' id='block_1_111' title="bbox 959 2668 1746 2702">
    <p class='ocr_par' dir='ltr' id='par_1_111' title="bbox 959 2668 1746 2702">
     <span class='ocr_line' id='line_1_112' title="bbox 959 2668 1746 2702; baseline -0.001 -6"><span class='ocrx_word' id='word_1_832' title='bbox 959 2674 1057 2696; x_wconf 87' lang='lat' dir='ltr'><strong>tantem</strong></span> <span class='ocrx_word' id='word_1_833' title='bbox 1073 2669 1138 2696; x_wconf 88' lang='lat' dir='ltr'><strong>dicit</strong></span> <span class='ocrx_word' id='word_1_834' title='bbox 1155 2670 1272 2696; x_wconf 88' lang='lat' dir='ltr'><strong>animam</strong></span> <span class='ocrx_word' id='word_1_835' title='bbox 1287 2678 1294 2695; x_wconf 89' lang='lat'><strong>:</strong></span> <span class='ocrx_word' id='word_1_836' title='bbox 1309 2676 1360 2702; x_wconf 81' lang='lat' dir='ltr'><strong>qua</strong></span> <span class='ocrx_word' id='word_1_837' title='bbox 1377 2668 1533 2699; x_wconf 84' lang='lat' dir='ltr'><strong>recedente,</strong></span> <span class='ocrx_word' id='word_1_838' title='bbox 1545 2675 1643 2701; x_wconf 83' lang='lat' dir='ltr'><strong>corpus</strong></span> <span class='ocrx_word' id='word_1_839' title='bbox 1657 2668 1746 2695; x_wconf 87' lang='lat' dir='ltr'><strong>soluto</strong></span> 
     </span>
    </p>
   </div>
   <div class='ocr_carea' id='block_1_112' title="bbox 958 2712 1747 2747">
    <p class='ocr_par' dir='ltr' id='par_1_112' title="bbox 958 2712 1747 2747">
     <span class='ocr_line' id='line_1_113' title="bbox 958 2712 1747 2747; baseline -0.001 -7"><span class='ocrx_word' id='word_1_840' title='bbox 958 2713 1134 2741; x_wconf 85' lang='lat' dir='ltr'><strong>tabernaculo</strong></span> <span class='ocrx_word' id='word_1_841' title='bbox 1147 2713 1236 2740; x_wconf 89' lang='lat' dir='ltr'><strong>simile</strong></span> <span class='ocrx_word' id='word_1_842' title='bbox 1251 2718 1303 2741; x_wconf 85' lang='lat' dir='ltr'><strong>est.</strong></span> <span class='ocrx_word' id='word_1_843' title='bbox 1327 2712 1545 2739; x_wconf 84' lang='lat' dir='ltr'><strong>Tabernaculum</strong></span> <span class='ocrx_word' id='word_1_844' title='bbox 1559 2719 1623 2739; x_wconf 88' lang='lat' dir='ltr'><strong>vero</strong></span> <span class='ocrx_word' id='word_1_845' title='bbox 1647 2719 1747 2747; x_wconf 86' lang='lat' dir='ltr'><strong>corpus</strong></span> 
     </span>
    </p>
   </div>
   <div class='ocr_carea' id='block_1_113' title="bbox 954 2756 1744 2794">
    <p class='ocr_par' dir='ltr' id='par_1_113' title="bbox 954 2756 1744 2794">
     <span class='ocr_line' id='line_1_114' title="bbox 954 2756 1744 2794; baseline -0.003 -8"><span class='ocrx_word' id='word_1_846' title='bbox 954 2759 1079 2794; x_wconf 81' lang='lat' dir='ltr'><strong>appellat,</strong></span> <span class='ocrx_word' id='word_1_847' title='bbox 1095 2759 1157 2793; x_wconf 66' lang='lat' dir='ltr'><strong>Quia</strong></span> <span class='ocrx_word' id='word_1_848' title='bbox 1173 2758 1282 2785; x_wconf 89' lang='lat' dir='ltr'><strong>divinus</strong></span> <span class='ocrx_word' id='word_1_849' title='bbox 1299 2758 1363 2785; x_wconf 87' lang='lat' dir='ltr'><strong>item</strong></span> <span class='ocrx_word' id='word_1_850' title='bbox 1377 2756 1524 2791; x_wconf 84' lang='lat' dir='ltr'><strong>Apostolus</strong></span> <span class='ocrx_word' id='word_1_851' title='bbox 1544 2756 1744 2784; x_wconf 69' lang='lat' dir='ltr'><strong>tabernaculum</strong></span> 
     </span>
    </p>
   </div>
   <div class='ocr_carea' id='block_1_114' title="bbox 954 2803 1740 2840">
    <p class='ocr_par' dir='ltr' id='par_1_114' title="bbox 954 2803 1740 2840">
     <span class='ocr_line' id='line_1_115' title="bbox 954 2803 1740 2840; baseline -0.004 -8"><span class='ocrx_word' id='word_1_852' title='bbox 954 2805 1041 2840; x_wconf 86' lang='lat' dir='ltr'><strong>ipsum</strong></span> <span class='ocrx_word' id='word_1_853' title='bbox 1066 2804 1183 2832; x_wconf 81' lang='lat' dir='ltr'><strong>vocavit.</strong></span> <span class='ocrx_word' id='word_1_854' title='bbox 1203 2804 1302 2830; x_wconf 86' lang='lat' dir='ltr'><strong>Verum</strong></span> <span class='ocrx_word' id='word_1_855' title='bbox 1326 2803 1406 2830; x_wconf 83' lang='lat' dir='ltr'><strong>etiam</strong></span> <span class='ocrx_word' id='word_1_856' title='bbox 1425 2803 1497 2830; x_wconf 88' lang='lat' dir='ltr'><strong>sicut</strong></span> <span class='ocrx_word' id='word_1_857' title='bbox 1519 2803 1571 2829; x_wconf 83' lang='lat' dir='ltr'><strong>tela</strong></span> <span class='ocrx_word' id='word_1_858' title='bbox 1599 2810 1658 2836; x_wconf 68' lang='lat' dir='ltr'><strong>qua:</strong></span> <span class='ocrx_word' id='word_1_859' title='bbox 1671 2809 1686 2829; x_wconf 85' lang='lat' dir='ltr'><strong>a</strong></span> <span class='ocrx_word' id='word_1_860' title='bbox 1705 2807 1740 2830; x_wconf 84' lang='lat' dir='ltr'><strong>te-</strong></span> 
     </span>
    </p>
   </div>
   <div class='ocr_carea' id='block_1_115' title="bbox 957 2848 1744 2882">
    <p class='ocr_par' dir='ltr' id='par_1_115' title="bbox 957 2848 1744 2882">
     <span class='ocr_line' id='line_1_116' title="bbox 957 2848 1744 2882; baseline -0.005 -4"><span class='ocrx_word' id='word_1_861' title='bbox 957 2857 1038 2878; x_wconf 72' lang='lat' dir='ltr'><strong>xente</strong></span> <span class='ocrx_word' id='word_1_862' title='bbox 1051 2850 1212 2882; x_wconf 83' lang='lat' dir='ltr'><strong>succiditur,</strong></span> <span class='ocrx_word' id='word_1_863' title='bbox 1228 2850 1267 2877; x_wconf 85' lang='lat' dir='ltr'><strong>sic</strong></span> <span class='ocrx_word' id='word_1_864' title='bbox 1282 2854 1309 2876; x_wconf 88' lang='lat' dir='ltr'><strong>ct</strong></span> <span class='ocrx_word' id='word_1_865' title='bbox 1329 2849 1390 2875; x_wconf 75' lang='lat' dir='ltr'><strong>vita:</strong></span> <span class='ocrx_word' id='word_1_866' title='bbox 1405 2857 1472 2876; x_wconf 70' lang='lat' dir='ltr'><strong>mea:</strong></span> <span class='ocrx_word' id='word_1_867' title='bbox 1488 2853 1594 2875; x_wconf 83' lang='lat' dir='ltr'><strong>textura</strong></span> <span class='ocrx_word' id='word_1_868' title='bbox 1613 2849 1647 2875; x_wconf 86' lang='lat' dir='ltr'><strong>ad</strong></span> <span class='ocrx_word' id='word_1_869' title='bbox 1664 2848 1744 2875; x_wconf 82' lang='lat' dir='ltr'><strong>ﬁnem</strong></span> 
     </span>
    </p>
   </div>
   <div class='ocr_carea' id='block_1_116' title="bbox 958 2894 1745 2933">
    <p class='ocr_par' dir='ltr' id='par_1_116' title="bbox 958 2894 1745 2933">
     <span class='ocr_line' id='line_1_117' title="bbox 958 2894 1745 2933; baseline -0.005 -10"><span class='ocrx_word' id='word_1_870' title='bbox 958 2898 1056 2933; x_wconf 72' lang='lat' dir='ltr'><strong>vergit,</strong></span> <span class='ocrx_word' id='word_1_871' title='bbox 1068 2904 1130 2925; x_wconf 82' lang='lat' dir='ltr'><strong>mox</strong></span> <span class='ocrx_word' id='word_1_872' title='bbox 1149 2896 1321 2925; x_wconf 82' lang='lat' dir='ltr'><strong>succidenda.</strong></span> <span class='ocrx_word' id='word_1_873' title='bbox 1341 2894 1445 2930; x_wconf 73' lang='lat' dir='ltr'><strong>Singuli</strong></span> <span class='ocrx_word' id='word_1_874' title='bbox 1464 2895 1546 2930; x_wconf 66' lang='lat' dir='ltr'><strong>igitur</strong></span> <span class='ocrx_word' id='word_1_875' title='bbox 1561 2895 1684 2922; x_wconf 82' lang='lat' dir='ltr'><strong>homines</strong></span> <span class='ocrx_word' id='word_1_876' title='bbox 1698 2901 1745 2928; x_wconf 80' lang='lat' dir='ltr'><strong>per</strong></span> 
     </span>
    </p>
   </div>
  </div>
