2044 3215
288 184 341 212 559

643 179 777 208 EUSEBll
794 178 1031 207 CIESARIENSIS
1049 178 1125 207 OPP.
1146 178 1236 206 PARS
1256 180 1302 208 lll.
1322 195 1356 200 -—
1375 179 1582 209 EXEGETICA.

1869 184 1920 212 510

289 245 362 276 gesta
382 245 408 267 et
421 246 503 274 opera
518 245 567 265 sua
587 243 690 265 vestem
707 238 757 266 sibi
782 243 890 271 texunt,
908 242 935 265 et
951 242 1076 265 ornatum

1128 238 1280 274 ἀνθρώπων
1308 238 1402 274 στολὴν
1422 238 1552 272 ὑφαίνων,
1579 238 1626 264 καὶ
1655 239 1757 274 κόσμον
1775 240 1807 275 τῇ
1825 239 1920 267 ἑαυτοῦ

288 287 385 314 animm
399 293 456 312 sure
470 285 686 318 circumponnnt.

326 331 408 359 Vsus.
424 330 468 357 l5.
491 339 500 356 ι
520 330 547 357 In
566 329 609 356 die
623 329 667 356 illa
684 329 800 356 traditus
820 336 879 356 sum
896 335 981 363 usque
997 335 1076 355 mane

289 378 374 405 veluti
392 377 477 408 'leoui,
498 377 538 403 sic
562 375 690 403 contrivit
707 375 799 401 omnia
823 382 885 402 ossa
907 382 976 402 mea.
992 374 1014 401 A
1033 374 1076 402 die

287 425 359 452 ctiim
376 431 461 458 usque
473 423 505 449 ad
520 428 625 450 noctem
640 421 755 448 traditus
766 429 836 448 sum.
852 430 861 445 ι
875 419 1003 447 Traditus
1015 428 1075 448 sum

287 478 335 497 ren
353 469 421 497 leoni
435 469 541 496 cuidam
558 468 681 495 homines
695 467 835 494 devoranti
846 486 853 499 ,
870 467 916 501 qui
933 467 1009 501 quasi
1029 473 1077 500 per

287 517 389 544 illatam
405 515 469 542 mihi
487 514 692 544 infirmitatem,
709 517 765 539 tota
781 512 824 539 die
839 516 866 539 et
882 517 961 539 nocte
973 512 1077 540 contri-

286 562 324 588 vit
339 562 427 589 omnia
446 568 506 588 ossa
521 567 580 586 mea
594 568 602 593 ',
619 566 768 594 parumque
783 558 881 591 abfuit,
896 558 961 593 quin
976 565 1020 585 me
1036 563 1075 585 to,

287 612 342 633 tum
356 608 507 634 devoraret.

323 652 406 679 Vsus.
423 652 467 679 Μ.
487 661 496 677 ι
513 651 590 678 Sicut
612 650 740 682 hirundo,
764 650 803 677 sic
816 650 949 681 clamabo,
964 654 991 676 et
1005 649 1077 677 sicut

287 699 420 729 columba,
432 698 472 725 sic
485 697 644 724 meditabor.
662 696 825 723 Defecerunt
838 696 910 723 enim
923 695 994 723 oculi
1011 696 1075 728 mei,

287 750 316 772 ut
330 752 364 772 ne
377 744 527 778 aspicerem
550 742 737 770 celsitudinem
755 741 817 768 cwli
835 741 868 768 ad
893 741 1047 768 Dominum.
1064 749 1073 766 ι

286 792 412 818 Attamen
429 789 456 816 in
480 789 532 816 hac
551 795 640 815 rermn
657 787 829 819 conditione,
844 794 897 814 non
923 786 1076 814 inﬁrmatus

287 844 346 864 sum
359 857 366 868 ,
382 843 433 863 nec
445 843 460 861 ει
477 834 531 862 Deo
544 840 603 861 meo
620 833 740 865 recessi,
754 833 801 860 sed
818 832 870 860 ﬁde
886 841 988 868 speque
1005 833 1075 860 bona

287 883 420 916 meipsum
435 881 600 908 conﬁrmans
610 899 618 912 ,
633 878 742 906 ﬂetibus
763 882 791 905 et
805 878 922 906 orationi
939 887 982 906 me
994 878 1053 906 dedi
1067 886 1074 911 ;

287 936 331 955 nte
345 935 409 955 vero
424 927 533 954 assidue
547 930 652 958 orante,
667 929 749 959 atque
761 924 887 958 precibus
901 925 970 959 apud
991 925 1073 952 Deum
1091 923 1113 952 Β

287 974 443 1006 insistente,
457 973 514 1007 ipse
531 981 541 998 ι
557 972 630 999 eruit
644 979 697 1005 me,
711 976 737 998 et
751 971 863 999 abstulit
877 971 998 999 dolorem
1015 972 1076 999 ani-

286 1028 337 1047 maz
351 1027 427 1047 mete.
447 1028 456 1045 I
474 1018 529 1050 Ille,
545 1018 668 1053 inquam,
683 1016 751 1044 nibil
764 1021 920 1050 cunctatus,
931 1018 1004 1045 eruit
1022 1025 1075 1050 me,

285 1072 314 1094 et
335 1066 445 1094 sustulit
469 1065 590 1094 dolorem
615 1064 715 1091 animae
736 1071 803 1092 mete
822 1074 828 1092 :
845 1072 878 1092 ac
904 1065 927 1092 si
952 1064 1077 1092 videlicet

287 1112 428 1147 promissis
454 1111 534 1138 ﬁdem
560 1110 674 1138 adderet
705 1117 767 1145 quae
798 1110 903 1137 sanctis
937 1111 995 1138 suis
1031 1111 1078 1137 tle-

286 1159 326 1185 dit
345 1158 388 1185 his
407 1157 517 1186 verbis:
541 1166 550 1182 ι
571 1157 667 1184 Adhuc
687 1161 714 1184 te
731 1155 870 1191 loquente,
883 1156 971 1184 dicam
985 1165 992 1183 :
1008 1156 1078 1184 Ecce

288 1204 393 1232 adsum.
414 1213 424 1230 ι

322 1316 405 1344 Vsus.
426 1315 469 1345 l6.
488 1325 497 1342 ι
518 1315 643 1348 Domine,
654 1315 689 1343 de
706 1315 762 1350 ipsa
775 1315 875 1350 quippe
893 1315 1077 1343 renuntiatum

286 1365 330 1388 est
344 1361 392 1388 tibi
407 1369 414 1388 :
433 1365 462 1388 et
477 1360 603 1387 excitasti
620 1360 744 1394 spiritum
764 1367 864 1391 tnettm,
881 1365 908 1387 ct
922 1358 1078 1386 consolatus

287 1407 341 1433 vixi
354 1406 422 1442 (55).
439 1415 449 1432 ι
466 1406 523 1433 Non
534 1408 606 1441 quod
617 1406 651 1433 iis
662 1406 761 1440 dignus
776 1413 865 1433 essent
879 1417 886 1432 ;
903 1413 965 1431 nam
982 1412 1078 1439 pecca-

289 1452 322 1478 tis
337 1451 428 1478 multis
442 1450 536 1484 plenus
549 1457 624 1476 eram
636 1470 644 1481 ,
658 1451 705 1476 sed
722 1457 756 1476 ex
775 1449 964 1476 misericordia
983 1453 1010 1476 et
1026 1449 1078 1476 cle-

288 1496 388 1523 mentia
403 1500 447 1521 tua
463 1495 520 1521 haec
534 1493 692 1521 adfuerunt.

325 1552 406 1580 Vsus.
424 1551 517 1578 17-19.
537 1559 547 1576 ι
568 1550 670 1578 Eruisti
694 1551 766 1578 enim
785 1551 904 1578 animam
919 1559 1006 1579 meant
1019 1571 1026 1583 ,
1049 1555 1077 1578 ut

1131 285 1278 321 περιτιθεὶς
1292 285 1364 320 ψυχῇ
1381 285 1425 311 διὰ
1439 285 1493 311 τῶν
1509 285 1592 311 αὑτοῦ
1607 286 1742 320 πράξεων.

1169 340 1179 357 ι
1199 331 1244 358 Ἑν
1260 332 1293 366 τῇ
1307 331 1399 367 ἡμέρᾳ
1422 331 1515 368 ἐκείνῃ
1541 331 1694 367 παρεδόθην
1714 332 1766 364 ἕως
1786 332 1860 368 πρωϊ
1885 333 1922 365 ὡς

1129 377 1227 410 λέοντι,
1252 377 1338 410 οὕτως
1359 378 1504 414 συνέτριψε
1528 379 1617 405 πάντα
1635 378 1670 405 τὰ
1683 379 1751 406 ὀπᾶ
1770 388 1833 412 μου.
1856 379 1922 406 Ἀπὸ

1129 422 1184 458 γὰρ
1199 423 1249 458 τῆς
1262 423 1368 459 ἡμέρας
1385 423 1539 455 ἓωςνυκτὸς
1547 423 1708 458 παρεδόθην.
1730 433 1739 449 ι
1749 424 1856 459 Ὥσπερ
1869 425 1923 458 τινὶ

1129 469 1331 506 ἀνθρωποὸόρῳ
1347 469 1444 501 λέοντι,
1460 470 1489 501 ὅς
1507 478 1537 496 τε
1547 470 1586 501 ὡς
1602 470 1651 505 μὲν
1664 470 1707 497 διὰ
1724 470 1774 506 τῆς
1790 471 1923 498 ὲπιτεθεί-
1943 483 1947 488 ·

1131 523 1181 550 σης
1206 522 1251 551 μοι
1273 515 1429 550 ἀρρωστίας
1448 515 1492 542 διὰ
1512 516 1603 551 πάσης
1624 516 1721 548 νυκτὸς
1748 517 1795 543 καὶ
1815 518 1923 553 ἡμέρας

1131 561 1273 597 συνέτριψε
1287 562 1375 588 πάντα
1383 562 1418 589 τὰ
1430 562 1497 589 ὀστᾶ
1511 571 1572 598 μου·
1588 563 1686 598 μικοοῦ
1703 563 1731 590 δὲ
1744 563 1799 590 δεῖν
1809 565 1857 591 καὶ
1865 565 1924 591 ὅλον

1129 608 1211 635 αὐτὸν
1227 609 1371 635 καταπιεῖν
1387 617 1420 644 με
1437 608 1560 643 ἔμελλεν.

1167 665 1177 681 ι
1201 654 1244 686 Ὧς
1263 655 1383 690 χελιδὼν,
1400 655 1472 681 οὓτω
1492 656 1619 691 φωνήσω,
1637 655 1684 683 καὶ
1707 655 1744 688 ὡς
1762 657 1923 693 περιστερὰ,

1129 701 1200 728 οὓτω
1224 701 1339 736 μελετῶ.
1363 701 1502 733 Ἐξὲλιπον
1528 701 1582 737 γάρ
1601 710 1653 736 μου
1673 703 1697 728 οἱ
1719 702 1854 738 ὀφθαλμοὶ
1876 704 1924 730 τοῦ

1130 745 1241 781 βλέπειν
1265 747 1306 778 εἰς
1325 746 1355 772 τὸ
1368 745 1435 780 ὕψος
1447 745 1495 772 τοῦ
1507 745 1622 780 οὐρανοῦ
1635 746 1705 782 πρὸς
1719 747 1765 773 τὸν
1780 747 1894 783 Κύριον.
1912 758 1922 774 ι

1130 793 1226 828 Ὅμως
1247 793 1269 819 δ’
1281 791 1328 820 οὖν
1343 793 1371 820 ὲν
1384 792 1489 824 τούτοις
1503 793 1658 828 γενόμενος,
1680 793 1729 820 οὐκ
1745 785 1924 829 ἐξησθένησα,

1128 838 1189 865 οὐδὲ
1205 837 1252 865 τοῦ
1266 837 1333 864 Θεοῦ
1348 847 1398 874 μου
1415 837 1588 874 ἀνεχώρησα,
1602 838 1744 865 ἀναλαϐὼν
1760 839 1788 865 δὲ
1805 840 1924 874 ἐμαυτὸν

1129 885 1220 911 πίστει
1245 884 1292 912 καὶ
1316 884 1406 920 ἀγαθῇ
1431 884 1531 917 ἐλπίδι,
1557 883 1690 920 κλαυθμῷ
1717 885 1764 912 καὶ
1783 887 1923 921 προσευχῇ

1126 931 1272 968 παρέδωκα
1292 932 1418 967 ἐμαυτόν.
1431 931 1585 967 Εὐχομένου
1599 930 1627 957 δέ
1644 940 1705 967 μου,
1718 932 1809 967 φησιν,
1827 932 1924 968 ἐπιμό-

1126 987 1189 1010 νως,
1204 979 1253 1005 καὶ
1268 978 1429 1014 ἐγκειμένου
1455 978 1506 1014 τῆς
1521 977 1590 1013 πρὸς
1613 978 1660 1005 τὸν
1678 978 1744 1005 Θεὸν
1770 979 1923 1014 ἱκετηρίας,

1126 1024 1157 1057 ὃς
1179 1034 1188 1051 ι
1208 1024 1329 1057 ἐξείλατό
1355 1033 1408 1060 με,
1435 1024 1484 1050 καὶ
1515 1024 1647 1058 ἀφειλατό
1674 1033 1725 1059 μου
1751 1024 1802 1060 τὴν
1826 1025 1923 1061 ὀδύνην

1125 1071 1175 1107 τῆς
1195 1071 1294 1107 ψυχῆς,
1314 1070 1364 1097 »ὐ
1386 1070 1419 1105 δὴ
1435 1069 1472 1106 μὴ
1498 1070 1635 1106 μελλήσας
1664 1070 1781 1102 ἐξείλετό
1806 1079 1851 1106 με,
1877 1071 1924 1098 καὶ

1126 1117 1253 1151 ἀφείλετό
1281 1125 1332 1152 μου
1362 1116 1412 1152 τὴν
1428 1116 1523 1151 ὀδύνην
1539 1116 1589 1151 1τῆς
1608 1116 1707 1152 ψυχῆς·
1721 1116 1862 1151 μονονουχὶ
1876 1116 1922 1143 τὸν

1126 1162 1209 1189 αὑτοῦ
1225 1162 1304 1197 λόγον
1316 1162 1533 1198 πιστωσάμενος,
1550 1162 1580 1188 ὃν
1593 1163 1761 1198 ἐπήγγελται
1770 1164 1827 1194 τοῖς
1836 1163 1923 1197 ἁγίοις

1126 1208 1209 1235 αὑτοῦ
1233 1207 1328 1237 εἰπών·
1349 1218 1359 1235 ς
1372 1209 1431 1236 Ἔτι
1444 1208 1587 1240 λαλοῦντός
1604 1217 1662 1242 σου,
1678 1209 1744 1244 ἐρῶ·
1767 1209 1831 1237 Ἰδοὺ
1850 1209 1923 1245 πάρ-

1126 1262 1197 1289 ειμι.
1220 1263 1230 1280 ι

1164 1309 1174 1326 ι
1193 1300 1290 1336 Κύριε,
1302 1300 1366 1336 περὶ
1378 1301 1480 1336 ταύτης
1487 1300 1542 1336 γὰρ
1549 1300 1687 1335 ἀνηγγέλη
1699 1309 1752 1332 dot,-
1763 1301 1811 1328 καὶ
1822 1300 1924 1336 ἐξήγει-

1131 1346 1180 1381 ράς
1194 1355 1244 1382 μου
1255 1347 1305 1382 τὴν
1322 1346 1417 1382 πνοὴν,
1443 1347 1490 1374 καὶ
1507 1345 1695 1382 παρακληθεὶς
1713 1346 1808 1382 ἔζησα.
1837 1356 1846 1373 ι
1866 1347 1922 1381 οὒλ

1128 1391 1170 1418 ὃτι
1182 1391 1286 1420 τούτων
1295 1391 1369 1424 ἄξιος
1383 1393 1457 1428 ήμην
1471 1392 1536 1427 ἐγὼ
1545 1392 1650 1422 πολλῶν
1659 1393 1713 1428 γὰρ
1722 1393 1819 1428 μεστὸς
1831 1393 1920 1428 ἁμαρ-

1127 1437 1193 1465 τιῶν
1207 1438 1289 1470 αὐτὸς
1308 1439 1440 1474 ὑπῆρχον·
1453 1438 1521 1466 ἀλλὰ
1544 1438 1584 1474 τῷ
1596 1438 1635 1474 σῷ
1649 1438 1715 1474 ἐλέῳ
1726 1438 1773 1465 καὶ
1784 1440 1818 1474 τῇ
1830 1440 1864 1474 σῇ
1878 1447 1923 1474 φι-

1128 1483 1193 1511 λανθ
1198 1484 1288 1520 ρωπίᾳ
1303 1484 1389 1511 ταῦτα
1403 1485 1535 1520 παρέστη.

1166 1551 1175 1566 ι
1193 1541 1274 1568 Εἴλου
1286 1542 1340 1577 γάρ
1355 1550 1405 1577 μου
1421 1542 1471 1577 τὴν
1483 1541 1583 1577 ψυχὴν,
1598 1542 1641 1569 ἵνα
1661 1542 1698 1578 μὴ
1713 1542 1858 1578 ἀπόληται,
1874 1543 1922 1570 καὶ

287 1606 341 1626 non
356 1598 474 1633 periret,
490 1602 518 1624 et
542 1597 680 1632 proiecisti
704 1601 779 1625 retro
795 1604 838 1624 me
855 1597 946 1624 omnia
967 1601 1076 1636 peccata

1130 1587 1284 1623 ἀπέρριψας
1298 1587 1386 1614 ὀπίσω
1406 1596 1457 1622 μου
1481 1588 1571 1620 πάσας
1582 1588 1631 1620 τὰς
1646 1588 1791 1623 ἁμαρτίας.
1809 1589 1846 1615 Οὐ
1867 1589 1922 1624 γὰρ

287 1652 359 1672 mea.
376 1643 472 1677 Neque
479 1642 552 1669 enim
567 1643 612 1676 qui
627 1643 652 1670 in
670 1642 776 1670 inferno
793 1648 857 1670 sunt
871 1642 1021 1670 laudabunt
1035 1647 1075 1676 te,

288 1696 376 1723 neque
389 1688 434 1723 qui
452 1688 551 1716 mortui
569 1692 641 1719 sunt,
659 1687 818 1714 benedicent
832 1687 878 1715 tibi
889 1708 896 1720 ,
911 1695 998 1722 neque
1013 1695 1076 1722 spe-

287 1735 386 1762 rabunt
398 1754 407 1767 ,
421 1734 466 1768 qui
487 1735 514 1761 in
531 1733 637 1760 inl‘cruo
652 1737 716 1760 sunt
729 1753 737 1764 .
751 1733 966 1761 misericordiam
981 1738 1053 1760 tuam
1068 1743 1075 1762 :

285 1781 332 1816 qui
343 1782 436 1807 vivunt
449 1779 610 1807 benedicent
623 1778 681 1811 tibi,
691 1778 763 1805 sicut
774 1784 802 1805 et
812 1786 871 1813 ego.
886 1779 927 1806 Ab
942 1779 993 1806 hoc
1003 1780 1076 1806 enim

286 1827 330 1853 die
346 1826 415 1854 iilios
425 1825 515 1856 edant,
531 1824 578 1859 qui
592 1822 941 1857 annuutiabuntjustitiam
959 1829 1042 1852 tuam.
1064 1834 1073 1851 ι

286 1871 433 1907 lmpiorum
448 1871 580 1905 siquidem
594 1869 674 1898 locus
685 1874 727 1896 est
742 1869 865 1897 infernus
882 1877 889 1896 :
912 1877 1079 1905 quapropter

285 1926 348 1945 eum
368 1918 456 1946 animo
478 1925 539 1946 mea
562 1916 608 1944 illo
624 1920 718 1950 erepta
734 1915 786 1948 sit,
804 1915 859 1943 Deo
874 1916 953 1948 lzetus
975 1918 1079 1953 gratias

288 1964 385 1992 refero.
401 1963 488 1998 Regio
500 1967 589 1990 autem
609 1970 703 1994 eorum
717 1963 761 1998 qui
782 1963 852 1999 apud
875 1963 960 1992 Deum
973 1964 1077 1996 vivunt,

287 2017 336 2036 eos
351 2010 400 2043 qui
421 2009 508 2043 ipsum
534 2007 646 2037 laudant
672 2009 790 2042 excipiet
811 2018 817 2036 :
843 2009 888 2037 ubi
909 2016 951 2036 me
970 2009 1077 2036 demum

289 2055 410 2082 futurum
429 2061 490 2084 esse
514 2053 641 2085 conﬁdo,
661 2055 749 2089 gratia
775 2059 820 2081 tua
847 2054 874 2081 id
894 2054 958 2084 mibi
980 2062 1078 2082 conce-

288 2101 382 2128 dente.
738 2131 741 2134 _

327 2143 407 2172 Vsus.
426 2143 473 2173 20.
501 2152 510 2168 ι
533 2144 603 2174 Deus
626 2143 721 2170 salutis
744 2151 828 2176 meat,
850 2151 937 2177 neque
957 2143 1077 2170 desinam

289 2191 402 2220 laudare
420 2196 451 2218 te
469 2197 530 2218 cum
551 2190 680 2225 psalterio
698 2190 806 2218 cunctis
821 2190 916 2219 diebus
930 2190 992 2216 vita:
1013 2197 1080 2217 mea:

289 2238 318 2266 in
343 2241 491 2272 conspectu
518 2238 614 2264 domus
638 2235 694 2264 Dei.
719 2245 729 2261 ι
751 2236 811 2264 Tibi
838 2243 944 2270 semper
975 2240 1077 2267 astans,

1129 1634 1153 1660 οἱ
1166 1634 1194 1660 ὲν
1209 1633 1272 1669 ᾅδου
1287 1634 1423 1660 αἰνέσουσι
1438 1643 1480 1666 σε,
1500 1634 1560 1661 οὐδὲ
1574 1635 1598 1661 οἱ
1613 1634 1795 1666 ἀποθανόντες
1811 1635 1922 1670 εὐλογή-

1130 1679 1206 1707 σουσί
1228 1688 1270 1711 σε,
1291 1680 1351 1707 οὐδὲ
1366 1680 1488 1707 ὲλπιοῦσι
1509 1681 1534 1707 οἱ
1549 1681 1576 1707 ὲν
1590 1680 1653 1716 ᾅδου
1675 1680 1723 1716 τὴν
1738 1681 1923 1716 ἐλεημοσύνην

1130 1734 1187 1752 σου·
1205 1726 1230 1752 οἱ
1244 1726 1344 1758 ζῶντες
1361 1726 1537 1761 εὐλογήσουσί
1556 1735 1586 1753 σε
1602 1727 1632 1753 ὂν
1644 1727 1743 1762 τρόπον
1753 1726 1842 1760 κάγώ.
1858 1727 1923 1754 Ἀπὺ

1129 1771 1183 1806 γὰρ
1193 1771 1244 1806 τῆς
1259 1772 1379 1807 σήμερον
1395 1772 1488 1798 παιδία
1514 1772 1630 1808 ποιήσω,
1643 1771 1661 1799 ἃ
1673 1772 1852 1806 ἁναγγελοῦσι
1873 1773 1923 1808 τὴν

1128 1818 1302 1853 δικαιοσύνην
1329 1827 1386 1846 σου.
1407 1828 1416 1843 ι
1433 1818 1539 1854 Χωρίον
1558 1819 1612 1854 γάρ
1625 1820 1699 1845 ἐστιν
1711 1818 1816 1845 ἀσεϐῶν
1833 1819 1920 1845 τοῦτο·

1128 1865 1168 1891 διὸ
1184 1865 1232 1900 τὴν
1243 1865 1331 1900 ψυχὴν
1348 1865 1541 1901 ἐλευθερωθεὶς
1556 1865 1586 1897 ἐξ
1606 1866 1698 1898 αὐτοῦ,
1715 1865 1817 1901 χαίρων
1830 1866 1922 1892 ἀποδί-

1128 1910 1198 1946 δωμι
1210 1910 1249 1946 τῷ
1260 1911 1319 1946 Θεῷ
1330 1912 1380 1947 τὴν
1395 1911 1580 1946 εὐχαριστίαν.
1605 1912 1636 1937 'H
1650 1911 1677 1938 δὲ
1693 1911 1770 1946 χώρα
1782 1912 1837 1939 τῶν
1848 1912 1923 1947 παρὰ

1129 1957 1188 1992 Θεῷ
1201 1957 1310 1989 ζώντων
1324 1958 1443 1989 καὶτοὺς
1459 1957 1601 1989 αἰνοῦντας
1613 1958 1781 1990 ὑποδέξεται·
1795 1957 1860 1985 ἔνθα
1876 1958 1922 1984 καὶ

1129 2002 1211 2035 αὐτὸς
1219 2002 1312 2030 λοιπὸν
1325 2003 1487 2038 γενήσεσθαι
1509 2003 1639 2035 πιστεύω,
1654 2003 1732 2029 τοῦτὸ
1749 2012 1793 2038 μοι
1807 2004 1857 2039 τῆς
1873 2003 1923 2039 σῆς

1129 2049 1327 2085 δωρησαμένης
1340 2049 1459 2085 χάριτος.

1168 2149 1176 2164 ι
1191 2139 1242 2165 Θεὲ
1256 2140 1305 2174 τῆς
1313 2140 1451 2175 σωτηρίας
1465 2149 1526 2175 μου,
1542 2141 1589 2167 καὶ⁸
1605 2141 1636 2167 οὐ
1653 2141 1792 2176 παύσομαι
1802 2141 1922 2175 εὐλογῶν

1131 2194 1160 2211 σε
1173 2185 1242 2220 μετὰ
1252 2185 1404 2223 ψαλτηρίςυ
1419 2186 1510 2219 πάσας
1526 2187 1575 2219 τὰς
1587 2187 1694 2223 ἡμέρας
1717 2187 1769 2222 τῆς
1783 2186 1855 2222 ζωῆς
1872 2195 1923 2222 μου

1130 2232 1274 2259 κατέναντι
1297 2233 1343 2259 τοῦ
1366 2232 1441 2259 οἴκου
1458 2233 1504 2260 τοῦ
1527 2233 1605 2260 Θεοῦ.
1627 2244 1636 2259 ι
1668 2235 1713 2260 Σοὶ
1734 2234 1923 2269 προσεδρεύων

287 2287 318 2311 et
335 2290 352 2309 ιι
369 2283 525 2312 sanctuario
541 2290 678 2318 nunquam
697 2282 837 2314 recedens,
852 2287 878 2309 te
893 2281 1003 2310 assidue
1019 2281 1077 2308 latt-

1129 2278 1285 2311 διαπαντός,
1309 2280 1355 2306 καὶ
1377 2279 1528 2315 ἀχώριστος
1552 2280 1696 2315 γενόμενος
1711 2279 1757 2306 τοῦ
1776 2280 1823 2306 σοῦ
1845 2279 1924 2314 ἁγιά-

287 2331 370 2359 dabo.

325 2375 407 2403 Vsus.
421 2376 466 2403 21.
488 2385 497 2401 ι
515 2375 547 2403 Ει
558 2375 625 2402 dixit
649 2374 732 2403 lsaias
754 2374 877 2402 Elei-hia:
897 2383 904 2401 :
933 2374 1015 2402 Sume
1030 2372 1077 2400 tibi

289 2429 408 2449 nassam
425 2421 536 2454 licuurn.
547 2427 577 2449 et
588 2427 654 2455 tere,
665 2426 692 2449 et
703 2421 878 2456 emplastrum
896 2421 1004 2455 impone
1020 2419 1079 2447 vul-

289 2469 396 2502 neri,et
408 2473 492 2496 satius
505 2469 575 2501 eris;
590 2477 600 2493 ι
618 2467 719 2495 docens
732 2474 786 2494 non
801 2474 913 2501 prorsus
927 2465 1078 2500 respuenda

287 2522 350 2542 esse
365 2514 427 2546 illa.
444 2521 506 2548 quae
518 2513 553 2540 ab
570 2512 727 2540 hominibus
741 2513 775 2538 ad
798 2511 930 2539 medelam
953 2509 1075 2545 corporis

288 2560 496 2595 excogitantur:
514 2559 634 2593 itemque
647 2557 702 2585 illis
715 2556 845 2585 utendum
860 2563 921 2584 esse
934 2577 941 2588 .
954 2555 1076 2590 quando-

287 2606 398 2640 quidem
417 2604 548 2640 propheta
569 2604 595 2631 id
609 2603 742 2638 agendum
757 2609 819 2630 esse
839 2601 952 2629 monuit.
967 2600 1075 2636 Reliqui

289 2660 356 2680 vero
369 2659 464 2679 omnes
474 2671 482 2683 ,
499 2651 575 2678 ulcus
592 2653 724 2677 vocarunt
734 2669 742 2680 ,
756 2647 827 2682 quod
841 2655 855 2674 a
871 2654 960 2674 massa
975 2647 1075 2674 licuum

288 2699 413 2722 cumtum
428 2699 471 2721 est
486 2702 493 2720 :
509 2697 536 2719 at
552 2700 606 2720 non
622 2692 699 2719 ulcus
715 2695 773 2718 erat
785 2692 901 2725 primum
913 2711 920 2724 ,
939 2691 985 2718 sed
1000 2691 1076 2718 inﬁr-

288 2742 371 2768 mitas
383 2746 411 2768 et
427 2739 561 2774 aegritudo
575 2739 608 2766 ad
624 2744 751 2768 mortem.
765 2738 855 2771 Quare
881 2746 931 2773 pro
948 2737 992 2765 illa
1015 2737 1078 2773 qui-

325 2843 382 2877 (55)
397 2842 488 2877 Vulg.,
505 2851 514 2868 ι
533 2842 654 2873 Domine,
667 2843 689 2869 si
706 2841 746 2869 sic
761 2841 873 2872 vivitur.
892 2845 923 2868 et
936 2841 963 2868 in
976 2840 1075 2867 talibus

290 2880 345 2905 vita
358 2878 469 2913 spiritus
485 2878 548 2908 mei,
562 2878 695 2913 corripies
709 2882 798 2913 mehei
815 2877 963 2913 vivilicabis
989 2884 1040 2902 me.
1062 2885 1071 2900 ι

290 2911 455 2942 υευεινεινε.
471 2912 503 2940 i5
516 2913 585 2947 apud
603 2912 672 2939 LXX
688 2911 738 2940 lut.
756 2912 804 2940 Ed.
822 2911 957 2946 Complut.
973 2915 1074 2944 tamen,

1130 2334 1243 2360 σματος,
1255 2325 1401 2356 διαπαντὸς
1411 2326 1549 2361 εὐλογήσω
1563 2335 1602 2353 σε.

1167 2382 1176 2396 ι
1190 2371 1244 2398 Καὶ
1255 2369 1331 2398 εἶπεν
1345 2373 1457 2404 Ἡσαΐας
1467 2373 1535 2407 πρὸς
1559 2372 1692 2404 Ἐζεκίαν⁸
1707 2373 1780 2400 Λάὸε
1798 2373 1923 2408 παλάθην

1130 2415 1162 2442 ὲκ
1191 2416 1291 2449 σύκων,
1309 2417 1356 2443 καὶ
1372 2417 1477 2452 τρῖψον,
1495 2417 1542 2443 καὶ
1567 2417 1750 2450 κατάπλασαι,
1777 2418 1824 2444 καὶ
1844 2418 1924 2453 ὑγιὴς

1130 2461 1190 2498 ἔσῃ·
1210 2471 1219 2487 ι
1236 2462 1381 2495 διδάσκων,
1395 2464 1433 2494 ὡς
1453 2463 1484 2489 οὐ
1499 2463 1615 2498 πάμπαν
1626 2463 1767 2498 ἀπόϐλητα
1779 2464 1878 2498 γένοιτ’
1890 2465 1924 2492 ἄν

1129 2517 1195 2536 ποτε
1208 2509 1256 2536 καὶ
1268 2509 1303 2536 τὰ
1316 2509 1381 2545 παρ’
1389 2508 1542 2544 ἀνθρώποις
1555 2509 1623 2545 πρὸς
1640 2509 1788 2544 θεραπείαν
1807 2510 1854 2537 τοῦ
1872 2512 1925 2537 σὼ-

1131 2565 1217 2592 ματος
1233 2555 1421 2591 ὲπινοούμενα·
1438 2554 1477 2581 ἔτι
1499 2556 1526 2582 δὲ
1543 2556 1583 2582 ὅτι
1595 2556 1727 2592 χρηστέον
1745 2557 1791 2583 καὶ
1805 2557 1922 2589 τούτοις,

1129 2603 1168 2635 ὡς
1181 2602 1290 2630 καὶτοῦ
1310 2602 1449 2638 προφήτου
1474 2602 1554 2629 τοῦτο
1572 2603 1674 2639 πρᾶξαι
1698 2604 1924 2639 παραινέσαντος.

1129 2649 1185 2675 Καὶ
1197 2649 1222 2674 οἱ
1239 2648 1327 2674 λοιποὶ
1336 2648 1435 2679 πάντες
1451 2647 1541 2681 ἕλκος
1549 2648 1694 2684 ὠνόμασαν
1704 2649 1735 2675 τὸ
1748 2649 1792 2676 διὰ
1806 2650 1858 2685 τῆς
1871 2659 1921 2676 πα-

1129 2692 1213 2726 λάθης
1227 2691 1402 2729 θεραπευθέν-
1419 2692 1476 2719 ἀλλ⁴
1492 2693 1541 2728 οὐχ
1556 2694 1634 2725 ἕλκος
1644 2691 1678 2729 ἦν
1689 2693 1720 2720 τὸ
1736 2694 1855 2730 πρῶτον,
1872 2696 1925 2731 ap-

1132 2739 1235 2775 ρωστία
1246 2739 1275 2766 δὲ
1285 2739 1332 2765 καὶ
1350 2738 1469 2774 μαλακία
1487 2739 1554 2775 πρὸς
1569 2739 1691 2767 θάνατον.
1703 2740 1749 2766 Διὸ
1761 2741 1804 2766 ἐπ’
1817 2741 1926 2776 ἐκείνης

1130 2839 1210 2866 \‘t-tns.
1228 2839 1270 2866 15.
1287 2849 1296 2864 ι
1315 2839 1370 2866 Καὶ
1384 2839 1465 2871 αὐτὸς
1488 2839 1599 2874 ἐποίησε
1621 2839 1804 2875 καθοδήγησιν
1819 2840 1924 2871 πάντας

1129 2875 1268 2906 ἐνιαυτούς
1285 2883 1346 2910 μου.
1355 2885 1371 2900 ,ι
