2044 3215
152 167 206 196 377

606 164 852 194 communem
871 147 904 192 ut
924 164 1049 192 lSAlAM.
1074 179 1103 184 -
1123 162 1200 191 CAP.
1218 162 1285 190 XLI.

1701 159 1752 190 578

151 224 231 251 τοῦτό
248 216 330 257 ἐστιν,
345 225 386 252 ὅτι
396 218 447 252 καὶ
461 224 495 252 τὰ
511 224 635 260 βάρϐαρα
655 225 725 260 φύλα
746 226 792 253 καὶ
806 225 841 252 τὰ
861 226 914 261 ποῤ

977 224 1042 252 Nam
1050 224 1119 259 quod
1133 231 1181 258 per
1192 223 1301 258 quidem
1311 221 1408 249 mirum
1422 225 1474 254 est,
1487 208 1609 250 barbara:
1620 221 1753 253 nationes.

151 270 264 306 perch
279 270 457 305 ἀπῳκισμένα
479 270 626 306 Ἰουδαϊκῆς
642 270 741 307 χώρας,
754 270 814 298 καθ’
830 271 863 307 ἢν
881 271 928 307 μό·-

150 323 199 352 νην
210 316 389 351 γνωρίζεσθαι
398 316 535 351 ἐνομίζετο
546 317 577 343 τὸ
589 317 701 344 παλαιὸν
714 318 728 344 ό
740 317 814 350 Θεὸς,
827 318 927 352 γνῶσιν

150 361 278 396 ἀνείληφε
299 362 348 396 τῆς
362 362 499 394 εὐσεϐείας
518 364 563 390 καὶ
578 364 626 399 τῆς
641 364 809 396 Θεοσεὸείας·
827 364 863 395 ὡς
879 364 925 390 ὲκ-

150 407 284 442 πλαγῆναι
296 407 344 441 τῆς
358 407 403 433 τοῦ
418 407 483 434 Θεοῦ
497 408 664 444 δικαιοσύνης
678 410 726 445 τὴν
740 410 827 446 χάριν,
845 410 926 436 σπεῦ-

150 452 194 478 σαί
207 461 237 478 τε
253 453 299 479 καὶ
311 452 395 480 ἐλθεῖν
409 454 559 486 ἀκολούθως
574 455 611 490 τῷ
628 456 742 490 φήσαντι
758 456 923 491 κηρύγματν

151 507 161 524 ι
195 499 405 532 Ἐγγισάτωσαν,
429 501 475 526 κα.)⁸
489 500 678 536 λαλησάτωσαν
694 501 761 537 ἅμα.
785 511 793 527 ι
813 502 849 528 Ού
870 502 924 537 γὰρ

150 542 228 577 μόνον
248 544 358 574 ἑαυτοὺς
376 543 470 576 σώζειν
484 546 508 572 οί
525 546 698 581 κεκλημένοι,
717 547 783 573 ἀλλὰ
800 548 845 573 καὶ
862 549 923 579 τοὺς

147 587 259 622 πλησίον
283 588 351 614 κατὰ
373 589 434 620 τοὺς
450 589 498 625 τῆς
520 590 719 625 φιλανθρωπίας
740 591 845 626 νόμους.
870 590 923 618 ⁷Ην

146 639 211 658 ποτε
227 632 321 666 χρόνος
337 633 380 658 ὅτε
398 633 443 659 καὶ
467 634 544 669 ἡμῶν
566 635 653 661 αὐτῶν
677 636 837 671 κατίσχυσεν
853 637 922 672 ἀνὴρ

145 677 246 709 τέκτων
267 679 281 704 ὁ
301 678 349 713 τὴν
366 679 581 716 είδωλολατρείαν
604 682 846 717 κατεργασάμενος,
875 683 922 708 καὶ

144 723 259 761 χαλκεὺς
271 723 378 750 τύπτων
398 725 486 763 σφύρᾳ
498 726 560 757 τοὺς
575 726 668 752 ἑαυτοῦ
689 727 764 758 θεούς
773 736 779 742 ο
795 728 861 754 ἀλλὰ
874 728 922 755 νῦν

143 768 265 803 ἔγνωμεν
282 769 310 795 τὸ
329 770 412 805 μηθὲν
428 771 506 802 ὄντας
518 772 645 804 ἐκείνους,
663 773 708 799 καὶ
722 774 771 808 τῆς
788 774 922 810 πατρικῆς

143 816 316 850 κατέγνωμεν
332 816 443 851 πλάνης,
456 817 470 842 ὂ
483 818 513 853 δὴ
529 818 575 844 καὶ
591 819 661 853 ὑμᾶς
676 820 806 858 προσήκει
821 820 922 855 μανθά-

142 869 236 892 νοντας
251 861 420 894 ὼφελεῖσθαι.
434 864 535 897 Δεῖγμα
546 863 572 890 δὲ
589 864 636 898 τῆς
651 864 793 900 ἀδρανείας
804 865 857 891 τῶν
870 865 922 892 πάη

141 904 185 931 λαι
200 905 380 940 νομισθέντων
395 908 460 941 ἡμῖν
475 908 542 934 Θεῶν
556 908 586 934 τὸ
604 908 640 944 μὴ
656 909 764 938 ἑστάναι
780 910 919 943 δύνασθαι,

140 952 165 978 εί
185 952 220 987 μὴ
238 952 353 987 γόμφοις
367 954 421 979 τισὶ
438 954 483 980 καὶ
500 954 573 989 ἥλοις
589 956 745 991 ὲμπαρεῐεν;

177 1005 187 1021 ‹
210 997 246 1023 Σὺ
260 997 297 1029 δὲ,
319 998 425 1033 Ἰσραὴλ
440 1000 502 1031 παῖς
518 1008 578 1033 μου,
601 1000 705 1032 Ἰακὼϐ,
724 1002 770 1027 καὶ
785 1002 813 1028 ὃν
833 1002 919 1034 ἐξελε-

140 1041 239 1076 ξάμην,
253 1043 361 1078 σπέρμα
382 1043 513 1079 Ἀσραὰμ,
526 1045 554 1071 ὃν
565 1045 702 1080 ἠγάπησα.
724 1056 732 1071 ι
748 1047 831 1073 Παῐδα
846 1047 920 1082 πρῶ-

137 1095 184 1113 τον
201 1088 337 1122 ὀνομάζει,
358 1088 451 1115 ἔπειτα
466 1090 600 1122 ἐκλεκτὸν,
619 1089 676 1117 εἶτα
702 1092 849 1127 ἀγαπητόν.
868 1093 919 1119 Τὸν

139 1132 189 1166 μὲν
201 1132 239 1164 ὡς
256 1134 283 1159 ὲν
300 1134 394 1169 ἀρχαῖς
407 1135 469 1162 ὄντα
484 1136 530 1162 καὶ
548 1136 620 1172 φόϐῳ
641 1137 761 1169 δουλείας
781 1139 918 1172 παιδαγω-

137 1179 279 1214 γούμενον,
296 1177 350 1212 οἷος
368 1178 400 1215 ἦν
416 1181 428 1206 ὁ
449 1181 623 1213 ἀποστολικὺς
645 1182 733 1217 χορὸς,
752 1183 796 1209 τὸν
811 1184 918 1218 πρῶτον

137 1225 195 1259 βίον
214 1225 266 1251 ὑπὸ
277 1225 323 1251 τὸν
337 1226 507 1260 παιδαγωγὸν
524 1226 600 1262 νόμον
621 1227 739 1261 γεγονώς
749 1236 755 1242 ·
769 1227 814 1253 τὸν
828 1228 854 1254 δὲ
871 1229 918 1255 αὺ-

135 1271 181 1296 τὸν
203 1271 329 1298 ἐκλεκτὸν
349 1272 492 1307 ὀνομάζει,
507 1272 544 1304 ὡς
562 1272 593 1299 ἂν
608 1274 781 1308 προκόνᾷαντα
799 1275 845 1301 καὶ
869 1275 917 1310 τῆς

137 1315 268 1350 σωτηρίου
281 1316 400 1351 κλήσεως
410 1317 454 1343 καὶ
465 1317 576 1352 ἐκλογῆς
586 1318 794 1353 κατηξιωμένον.
804 1319 917 1355 Σπέρμα

135 1359 163 1386 δὲ
192 1360 316 1395 Ἀϐραὰμ
334 1360 425 1396 ἕτερον
447 1362 538 1396 τάγμα
554 1363 685 1397 τυγχάνον
709 1364 783 1398 παρὰ
806 1364 836 1390 τὸ
861 1364 915 1391 τῶν

135 1405 285 1437 ἐκλεκτῶν,
303 1407 392 1432 ὁποῖον
416 1406 448 1433 ἂν
464 1408 506 1442 εἴη
523 1407 552 1433 τὺ
579 1407 677 1442 πλῆθος
697 1408 749 1435 τῶν
772 1410 914 1441 Ἰουδαίων,

134 1451 202 1486 πρὸς
216 1451 262 1483 οὓς
284 1452 471 1488 διαλεγόμενος
487 1454 501 1479 ό
524 1452 617 1488 Σωτὴρ
631 1453 738 1487 ἔλεγεν·
755 1463 764 1480 ι
783 1452 856 1486 Οἶδα,
874 1456 914 1481 ὅτι

135 1497 246 1532 σπέρμα
263 1498 386 1535 Ἀϐραάμ
409 1499 478 1524 ἐστε.
494 1508 503 1524 ι
520 1499 626 1533 ’Έτεροι
640 1499 667 1525 δὲ
676 1497 744 1535 ἦσαν
757 1497 828 1527 οὗτοι
841 1501 914 1536 παρὰ

936 895 956 922 Β

977 276 1004 298 et
1025 270 1181 304 longissime
1202 273 1312 296 remota:
1333 275 1348 295 a
1368 267 1478 295 Iudaica
1507 268 1625 302 regione.
1653 267 1679 294 in
1700 275 1753 302 qua

976 316 1033 344 sola
1048 316 1118 343 Deus
1129 315 1194 342 olim
1213 319 1292 342 notus
1307 321 1368 342 esse
1383 313 1539 348 putabatur,
1555 313 1587 340 ad
1602 309 1708 348 pietatis
1724 318 1751 340 et

977 362 1115 396 religionis
1141 361 1262 388 notitiam
1286 361 1481 392 accesserunt,
1503 361 1539 387 ita
1562 365 1591 386 ut
1609 360 1642 386 de
1665 359 1752 394 gratia

978 409 1073 436 divina:
1092 407 1202 442 iustitia:
1218 407 1535 442 obstupescereut,atque
1545 411 1709 433 maturarent
1726 411 1753 432 et

975 455 1106 485 venirem,
1123 453 1306 488 prmdicatioui
1322 453 1512 487 obsequentes,
1533 461 1592 488 qua:
1608 453 1658 484 ait.
1683 462 1691 478 ι
1704 452 1753 479 Ac-

974 501 1070 527 cedant
1092 504 1120 526 et
1140 500 1282 533 loquantur
1308 499 1397 525 simul.
1411 509 1419 524 ι
1448 498 1509 525 Vult
1530 500 1601 526 enim
1616 504 1645 525 ut
1658 507 1753 525 secun-

974 547 1035 572 dum
1060 546 1237 573 humanitatis
1261 545 1344 578 leges.
1370 545 1415 578 qui
1433 545 1517 571 vocati
1545 549 1751 576 sunt,nousuae

975 598 1088 623 tantum.
1113 593 1160 619 sed
1178 591 1292 625 proximi
1310 591 1390 617 etiam
1416 591 1494 617 saluti
1512 591 1667 618 consulant.
1689 589 1750 617 Fuit

972 638 1033 664 olim
1050 643 1166 672 tempus,
1185 645 1237 671 quo
1249 637 1325 663 faber
1349 637 1479 662 idolorum
1507 637 1604 670 opifex,
1630 642 1655 663 et
1685 645 1751 664 wra-

972 685 1028 711 rius
1040 684 1135 711 malleo
1148 684 1250 711 cudeus
1264 684 1327 709 deos
1342 690 1416 715 suos,
1440 683 1466 709 in
1493 691 1540 709 nes
1554 683 1727 717 praevalerent
1741 692 1747 708 :

972 736 999 756 at
1013 730 1067 764 jam
1081 730 1205 757 novimus
1219 736 1265 756 eos
1278 728 1342 755 nihil
1357 736 1427 761 esse,
1441 733 1466 755 et
1477 733 1615 762 paternum
1630 736 1748 755 errorem

972 776 1141 805 damnamus,
1157 776 1228 807 quod
1241 781 1287 799 vos
1299 773 1331 800 ad
1346 774 1488 800 utilitatem
1500 779 1616 801 vestram
1629 774 1750 800 ediscere

971 827 1039 853 opus
1064 823 1114 846 est.
1133 817 1326 845 lmhecillilatis
1350 823 1439 845 autem
1457 826 1549 845 eorum
1575 818 1618 852 qui
1641 825 1655 844 ει
1671 817 1749 847 nobis

970 865 1034 892 olim
1051 873 1100 900 pro
1116 865 1167 891 diis
1191 864 1368 896 habebantur,
1394 869 1580 899 argumentum
1603 868 1654 895 est,
1678 864 1749 898 quod

972 918 1004 937 ne
1026 916 1097 937 stare
1120 910 1226 945 quidem
1250 910 1363 943 possint,
1388 909 1439 936 nisi
1462 908 1528 943 palis
1544 915 1572 936 et
1585 909 1668 936 clavis
1681 909 1747 935 dell-

970 960 1075 991 gantur.
1271 949 1274 952 λ

1004 1000 1085 1028 νειμ.
1101 1000 1126 1027 8.
1161 1000 1221 1027 «Τιι
1238 1005 1327 1027 autem
1350 1000 1431 1027 Israel
1457 1008 1521 1035 puer
1544 1007 1628 1032 meus,
1652 999 1746 1030 Iacob,

969 1055 1048 1081 quem
1063 1047 1141 1081 elegi,
1161 1054 1252 1073 semen
1271 1047 1421 1078 Abraham,
1436 1054 1513 1080 quem
1540 1046 1632 1073 dilexi.
1649 1055 1657 1071 I
1677 1045 1746 1072 Puc-

971 1100 1027 1119 rum
1043 1093 1129 1126 primo
1144 1097 1233 1123 vocat.
1252 1092 1313 1119 hinc
1332 1092 1458 1122 electum.
1487 1097 1577 1125 postea
1604 1091 1745 1119 dilectum.

971 1138 1084 1165 Puerum
1097 1138 1306 1172 quidem,quasi
1340 1139 1364 1165 iu
1399 1139 1492 1173 primis
1520 1137 1603 1164 initiis
1627 1137 1745 1171 degeret,

968 1191 998 1210 ac
1013 1189 1083 1210 metu
1104 1183 1241 1210 servitutis
1268 1184 1468 1218 institueretur;
1484 1184 1571 1218 qualis
1590 1188 1648 1210 erat
1679 1191 1745 1217 apo-

968 1229 1080 1256 stolicus
1104 1230 1212 1260 chorus,
1230 1229 1274 1263 qui
1302 1231 1387 1263 primo
1410 1231 1470 1257 vita:
1488 1237 1544 1256 Sua:
1565 1234 1683 1264 tempore
1696 1229 1746 1256 sub

969 1276 1026 1310 lege
1043 1276 1119 1310 quasi
1138 1276 1187 1303 sub
1204 1277 1349 1311 ptmlagogo
1364 1277 1434 1303 fuit:
1456 1278 1578 1302 emndem
1594 1283 1675 1310 porro
1692 1276 1745 1301 ele-

967 1325 1039 1347 ctum
1057 1326 1203 1355 tittncupat,
1219 1326 1309 1355 utpote
1326 1322 1371 1355 qui
1384 1320 1505 1356 profectu
1521 1325 1614 1347 auctus
1633 1320 1745 1347 salutari

966 1366 1109 1393 vocatione
1126 1371 1152 1393 et
1168 1366 1297 1393 electione
1320 1367 1446 1402 dignatus
1473 1367 1516 1393 sit.
1534 1366 1631 1393 Semen
1655 1370 1744 1393 autem

966 1412 1103 1438 Abraham
1129 1412 1198 1439 alius
1215 1418 1240 1439 et
1258 1413 1403 1439 distinctus
1423 1413 1490 1439 ordo
1512 1417 1553 1438 est
1577 1412 1610 1438 ab
1636 1412 1744 1443 electis,

965 1457 1052 1491 qualis
1070 1462 1129 1484 erat
1147 1458 1292 1485 multitudo
1318 1458 1482 1491 Iudaeorum,
1506 1465 1575 1492 quos
1603 1457 1744 1492 alloquens

968 1502 1094 1530 Salvator
1121 1502 1245 1535 diccbat,
1268 1512 1278 1529 ι
1306 1502 1369 1530 Scio
1407 1504 1469 1538 quia
1508 1511 1599 1529 semen
1634 1503 1745 1530 Aliraltz

132 1542 169 1568 τὰ
187 1543 267 1570 τέκνα
287 1543 332 1570 τοῦ
359 1544 492 1579 Ἀϐραὰμ,
518 1545 581 1580 περὶ
603 1541 639 1571 ὧν
664 1545 785 1572 ἐδίδασκε
812 1547 911 1580 λέγων·

966 1549 1031 1575 estis
1046 1549 1080 1576 ⁸⁷,
1096 1558 1105 1574 ι
1125 1548 1159 1575 At
1175 1549 1211 1574 illi
1236 1549 1333 1575 diversi
1360 1554 1460 1576 erauta
1475 1549 1537 1575 ﬁliis
1561 1549 1688 1580 Abrahae,
1711 1548 1744 1576 de

137 1596 146 1613 ι
167 1587 198 1613 Ei
211 1588 293 1615 τέκνα
305 1589 351 1614 τοῦ
372 1589 494 1624 Ἀϐραὰμ
509 1588 568 1626 ἦτε,
583 1589 616 1616 τὰ
631 1589 698 1626 ἔργα
719 1591 766 1618 τοῦ
788 1592 911 1629 ’Λϐραὰμ

131 1634 256 1660 ἐποιεῖτε.
276 1644 285 1660 ι
312 1635 435 1670 Ἀϐραὰμ
453 1636 501 1671 μὲν
517 1634 562 1663 οὖν
579 1637 719 1673 ἀγαπητὸς
732 1635 765 1673 ἧν
780 1638 826 1664 τοῦ
843 1638 909 1664 Θεοῦ

133 1680 180 1706 καί
205 1680 299 1714 φίλος·
318 1680 358 1706 διὸ
381 1680 522 1707 λέλεκται·
549 1691 558 1707 ι
581 1682 694 1718 Σπέρμα
717 1683 855 1718 Ἀὕραάμ,
881 1683 909 1709 ὃν

131 1725 278 1760 ἠγάπησα·
302 1735 310 1751 ι
329 1726 344 1761 ἢ
364 1726 430 1755 κατὰ
450 1727 495 1753 τὸν
525 1728 681 1763 Σύμμαχον,
703 1737 711 1754 ι
733 1729 846 1764 Σπέρμα
865 1730 909 1755 'A-

129 1772 225 1808 ϐραὰμ
251 1772 297 1799 τοῦ
321 1773 395 1807 φίλου
429 1782 494 1809 μου-
521 1784 530 1800 ι
555 1775 625 1802 κατὰ
653 1775 681 1802 δὲ
710 1777 755 1803 τὸν
783 1777 907 1809 Ἀκύλαν,

131 1827 142 1844 ε
161 1818 275 1853 Σπέρμα
294 1819 432 1854 ἀγαπητόν
447 1829 507 1855 μου.
530 1830 540 1846 ι
561 1821 596 1847 Τό
610 1830 641 1856 γε
658 1822 710 1857 μὴν
732 1823 840 1858 σπέρμα
862 1824 907 1850 αὑ-

128 1864 177 1891 τοῦ
195 1864 285 1891 οὐκέτι
302 1866 456 1900 ἡγαπῆσθαι
470 1867 569 1901 ὁμοίως
583 1867 621 1902 τῷ
642 1868 765 1904 Ἀϐραὰμ
782 1868 906 1903 λέγεταιο

128 1910 198 1946 πλὴν
212 1910 279 1936 ἀλλὰ
293 1910 338 1937 καὶ
353 1911 383 1937 τὸ
403 1912 510 1947 σπέρμα
523 1912 604 1939 αὑτοῦ
620 1914 697 1940 καλεῖ
710 1914 753 1941 διὰ
765 1914 817 1942 τῶν
830 1916 907 1944 ἐκλε-

127 1954 200 1982 κτῶν
221 1956 313 1988 αὐτοῦ,
332 1956 414 1983 εἰπὼν
439 1958 545 1989 αὐτοῖς·
574 1968 583 1984 ι
608 1960 758 1994 Πορεύεσθε
781 1961 848 1997 πρὸς
874 1962 907 1989 τὰ

127 2001 250 2037 πρόϐατα
270 2001 424 2030 ἀπολωλότα
445 2002 519 2029 οἴκου
541 2004 657 2039 Ἰσραήλ.
680 2014 688 2029 ι

165 2056 174 2072 ι
192 2045 229 2074 Οὖ
246 2047 430 2083 ἁντελαόόμην
445 2049 492 2075 ἀπ’
506 2050 595 2085 ἄκρων
612 2051 660 2087 τῆς
674 2051 734 2086 γῆς,
750 2053 795 2079 καὶ
810 2053 840 2079 ἐκ
853 2053 907 2084 τῶν

128 2093 247 2119 σκοπιῶν
261 2093 345 2128 αὐτῆς
361 2094 478 2125 ὲκᾲλεσά
495 2104 533 2127 σε,
554 2097 599 2122 καὶ
615 2095 679 2129 εἶπά
695 2106 735 2125 σοι
745 2107 752 2114 ”
771 2100 838 2132 Παῖς
856 2110 905 2135 μου

127 2137 160 2164 εἷ·
171 2139 335 2175 ἐξελεξάμην
349 2149 387 2172 σε,
399 2142 443 2167 καὶ
454 2141 502 2168 οὐκ
512 2143 688 2176 ἑγκατέλιπάν
700 2153 739 2170 σε.
756 2154 764 2170 ι
776 2145 811 2180 Er,
817 2147 906 2181 μαίνει

126 2184 153 2211 δὲ
169 2185 212 2212 διὰ
222 2186 321 2213 τούτων
330 2187 392 2218 τοὺς
405 2187 433 2213 ὲν
445 2189 476 2222 τῇ
486 2188 618 2224 διασπορᾷ
627 2188 673 2216 τοῦ
690 2190 820 2217 Ἰουδαίων
830 2191 906 2224 λαοῦ,

965 1594 1062 1628 quibus
1087 1593 1143 1620 haec
1169 1594 1309 1625 edocebat,
1340 1603 1349 1620 ι
1377 1593 1405 1621 Si
1425 1593 1540 1620 Abrahae
1564 1592 1611 1619 lilii
1638 1593 1744 1625 essetis,

964 1646 1045 1673 opera
1062 1638 1176 1666 Abrahae
1190 1639 1316 1666 faceretis
1330 1639 1362 1666 ⁸⁸.
1377 1648 1387 1665 ι
1401 1638 1536 1666 Abraham
1549 1646 1613 1674 ergo
1628 1639 1743 1666 dilectus

964 1689 990 1712 et
1011 1685 1113 1711 amicus
1140 1685 1184 1712 Dei
1208 1690 1287 1712 erat:
1311 1693 1394 1719 quare
1424 1685 1524 1711 dictum
1544 1690 1595 1716 est,
1624 1694 1633 1710 ι
1652 1692 1742 1712 semen

963 1730 1112 1762 Abraham,
1128 1738 1206 1764 quem
1220 1731 1320 1763 dilexi;
1342 1740 1350 1756 ι
1368 1731 1436 1762 sive,
1454 1731 1600 1757 secundum
1620 1731 1742 1765 Symma—

963 1776 1053 1806 chum.
1071 1785 1080 1801 ι
1095 1784 1186 1803 semen
1209 1776 1346 1803 Abraham
1374 1776 1452 1803 amici
1473 1777 1540 1809 mei;
1559 1786 1568 1803 ι
1592 1772 1741 1804 secundum

962 1821 1087 1856 Aquilam
1105 1829 1178 1857 vero,
1197 1831 1206 1848 ι
1222 1830 1314 1849 semen
1333 1822 1462 1849 dilectum
1487 1830 1586 1850 meum.
1600 1833 1609 1849 ι
1631 1823 1664 1849 Ει
1678 1831 1742 1851 vero

962 1875 1053 1894 semen
1080 1867 1137 1902 eius
1152 1876 1202 1895 non
1218 1868 1327 1902 perinde
1344 1874 1423 1902 atque
1440 1869 1576 1895 Abraham
1598 1869 1682 1896 amari
1700 1869 1742 1896 di-

961 1915 1041 1940 citur.
1053 1913 1178 1940 Altamen
1194 1921 1242 1949 per
1261 1914 1363 1940 electos
1377 1922 1440 1941 suos
1459 1922 1549 1941 semen
1567 1915 1625 1949 ejus
1639 1921 1737 1948 vocat;

962 1968 1022 1986 nam
1040 1960 1077 1986 ait
1093 1960 1156 1992 illis,
1177 1968 1186 1986 ι
1202 1961 1240 1988 lte
1260 1962 1294 1988 ad
1312 1969 1377 1988 oves
1394 1969 1454 1996 quae
1471 1961 1621 1996 perierunt,
1644 1962 1740 1990 domus

960 2006 1042 2034 Israel
1057 2006 1089 2034 “.
1102 2016 1110 2032 ι

996 2052 1077 2080 Vens.
1094 2051 1120 2078 9.
1135 2060 1144 2077 ι
1161 2051 1245 2085 Quem
1261 2053 1393 2087 assumpsi
1411 2053 1443 2079 ab
1457 2053 1584 2080 extremis
1607 2058 1695 2087 terrae,
1714 2058 1740 2081 et

961 2109 975 2124 δ
994 2098 1110 2133 speculis
1124 2098 1181 2132 ejus
1200 2099 1294 2126 vocavi
1316 2103 1351 2130 te,
1375 2104 1401 2126 et
1419 2100 1473 2126 dixi
1495 2100 1554 2132 tibi,
1574 2099 1645 2127 Puer
1666 2109 1740 2128 utens

961 2152 1009 2171 es:
1025 2144 1092 2178 elegi
1124 2150 1159 2176 te,
1185 2149 1212 2171 et
1240 2152 1291 2171 non
1307 2144 1438 2178 dereliqui
1454 2150 1490 2172 te.
1506 2155 1515 2171 ι
1542 2145 1589 2173 His
1605 2154 1684 2181 porro
1703 2147 1739 2174 si-

962 2190 1072 2224 guilieat
1087 2199 1134 2218 eos
1150 2192 1175 2217 in
1192 2191 1360 2225 dispersione
1378 2190 1480 2217 .ludaici
1496 2191 1596 2226 populi,
1608 2200 1673 2226 quos
1685 2192 1739 2226 pri-

126 2230 172 2262 οὓς
182 2230 303 2267 πρώτους
317 2232 444 2267 κατηξίου
453 2233 501 2268 τῆς
516 2234 596 2260 αὑτοῦ
608 2234 738 2270 κλήσεως.
751 2236 845 2263 Πολλοὶ
853 2238 906 2274 γὰρ

966 2243 1019 2262 .uos
1039 2236 1179 2262 vocatione
1191 2243 1237 2262 sua
1256 2236 1378 2270 dignatus
1392 2240 1443 2262 est.
1459 2237 1620 2269 Apostolicis
1640 2238 1739 2271 quippe

126 2277 197 2303 κατὰ
208 2278 270 2309 τοὺς
282 2278 474 2311 ἀποοτολικοϋς
483 2280 594 2315 χρόνους
610 2282 634 2307 οἱ
649 2282 702 2308 ἀπὸ
718 2283 849 2310 Ἰουδαίων
862 2285 907 2311 τὸν

125 2323 241 2358 Χριστοῦ
268 2324 345 2358 λόγον
368 2325 613 2363 παραδεδεγμένοι,
638 2327 668 2354 οὐ
687 2328 764 2362 μόνον
786 2330 840 2355 ὰπὸ
858 2331 907 2366 τῆς

131 2366 258 2399 Ἰουδαίας
274 2369 324 2403 γῆς
334 2390 341 2402 ,
355 2369 420 2396 ἀλλὰ
435 2370 482 2396 καὶ
505 2371 533 2396 ὲν
550 2372 606 2403 τοῖς
622 2371 724 2404 λοιποῖς
740 2373 851 2401 ἔθνεσιν.

161 2467 170 2483 ι
194 2459 239 2494 Μὴ
256 2459 356 2494 φοϐοῦ¹
381 2461 450 2496 μετὰ
468 2461 513 2489 σοῦ
535 2463 588 2498 γάρ
612 2464 684 2499 εῐμι·
704 2465 740 2501 μὴ
762 2466 863 2494 πλανῶ.
892 2477 901 2493 ι

127 2501 316 2538 Ἔπιθαρσύνει
332 2505 381 2540 τὴν
396 2506 509 2542 ἐκλογὴν
528 2507 639 2544 ταύτην,
659 2509 699 2540 είς
714 2510 744 2536 τὸ
756 2510 842 2543 ἀδεῶς
862 2512 903 2544 είς

121 2549 211 2580 πάντα
229 2550 264 2577 τὰ
280 2550 342 2586 ἔθνη
357 2552 473 2588 κηρύξαι
488 2554 519 2579 τὸ
532 2554 711 2589 Εὑαγγέλιον·
726 2556 740 2583 ὃ
752 2557 783 2593 δὴ
796 2558 842 2584 καὶ
854 2559 903 2585 αὐ-

121 2595 165 2628 τὸς
182 2595 275 2632 ἐδήλου
290 2597 320 2624 ὲν
335 2598 509 2633 Εὐαγγελίοις
522 2600 536 2626 ό
549 2601 642 2637 Σωτὴρ
657 2602 768 2636 φάσκων
778 2610 785 2617 ·
803 2612 812 2628 ‹
836 2603 901 2630 Ἰδοὺ

120 2641 176 2675 ἐγὼ
191 2643 251 2677 μεθ’
265 2644 340 2679 ὑμῶν
351 2645 409 2680 εἰμι
426 2646 513 2678 πάσας
527 2646 576 2679 τὰς
591 2647 695 2684 ἡμέρας
711 2648 763 2680 ἕως
778 2649 827 2685 τῆς
840 2659 902 2676 συν-

120 2686 224 2719 τελείας
245 2687 292 2715 τοῦ
313 2689 419 2721 αἰῶνος.
451 2691 520 2725 Ἐγὼ
538 2693 592 2728 γάρ
611 2694 668 2729 ειμι
688 2694 702 2721 ὁ
720 2694 786 2726 Θεός
807 2702 864 2728 σου,
887 2696 902 2722 ὁ

119 2732 263 2768 ἐνισκύσας
273 2743 313 2769 σοι
329 2736 375 2763 καὶ
387 2736 523 2773 ἐϐοήθησά
536 2746 586 2765 σοι.

959 2283 1125 2316 temporibus
1140 2291 1172 2309 ex
1187 2282 1288 2310 Judmis
1304 2283 1378 2310 tntilli
1403 2284 1513 2310 verbum
1536 2283 1635 2310 Christi
1650 2291 1738 2309 susce-

956 2333 1064 2362 perunt,
1088 2336 1140 2354 non
1166 2329 1246 2355 modo
1271 2337 1303 2355 ex
1327 2330 1359 2356 iis
1376 2330 1421 2363 qui
1440 2328 1558 2355 Judmam
1574 2329 1738 2360 incolebant,

959 2382 1050 2401 verum
1066 2375 1148 2400 etiam
1165 2382 1198 2401 ex
1213 2375 1257 2408 iis,
1275 2375 1321 2410 qui
1343 2382 1426 2410 penes
1443 2375 1561 2409 reliquas
1576 2380 1668 2409 gentes
1688 2375 1737 2401 ha-

954 2421 1086 2448 bitabaut.

990 2465 1072 2493 Vens.
1091 2466 1133 2494 10.
1158 2476 1166 2493 ι
1184 2466 1242 2494 Noli
1268 2467 1373 2500 timere,
1391 2473 1477 2495 tecum
1493 2467 1564 2494 enim
1582 2475 1641 2493 sum
1668 2475 1675 2493 :
1704 2474 1737 2493 ne

954 2518 1042 2539 erres.
1056 2521 1065 2538 ι
1084 2512 1132 2540 His
1149 2513 1182 2540 ab
1197 2520 1226 2540 se
1240 2513 1333 2540 electis
1351 2513 1478 2540 ﬁduciam
1492 2512 1577 2545 addit,
1596 2517 1624 2539 ut
1649 2511 1736 2539 Evan-

954 2559 1052 2593 geliqu
1071 2560 1098 2586 in
1114 2560 1240 2587 omnibus
1252 2561 1378 2594 gentibus
1401 2559 1461 2587 sine
1483 2559 1626 2586 formidine
1639 2557 1737 2593 praedi-

953 2608 1034 2637 cent;
1050 2604 1121 2638 quod
1140 2603 1226 2639 ipsum
1247 2604 1403 2631 declarabat
1418 2604 1444 2630 in
1458 2603 1612 2639 Evangellis
1638 2603 1736 2630 Serva-

956 2654 998 2678 lor
1011 2650 1054 2678 bis
1070 2650 1172 2684 verbis,
1192 2660 1201 2677 ι
1219 2650 1288 2678 Ecce
1308 2657 1358 2686 ego
1379 2650 1517 2677 vobiscum
1532 2657 1592 2676 sum
1607 2649 1735 2677 omnibus

954 2697 1059 2729 diebus,
1079 2705 1164 2732 usque
1182 2697 1216 2724 ad
1230 2696 1489 2726 cousunuuatlouem
1516 2695 1607 2724 seculi
1625 2695 1659 2722 "'.
1677 2695 1733 2730 Ego

955 2741 1025 2768 enim
1041 2750 1100 2769 sum
1115 2742 1186 2770 Deus
1202 2747 1275 2776 tuus,
1294 2743 1340 2778 qui
1353 2741 1507 2771 coul'ortavi
1522 2745 1558 2775 te,
1572 2745 1598 2769 et
1618 2740 1736 2770 auxilia-

955 2793 998 2815 tus
1013 2795 1071 2815 sum
1089 2788 1148 2815 tibi.
1165 2798 1174 2814 ι

155 2877 177 2894 ⁸⁷
191 2877 269 2908 Joan.
289 2889 347 2915 vtu,
362 2883 406 2913 57.
444 2885 465 2902 “
482 2885 546 2915 ibid.
565 2886 609 2915 39.
647 2888 668 2904 "
680 2886 772 2916 Matth.
788 2894 816 2921 Χ,
834 2887 860 2917 6.
898 2889 914 2905 ⁷⁴

966 2890 1026 2918 ,utb.
1046 2896 1140 2925 ιιι-ιιι⁸
1155 2889 1202 2918 ΞΟ.
