  <div class='ocr_page' id='page_1' title='image "/cluster/home/n/w/nwhite01/storage/ocr_20150623/24/njp.32101077772513/199.png"; bbox 0 0 2044 3215; ppageno 0'>
   <div class='ocr_carea' id='block_1_1' title="bbox 302 175 363 204">
    <p class='ocr_par' dir='ltr' id='par_1_1' title="bbox 302 175 363 204">
     <span class='ocr_line' id='line_1_1' title="bbox 302 175 363 204; baseline 0 0"><span class='ocrx_word' id='word_1_1' title='bbox 302 175 363 204; x_wconf 70' lang='grc'><strong>’383</strong></span> 
     </span>
    </p>
   </div>
   <div class='ocr_carea' id='block_1_2' title="bbox 664 163 1102 198">
    <p class='ocr_par' dir='ltr' id='par_1_2' title="bbox 664 166 1102 198">
     <span class='ocr_line' id='line_1_2' title="bbox 664 166 1102 198; baseline -0.007 0"><span class='ocrx_word' id='word_1_2' title='bbox 664 166 800 198; x_wconf 65' lang='grc' dir='ltr'>ΕυεΕΒιι</span> <span class='ocrx_word' id='word_1_3' title='bbox 818 167 1055 198; x_wconf 63' lang='lat' dir='ltr'><strong>CESARIENSIS</strong></span> <span class='ocrx_word' id='word_1_4' title='bbox 1074 168 1102 195; x_wconf 91' lang='lat'><strong>0|</strong></span> 
     </span>
    </p>
   </div>
   <div class='ocr_carea' id='block_1_3' title="bbox 1150 163 1597 198">
    <p class='ocr_par' dir='ltr' id='par_1_3' title="bbox 1169 163 1597 196">
     <span class='ocr_line' id='line_1_3' title="bbox 1169 163 1597 196; baseline -0.009 0"><span class='ocrx_word' id='word_1_5' title='bbox 1169 166 1258 196; x_wconf 75' lang='lat' dir='ltr'><strong>PARS</strong></span> <span class='ocrx_word' id='word_1_6' title='bbox 1277 166 1320 195; x_wconf 81' lang='lat' dir='ltr'><strong>Ill.</strong></span> <span class='ocrx_word' id='word_1_7' title='bbox 1340 181 1375 188; x_wconf 91' lang='lat'><strong><em>—</em></strong></span> <span class='ocrx_word' id='word_1_8' title='bbox 1393 163 1597 194; x_wconf 74' lang='lat' dir='ltr'><strong>EXEGETICA.</strong></span> 
     </span>
    </p>
   </div>
   <div class='ocr_carea' id='block_1_4' title="bbox 1866 165 1924 193">
    <p class='ocr_par' dir='ltr' id='par_1_4' title="bbox 1866 165 1924 193">
     <span class='ocr_line' id='line_1_4' title="bbox 1866 165 1924 193; baseline 0 0"><span class='ocrx_word' id='word_1_9' title='bbox 1866 165 1924 193; x_wconf 54' lang='lat'><strong>&#39;38!</strong></span> 
     </span>
    </p>
   </div>
   <div class='ocr_carea' id='block_1_5' title="bbox 350 221 1102 264">
    <p class='ocr_par' dir='ltr' id='par_1_5' title="bbox 350 227 1091 264">
     <span class='ocr_line' id='line_1_5' title="bbox 350 227 1091 264; baseline -0.009 -4"><span class='ocrx_word' id='word_1_10' title='bbox 350 230 527 260; x_wconf 70' lang='lat' dir='ltr'><strong>Vans.22-25.</strong></span> <span class='ocrx_word' id='word_1_11' title='bbox 543 238 553 256; x_wconf 81' lang='grc'><strong>‹</strong></span> <span class='ocrx_word' id='word_1_12' title='bbox 565 228 786 264; x_wconf 83' lang='lat' dir='ltr'><strong>Appt&#39;opinquent</strong></span> <span class='ocrx_word' id='word_1_13' title='bbox 797 232 824 255; x_wconf 78' lang='lat' dir='ltr'><strong>et</strong></span> <span class='ocrx_word' id='word_1_14' title='bbox 840 227 1000 254; x_wconf 89' lang='lat' dir='ltr'><strong>annuntient</strong></span> <span class='ocrx_word' id='word_1_15' title='bbox 1014 227 1091 254; x_wconf 84' lang='lat' dir='ltr'><strong>vobis</strong></span> 
     </span>
    </p>
   </div>
   <div class='ocr_carea' id='block_1_6' title="bbox 1150 221 1923 264">
    <p class='ocr_par' dir='ltr' id='par_1_6' title="bbox 1181 221 1923 261">
     <span class='ocr_line' id='line_1_6' title="bbox 1181 221 1923 261; baseline -0.005 -8"><span class='ocrx_word' id='word_1_16' title='bbox 1181 236 1190 253; x_wconf 72' lang='grc' dir='ltr'><strong>ε</strong></span> <span class='ocrx_word' id='word_1_17' title='bbox 1211 226 1422 261; x_wconf 82' lang='grc' dir='ltr'>Ἐγγισάτωσαν,</span> <span class='ocrx_word' id='word_1_18' title='bbox 1439 225 1485 252; x_wconf 69' lang='grc' dir='ltr'>καὶ</span> <span class='ocrx_word' id='word_1_19' title='bbox 1498 223 1736 259; x_wconf 78' lang='grc' dir='ltr'>ἀναγγειλάτωσαν</span> <span class='ocrx_word' id='word_1_20' title='bbox 1751 221 1817 259; x_wconf 76' lang='grc' dir='ltr'>ὑμῖν</span> <span class='ocrx_word' id='word_1_21' title='bbox 1832 222 1849 250; x_wconf 74' lang='grc' dir='ltr'>ἃ</span> <span class='ocrx_word' id='word_1_22' title='bbox 1864 231 1923 260; x_wconf 80' lang='grc' dir='ltr'>συμ-</span> 
     </span>
    </p>
   </div>
   <div class='ocr_carea' id='block_1_7' title="bbox 312 271 1094 315">
    <p class='ocr_par' dir='ltr' id='par_1_7' title="bbox 312 271 1094 315">
     <span class='ocr_line' id='line_1_7' title="bbox 312 271 1094 315; baseline -0.01 -8"><span class='ocrx_word' id='word_1_23' title='bbox 312 287 372 315; x_wconf 67' lang='lat' dir='ltr'><strong>quae</strong></span> <span class='ocrx_word' id='word_1_24' title='bbox 385 282 499 306; x_wconf 84' lang='lat' dir='ltr'><strong>ventura</strong></span> <span class='ocrx_word' id='word_1_25' title='bbox 520 279 593 310; x_wconf 87' lang='lat' dir='ltr'><strong>sunt,</strong></span> <span class='ocrx_word' id='word_1_26' title='bbox 609 280 656 302; x_wconf 85' lang='lat' dir='ltr'><strong>aut</strong></span> <span class='ocrx_word' id='word_1_27' title='bbox 670 275 760 309; x_wconf 80' lang='lat' dir='ltr'><strong>priora</strong></span> <span class='ocrx_word' id='word_1_28' title='bbox 776 281 838 308; x_wconf 77' lang='lat' dir='ltr'><strong>qua:</strong></span> <span class='ocrx_word' id='word_1_29' title='bbox 851 277 939 300; x_wconf 86' lang='lat' dir='ltr'><strong>erant.</strong></span> <span class='ocrx_word' id='word_1_30' title='bbox 956 271 1053 305; x_wconf 78' lang='lat' dir='ltr'><strong>Dicite,</strong></span> <span class='ocrx_word' id='word_1_31' title='bbox 1065 278 1094 300; x_wconf 85' lang='lat' dir='ltr'><strong>et</strong></span> 
     </span>
    </p>
   </div>
   <div class='ocr_carea' id='block_1_8' title="bbox 313 319 1093 355">
    <p class='ocr_par' dir='ltr' id='par_1_8' title="bbox 313 319 1093 355">
     <span class='ocr_line' id='line_1_8' title="bbox 313 319 1093 355; baseline -0.012 -1"><span class='ocrx_word' id='word_1_32' title='bbox 313 330 431 354; x_wconf 82' lang='lat' dir='ltr'><strong>mentem</strong></span> <span class='ocrx_word' id='word_1_33' title='bbox 450 324 632 353; x_wconf 83' lang='lat' dir='ltr'><strong>advertemus,</strong></span> <span class='ocrx_word' id='word_1_34' title='bbox 654 325 682 348; x_wconf 92' lang='lat' dir='ltr'><strong>et</strong></span> <span class='ocrx_word' id='word_1_35' title='bbox 699 327 893 355; x_wconf 81' lang='lat' dir='ltr'><strong>cognoscemus</strong></span> <span class='ocrx_word' id='word_1_36' title='bbox 908 327 967 354; x_wconf 63' lang='lat' dir='ltr'><strong>qua».</strong></span> <span class='ocrx_word' id='word_1_37' title='bbox 987 319 1093 351; x_wconf 82' lang='lat' dir='ltr'><strong>ultima,</strong></span> 
     </span>
    </p>
   </div>
   <div class='ocr_carea' id='block_1_9' title="bbox 314 364 1093 405">
    <p class='ocr_par' dir='ltr' id='par_1_9' title="bbox 314 364 1093 405">
     <span class='ocr_line' id='line_1_9' title="bbox 314 364 1093 405; baseline -0.01 -6"><span class='ocrx_word' id='word_1_38' title='bbox 314 377 340 400; x_wconf 83' lang='lat' dir='ltr'><strong>et</strong></span> <span class='ocrx_word' id='word_1_39' title='bbox 355 379 414 405; x_wconf 59' lang='lat' dir='ltr'><strong>quae</strong></span> <span class='ocrx_word' id='word_1_40' title='bbox 435 375 555 397; x_wconf 87' lang='lat' dir='ltr'><strong>ventura.</strong></span> <span class='ocrx_word' id='word_1_41' title='bbox 570 367 734 395; x_wconf 75' lang='lat' dir='ltr'><strong>Renuntiate</strong></span> <span class='ocrx_word' id='word_1_42' title='bbox 751 366 828 394; x_wconf 86' lang='lat' dir='ltr'><strong>nobis</strong></span> <span class='ocrx_word' id='word_1_43' title='bbox 849 373 910 400; x_wconf 70' lang='lat' dir='ltr'><strong>qum</strong></span> <span class='ocrx_word' id='word_1_44' title='bbox 934 370 1046 392; x_wconf 79' lang='lat' dir='ltr'><strong>ventura</strong></span> <span class='ocrx_word' id='word_1_45' title='bbox 1066 364 1093 392; x_wconf 90' lang='lat' dir='ltr'><strong>in</strong></span> 
     </span>
    </p>
   </div>
   <div class='ocr_carea' id='block_1_10' title="bbox 315 410 1092 449">
    <p class='ocr_par' dir='ltr' id='par_1_10' title="bbox 315 410 1092 449">
     <span class='ocr_line' id='line_1_10' title="bbox 315 410 1092 449; baseline -0.013 -3"><span class='ocrx_word' id='word_1_46' title='bbox 315 418 478 448; x_wconf 84' lang='lat' dir='ltr'><strong>novissimo,</strong></span> <span class='ocrx_word' id='word_1_47' title='bbox 494 419 521 443; x_wconf 93' lang='lat' dir='ltr'><strong>et</strong></span> <span class='ocrx_word' id='word_1_48' title='bbox 541 421 734 449; x_wconf 77' lang='lat' dir='ltr'><strong>cognoscemus</strong></span> <span class='ocrx_word' id='word_1_49' title='bbox 756 412 819 447; x_wconf 80' lang='lat' dir='ltr'><strong>quia</strong></span> <span class='ocrx_word' id='word_1_50' title='bbox 843 411 879 438; x_wconf 88' lang='lat' dir='ltr'><strong>dii</strong></span> <span class='ocrx_word' id='word_1_51' title='bbox 902 411 977 438; x_wconf 90' lang='lat' dir='ltr'><strong>estis.</strong></span> <span class='ocrx_word' id='word_1_52' title='bbox 991 420 1002 436; x_wconf 78' lang='grc' dir='ltr'>ι</span> <span class='ocrx_word' id='word_1_53' title='bbox 1027 410 1092 437; x_wconf 84' lang='lat' dir='ltr'><strong>Nam</strong></span> 
     </span>
    </p>
   </div>
   <div class='ocr_carea' id='block_1_11' title="bbox 315 457 1096 497">
    <p class='ocr_par' dir='ltr' id='par_1_11' title="bbox 315 457 1096 497">
     <span class='ocr_line' id='line_1_11' title="bbox 315 457 1096 497; baseline -0.012 -5"><span class='ocrx_word' id='word_1_54' title='bbox 315 465 360 492; x_wconf 85' lang='lat' dir='ltr'><strong>Dei</strong></span> <span class='ocrx_word' id='word_1_55' title='bbox 387 463 520 497; x_wconf 76' lang='lat' dir='ltr'><strong>propheta:</strong></span> <span class='ocrx_word' id='word_1_56' title='bbox 545 461 669 496; x_wconf 74' lang='lat' dir='ltr'><strong>quidem,</strong></span> <span class='ocrx_word' id='word_1_57' title='bbox 690 459 772 486; x_wconf 79' lang='lat' dir='ltr'><strong>divini</strong></span> <span class='ocrx_word' id='word_1_58' title='bbox 799 463 941 486; x_wconf 75' lang='lat' dir='ltr'><strong>consortes</strong></span> <span class='ocrx_word' id='word_1_59' title='bbox 967 457 1096 492; x_wconf 85' lang='lat' dir='ltr'><strong>Spiritus,</strong></span> 
     </span>
    </p>
   </div>
   <div class='ocr_carea' id='block_1_12' title="bbox 316 503 1095 542">
    <p class='ocr_par' dir='ltr' id='par_1_12' title="bbox 316 503 1095 542">
     <span class='ocr_line' id='line_1_12' title="bbox 316 503 1095 542; baseline -0.006 -7"><span class='ocrx_word' id='word_1_60' title='bbox 316 509 459 536; x_wconf 84' lang='lat' dir='ltr'><strong>novissima</strong></span> <span class='ocrx_word' id='word_1_61' title='bbox 481 507 713 542; x_wconf 70' lang='lat' dir='ltr'><strong>prmnuntiarunt,</strong></span> <span class='ocrx_word' id='word_1_62' title='bbox 734 505 870 540; x_wconf 83' lang='lat' dir='ltr'><strong>inaquosi,</strong></span> <span class='ocrx_word' id='word_1_63' title='bbox 893 503 992 532; x_wconf 89' lang='lat' dir='ltr'><strong>sterilis</strong></span> <span class='ocrx_word' id='word_1_64' title='bbox 1005 508 1032 531; x_wconf 86' lang='lat' dir='ltr'><strong>et</strong></span> <span class='ocrx_word' id='word_1_65' title='bbox 1056 504 1095 530; x_wconf 89' lang='lat' dir='ltr'><strong>in-</strong></span> 
     </span>
    </p>
   </div>
   <div class='ocr_carea' id='block_1_13' title="bbox 316 551 1096 582">
    <p class='ocr_par' dir='ltr' id='par_1_13' title="bbox 316 551 1096 582">
     <span class='ocr_line' id='line_1_13' title="bbox 316 551 1096 582; baseline -0.008 0"><span class='ocrx_word' id='word_1_66' title='bbox 316 554 442 582; x_wconf 68' lang='lat' dir='ltr'><strong>fructuosi</strong></span> <span class='ocrx_word' id='word_1_67' title='bbox 460 553 507 581; x_wconf 88' lang='lat' dir='ltr'><strong>soli</strong></span> <span class='ocrx_word' id='word_1_68' title='bbox 524 553 550 579; x_wconf 92' lang='lat' dir='ltr'><strong>iu</strong></span> <span class='ocrx_word' id='word_1_69' title='bbox 569 552 706 579; x_wconf 81' lang='lat' dir='ltr'><strong>meliorem</strong></span> <span class='ocrx_word' id='word_1_70' title='bbox 730 556 832 578; x_wconf 83' lang='lat' dir='ltr'><strong>statum</strong></span> <span class='ocrx_word' id='word_1_71' title='bbox 853 551 1027 578; x_wconf 76' lang='lat' dir='ltr'><strong>mulationem</strong></span> <span class='ocrx_word' id='word_1_72' title='bbox 1050 557 1096 576; x_wconf 76' lang='lat' dir='ltr'><strong>va-</strong></span> 
     </span>
    </p>
   </div>
   <div class='ocr_carea' id='block_1_14' title="bbox 315 595 1094 631">
    <p class='ocr_par' dir='ltr' id='par_1_14' title="bbox 315 595 1094 631">
     <span class='ocr_line' id='line_1_14' title="bbox 315 595 1094 631; baseline -0.006 -4"><span class='ocrx_word' id='word_1_73' title='bbox 315 600 466 631; x_wconf 86' lang='lat' dir='ltr'><strong>ticinantes,</strong></span> <span class='ocrx_word' id='word_1_74' title='bbox 482 606 587 626; x_wconf 86' lang='lat' dir='ltr'><strong>necnon</strong></span> <span class='ocrx_word' id='word_1_75' title='bbox 609 597 710 625; x_wconf 75' lang='lat' dir='ltr'><strong>Christi</strong></span> <span class='ocrx_word' id='word_1_76' title='bbox 731 597 891 627; x_wconf 85' lang='lat' dir='ltr'><strong>adventum.</strong></span> <span class='ocrx_word' id='word_1_77' title='bbox 915 595 1094 631; x_wconf 80' lang='lat' dir='ltr'><strong>apostolorum</strong></span> 
     </span>
    </p>
   </div>
   <div class='ocr_carea' id='block_1_15' title="bbox 315 642 1094 680">
    <p class='ocr_par' dir='ltr' id='par_1_15' title="bbox 315 642 1094 680">
     <span class='ocr_line' id='line_1_15' title="bbox 315 642 1094 680; baseline -0.005 -9"><span class='ocrx_word' id='word_1_78' title='bbox 315 647 371 680; x_wconf 80' lang='lat' dir='ltr'><strong>ejus</strong></span> <span class='ocrx_word' id='word_1_79' title='bbox 395 644 629 680; x_wconf 65' lang='lat' dir='ltr'><strong>praedicationem,</strong></span> <span class='ocrx_word' id='word_1_80' title='bbox 655 647 809 676; x_wconf 60' lang='lat' dir='ltr'><strong>eseteraque</strong></span> <span class='ocrx_word' id='word_1_81' title='bbox 831 643 919 668; x_wconf 80' lang='lat' dir='ltr'><strong>omnia</strong></span> <span class='ocrx_word' id='word_1_82' title='bbox 951 642 977 669; x_wconf 93' lang='lat' dir='ltr'><strong>in</strong></span> <span class='ocrx_word' id='word_1_83' title='bbox 1003 649 1094 669; x_wconf 86' lang='lat' dir='ltr'><strong>eorum</strong></span> 
     </span>
    </p>
   </div>
   <div class='ocr_carea' id='block_1_16' title="bbox 315 687 1093 726">
    <p class='ocr_par' dir='ltr' id='par_1_16' title="bbox 315 687 1093 726">
     <span class='ocr_line' id='line_1_16' title="bbox 315 687 1093 726; baseline -0.006 -7"><span class='ocrx_word' id='word_1_84' title='bbox 315 691 463 726; x_wconf 84' lang='lat' dir='ltr'><strong>prophetiis</strong></span> <span class='ocrx_word' id='word_1_85' title='bbox 477 690 614 717; x_wconf 89' lang='lat' dir='ltr'><strong>enuntiata</strong></span> <span class='ocrx_word' id='word_1_86' title='bbox 628 698 634 715; x_wconf 91' lang='lat'>:</span> <span class='ocrx_word' id='word_1_87' title='bbox 650 689 721 716; x_wconf 86' lang='lat' dir='ltr'><strong>unde</strong></span> <span class='ocrx_word' id='word_1_88' title='bbox 734 696 827 715; x_wconf 85' lang='lat' dir='ltr'><strong>revera</strong></span> <span class='ocrx_word' id='word_1_89' title='bbox 842 689 911 716; x_wconf 85' lang='lat' dir='ltr'><strong>Deus</strong></span> <span class='ocrx_word' id='word_1_90' title='bbox 926 695 985 715; x_wconf 87' lang='lat' dir='ltr'><strong>esse</strong></span> <span class='ocrx_word' id='word_1_91' title='bbox 1000 688 1033 721; x_wconf 93' lang='lat' dir='ltr'><strong>is,</strong></span> <span class='ocrx_word' id='word_1_92' title='bbox 1048 687 1093 722; x_wconf 85' lang='lat' dir='ltr'><strong>qui</strong></span> 
     </span>
    </p>
   </div>
   <div class='ocr_carea' id='block_1_17' title="bbox 316 734 1096 770">
    <p class='ocr_par' dir='ltr' id='par_1_17' title="bbox 316 734 1096 770">
     <span class='ocr_line' id='line_1_17' title="bbox 316 734 1096 770; baseline -0.006 -5"><span class='ocrx_word' id='word_1_93' title='bbox 316 739 373 765; x_wconf 72' lang='lat' dir='ltr'><strong>haec</strong></span> <span class='ocrx_word' id='word_1_94' title='bbox 397 738 422 765; x_wconf 90' lang='lat' dir='ltr'><strong>in</strong></span> <span class='ocrx_word' id='word_1_95' title='bbox 438 736 490 764; x_wconf 90' lang='lat' dir='ltr'><strong>illis</strong></span> <span class='ocrx_word' id='word_1_96' title='bbox 502 741 529 763; x_wconf 89' lang='lat' dir='ltr'><strong>et</strong></span> <span class='ocrx_word' id='word_1_97' title='bbox 545 743 593 770; x_wconf 87' lang='lat' dir='ltr'><strong>per</strong></span> <span class='ocrx_word' id='word_1_98' title='bbox 608 735 667 762; x_wconf 88' lang='lat' dir='ltr'><strong>illos</strong></span> <span class='ocrx_word' id='word_1_99' title='bbox 682 735 845 762; x_wconf 87' lang='lat' dir='ltr'><strong>vaticinatus</strong></span> <span class='ocrx_word' id='word_1_100' title='bbox 859 739 912 766; x_wconf 87' lang='lat' dir='ltr'><strong>est,</strong></span> <span class='ocrx_word' id='word_1_101' title='bbox 928 734 1096 769; x_wconf 64' lang='lat' dir='ltr'><strong>agnoscitur,</strong></span> 
     </span>
    </p>
   </div>
   <div class='ocr_carea' id='block_1_18' title="bbox 316 779 1095 820">
    <p class='ocr_par' dir='ltr' id='par_1_18' title="bbox 316 779 1095 820">
     <span class='ocr_line' id='line_1_18' title="bbox 316 779 1095 820; baseline -0.009 -8"><span class='ocrx_word' id='word_1_102' title='bbox 316 784 425 820; x_wconf 81' lang='lat' dir='ltr'><strong>Maligni</strong></span> <span class='ocrx_word' id='word_1_103' title='bbox 441 789 505 810; x_wconf 90' lang='lat' dir='ltr'><strong>vero</strong></span> <span class='ocrx_word' id='word_1_104' title='bbox 526 782 661 809; x_wconf 69' lang='lat' dir='ltr'><strong>dmmones</strong></span> <span class='ocrx_word' id='word_1_105' title='bbox 683 781 728 814; x_wconf 91' lang='lat' dir='ltr'><strong>qui</strong></span> <span class='ocrx_word' id='word_1_106' title='bbox 753 781 888 815; x_wconf 83' lang='lat' dir='ltr'><strong>potuerint</strong></span> <span class='ocrx_word' id='word_1_107' title='bbox 912 779 1095 806; x_wconf 76' lang='lat' dir='ltr'><strong>universorum</strong></span> 
     </span>
    </p>
   </div>
   <div class='ocr_carea' id='block_1_19' title="bbox 316 823 1095 861">
    <p class='ocr_par' dir='ltr' id='par_1_19' title="bbox 316 823 1095 861">
     <span class='ocr_line' id='line_1_19' title="bbox 316 823 1095 861; baseline -0.009 -4"><span class='ocrx_word' id='word_1_108' title='bbox 316 829 362 858; x_wconf 89' lang='lat' dir='ltr'><strong>Dei</strong></span> <span class='ocrx_word' id='word_1_109' title='bbox 384 825 525 856; x_wconf 82' lang='lat' dir='ltr'><strong>consilium</strong></span> <span class='ocrx_word' id='word_1_110' title='bbox 544 832 571 854; x_wconf 93' lang='lat' dir='ltr'><strong>et</strong></span> <span class='ocrx_word' id='word_1_111' title='bbox 586 827 792 861; x_wconf 72' lang='lat' dir='ltr'><strong>cogitationem,</strong></span> <span class='ocrx_word' id='word_1_112' title='bbox 814 832 846 852; x_wconf 89' lang='lat' dir='ltr'><strong>ac</strong></span> <span class='ocrx_word' id='word_1_113' title='bbox 866 824 924 859; x_wconf 81' lang='lat' dir='ltr'><strong>ejus</strong></span> <span class='ocrx_word' id='word_1_114' title='bbox 945 824 978 851; x_wconf 92' lang='lat' dir='ltr'><strong>de</strong></span> <span class='ocrx_word' id='word_1_115' title='bbox 997 823 1095 851; x_wconf 89' lang='lat' dir='ltr'><strong>Christi</strong></span> 
     </span>
    </p>
   </div>
   <div class='ocr_carea' id='block_1_20' title="bbox 316 864 1097 907">
    <p class='ocr_par' dir='ltr' id='par_1_20' title="bbox 316 864 1097 907">
     <span class='ocr_line' id='line_1_20' title="bbox 316 864 1097 907; baseline -0.008 -5"><span class='ocrx_word' id='word_1_116' title='bbox 316 875 448 906; x_wconf 72' lang='lat' dir='ltr'><strong>adventu,</strong></span> <span class='ocrx_word' id='word_1_117' title='bbox 468 873 554 907; x_wconf 86' lang='lat' dir='ltr'><strong>deque</strong></span> <span class='ocrx_word' id='word_1_118' title='bbox 579 864 699 906; x_wconf 80' lang='lat' dir='ltr'><strong>ipsorum</strong></span> <span class='ocrx_word' id='word_1_119' title='bbox 721 869 841 904; x_wconf 86' lang='lat' dir='ltr'><strong>pernicie</strong></span> <span class='ocrx_word' id='word_1_120' title='bbox 863 873 890 896; x_wconf 90' lang='lat' dir='ltr'><strong>et</strong></span> <span class='ocrx_word' id='word_1_121' title='bbox 906 869 991 896; x_wconf 85' lang='lat' dir='ltr'><strong>exitio</strong></span> <span class='ocrx_word' id='word_1_122' title='bbox 1007 869 1097 896; x_wconf 76' lang='lat' dir='ltr'><strong>decie-</strong></span> 
     </span>
    </p>
   </div>
   <div class='ocr_carea' id='block_1_21' title="bbox 316 901 1133 955">
    <p class='ocr_par' dir='ltr' id='par_1_21' title="bbox 316 901 1133 955">
     <span class='ocr_line' id='line_1_21' title="bbox 316 901 1133 955; baseline -0.009 -7"><span class='ocrx_word' id='word_1_123' title='bbox 316 925 383 954; x_wconf 90' lang='lat' dir='ltr'><strong>tum,</strong></span> <span class='ocrx_word' id='word_1_124' title='bbox 397 901 577 955; x_wconf 69' lang='lat' dir='ltr'><strong>cognoscere?</strong></span> <span class='ocrx_word' id='word_1_125' title='bbox 590 917 758 951; x_wconf 75' lang='lat' dir='ltr'><strong>Quapropter</strong></span> <span class='ocrx_word' id='word_1_126' title='bbox 773 922 833 942; x_wconf 86' lang='lat' dir='ltr'><strong>cum</strong></span> <span class='ocrx_word' id='word_1_127' title='bbox 851 914 942 941; x_wconf 76' lang='lat' dir='ltr'><strong>futura</strong></span> <span class='ocrx_word' id='word_1_128' title='bbox 962 918 1044 949; x_wconf 81' lang='lat' dir='ltr'><strong>atque</strong></span> <span class='ocrx_word' id='word_1_129' title='bbox 1064 921 1095 941; x_wconf 79' lang='lat' dir='ltr'><strong>ea</strong></span> <span class='ocrx_word' id='word_1_130' title='bbox 1113 901 1133 930; x_wconf 71' lang='grc' dir='ltr'><strong>Β</strong></span> 
     </span>
    </p>
   </div>
   <div class='ocr_carea' id='block_1_22' title="bbox 317 959 1099 1002">
    <p class='ocr_par' dir='ltr' id='par_1_22' title="bbox 317 959 1099 1002">
     <span class='ocr_line' id='line_1_22' title="bbox 317 959 1099 1002; baseline -0.01 -9"><span class='ocrx_word' id='word_1_131' title='bbox 317 974 377 1002; x_wconf 73' lang='lat' dir='ltr'><strong>qua:</strong></span> <span class='ocrx_word' id='word_1_132' title='bbox 390 965 416 992; x_wconf 91' lang='lat' dir='ltr'><strong>in</strong></span> <span class='ocrx_word' id='word_1_133' title='bbox 429 959 556 992; x_wconf 84' lang='lat' dir='ltr'><strong>extremis</strong></span> <span class='ocrx_word' id='word_1_134' title='bbox 577 962 742 997; x_wconf 87' lang='lat' dir='ltr'><strong>temporibus</strong></span> <span class='ocrx_word' id='word_1_135' title='bbox 757 960 964 999; x_wconf 45' lang='lat' dir='ltr'><strong>cirea‘gentium</strong></span> <span class='ocrx_word' id='word_1_136' title='bbox 979 959 1099 987; x_wconf 85' lang='lat' dir='ltr'><strong>vocatio-</strong></span> 
     </span>
    </p>
   </div>
   <div class='ocr_carea' id='block_1_23' title="bbox 315 1006 1099 1044">
    <p class='ocr_par' dir='ltr' id='par_1_23' title="bbox 315 1006 1099 1044">
     <span class='ocr_line' id='line_1_23' title="bbox 315 1006 1099 1044; baseline -0.009 -5"><span class='ocrx_word' id='word_1_137' title='bbox 315 1019 376 1039; x_wconf 86' lang='lat' dir='ltr'><strong>nem</strong></span> <span class='ocrx_word' id='word_1_138' title='bbox 397 1010 623 1044; x_wconf 88' lang='lat' dir='ltr'><strong>solitudinemque</strong></span> <span class='ocrx_word' id='word_1_139' title='bbox 644 1012 865 1035; x_wconf 72' lang='lat' dir='ltr'><strong>suam‘eventura</strong></span> <span class='ocrx_word' id='word_1_140' title='bbox 880 1011 969 1040; x_wconf 86' lang='lat' dir='ltr'><strong>erant,</strong></span> <span class='ocrx_word' id='word_1_141' title='bbox 992 1006 1099 1040; x_wconf 83' lang='lat' dir='ltr'><strong>ignora-</strong></span> 
     </span>
    </p>
   </div>
   <div class='ocr_carea' id='block_1_24' title="bbox 315 1052 1096 1090">
    <p class='ocr_par' dir='ltr' id='par_1_24' title="bbox 315 1052 1096 1090">
     <span class='ocr_line' id='line_1_24' title="bbox 315 1052 1096 1090; baseline -0.01 -5"><span class='ocrx_word' id='word_1_142' title='bbox 315 1062 393 1089; x_wconf 82' lang='lat' dir='ltr'><strong>rent;</strong></span> <span class='ocrx_word' id='word_1_143' title='bbox 421 1059 615 1090; x_wconf 79' lang='lat' dir='ltr'><strong>consequenter</strong></span> <span class='ocrx_word' id='word_1_144' title='bbox 641 1060 727 1087; x_wconf 86' lang='lat' dir='ltr'><strong>neque</strong></span> <span class='ocrx_word' id='word_1_145' title='bbox 749 1052 823 1087; x_wconf 83' lang='lat' dir='ltr'><strong>prius</strong></span> <span class='ocrx_word' id='word_1_146' title='bbox 846 1052 920 1079; x_wconf 82' lang='lat' dir='ltr'><strong>edita</strong></span> <span class='ocrx_word' id='word_1_147' title='bbox 939 1054 1096 1078; x_wconf 84' lang='lat' dir='ltr'><strong>noverant:</strong></span> 
     </span>
    </p>
   </div>
   <div class='ocr_carea' id='block_1_25' title="bbox 315 1097 1101 1138">
    <p class='ocr_par' dir='ltr' id='par_1_25' title="bbox 315 1097 1101 1138">
     <span class='ocr_line' id='line_1_25' title="bbox 315 1097 1101 1138; baseline -0.009 -9"><span class='ocrx_word' id='word_1_148' title='bbox 315 1109 399 1138; x_wconf 77' lang='lat' dir='ltr'><strong>quare</strong></span> <span class='ocrx_word' id='word_1_149' title='bbox 422 1101 511 1128; x_wconf 87' lang='lat' dir='ltr'><strong>nullus</strong></span> <span class='ocrx_word' id='word_1_150' title='bbox 527 1108 620 1128; x_wconf 91' lang='lat' dir='ltr'><strong>eorum</strong></span> <span class='ocrx_word' id='word_1_151' title='bbox 641 1099 779 1134; x_wconf 88' lang='lat' dir='ltr'><strong>prophetis</strong></span> <span class='ocrx_word' id='word_1_152' title='bbox 796 1097 853 1125; x_wconf 83' lang='lat' dir='ltr'><strong>suis</strong></span> <span class='ocrx_word' id='word_1_153' title='bbox 877 1097 930 1124; x_wconf 89' lang='lat' dir='ltr'><strong>ista</strong></span> <span class='ocrx_word' id='word_1_154' title='bbox 955 1103 1101 1131; x_wconf 79' lang='lat' dir='ltr'><strong>suggerere</strong></span> 
     </span>
    </p>
   </div>
   <div class='ocr_carea' id='block_1_26' title="bbox 317 1141 1099 1182">
    <p class='ocr_par' dir='ltr' id='par_1_26' title="bbox 317 1141 1099 1182">
     <span class='ocr_line' id='line_1_26' title="bbox 317 1141 1099 1182; baseline -0.008 -9"><span class='ocrx_word' id='word_1_155' title='bbox 317 1146 417 1182; x_wconf 83' lang='lat' dir='ltr'><strong>potuit,</strong></span> <span class='ocrx_word' id='word_1_156' title='bbox 431 1153 492 1181; x_wconf 69' lang='lat' dir='ltr'><strong>qua:</strong></span> <span class='ocrx_word' id='word_1_157' title='bbox 524 1145 626 1179; x_wconf 85' lang='lat' dir='ltr'><strong>scripto</strong></span> <span class='ocrx_word' id='word_1_158' title='bbox 649 1143 842 1178; x_wconf 73' lang='lat' dir='ltr'><strong>consiguarunt</strong></span> <span class='ocrx_word' id='word_1_159' title='bbox 871 1141 900 1175; x_wconf 83' lang='lat' dir='ltr'><strong>ii,</strong></span> <span class='ocrx_word' id='word_1_160' title='bbox 922 1141 967 1177; x_wconf 86' lang='lat' dir='ltr'><strong>qui</strong></span> <span class='ocrx_word' id='word_1_161' title='bbox 997 1141 1099 1176; x_wconf 83' lang='lat' dir='ltr'><strong>Spiritu</strong></span> 
     </span>
    </p>
   </div>
   <div class='ocr_carea' id='block_1_27' title="bbox 316 1190 688 1227">
    <p class='ocr_par' dir='ltr' id='par_1_27' title="bbox 316 1190 688 1227">
     <span class='ocr_line' id='line_1_27' title="bbox 316 1190 688 1227; baseline -0.008 -7"><span class='ocrx_word' id='word_1_162' title='bbox 316 1193 362 1220; x_wconf 86' lang='lat' dir='ltr'><strong>Dei</strong></span> <span class='ocrx_word' id='word_1_163' title='bbox 379 1192 451 1227; x_wconf 89' lang='lat' dir='ltr'><strong>digni</strong></span> <span class='ocrx_word' id='word_1_164' title='bbox 469 1191 553 1219; x_wconf 81' lang='lat' dir='ltr'><strong>habiti</strong></span> <span class='ocrx_word' id='word_1_165' title='bbox 572 1190 688 1218; x_wconf 78' lang='lat' dir='ltr'><strong>fuerant.</strong></span> 
     </span>
    </p>
   </div>
   <div class='ocr_carea' id='block_1_28' title="bbox 353 1275 1103 1309">
    <p class='ocr_par' dir='ltr' id='par_1_28' title="bbox 353 1275 1103 1309">
     <span class='ocr_line' id='line_1_28' title="bbox 353 1275 1103 1309; baseline -0.001 -6"><span class='ocrx_word' id='word_1_166' title='bbox 353 1286 363 1303; x_wconf 73' lang='grc' dir='ltr'><strong>ι</strong></span> <span class='ocrx_word' id='word_1_167' title='bbox 379 1277 450 1304; x_wconf 83' lang='lat' dir='ltr'><strong>Bene</strong></span> <span class='ocrx_word' id='word_1_168' title='bbox 472 1276 553 1304; x_wconf 81' lang='lat' dir='ltr'><strong>facile</strong></span> <span class='ocrx_word' id='word_1_169' title='bbox 575 1281 603 1304; x_wconf 86' lang='lat' dir='ltr'><strong>et</strong></span> <span class='ocrx_word' id='word_1_170' title='bbox 628 1276 697 1305; x_wconf 87' lang='lat' dir='ltr'><strong>male</strong></span> <span class='ocrx_word' id='word_1_171' title='bbox 720 1276 818 1309; x_wconf 82' lang='lat' dir='ltr'><strong>facile,</strong></span> <span class='ocrx_word' id='word_1_172' title='bbox 840 1280 868 1304; x_wconf 81' lang='lat' dir='ltr'><strong>et</strong></span> <span class='ocrx_word' id='word_1_173' title='bbox 887 1275 1056 1307; x_wconf 83' lang='lat' dir='ltr'><strong>mirabimur,</strong></span> <span class='ocrx_word' id='word_1_174' title='bbox 1075 1280 1103 1303; x_wconf 90' lang='lat' dir='ltr'><strong>et</strong></span> 
     </span>
    </p>
   </div>
   <div class='ocr_carea' id='block_1_29' title="bbox 318 1321 1102 1361">
    <p class='ocr_par' dir='ltr' id='par_1_29' title="bbox 318 1321 1102 1361">
     <span class='ocr_line' id='line_1_29' title="bbox 318 1321 1102 1361; baseline 0.001 -12"><span class='ocrx_word' id='word_1_175' title='bbox 318 1322 472 1350; x_wconf 79' lang='lat' dir='ltr'><strong>videbimus</strong></span> <span class='ocrx_word' id='word_1_176' title='bbox 488 1322 579 1350; x_wconf 89' lang='lat' dir='ltr'><strong>simul.</strong></span> <span class='ocrx_word' id='word_1_177' title='bbox 591 1332 600 1348; x_wconf 75' lang='grc' dir='ltr'><strong>ι</strong></span> <span class='ocrx_word' id='word_1_178' title='bbox 622 1322 734 1361; x_wconf 56' lang='lat' dir='ltr'><strong>Etiamsi</strong></span> <span class='ocrx_word' id='word_1_179' title='bbox 759 1322 832 1350; x_wconf 90' lang='lat' dir='ltr'><strong>enim</strong></span> <span class='ocrx_word' id='word_1_180' title='bbox 850 1321 929 1349; x_wconf 88' lang='lat' dir='ltr'><strong>malis</strong></span> <span class='ocrx_word' id='word_1_181' title='bbox 954 1321 1102 1350; x_wconf 75' lang='lat' dir='ltr'><strong>inferendis</strong></span> 
     </span>
    </p>
   </div>
   <div class='ocr_carea' id='block_1_30' title="bbox 320 1368 1102 1403">
    <p class='ocr_par' dir='ltr' id='par_1_30' title="bbox 320 1368 1102 1403">
     <span class='ocr_line' id='line_1_30' title="bbox 320 1368 1102 1403; baseline -0.001 -7"><span class='ocrx_word' id='word_1_182' title='bbox 320 1376 400 1403; x_wconf 85' lang='lat' dir='ltr'><strong>pares</strong></span> <span class='ocrx_word' id='word_1_183' title='bbox 415 1368 494 1401; x_wconf 76' lang='lat' dir='ltr'><strong>sitis,</strong></span> <span class='ocrx_word' id='word_1_184' title='bbox 517 1373 610 1403; x_wconf 87' lang='lat' dir='ltr'><strong>utpote</strong></span> <span class='ocrx_word' id='word_1_185' title='bbox 626 1369 761 1396; x_wconf 75' lang='lat' dir='ltr'><strong>daamones</strong></span> <span class='ocrx_word' id='word_1_186' title='bbox 779 1368 900 1403; x_wconf 80' lang='lat' dir='ltr'><strong>maligni,</strong></span> <span class='ocrx_word' id='word_1_187' title='bbox 917 1373 1037 1395; x_wconf 87' lang='lat' dir='ltr'><strong>attamen</strong></span> <span class='ocrx_word' id='word_1_188' title='bbox 1061 1368 1102 1395; x_wconf 77' lang='lat' dir='ltr'><strong>di~</strong></span> 
     </span>
    </p>
   </div>
   <div class='ocr_carea' id='block_1_31' title="bbox 320 1413 1101 1450">
    <p class='ocr_par' dir='ltr' id='par_1_31' title="bbox 320 1413 1101 1450">
     <span class='ocr_line' id='line_1_31' title="bbox 320 1413 1101 1450; baseline 0 -9"><span class='ocrx_word' id='word_1_189' title='bbox 320 1414 391 1442; x_wconf 67' lang='lat' dir='ltr'><strong>vina</strong></span> <span class='ocrx_word' id='word_1_190' title='bbox 403 1415 532 1450; x_wconf 88' lang='lat' dir='ltr'><strong>operandi</strong></span> <span class='ocrx_word' id='word_1_191' title='bbox 556 1414 664 1442; x_wconf 89' lang='lat' dir='ltr'><strong>virtutis</strong></span> <span class='ocrx_word' id='word_1_192' title='bbox 682 1414 746 1441; x_wconf 86' lang='lat' dir='ltr'><strong>hinc</strong></span> <span class='ocrx_word' id='word_1_193' title='bbox 762 1413 890 1442; x_wconf 88' lang='lat' dir='ltr'><strong>iudicium</strong></span> <span class='ocrx_word' id='word_1_194' title='bbox 912 1422 965 1441; x_wconf 92' lang='lat' dir='ltr'><strong>non</strong></span> <span class='ocrx_word' id='word_1_195' title='bbox 988 1413 1101 1441; x_wconf 86' lang='lat' dir='ltr'><strong>habebi-</strong></span> 
     </span>
    </p>
   </div>
   <div class='ocr_carea' id='block_1_32' title="bbox 320 1463 1101 1498">
    <p class='ocr_par' dir='ltr' id='par_1_32' title="bbox 320 1463 1101 1498">
     <span class='ocr_line' id='line_1_32' title="bbox 320 1463 1101 1498; baseline 0.001 -9"><span class='ocrx_word' id='word_1_196' title='bbox 320 1463 376 1490; x_wconf 81' lang='lat' dir='ltr'><strong>tis:</strong></span> <span class='ocrx_word' id='word_1_197' title='bbox 392 1470 477 1497; x_wconf 88' lang='lat' dir='ltr'><strong>quare</strong></span> <span class='ocrx_word' id='word_1_198' title='bbox 491 1471 559 1497; x_wconf 81' lang='lat' dir='ltr'><strong>opus</strong></span> <span class='ocrx_word' id='word_1_199' title='bbox 582 1467 623 1490; x_wconf 88' lang='lat' dir='ltr'><strong>est</strong></span> <span class='ocrx_word' id='word_1_200' title='bbox 647 1470 695 1491; x_wconf 87' lang='lat' dir='ltr'><strong>vos</strong></span> <span class='ocrx_word' id='word_1_201' title='bbox 720 1463 790 1498; x_wconf 92' lang='lat' dir='ltr'><strong>quod</strong></span> <span class='ocrx_word' id='word_1_202' title='bbox 808 1463 862 1491; x_wconf 89' lang='lat' dir='ltr'><strong>Deo</strong></span> <span class='ocrx_word' id='word_1_203' title='bbox 877 1463 1015 1498; x_wconf 90' lang='lat' dir='ltr'><strong>proprium</strong></span> <span class='ocrx_word' id='word_1_204' title='bbox 1042 1468 1101 1496; x_wconf 84' lang='lat' dir='ltr'><strong>est,</strong></span> 
     </span>
    </p>
   </div>
   <div class='ocr_carea' id='block_1_33' title="bbox 321 1506 1102 1541">
    <p class='ocr_par' dir='ltr' id='par_1_33' title="bbox 321 1506 1102 1541">
     <span class='ocr_line' id='line_1_33' title="bbox 321 1506 1102 1541; baseline 0.003 -7"><span class='ocrx_word' id='word_1_205' title='bbox 321 1507 436 1541; x_wconf 91' lang='lat' dir='ltr'><strong>primum</strong></span> <span class='ocrx_word' id='word_1_206' title='bbox 449 1507 593 1541; x_wconf 88' lang='lat' dir='ltr'><strong>exhibere,</strong></span> <span class='ocrx_word' id='word_1_207' title='bbox 613 1508 638 1535; x_wconf 89' lang='lat' dir='ltr'><strong>id</strong></span> <span class='ocrx_word' id='word_1_208' title='bbox 655 1512 707 1540; x_wconf 82' lang='lat' dir='ltr'><strong>est,</strong></span> <span class='ocrx_word' id='word_1_209' title='bbox 720 1509 789 1535; x_wconf 87' lang='lat' dir='ltr'><strong>bene</strong></span> <span class='ocrx_word' id='word_1_210' title='bbox 804 1506 894 1535; x_wconf 82' lang='lat' dir='ltr'><strong>facere</strong></span> <span class='ocrx_word' id='word_1_211' title='bbox 908 1516 915 1535; x_wconf 89' lang='lat'><strong>:</strong></span> <span class='ocrx_word' id='word_1_212' title='bbox 934 1508 997 1536; x_wconf 84' lang='lat' dir='ltr'><strong>hinc</strong></span> <span class='ocrx_word' id='word_1_213' title='bbox 1012 1514 1102 1536; x_wconf 84' lang='lat' dir='ltr'><strong>autem</strong></span> 
     </span>
    </p>
   </div>
   <div class='ocr_carea' id='block_1_34' title="bbox 320 1551 1102 1589">
    <p class='ocr_par' dir='ltr' id='par_1_34' title="bbox 320 1551 1102 1589">
     <span class='ocr_line' id='line_1_34' title="bbox 320 1551 1102 1589; baseline 0.003 -10"><span class='ocrx_word' id='word_1_214' title='bbox 320 1551 506 1587; x_wconf 79' lang='lat' dir='ltr'><strong>justojudicio</strong></span> <span class='ocrx_word' id='word_1_215' title='bbox 523 1553 561 1580; x_wconf 89' lang='lat' dir='ltr'><strong>uti</strong></span> <span class='ocrx_word' id='word_1_216' title='bbox 589 1561 622 1580; x_wconf 90' lang='lat' dir='ltr'><strong>ac</strong></span> <span class='ocrx_word' id='word_1_217' title='bbox 645 1553 742 1587; x_wconf 82' lang='lat' dir='ltr'><strong>dignos</strong></span> <span class='ocrx_word' id='word_1_218' title='bbox 769 1554 900 1588; x_wconf 85' lang='lat' dir='ltr'><strong>supplicio</strong></span> <span class='ocrx_word' id='word_1_219' title='bbox 917 1553 1042 1589; x_wconf 65' lang='lat' dir='ltr'><strong>plectere.</strong></span> <span class='ocrx_word' id='word_1_220' title='bbox 1064 1553 1102 1581; x_wconf 90' lang='lat' dir='ltr'><strong>lla</strong></span> 
     </span>
    </p>
   </div>
   <div class='ocr_carea' id='block_1_35' title="bbox 321 1598 1104 1634">
    <p class='ocr_par' dir='ltr' id='par_1_35' title="bbox 321 1598 1104 1634">
     <span class='ocr_line' id='line_1_35' title="bbox 321 1598 1104 1634; baseline 0.004 -9"><span class='ocrx_word' id='word_1_221' title='bbox 321 1603 353 1625; x_wconf 91' lang='lat' dir='ltr'><strong>ut</strong></span> <span class='ocrx_word' id='word_1_222' title='bbox 368 1598 431 1626; x_wconf 88' lang='lat' dir='ltr'><strong>hinc</strong></span> <span class='ocrx_word' id='word_1_223' title='bbox 444 1598 527 1633; x_wconf 87' lang='lat' dir='ltr'><strong>probe</strong></span> <span class='ocrx_word' id='word_1_224' title='bbox 543 1604 783 1632; x_wconf 86' lang='lat' dir='ltr'><strong>commonstretur,</strong></span> <span class='ocrx_word' id='word_1_225' title='bbox 802 1601 973 1634; x_wconf 82' lang='lat' dir='ltr'><strong>operationes</strong></span> <span class='ocrx_word' id='word_1_226' title='bbox 989 1601 1058 1633; x_wconf 88' lang='lat' dir='ltr'><strong>illas,</strong></span> <span class='ocrx_word' id='word_1_227' title='bbox 1073 1605 1104 1628; x_wconf 94' lang='lat' dir='ltr'><strong>ut</strong></span> 
     </span>
    </p>
   </div>
   <div class='ocr_carea' id='block_1_36' title="bbox 321 1643 1101 1680">
    <p class='ocr_par' dir='ltr' id='par_1_36' title="bbox 321 1643 1101 1680">
     <span class='ocr_line' id='line_1_36' title="bbox 321 1643 1101 1680; baseline 0.003 -10"><span class='ocrx_word' id='word_1_228' title='bbox 321 1647 418 1678; x_wconf 88' lang='lat' dir='ltr'><strong>putant</strong></span> <span class='ocrx_word' id='word_1_229' title='bbox 430 1643 492 1678; x_wconf 86' lang='lat' dir='ltr'><strong>ipsi,</strong></span> <span class='ocrx_word' id='word_1_230' title='bbox 506 1644 564 1672; x_wconf 83' lang='lat' dir='ltr'><strong>sive</strong></span> <span class='ocrx_word' id='word_1_231' title='bbox 578 1644 698 1677; x_wconf 89' lang='lat' dir='ltr'><strong>oracula,</strong></span> <span class='ocrx_word' id='word_1_232' title='bbox 716 1646 941 1680; x_wconf 65' lang='lat' dir='ltr'><strong>praestigiatorum</strong></span> <span class='ocrx_word' id='word_1_233' title='bbox 962 1646 1101 1674; x_wconf 83' lang='lat' dir='ltr'><strong>hominum</strong></span> 
     </span>
    </p>
   </div>
   <div class='ocr_carea' id='block_1_37' title="bbox 321 1688 1102 1727">
    <p class='ocr_par' dir='ltr' id='par_1_37' title="bbox 321 1688 1102 1727">
     <span class='ocr_line' id='line_1_37' title="bbox 321 1688 1102 1727; baseline 0.005 -11"><span class='ocrx_word' id='word_1_234' title='bbox 321 1688 443 1717; x_wconf 76' lang='lat' dir='ltr'><strong>fallacias</strong></span> <span class='ocrx_word' id='word_1_235' title='bbox 462 1696 532 1724; x_wconf 87' lang='lat' dir='ltr'><strong>esse,</strong></span> <span class='ocrx_word' id='word_1_236' title='bbox 555 1691 601 1725; x_wconf 89' lang='lat' dir='ltr'><strong>qui</strong></span> <span class='ocrx_word' id='word_1_237' title='bbox 622 1691 767 1718; x_wconf 88' lang='lat' dir='ltr'><strong>multorum</strong></span> <span class='ocrx_word' id='word_1_238' title='bbox 793 1691 965 1727; x_wconf 85' lang='lat' dir='ltr'><strong>simplicitate</strong></span> <span class='ocrx_word' id='word_1_239' title='bbox 986 1693 1102 1720; x_wconf 84' lang='lat' dir='ltr'><strong>abutun-</strong></span> 
     </span>
    </p>
   </div>
   <div class='ocr_carea' id='block_1_38' title="bbox 322 1737 376 1761">
    <p class='ocr_par' dir='ltr' id='par_1_38' title="bbox 322 1737 376 1761">
     <span class='ocr_line' id='line_1_38' title="bbox 322 1737 376 1761; baseline -0.019 0"><span class='ocrx_word' id='word_1_240' title='bbox 322 1737 376 1761; x_wconf 80' lang='lat' dir='ltr'><strong>tur.</strong></span> 
     </span>
    </p>
   </div>
   <div class='ocr_carea' id='block_1_39' title="bbox 358 1779 1107 1815">
    <p class='ocr_par' dir='ltr' id='par_1_39' title="bbox 358 1779 1107 1815">
     <span class='ocr_line' id='line_1_39' title="bbox 358 1779 1107 1815; baseline 0.007 -9"><span class='ocrx_word' id='word_1_241' title='bbox 358 1779 439 1809; x_wconf 71' lang='lat' dir='ltr'><strong>Vens.</strong></span> <span class='ocrx_word' id='word_1_242' title='bbox 451 1780 497 1812; x_wconf 66' lang='grc'><strong>24,</strong></span> <span class='ocrx_word' id='word_1_243' title='bbox 512 1780 558 1808; x_wconf 79' lang='grc'><strong>25.</strong></span> <span class='ocrx_word' id='word_1_244' title='bbox 579 1790 590 1807; x_wconf 72' lang='grc' dir='ltr'>ι</span> <span class='ocrx_word' id='word_1_245' title='bbox 604 1781 737 1815; x_wconf 81' lang='lat' dir='ltr'><strong>Quoniam</strong></span> <span class='ocrx_word' id='word_1_246' title='bbox 751 1782 820 1809; x_wconf 89' lang='lat' dir='ltr'><strong>unde</strong></span> <span class='ocrx_word' id='word_1_247' title='bbox 834 1784 898 1811; x_wconf 84' lang='lat' dir='ltr'><strong>estis</strong></span> <span class='ocrx_word' id='word_1_248' title='bbox 915 1783 982 1811; x_wconf 70' lang='lat' dir='ltr'><strong>vos?</strong></span> <span class='ocrx_word' id='word_1_249' title='bbox 993 1788 1020 1811; x_wconf 85' lang='lat' dir='ltr'><strong>et</strong></span> <span class='ocrx_word' id='word_1_250' title='bbox 1035 1784 1107 1811; x_wconf 85' lang='lat' dir='ltr'><strong>unde</strong></span> 
     </span>
    </p>
   </div>
   <div class='ocr_carea' id='block_1_40' title="bbox 322 1827 1105 1865">
    <p class='ocr_par' dir='ltr' id='par_1_40' title="bbox 322 1827 1105 1865">
     <span class='ocr_line' id='line_1_40' title="bbox 322 1827 1105 1865; baseline 0.004 -10"><span class='ocrx_word' id='word_1_251' title='bbox 322 1834 390 1862; x_wconf 88' lang='lat' dir='ltr'><strong>opus</strong></span> <span class='ocrx_word' id='word_1_252' title='bbox 405 1827 545 1855; x_wconf 81' lang='lat' dir='ltr'><strong>vestrum?</strong></span> <span class='ocrx_word' id='word_1_253' title='bbox 561 1827 599 1855; x_wconf 89' lang='lat' dir='ltr'><strong>De</strong></span> <span class='ocrx_word' id='word_1_254' title='bbox 617 1832 689 1855; x_wconf 87' lang='lat' dir='ltr'><strong>terra</strong></span> <span class='ocrx_word' id='word_1_255' title='bbox 713 1828 740 1855; x_wconf 93' lang='lat' dir='ltr'><strong>in</strong></span> <span class='ocrx_word' id='word_1_256' title='bbox 765 1829 993 1857; x_wconf 81' lang='lat' dir='ltr'><strong>abominationem</strong></span> <span class='ocrx_word' id='word_1_257' title='bbox 1016 1830 1105 1865; x_wconf 83' lang='lat' dir='ltr'><strong>elege-</strong></span> 
     </span>
    </p>
   </div>
   <div class='ocr_carea' id='block_1_41' title="bbox 322 1873 1102 1911">
    <p class='ocr_par' dir='ltr' id='par_1_41' title="bbox 322 1873 1102 1911">
     <span class='ocr_line' id='line_1_41' title="bbox 322 1873 1102 1911; baseline 0.004 -11"><span class='ocrx_word' id='word_1_258' title='bbox 322 1878 385 1901; x_wconf 86' lang='lat' dir='ltr'><strong>runt</strong></span> <span class='ocrx_word' id='word_1_259' title='bbox 398 1881 456 1901; x_wconf 87' lang='lat' dir='ltr'><strong>vos.</strong></span> <span class='ocrx_word' id='word_1_260' title='bbox 471 1873 526 1907; x_wconf 85' lang='lat' dir='ltr'><strong>Ego</strong></span> <span class='ocrx_word' id='word_1_261' title='bbox 541 1880 604 1901; x_wconf 88' lang='lat' dir='ltr'><strong>vero</strong></span> <span class='ocrx_word' id='word_1_262' title='bbox 625 1874 741 1901; x_wconf 83' lang='lat' dir='ltr'><strong>excitavi</strong></span> <span class='ocrx_word' id='word_1_263' title='bbox 763 1881 837 1906; x_wconf 85' lang='lat' dir='ltr'><strong>eum,</strong></span> <span class='ocrx_word' id='word_1_264' title='bbox 851 1874 897 1910; x_wconf 87' lang='lat' dir='ltr'><strong>qui</strong></span> <span class='ocrx_word' id='word_1_265' title='bbox 913 1876 946 1904; x_wconf 86' lang='lat' dir='ltr'><strong>ab</strong></span> <span class='ocrx_word' id='word_1_266' title='bbox 968 1875 1102 1911; x_wconf 84' lang='lat' dir='ltr'><strong>Aquilone</strong></span> 
     </span>
    </p>
   </div>
   <div class='ocr_carea' id='block_1_42' title="bbox 323 1919 1106 1954">
    <p class='ocr_par' dir='ltr' id='par_1_42' title="bbox 323 1919 1106 1954">
     <span class='ocr_line' id='line_1_42' title="bbox 323 1919 1106 1954; baseline 0.004 -8"><span class='ocrx_word' id='word_1_267' title='bbox 323 1923 376 1951; x_wconf 85' lang='lat' dir='ltr'><strong>est,</strong></span> <span class='ocrx_word' id='word_1_268' title='bbox 390 1923 418 1946; x_wconf 89' lang='lat' dir='ltr'><strong>et</strong></span> <span class='ocrx_word' id='word_1_269' title='bbox 431 1927 504 1953; x_wconf 87' lang='lat' dir='ltr'><strong>eum,</strong></span> <span class='ocrx_word' id='word_1_270' title='bbox 518 1919 564 1954; x_wconf 90' lang='lat' dir='ltr'><strong>qui</strong></span> <span class='ocrx_word' id='word_1_271' title='bbox 580 1919 614 1947; x_wconf 87' lang='lat' dir='ltr'><strong>ab</strong></span> <span class='ocrx_word' id='word_1_272' title='bbox 631 1924 692 1947; x_wconf 88' lang='lat' dir='ltr'><strong>ortu</strong></span> <span class='ocrx_word' id='word_1_273' title='bbox 707 1920 772 1948; x_wconf 86' lang='lat' dir='ltr'><strong>solis</strong></span> <span class='ocrx_word' id='word_1_274' title='bbox 786 1929 794 1949; x_wconf 91' lang='lat'><strong>:</strong></span> <span class='ocrx_word' id='word_1_275' title='bbox 810 1920 977 1948; x_wconf 88' lang='lat' dir='ltr'><strong>v0cabuntur</strong></span> <span class='ocrx_word' id='word_1_276' title='bbox 997 1921 1106 1949; x_wconf 89' lang='lat' dir='ltr'><strong>nomine</strong></span> 
     </span>
    </p>
   </div>
   <div class='ocr_carea' id='block_1_43' title="bbox 324 1964 1105 2002">
    <p class='ocr_par' dir='ltr' id='par_1_43' title="bbox 324 1964 1105 2002">
     <span class='ocr_line' id='line_1_43' title="bbox 324 1964 1105 2002; baseline 0.005 -11"><span class='ocrx_word' id='word_1_277' title='bbox 324 1972 419 1993; x_wconf 68' lang='lat' dir='ltr'><strong>meo.»</strong></span> <span class='ocrx_word' id='word_1_278' title='bbox 440 1964 487 1992; x_wconf 87' lang='lat' dir='ltr'><strong>His</strong></span> <span class='ocrx_word' id='word_1_279' title='bbox 509 1972 591 2000; x_wconf 90' lang='lat' dir='ltr'><strong>porro</strong></span> <span class='ocrx_word' id='word_1_280' title='bbox 615 1966 750 2000; x_wconf 85' lang='lat' dir='ltr'><strong>signiﬁcat</strong></span> <span class='ocrx_word' id='word_1_281' title='bbox 773 1973 820 2001; x_wconf 83' lang='lat' dir='ltr'><strong>per</strong></span> <span class='ocrx_word' id='word_1_282' title='bbox 842 1974 903 1993; x_wconf 92' lang='lat' dir='ltr'><strong>eum</strong></span> <span class='ocrx_word' id='word_1_283' title='bbox 925 1967 972 2002; x_wconf 93' lang='lat' dir='ltr'><strong>qui</strong></span> <span class='ocrx_word' id='word_1_284' title='bbox 994 1967 1029 1994; x_wconf 89' lang='lat' dir='ltr'><strong>ab</strong></span> <span class='ocrx_word' id='word_1_285' title='bbox 1045 1973 1105 1995; x_wconf 89' lang='lat' dir='ltr'><strong>ortu</strong></span> 
     </span>
    </p>
   </div>
   <div class='ocr_carea' id='block_1_44' title="bbox 323 2010 1106 2047">
    <p class='ocr_par' dir='ltr' id='par_1_44' title="bbox 323 2010 1106 2047">
     <span class='ocr_line' id='line_1_44' title="bbox 323 2010 1106 2047; baseline 0.006 -11"><span class='ocrx_word' id='word_1_286' title='bbox 323 2010 389 2037; x_wconf 81' lang='lat' dir='ltr'><strong>solis</strong></span> <span class='ocrx_word' id='word_1_287' title='bbox 410 2011 501 2043; x_wconf 83' lang='lat' dir='ltr'><strong>venit,</strong></span> <span class='ocrx_word' id='word_1_288' title='bbox 523 2010 662 2038; x_wconf 85' lang='lat' dir='ltr'><strong>Christum</strong></span> <span class='ocrx_word' id='word_1_289' title='bbox 686 2012 798 2047; x_wconf 78' lang='lat' dir='ltr'><strong>ejusque</strong></span> <span class='ocrx_word' id='word_1_290' title='bbox 819 2011 952 2046; x_wconf 83' lang='lat' dir='ltr'><strong>justitiam</strong></span> <span class='ocrx_word' id='word_1_291' title='bbox 970 2022 976 2040; x_wconf 94' lang='lat'>:</span> <span class='ocrx_word' id='word_1_292' title='bbox 996 2013 1022 2040; x_wconf 86' lang='lat' dir='ltr'><strong>id</strong></span> <span class='ocrx_word' id='word_1_293' title='bbox 1042 2021 1106 2042; x_wconf 86' lang='lat' dir='ltr'><strong>vero</strong></span> 
     </span>
    </p>
   </div>
   <div class='ocr_carea' id='block_1_45' title="bbox 324 2055 1106 2092">
    <p class='ocr_par' dir='ltr' id='par_1_45' title="bbox 324 2055 1106 2092">
     <span class='ocr_line' id='line_1_45' title="bbox 324 2055 1106 2092; baseline 0.008 -10"><span class='ocrx_word' id='word_1_294' title='bbox 324 2055 460 2084; x_wconf 79' lang='lat' dir='ltr'><strong>iudicabat</strong></span> <span class='ocrx_word' id='word_1_295' title='bbox 485 2057 608 2091; x_wconf 88' lang='lat' dir='ltr'><strong>superius</strong></span> <span class='ocrx_word' id='word_1_296' title='bbox 631 2057 674 2084; x_wconf 90' lang='lat' dir='ltr'><strong>his</strong></span> <span class='ocrx_word' id='word_1_297' title='bbox 695 2059 794 2090; x_wconf 84' lang='lat' dir='ltr'><strong>verbis,</strong></span> <span class='ocrx_word' id='word_1_298' title='bbox 813 2068 821 2084; x_wconf 80' lang='grc' dir='ltr'><strong>ι</strong></span> <span class='ocrx_word' id='word_1_299' title='bbox 837 2057 902 2092; x_wconf 86' lang='lat' dir='ltr'><strong>Quis</strong></span> <span class='ocrx_word' id='word_1_300' title='bbox 923 2059 1051 2087; x_wconf 79' lang='lat' dir='ltr'><strong>excitavit</strong></span> <span class='ocrx_word' id='word_1_301' title='bbox 1073 2061 1106 2088; x_wconf 87' lang='lat' dir='ltr'><strong>ab</strong></span> 
     </span>
    </p>
   </div>
   <div class='ocr_carea' id='block_1_46' title="bbox 325 2102 1105 2140">
    <p class='ocr_par' dir='ltr' id='par_1_46' title="bbox 325 2102 1105 2140">
     <span class='ocr_line' id='line_1_46' title="bbox 325 2102 1105 2140; baseline 0.005 -11"><span class='ocrx_word' id='word_1_302' title='bbox 325 2102 429 2130; x_wconf 84' lang='lat' dir='ltr'><strong>oriente</strong></span> <span class='ocrx_word' id='word_1_303' title='bbox 455 2102 630 2137; x_wconf 66' lang='lat' dir='ltr'><strong>justitiam?»</strong></span> <span class='ocrx_word' id='word_1_304' title='bbox 661 2112 743 2139; x_wconf 87' lang='lat' dir='ltr'><strong>quam</strong></span> <span class='ocrx_word' id='word_1_305' title='bbox 776 2105 841 2138; x_wconf 88' lang='lat' dir='ltr'><strong>ipsis</strong></span> <span class='ocrx_word' id='word_1_306' title='bbox 866 2106 989 2140; x_wconf 77' lang='lat' dir='ltr'><strong>gentibus</strong></span> <span class='ocrx_word' id='word_1_307' title='bbox 1017 2106 1105 2134; x_wconf 81' lang='lat' dir='ltr'><strong>datam</strong></span> 
     </span>
    </p>
   </div>
   <div class='ocr_carea' id='block_1_47' title="bbox 325 2149 1108 2187">
    <p class='ocr_par' dir='ltr' id='par_1_47' title="bbox 325 2149 1108 2187">
     <span class='ocr_line' id='line_1_47' title="bbox 325 2149 1108 2187; baseline 0.005 -11"><span class='ocrx_word' id='word_1_308' title='bbox 325 2149 532 2182; x_wconf 87' lang='lat' dir='ltr'><strong>testllicabatur;</strong></span> <span class='ocrx_word' id='word_1_309' title='bbox 549 2157 597 2183; x_wconf 84' lang='lat' dir='ltr'><strong>per</strong></span> <span class='ocrx_word' id='word_1_310' title='bbox 611 2157 673 2177; x_wconf 90' lang='lat' dir='ltr'><strong>eum</strong></span> <span class='ocrx_word' id='word_1_311' title='bbox 693 2157 758 2177; x_wconf 89' lang='lat' dir='ltr'><strong>vero</strong></span> <span class='ocrx_word' id='word_1_312' title='bbox 773 2151 818 2186; x_wconf 86' lang='lat' dir='ltr'><strong>qui</strong></span> <span class='ocrx_word' id='word_1_313' title='bbox 842 2151 876 2178; x_wconf 88' lang='lat' dir='ltr'><strong>ab</strong></span> <span class='ocrx_word' id='word_1_314' title='bbox 895 2151 1036 2186; x_wconf 83' lang='lat' dir='ltr'><strong>Aquilone,</strong></span> <span class='ocrx_word' id='word_1_315' title='bbox 1060 2160 1108 2187; x_wconf 80' lang='lat' dir='ltr'><strong>pu-</strong></span> 
     </span>
    </p>
   </div>
   <div class='ocr_carea' id='block_1_48' title="bbox 327 2198 1105 2236">
    <p class='ocr_par' dir='ltr' id='par_1_48' title="bbox 327 2198 1105 2236">
     <span class='ocr_line' id='line_1_48' title="bbox 327 2198 1105 2236; baseline 0.005 -11"><span class='ocrx_word' id='word_1_316' title='bbox 327 2198 418 2234; x_wconf 90' lang='lat' dir='ltr'><strong>pulum</strong></span> <span class='ocrx_word' id='word_1_317' title='bbox 433 2206 466 2226; x_wconf 87' lang='lat' dir='ltr'><strong>ex</strong></span> <span class='ocrx_word' id='word_1_318' title='bbox 480 2199 615 2234; x_wconf 78' lang='lat' dir='ltr'><strong>gentibus,</strong></span> <span class='ocrx_word' id='word_1_319' title='bbox 629 2199 674 2234; x_wconf 90' lang='lat' dir='ltr'><strong>qui</strong></span> <span class='ocrx_word' id='word_1_320' title='bbox 694 2199 758 2226; x_wconf 87' lang='lat' dir='ltr'><strong>olim</strong></span> <span class='ocrx_word' id='word_1_321' title='bbox 774 2199 800 2226; x_wconf 92' lang='lat' dir='ltr'><strong>in</strong></span> <span class='ocrx_word' id='word_1_322' title='bbox 825 2200 957 2234; x_wconf 86' lang='lat' dir='ltr'><strong>Aquilone</strong></span> <span class='ocrx_word' id='word_1_323' title='bbox 977 2201 1105 2236; x_wconf 79' lang='lat' dir='ltr'><strong>degebat;</strong></span> 
     </span>
    </p>
   </div>
   <div class='ocr_carea' id='block_1_49' title="bbox 1135 268 1923 310">
    <p class='ocr_par' dir='ltr' id='par_1_49' title="bbox 1135 268 1923 310">
     <span class='ocr_line' id='line_1_49' title="bbox 1135 268 1923 310; baseline -0.004 -9"><span class='ocrx_word' id='word_1_324' title='bbox 1135 273 1265 310; x_wconf 62' lang='grc' dir='ltr'>θήσεται,</span> <span class='ocrx_word' id='word_1_325' title='bbox 1283 273 1300 308; x_wconf 77' lang='grc' dir='ltr'>ἢ</span> <span class='ocrx_word' id='word_1_326' title='bbox 1319 273 1353 300; x_wconf 85' lang='grc' dir='ltr'>τὰ</span> <span class='ocrx_word' id='word_1_327' title='bbox 1367 273 1497 308; x_wconf 85' lang='grc' dir='ltr'>πρότερον</span> <span class='ocrx_word' id='word_1_328' title='bbox 1513 271 1573 299; x_wconf 85' lang='grc' dir='ltr'>τίνα</span> <span class='ocrx_word' id='word_1_329' title='bbox 1601 268 1645 306; x_wconf 74' lang='grc' dir='ltr'><strong>ἦν.</strong></span> <span class='ocrx_word' id='word_1_330' title='bbox 1669 269 1785 302; x_wconf 74' lang='grc' dir='ltr'>Εἴπατε,</span> <span class='ocrx_word' id='word_1_331' title='bbox 1808 270 1855 296; x_wconf 81' lang='grc' dir='ltr'>καὶ</span> <span class='ocrx_word' id='word_1_332' title='bbox 1869 269 1923 298; x_wconf 74' lang='grc' dir='ltr'>ἑπι-</span> 
     </span>
    </p>
   </div>
   <div class='ocr_carea' id='block_1_50' title="bbox 1144 315 1923 356">
    <p class='ocr_par' dir='ltr' id='par_1_50' title="bbox 1144 315 1923 356">
     <span class='ocr_line' id='line_1_50' title="bbox 1144 315 1923 356; baseline -0.005 -10"><span class='ocrx_word' id='word_1_333' title='bbox 1144 320 1277 356; x_wconf 82' lang='grc' dir='ltr'>στήσομεν</span> <span class='ocrx_word' id='word_1_334' title='bbox 1289 319 1334 346; x_wconf 81' lang='grc' dir='ltr'>τὸν</span> <span class='ocrx_word' id='word_1_335' title='bbox 1346 318 1418 351; x_wconf 87' lang='grc' dir='ltr'>νοῦν,</span> <span class='ocrx_word' id='word_1_336' title='bbox 1434 318 1481 345; x_wconf 71' lang='grc' dir='ltr'>καὶ</span> <span class='ocrx_word' id='word_1_337' title='bbox 1494 316 1653 352; x_wconf 79' lang='grc' dir='ltr'>γνωσόμεθα</span> <span class='ocrx_word' id='word_1_338' title='bbox 1666 315 1693 343; x_wconf 89' lang='grc' dir='ltr'><strong>τί</strong></span> <span class='ocrx_word' id='word_1_339' title='bbox 1715 315 1752 342; x_wconf 85' lang='grc' dir='ltr'><strong>τὰ</strong></span> <span class='ocrx_word' id='word_1_340' title='bbox 1771 315 1870 351; x_wconf 71' lang='grc' dir='ltr'>ἔσχατα</span> <span class='ocrx_word' id='word_1_341' title='bbox 1882 317 1923 343; x_wconf 79' lang='grc' dir='ltr'>καὶ</span> 
     </span>
    </p>
   </div>
   <div class='ocr_carea' id='block_1_51' title="bbox 1143 359 1924 400">
    <p class='ocr_par' dir='ltr' id='par_1_51' title="bbox 1143 359 1924 400">
     <span class='ocr_line' id='line_1_51' title="bbox 1143 359 1924 400; baseline -0.004 -9"><span class='ocrx_word' id='word_1_342' title='bbox 1143 365 1178 391; x_wconf 86' lang='grc' dir='ltr'>τὰ</span> <span class='ocrx_word' id='word_1_343' title='bbox 1200 365 1379 400; x_wconf 70' lang='grc' dir='ltr'>ἐπερχόμενα.</span> <span class='ocrx_word' id='word_1_344' title='bbox 1403 361 1592 396; x_wconf 80' lang='grc' dir='ltr'>’Διναγγείλατε</span> <span class='ocrx_word' id='word_1_345' title='bbox 1614 361 1679 397; x_wconf 87' lang='grc' dir='ltr'>ήμϊν</span> <span class='ocrx_word' id='word_1_346' title='bbox 1701 359 1739 387; x_wconf 78' lang='grc' dir='ltr'>τὰ</span> <span class='ocrx_word' id='word_1_347' title='bbox 1761 360 1924 396; x_wconf 74' lang='grc' dir='ltr'>ἐπερχόμενα</span> 
     </span>
    </p>
   </div>
   <div class='ocr_carea' id='block_1_52' title="bbox 1144 406 1927 446">
    <p class='ocr_par' dir='ltr' id='par_1_52' title="bbox 1144 406 1927 446">
     <span class='ocr_line' id='line_1_52' title="bbox 1144 406 1927 446; baseline -0.008 -8"><span class='ocrx_word' id='word_1_348' title='bbox 1144 411 1187 437; x_wconf 75' lang='grc' dir='ltr'><strong>ἐπ’</strong></span> <span class='ocrx_word' id='word_1_349' title='bbox 1201 411 1324 446; x_wconf 73' lang='grc' dir='ltr'>ἐσχάτου,</span> <span class='ocrx_word' id='word_1_350' title='bbox 1341 410 1388 436; x_wconf 77' lang='grc' dir='ltr'><strong>καὶ</strong></span> <span class='ocrx_word' id='word_1_351' title='bbox 1398 408 1567 444; x_wconf 80' lang='grc' dir='ltr'><strong>γνωσόμεθα,</strong></span> <span class='ocrx_word' id='word_1_352' title='bbox 1586 407 1627 433; x_wconf 86' lang='grc' dir='ltr'>ὅτι</span> <span class='ocrx_word' id='word_1_353' title='bbox 1641 406 1695 433; x_wconf 84' lang='grc' dir='ltr'>θεοί</span> <span class='ocrx_word' id='word_1_354' title='bbox 1713 407 1788 433; x_wconf 74' lang='grc' dir='ltr'>ἐστε.</span> <span class='ocrx_word' id='word_1_355' title='bbox 1806 415 1816 432; x_wconf 76' lang='grc' dir='ltr'><strong>ι</strong></span> <span class='ocrx_word' id='word_1_356' title='bbox 1835 407 1864 432; x_wconf 85' lang='grc' dir='ltr'>οἱ</span> <span class='ocrx_word' id='word_1_357' title='bbox 1881 406 1927 442; x_wconf 77' lang='grc' dir='ltr'><strong>μὲν</strong></span> 
     </span>
    </p>
   </div>
   <div class='ocr_carea' id='block_1_53' title="bbox 1144 452 1924 493">
    <p class='ocr_par' dir='ltr' id='par_1_53' title="bbox 1144 452 1924 493">
     <span class='ocr_line' id='line_1_53' title="bbox 1144 452 1924 493; baseline -0.005 -10"><span class='ocrx_word' id='word_1_358' title='bbox 1144 457 1198 493; x_wconf 73' lang='grc' dir='ltr'><strong>γὰρ</strong></span> <span class='ocrx_word' id='word_1_359' title='bbox 1211 456 1258 483; x_wconf 86' lang='grc' dir='ltr'><strong>τοῦ</strong></span> <span class='ocrx_word' id='word_1_360' title='bbox 1272 455 1338 483; x_wconf 82' lang='grc' dir='ltr'>Θεοῦ</span> <span class='ocrx_word' id='word_1_361' title='bbox 1352 455 1499 491; x_wconf 78' lang='grc' dir='ltr'><strong>προφῆται,</strong></span> <span class='ocrx_word' id='word_1_362' title='bbox 1515 453 1604 480; x_wconf 72' lang='grc' dir='ltr'>ἐνθέου</span> <span class='ocrx_word' id='word_1_363' title='bbox 1618 453 1778 488; x_wconf 86' lang='grc' dir='ltr'>Πνεύματος</span> <span class='ocrx_word' id='word_1_364' title='bbox 1791 452 1924 489; x_wconf 82' lang='grc' dir='ltr'>μετασχόν-</span> 
     </span>
    </p>
   </div>
   <div class='ocr_carea' id='block_1_54' title="bbox 1143 499 1925 538">
    <p class='ocr_par' dir='ltr' id='par_1_54' title="bbox 1143 499 1925 538">
     <span class='ocr_line' id='line_1_54' title="bbox 1143 499 1925 538; baseline -0.008 -8"><span class='ocrx_word' id='word_1_365' title='bbox 1143 511 1199 535; x_wconf 85' lang='grc' dir='ltr'>τες,</span> <span class='ocrx_word' id='word_1_366' title='bbox 1216 504 1344 538; x_wconf 82' lang='grc' dir='ltr'><strong>προεῖπον</strong></span> <span class='ocrx_word' id='word_1_367' title='bbox 1358 502 1392 529; x_wconf 78' lang='grc' dir='ltr'><strong>τὰ</strong></span> <span class='ocrx_word' id='word_1_368' title='bbox 1405 502 1505 537; x_wconf 72' lang='grc' dir='ltr'>ἔσχατα</span> <span class='ocrx_word' id='word_1_369' title='bbox 1523 499 1669 536; x_wconf 68' lang='grc' dir='ltr'>διαρρήδην</span> <span class='ocrx_word' id='word_1_370' title='bbox 1690 499 1870 530; x_wconf 73' lang='grc' dir='ltr'>θεσπίσαντες</span> <span class='ocrx_word' id='word_1_371' title='bbox 1882 499 1925 533; x_wconf 80' lang='grc' dir='ltr'>τῆς</span> 
     </span>
    </p>
   </div>
   <div class='ocr_carea' id='block_1_55' title="bbox 1145 541 1925 583">
    <p class='ocr_par' dir='ltr' id='par_1_55' title="bbox 1145 541 1925 583">
     <span class='ocr_line' id='line_1_55' title="bbox 1145 541 1925 583; baseline -0.005 -10"><span class='ocrx_word' id='word_1_372' title='bbox 1145 547 1257 583; x_wconf 79' lang='grc' dir='ltr'>ἀνύδρου</span> <span class='ocrx_word' id='word_1_373' title='bbox 1271 546 1318 573; x_wconf 67' lang='grc' dir='ltr'><strong>καλ⁸</strong></span> <span class='ocrx_word' id='word_1_374' title='bbox 1339 546 1436 580; x_wconf 83' lang='grc' dir='ltr'>ἁγόνου</span> <span class='ocrx_word' id='word_1_375' title='bbox 1452 545 1498 572; x_wconf 76' lang='grc' dir='ltr'>καὶ</span> <span class='ocrx_word' id='word_1_376' title='bbox 1515 545 1639 580; x_wconf 77' lang='grc' dir='ltr'>ἀκάρπου</span> <span class='ocrx_word' id='word_1_377' title='bbox 1661 544 1716 571; x_wconf 78' lang='grc' dir='ltr'><strong>τῶν</strong></span> <span class='ocrx_word' id='word_1_378' title='bbox 1737 543 1824 570; x_wconf 71' lang='grc' dir='ltr'>ὲθνῶν</span> <span class='ocrx_word' id='word_1_379' title='bbox 1844 541 1925 579; x_wconf 79' lang='grc' dir='ltr'>χώρας</span> 
     </span>
    </p>
   </div>
   <div class='ocr_carea' id='block_1_56' title="bbox 1144 588 1925 629">
    <p class='ocr_par' dir='ltr' id='par_1_56' title="bbox 1144 588 1925 629">
     <span class='ocr_line' id='line_1_56' title="bbox 1144 588 1925 629; baseline -0.005 -10"><span class='ocrx_word' id='word_1_380' title='bbox 1144 593 1194 629; x_wconf 83' lang='grc' dir='ltr'>τὴν</span> <span class='ocrx_word' id='word_1_381' title='bbox 1216 592 1262 620; x_wconf 78' lang='grc' dir='ltr'><strong>ἐπὶ</strong></span> <span class='ocrx_word' id='word_1_382' title='bbox 1282 593 1316 619; x_wconf 84' lang='grc' dir='ltr'><strong>τὰ</strong></span> <span class='ocrx_word' id='word_1_383' title='bbox 1338 592 1453 627; x_wconf 80' lang='grc' dir='ltr'><strong>κρείττω</strong></span> <span class='ocrx_word' id='word_1_384' title='bbox 1472 590 1631 626; x_wconf 74' lang='grc' dir='ltr'>μεταϐολὴν,</span> <span class='ocrx_word' id='word_1_385' title='bbox 1647 591 1697 626; x_wconf 86' lang='grc' dir='ltr'><strong>τήν</strong></span> <span class='ocrx_word' id='word_1_386' title='bbox 1708 598 1740 616; x_wconf 87' lang='grc' dir='ltr'><strong>τε</strong></span> <span class='ocrx_word' id='word_1_387' title='bbox 1753 588 1801 616; x_wconf 84' lang='grc' dir='ltr'><strong>τοῦ</strong></span> <span class='ocrx_word' id='word_1_388' title='bbox 1818 588 1925 624; x_wconf 81' lang='grc' dir='ltr'>Χριστοῦ</span> 
     </span>
    </p>
   </div>
   <div class='ocr_carea' id='block_1_57' title="bbox 1145 634 1924 674">
    <p class='ocr_par' dir='ltr' id='par_1_57' title="bbox 1145 634 1924 674">
     <span class='ocr_line' id='line_1_57' title="bbox 1145 634 1924 674; baseline -0.006 -8"><span class='ocrx_word' id='word_1_389' title='bbox 1145 639 1307 674; x_wconf 76' lang='grc' dir='ltr'>παρουσίαν,</span> <span class='ocrx_word' id='word_1_390' title='bbox 1328 638 1374 666; x_wconf 69' lang='grc' dir='ltr'>καὶ</span> <span class='ocrx_word' id='word_1_391' title='bbox 1389 637 1443 664; x_wconf 83' lang='grc' dir='ltr'>τῶν</span> <span class='ocrx_word' id='word_1_392' title='bbox 1458 636 1614 663; x_wconf 83' lang='grc' dir='ltr'>ἀποστόλων</span> <span class='ocrx_word' id='word_1_393' title='bbox 1633 635 1717 663; x_wconf 84' lang='grc' dir='ltr'>αὐτοῦ</span> <span class='ocrx_word' id='word_1_394' title='bbox 1743 634 1774 661; x_wconf 71' lang='grc' dir='ltr'>τὸ</span> <span class='ocrx_word' id='word_1_395' title='bbox 1793 635 1924 671; x_wconf 85' lang='grc' dir='ltr'>κήρυγμα,</span> 
     </span>
    </p>
   </div>
   <div class='ocr_carea' id='block_1_58' title="bbox 1145 679 1925 717">
    <p class='ocr_par' dir='ltr' id='par_1_58' title="bbox 1145 679 1925 717">
     <span class='ocr_line' id='line_1_58' title="bbox 1145 679 1925 717; baseline -0.008 -6"><span class='ocrx_word' id='word_1_396' title='bbox 1145 684 1191 711; x_wconf 77' lang='grc' dir='ltr'>καὶ</span> <span class='ocrx_word' id='word_1_397' title='bbox 1214 685 1263 711; x_wconf 83' lang='grc' dir='ltr'>ὅσα</span> <span class='ocrx_word' id='word_1_398' title='bbox 1284 684 1350 711; x_wconf 75' lang='grc' dir='ltr'>ἄλλα</span> <span class='ocrx_word' id='word_1_399' title='bbox 1375 685 1433 715; x_wconf 82' lang='grc' dir='ltr'>ταῖς</span> <span class='ocrx_word' id='word_1_400' title='bbox 1456 682 1545 710; x_wconf 80' lang='grc' dir='ltr'>αὐτῶν</span> <span class='ocrx_word' id='word_1_401' title='bbox 1571 681 1720 717; x_wconf 74' lang='grc' dir='ltr'>ἐμφέρεται</span> <span class='ocrx_word' id='word_1_402' title='bbox 1746 679 1925 715; x_wconf 73' lang='grc' dir='ltr'>προφητείαις·</span> 
     </span>
    </p>
   </div>
   <div class='ocr_carea' id='block_1_59' title="bbox 1145 725 1926 766">
    <p class='ocr_par' dir='ltr' id='par_1_59' title="bbox 1145 725 1926 766">
     <span class='ocr_line' id='line_1_59' title="bbox 1145 725 1926 766; baseline -0.01 -8"><span class='ocrx_word' id='word_1_403' title='bbox 1145 730 1206 758; x_wconf 82' lang='grc' dir='ltr'>ὅθεν</span> <span class='ocrx_word' id='word_1_404' title='bbox 1220 729 1382 766; x_wconf 76' lang='grc' dir='ltr'>γνωρίζεται</span> <span class='ocrx_word' id='word_1_405' title='bbox 1405 728 1471 760; x_wconf 74' lang='grc' dir='ltr'>Θεὸς</span> <span class='ocrx_word' id='word_1_406' title='bbox 1486 727 1524 754; x_wconf 83' lang='grc' dir='ltr'>ὢν</span> <span class='ocrx_word' id='word_1_407' title='bbox 1539 727 1646 763; x_wconf 83' lang='grc' dir='ltr'>ἀληθῶς</span> <span class='ocrx_word' id='word_1_408' title='bbox 1660 726 1674 752; x_wconf 87' lang='grc' dir='ltr'><strong>ό</strong></span> <span class='ocrx_word' id='word_1_409' title='bbox 1693 726 1722 752; x_wconf 81' lang='grc' dir='ltr'>ὲν</span> <span class='ocrx_word' id='word_1_410' title='bbox 1736 725 1830 756; x_wconf 78' lang='grc' dir='ltr'>αὐτοῖς</span> <span class='ocrx_word' id='word_1_411' title='bbox 1843 725 1885 751; x_wconf 74' lang='grc' dir='ltr'><strong>καὶ</strong></span> <span class='ocrx_word' id='word_1_412' title='bbox 1898 725 1926 751; x_wconf 81' lang='grc' dir='ltr'>δι’</span> 
     </span>
    </p>
   </div>
   <div class='ocr_carea' id='block_1_60' title="bbox 1146 770 1927 808">
    <p class='ocr_par' dir='ltr' id='par_1_60' title="bbox 1146 770 1927 808">
     <span class='ocr_line' id='line_1_60' title="bbox 1146 770 1927 808; baseline -0.01 -4"><span class='ocrx_word' id='word_1_413' title='bbox 1146 777 1235 804; x_wconf 82' lang='grc' dir='ltr'>αὐτῶν</span> <span class='ocrx_word' id='word_1_414' title='bbox 1246 776 1331 805; x_wconf 82' lang='grc' dir='ltr'>ταῦτα</span> <span class='ocrx_word' id='word_1_415' title='bbox 1345 775 1486 806; x_wconf 83' lang='grc' dir='ltr'>θεσπίσας.</span> <span class='ocrx_word' id='word_1_416' title='bbox 1503 774 1533 800; x_wconf 79' lang='lat'><strong>0!</strong></span> <span class='ocrx_word' id='word_1_417' title='bbox 1547 773 1575 800; x_wconf 70' lang='grc' dir='ltr'>δὲ</span> <span class='ocrx_word' id='word_1_418' title='bbox 1588 772 1701 808; x_wconf 72' lang='grc' dir='ltr'>πονηροὶ</span> <span class='ocrx_word' id='word_1_419' title='bbox 1714 771 1843 807; x_wconf 85' lang='grc' dir='ltr'>δαίμονες</span> <span class='ocrx_word' id='word_1_420' title='bbox 1855 770 1927 796; x_wconf 84' lang='grc' dir='ltr'>πόθεν</span> 
     </span>
    </p>
   </div>
   <div class='ocr_carea' id='block_1_61' title="bbox 1146 817 1928 859">
    <p class='ocr_par' dir='ltr' id='par_1_61' title="bbox 1146 817 1928 859">
     <span class='ocr_line' id='line_1_61' title="bbox 1146 817 1928 859; baseline -0.01 -8"><span class='ocrx_word' id='word_1_421' title='bbox 1146 824 1276 859; x_wconf 74' lang='grc' dir='ltr'>ἠδύναντο</span> <span class='ocrx_word' id='word_1_422' title='bbox 1293 822 1437 857; x_wconf 84' lang='grc' dir='ltr'>γινώσκειν</span> <span class='ocrx_word' id='word_1_423' title='bbox 1457 820 1553 856; x_wconf 83' lang='grc' dir='ltr'>βουλὴν</span> <span class='ocrx_word' id='word_1_424' title='bbox 1575 820 1621 847; x_wconf 71' lang='grc' dir='ltr'><strong>καὶ</strong></span> <span class='ocrx_word' id='word_1_425' title='bbox 1646 818 1797 853; x_wconf 76' lang='grc' dir='ltr'>ἐνθύμησιν</span> <span class='ocrx_word' id='word_1_426' title='bbox 1822 817 1866 843; x_wconf 82' lang='grc' dir='ltr'><strong>τοῦ</strong></span> <span class='ocrx_word' id='word_1_427' title='bbox 1888 817 1928 843; x_wconf 70' lang='grc' dir='ltr'><strong>ἐπὶ</strong></span> 
     </span>
    </p>
   </div>
   <div class='ocr_carea' id='block_1_62' title="bbox 1147 861 1928 903">
    <p class='ocr_par' dir='ltr' id='par_1_62' title="bbox 1147 861 1928 903">
     <span class='ocr_line' id='line_1_62' title="bbox 1147 861 1928 903; baseline -0.01 -7"><span class='ocrx_word' id='word_1_428' title='bbox 1147 869 1256 896; x_wconf 76' lang='grc' dir='ltr'>πάντων</span> <span class='ocrx_word' id='word_1_429' title='bbox 1266 867 1344 900; x_wconf 83' lang='grc' dir='ltr'>Θεοῦ,</span> <span class='ocrx_word' id='word_1_430' title='bbox 1359 868 1377 903; x_wconf 78' lang='grc' dir='ltr'>ἢ</span> <span class='ocrx_word' id='word_1_431' title='bbox 1392 867 1425 893; x_wconf 84' lang='grc' dir='ltr'>τὰ</span> <span class='ocrx_word' id='word_1_432' title='bbox 1439 865 1580 902; x_wconf 77' lang='grc' dir='ltr'>ὁρισθέντα</span> <span class='ocrx_word' id='word_1_433' title='bbox 1595 865 1640 891; x_wconf 78' lang='grc' dir='ltr'><strong>ὑπ’</strong></span> <span class='ocrx_word' id='word_1_434' title='bbox 1655 864 1729 899; x_wconf 74' lang='grc' dir='ltr'>αὐτῷ</span> <span class='ocrx_word' id='word_1_435' title='bbox 1744 863 1810 899; x_wconf 75' lang='grc' dir='ltr'>περὶ</span> <span class='ocrx_word' id='word_1_436' title='bbox 1829 863 1875 898; x_wconf 84' lang='grc' dir='ltr'>τῆς</span> <span class='ocrx_word' id='word_1_437' title='bbox 1887 861 1928 888; x_wconf 83' lang='grc' dir='ltr'><strong>τοῦ</strong></span> 
     </span>
    </p>
   </div>
   <div class='ocr_carea' id='block_1_63' title="bbox 1150 909 1928 951">
    <p class='ocr_par' dir='ltr' id='par_1_63' title="bbox 1150 909 1928 951">
     <span class='ocr_line' id='line_1_63' title="bbox 1150 909 1928 951; baseline -0.01 -9"><span class='ocrx_word' id='word_1_438' title='bbox 1150 914 1268 951; x_wconf 81' lang='grc' dir='ltr'>Χριστοῦ</span> <span class='ocrx_word' id='word_1_439' title='bbox 1285 914 1444 950; x_wconf 75' lang='grc' dir='ltr'>παρουσίας,</span> <span class='ocrx_word' id='word_1_440' title='bbox 1461 912 1524 948; x_wconf 83' lang='grc' dir='ltr'>περὶ</span> <span class='ocrx_word' id='word_1_441' title='bbox 1539 921 1568 938; x_wconf 86' lang='grc' dir='ltr'><strong>τε</strong></span> <span class='ocrx_word' id='word_1_442' title='bbox 1583 911 1632 947; x_wconf 85' lang='grc' dir='ltr'>τῆς</span> <span class='ocrx_word' id='word_1_443' title='bbox 1647 910 1738 938; x_wconf 80' lang='grc' dir='ltr'>αὐτῶν</span> <span class='ocrx_word' id='word_1_444' title='bbox 1753 909 1928 945; x_wconf 80' lang='grc' dir='ltr'>καθαιρέσεως</span> 
     </span>
    </p>
   </div>
   <div class='ocr_carea' id='block_1_64' title="bbox 1151 953 1928 993">
    <p class='ocr_par' dir='ltr' id='par_1_64' title="bbox 1151 953 1928 993">
     <span class='ocr_line' id='line_1_64' title="bbox 1151 953 1928 993; baseline -0.009 -6"><span class='ocrx_word' id='word_1_445' title='bbox 1151 961 1198 987; x_wconf 79' lang='grc' dir='ltr'>καὶ</span> <span class='ocrx_word' id='word_1_446' title='bbox 1215 959 1368 991; x_wconf 79' lang='grc' dir='ltr'>ἁπωλείας;</span> <span class='ocrx_word' id='word_1_447' title='bbox 1395 959 1448 990; x_wconf 82' lang='grc' dir='ltr'>Διὸ,</span> <span class='ocrx_word' id='word_1_448' title='bbox 1463 958 1500 993; x_wconf 85' lang='grc' dir='ltr'>μὴ</span> <span class='ocrx_word' id='word_1_449' title='bbox 1515 957 1614 988; x_wconf 72' lang='grc' dir='ltr'>εἰδότες</span> <span class='ocrx_word' id='word_1_450' title='bbox 1626 956 1660 983; x_wconf 81' lang='grc' dir='ltr'>τὰ</span> <span class='ocrx_word' id='word_1_451' title='bbox 1673 955 1856 992; x_wconf 78' lang='grc' dir='ltr'>ἐπερχόμενα,</span> <span class='ocrx_word' id='word_1_452' title='bbox 1870 953 1928 990; x_wconf 68' lang='grc' dir='ltr'>μηδὲ</span> 
     </span>
    </p>
   </div>
   <div class='ocr_carea' id='block_1_65' title="bbox 1150 1000 1928 1041">
    <p class='ocr_par' dir='ltr' id='par_1_65' title="bbox 1150 1000 1928 1041">
     <span class='ocr_line' id='line_1_65' title="bbox 1150 1000 1928 1041; baseline -0.009 -8"><span class='ocrx_word' id='word_1_453' title='bbox 1150 1006 1184 1033; x_wconf 81' lang='grc' dir='ltr'><strong>τὰ</strong></span> <span class='ocrx_word' id='word_1_454' title='bbox 1199 1007 1228 1033; x_wconf 79' lang='grc' dir='ltr'>ὲν</span> <span class='ocrx_word' id='word_1_455' title='bbox 1245 1005 1368 1041; x_wconf 73' lang='grc' dir='ltr'>ἐσχάτοις</span> <span class='ocrx_word' id='word_1_456' title='bbox 1390 1005 1496 1040; x_wconf 78' lang='grc' dir='ltr'>καιροῖς</span> <span class='ocrx_word' id='word_1_457' title='bbox 1519 1003 1648 1038; x_wconf 82' lang='grc' dir='ltr'>μέλλοντα</span> <span class='ocrx_word' id='word_1_458' title='bbox 1664 1000 1853 1038; x_wconf 73' lang='grc' dir='ltr'>συμϐήσεσθαι</span> <span class='ocrx_word' id='word_1_459' title='bbox 1875 1000 1928 1034; x_wconf 73' lang='grc' dir='ltr'>περὶ</span> 
     </span>
    </p>
   </div>
   <div class='ocr_carea' id='block_1_66' title="bbox 1149 1046 1927 1087">
    <p class='ocr_par' dir='ltr' id='par_1_66' title="bbox 1149 1046 1927 1087">
     <span class='ocr_line' id='line_1_66' title="bbox 1149 1046 1927 1087; baseline -0.01 -8"><span class='ocrx_word' id='word_1_460' title='bbox 1149 1052 1199 1087; x_wconf 72' lang='grc' dir='ltr'>τῆς</span> <span class='ocrx_word' id='word_1_461' title='bbox 1215 1051 1336 1087; x_wconf 80' lang='grc' dir='ltr'>κλήσεως</span> <span class='ocrx_word' id='word_1_462' title='bbox 1348 1049 1401 1078; x_wconf 82' lang='grc' dir='ltr'>τῶν</span> <span class='ocrx_word' id='word_1_463' title='bbox 1415 1049 1509 1080; x_wconf 82' lang='grc' dir='ltr'>ὲθνῶν,</span> <span class='ocrx_word' id='word_1_464' title='bbox 1523 1050 1571 1084; x_wconf 80' lang='grc' dir='ltr'>τῆς</span> <span class='ocrx_word' id='word_1_465' title='bbox 1583 1057 1612 1077; x_wconf 74' lang='grc' dir='ltr'><strong>τε</strong></span> <span class='ocrx_word' id='word_1_466' title='bbox 1625 1048 1714 1075; x_wconf 75' lang='grc' dir='ltr'>αὐτῶν</span> <span class='ocrx_word' id='word_1_467' title='bbox 1728 1046 1856 1082; x_wconf 70' lang='grc' dir='ltr'>ἐρημίας,</span> <span class='ocrx_word' id='word_1_468' title='bbox 1867 1046 1927 1072; x_wconf 74' lang='grc' dir='ltr'>εἰκό-</span> 
     </span>
    </p>
   </div>
   <div class='ocr_carea' id='block_1_67' title="bbox 1150 1091 1928 1132">
    <p class='ocr_par' dir='ltr' id='par_1_67' title="bbox 1150 1091 1928 1132">
     <span class='ocr_line' id='line_1_67' title="bbox 1150 1091 1928 1132; baseline -0.009 -8"><span class='ocrx_word' id='word_1_469' title='bbox 1150 1106 1204 1129; x_wconf 87' lang='grc' dir='ltr'>τως</span> <span class='ocrx_word' id='word_1_470' title='bbox 1225 1097 1284 1125; x_wconf 76' lang='grc' dir='ltr'>οὺδὲ</span> <span class='ocrx_word' id='word_1_471' title='bbox 1300 1097 1334 1123; x_wconf 77' lang='grc' dir='ltr'><strong>τὰ</strong></span> <span class='ocrx_word' id='word_1_472' title='bbox 1348 1096 1467 1132; x_wconf 80' lang='grc' dir='ltr'>πρότερα</span> <span class='ocrx_word' id='word_1_473' title='bbox 1483 1093 1639 1131; x_wconf 80' lang='grc' dir='ltr'>ἐγνώριζον·</span> <span class='ocrx_word' id='word_1_474' title='bbox 1661 1093 1721 1120; x_wconf 77' lang='grc' dir='ltr'>ὅθεν</span> <span class='ocrx_word' id='word_1_475' title='bbox 1744 1093 1832 1124; x_wconf 79' lang='grc' dir='ltr'>οὐδεὶς</span> <span class='ocrx_word' id='word_1_476' title='bbox 1851 1091 1928 1118; x_wconf 65' lang='grc' dir='ltr'>αὐτῶν</span> 
     </span>
    </p>
   </div>
   <div class='ocr_carea' id='block_1_68' title="bbox 1150 1137 1927 1177">
    <p class='ocr_par' dir='ltr' id='par_1_68' title="bbox 1150 1137 1927 1177">
     <span class='ocr_line' id='line_1_68' title="bbox 1150 1137 1927 1177; baseline -0.009 -7"><span class='ocrx_word' id='word_1_477' title='bbox 1150 1142 1289 1177; x_wconf 78' lang='grc' dir='ltr'>δεδύνηται</span> <span class='ocrx_word' id='word_1_478' title='bbox 1304 1143 1358 1173; x_wconf 83' lang='grc' dir='ltr'>τοῖς</span> <span class='ocrx_word' id='word_1_479' title='bbox 1375 1141 1464 1168; x_wconf 86' lang='grc' dir='ltr'>αὐτῶν</span> <span class='ocrx_word' id='word_1_480' title='bbox 1486 1141 1638 1177; x_wconf 79' lang='grc' dir='ltr'>προφήταις</span> <span class='ocrx_word' id='word_1_481' title='bbox 1660 1138 1824 1166; x_wconf 77' lang='grc' dir='ltr'>ὑποϐάλλειν</span> <span class='ocrx_word' id='word_1_482' title='bbox 1843 1137 1927 1168; x_wconf 76' lang='grc' dir='ltr'>ταῦτα,</span> 
     </span>
    </p>
   </div>
   <div class='ocr_carea' id='block_1_69' title="bbox 1152 1184 1929 1224">
    <p class='ocr_par' dir='ltr' id='par_1_69' title="bbox 1152 1184 1929 1224">
     <span class='ocr_line' id='line_1_69' title="bbox 1152 1184 1929 1224; baseline -0.006 -10"><span class='ocrx_word' id='word_1_483' title='bbox 1152 1188 1222 1224; x_wconf 76' lang='grc' dir='ltr'>ἅπερ</span> <span class='ocrx_word' id='word_1_484' title='bbox 1237 1189 1260 1214; x_wconf 78' lang='grc' dir='ltr'>οἱ</span> <span class='ocrx_word' id='word_1_485' title='bbox 1271 1187 1319 1214; x_wconf 85' lang='grc' dir='ltr'><strong>τοῦ</strong></span> <span class='ocrx_word' id='word_1_486' title='bbox 1334 1187 1489 1222; x_wconf 82' lang='grc' dir='ltr'>Πνεύματος</span> <span class='ocrx_word' id='word_1_487' title='bbox 1500 1185 1547 1213; x_wconf 87' lang='grc' dir='ltr'><strong>τοῦ</strong></span> <span class='ocrx_word' id='word_1_488' title='bbox 1560 1184 1627 1212; x_wconf 87' lang='grc' dir='ltr'>Θεοῦ</span> <span class='ocrx_word' id='word_1_489' title='bbox 1645 1184 1859 1219; x_wconf 80' lang='grc' dir='ltr'>καταξιωθέντες</span> <span class='ocrx_word' id='word_1_490' title='bbox 1870 1191 1929 1219; x_wconf 76' lang='grc' dir='ltr'>γρα-</span> 
     </span>
    </p>
   </div>
   <div class='ocr_carea' id='block_1_70' title="bbox 1151 1233 1440 1271">
    <p class='ocr_par' dir='ltr' id='par_1_70' title="bbox 1151 1233 1440 1271">
     <span class='ocr_line' id='line_1_70' title="bbox 1151 1233 1440 1271; baseline 0 -11"><span class='ocrx_word' id='word_1_491' title='bbox 1151 1235 1188 1271; x_wconf 67' lang='grc' dir='ltr'><strong>’.ξῇ</strong></span> <span class='ocrx_word' id='word_1_492' title='bbox 1209 1233 1440 1269; x_wconf 77' lang='grc' dir='ltr'>παραδέδωκασιν.</span> 
     </span>
    </p>
   </div>
   <div class='ocr_carea' id='block_1_71' title="bbox 1190 1274 1928 1315">
    <p class='ocr_par' dir='ltr' id='par_1_71' title="bbox 1190 1274 1928 1315">
     <span class='ocr_line' id='line_1_71' title="bbox 1190 1274 1928 1315; baseline -0.001 -10"><span class='ocrx_word' id='word_1_493' title='bbox 1190 1289 1198 1304; x_wconf 78' lang='grc' dir='ltr'><strong>ι</strong></span> <span class='ocrx_word' id='word_1_494' title='bbox 1215 1279 1383 1315; x_wconf 73' lang='grc' dir='ltr'>Εὑποιήσατε</span> <span class='ocrx_word' id='word_1_495' title='bbox 1411 1279 1458 1306; x_wconf 76' lang='grc' dir='ltr'>καὶ</span> <span class='ocrx_word' id='word_1_496' title='bbox 1480 1277 1633 1310; x_wconf 80' lang='grc' dir='ltr'>κακώσατε,</span> <span class='ocrx_word' id='word_1_497' title='bbox 1655 1277 1702 1304; x_wconf 78' lang='grc' dir='ltr'>καὶ</span> <span class='ocrx_word' id='word_1_498' title='bbox 1735 1274 1928 1312; x_wconf 73' lang='grc' dir='ltr'>θαυμασόμεθα.</span> 
     </span>
    </p>
   </div>
   <div class='ocr_carea' id='block_1_72' title="bbox 1152 1322 1928 1361">
    <p class='ocr_par' dir='ltr' id='par_1_72' title="bbox 1152 1322 1928 1361">
     <span class='ocr_line' id='line_1_72' title="bbox 1152 1322 1928 1361; baseline -0.005 -9"><span class='ocrx_word' id='word_1_499' title='bbox 1152 1326 1199 1353; x_wconf 78' lang='grc' dir='ltr'>καὶ</span> <span class='ocrx_word' id='word_1_500' title='bbox 1210 1325 1330 1361; x_wconf 74' lang='grc' dir='ltr'>ὀψόμεθα</span> <span class='ocrx_word' id='word_1_501' title='bbox 1346 1326 1414 1361; x_wconf 77' lang='grc' dir='ltr'>ἅμα.</span> <span class='ocrx_word' id='word_1_502' title='bbox 1433 1335 1442 1351; x_wconf 73' lang='grc' dir='ltr'><strong>ι</strong></span> <span class='ocrx_word' id='word_1_503' title='bbox 1469 1326 1501 1352; x_wconf 85' lang='lat' dir='ltr'><strong>El.</strong></span> <span class='ocrx_word' id='word_1_504' title='bbox 1519 1325 1573 1361; x_wconf 82' lang='grc' dir='ltr'><strong>γὰρ</strong></span> <span class='ocrx_word' id='word_1_505' title='bbox 1591 1325 1638 1352; x_wconf 73' lang='grc' dir='ltr'>καὶ</span> <span class='ocrx_word' id='word_1_506' title='bbox 1659 1322 1693 1351; x_wconf 74' lang='grc' dir='ltr'>τὰ</span> <span class='ocrx_word' id='word_1_507' title='bbox 1719 1324 1838 1360; x_wconf 79' lang='grc' dir='ltr'>μάλιστα</span> <span class='ocrx_word' id='word_1_508' title='bbox 1859 1328 1928 1348; x_wconf 81' lang='grc' dir='ltr'>κακο-</span> 
     </span>
    </p>
   </div>
   <div class='ocr_carea' id='block_1_73' title="bbox 1152 1366 1929 1407">
    <p class='ocr_par' dir='ltr' id='par_1_73' title="bbox 1152 1366 1929 1407">
     <span class='ocr_line' id='line_1_73' title="bbox 1152 1366 1929 1407; baseline -0.008 -9"><span class='ocrx_word' id='word_1_509' title='bbox 1152 1372 1240 1398; x_wconf 82' lang='grc' dir='ltr'>ποιεῖν</span> <span class='ocrx_word' id='word_1_510' title='bbox 1254 1369 1304 1398; x_wconf 79' lang='grc' dir='ltr'>οῒοί</span> <span class='ocrx_word' id='word_1_511' title='bbox 1317 1371 1347 1397; x_wconf 82' lang='grc' dir='ltr'><em>τέ</em></span> <span class='ocrx_word' id='word_1_512' title='bbox 1365 1373 1436 1402; x_wconf 81' lang='grc' dir='ltr'>ἐστε,</span> <span class='ocrx_word' id='word_1_513' title='bbox 1453 1371 1579 1407; x_wconf 83' lang='grc' dir='ltr'>δαίμονες</span> <span class='ocrx_word' id='word_1_514' title='bbox 1591 1371 1665 1402; x_wconf 75' lang='grc' dir='ltr'>ὄντες</span> <span class='ocrx_word' id='word_1_515' title='bbox 1679 1370 1806 1406; x_wconf 76' lang='grc' dir='ltr'>πονηροὶ,</span> <span class='ocrx_word' id='word_1_516' title='bbox 1821 1367 1874 1395; x_wconf 82' lang='grc' dir='ltr'>ἀλλ’</span> <span class='ocrx_word' id='word_1_517' title='bbox 1888 1366 1929 1392; x_wconf 76' lang='grc' dir='ltr'>οὐκ</span> 
     </span>
    </p>
   </div>
   <div class='ocr_carea' id='block_1_74' title="bbox 1152 1411 1928 1452">
    <p class='ocr_par' dir='ltr' id='par_1_74' title="bbox 1152 1411 1928 1452">
     <span class='ocr_line' id='line_1_74' title="bbox 1152 1411 1928 1452; baseline -0.008 -8"><span class='ocrx_word' id='word_1_518' title='bbox 1152 1418 1184 1444; x_wconf 80' lang='grc' dir='ltr'>ἐκ</span> <span class='ocrx_word' id='word_1_519' title='bbox 1196 1417 1290 1444; x_wconf 84' lang='grc' dir='ltr'>τούτου</span> <span class='ocrx_word' id='word_1_520' title='bbox 1308 1415 1449 1452; x_wconf 78' lang='grc' dir='ltr'>γνώρισμα</span> <span class='ocrx_word' id='word_1_521' title='bbox 1464 1416 1513 1451; x_wconf 87' lang='grc' dir='ltr'>τῆς</span> <span class='ocrx_word' id='word_1_522' title='bbox 1528 1416 1620 1451; x_wconf 83' lang='grc' dir='ltr'>θεῖκῆς</span> <span class='ocrx_word' id='word_1_523' title='bbox 1638 1415 1780 1451; x_wconf 74' lang='grc' dir='ltr'>ἐνεργείας</span> <span class='ocrx_word' id='word_1_524' title='bbox 1795 1413 1876 1446; x_wconf 68' lang='grc' dir='ltr'>ἕξετε·</span> <span class='ocrx_word' id='word_1_525' title='bbox 1885 1411 1928 1438; x_wconf 83' lang='grc' dir='ltr'>διό-</span> 
     </span>
    </p>
   </div>
   <div class='ocr_carea' id='block_1_75' title="bbox 1153 1459 1928 1499">
    <p class='ocr_par' dir='ltr' id='par_1_75' title="bbox 1153 1459 1928 1499">
     <span class='ocr_line' id='line_1_75' title="bbox 1153 1459 1928 1499; baseline -0.006 -10"><span class='ocrx_word' id='word_1_526' title='bbox 1153 1471 1204 1499; x_wconf 79' lang='grc' dir='ltr'><strong>περ</strong></span> <span class='ocrx_word' id='word_1_527' title='bbox 1226 1462 1257 1489; x_wconf 78' lang='grc' dir='ltr'>τὸ</span> <span class='ocrx_word' id='word_1_528' title='bbox 1274 1462 1372 1494; x_wconf 79' lang='grc' dir='ltr'>ἰδιάζον</span> <span class='ocrx_word' id='word_1_529' title='bbox 1393 1462 1439 1488; x_wconf 79' lang='grc' dir='ltr'>ἐπὶ</span> <span class='ocrx_word' id='word_1_530' title='bbox 1464 1461 1530 1488; x_wconf 83' lang='grc' dir='ltr'>Θεοῦ</span> <span class='ocrx_word' id='word_1_531' title='bbox 1553 1461 1660 1497; x_wconf 86' lang='grc' dir='ltr'>πρῶτον</span> <span class='ocrx_word' id='word_1_532' title='bbox 1673 1462 1747 1497; x_wconf 76' lang='grc' dir='ltr'>ὑμᾶς</span> <span class='ocrx_word' id='word_1_533' title='bbox 1760 1459 1928 1492; x_wconf 76' lang='grc' dir='ltr'>ἐπιδείξασθαι</span> 
     </span>
    </p>
   </div>
   <div class='ocr_carea' id='block_1_76' title="bbox 1154 1504 1928 1545">
    <p class='ocr_par' dir='ltr' id='par_1_76' title="bbox 1154 1504 1928 1545">
     <span class='ocr_line' id='line_1_76' title="bbox 1154 1504 1928 1545; baseline -0.006 -10"><span class='ocrx_word' id='word_1_534' title='bbox 1154 1509 1216 1545; x_wconf 82' lang='grc' dir='ltr'>χρή·</span> <span class='ocrx_word' id='word_1_535' title='bbox 1230 1509 1301 1543; x_wconf 84' lang='grc' dir='ltr'>λέγω</span> <span class='ocrx_word' id='word_1_536' title='bbox 1317 1508 1348 1544; x_wconf 86' lang='grc' dir='ltr'>δὴ</span> <span class='ocrx_word' id='word_1_537' title='bbox 1362 1508 1392 1534; x_wconf 79' lang='grc' dir='ltr'>τὸ</span> <span class='ocrx_word' id='word_1_538' title='bbox 1407 1508 1558 1543; x_wconf 81' lang='grc' dir='ltr'>εὐποιῆσαι’</span> <span class='ocrx_word' id='word_1_539' title='bbox 1576 1507 1669 1534; x_wconf 75' lang='grc' dir='ltr'>ἔπειτα</span> <span class='ocrx_word' id='word_1_540' title='bbox 1682 1507 1737 1543; x_wconf 72' lang='grc' dir='ltr'>ἄρα</span> <span class='ocrx_word' id='word_1_541' title='bbox 1752 1506 1840 1543; x_wconf 83' lang='grc' dir='ltr'>κρίσει</span> <span class='ocrx_word' id='word_1_542' title='bbox 1852 1504 1928 1539; x_wconf 72' lang='grc' dir='ltr'>δικαίᾳ</span> 
     </span>
    </p>
   </div>
   <div class='ocr_carea' id='block_1_77' title="bbox 1156 1550 1927 1590">
    <p class='ocr_par' dir='ltr' id='par_1_77' title="bbox 1156 1550 1927 1590">
     <span class='ocr_line' id='line_1_77' title="bbox 1156 1550 1927 1590; baseline -0.008 -9"><span class='ocrx_word' id='word_1_543' title='bbox 1156 1554 1317 1590; x_wconf 85' lang='grc' dir='ltr'>χρήσασθαι,</span> <span class='ocrx_word' id='word_1_544' title='bbox 1328 1554 1374 1581; x_wconf 75' lang='grc' dir='ltr'>καὶ</span> <span class='ocrx_word' id='word_1_545' title='bbox 1387 1554 1449 1585; x_wconf 79' lang='grc' dir='ltr'>τοὺς</span> <span class='ocrx_word' id='word_1_546' title='bbox 1463 1552 1553 1586; x_wconf 78' lang='grc' dir='ltr'>ἀξίους</span> <span class='ocrx_word' id='word_1_547' title='bbox 1568 1552 1714 1584; x_wconf 76' lang='grc' dir='ltr'>κακώσεως</span> <span class='ocrx_word' id='word_1_548' title='bbox 1722 1550 1927 1588; x_wconf 78' lang='grc' dir='ltr'>τιμωρήσασθαι.</span> 
     </span>
    </p>
   </div>
   <div class='ocr_carea' id='block_1_78' title="bbox 1160 1595 1928 1636">
    <p class='ocr_par' dir='ltr' id='par_1_78' title="bbox 1160 1595 1928 1636">
     <span class='ocr_line' id='line_1_78' title="bbox 1160 1595 1928 1636; baseline -0.005 -10"><span class='ocrx_word' id='word_1_549' title='bbox 1160 1600 1203 1631; x_wconf 81' lang='grc' dir='ltr'>Ὠς</span> <span class='ocrx_word' id='word_1_550' title='bbox 1213 1599 1335 1626; x_wconf 78' lang='grc' dir='ltr'>ἐντεῦθεν</span> <span class='ocrx_word' id='word_1_551' title='bbox 1347 1598 1529 1636; x_wconf 84' lang='grc' dir='ltr'>παρίστασθαι</span> <span class='ocrx_word' id='word_1_552' title='bbox 1543 1598 1592 1630; x_wconf 78' lang='grc' dir='ltr'>τὰς</span> <span class='ocrx_word' id='word_1_553' title='bbox 1601 1598 1783 1634; x_wconf 74' lang='grc' dir='ltr'>νομιζομένας</span> <span class='ocrx_word' id='word_1_554' title='bbox 1795 1595 1928 1632; x_wconf 74' lang='grc' dir='ltr'>ἐνεργείας.</span> 
     </span>
    </p>
   </div>
   <div class='ocr_carea' id='block_1_79' title="bbox 1152 1641 1928 1682">
    <p class='ocr_par' dir='ltr' id='par_1_79' title="bbox 1152 1641 1928 1682">
     <span class='ocr_line' id='line_1_79' title="bbox 1152 1641 1928 1682; baseline -0.004 -10"><span class='ocrx_word' id='word_1_555' title='bbox 1152 1645 1169 1682; x_wconf 72' lang='grc' dir='ltr'>ἢ</span> <span class='ocrx_word' id='word_1_556' title='bbox 1187 1646 1250 1677; x_wconf 81' lang='grc' dir='ltr'>τοὺς</span> <span class='ocrx_word' id='word_1_557' title='bbox 1266 1645 1405 1680; x_wconf 80' lang='grc' dir='ltr'>χρησμοὺς</span> <span class='ocrx_word' id='word_1_558' title='bbox 1431 1644 1535 1680; x_wconf 84' lang='grc' dir='ltr'>ἀνδρῶν</span> <span class='ocrx_word' id='word_1_559' title='bbox 1561 1641 1630 1671; x_wconf 81' lang='grc' dir='ltr'>εἶναι</span> <span class='ocrx_word' id='word_1_560' title='bbox 1651 1645 1760 1679; x_wconf 87' lang='grc' dir='ltr'>γοήτων</span> <span class='ocrx_word' id='word_1_561' title='bbox 1775 1643 1885 1673; x_wconf 77' lang='grc' dir='ltr'>ἀπάτας.</span> <span class='ocrx_word' id='word_1_562' title='bbox 1901 1641 1928 1674; x_wconf 78' lang='grc' dir='ltr'>τῇ</span> 
     </span>
    </p>
   </div>
   <div class='ocr_carea' id='block_1_80' title="bbox 1153 1689 1749 1726">
    <p class='ocr_par' dir='ltr' id='par_1_80' title="bbox 1153 1689 1749 1726">
     <span class='ocr_line' id='line_1_80' title="bbox 1153 1689 1749 1726; baseline -0.007 -7"><span class='ocrx_word' id='word_1_563' title='bbox 1153 1690 1207 1720; x_wconf 77' lang='grc' dir='ltr'>τῶν</span> <span class='ocrx_word' id='word_1_564' title='bbox 1231 1690 1336 1717; x_wconf 79' lang='grc' dir='ltr'>πολλῶν</span> <span class='ocrx_word' id='word_1_565' title='bbox 1352 1690 1500 1726; x_wconf 74' lang='grc' dir='ltr'>ὴλιθιότητι</span> <span class='ocrx_word' id='word_1_566' title='bbox 1515 1689 1749 1725; x_wconf 82' lang='grc' dir='ltr'>καταχρωμένων.</span> 
     </span>
    </p>
   </div>
   <div class='ocr_carea' id='block_1_81' title="bbox 1193 1784 1929 1824">
    <p class='ocr_par' dir='ltr' id='par_1_81' title="bbox 1193 1784 1929 1824">
     <span class='ocr_line' id='line_1_81' title="bbox 1193 1784 1929 1824; baseline -0.005 -9"><span class='ocrx_word' id='word_1_567' title='bbox 1193 1798 1202 1814; x_wconf 72' lang='grc' dir='ltr'><strong>ε</strong></span> <span class='ocrx_word' id='word_1_568' title='bbox 1218 1789 1279 1815; x_wconf 81' lang='grc' dir='ltr'>Ὀτι</span> <span class='ocrx_word' id='word_1_569' title='bbox 1305 1788 1385 1815; x_wconf 77' lang='grc' dir='ltr'>πόθεν</span> <span class='ocrx_word' id='word_1_570' title='bbox 1414 1789 1474 1815; x_wconf 79' lang='grc' dir='ltr'>ὲστὲ</span> <span class='ocrx_word' id='word_1_571' title='bbox 1498 1789 1592 1824; x_wconf 81' lang='grc' dir='ltr'>ὑμεῖς,</span> <span class='ocrx_word' id='word_1_572' title='bbox 1620 1788 1667 1814; x_wconf 69' lang='grc' dir='ltr'>καὶ</span> <span class='ocrx_word' id='word_1_573' title='bbox 1686 1787 1769 1815; x_wconf 84' lang='grc' dir='ltr'>πόθεν</span> <span class='ocrx_word' id='word_1_574' title='bbox 1794 1784 1929 1823; x_wconf 75' lang='grc' dir='ltr'>ἡέργασία</span> 
     </span>
    </p>
   </div>
   <div class='ocr_carea' id='block_1_82' title="bbox 1155 1830 1928 1870">
    <p class='ocr_par' dir='ltr' id='par_1_82' title="bbox 1155 1830 1928 1870">
     <span class='ocr_line' id='line_1_82' title="bbox 1155 1830 1928 1870; baseline -0.009 -7"><span class='ocrx_word' id='word_1_575' title='bbox 1155 1834 1249 1870; x_wconf 24' lang='grc' dir='ltr'><strong>ῠνμῶκ</strong></span> <span class='ocrx_word' id='word_1_576' title='bbox 1274 1835 1320 1863; x_wconf 82' lang='grc' dir='ltr'>Ἐκ</span> <span class='ocrx_word' id='word_1_577' title='bbox 1336 1837 1387 1870; x_wconf 82' lang='grc' dir='ltr'>γῆς</span> <span class='ocrx_word' id='word_1_578' title='bbox 1404 1834 1540 1870; x_wconf 80' lang='grc' dir='ltr'>βδέλυγμα</span> <span class='ocrx_word' id='word_1_579' title='bbox 1554 1834 1707 1867; x_wconf 77' lang='grc' dir='ltr'>ἐξελέξαντο</span> <span class='ocrx_word' id='word_1_580' title='bbox 1722 1835 1805 1870; x_wconf 80' lang='grc' dir='ltr'>ὑμᾶς.</span> <span class='ocrx_word' id='word_1_581' title='bbox 1831 1831 1894 1866; x_wconf 85' lang='grc' dir='ltr'>Ἐγὼ</span> <span class='ocrx_word' id='word_1_582' title='bbox 1906 1830 1928 1856; x_wconf 74' lang='grc' dir='ltr'>δὲ</span> 
     </span>
    </p>
   </div>
   <div class='ocr_carea' id='block_1_83' title="bbox 1155 1876 1928 1918">
    <p class='ocr_par' dir='ltr' id='par_1_83' title="bbox 1155 1876 1928 1918">
     <span class='ocr_line' id='line_1_83' title="bbox 1155 1876 1928 1918; baseline -0.004 -10"><span class='ocrx_word' id='word_1_583' title='bbox 1155 1881 1254 1918; x_wconf 75' lang='grc' dir='ltr'>ἤγειρα</span> <span class='ocrx_word' id='word_1_584' title='bbox 1266 1881 1310 1908; x_wconf 78' lang='grc' dir='ltr'>τὸν</span> <span class='ocrx_word' id='word_1_585' title='bbox 1325 1881 1379 1908; x_wconf 78' lang='grc' dir='ltr'><strong>ἀπὸ</strong></span> <span class='ocrx_word' id='word_1_586' title='bbox 1403 1881 1502 1916; x_wconf 72' lang='grc' dir='ltr'>Βορῤἅ,</span> <span class='ocrx_word' id='word_1_587' title='bbox 1520 1881 1566 1907; x_wconf 72' lang='grc' dir='ltr'>καὶ</span> <span class='ocrx_word' id='word_1_588' title='bbox 1579 1881 1624 1907; x_wconf 80' lang='grc' dir='ltr'>τὸν</span> <span class='ocrx_word' id='word_1_589' title='bbox 1641 1881 1687 1915; x_wconf 80' lang='grc' dir='ltr'><strong>ἀφ’</strong></span> <span class='ocrx_word' id='word_1_590' title='bbox 1701 1880 1779 1916; x_wconf 82' lang='grc' dir='ltr'>ἡλίου</span> <span class='ocrx_word' id='word_1_591' title='bbox 1799 1876 1928 1906; x_wconf 79' lang='grc' dir='ltr'>ἀνατολῶν.</span> 
     </span>
    </p>
   </div>
   <div class='ocr_carea' id='block_1_84' title="bbox 1155 1920 1929 1963">
    <p class='ocr_par' dir='ltr' id='par_1_84' title="bbox 1155 1920 1929 1963">
     <span class='ocr_line' id='line_1_84' title="bbox 1155 1920 1929 1963; baseline -0.004 -10"><span class='ocrx_word' id='word_1_592' title='bbox 1155 1927 1336 1963; x_wconf 83' lang='grc' dir='ltr'>κληθήσονται</span> <span class='ocrx_word' id='word_1_593' title='bbox 1351 1927 1389 1963; x_wconf 84' lang='grc' dir='ltr'>τῷ</span> <span class='ocrx_word' id='word_1_594' title='bbox 1404 1928 1514 1962; x_wconf 83' lang='grc' dir='ltr'>ὀνόματί</span> <span class='ocrx_word' id='word_1_595' title='bbox 1531 1935 1591 1963; x_wconf 83' lang='grc' dir='ltr'>μου,</span> <span class='ocrx_word' id='word_1_596' title='bbox 1608 1937 1617 1952; x_wconf 80' lang='grc' dir='ltr'>ι</span> <span class='ocrx_word' id='word_1_597' title='bbox 1636 1920 1766 1962; x_wconf 63' lang='grc' dir='ltr'>Σημαίνὲι</span> <span class='ocrx_word' id='word_1_598' title='bbox 1782 1926 1810 1953; x_wconf 72' lang='grc' dir='ltr'>δὲ</span> <span class='ocrx_word' id='word_1_599' title='bbox 1827 1925 1868 1952; x_wconf 80' lang='grc' dir='ltr'><strong>διὰ</strong></span> <span class='ocrx_word' id='word_1_600' title='bbox 1880 1922 1929 1950; x_wconf 78' lang='grc' dir='ltr'>τού-</span> 
     </span>
    </p>
   </div>
   <div class='ocr_carea' id='block_1_85' title="bbox 1155 1967 1929 2009">
    <p class='ocr_par' dir='ltr' id='par_1_85' title="bbox 1155 1967 1929 2009">
     <span class='ocr_line' id='line_1_85' title="bbox 1155 1967 1929 2009; baseline -0.004 -9"><span class='ocrx_word' id='word_1_601' title='bbox 1155 1982 1209 2000; x_wconf 85' lang='grc' dir='ltr'><strong>των</strong></span> <span class='ocrx_word' id='word_1_602' title='bbox 1223 1973 1267 2000; x_wconf 84' lang='grc' dir='ltr'>τὸν</span> <span class='ocrx_word' id='word_1_603' title='bbox 1281 1973 1329 2009; x_wconf 75' lang='grc' dir='ltr'>μὲν</span> <span class='ocrx_word' id='word_1_604' title='bbox 1340 1973 1393 2000; x_wconf 80' lang='grc' dir='ltr'><strong>ἀπὸ</strong></span> <span class='ocrx_word' id='word_1_605' title='bbox 1406 1972 1540 2000; x_wconf 85' lang='grc' dir='ltr'>ἀνατολῶν</span> <span class='ocrx_word' id='word_1_606' title='bbox 1556 1972 1631 2008; x_wconf 82' lang='grc' dir='ltr'>ἡλίου</span> <span class='ocrx_word' id='word_1_607' title='bbox 1644 1972 1691 1999; x_wconf 75' lang='grc' dir='ltr'>τὸν</span> <span class='ocrx_word' id='word_1_608' title='bbox 1707 1971 1823 2009; x_wconf 78' lang='grc' dir='ltr'>Χριστὸν</span> <span class='ocrx_word' id='word_1_609' title='bbox 1837 1969 1879 1997; x_wconf 79' lang='grc' dir='ltr'>καὶ</span> <span class='ocrx_word' id='word_1_610' title='bbox 1890 1967 1929 2002; x_wconf 74' lang='grc' dir='ltr'>τὴν</span> 
     </span>
    </p>
   </div>
   <div class='ocr_carea' id='block_1_86' title="bbox 1156 2013 1929 2055">
    <p class='ocr_par' dir='ltr' id='par_1_86' title="bbox 1156 2013 1929 2055">
     <span class='ocr_line' id='line_1_86' title="bbox 1156 2013 1929 2055; baseline -0.004 -10"><span class='ocrx_word' id='word_1_611' title='bbox 1156 2019 1252 2045; x_wconf 75' lang='grc' dir='ltr'>ἑαυτοῦ</span> <span class='ocrx_word' id='word_1_612' title='bbox 1279 2019 1461 2055; x_wconf 82' lang='grc' dir='ltr'>δικαιοσύνην·</span> <span class='ocrx_word' id='word_1_613' title='bbox 1482 2016 1560 2045; x_wconf 78' lang='grc' dir='ltr'>τοῦτο</span> <span class='ocrx_word' id='word_1_614' title='bbox 1580 2019 1608 2045; x_wconf 80' lang='grc' dir='ltr'>δὲ</span> <span class='ocrx_word' id='word_1_615' title='bbox 1635 2018 1727 2054; x_wconf 74' lang='grc' dir='ltr'>ἐδήλου</span> <span class='ocrx_word' id='word_1_616' title='bbox 1754 2018 1801 2045; x_wconf 76' lang='grc' dir='ltr'>καὶ</span> <span class='ocrx_word' id='word_1_617' title='bbox 1825 2015 1866 2043; x_wconf 73' lang='grc' dir='ltr'><strong>διὰ</strong></span> <span class='ocrx_word' id='word_1_618' title='bbox 1885 2013 1929 2041; x_wconf 74' lang='grc' dir='ltr'>τῶν</span> 
     </span>
    </p>
   </div>
   <div class='ocr_carea' id='block_1_87' title="bbox 1157 2058 1929 2100">
    <p class='ocr_par' dir='ltr' id='par_1_87' title="bbox 1157 2058 1929 2100">
     <span class='ocr_line' id='line_1_87' title="bbox 1157 2058 1929 2100; baseline -0.006 -9"><span class='ocrx_word' id='word_1_619' title='bbox 1157 2064 1309 2100; x_wconf 77' lang='grc' dir='ltr'>ἔμπροσθεν</span> <span class='ocrx_word' id='word_1_620' title='bbox 1325 2065 1423 2100; x_wconf 80' lang='grc' dir='ltr'>φήσας·</span> <span class='ocrx_word' id='word_1_621' title='bbox 1449 2074 1457 2090; x_wconf 83' lang='grc' dir='ltr'><strong>ι</strong></span> <span class='ocrx_word' id='word_1_622' title='bbox 1473 2064 1520 2096; x_wconf 84' lang='grc' dir='ltr'>Τίς</span> <span class='ocrx_word' id='word_1_623' title='bbox 1535 2063 1674 2100; x_wconf 78' lang='grc' dir='ltr'>ἐξήγειρεν</span> <span class='ocrx_word' id='word_1_624' title='bbox 1688 2064 1742 2091; x_wconf 81' lang='grc' dir='ltr'>ἀπὺ</span> <span class='ocrx_word' id='word_1_625' title='bbox 1759 2061 1887 2090; x_wconf 83' lang='grc' dir='ltr'>ἀνατολῶν</span> <span class='ocrx_word' id='word_1_626' title='bbox 1898 2058 1929 2084; x_wconf 88' lang='grc' dir='ltr'>δι-</span> 
     </span>
    </p>
   </div>
   <div class='ocr_carea' id='block_1_88' title="bbox 1155 2104 1927 2146">
    <p class='ocr_par' dir='ltr' id='par_1_88' title="bbox 1155 2104 1927 2146">
     <span class='ocr_line' id='line_1_88' title="bbox 1155 2104 1927 2146; baseline -0.008 -9"><span class='ocrx_word' id='word_1_627' title='bbox 1155 2111 1319 2146; x_wconf 79' lang='grc' dir='ltr'>καιοσύνην;</span> <span class='ocrx_word' id='word_1_628' title='bbox 1336 2120 1344 2136; x_wconf 74' lang='grc' dir='ltr'><strong>ι</strong></span> <span class='ocrx_word' id='word_1_629' title='bbox 1364 2110 1397 2145; x_wconf 83' lang='grc' dir='ltr'>ἣν</span> <span class='ocrx_word' id='word_1_630' title='bbox 1412 2110 1459 2136; x_wconf 66' lang='grc' dir='ltr'><strong>καλ⁵</strong></span> <span class='ocrx_word' id='word_1_631' title='bbox 1474 2111 1529 2141; x_wconf 84' lang='grc' dir='ltr'>τοῖς</span> <span class='ocrx_word' id='word_1_632' title='bbox 1551 2109 1638 2136; x_wconf 75' lang='grc' dir='ltr'>ἔθνεσι</span> <span class='ocrx_word' id='word_1_633' title='bbox 1653 2109 1818 2145; x_wconf 74' lang='grc' dir='ltr'>δεδωρῆσθαι</span> <span class='ocrx_word' id='word_1_634' title='bbox 1840 2104 1927 2141; x_wconf 65' lang='grc' dir='ltr'><strong>ἐδήὶοηιν</strong></span> 
     </span>
    </p>
   </div>
   <div class='ocr_carea' id='block_1_89' title="bbox 1156 2150 1928 2191">
    <p class='ocr_par' dir='ltr' id='par_1_89' title="bbox 1156 2150 1928 2191">
     <span class='ocr_line' id='line_1_89' title="bbox 1156 2150 1928 2191; baseline -0.005 -9"><span class='ocrx_word' id='word_1_635' title='bbox 1156 2156 1201 2184; x_wconf 81' lang='grc' dir='ltr'>τὸν</span> <span class='ocrx_word' id='word_1_636' title='bbox 1218 2156 1246 2182; x_wconf 80' lang='grc' dir='ltr'>δὲ</span> <span class='ocrx_word' id='word_1_637' title='bbox 1261 2156 1314 2182; x_wconf 76' lang='grc' dir='ltr'><strong>ἀπὸ</strong></span> <span class='ocrx_word' id='word_1_638' title='bbox 1331 2156 1429 2191; x_wconf 72' lang='grc' dir='ltr'>Βορρᾶ,</span> <span class='ocrx_word' id='word_1_639' title='bbox 1441 2155 1486 2182; x_wconf 72' lang='grc' dir='ltr'><strong>τὸν</strong></span> <span class='ocrx_word' id='word_1_640' title='bbox 1502 2155 1532 2188; x_wconf 76' lang='grc' dir='ltr'>ἐξ</span> <span class='ocrx_word' id='word_1_641' title='bbox 1548 2155 1633 2182; x_wconf 76' lang='grc' dir='ltr'>ἐθνῶν</span> <span class='ocrx_word' id='word_1_642' title='bbox 1650 2155 1723 2188; x_wconf 78' lang='grc' dir='ltr'>λαὸν,</span> <span class='ocrx_word' id='word_1_643' title='bbox 1740 2155 1823 2182; x_wconf 83' lang='grc' dir='ltr'>πάλαι</span> <span class='ocrx_word' id='word_1_644' title='bbox 1836 2153 1893 2179; x_wconf 76' lang='grc' dir='ltr'>ὂντα</span> <span class='ocrx_word' id='word_1_645' title='bbox 1905 2150 1928 2176; x_wconf 83' lang='grc' dir='ltr'>ὲν</span> 
     </span>
    </p>
   </div>
   <div class='ocr_carea' id='block_1_90' title="bbox 1157 2199 1929 2238">
    <p class='ocr_par' dir='ltr' id='par_1_90' title="bbox 1157 2199 1929 2238">
     <span class='ocr_line' id='line_1_90' title="bbox 1157 2199 1929 2238; baseline -0.004 -10"><span class='ocrx_word' id='word_1_646' title='bbox 1157 2201 1196 2237; x_wconf 84' lang='grc' dir='ltr'>τῷ</span> <span class='ocrx_word' id='word_1_647' title='bbox 1210 2202 1308 2238; x_wconf 55' lang='lat' dir='ltr'><strong>Romi,</strong></span> <span class='ocrx_word' id='word_1_648' title='bbox 1324 2200 1393 2228; x_wconf 82' lang='grc' dir='ltr'>κατὰ</span> <span class='ocrx_word' id='word_1_649' title='bbox 1415 2201 1455 2232; x_wconf 82' lang='grc' dir='ltr'><strong>τὺ,</strong></span> <span class='ocrx_word' id='word_1_650' title='bbox 1479 2211 1487 2227; x_wconf 83' lang='lat' dir='ltr'><strong>t</strong></span> <span class='ocrx_word' id='word_1_651' title='bbox 1500 2201 1566 2228; x_wconf 74' lang='grc' dir='ltr'><strong>Ἀπὸ</strong></span> <span class='ocrx_word' id='word_1_652' title='bbox 1581 2200 1726 2237; x_wconf 85' lang='grc' dir='ltr'>προσώπου</span> <span class='ocrx_word' id='word_1_653' title='bbox 1742 2201 1831 2237; x_wconf 69' lang='grc' dir='ltr'>Βορρᾶ</span> <span class='ocrx_word' id='word_1_654' title='bbox 1845 2199 1929 2225; x_wconf 79' lang='grc' dir='ltr'>ἐκκαυ-</span> 
     </span>
    </p>
   </div>
   <div class='ocr_carea' id='block_1_91' title="bbox 327 2241 1102 2284">
    <p class='ocr_par' dir='ltr' id='par_1_91' title="bbox 327 2244 1102 2280">
     <span class='ocr_line' id='line_1_91' title="bbox 327 2244 1102 2280; baseline 0.003 -8"><span class='ocrx_word' id='word_1_655' title='bbox 327 2245 472 2272; x_wconf 82' lang='lat' dir='ltr'><strong>secundum</strong></span> <span class='ocrx_word' id='word_1_656' title='bbox 499 2244 581 2278; x_wconf 91' lang='lat' dir='ltr'><strong>illud,</strong></span> <span class='ocrx_word' id='word_1_657' title='bbox 605 2253 615 2270; x_wconf 78' lang='grc' dir='ltr'><strong>ι</strong></span> <span class='ocrx_word' id='word_1_658' title='bbox 630 2245 652 2272; x_wconf 78' lang='grc' dir='ltr'>Α</span> <span class='ocrx_word' id='word_1_659' title='bbox 671 2244 740 2272; x_wconf 84' lang='lat' dir='ltr'><strong>l&#39;acie</strong></span> <span class='ocrx_word' id='word_1_660' title='bbox 761 2245 903 2280; x_wconf 81' lang='lat' dir='ltr'><strong>Aquilonis</strong></span> <span class='ocrx_word' id='word_1_661' title='bbox 926 2246 1102 2274; x_wconf 87' lang='lat' dir='ltr'><strong>accendentut</strong></span> 
     </span>
    </p>
   </div>
   <div class='ocr_carea' id='block_1_92' title="bbox 1150 2241 1928 2284">
    <p class='ocr_par' dir='ltr' id='par_1_92' title="bbox 1158 2241 1928 2284">
     <span class='ocr_line' id='line_1_92' title="bbox 1158 2241 1928 2284; baseline -0.001 -10"><span class='ocrx_word' id='word_1_662' title='bbox 1158 2248 1270 2284; x_wconf 79' lang='grc' dir='ltr'>θήσεται</span> <span class='ocrx_word' id='word_1_663' title='bbox 1291 2247 1362 2274; x_wconf 79' lang='grc' dir='ltr'>κακὰ</span> <span class='ocrx_word' id='word_1_664' title='bbox 1383 2247 1429 2274; x_wconf 71' lang='grc' dir='ltr'><strong>ἐπὶ</strong></span> <span class='ocrx_word' id='word_1_665' title='bbox 1458 2247 1560 2279; x_wconf 74' lang='grc' dir='ltr'>πάντας</span> <span class='ocrx_word' id='word_1_666' title='bbox 1586 2247 1649 2279; x_wconf 73' lang='grc' dir='ltr'>τοὺς</span> <span class='ocrx_word' id='word_1_667' title='bbox 1678 2246 1866 2276; x_wconf 79' lang='grc' dir='ltr'>κατοικοῦντας</span> <span class='ocrx_word' id='word_1_668' title='bbox 1888 2241 1928 2276; x_wconf 67' lang='grc' dir='ltr'>τὴν</span> 
     </span>
    </p>
   </div>
   <div class='ocr_carea' id='block_1_93' title="bbox 328 2290 1108 2328">
    <p class='ocr_par' dir='ltr' id='par_1_93' title="bbox 328 2290 1108 2328">
     <span class='ocr_line' id='line_1_93' title="bbox 328 2290 1108 2328; baseline 0.004 -10"><span class='ocrx_word' id='word_1_669' title='bbox 328 2290 398 2319; x_wconf 85' lang='lat' dir='ltr'><strong>mala</strong></span> <span class='ocrx_word' id='word_1_670' title='bbox 413 2291 439 2318; x_wconf 93' lang='lat' dir='ltr'><strong>in</strong></span> <span class='ocrx_word' id='word_1_671' title='bbox 457 2297 552 2318; x_wconf 88' lang='lat' dir='ltr'><strong>omnes</strong></span> <span class='ocrx_word' id='word_1_672' title='bbox 567 2290 751 2319; x_wconf 83' lang='lat' dir='ltr'><strong>inhabitantes</strong></span> <span class='ocrx_word' id='word_1_673' title='bbox 775 2295 884 2318; x_wconf 89' lang='lat' dir='ltr'><strong>terram.</strong></span> <span class='ocrx_word' id='word_1_674' title='bbox 899 2301 908 2317; x_wconf 84' lang='grc'><strong>›</strong></span> <span class='ocrx_word' id='word_1_675' title='bbox 926 2290 1003 2320; x_wconf 90' lang='lat' dir='ltr'><strong>Hunc</strong></span> <span class='ocrx_word' id='word_1_676' title='bbox 1017 2292 1108 2328; x_wconf 85' lang='lat' dir='ltr'><strong>itaque</strong></span> 
     </span>
    </p>
   </div>
   <div class='ocr_carea' id='block_1_94' title="bbox 327 2336 1108 2372">
    <p class='ocr_par' dir='ltr' id='par_1_94' title="bbox 327 2336 1108 2372">
     <span class='ocr_line' id='line_1_94' title="bbox 327 2336 1108 2372; baseline 0.004 -9"><span class='ocrx_word' id='word_1_677' title='bbox 327 2337 446 2372; x_wconf 87' lang='lat' dir='ltr'><strong>gentium</strong></span> <span class='ocrx_word' id='word_1_678' title='bbox 466 2336 604 2371; x_wconf 87' lang='lat' dir='ltr'><strong>populum,</strong></span> <span class='ocrx_word' id='word_1_679' title='bbox 620 2336 669 2369; x_wconf 87' lang='lat' dir='ltr'><strong>ait,</strong></span> <span class='ocrx_word' id='word_1_680' title='bbox 685 2336 799 2363; x_wconf 85' lang='lat' dir='ltr'><strong>excitavi</strong></span> <span class='ocrx_word' id='word_1_681' title='bbox 821 2336 856 2363; x_wconf 88' lang='lat' dir='ltr'><strong>ab</strong></span> <span class='ocrx_word' id='word_1_682' title='bbox 871 2337 1014 2371; x_wconf 84' lang='lat' dir='ltr'><strong>Aquilone,</strong></span> <span class='ocrx_word' id='word_1_683' title='bbox 1029 2342 1060 2366; x_wconf 92' lang='lat' dir='ltr'><strong>ut</strong></span> <span class='ocrx_word' id='word_1_684' title='bbox 1075 2346 1108 2366; x_wconf 88' lang='lat' dir='ltr'><strong>ne</strong></span> 
     </span>
    </p>
   </div>
   <div class='ocr_carea' id='block_1_95' title="bbox 326 2382 1106 2417">
    <p class='ocr_par' dir='ltr' id='par_1_95' title="bbox 326 2382 1106 2417">
     <span class='ocr_line' id='line_1_95' title="bbox 326 2382 1106 2417; baseline 0.004 -9"><span class='ocrx_word' id='word_1_685' title='bbox 326 2383 396 2409; x_wconf 88' lang='lat' dir='ltr'><strong>ultra</strong></span> <span class='ocrx_word' id='word_1_686' title='bbox 419 2382 455 2410; x_wconf 91' lang='lat' dir='ltr'><strong>ibi</strong></span> <span class='ocrx_word' id='word_1_687' title='bbox 473 2386 600 2410; x_wconf 84' lang='lat' dir='ltr'><strong>maneat:</strong></span> <span class='ocrx_word' id='word_1_688' title='bbox 616 2382 717 2409; x_wconf 89' lang='lat' dir='ltr'><strong>vocabo</strong></span> <span class='ocrx_word' id='word_1_689' title='bbox 729 2387 817 2410; x_wconf 89' lang='lat' dir='ltr'><strong>autem</strong></span> <span class='ocrx_word' id='word_1_690' title='bbox 832 2390 905 2416; x_wconf 86' lang='lat' dir='ltr'><strong>eum,</strong></span> <span class='ocrx_word' id='word_1_691' title='bbox 929 2383 973 2417; x_wconf 90' lang='lat' dir='ltr'><strong>qui</strong></span> <span class='ocrx_word' id='word_1_692' title='bbox 999 2383 1032 2410; x_wconf 91' lang='lat' dir='ltr'><strong>ab</strong></span> <span class='ocrx_word' id='word_1_693' title='bbox 1046 2389 1106 2411; x_wconf 88' lang='lat' dir='ltr'><strong>ortu</strong></span> 
     </span>
    </p>
   </div>
   <div class='ocr_carea' id='block_1_96' title="bbox 328 2427 768 2462">
    <p class='ocr_par' dir='ltr' id='par_1_96' title="bbox 328 2427 768 2462">
     <span class='ocr_line' id='line_1_96' title="bbox 328 2427 768 2462; baseline -0.002 -6"><span class='ocrx_word' id='word_1_694' title='bbox 328 2428 394 2456; x_wconf 82' lang='lat' dir='ltr'><strong>solis</strong></span> <span class='ocrx_word' id='word_1_695' title='bbox 407 2428 490 2462; x_wconf 87' lang='lat' dir='ltr'><strong>venit,</strong></span> <span class='ocrx_word' id='word_1_696' title='bbox 503 2427 607 2456; x_wconf 84' lang='lat' dir='ltr'><strong>scilicet</strong></span> <span class='ocrx_word' id='word_1_697' title='bbox 618 2428 768 2456; x_wconf 82' lang='lat' dir='ltr'><strong>Christum.</strong></span> 
     </span>
    </p>
   </div>
   <div class='ocr_carea' id='block_1_97' title="bbox 366 2475 1113 2511">
    <p class='ocr_par' dir='ltr' id='par_1_97' title="bbox 366 2475 1113 2511">
     <span class='ocr_line' id='line_1_97' title="bbox 366 2475 1113 2511; baseline 0.003 -9"><span class='ocrx_word' id='word_1_698' title='bbox 366 2485 376 2503; x_wconf 78' lang='grc' dir='ltr'><strong>ι</strong></span> <span class='ocrx_word' id='word_1_699' title='bbox 393 2475 508 2503; x_wconf 83' lang='lat' dir='ltr'><strong>Veniant</strong></span> <span class='ocrx_word' id='word_1_700' title='bbox 528 2476 674 2511; x_wconf 89' lang='lat' dir='ltr'><strong>principes,</strong></span> <span class='ocrx_word' id='word_1_701' title='bbox 688 2479 716 2504; x_wconf 91' lang='lat' dir='ltr'><strong>et</strong></span> <span class='ocrx_word' id='word_1_702' title='bbox 735 2482 864 2509; x_wconf 57' lang='lat' dir='ltr'><strong>tanquam</strong></span> <span class='ocrx_word' id='word_1_703' title='bbox 882 2475 969 2503; x_wconf 91' lang='lat' dir='ltr'><strong>lutum</strong></span> <span class='ocrx_word' id='word_1_704' title='bbox 983 2475 1067 2511; x_wconf 79' lang='lat' dir='ltr'><strong>ﬁguli,</strong></span> <span class='ocrx_word' id='word_1_705' title='bbox 1085 2481 1113 2504; x_wconf 87' lang='lat' dir='ltr'><strong>et</strong></span> 
     </span>
    </p>
   </div>
   <div class='ocr_carea' id='block_1_98' title="bbox 327 2521 1113 2559">
    <p class='ocr_par' dir='ltr' id='par_1_98' title="bbox 327 2521 1113 2559">
     <span class='ocr_line' id='line_1_98' title="bbox 327 2521 1113 2559; baseline 0 -9"><span class='ocrx_word' id='word_1_706' title='bbox 327 2529 454 2559; x_wconf 88' lang='lat' dir='ltr'><strong>tanquam</strong></span> <span class='ocrx_word' id='word_1_707' title='bbox 479 2522 575 2558; x_wconf 77' lang='lat' dir='ltr'><strong>ﬁgulus</strong></span> <span class='ocrx_word' id='word_1_708' title='bbox 589 2523 750 2550; x_wconf 82' lang='lat' dir='ltr'><strong>conculcans</strong></span> <span class='ocrx_word' id='word_1_709' title='bbox 769 2522 864 2552; x_wconf 86' lang='lat' dir='ltr'><strong>lutum,</strong></span> <span class='ocrx_word' id='word_1_710' title='bbox 888 2521 926 2548; x_wconf 81' lang='lat' dir='ltr'><strong>sic</strong></span> <span class='ocrx_word' id='word_1_711' title='bbox 941 2522 1113 2550; x_wconf 88' lang='lat' dir='ltr'><strong>conculcabi-</strong></span> 
     </span>
    </p>
   </div>
   <div class='ocr_carea' id='block_1_99' title="bbox 328 2568 1112 2603">
    <p class='ocr_par' dir='ltr' id='par_1_99' title="bbox 328 2568 1112 2603">
     <span class='ocr_line' id='line_1_99' title="bbox 328 2568 1112 2603; baseline -0.003 -7"><span class='ocrx_word' id='word_1_712' title='bbox 328 2569 404 2596; x_wconf 89' lang='lat' dir='ltr'><strong>mini.</strong></span> <span class='ocrx_word' id='word_1_713' title='bbox 418 2572 429 2595; x_wconf 64' lang='grc' dir='ltr'><strong><em>ἰ</em></strong></span> <span class='ocrx_word' id='word_1_714' title='bbox 446 2569 491 2596; x_wconf 87' lang='lat' dir='ltr'><strong>Sic</strong></span> <span class='ocrx_word' id='word_1_715' title='bbox 509 2573 586 2596; x_wconf 80' lang='lat' dir='ltr'><strong>vocat</strong></span> <span class='ocrx_word' id='word_1_716' title='bbox 603 2576 650 2596; x_wconf 90' lang='lat' dir='ltr'><strong>eos</strong></span> <span class='ocrx_word' id='word_1_717' title='bbox 667 2569 712 2603; x_wconf 94' lang='lat' dir='ltr'><strong>qui</strong></span> <span class='ocrx_word' id='word_1_718' title='bbox 728 2568 875 2596; x_wconf 86' lang='lat' dir='ltr'><strong>satellitum</strong></span> <span class='ocrx_word' id='word_1_719' title='bbox 894 2568 979 2594; x_wconf 90' lang='lat' dir='ltr'><strong>instar</strong></span> <span class='ocrx_word' id='word_1_720' title='bbox 1002 2575 1112 2603; x_wconf 74' lang='lat' dir='ltr'><strong>regnum</strong></span> 
     </span>
    </p>
   </div>
   <div class='ocr_carea' id='block_1_100' title="bbox 328 2614 1110 2649">
    <p class='ocr_par' dir='ltr' id='par_1_100' title="bbox 328 2614 1110 2649">
     <span class='ocr_line' id='line_1_100' title="bbox 328 2614 1110 2649; baseline -0.001 -8"><span class='ocrx_word' id='word_1_721' title='bbox 328 2615 397 2647; x_wconf 79' lang='lat' dir='ltr'><strong>ejus-</strong></span> <span class='ocrx_word' id='word_1_722' title='bbox 407 2614 524 2649; x_wconf 86' lang='lat' dir='ltr'><strong>stipant,</strong></span> <span class='ocrx_word' id='word_1_723' title='bbox 547 2614 657 2649; x_wconf 89' lang='lat' dir='ltr'><strong>angelos</strong></span> <span class='ocrx_word' id='word_1_724' title='bbox 674 2615 795 2642; x_wconf 81' lang='lat' dir='ltr'><strong>videlicet</strong></span> <span class='ocrx_word' id='word_1_725' title='bbox 818 2622 826 2641; x_wconf 90' lang='lat'><strong>:</strong></span> <span class='ocrx_word' id='word_1_726' title='bbox 848 2620 896 2648; x_wconf 89' lang='lat' dir='ltr'><strong>per</strong></span> <span class='ocrx_word' id='word_1_727' title='bbox 911 2620 978 2648; x_wconf 89' lang='lat' dir='ltr'><strong>quos</strong></span> <span class='ocrx_word' id='word_1_728' title='bbox 1000 2614 1110 2648; x_wconf 90' lang='lat' dir='ltr'><strong>impium</strong></span> 
     </span>
    </p>
   </div>
   <div class='ocr_carea' id='block_1_101' title="bbox 329 2659 1111 2695">
    <p class='ocr_par' dir='ltr' id='par_1_101' title="bbox 329 2659 1111 2695">
     <span class='ocr_line' id='line_1_101' title="bbox 329 2659 1111 2695; baseline 0 -8"><span class='ocrx_word' id='word_1_729' title='bbox 329 2667 449 2688; x_wconf 87' lang='lat' dir='ltr'><strong>errorem</strong></span> <span class='ocrx_word' id='word_1_730' title='bbox 471 2660 605 2687; x_wconf 73' lang='lat' dir='ltr'><strong>Sublatum</strong></span> <span class='ocrx_word' id='word_1_731' title='bbox 626 2660 659 2688; x_wconf 93' lang='lat' dir='ltr'><strong>iri</strong></span> <span class='ocrx_word' id='word_1_732' title='bbox 678 2661 856 2695; x_wconf 68' lang='lat' dir='ltr'><strong>praenuntiat;</strong></span> <span class='ocrx_word' id='word_1_733' title='bbox 872 2659 912 2686; x_wconf 86' lang='lat' dir='ltr'><strong>vel</strong></span> <span class='ocrx_word' id='word_1_734' title='bbox 930 2660 1064 2694; x_wconf 86' lang='lat' dir='ltr'><strong>principes</strong></span> <span class='ocrx_word' id='word_1_735' title='bbox 1080 2667 1111 2687; x_wconf 89' lang='lat' dir='ltr'><strong>ac</strong></span> 
     </span>
    </p>
   </div>
   <div class='ocr_carea' id='block_1_102' title="bbox 331 2705 1111 2741">
    <p class='ocr_par' dir='ltr' id='par_1_102' title="bbox 331 2705 1111 2741">
     <span class='ocr_line' id='line_1_102' title="bbox 331 2705 1111 2741; baseline 0.001 -10"><span class='ocrx_word' id='word_1_736' title='bbox 331 2705 458 2739; x_wconf 74' lang='lat' dir='ltr'><strong>praesules</strong></span> <span class='ocrx_word' id='word_1_737' title='bbox 474 2705 600 2733; x_wconf 82' lang='lat' dir='ltr'><strong>Ecclesia:</strong></span> <span class='ocrx_word' id='word_1_738' title='bbox 615 2713 679 2733; x_wconf 80' lang='lat' dir='ltr'><strong>snze.</strong></span> <span class='ocrx_word' id='word_1_739' title='bbox 695 2705 747 2733; x_wconf 88' lang='lat' dir='ltr'><strong>Vos</strong></span> <span class='ocrx_word' id='word_1_740' title='bbox 767 2706 871 2734; x_wconf 84' lang='lat' dir='ltr'><strong>scilicet</strong></span> <span class='ocrx_word' id='word_1_741' title='bbox 891 2706 989 2741; x_wconf 90' lang='lat' dir='ltr'><strong>quibus</strong></span> <span class='ocrx_word' id='word_1_742' title='bbox 1004 2705 1111 2733; x_wconf 75' lang='lat' dir='ltr'><strong>diceba-</strong></span> 
     </span>
    </p>
   </div>
   <div class='ocr_carea' id='block_1_103' title="bbox 331 2750 1110 2787">
    <p class='ocr_par' dir='ltr' id='par_1_103' title="bbox 331 2750 1110 2787">
     <span class='ocr_line' id='line_1_103' title="bbox 331 2750 1110 2787; baseline 0.003 -9"><span class='ocrx_word' id='word_1_743' title='bbox 331 2755 384 2782; x_wconf 86' lang='lat' dir='ltr'><strong>tur,</strong></span> <span class='ocrx_word' id='word_1_744' title='bbox 405 2760 414 2776; x_wconf 72' lang='grc' dir='ltr'><strong>ι</strong></span> <span class='ocrx_word' id='word_1_745' title='bbox 432 2750 507 2778; x_wconf 86' lang='lat' dir='ltr'><strong>Unde</strong></span> <span class='ocrx_word' id='word_1_746' title='bbox 532 2752 596 2779; x_wconf 86' lang='lat' dir='ltr'><strong>estis</strong></span> <span class='ocrx_word' id='word_1_747' title='bbox 612 2760 671 2785; x_wconf 81' lang='lat' dir='ltr'><strong>vos,</strong></span> <span class='ocrx_word' id='word_1_748' title='bbox 693 2757 721 2780; x_wconf 91' lang='lat' dir='ltr'><strong>et</strong></span> <span class='ocrx_word' id='word_1_749' title='bbox 745 2753 816 2779; x_wconf 87' lang='lat' dir='ltr'><strong>unde</strong></span> <span class='ocrx_word' id='word_1_750' title='bbox 835 2760 904 2787; x_wconf 89' lang='lat' dir='ltr'><strong>opus</strong></span> <span class='ocrx_word' id='word_1_751' title='bbox 921 2753 1058 2779; x_wconf 79' lang='lat' dir='ltr'><strong>vestrum?</strong></span> <span class='ocrx_word' id='word_1_752' title='bbox 1077 2760 1110 2780; x_wconf 82' lang='lat' dir='ltr'><strong>ex</strong></span> 
     </span>
    </p>
   </div>
   <div class='ocr_carea' id='block_1_104' title="bbox 333 2794 932 2831">
    <p class='ocr_par' dir='ltr' id='par_1_104' title="bbox 333 2794 932 2831">
     <span class='ocr_line' id='line_1_104' title="bbox 333 2794 932 2831; baseline 0.007 -10"><span class='ocrx_word' id='word_1_753' title='bbox 333 2799 402 2822; x_wconf 88' lang='lat' dir='ltr'><strong>terra</strong></span> <span class='ocrx_word' id='word_1_754' title='bbox 421 2794 447 2822; x_wconf 92' lang='lat' dir='ltr'><strong>in</strong></span> <span class='ocrx_word' id='word_1_755' title='bbox 463 2794 686 2829; x_wconf 77' lang='lat' dir='ltr'><strong>abominationem</strong></span> <span class='ocrx_word' id='word_1_756' title='bbox 701 2797 838 2831; x_wconf 83' lang='lat' dir='ltr'><strong>elegerunt</strong></span> <span class='ocrx_word' id='word_1_757' title='bbox 851 2804 908 2825; x_wconf 89' lang='lat' dir='ltr'><strong>vos.</strong></span> <span class='ocrx_word' id='word_1_758' title='bbox 923 2806 932 2822; x_wconf 84' lang='grc'>›</span> 
     </span>
    </p>
   </div>
   <div class='ocr_carea' id='block_1_105' title="bbox 368 2838 1112 2878">
    <p class='ocr_par' dir='ltr' id='par_1_105' title="bbox 368 2838 1112 2878">
     <span class='ocr_line' id='line_1_105' title="bbox 368 2838 1112 2878; baseline 0.007 -12"><span class='ocrx_word' id='word_1_759' title='bbox 368 2838 451 2866; x_wconf 76' lang='lat' dir='ltr'><strong>Vens.</strong></span> <span class='ocrx_word' id='word_1_760' title='bbox 463 2838 497 2866; x_wconf 77' lang='grc'>26</span> <span class='ocrx_word' id='word_1_761' title='bbox 527 2848 536 2864; x_wconf 74' lang='grc' dir='ltr'><strong>ι</strong></span> <span class='ocrx_word' id='word_1_762' title='bbox 554 2839 617 2872; x_wconf 82' lang='lat' dir='ltr'><strong>Quis</strong></span> <span class='ocrx_word' id='word_1_763' title='bbox 638 2841 708 2868; x_wconf 86' lang='lat' dir='ltr'><strong>cnim</strong></span> <span class='ocrx_word' id='word_1_764' title='bbox 725 2843 893 2870; x_wconf 83' lang='lat' dir='ltr'><strong>annuntiabit</strong></span> <span class='ocrx_word' id='word_1_765' title='bbox 910 2842 989 2871; x_wconf 76' lang='lat' dir='ltr'><strong>nobis</strong></span> <span class='ocrx_word' id='word_1_766' title='bbox 1004 2850 1036 2870; x_wconf 87' lang='lat' dir='ltr'><strong>ea</strong></span> <span class='ocrx_word' id='word_1_767' title='bbox 1053 2849 1112 2878; x_wconf 72' lang='lat' dir='ltr'><strong>quas</strong></span> 
     </span>
    </p>
   </div>
   <div class='ocr_carea' id='block_1_106' title="bbox 335 2885 1111 2926">
    <p class='ocr_par' dir='ltr' id='par_1_106' title="bbox 335 2885 1111 2926">
     <span class='ocr_line' id='line_1_106' title="bbox 335 2885 1111 2926; baseline 0.008 -13"><span class='ocrx_word' id='word_1_768' title='bbox 335 2889 397 2913; x_wconf 83' lang='lat' dir='ltr'><strong>sunt</strong></span> <span class='ocrx_word' id='word_1_769' title='bbox 418 2892 433 2912; x_wconf 92' lang='lat' dir='ltr'><strong>a</strong></span> <span class='ocrx_word' id='word_1_770' title='bbox 449 2885 589 2920; x_wconf 77' lang='lat' dir='ltr'><strong>pt&#39;i‘nctpiu,</strong></span> <span class='ocrx_word' id='word_1_771' title='bbox 605 2891 633 2914; x_wconf 90' lang='lat' dir='ltr'><strong>ut</strong></span> <span class='ocrx_word' id='word_1_772' title='bbox 657 2895 849 2922; x_wconf 77' lang='lat' dir='ltr'><strong>cognoscamus</strong></span> <span class='ocrx_word' id='word_1_773' title='bbox 862 2894 887 2918; x_wconf 77' lang='grc' dir='ltr'><strong>οι</strong></span> <span class='ocrx_word' id='word_1_774' title='bbox 903 2897 947 2925; x_wconf 68' lang='lat' dir='ltr'><strong>cal,</strong></span> <span class='ocrx_word' id='word_1_775' title='bbox 962 2898 1020 2926; x_wconf 72' lang='lat' dir='ltr'><strong>qua:</strong></span> <span class='ocrx_word' id='word_1_776' title='bbox 1035 2890 1111 2926; x_wconf 76' lang='lat' dir='ltr'><strong>prius</strong></span> 
     </span>
    </p>
   </div>
   <div class='ocr_carea' id='block_1_107' title="bbox 1160 2293 1929 2330">
    <p class='ocr_par' dir='ltr' id='par_1_107' title="bbox 1160 2293 1929 2330">
     <span class='ocr_line' id='line_1_107' title="bbox 1160 2293 1929 2330; baseline 0 -11"><span class='ocrx_word' id='word_1_777' title='bbox 1160 2295 1221 2330; x_wconf 80' lang='grc' dir='ltr'>γῆν.</span> <span class='ocrx_word' id='word_1_778' title='bbox 1238 2304 1247 2320; x_wconf 74' lang='grc' dir='ltr'><strong>ι</strong></span> <span class='ocrx_word' id='word_1_779' title='bbox 1267 2294 1366 2321; x_wconf 87' lang='grc' dir='ltr'>Τοῦτον</span> <span class='ocrx_word' id='word_1_780' title='bbox 1382 2293 1427 2321; x_wconf 75' lang='grc' dir='ltr'>οὖν</span> <span class='ocrx_word' id='word_1_781' title='bbox 1444 2295 1488 2322; x_wconf 82' lang='grc' dir='ltr'>τὸν</span> <span class='ocrx_word' id='word_1_782' title='bbox 1505 2295 1535 2328; x_wconf 81' lang='grc' dir='ltr'>ἐξ</span> <span class='ocrx_word' id='word_1_783' title='bbox 1553 2294 1637 2321; x_wconf 73' lang='grc' dir='ltr'>ὶθνῶν</span> <span class='ocrx_word' id='word_1_784' title='bbox 1653 2294 1725 2326; x_wconf 72' lang='grc' dir='ltr'>λαὸν,</span> <span class='ocrx_word' id='word_1_785' title='bbox 1743 2295 1874 2330; x_wconf 56' lang='lat' dir='ltr'><strong>ea,um</strong></span> <span class='ocrx_word' id='word_1_786' title='bbox 1890 2297 1929 2323; x_wconf 75' lang='grc' dir='ltr'><strong>φη-</strong></span> 
     </span>
    </p>
   </div>
   <div class='ocr_carea' id='block_1_108' title="bbox 1161 2334 1928 2377">
    <p class='ocr_par' dir='ltr' id='par_1_108' title="bbox 1161 2334 1928 2377">
     <span class='ocr_line' id='line_1_108' title="bbox 1161 2334 1928 2377; baseline -0.005 -9"><span class='ocrx_word' id='word_1_787' title='bbox 1161 2341 1213 2373; x_wconf 71' lang='grc' dir='ltr'>σὶν,</span> <span class='ocrx_word' id='word_1_788' title='bbox 1228 2341 1281 2368; x_wconf 74' lang='grc' dir='ltr'><strong>ἀπὸ</strong></span> <span class='ocrx_word' id='word_1_789' title='bbox 1293 2341 1393 2376; x_wconf 75' lang='grc' dir='ltr'>Βορῤἄ,</span> <span class='ocrx_word' id='word_1_790' title='bbox 1409 2341 1451 2368; x_wconf 79' lang='grc' dir='ltr'>ἵνα</span> <span class='ocrx_word' id='word_1_791' title='bbox 1467 2341 1564 2377; x_wconf 79' lang='grc' dir='ltr'>μηκέτι</span> <span class='ocrx_word' id='word_1_792' title='bbox 1577 2342 1605 2367; x_wconf 79' lang='grc' dir='ltr'><strong>έν</strong></span> <span class='ocrx_word' id='word_1_793' title='bbox 1618 2341 1692 2376; x_wconf 76' lang='grc' dir='ltr'>αὐτῷ</span> <span class='ocrx_word' id='word_1_794' title='bbox 1741 2340 1845 2368; x_wconf 80' lang='grc' dir='ltr'>καλέσω</span> <span class='ocrx_word' id='word_1_795' title='bbox 1857 2337 1882 2364; x_wconf 74' lang='grc' dir='ltr'>δὲ</span> <span class='ocrx_word' id='word_1_796' title='bbox 1890 2334 1928 2361; x_wconf 63' lang='lat' dir='ltr'><strong>Ml</strong></span> 
     </span>
    </p>
   </div>
   <div class='ocr_carea' id='block_1_109' title="bbox 1161 2385 1850 2423">
    <p class='ocr_par' dir='ltr' id='par_1_109' title="bbox 1161 2385 1850 2423">
     <span class='ocr_line' id='line_1_109' title="bbox 1161 2385 1850 2423; baseline -0.007 -8"><span class='ocrx_word' id='word_1_797' title='bbox 1161 2387 1206 2415; x_wconf 82' lang='grc' dir='ltr'>τὸν</span> <span class='ocrx_word' id='word_1_798' title='bbox 1222 2388 1268 2422; x_wconf 77' lang='grc' dir='ltr'><strong>ἀφ’</strong></span> <span class='ocrx_word' id='word_1_799' title='bbox 1285 2387 1359 2420; x_wconf 80' lang='grc' dir='ltr'>ἡλίου</span> <span class='ocrx_word' id='word_1_800' title='bbox 1372 2388 1518 2419; x_wconf 82' lang='grc' dir='ltr'>ἀνατολῶν,</span> <span class='ocrx_word' id='word_1_801' title='bbox 1533 2387 1654 2414; x_wconf 77' lang='grc' dir='ltr'>τουτέστι</span> <span class='ocrx_word' id='word_1_802' title='bbox 1668 2387 1713 2414; x_wconf 79' lang='grc' dir='ltr'>τὸν</span> <span class='ocrx_word' id='word_1_803' title='bbox 1727 2385 1850 2423; x_wconf 84' lang='grc' dir='ltr'>Χριστόν.</span> 
     </span>
    </p>
   </div>
   <div class='ocr_carea' id='block_1_110' title="bbox 1198 2469 1925 2513">
    <p class='ocr_par' dir='ltr' id='par_1_110' title="bbox 1198 2469 1925 2513">
     <span class='ocr_line' id='line_1_110' title="bbox 1198 2469 1925 2513; baseline -0.007 -10"><span class='ocrx_word' id='word_1_804' title='bbox 1198 2487 1207 2502; x_wconf 73' lang='grc' dir='ltr'><strong>ι</strong></span> <span class='ocrx_word' id='word_1_805' title='bbox 1233 2477 1418 2513; x_wconf 85' lang='grc' dir='ltr'>Ἑρχέσθωσαν</span> <span class='ocrx_word' id='word_1_806' title='bbox 1432 2477 1574 2511; x_wconf 76' lang='grc' dir='ltr'>ἄρχοντες,</span> <span class='ocrx_word' id='word_1_807' title='bbox 1588 2475 1635 2502; x_wconf 76' lang='grc' dir='ltr'>καὶ</span> <span class='ocrx_word' id='word_1_808' title='bbox 1646 2476 1683 2507; x_wconf 85' lang='grc' dir='ltr'>ὡς</span> <span class='ocrx_word' id='word_1_809' title='bbox 1695 2475 1780 2511; x_wconf 78' lang='grc' dir='ltr'>πηλὸς</span> <span class='ocrx_word' id='word_1_810' title='bbox 1791 2469 1925 2509; x_wconf 53' lang='grc' dir='ltr'>κέραμά-κ.</span> 
     </span>
    </p>
   </div>
   <div class='ocr_carea' id='block_1_111' title="bbox 1161 2521 1927 2558">
    <p class='ocr_par' dir='ltr' id='par_1_111' title="bbox 1161 2521 1927 2558">
     <span class='ocr_line' id='line_1_111' title="bbox 1161 2521 1927 2558; baseline -0.012 -9"><span class='ocrx_word' id='word_1_811' title='bbox 1161 2523 1207 2549; x_wconf 69' lang='grc' dir='ltr'>καὶ</span> <span class='ocrx_word' id='word_1_812' title='bbox 1216 2522 1253 2555; x_wconf 86' lang='grc' dir='ltr'>ὡς</span> <span class='ocrx_word' id='word_1_813' title='bbox 1261 2523 1399 2558; x_wconf 72' lang='grc' dir='ltr'>κεραμεὺς</span> <span class='ocrx_word' id='word_1_814' title='bbox 1413 2521 1577 2549; x_wconf 87' lang='grc' dir='ltr'>καταπατῶν</span> <span class='ocrx_word' id='word_1_815' title='bbox 1589 2523 1635 2549; x_wconf 78' lang='grc' dir='ltr'>τὸν</span> <span class='ocrx_word' id='word_1_816' title='bbox 1647 2521 1741 2557; x_wconf 77' lang='grc' dir='ltr'>πηλὸν,</span> <span class='ocrx_word' id='word_1_817' title='bbox 1765 2521 1832 2547; x_wconf 78' lang='grc' dir='ltr'>οὕτω</span> <span class='ocrx_word' id='word_1_818' title='bbox 1858 2522 1927 2542; x_wconf 72' lang='grc' dir='ltr'>καται</span> 
     </span>
    </p>
   </div>
   <div class='ocr_carea' id='block_1_112' title="bbox 1162 2563 1927 2604">
    <p class='ocr_par' dir='ltr' id='par_1_112' title="bbox 1162 2563 1927 2604">
     <span class='ocr_line' id='line_1_112' title="bbox 1162 2563 1927 2604; baseline -0.004 -10"><span class='ocrx_word' id='word_1_819' title='bbox 1162 2568 1366 2603; x_wconf 76' lang='grc' dir='ltr'>πατηθήσεσθε·</span> <span class='ocrx_word' id='word_1_820' title='bbox 1386 2578 1395 2593; x_wconf 71' lang='grc' dir='ltr'><strong><em>ι</em></strong></span> <span class='ocrx_word' id='word_1_821' title='bbox 1414 2568 1472 2603; x_wconf 79' lang='grc' dir='ltr'>ἦτοι</span> <span class='ocrx_word' id='word_1_822' title='bbox 1484 2569 1546 2600; x_wconf 80' lang='grc' dir='ltr'>τοὺς</span> <span class='ocrx_word' id='word_1_823' title='bbox 1556 2569 1606 2604; x_wconf 85' lang='grc' dir='ltr'>τὴν</span> <span class='ocrx_word' id='word_1_824' title='bbox 1622 2568 1704 2595; x_wconf 68' lang='grc' dir='ltr'>αὑτοῦ</span> <span class='ocrx_word' id='word_1_825' title='bbox 1720 2566 1850 2604; x_wconf 82' lang='grc' dir='ltr'>βασιλείαν</span> <span class='ocrx_word' id='word_1_826' title='bbox 1862 2563 1927 2596; x_wconf 75' lang='grc' dir='ltr'>δορυ”</span> 
     </span>
    </p>
   </div>
   <div class='ocr_carea' id='block_1_113' title="bbox 1165 2609 1926 2649">
    <p class='ocr_par' dir='ltr' id='par_1_113' title="bbox 1165 2609 1926 2649">
     <span class='ocr_line' id='line_1_113' title="bbox 1165 2609 1926 2649; baseline -0.004 -10"><span class='ocrx_word' id='word_1_827' title='bbox 1165 2612 1314 2649; x_wconf 71' lang='grc' dir='ltr'>φοροῦντας</span> <span class='ocrx_word' id='word_1_828' title='bbox 1328 2613 1458 2648; x_wconf 80' lang='grc' dir='ltr'>ἀγγέλους</span> <span class='ocrx_word' id='word_1_829' title='bbox 1474 2612 1559 2646; x_wconf 71' lang='grc' dir='ltr'>οὕτως</span> <span class='ocrx_word' id='word_1_830' title='bbox 1573 2613 1724 2649; x_wconf 73' lang='grc' dir='ltr'>ὀνομάζων,</span> <span class='ocrx_word' id='word_1_831' title='bbox 1735 2614 1768 2640; x_wconf 83' lang='grc' dir='ltr'>δι’</span> <span class='ocrx_word' id='word_1_832' title='bbox 1780 2609 1815 2639; x_wconf 86' lang='grc' dir='ltr'>ὧν</span> <span class='ocrx_word' id='word_1_833' title='bbox 1825 2609 1870 2648; x_wconf 53' lang='grc' dir='ltr'>τὴν</span> <span class='ocrx_word' id='word_1_834' title='bbox 1885 2613 1926 2632; x_wconf 72' lang='grc' dir='ltr'><strong>κα·</strong></span> 
     </span>
    </p>
   </div>
   <div class='ocr_carea' id='block_1_114' title="bbox 1165 2651 1925 2696">
    <p class='ocr_par' dir='ltr' id='par_1_114' title="bbox 1165 2651 1925 2696">
     <span class='ocr_line' id='line_1_114' title="bbox 1165 2651 1925 2696; baseline -0.001 -10"><span class='ocrx_word' id='word_1_835' title='bbox 1165 2659 1284 2696; x_wconf 79' lang='grc' dir='ltr'>οαὶρεσιν</span> <span class='ocrx_word' id='word_1_836' title='bbox 1300 2661 1347 2695; x_wconf 81' lang='grc' dir='ltr'>τῆς</span> <span class='ocrx_word' id='word_1_837' title='bbox 1360 2659 1438 2686; x_wconf 81' lang='grc' dir='ltr'>ἀθέου</span> <span class='ocrx_word' id='word_1_838' title='bbox 1452 2659 1555 2695; x_wconf 80' lang='grc' dir='ltr'>πλάνης</span> <span class='ocrx_word' id='word_1_839' title='bbox 1565 2660 1725 2695; x_wconf 79' lang='grc' dir='ltr'>γεγενῆσθαί</span> <span class='ocrx_word' id='word_1_840' title='bbox 1742 2665 1833 2695; x_wconf 78' lang='grc' dir='ltr'>φησιν·</span> <span class='ocrx_word' id='word_1_841' title='bbox 1847 2655 1861 2690; x_wconf 87' lang='grc' dir='ltr'><strong>ἦ</strong></span> <span class='ocrx_word' id='word_1_842' title='bbox 1874 2651 1925 2680; x_wconf 67' lang='grc' dir='ltr'><strong>τοὺς</strong></span> 
     </span>
    </p>
   </div>
   <div class='ocr_carea' id='block_1_115' title="bbox 1164 2697 1925 2741">
    <p class='ocr_par' dir='ltr' id='par_1_115' title="bbox 1164 2697 1925 2741">
     <span class='ocr_line' id='line_1_115' title="bbox 1164 2697 1925 2741; baseline -0.004 -10"><span class='ocrx_word' id='word_1_843' title='bbox 1164 2704 1294 2740; x_wconf 80' lang='grc' dir='ltr'>ἄρχοντας</span> <span class='ocrx_word' id='word_1_844' title='bbox 1300 2705 1346 2732; x_wconf 69' lang='grc' dir='ltr'>καὶ</span> <span class='ocrx_word' id='word_1_845' title='bbox 1354 2713 1374 2730; x_wconf 89' lang='grc' dir='ltr'><strong>π</strong></span> <span class='ocrx_word' id='word_1_846' title='bbox 1377 2713 1418 2741; x_wconf 84' lang='grc' dir='ltr'><strong>ροε</strong></span> <span class='ocrx_word' id='word_1_847' title='bbox 1423 2705 1524 2736; x_wconf 81' lang='grc' dir='ltr'>στῶτας</span> <span class='ocrx_word' id='word_1_848' title='bbox 1531 2706 1579 2741; x_wconf 81' lang='grc' dir='ltr'>τῆς</span> <span class='ocrx_word' id='word_1_849' title='bbox 1587 2706 1746 2740; x_wconf 86' lang='grc' dir='ltr'>Ἐκκλησίας</span> <span class='ocrx_word' id='word_1_850' title='bbox 1752 2697 1839 2732; x_wconf 78' lang='grc' dir='ltr'>αὑτοῦ.</span> <span class='ocrx_word' id='word_1_851' title='bbox 1848 2698 1925 2733; x_wconf 74' lang='grc' dir='ltr'>Ὑμεῖς</span> 
     </span>
    </p>
   </div>
   <div class='ocr_carea' id='block_1_116' title="bbox 1164 2742 1924 2787">
    <p class='ocr_par' dir='ltr' id='par_1_116' title="bbox 1164 2742 1924 2787">
     <span class='ocr_line' id='line_1_116' title="bbox 1164 2742 1924 2787; baseline -0.004 -9"><span class='ocrx_word' id='word_1_852' title='bbox 1164 2752 1273 2787; x_wconf 78' lang='grc' dir='ltr'>δηλαδὴ.</span> <span class='ocrx_word' id='word_1_853' title='bbox 1286 2748 1325 2783; x_wconf 79' lang='grc' dir='ltr'>οἷς</span> <span class='ocrx_word' id='word_1_854' title='bbox 1331 2751 1492 2785; x_wconf 78' lang='grc' dir='ltr'>έλέγετο,ὃτι</span> <span class='ocrx_word' id='word_1_855' title='bbox 1510 2761 1518 2776; x_wconf 79' lang='grc' dir='ltr'><strong>ι</strong></span> <span class='ocrx_word' id='word_1_856' title='bbox 1529 2752 1612 2778; x_wconf 78' lang='grc' dir='ltr'>Πόθεν</span> <span class='ocrx_word' id='word_1_857' title='bbox 1625 2752 1685 2778; x_wconf 73' lang='grc' dir='ltr'>ἐστὲ</span> <span class='ocrx_word' id='word_1_858' title='bbox 1704 2752 1789 2786; x_wconf 80' lang='grc' dir='ltr'>ὑμεῖς,</span> <span class='ocrx_word' id='word_1_859' title='bbox 1801 2748 1843 2776; x_wconf 75' lang='grc' dir='ltr'>καὶ</span> <span class='ocrx_word' id='word_1_860' title='bbox 1858 2742 1924 2771; x_wconf 70' lang='grc' dir='ltr'>πόθεν</span> 
     </span>
    </p>
   </div>
   <div class='ocr_carea' id='block_1_117' title="bbox 1166 2790 1922 2833">
    <p class='ocr_par' dir='ltr' id='par_1_117' title="bbox 1166 2790 1922 2833">
     <span class='ocr_line' id='line_1_117' title="bbox 1166 2790 1922 2833; baseline -0.004 -11"><span class='ocrx_word' id='word_1_861' title='bbox 1166 2797 1305 2833; x_wconf 78' lang='grc' dir='ltr'>ήὲργασία</span> <span class='ocrx_word' id='word_1_862' title='bbox 1316 2796 1408 2832; x_wconf 82' lang='grc' dir='ltr'><strong>ὑμῶν;</strong></span> <span class='ocrx_word' id='word_1_863' title='bbox 1425 2797 1512 2833; x_wconf 79' lang='grc' dir='ltr'>ἐκγῆς</span> <span class='ocrx_word' id='word_1_864' title='bbox 1530 2797 1665 2832; x_wconf 77' lang='grc' dir='ltr'>βδέλυγμα</span> <span class='ocrx_word' id='word_1_865' title='bbox 1680 2796 1830 2830; x_wconf 75' lang='grc' dir='ltr'>ἐξελέξαντο</span> <span class='ocrx_word' id='word_1_866' title='bbox 1837 2790 1922 2826; x_wconf 73' lang='grc' dir='ltr'><strong>ὑμᾶς-⁸</strong></span> 
     </span>
    </p>
   </div>
   <div class='ocr_carea' id='block_1_118' title="bbox 1201 2835 1923 2879">
    <p class='ocr_par' dir='ltr' id='par_1_118' title="bbox 1201 2835 1923 2879">
     <span class='ocr_line' id='line_1_118' title="bbox 1201 2835 1923 2879; baseline -0.004 -9"><span class='ocrx_word' id='word_1_867' title='bbox 1201 2853 1210 2869; x_wconf 73' lang='grc' dir='ltr'><strong>ι</strong></span> <span class='ocrx_word' id='word_1_868' title='bbox 1230 2842 1278 2875; x_wconf 73' lang='grc' dir='ltr'>Ἰς</span> <span class='ocrx_word' id='word_1_869' title='bbox 1301 2843 1354 2879; x_wconf 84' lang='grc' dir='ltr'><strong>γὰρ</strong></span> <span class='ocrx_word' id='word_1_870' title='bbox 1377 2843 1521 2877; x_wconf 83' lang='grc' dir='ltr'>ἀναγγελεῖ</span> <span class='ocrx_word' id='word_1_871' title='bbox 1541 2843 1575 2869; x_wconf 72' lang='grc' dir='ltr'><strong>τὰ</strong></span> <span class='ocrx_word' id='word_1_872' title='bbox 1597 2842 1626 2876; x_wconf 79' lang='grc' dir='ltr'><strong>ἐξ</strong></span> <span class='ocrx_word' id='word_1_873' title='bbox 1645 2843 1742 2878; x_wconf 79' lang='grc' dir='ltr'>ἀρχῆς,</span> <span class='ocrx_word' id='word_1_874' title='bbox 1765 2842 1805 2868; x_wconf 81' lang='grc' dir='ltr'>ἵνα</span> <span class='ocrx_word' id='word_1_875' title='bbox 1832 2835 1923 2871; x_wconf 75' lang='grc' dir='ltr'>γνῶμεν</span> 
     </span>
    </p>
   </div>
   <div class='ocr_carea' id='block_1_119' title="bbox 1165 2882 1922 2929">
    <p class='ocr_par' dir='ltr' id='par_1_119' title="bbox 1165 2882 1922 2929">
     <span class='ocr_line' id='line_1_119' title="bbox 1165 2882 1922 2929; baseline -0.009 -12"><span class='ocrx_word' id='word_1_876' title='bbox 1165 2888 1211 2917; x_wconf 65' lang='grc' dir='ltr'>καὶ</span> <span class='ocrx_word' id='word_1_877' title='bbox 1226 2888 1260 2916; x_wconf 76' lang='grc' dir='ltr'><strong>τὰ</strong></span> <span class='ocrx_word' id='word_1_878' title='bbox 1287 2889 1449 2929; x_wconf 79' lang='grc' dir='ltr'>ἔμπροσθεν,</span> <span class='ocrx_word' id='word_1_879' title='bbox 1467 2889 1512 2917; x_wconf 67' lang='grc' dir='ltr'>καὶ</span> <span class='ocrx_word' id='word_1_880' title='bbox 1534 2888 1663 2924; x_wconf 60' lang='grc' dir='ltr'>ἐροῦμεν,</span> <span class='ocrx_word' id='word_1_881' title='bbox 1679 2888 1722 2917; x_wconf 72' lang='grc' dir='ltr'>ὅτι</span> <span class='ocrx_word' id='word_1_882' title='bbox 1742 2885 1822 2922; x_wconf 71' lang='grc' dir='ltr'>ἀληθῆ</span> <span class='ocrx_word' id='word_1_883' title='bbox 1843 2882 1922 2926; x_wconf 41' lang='lat' dir='ltr'><strong>iam;</strong></span> 
     </span>
    </p>
   </div>
  </div>
