2044 3215
123 169 179 199 58$

580 168 831 198 COMMENTARIA
852 169 885 197 IN
905 170 1032 200 iSAIAM.
1052 186 1086 192 —
1105 170 1180 199 CAP.
1201 171 1280 200 XLII.

1680 179 1734 209 386

121 229 172 257 οὐκ
193 227 265 256 ἐστιν
288 229 303 255 ὁ
323 227 473 264 προλέγων,
501 227 562 255 οὐδὲ
588 229 603 255 ό
625 228 731 255 ἀκούων
755 228 831 264 ὑμῶν
846 229 901 261 τοὺς

960 229 1083 262 fuerunt,
1096 235 1123 258 et
1136 230 1257 258 dicamus
1272 238 1333 259 vera
1355 233 1431 261 esse?
1447 241 1500 262 non
1514 239 1555 263 est
1569 236 1614 271 qui
1638 240 1734 272 praedia

122 274 228 308 λόγους.
265 284 275 300 ι
307 274 409 309 Διπλῆν
428 274 485 309 ἔχει
512 274 643 307 διάνοιαν,
660 274 697 306 ὼς
721 275 788 310 μήτε
816 275 905 303 αὐτῶν

122 320 239 355 ἐχόντων
256 319 349 353 λόγον,
367 319 412 346 διὰ
424 319 455 346 τὸ
483 319 565 355 μηδὲν
587 319 724 352 δύνασθαι,
748 321 815 356 μήτε
839 320 906 347 εἰδέ-

121 375 177 397 ναι,
203 366 272 401 μήτε
285 366 339 393 τῶν
359 365 442 392 πάλαι
466 366 529 402 περὶ
553 366 622 393 αὐτὰ
638 366 820 402 πλανωμένων
843 367 905 393 ἐπι-

123 411 259 446 μενόντων
274 412 307 446 τῇ
329 411 434 447 πλάνῃ’
451 411 632 447 ὡφελημένων
656 411 687 438 δὲ
706 412 758 439 ὑπὸ
781 412 828 439 τοῦ
857 413 906 448 τῆς

121 456 252 491 ἀληθείας
281 457 371 491 λόγου,
388 457 426 489 ὡς
455 456 552 493 μηκέτι
577 457 690 489 ἐκείνοις
707 458 834 493 παρέχειν
855 458 904 490 τὰς

120 502 215 534 ἀκοὰς,
226 502 269 528 διὰ
280 502 309 529 τὸ
319 502 570 537 κατεγνωκέναιτῆς
586 503 703 534 παλαιᾶς
718 504 834 539 ἀπάτης.

160 602 169 619 ι
194 592 291 628 Ἀρχὴν
313 591 381 619 Σιὼν
395 592 482 624 δώσω,
513 593 559 619 καὶ
582 593 756 630 Ἰερουσαλὴμ
779 599 904 630 ’παρακα-

119 638 190 666 λέσω
202 639 242 670 εἰς
255 638 324 665 ὁδόν.
341 647 350 664 t
372 639 404 665 Ὃ
420 638 493 673 λέγει
507 639 625 667 τοιοῦτόν
647 641 721 667 ἐστι’
744 641 903 676 Γινώσκετε,

120 682 143 711 ὦ
165 685 314 720 ἄνθρωποι,
328 685 365 717 ὡς
381 685 412 720 τῇ
440 684 585 720 Ἐκκλησία
596 687 629 721 τῇ
646 686 709 721 ἐμῇ,
735 687 767 721 τῇ
795 687 840 713 καὶ
861 686 905 713 διὰ

119 731 174 758 τῶν
190 730 342 766 ἔμπροσθεν
361 730 541 766 ὠνομασμένη
562 730 630 757 Σιὼν
650 731 696 758 καὶ
717 731 903 768 Ἰερουσαλὴμ,

119 777 202 809 αὐτὸς
216 776 269 811 ἐγὼ
279 776 356 803 δώσω
369 776 416 812 τὴν
444 776 514 803 κατὰ
528 777 635 804 πάντων
655 778 752 814 ἀρχὴν,
783 779 830 805 καὶ
854 779 904 815 τὴν

126 824 289 859 Ἐκκλησίαν
307 832 357 860 μου
379 822 569 859 παρακαλέσω,
591 824 638 851 καὶ
660 824 734 860 θήσω
755 824 838 861 αὐτὴν
864 826 903 857 εἰς

117 871 189 898 ὁδόν.

135 931 145 939 .
157 925 166 941 ι
184 912 251 941 Ἂπδ
280 915 332 949 γὰρ
347 915 401 942 τῶν
420 915 504 943 ἐθνῶν
523 915 576 942 ἰδοὺ
589 914 690 946 οὐδείς’
713 914 760 941 καὶ
781 914 835 941 ἀπὸ
850 914 904 940 τῶν

118 961 236 988 εἰδώλων
250 961 338 987 αὐτῶν
353 961 402 987 οὐκ
414 959 448 997 ἦν
461 962 475 988 ό
491 960 672 995 ἀναγγέλλων.
696 959 750 986 Καὶ
764 959 812 986 ἐὰν
834 961 903 995 ἐρωε-

117 1008 194 1043 τήσω
217 1007 325 1039 αὐτοὺς,
353 1007 437 1034 Πόθεν
460 1007 536 1036 ἐστές
558 1006 587 1032 οὐ
605 1006 642 1041 μὴ
658 1005 825 1041 ἀποκριθῶσί
847 1014 901 1041 μοι.

114 1053 179 1080 Elei
195 1053 250 1089 γὰρ
261 1053 285 1079 oi
302 1052 438 1084 ποιοῦντες
452 1053 533 1088 ὑμᾶς,
544 1052 590 1079 καὶ
609 1051 696 1087 μάτην
711 1053 734 1078 οἱ
750 1050 903 1083 πλανῶντες

119 1099 201 1134 ὑμᾶς.
223 1108 232 1125 ι
256 1098 440 1134 Ὴλέγχθησαν
452 1099 517 1133 γοῦν
538 1099 568 1126 τδ
581 1098 664 1134 μηδὲν
686 1097 771 1129 ὄντες,
787 1097 834 1124 καὶ
859 1097 904 1124 διὰ

117 1145 197 1172 τοῦτο
212 1145 293 1181 μηδὲν
306 1144 447 1180 δυνάμενοι
457 1153 463 1160 ”
480 1144 520 1171 διὸ
546 1145 592 1171 καὶ
608 1144 655 1171 ἐὰν
671 1144 836 1180 ἐπερωτήσω
855 1144 903 1171 αὺι

115 1192 180 1222 τοὺς
196 1190 292 1217 ὁπόθεν
304 1188 368 1222 εἷεν,
384 1189 469 1220 οὐδεὶς
483 1189 571 1215 αὐτῶν
583 1189 726 1224 ἀπόκρισιν
738 1187 826 1215 δώσει.

370 1235 567 1262 ΚΕΦΑΛΑΙΟΝ
585 1234 650 1262 MB'.

156 1291 165 1307 ι
191 1281 291 1308 Ἰακὼὸ
307 1282 321 1307 ό
336 1282 400 1312 παῖς
407 1290 473 1316 μου,
491 1279 668 1315 ἁντιλήψομαι
681 1278 763 1306 αὐτοῦ
776 1287 782 1293 ·
797 1276 903 1314 Ἰσραὴλ

110 1329 132 1355 ’ὸ
143 1328 270 1359 ἐκλεκτός
288 1336 349 1362 μου,
372 1326 550 1362 προσεδέξατο
563 1326 642 1353 αὑτὸν
659 1326 676 1361 ἡ
691 1325 761 1360 ψυχή
777 1333 837 1360 μου.
854 1324 902 1350 Ἔ-

117 1374 190 1401 item
203 1373 233 1399 τὸ
246 1373 355 1408 Πνεῦμα
373 1381 422 1408 μου
437 1373 479 1398 ἐπ’
495 1371 584 1399 αὐτόν.
606 1381 615 1397 ι
631 1370 728 1407 Εὖροις
741 1371 763 1397 δ’
774 1369 807 1396 ἂν
816 1368 902 1396 ταῦτα

119 1420 224 1454 συνῳδὰ
236 1420 292 1451 τοῖς
308 1419 350 1446 διὰ
373 1418 427 1445 τῶν
450 1417 602 1453 ἔμπροσθεν
616 1418 678 1453 περὶ
704 1417 751 1443 τοῦ
772 1417 805 1443 ἐκ
826 1415 902 1452 ῥίζης

124 1466 223 1492 Ἰεσσαὶ
247 1464 474 1500 προελευσομένου
495 1463 727 1499 τεθεσπισμένοις.
761 1462 902 1494 Ἐκλεκτὺς

117 1512 147 1538 δέ
163 1511 250 1537 οὐκέθ’
267 1510 366 1546 ὁμοίως
378 1512 433 1541 τοῖς
445 1510 601 1541 ἀποστόλοις
611 1518 617 1525 ·
635 1509 729 1544 ἐπειδὴ
743 1509 815 1544 μόνῳ
827 1507 900 1543 αὑτῷ

117 1556 240 1582 λέλεκται
250 1555 289 1588 τὸ,
307 1565 317 1580 ‹
339 1556 386 1581 Ὃν
400 1555 524 1590 ᾑρέτισεν
537 1555 553 1589 ἡ
571 1554 643 1589 ψυχή
662 1563 711 1589 μου
724 1562 729 1568 ·
752 1563 761 1579 ι
775 1552 842 1579 ἀλλὰ
854 1553 901 1579 καὶ

117 1602 147 1629 τὸ
160 1601 265 1637 πνεῦμα
276 1601 322 1628 τοῦ
335 1601 400 1627 Θεοῦ
416 1601 461 1627 ἐπὶ
478 1600 556 1635 μόνον
576 1599 655 1626 αὑτὸν
672 1599 896 1626 ἐπαναπαύσατο·

119 1657 129 1673 ι
153 1648 196 1673 Ὲν
215 1646 288 1682 αὐτῷ
304 1646 358 1682 γὰρ
382 1646 524 1681 κατῴκησε
553 1645 605 1671 πᾶν
639 1644 668 1671 τὸ
691 1644 827 1680 πλήρωμα
848 1645 899 1679 τῆς

117 1692 240 1728 θεότητος
254 1691 425 1727 σωματικῶς.
444 1701 453 1717 ›
469 1691 567 1727 Διόπερ
582 1690 619 1722 ὡς
637 1690 715 1726 μόνος
726 1691 856 1726 χωρήσας
867 1691 898 1717 τὺ

118 1738 228 1773 Πνεῦμα
240 1739 270 1764 τὸ
282 1737 421 1774 πατρικὸν,
435 1736 468 1763 τὰ
483 1735 544 1771 ἑξῆς
561 1737 647 1763 πάντα
658 1735 811 1771 ἐργάζεται,
820 1735 900 1770 ἐξαγδ

121 1784 218 1819 ίέλλων
232 1784 265 1810 τὰ
280 1784 344 1820 περὶ
361 1783 410 1819 τῆς
425 1782 570 1817 καθολικῆς
585 1781 699 1817 κρίσεως
714 1783 769 1813 τοῖς
783 1781 898 1813 ἔθνεσιν,

117 1831 155 1861 εἰς
173 1829 204 1855 τὺ
220 1827 473 1864 παρασκευάζεσθαι
494 1828 556 1858 τοὺς
574 1827 676 1859 πάντας
701 1827 740 1859 είς
763 1827 812 1864 τὴν
835 1826 897 1862 μέλ·-

117 1875 218 1901 λουςαν
231 1874 277 1901 τοῦ
293 1874 358 1901 Θεοῦ
371 1875 470 1910 κρίσιν.

156 1928 166 1945 ι
182 1919 219 1946 Οὐ
248 1919 418 1955 κεκράξεται,
433 1920 491 1946 οὐδὲ
508 1919 612 1954 ἀνήσει,
625 1918 684 1945 οὐδὲ
702 1917 897 1953 ἀκουσθήσεται

117 1966 169 1998 εξω
188 1967 205 2001 ἡ
225 1966 299 2001 φωνὴ
311 1965 391 1992 αὑτοῦ
403 1974 409 1981 σ
422 1966 540 2001 κάλαμον
554 1964 734 2000 τεθλασμένον
749 1965 779 1991 οὗ
793 1965 899 2000 συντρί-

118 2012 224 2047 paraui.
241 2012 312 2038 λίνον
326 2012 520 2047 καπνιζόμενον
537 2012 566 2038 οὐ
579 2011 684 2038 σϐέσει·
698 2011 764 2037 ἀλλὰ
779 2011 818 2042 είς
834 2010 900 2046 ἀλή-

118 2057 191 2084 θειαν
205 2056 301 2089 ἐξοίσει
324 2057 423 2093 κρίσιν.
447 2067 455 2082 ι
482 2057 599 2092 Σὺνηθες
619 2058 652 2092 τῇ
676 2055 736 2092 θεία
751 2056 845 2092 Γραφῇ
861 2056 900 2096 τῷ

120 2103 165 2138 τῆς
177 2103 266 2137 ψυχῆς
284 2103 386 2138 δμματι
406 2102 592 2138 καταχρᾶσθαι
607 2103 652 2128 ἐπὶ
665 2102 711 2128 τοῦ
728 2102 794 2128 Θεοῦ
805 2110 811 2116 ”
839 2102 900 2128 ἐπεὶ

117 2149 162 2175 καὶ
178 2149 269 2180 πόδας,
280 2149 326 2175 καὶ
338 2150 441 2183 χεῖρας,
454 2149 500 2174 καὶ
513 2148 668 2180 δακτύλους,
682 2148 728 2175 καὶ
744 2147 900 2183 ὀφθαλμοὺς

118 2194 183 2221 Θεοῦ
201 2193 294 2221 εἴωθεν
305 2193 543 2229 ἀνθρωπινώτερον
561 2194 753 2229 προφέρεσθαι.
771 2193 839 2229 Περὶ
851 2193 899 2219 αὑ-

121 2240 162 2266 τοῦ
174 2240 202 2266 δὲ
215 2239 261 2265 τοῦ
273 2239 397 2275 ’Χριστοῦ
414 2238 498 2265 ταῦτα
513 2239 638 2273 λέγεται,
662 2239 809 2274 ἐπειδήπερ
832 2238 898 2274 ἡσύ-

118 2295 171 2322 χως
186 2286 233 2312 καὶ
254 2286 348 2320 πράως
364 2285 410 2311 τὴν
434 2284 600 2320 ἀνθρώπινον
626 2284 748 2311 διώδευσε
774 2284 840 2319 βίον,
863 2284 900 2316 ὼς

118 2332 187 2368 μηδὲ
196 2333 252 2363 τοῖς
264 2332 308 2357 ὑπ’
325 2331 407 2357 αὐτοῦ
422 2330 647 2366 θεραπευομένοις
655 2331 810 2365 ἐπιτρέπειν
820 2330 902 2356 αὐτὸν

117 2378 232 2413 φανερὸν
248 2379 334 2403 ποιεῖν
344 2378 399 2408 τοῖς
417 2378 498 2403 πᾶσιν
510 2385 518 2392 ν
532 2376 603 2403 οὕτω
615 2376 681 2411 γὰρ,
692 2376 782 2411 φησὶν,
798 2375 902 2410 ἀψοφη-

117 2423 142 2449 τὶ
157 2423 204 2449 καὶ
215 2421 322 2457 ἡσύχως
333 2422 497 2449 διελεύσεται
512 2421 558 2448 τὸν
572 2423 600 2448 ἐν
614 2420 765 2457 ἀνθρώποις
784 2421 849 2456 βίον,
864 2419 902 2452 ὡς

118 2469 186 2504 μηδέ
200 2468 245 2494 τὸν
256 2468 370 2503 τυχόντα
383 2467 523 2504 ἄνθρωπον
537 2467 653 2502 λυπῆσαι
671 2467 716 2494 τὸν
732 2467 838 2494 πάντων
852 2476 902 2493 τα-

117 2513 292 2550 πεινώτερον,
309 2514 356 2540 κα¹ι
369 2513 571 2549 ἀσθενέστερον,
589 2512 703 2548 καλάμῳ
714 2513 756 2539 διὰ
773 2512 803 2538 τὸ
822 2512 901 2539 ἀσθε-

117 2560 161 2592 νὲς
172 2560 382 2594 ἀπεικασμένον.
405 2559 481 2586 Λίνον
494 2560 523 2586 δὲ
544 2559 693 2595 τυφόμενον
709 2559 796 2589 εἴποις
813 2559 846 2585 ἂν
860 2556 900 2585 εἴ·

117 2614 162 2632 ναι
179 2605 224 2632 τὸν
238 2606 298 2640 είκῆ
316 2605 504 2640 φυσιούμενον,
520 2606 572 2632 ὑπὸ
583 2605 629 2632 τοῦ
645 2605 703 2636 νοὸς
719 2605 769 2640 τῆς
800 2605 900 2641 σαρκὸς

118 2652 200 2679 αὑτοῦ
219 2652 372 2688 ἐπηρμένον
389 2652 435 2679 καὶ
446 2652 644 2687 τετυφωμένον,
659 2652 687 2678 ὃν
711 2651 741 2678 οὐ
757 2651 898 2684 κωλύσειν,

119 2698 180 2725 οὐδὲ
197 2698 311 2725 παύσειν
340 2697 448 2732 ἐλέγετο
464 2697 510 2724 τοῦ
527 2698 685 2733 ἐπάρματος
700 2699 713 2724 ὁ
730 2697 897 2733 προεξητευό-

120 2752 209 2779 μενος.
231 2744 262 2770 '0
275 2744 307 2780 δὴ
324 2744 372 2770 καὶ
387 2744 460 2780 ἔργῳ
475 2743 591 2779 ἐπλήρου
606 2745 620 2770 ὁ
634 2744 749 2779 Χριστὸς
762 2743 899 2779 ἐπιδημῶν

119 2790 157 2826 τῷ
184 2789 274 2826 θνητῷ
292 2790 354 2826 βίῳη
382 2790 443 2817 οὔτε
458 2787 505 2817 οὖν
520 2789 645 2816 ταπεινόν
659 2798 717 2816 τινα
735 2789 781 2816 καὶ
800 2789 898 2824 ἀσθενῆ

171 2889 194 2905 ’⁸
209 2888 301 2921 Col.u,
315 2889 342 2917 9.

956 280 1009 308 cat,
1024 283 1110 311 neque
1131 277 1176 311 qui
1194 277 1286 304 audiat
1300 284 1438 306 sermones
1450 285 1565 308 vestros.
1576 290 1586 307 ι
1607 281 1668 309 Haec
1685 283 1736 310 du-

956 321 1016 356 plici
1041 330 1115 350 more
1134 322 1247 358 intelligi
1271 329 1395 358 possunt;
1415 329 1443 352 ut
1464 333 1552 359 neque
1574 326 1610 354 illi
1633 335 1736 357 sermo-

956 375 1026 398 nem.
1041 375 1120 403 quem
1136 368 1284 403 proferant,
1301 368 1430 402 haheant,
1443 371 1516 405 quod
1538 371 1605 398 nihil
1619 373 1736 407 valeant,

955 412 1074 447 nihilque
1096 413 1202 445 sciant;
1228 420 1314 448 neque
1331 413 1380 447 illi,
1395 415 1458 442 olim
1479 416 1519 443 his
1541 416 1566 443 in
1591 417 1671 445 rebus
1691 425 1736 445 er-

955 463 1056 490 rantes,
1070 458 1097 485 in
1114 465 1207 486 errore
1221 463 1363 492 maneant;
1379 460 1426 487 sed
1443 461 1525 488 verbo
1548 462 1670 489 veritatis
1689 462 1737 490 ad-

953 503 1016 538 iuti,
1030 504 1186 531 nullatenus
1198 504 1264 538 ipsis
1276 512 1355 532 aures
1370 508 1515 540 prrebeant,
1529 507 1599 542 quod
1616 508 1736 543 prisoum

954 557 1074 578 errorem
1087 550 1310 585 deprehenderint
1322 555 1349 578 et
1362 552 1525 580 damnarint.

993 595 1071 624 Vsus.
1084 595 1128 623 27.
1148 605 1158 622 ι
1174 595 1356 630 Principatum
1372 596 1436 624 Sion
1451 597 1530 631 dabo,
1544 604 1572 626 et
1584 598 1734 628 Jerusalem

951 642 1113 670 consolabor
1128 642 1153 669 in
1169 642 1222 669 via.
1237 651 1246 668 ι
1258 640 1320 669 Haec.
1333 647 1374 669 est
1391 643 1453 670 dicti
1471 645 1623 673 sententia:
1643 646 1733 675 Heusl

954 692 1002 715 Vos
1031 688 1162 722 homines,
1186 687 1336 722 agnoscite,
1363 695 1405 715 me
1422 688 1547 717 Ecclesia:
1568 699 1651 724 mete,
1677 700 1735 727 qua

951 734 1028 768 prius
1047 733 1112 761 Sion
1131 739 1158 761 et
1178 733 1327 761 Jerusalem
1351 739 1445 761 vocata
1464 734 1525 767 fuit,
1552 737 1734 772 principatum

955 779 981 806 in
1000 787 1093 806 omnes
1116 780 1239 807 daturum
1255 787 1323 812 esse.
1347 788 1378 807 ac
1402 779 1551 808 Ecclesiam
1568 790 1653 810 meam
1670 791 1735 811 con-

953 825 1103 853 solaturum
1119 825 1320 862 posituramque
1336 826 1360 853 in
1378 826 1430 853 via.

920 904 940 932 Β
991 914 1071 943 Vens.
1084 916 1129 948 28,
1146 916 1191 944 29.
1211 925 1220 942 ι
1233 917 1252 944 Α
1270 916 1390 951 gentibus
1406 917 1479 944 enim
1494 925 1558 946 ecce
1580 918 1669 947 nullus
1684 923 1734 952 est.

953 967 981 990 et
994 963 1027 990 de
1050 963 1129 990 idolis
1148 970 1239 990 earum
1266 971 1320 990 non
1334 967 1391 990 erat
1407 964 1451 998 qui
1468 965 1647 993 aununtiaret.
1664 965 1696 993 Et
1713 965 1736 993 si

953 1008 1154 1041 interrogavere
1170 1016 1227 1040 eos,
1246 1007 1322 1035 Unde
1341 1008 1430 1036 estis?
1459 1017 1512 1038 non
1537 1011 1735 1045 respondebunt

953 1052 1030 1080 mihi.
1046 1052 1113 1080 Sunt
1127 1053 1197 1080 enim
1210 1052 1254 1087 qui
1269 1051 1371 1079 facitmt
1384 1057 1410 1079 et
1426 1052 1471 1087 qui
1492 1053 1592 1081 frustra
1604 1054 1735 1082 seducunt

952 1103 1010 1125 vos.
1024 1107 1033 1124 ι
1054 1097 1126 1125 Nihil
1141 1106 1188 1126 eos
1209 1106 1281 1131 esse,
1294 1103 1321 1125 et
1338 1098 1397 1125 ideo
1415 1098 1480 1125 nihil
1497 1106 1589 1134 posse,
1613 1107 1735 1134 compro-

952 1142 1042 1169 batum
1068 1147 1132 1170 est:
1155 1151 1240 1178 quare
1267 1143 1289 1170 si
1314 1143 1517 1178 interrogavere
1534 1151 1580 1171 eos
1601 1145 1735 1172 undenam

953 1188 1016 1220 siut,
1030 1195 1122 1216 eorum
1141 1196 1221 1216 nemo
1238 1189 1420 1223 respondebit.

1240 1234 1352 1262 CAPUT
1374 1234 1452 1262 XLII.

989 1277 1070 1306 Vens.
1086 1279 1112 1306 l.
1131 1275 1240 1306 «Jacob
1268 1286 1336 1313 puer
1362 1287 1456 1313 tuens,
1483 1279 1627 1315 suscipiam
1650 1287 1734 1309 eum:

952 1325 1034 1352 Israel
1048 1325 1150 1352 electus
1165 1331 1252 1357 meus,
1267 1326 1385 1360 suscepit
1399 1333 1460 1352 eum
1479 1325 1567 1353 anima
1585 1334 1653 1354 mea.
1670 1325 1735 1355 Dedi

954 1369 1082 1406 Spiritum
1100 1378 1187 1397 meum
1208 1378 1289 1405 super
1305 1379 1401 1398 eum.)
1420 1371 1481 1399 ii:ec
1504 1379 1623 1400 consona
1642 1374 1735 1408 depre-

954 1416 1053 1443 hendas
1069 1415 1113 1447 iis,
1127 1423 1186 1450 quae
1198 1416 1322 1450 superius
1336 1416 1368 1443 de
1383 1423 1426 1448 eo,
1439 1417 1483 1449 qui
1498 1424 1530 1444 ex
1547 1418 1636 1445 radice
1649 1417 1735 1447 Iessa'.

952 1462 1108 1496 proditurus
1128 1466 1205 1495 erat,
1234 1461 1460 1496 przcnuntiautur.
1488 1462 1597 1490 Electus
1621 1469 1710 1492 autem
1725 1485 1734 1499 ,

953 1514 1005 1534 non
1029 1507 1100 1534 sicut
1121 1507 1251 1542 apostoli,
1275 1507 1491 1542 quandoquidem
1513 1509 1546 1535 de
1567 1508 1613 1536 illo
1631 1514 1735 1537 tantum

952 1552 1060 1585 dicitur.
1085 1561 1094 1579 ι
1110 1552 1196 1586 Elegit
1220 1558 1281 1580 eum
1307 1553 1395 1580 anima
1419 1561 1494 1586 mea;
1510 1563 1519 1580 ›
1538 1561 1630 1581 verum
1654 1556 1735 1583 etiam

952 1596 1070 1632 Spiritus
1089 1598 1133 1625 Dei
1158 1598 1184 1625 in
1202 1599 1259 1633 ipso
1274 1598 1331 1626 solo
1348 1599 1500 1634 requievit:
1519 1599 1545 1626 in
1568 1599 1615 1626 illo
1636 1600 1735 1635 quippe

952 1643 1110 1670 «habitavit
1134 1644 1222 1670 omnis
1245 1643 1383 1679 plenitudo
1411 1644 1558 1671 divinitatis
1586 1645 1736 1680 corporali-

951 1688 1046 1715 ter".t
1060 1689 1252 1722 Quamobrem,
1266 1690 1352 1724 utqui
1365 1690 1437 1717 solus
1452 1694 1591 1726 paternum
1605 1690 1735 1726 Spiritum

950 1734 976 1761 in
1001 1741 1031 1762 se
1048 1734 1190 1769 receperit,
1211 1736 1300 1762 omnia
1322 1736 1372 1763 sub
1400 1736 1456 1763 haec
1477 1740 1599 1763 enarrata
1623 1736 1735 1770 peragit,

949 1781 1073 1815 gentibus
1097 1782 1260 1809 annuntians
1283 1789 1330 1814 ea,
1350 1789 1409 1816 quae
1431 1782 1464 1810 ad
1490 1782 1554 1810 illud
1582 1782 1733 1810 universale

948 1827 1077 1861 judicium
1097 1827 1243 1862 pertinent,
1257 1831 1286 1855 ut
1299 1835 1394 1855 omnes
1410 1829 1442 1854 ad
1459 1827 1578 1855 futurum
1595 1827 1642 1855 Dei
1661 1828 1735 1863 judi<

950 1873 1020 1900 cium
1037 1878 1177 1908 prmparet.

987 1918 1135 1952 \’sns.2,5.
1157 1928 1167 1944 ι
1185 1918 1241 1946 Non
1260 1919 1404 1949 clamabit.
1429 1926 1513 1954 neque
1533 1919 1665 1952 dimittet,
1690 1926 1734 1946 ne-

950 1972 1003 1999 que
1024 1966 1148 1992 audietur
1166 1965 1230 1992 loris
1249 1972 1299 1991 vox
1318 1965 1397 1999 ejus:
1415 1966 1547 1992 calamum
1570 1973 1735 2000 conquassa-

952 2016 1007 2039 tum
1030 2020 1082 2039 non
1102 2017 1232 2044 conteret,
1248 2017 1274 2039 et
1296 2013 1379 2038 linttm
1398 2012 1533 2047 l'umigans
1555 2019 1606 2039 non
1631 2013 1735 2039 exstin-

952 2062 1030 2093 guet;
1047 2058 1094 2084 sed
1114 2057 1139 2084 in
1162 2058 1278 2084 veritate
1300 2055 1368 2084 feret
1382 2057 1510 2091 judicium
1535 2067 1543 2083 I
1564 2057 1637 2084 Solet
1660 2058 1735 2084 Scri-

953 2109 1029 2137 ptura
1046 2103 1134 2129 divina
1152 2103 1250 2130 mentis
1270 2102 1348 2129 oculo
1366 2103 1415 2136 uti,
1438 2109 1498 2129 cum
1523 2103 1555 2129 de
1573 2102 1626 2129 Deo
1644 2102 1731 2136 loqui-

953 2153 1013 2175 tur:
1027 2148 1244 2183 quandoquidem
1264 2149 1355 2182 pedes,
1373 2155 1478 2181 mauus,
1493 2149 1591 2183 digitos
1603 2153 1631 2175 ct
1644 2148 1736 2175 oculos

953 2193 998 2220 Dei
1014 2194 1084 2221 solet
1099 2194 1216 2221 humano
1233 2200 1306 2220 more
1321 2193 1453 2228 proferre.
1472 2193 1508 2220 De
1522 2193 1630 2220 Christo
1644 2199 1734 2220 autem

916 2246 938 2274 Ι)
953 2239 1010 2266 haec
1026 2239 1085 2267 ideo
1098 2240 1234 2271 dicuntur,
1256 2240 1316 2274 quia
1338 2239 1381 2267 ille
1397 2240 1501 2274 placide
1518 2244 1546 2266 et
1567 2241 1658 2274 quiete
1683 2239 1735 2266 hu-

955 2292 1060 2312 manam
1077 2293 1203 2313 emensus
1221 2291 1262 2312 est
1277 2285 1375 2318 vitam,
1393 2285 1428 2312 ita
1446 2289 1474 2311 ut
1490 2292 1522 2312 ne
1545 2285 1597 2312 illis
1613 2285 1732 2319 quidem,

954 2332 1030 2366 queis
1068 2332 1199 2359 medelam
1243 2333 1350 2364 attulit.
1383 2332 1552 2366 permitteret
1584 2335 1612 2357 ιιι
1647 2331 1733 2365 ipsqu

954 2379 1078 2406 omnibus
1092 2378 1179 2414 palam
1196 2379 1326 2407 facerent.
1349 2378 1439 2413 Usque
1454 2378 1530 2409 adeo.
1553 2377 1652 2412 inquit,
1675 2377 1734 2404 sine

955 2425 1066 2460 strepitu
1096 2433 1126 2454 ac
1151 2426 1241 2460 quiete
1267 2426 1413 2452 humanam
1443 2425 1573 2457 transiget
1596 2423 1690 2455 vitam,
1705 2427 1755 2461 ut_

955 2478 989 2498 ne
1008 2471 1049 2498 vel
1067 2471 1178 2498 minimo
1200 2479 1232 2498 ex
1257 2471 1411 2498 hominibus
1447 2470 1596 2497 molestiam
1629 2470 1732 2504 pariat,

953 2517 1057 2544 etiamsi
1074 2516 1118 2544 ille
1133 2517 1300 2544 humillimus
1311 2521 1339 2544 et
1357 2516 1536 2544 debilissimus
1550 2514 1667 2541 omnium
1682 2514 1733 2546 sit,

954 2569 986 2588 ac
1002 2561 1193 2589 imbecillitatis
1211 2570 1292 2590 causa
1314 2562 1417 2589 calamo
1439 2566 1620 2596 comparetur.
1636 2560 1732 2588 Liutun

954 2615 1017 2634 vero
1039 2608 1172 2643 lumigans
1191 2608 1292 2636 dixeris
1304 2616 1365 2635 cuin
1379 2615 1450 2640 esse,
1473 2608 1517 2642 qui
1538 2612 1627 2634 mente
1643 2607 1734 2632 carnis

954 2660 1008 2680 stite
1028 2653 1124 2686 elatus,
1142 2658 1242 2681 temere
1257 2653 1375 2686 inﬂatur,
1389 2661 1469 2688 quem
1493 2661 1545 2680 non
1562 2653 1595 2679 ab
1617 2652 1734 2679 elatione

954 2699 1120 2727 cohibiturus
1133 2708 1192 2727 esse
1213 2700 1311 2727 dicitur
1325 2701 1357 2732 is,
1378 2700 1423 2734 qui
1445 2700 1470 2726 in
1486 2699 1627 2734 prophetia
1647 2705 1733 2725 enun-

953 2745 1045 2772 tiatur.
1066 2744 1149 2780 quue
1171 2752 1235 2772 sane
1256 2745 1381 2772 Christus
1405 2745 1431 2771 in
1456 2743 1562 2771 mortali
1583 2745 1635 2770 vita
1656 2750 1734 2778 pere-

953 2790 1085 2825 grinatus,
1105 2797 1186 2825 opere
1212 2789 1354 2824 complevit
1375 2797 1484 2825 :neque
1507 2790 1578 2816 cnim
1604 2789 1732 2817 humilem
