  <div class='ocr_page' id='page_1' title='image "/cluster/home/n/w/nwhite01/storage/ocr_20150623/24/njp.32101077772513/201.png"; bbox 0 0 2044 3215; ppageno 0'>
   <div class='ocr_carea' id='block_1_1' title="bbox 319 172 370 200">
    <p class='ocr_par' dir='ltr' id='par_1_1' title="bbox 319 172 370 200">
     <span class='ocr_line' id='line_1_1' title="bbox 319 172 370 200; baseline -0.02 0"><span class='ocrx_word' id='word_1_1' title='bbox 319 172 370 200; x_wconf 73' lang='lat'><strong>881</strong></span> 
     </span>
    </p>
   </div>
   <div class='ocr_carea' id='block_1_2' title="bbox 668 167 1592 198">
    <p class='ocr_par' dir='ltr' id='par_1_2' title="bbox 668 167 1592 198">
     <span class='ocr_line' id='line_1_2' title="bbox 668 167 1592 198; baseline -0.001 -1"><span class='ocrx_word' id='word_1_2' title='bbox 668 169 801 198; x_wconf 79' lang='lat' dir='ltr'><strong>EUSEBII</strong></span> <span class='ocrx_word' id='word_1_3' title='bbox 820 168 1052 198; x_wconf 65' lang='lat' dir='ltr'><strong>CtESAﬂlENSIS</strong></span> <span class='ocrx_word' id='word_1_4' title='bbox 1070 168 1144 197; x_wconf 80' lang='lat' dir='ltr'><strong>OPP.</strong></span> <span class='ocrx_word' id='word_1_5' title='bbox 1165 168 1252 196; x_wconf 75' lang='lat' dir='ltr'><strong>PARS</strong></span> <span class='ocrx_word' id='word_1_6' title='bbox 1271 169 1314 197; x_wconf 87' lang='lat' dir='ltr'><strong>Ill.</strong></span> <span class='ocrx_word' id='word_1_7' title='bbox 1335 184 1369 192; x_wconf 85' lang='lat'><strong>-—</strong></span> <span class='ocrx_word' id='word_1_8' title='bbox 1386 167 1592 196; x_wconf 65' lang='lat' dir='ltr'><strong>EXEGE&#39;HCL</strong></span> 
     </span>
    </p>
   </div>
   <div class='ocr_carea' id='block_1_3' title="bbox 1880 166 1932 195">
    <p class='ocr_par' dir='ltr' id='par_1_3' title="bbox 1880 166 1932 195">
     <span class='ocr_line' id='line_1_3' title="bbox 1880 166 1932 195; baseline 0 0"><span class='ocrx_word' id='word_1_9' title='bbox 1880 166 1932 195; x_wconf 66' lang='grc' dir='ltr'><strong>διε</strong></span> 
     </span>
    </p>
   </div>
   <div class='ocr_carea' id='block_1_4' title="bbox 319 226 1098 272">
    <p class='ocr_par' dir='ltr' id='par_1_4' title="bbox 319 233 1098 272">
     <span class='ocr_line' id='line_1_4' title="bbox 319 233 1098 272; baseline -0.003 -12"><span class='ocrx_word' id='word_1_10' title='bbox 319 234 471 272; x_wconf 78' lang='lat' dir='ltr'><strong>quempiam</strong></span> <span class='ocrx_word' id='word_1_11' title='bbox 493 238 519 259; x_wconf 70' lang='lat' dir='ltr'><strong>et</strong></span> <span class='ocrx_word' id='word_1_12' title='bbox 538 234 606 268; x_wconf 80' lang='lat' dir='ltr'><strong>apud</strong></span> <span class='ocrx_word' id='word_1_13' title='bbox 629 233 751 260; x_wconf 76' lang='lat' dir='ltr'><strong>homines</strong></span> <span class='ocrx_word' id='word_1_14' title='bbox 771 233 906 260; x_wconf 81' lang='lat' dir='ltr'><strong>inﬁrmum</strong></span> <span class='ocrx_word' id='word_1_15' title='bbox 929 233 1098 261; x_wconf 87' lang='lat' dir='ltr'><strong>eoutristavit</strong></span> 
     </span>
    </p>
   </div>
   <div class='ocr_carea' id='block_1_5' title="bbox 1150 226 1932 272">
    <p class='ocr_par' dir='ltr' id='par_1_5' title="bbox 1150 226 1932 264">
     <span class='ocr_line' id='line_1_5' title="bbox 1150 226 1932 264; baseline -0.003 -8"><span class='ocrx_word' id='word_1_16' title='bbox 1150 231 1176 256; x_wconf 77' lang='grc' dir='ltr'><strong>ὲν</strong></span> <span class='ocrx_word' id='word_1_17' title='bbox 1190 229 1342 264; x_wconf 74' lang='grc' dir='ltr'>ἀνθρώποις</span> <span class='ocrx_word' id='word_1_18' title='bbox 1371 229 1513 263; x_wconf 72' lang='grc' dir='ltr'><strong>ἐλύπησεν,</strong></span> <span class='ocrx_word' id='word_1_19' title='bbox 1528 226 1589 254; x_wconf 75' lang='grc' dir='ltr'>οὕτε</span> <span class='ocrx_word' id='word_1_20' title='bbox 1611 227 1670 254; x_wconf 75' lang='grc' dir='ltr'>τινὰ</span> <span class='ocrx_word' id='word_1_21' title='bbox 1691 226 1744 254; x_wconf 81' lang='grc' dir='ltr'><strong>τῶν</strong></span> <span class='ocrx_word' id='word_1_22' title='bbox 1771 227 1932 262; x_wconf 72' lang='grc' dir='ltr'>ἐπηρμένων</span> 
     </span>
    </p>
   </div>
   <div class='ocr_carea' id='block_1_6' title="bbox 319 280 1098 316">
    <p class='ocr_par' dir='ltr' id='par_1_6' title="bbox 319 280 1098 316">
     <span class='ocr_line' id='line_1_6' title="bbox 319 280 1098 316; baseline -0.003 -8"><span class='ocrx_word' id='word_1_23' title='bbox 319 289 448 316; x_wconf 83' lang='lat' dir='ltr'><strong>unquam,</strong></span> <span class='ocrx_word' id='word_1_24' title='bbox 470 288 555 315; x_wconf 78' lang='lat' dir='ltr'><strong>neque</strong></span> <span class='ocrx_word' id='word_1_25' title='bbox 577 281 658 308; x_wconf 91' lang='lat' dir='ltr'><strong>ullum</strong></span> <span class='ocrx_word' id='word_1_26' title='bbox 671 288 703 307; x_wconf 82' lang='lat' dir='ltr'><strong>ex</strong></span> <span class='ocrx_word' id='word_1_27' title='bbox 723 280 911 314; x_wconf 71' lang='lat' dir='ltr'><strong>arrogantibus</strong></span> <span class='ocrx_word' id='word_1_28' title='bbox 925 285 952 306; x_wconf 78' lang='lat' dir='ltr'><strong>et</strong></span> <span class='ocrx_word' id='word_1_29' title='bbox 974 280 1098 314; x_wconf 80' lang='lat' dir='ltr'><strong>superbis</strong></span> 
     </span>
    </p>
   </div>
   <div class='ocr_carea' id='block_1_7' title="bbox 319 325 1098 360">
    <p class='ocr_par' dir='ltr' id='par_1_7' title="bbox 319 325 1098 360">
     <span class='ocr_line' id='line_1_7' title="bbox 319 325 1098 360; baseline -0.001 -6"><span class='ocrx_word' id='word_1_30' title='bbox 319 327 429 354; x_wconf 76' lang='lat' dir='ltr'><strong>adortus</strong></span> <span class='ocrx_word' id='word_1_31' title='bbox 444 331 482 354; x_wconf 81' lang='lat' dir='ltr'><strong>est</strong></span> <span class='ocrx_word' id='word_1_32' title='bbox 497 336 504 353; x_wconf 85' lang='lat'><strong>:</strong></span> <span class='ocrx_word' id='word_1_33' title='bbox 522 327 568 353; x_wconf 86' lang='lat' dir='ltr'><strong>sed</strong></span> <span class='ocrx_word' id='word_1_34' title='bbox 594 334 653 353; x_wconf 70' lang='lat' dir='ltr'><strong>sese</strong></span> <span class='ocrx_word' id='word_1_35' title='bbox 666 327 791 353; x_wconf 88' lang='lat' dir='ltr'><strong>omnibus</strong></span> <span class='ocrx_word' id='word_1_36' title='bbox 807 333 917 360; x_wconf 86' lang='lat' dir='ltr'><strong>prorsus</strong></span> <span class='ocrx_word' id='word_1_37' title='bbox 945 325 1098 353; x_wconf 88' lang='lat' dir='ltr'><strong>hominibus</strong></span> 
     </span>
    </p>
   </div>
   <div class='ocr_carea' id='block_1_8' title="bbox 320 371 1099 400">
    <p class='ocr_par' dir='ltr' id='par_1_8' title="bbox 320 371 1099 400">
     <span class='ocr_line' id='line_1_8' title="bbox 320 371 1099 400; baseline -0.003 0"><span class='ocrx_word' id='word_1_38' title='bbox 320 378 487 400; x_wconf 79' lang='lat' dir='ltr'><strong>mansuetum</strong></span> <span class='ocrx_word' id='word_1_39' title='bbox 507 379 531 399; x_wconf 79' lang='lat' dir='ltr'><strong>et</strong></span> <span class='ocrx_word' id='word_1_40' title='bbox 548 373 673 399; x_wconf 87' lang='lat' dir='ltr'><strong>humilem</strong></span> <span class='ocrx_word' id='word_1_41' title='bbox 692 373 773 400; x_wconf 87' lang='lat' dir='ltr'><strong>corde</strong></span> <span class='ocrx_word' id='word_1_42' title='bbox 790 372 912 399; x_wconf 71' lang='lat' dir='ltr'><strong>exhibuit</strong></span> <span class='ocrx_word' id='word_1_43' title='bbox 926 381 932 399; x_wconf 90' lang='lat'>:</span> <span class='ocrx_word' id='word_1_44' title='bbox 947 379 1006 399; x_wconf 87' lang='lat' dir='ltr'><strong>cum</strong></span> <span class='ocrx_word' id='word_1_45' title='bbox 1027 371 1099 398; x_wconf 86' lang='lat' dir='ltr'><strong>veri-</strong></span> 
     </span>
    </p>
   </div>
   <div class='ocr_carea' id='block_1_9' title="bbox 319 418 1098 452">
    <p class='ocr_par' dir='ltr' id='par_1_9' title="bbox 319 418 1098 452">
     <span class='ocr_line' id='line_1_9' title="bbox 319 418 1098 452; baseline -0.001 -6"><span class='ocrx_word' id='word_1_46' title='bbox 319 424 375 446; x_wconf 78' lang='lat' dir='ltr'><strong>tate</strong></span> <span class='ocrx_word' id='word_1_47' title='bbox 388 424 475 446; x_wconf 79' lang='lat' dir='ltr'><strong>autem</strong></span> <span class='ocrx_word' id='word_1_48' title='bbox 492 424 516 446; x_wconf 88' lang='lat' dir='ltr'><strong>et</strong></span> <span class='ocrx_word' id='word_1_49' title='bbox 538 419 631 446; x_wconf 85' lang='lat' dir='ltr'><strong>ﬁducia</strong></span> <span class='ocrx_word' id='word_1_50' title='bbox 647 420 772 446; x_wconf 85' lang='lat' dir='ltr'><strong>omnibus</strong></span> <span class='ocrx_word' id='word_1_51' title='bbox 788 419 912 452; x_wconf 80' lang='lat' dir='ltr'><strong>aperiens</strong></span> <span class='ocrx_word' id='word_1_52' title='bbox 931 425 974 448; x_wconf 88' lang='lat' dir='ltr'><strong>ea,</strong></span> <span class='ocrx_word' id='word_1_53' title='bbox 989 422 1048 452; x_wconf 61' lang='lat' dir='ltr'><strong>qum</strong></span> <span class='ocrx_word' id='word_1_54' title='bbox 1064 418 1098 445; x_wconf 90' lang='lat' dir='ltr'><strong>ad</strong></span> 
     </span>
    </p>
   </div>
   <div class='ocr_carea' id='block_1_10' title="bbox 319 463 1098 499">
    <p class='ocr_par' dir='ltr' id='par_1_10' title="bbox 319 463 1098 499">
     <span class='ocr_line' id='line_1_10' title="bbox 319 463 1098 499; baseline -0.003 -8"><span class='ocrx_word' id='word_1_55' title='bbox 319 464 366 491; x_wconf 73' lang='lat' dir='ltr'><strong>Dei</strong></span> <span class='ocrx_word' id='word_1_56' title='bbox 381 464 510 498; x_wconf 80' lang='lat' dir='ltr'><strong>judicium</strong></span> <span class='ocrx_word' id='word_1_57' title='bbox 530 465 696 498; x_wconf 82' lang='lat' dir='ltr'><strong>spectabant,</strong></span> <span class='ocrx_word' id='word_1_58' title='bbox 717 471 771 491; x_wconf 89' lang='lat' dir='ltr'><strong>non</strong></span> <span class='ocrx_word' id='word_1_59' title='bbox 790 464 862 499; x_wconf 89' lang='lat' dir='ltr'><strong>prius</strong></span> <span class='ocrx_word' id='word_1_60' title='bbox 880 463 1004 495; x_wconf 78' lang='lat' dir='ltr'><strong>cessavit,</strong></span> <span class='ocrx_word' id='word_1_61' title='bbox 1017 470 1098 498; x_wconf 85' lang='lat' dir='ltr'><strong>quam</strong></span> 
     </span>
    </p>
   </div>
   <div class='ocr_carea' id='block_1_11' title="bbox 319 510 1097 545">
    <p class='ocr_par' dir='ltr' id='par_1_11' title="bbox 319 510 1097 545">
     <span class='ocr_line' id='line_1_11' title="bbox 319 510 1097 545; baseline 0 -9"><span class='ocrx_word' id='word_1_62' title='bbox 319 510 385 538; x_wconf 82' lang='lat' dir='ltr'><strong>lucis</strong></span> <span class='ocrx_word' id='word_1_63' title='bbox 409 510 494 538; x_wconf 77' lang='lat' dir='ltr'><strong>instar</strong></span> <span class='ocrx_word' id='word_1_64' title='bbox 518 510 716 545; x_wconf 86' lang='lat' dir='ltr'><strong>splendesceret</strong></span> <span class='ocrx_word' id='word_1_65' title='bbox 738 516 786 544; x_wconf 87' lang='lat' dir='ltr'><strong>per</strong></span> <span class='ocrx_word' id='word_1_66' title='bbox 817 511 1041 537; x_wconf 78' lang='lat' dir='ltr'><strong>resurrectionem</strong></span> <span class='ocrx_word' id='word_1_67' title='bbox 1064 517 1097 536; x_wconf 81' lang='lat' dir='ltr'><strong>ex</strong></span> 
     </span>
    </p>
   </div>
   <div class='ocr_carea' id='block_1_12' title="bbox 318 555 1098 590">
    <p class='ocr_par' dir='ltr' id='par_1_12' title="bbox 318 555 1098 590">
     <span class='ocr_line' id='line_1_12' title="bbox 318 555 1098 590; baseline -0.001 -8"><span class='ocrx_word' id='word_1_68' title='bbox 318 557 440 587; x_wconf 84' lang='lat' dir='ltr'><strong>mortuis,</strong></span> <span class='ocrx_word' id='word_1_69' title='bbox 461 564 540 590; x_wconf 85' lang='lat' dir='ltr'><strong>quant</strong></span> <span class='ocrx_word' id='word_1_70' title='bbox 557 556 729 590; x_wconf 77' lang='lat' dir='ltr'><strong>propheticus</strong></span> <span class='ocrx_word' id='word_1_71' title='bbox 749 563 838 583; x_wconf 88' lang='lat' dir='ltr'><strong>sermo</strong></span> <span class='ocrx_word' id='word_1_72' title='bbox 858 555 902 582; x_wconf 90' lang='lat' dir='ltr'><strong>his</strong></span> <span class='ocrx_word' id='word_1_73' title='bbox 920 555 1010 582; x_wconf 82' lang='lat' dir='ltr'><strong>verbis</strong></span> <span class='ocrx_word' id='word_1_74' title='bbox 1032 555 1098 582; x_wconf 81' lang='lat' dir='ltr'><strong>sub-</strong></span> 
     </span>
    </p>
   </div>
   <div class='ocr_carea' id='block_1_13' title="bbox 318 601 1098 636">
    <p class='ocr_par' dir='ltr' id='par_1_13' title="bbox 318 601 1098 636">
     <span class='ocr_line' id='line_1_13' title="bbox 318 601 1098 636; baseline -0.001 -7"><span class='ocrx_word' id='word_1_75' title='bbox 318 602 458 633; x_wconf 76' lang='lat' dir='ltr'><strong>lndieavit,</strong></span> <span class='ocrx_word' id='word_1_76' title='bbox 479 611 488 627; x_wconf 71' lang='grc' dir='ltr'><strong>ε</strong></span> <span class='ocrx_word' id='word_1_77' title='bbox 503 602 703 636; x_wconf 78' lang='lat' dir='ltr'><strong>Resplendebit,</strong></span> <span class='ocrx_word' id='word_1_78' title='bbox 723 606 751 629; x_wconf 86' lang='lat' dir='ltr'><strong>et</strong></span> <span class='ocrx_word' id='word_1_79' title='bbox 765 610 817 629; x_wconf 90' lang='lat' dir='ltr'><strong>non</strong></span> <span class='ocrx_word' id='word_1_80' title='bbox 838 607 1003 628; x_wconf 86' lang='lat' dir='ltr'><strong>conteretur.</strong></span> <span class='ocrx_word' id='word_1_81' title='bbox 1018 611 1027 627; x_wconf 78' lang='grc' dir='ltr'><strong>ι</strong></span> <span class='ocrx_word' id='word_1_82' title='bbox 1053 601 1098 628; x_wconf 89' lang='lat' dir='ltr'><strong>Si-</strong></span> 
     </span>
    </p>
   </div>
   <div class='ocr_carea' id='block_1_14' title="bbox 318 646 1100 683">
    <p class='ocr_par' dir='ltr' id='par_1_14' title="bbox 318 646 1100 683">
     <span class='ocr_line' id='line_1_14' title="bbox 318 646 1100 683; baseline 0 -9"><span class='ocrx_word' id='word_1_83' title='bbox 318 649 424 682; x_wconf 79' lang='lat' dir='ltr'><strong>quidem</strong></span> <span class='ocrx_word' id='word_1_84' title='bbox 447 648 520 674; x_wconf 91' lang='lat' dir='ltr'><strong>illum</strong></span> <span class='ocrx_word' id='word_1_85' title='bbox 548 653 688 674; x_wconf 82' lang='lat' dir='ltr'><strong>conterere</strong></span> <span class='ocrx_word' id='word_1_86' title='bbox 710 652 737 675; x_wconf 87' lang='lat' dir='ltr'><strong>ct</strong></span> <span class='ocrx_word' id='word_1_87' title='bbox 760 649 930 683; x_wconf 81' lang='lat' dir='ltr'><strong>exstinguere</strong></span> <span class='ocrx_word' id='word_1_88' title='bbox 959 646 1100 674; x_wconf 81' lang='lat' dir='ltr'><strong>tentabant</strong></span> 
     </span>
    </p>
   </div>
   <div class='ocr_carea' id='block_1_15' title="bbox 319 692 1097 729">
    <p class='ocr_par' dir='ltr' id='par_1_15' title="bbox 319 692 1097 729">
     <span class='ocr_line' id='line_1_15' title="bbox 319 692 1097 729; baseline 0 -9"><span class='ocrx_word' id='word_1_89' title='bbox 319 695 351 726; x_wconf 88' lang='lat' dir='ltr'><strong>ii,</strong></span> <span class='ocrx_word' id='word_1_90' title='bbox 371 695 414 728; x_wconf 85' lang='lat' dir='ltr'><strong>qui</strong></span> <span class='ocrx_word' id='word_1_91' title='bbox 439 702 532 722; x_wconf 86' lang='lat' dir='ltr'><strong>necem</strong></span> <span class='ocrx_word' id='word_1_92' title='bbox 548 692 597 729; x_wconf 82' lang='lat' dir='ltr'><strong>ipsi</strong></span> <span class='ocrx_word' id='word_1_93' title='bbox 612 694 696 721; x_wconf 88' lang='lat' dir='ltr'><strong>moliti</strong></span> <span class='ocrx_word' id='word_1_94' title='bbox 711 699 773 721; x_wconf 89' lang='lat' dir='ltr'><strong>sunt</strong></span> <span class='ocrx_word' id='word_1_95' title='bbox 787 703 793 721; x_wconf 88' lang='lat'>:</span> <span class='ocrx_word' id='word_1_96' title='bbox 810 694 908 721; x_wconf 89' lang='lat' dir='ltr'><strong>etenim</strong></span> <span class='ocrx_word' id='word_1_97' title='bbox 927 694 953 721; x_wconf 92' lang='lat' dir='ltr'><strong>id</strong></span> <span class='ocrx_word' id='word_1_98' title='bbox 970 694 1097 721; x_wconf 87' lang='lat' dir='ltr'><strong>universo</strong></span> 
     </span>
    </p>
   </div>
   <div class='ocr_carea' id='block_1_16' title="bbox 319 741 1099 775">
    <p class='ocr_par' dir='ltr' id='par_1_16' title="bbox 319 741 1099 775">
     <span class='ocr_line' id='line_1_16' title="bbox 319 741 1099 775; baseline -0.001 -8"><span class='ocrx_word' id='word_1_99' title='bbox 319 741 456 767; x_wconf 87' lang='lat' dir='ltr'><strong>hominum</strong></span> <span class='ocrx_word' id='word_1_100' title='bbox 480 741 571 774; x_wconf 79' lang='lat' dir='ltr'><strong>generi</strong></span> <span class='ocrx_word' id='word_1_101' title='bbox 596 745 690 767; x_wconf 85' lang='lat' dir='ltr'><strong>natura</strong></span> <span class='ocrx_word' id='word_1_102' title='bbox 718 741 855 775; x_wconf 87' lang='lat' dir='ltr'><strong>proprium</strong></span> <span class='ocrx_word' id='word_1_103' title='bbox 880 745 937 772; x_wconf 87' lang='lat' dir='ltr'><strong>est,</strong></span> <span class='ocrx_word' id='word_1_104' title='bbox 963 745 993 766; x_wconf 90' lang='lat' dir='ltr'><strong>ut</strong></span> <span class='ocrx_word' id='word_1_105' title='bbox 1012 744 1099 766; x_wconf 87' lang='lat' dir='ltr'><strong>morte</strong></span> 
     </span>
    </p>
   </div>
   <div class='ocr_carea' id='block_1_17' title="bbox 317 784 1098 816">
    <p class='ocr_par' dir='ltr' id='par_1_17' title="bbox 317 784 1098 816">
     <span class='ocr_line' id='line_1_17' title="bbox 317 784 1098 816; baseline -0.001 -5"><span class='ocrx_word' id='word_1_106' title='bbox 317 785 530 812; x_wconf 84' lang='lat' dir='ltr'><strong>conteratur.At</strong></span> <span class='ocrx_word' id='word_1_107' title='bbox 549 793 601 811; x_wconf 88' lang='lat' dir='ltr'><strong>nou</strong></span> <span class='ocrx_word' id='word_1_108' title='bbox 623 784 696 811; x_wconf 92' lang='lat' dir='ltr'><strong>illum</strong></span> <span class='ocrx_word' id='word_1_109' title='bbox 715 793 788 812; x_wconf 88' lang='lat' dir='ltr'><strong>mors</strong></span> <span class='ocrx_word' id='word_1_110' title='bbox 806 785 949 816; x_wconf 82' lang='lat' dir='ltr'><strong>contrivit,</strong></span> <span class='ocrx_word' id='word_1_111' title='bbox 967 785 1014 812; x_wconf 87' lang='lat' dir='ltr'><strong>scd</strong></span> <span class='ocrx_word' id='word_1_112' title='bbox 1030 793 1098 811; x_wconf 91' lang='lat' dir='ltr'><strong>unus</strong></span> 
     </span>
    </p>
   </div>
   <div class='ocr_carea' id='block_1_18' title="bbox 317 831 1098 866">
    <p class='ocr_par' dir='ltr' id='par_1_18' title="bbox 317 831 1098 866">
     <span class='ocr_line' id='line_1_18' title="bbox 317 831 1098 866; baseline 0.001 -9"><span class='ocrx_word' id='word_1_113' title='bbox 317 839 421 862; x_wconf 82' lang='lat' dir='ltr'><strong>eorinn,</strong></span> <span class='ocrx_word' id='word_1_114' title='bbox 436 832 479 865; x_wconf 89' lang='lat' dir='ltr'><strong>qui</strong></span> <span class='ocrx_word' id='word_1_115' title='bbox 493 839 508 858; x_wconf 81' lang='lat' dir='ltr'><strong>a</strong></span> <span class='ocrx_word' id='word_1_116' title='bbox 523 831 620 858; x_wconf 75' lang='lat' dir='ltr'><strong>szerulo</strong></span> <span class='ocrx_word' id='word_1_117' title='bbox 633 831 720 862; x_wconf 78' lang='lat' dir='ltr'><strong>fuere,</strong></span> <span class='ocrx_word' id='word_1_118' title='bbox 738 832 815 857; x_wconf 88' lang='lat' dir='ltr'><strong>morti</strong></span> <span class='ocrx_word' id='word_1_119' title='bbox 835 831 958 866; x_wconf 88' lang='lat' dir='ltr'><strong>superior</strong></span> <span class='ocrx_word' id='word_1_120' title='bbox 978 831 1098 858; x_wconf 72' lang='lat' dir='ltr'><strong>evasisse</strong></span> 
     </span>
    </p>
   </div>
   <div class='ocr_carea' id='block_1_19' title="bbox 318 877 869 912">
    <p class='ocr_par' dir='ltr' id='par_1_19' title="bbox 318 877 869 912">
     <span class='ocr_line' id='line_1_19' title="bbox 318 877 869 912; baseline 0.004 -10"><span class='ocrx_word' id='word_1_121' title='bbox 318 877 376 910; x_wconf 85' lang='lat' dir='ltr'><strong>iure</strong></span> <span class='ocrx_word' id='word_1_122' title='bbox 391 878 540 905; x_wconf 78' lang='lat' dir='ltr'><strong>declaratur</strong></span> <span class='ocrx_word' id='word_1_123' title='bbox 554 886 567 904; x_wconf 85' lang='lat' dir='ltr'><strong>a</strong></span> <span class='ocrx_word' id='word_1_124' title='bbox 583 878 722 912; x_wconf 90' lang='lat' dir='ltr'><strong>prophetia</strong></span> <span class='ocrx_word' id='word_1_125' title='bbox 736 877 842 904; x_wconf 84' lang='lat' dir='ltr'><strong>dicente</strong></span> <span class='ocrx_word' id='word_1_126' title='bbox 861 886 869 904; x_wconf 86' lang='lat'>:</span> 
     </span>
    </p>
   </div>
   <div class='ocr_carea' id='block_1_20' title="bbox 357 923 1098 958">
    <p class='ocr_par' dir='ltr' id='par_1_20' title="bbox 357 923 1098 958">
     <span class='ocr_line' id='line_1_20' title="bbox 357 923 1098 958; baseline 0 -8"><span class='ocrx_word' id='word_1_127' title='bbox 357 923 437 950; x_wconf 77' lang='lat' dir='ltr'><strong>Vens.</strong></span> <span class='ocrx_word' id='word_1_128' title='bbox 453 923 480 950; x_wconf 77' lang='grc'><strong>4.</strong></span> <span class='ocrx_word' id='word_1_129' title='bbox 501 932 510 949; x_wconf 83' lang='grc'><em>‹</em></span> <span class='ocrx_word' id='word_1_130' title='bbox 525 923 732 958; x_wconf 82' lang='lat' dir='ltr'><strong>Respleudebit.</strong></span> <span class='ocrx_word' id='word_1_131' title='bbox 753 928 845 950; x_wconf 88' lang='lat' dir='ltr'><strong>etnon</strong></span> <span class='ocrx_word' id='word_1_132' title='bbox 863 928 1028 956; x_wconf 83' lang='lat' dir='ltr'><strong>conteretur,</strong></span> <span class='ocrx_word' id='word_1_133' title='bbox 1049 924 1098 950; x_wconf 88' lang='lat' dir='ltr'><strong>do—</strong></span> 
     </span>
    </p>
   </div>
   <div class='ocr_carea' id='block_1_21' title="bbox 318 969 1099 1005">
    <p class='ocr_par' dir='ltr' id='par_1_21' title="bbox 318 969 1099 1005">
     <span class='ocr_line' id='line_1_21' title="bbox 318 969 1099 1005; baseline 0.003 -10"><span class='ocrx_word' id='word_1_134' title='bbox 318 977 367 997; x_wconf 80' lang='lat' dir='ltr'><strong>nec</strong></span> <span class='ocrx_word' id='word_1_135' title='bbox 386 974 470 1003; x_wconf 86' lang='lat' dir='ltr'><strong>ponat</strong></span> <span class='ocrx_word' id='word_1_136' title='bbox 494 970 521 996; x_wconf 93' lang='lat' dir='ltr'><strong>in</strong></span> <span class='ocrx_word' id='word_1_137' title='bbox 542 975 612 996; x_wconf 88' lang='lat' dir='ltr'><strong>terra</strong></span> <span class='ocrx_word' id='word_1_138' title='bbox 642 969 790 1002; x_wconf 82' lang='lat' dir='ltr'><strong>judicium;</strong></span> <span class='ocrx_word' id='word_1_139' title='bbox 811 976 838 996; x_wconf 87' lang='lat' dir='ltr'><strong>et</strong></span> <span class='ocrx_word' id='word_1_140' title='bbox 857 970 884 996; x_wconf 92' lang='lat' dir='ltr'><strong>in</strong></span> <span class='ocrx_word' id='word_1_141' title='bbox 912 971 1021 997; x_wconf 88' lang='lat' dir='ltr'><strong>nomine</strong></span> <span class='ocrx_word' id='word_1_142' title='bbox 1042 970 1099 1005; x_wconf 76' lang='lat' dir='ltr'><strong>ejus</strong></span> 
     </span>
    </p>
   </div>
   <div class='ocr_carea' id='block_1_22' title="bbox 319 1016 1098 1050">
    <p class='ocr_par' dir='ltr' id='par_1_22' title="bbox 319 1016 1098 1050">
     <span class='ocr_line' id='line_1_22' title="bbox 319 1016 1098 1050; baseline 0.004 -9"><span class='ocrx_word' id='word_1_143' title='bbox 319 1020 410 1050; x_wconf 78' lang='lat' dir='ltr'><strong>gentes</strong></span> <span class='ocrx_word' id='word_1_144' title='bbox 431 1016 586 1050; x_wconf 87' lang='lat' dir='ltr'><strong>sperabunt.</strong></span> <span class='ocrx_word' id='word_1_145' title='bbox 611 1017 768 1049; x_wconf 78' lang='lat' dir='ltr'><strong>iQnocirca</strong></span> <span class='ocrx_word' id='word_1_146' title='bbox 791 1021 851 1050; x_wconf 89' lang='lat' dir='ltr'><strong>post</strong></span> <span class='ocrx_word' id='word_1_147' title='bbox 875 1017 1098 1044; x_wconf 78' lang='lat' dir='ltr'><strong>resurrectionem</strong></span> 
     </span>
    </p>
   </div>
   <div class='ocr_carea' id='block_1_23' title="bbox 318 1062 1099 1097">
    <p class='ocr_par' dir='ltr' id='par_1_23' title="bbox 318 1062 1099 1097">
     <span class='ocr_line' id='line_1_23' title="bbox 318 1062 1099 1097; baseline 0.004 -10"><span class='ocrx_word' id='word_1_148' title='bbox 318 1067 350 1088; x_wconf 77' lang='lat' dir='ltr'><strong>ex</strong></span> <span class='ocrx_word' id='word_1_149' title='bbox 370 1062 481 1089; x_wconf 84' lang='lat' dir='ltr'><strong>mortuis</strong></span> <span class='ocrx_word' id='word_1_150' title='bbox 495 1082 501 1094; x_wconf 87' lang='lat'><strong>,</strong></span> <span class='ocrx_word' id='word_1_151' title='bbox 515 1062 582 1089; x_wconf 89' lang='lat' dir='ltr'><strong>lucis</strong></span> <span class='ocrx_word' id='word_1_152' title='bbox 607 1063 694 1090; x_wconf 92' lang='lat' dir='ltr'><strong>instar</strong></span> <span class='ocrx_word' id='word_1_153' title='bbox 715 1064 741 1090; x_wconf 93' lang='lat' dir='ltr'><strong>in</strong></span> <span class='ocrx_word' id='word_1_154' title='bbox 761 1068 816 1090; x_wconf 89' lang='lat' dir='ltr'><strong>toto</strong></span> <span class='ocrx_word' id='word_1_155' title='bbox 831 1064 896 1089; x_wconf 87' lang='lat' dir='ltr'><strong>orbe</strong></span> <span class='ocrx_word' id='word_1_156' title='bbox 914 1063 1099 1097; x_wconf 74' lang='lat' dir='ltr'><strong>resplendcus,</strong></span> 
     </span>
    </p>
   </div>
   <div class='ocr_carea' id='block_1_24' title="bbox 316 1107 1099 1142">
    <p class='ocr_par' dir='ltr' id='par_1_24' title="bbox 316 1107 1099 1142">
     <span class='ocr_line' id='line_1_24' title="bbox 316 1107 1099 1142; baseline 0.004 -9"><span class='ocrx_word' id='word_1_157' title='bbox 316 1114 371 1134; x_wconf 84' lang='lat' dir='ltr'><strong>non</strong></span> <span class='ocrx_word' id='word_1_158' title='bbox 386 1107 460 1142; x_wconf 90' lang='lat' dir='ltr'><strong>prius</strong></span> <span class='ocrx_word' id='word_1_159' title='bbox 480 1109 611 1139; x_wconf 86' lang='lat' dir='ltr'><strong>cessavit,</strong></span> <span class='ocrx_word' id='word_1_160' title='bbox 627 1117 705 1142; x_wconf 84' lang='lat' dir='ltr'><strong>quam</strong></span> <span class='ocrx_word' id='word_1_161' title='bbox 732 1109 757 1136; x_wconf 91' lang='lat' dir='ltr'><strong>in</strong></span> <span class='ocrx_word' id='word_1_162' title='bbox 781 1115 852 1136; x_wconf 82' lang='lat' dir='ltr'><strong>terra</strong></span> <span class='ocrx_word' id='word_1_163' title='bbox 879 1115 905 1136; x_wconf 93' lang='lat' dir='ltr'><strong>et</strong></span> <span class='ocrx_word' id='word_1_164' title='bbox 928 1110 953 1136; x_wconf 94' lang='lat' dir='ltr'><strong>in</strong></span> <span class='ocrx_word' id='word_1_165' title='bbox 978 1109 1099 1137; x_wconf 85' lang='lat' dir='ltr'><strong>Ecclesia</strong></span> 
     </span>
    </p>
   </div>
   <div class='ocr_carea' id='block_1_25' title="bbox 318 1153 1096 1192">
    <p class='ocr_par' dir='ltr' id='par_1_25' title="bbox 318 1153 1096 1192">
     <span class='ocr_line' id='line_1_25' title="bbox 318 1153 1096 1192; baseline 0.005 -12"><span class='ocrx_word' id='word_1_166' title='bbox 318 1161 365 1180; x_wconf 68' lang='lat' dir='ltr'><strong>Sua</strong></span> <span class='ocrx_word' id='word_1_167' title='bbox 390 1153 508 1187; x_wconf 63' lang='lat' dir='ltr'><strong>regimen</strong></span> <span class='ocrx_word' id='word_1_168' title='bbox 538 1154 708 1189; x_wconf 78' lang='lat' dir='ltr'><strong>acjudicium</strong></span> <span class='ocrx_word' id='word_1_169' title='bbox 739 1157 890 1191; x_wconf 88' lang='lat' dir='ltr'><strong>ordinaret,</strong></span> <span class='ocrx_word' id='word_1_170' title='bbox 919 1157 989 1192; x_wconf 87' lang='lat' dir='ltr'><strong>quod</strong></span> <span class='ocrx_word' id='word_1_171' title='bbox 1016 1157 1096 1185; x_wconf 86' lang='lat' dir='ltr'><strong>etiam</strong></span> 
     </span>
    </p>
   </div>
   <div class='ocr_carea' id='block_1_26' title="bbox 318 1199 658 1232">
    <p class='ocr_par' dir='ltr' id='par_1_26' title="bbox 318 1199 658 1232">
     <span class='ocr_line' id='line_1_26' title="bbox 318 1199 658 1232; baseline 0.009 -7"><span class='ocrx_word' id='word_1_172' title='bbox 318 1199 456 1232; x_wconf 85' lang='lat' dir='ltr'><strong>discipulis</strong></span> <span class='ocrx_word' id='word_1_173' title='bbox 468 1199 524 1226; x_wconf 85' lang='lat' dir='ltr'><strong>suis</strong></span> <span class='ocrx_word' id='word_1_174' title='bbox 538 1201 658 1229; x_wconf 85' lang='lat' dir='ltr'><strong>tradidit.</strong></span> 
     </span>
    </p>
   </div>
   <div class='ocr_carea' id='block_1_27' title="bbox 354 1245 1099 1285">
    <p class='ocr_par' dir='ltr' id='par_1_27' title="bbox 354 1245 1099 1285">
     <span class='ocr_line' id='line_1_27' title="bbox 354 1245 1099 1285; baseline 0.011 -14"><span class='ocrx_word' id='word_1_175' title='bbox 354 1245 436 1273; x_wconf 74' lang='lat' dir='ltr'><strong>Vens.</strong></span> <span class='ocrx_word' id='word_1_176' title='bbox 456 1245 483 1274; x_wconf 82' lang='lat'><strong>5.</strong></span> <span class='ocrx_word' id='word_1_177' title='bbox 499 1253 510 1271; x_wconf 74' lang='grc' dir='ltr'>ι</span> <span class='ocrx_word' id='word_1_178' title='bbox 526 1245 570 1274; x_wconf 86' lang='lat' dir='ltr'><strong>Sic</strong></span> <span class='ocrx_word' id='word_1_179' title='bbox 583 1247 649 1274; x_wconf 90' lang='lat' dir='ltr'><strong>dicit</strong></span> <span class='ocrx_word' id='word_1_180' title='bbox 665 1246 792 1277; x_wconf 93' lang='lat' dir='ltr'><strong>Dominus</strong></span> <span class='ocrx_word' id='word_1_181' title='bbox 806 1249 884 1283; x_wconf 89' lang='lat' dir='ltr'><strong>Deus,</strong></span> <span class='ocrx_word' id='word_1_182' title='bbox 903 1251 949 1285; x_wconf 82' lang='lat' dir='ltr'><strong>qui</strong></span> <span class='ocrx_word' id='word_1_183' title='bbox 966 1251 1031 1279; x_wconf 72' lang='lat' dir='ltr'><strong>fecit</strong></span> <span class='ocrx_word' id='word_1_184' title='bbox 1044 1259 1099 1279; x_wconf 74' lang='lat' dir='ltr'><strong>ca:-</strong></span> 
     </span>
    </p>
   </div>
   <div class='ocr_carea' id='block_1_28' title="bbox 318 1289 1098 1332">
    <p class='ocr_par' dir='ltr' id='par_1_28' title="bbox 318 1289 1098 1332">
     <span class='ocr_line' id='line_1_28' title="bbox 318 1289 1098 1332; baseline 0.012 -16"><span class='ocrx_word' id='word_1_185' title='bbox 318 1289 384 1322; x_wconf 89' lang='lat' dir='ltr'><strong>lum,</strong></span> <span class='ocrx_word' id='word_1_186' title='bbox 398 1295 425 1318; x_wconf 87' lang='lat' dir='ltr'><strong>et</strong></span> <span class='ocrx_word' id='word_1_187' title='bbox 442 1291 584 1325; x_wconf 78' lang='lat' dir='ltr'><strong>ﬁxitillud,</strong></span> <span class='ocrx_word' id='word_1_188' title='bbox 599 1293 643 1327; x_wconf 91' lang='lat' dir='ltr'><strong>qui</strong></span> <span class='ocrx_word' id='word_1_189' title='bbox 661 1294 778 1321; x_wconf 88' lang='lat' dir='ltr'><strong>ﬁrmavit</strong></span> <span class='ocrx_word' id='word_1_190' title='bbox 796 1300 896 1322; x_wconf 86' lang='lat' dir='ltr'><strong>terram</strong></span> <span class='ocrx_word' id='word_1_191' title='bbox 910 1317 918 1329; x_wconf 94' lang='lat'><strong>,</strong></span> <span class='ocrx_word' id='word_1_192' title='bbox 941 1302 968 1324; x_wconf 90' lang='lat' dir='ltr'><strong>et</strong></span> <span class='ocrx_word' id='word_1_193' title='bbox 989 1305 1048 1332; x_wconf 74' lang='lat' dir='ltr'><strong>qua:</strong></span> <span class='ocrx_word' id='word_1_194' title='bbox 1073 1298 1098 1325; x_wconf 91' lang='lat' dir='ltr'><strong>in</strong></span> 
     </span>
    </p>
   </div>
   <div class='ocr_carea' id='block_1_29' title="bbox 318 1335 1099 1378">
    <p class='ocr_par' dir='ltr' id='par_1_29' title="bbox 318 1335 1099 1378">
     <span class='ocr_line' id='line_1_29' title="bbox 318 1335 1099 1378; baseline 0.012 -16"><span class='ocrx_word' id='word_1_195' title='bbox 318 1335 374 1368; x_wconf 88' lang='lat' dir='ltr'><strong>ipsa</strong></span> <span class='ocrx_word' id='word_1_196' title='bbox 390 1342 461 1368; x_wconf 80' lang='lat' dir='ltr'><strong>sunt,</strong></span> <span class='ocrx_word' id='word_1_197' title='bbox 476 1338 520 1372; x_wconf 87' lang='lat' dir='ltr'><strong>qui</strong></span> <span class='ocrx_word' id='word_1_198' title='bbox 536 1339 580 1365; x_wconf 92' lang='lat' dir='ltr'><strong>dat</strong></span> <span class='ocrx_word' id='word_1_199' title='bbox 599 1338 690 1366; x_wconf 84' lang='lat' dir='ltr'><strong>ﬁatum</strong></span> <span class='ocrx_word' id='word_1_200' title='bbox 703 1341 802 1375; x_wconf 85' lang='lat' dir='ltr'><strong>populo</strong></span> <span class='ocrx_word' id='word_1_201' title='bbox 820 1349 869 1368; x_wconf 87' lang='lat' dir='ltr'><strong>suo</strong></span> <span class='ocrx_word' id='word_1_202' title='bbox 885 1343 911 1369; x_wconf 92' lang='lat' dir='ltr'><strong>in</strong></span> <span class='ocrx_word' id='word_1_203' title='bbox 923 1350 965 1376; x_wconf 83' lang='lat' dir='ltr'><strong>ea,</strong></span> <span class='ocrx_word' id='word_1_204' title='bbox 978 1349 1004 1370; x_wconf 89' lang='lat' dir='ltr'><strong>et</strong></span> <span class='ocrx_word' id='word_1_205' title='bbox 1018 1344 1099 1378; x_wconf 90' lang='lat' dir='ltr'><strong>spiri-</strong></span> 
     </span>
    </p>
   </div>
   <div class='ocr_carea' id='block_1_30' title="bbox 319 1383 1098 1424">
    <p class='ocr_par' dir='ltr' id='par_1_30' title="bbox 319 1383 1098 1424">
     <span class='ocr_line' id='line_1_30' title="bbox 319 1383 1098 1424; baseline 0.013 -16"><span class='ocrx_word' id='word_1_206' title='bbox 319 1387 375 1408; x_wconf 89' lang='lat' dir='ltr'><strong>tum</strong></span> <span class='ocrx_word' id='word_1_207' title='bbox 393 1383 560 1411; x_wconf 89' lang='lat' dir='ltr'><strong>calcautibus</strong></span> <span class='ocrx_word' id='word_1_208' title='bbox 584 1392 652 1413; x_wconf 87' lang='lat' dir='ltr'><strong>eam.</strong></span> <span class='ocrx_word' id='word_1_209' title='bbox 672 1395 681 1412; x_wconf 86' lang='grc'><strong>›</strong></span> <span class='ocrx_word' id='word_1_210' title='bbox 705 1387 854 1414; x_wconf 80' lang='lat' dir='ltr'><strong>Admodum</strong></span> <span class='ocrx_word' id='word_1_211' title='bbox 879 1395 1098 1424; x_wconf 82' lang='lat' dir='ltr'><strong>consequenter:</strong></span> 
     </span>
    </p>
   </div>
   <div class='ocr_carea' id='block_1_31' title="bbox 319 1431 1098 1468">
    <p class='ocr_par' dir='ltr' id='par_1_31' title="bbox 319 1431 1098 1468">
     <span class='ocr_line' id='line_1_31' title="bbox 319 1431 1098 1468; baseline 0.013 -14"><span class='ocrx_word' id='word_1_212' title='bbox 319 1436 381 1454; x_wconf 78' lang='lat' dir='ltr'><strong>nam</strong></span> <span class='ocrx_word' id='word_1_213' title='bbox 396 1436 464 1463; x_wconf 91' lang='lat' dir='ltr'><strong>opus</strong></span> <span class='ocrx_word' id='word_1_214' title='bbox 477 1434 520 1456; x_wconf 86' lang='lat' dir='ltr'><strong>est</strong></span> <span class='ocrx_word' id='word_1_215' title='bbox 534 1437 583 1457; x_wconf 82' lang='lat' dir='ltr'><strong>nos</strong></span> <span class='ocrx_word' id='word_1_216' title='bbox 600 1431 724 1459; x_wconf 80' lang='lat' dir='ltr'><strong>ediscere</strong></span> <span class='ocrx_word' id='word_1_217' title='bbox 744 1440 776 1459; x_wconf 86' lang='lat' dir='ltr'><strong>ex</strong></span> <span class='ocrx_word' id='word_1_218' title='bbox 798 1434 874 1468; x_wconf 86' lang='lat' dir='ltr'><strong>cujus</strong></span> <span class='ocrx_word' id='word_1_219' title='bbox 896 1442 1009 1468; x_wconf 87' lang='lat' dir='ltr'><strong>persona</strong></span> <span class='ocrx_word' id='word_1_220' title='bbox 1027 1435 1098 1464; x_wconf 79' lang='lat' dir='ltr'><strong>dicta</strong></span> 
     </span>
    </p>
   </div>
   <div class='ocr_carea' id='block_1_32' title="bbox 319 1475 1098 1512">
    <p class='ocr_par' dir='ltr' id='par_1_32' title="bbox 319 1475 1098 1512">
     <span class='ocr_line' id='line_1_32' title="bbox 319 1475 1098 1512; baseline 0.013 -13"><span class='ocrx_word' id='word_1_221' title='bbox 319 1475 373 1500; x_wconf 80' lang='lat' dir='ltr'><strong>sint</strong></span> <span class='ocrx_word' id='word_1_222' title='bbox 392 1482 452 1509; x_wconf 69' lang='lat' dir='ltr'><strong>qua:</strong></span> <span class='ocrx_word' id='word_1_223' title='bbox 467 1475 500 1502; x_wconf 89' lang='lat' dir='ltr'><strong>de</strong></span> <span class='ocrx_word' id='word_1_224' title='bbox 518 1475 626 1503; x_wconf 86' lang='lat' dir='ltr'><strong>Christo</strong></span> <span class='ocrx_word' id='word_1_225' title='bbox 642 1477 853 1512; x_wconf 78' lang='lat' dir='ltr'><strong>pra-mittuntur.</strong></span> <span class='ocrx_word' id='word_1_226' title='bbox 867 1479 934 1512; x_wconf 80' lang='lat' dir='ltr'><strong>Quia</strong></span> <span class='ocrx_word' id='word_1_227' title='bbox 948 1481 1018 1507; x_wconf 93' lang='lat' dir='ltr'><strong>enim</strong></span> <span class='ocrx_word' id='word_1_228' title='bbox 1032 1489 1098 1509; x_wconf 90' lang='lat' dir='ltr'><strong>con-</strong></span> 
     </span>
    </p>
   </div>
   <div class='ocr_carea' id='block_1_33' title="bbox 320 1518 1099 1558">
    <p class='ocr_par' dir='ltr' id='par_1_33' title="bbox 320 1518 1099 1558">
     <span class='ocr_line' id='line_1_33' title="bbox 320 1518 1099 1558; baseline 0.012 -13"><span class='ocrx_word' id='word_1_229' title='bbox 320 1518 409 1546; x_wconf 69' lang='lat' dir='ltr'><strong>fertim</strong></span> <span class='ocrx_word' id='word_1_230' title='bbox 435 1520 514 1548; x_wconf 90' lang='lat' dir='ltr'><strong>initio</strong></span> <span class='ocrx_word' id='word_1_231' title='bbox 535 1522 642 1549; x_wconf 79' lang='lat' dir='ltr'><strong>dixerat</strong></span> <span class='ocrx_word' id='word_1_232' title='bbox 669 1523 840 1558; x_wconf 80' lang='lat' dir='ltr'><strong>propheticus</strong></span> <span class='ocrx_word' id='word_1_233' title='bbox 863 1533 963 1558; x_wconf 86' lang='lat' dir='ltr'><strong>sermo,</strong></span> <span class='ocrx_word' id='word_1_234' title='bbox 987 1535 996 1552; x_wconf 80' lang='grc' dir='ltr'>ι</span> <span class='ocrx_word' id='word_1_235' title='bbox 1013 1526 1099 1554; x_wconf 74' lang='lat' dir='ltr'><strong>Jacob</strong></span> 
     </span>
    </p>
   </div>
   <div class='ocr_carea' id='block_1_34' title="bbox 320 1568 1097 1606">
    <p class='ocr_par' dir='ltr' id='par_1_34' title="bbox 320 1568 1097 1606">
     <span class='ocr_line' id='line_1_34' title="bbox 320 1568 1097 1606; baseline 0.01 -14"><span class='ocrx_word' id='word_1_236' title='bbox 320 1573 386 1601; x_wconf 83' lang='lat' dir='ltr'><strong>puer</strong></span> <span class='ocrx_word' id='word_1_237' title='bbox 398 1574 485 1599; x_wconf 86' lang='lat' dir='ltr'><strong>meus,</strong></span> <span class='ocrx_word' id='word_1_238' title='bbox 509 1568 653 1604; x_wconf 82' lang='lat' dir='ltr'><strong>suscipiam</strong></span> <span class='ocrx_word' id='word_1_239' title='bbox 676 1577 737 1596; x_wconf 90' lang='lat' dir='ltr'><strong>eum</strong></span> <span class='ocrx_word' id='word_1_240' title='bbox 756 1578 762 1595; x_wconf 87' lang='lat'><strong>:</strong></span> <span class='ocrx_word' id='word_1_241' title='bbox 778 1569 858 1598; x_wconf 85' lang='lat' dir='ltr'><strong>Israel</strong></span> <span class='ocrx_word' id='word_1_242' title='bbox 883 1571 984 1599; x_wconf 69' lang='lat' dir='ltr'><strong>electus</strong></span> <span class='ocrx_word' id='word_1_243' title='bbox 1010 1580 1097 1606; x_wconf 88' lang='lat' dir='ltr'><strong>meus,</strong></span> 
     </span>
    </p>
   </div>
   <div class='ocr_carea' id='block_1_35' title="bbox 319 1612 1098 1651">
    <p class='ocr_par' dir='ltr' id='par_1_35' title="bbox 319 1612 1098 1651">
     <span class='ocr_line' id='line_1_35' title="bbox 319 1612 1098 1651; baseline 0.012 -14"><span class='ocrx_word' id='word_1_244' title='bbox 319 1612 436 1646; x_wconf 79' lang='lat' dir='ltr'><strong>suscepit</strong></span> <span class='ocrx_word' id='word_1_245' title='bbox 452 1621 514 1640; x_wconf 88' lang='lat' dir='ltr'><strong>eum</strong></span> <span class='ocrx_word' id='word_1_246' title='bbox 532 1615 621 1641; x_wconf 85' lang='lat' dir='ltr'><strong>anima</strong></span> <span class='ocrx_word' id='word_1_247' title='bbox 636 1622 694 1642; x_wconf 87' lang='lat' dir='ltr'><strong>mea</strong></span> <span class='ocrx_word' id='word_1_248' title='bbox 710 1624 716 1642; x_wconf 86' lang='lat'><strong>:</strong></span> <span class='ocrx_word' id='word_1_249' title='bbox 731 1615 790 1643; x_wconf 89' lang='lat' dir='ltr'><strong>dedi</strong></span> <span class='ocrx_word' id='word_1_250' title='bbox 810 1616 933 1651; x_wconf 87' lang='lat' dir='ltr'><strong>spiritum</strong></span> <span class='ocrx_word' id='word_1_251' title='bbox 948 1625 1036 1645; x_wconf 89' lang='lat' dir='ltr'><strong>meum</strong></span> <span class='ocrx_word' id='word_1_252' title='bbox 1053 1626 1098 1645; x_wconf 91' lang='lat' dir='ltr'><strong>su-</strong></span> 
     </span>
    </p>
   </div>
   <div class='ocr_carea' id='block_1_36' title="bbox 320 1659 1097 1696">
    <p class='ocr_par' dir='ltr' id='par_1_36' title="bbox 320 1659 1097 1696">
     <span class='ocr_line' id='line_1_36' title="bbox 320 1659 1097 1696; baseline 0.009 -12"><span class='ocrx_word' id='word_1_253' title='bbox 320 1665 368 1687; x_wconf 77' lang='lat' dir='ltr'><strong>per</strong></span> <span class='ocrx_word' id='word_1_254' title='bbox 380 1665 457 1689; x_wconf 90' lang='lat' dir='ltr'><strong>eum;</strong></span> <span class='ocrx_word' id='word_1_255' title='bbox 477 1668 486 1685; x_wconf 73' lang='grc' dir='ltr'><strong>ι</strong></span> <span class='ocrx_word' id='word_1_256' title='bbox 503 1666 553 1686; x_wconf 89' lang='lat' dir='ltr'><strong>nec</strong></span> <span class='ocrx_word' id='word_1_257' title='bbox 566 1659 729 1688; x_wconf 87' lang='lat' dir='ltr'><strong>indicaverat</strong></span> <span class='ocrx_word' id='word_1_258' title='bbox 743 1662 803 1696; x_wconf 90' lang='lat' dir='ltr'><strong>quis</strong></span> <span class='ocrx_word' id='word_1_259' title='bbox 824 1662 879 1689; x_wconf 78' lang='lat' dir='ltr'><strong>lucc</strong></span> <span class='ocrx_word' id='word_1_260' title='bbox 891 1662 1021 1696; x_wconf 79' lang='lat' dir='ltr'><strong>dixisset,</strong></span> <span class='ocrx_word' id='word_1_261' title='bbox 1047 1663 1097 1690; x_wconf 79' lang='lat' dir='ltr'><strong>liu~</strong></span> 
     </span>
    </p>
   </div>
   <div class='ocr_carea' id='block_1_37' title="bbox 319 1703 1096 1739">
    <p class='ocr_par' dir='ltr' id='par_1_37' title="bbox 319 1703 1096 1739">
     <span class='ocr_line' id='line_1_37' title="bbox 319 1703 1096 1739; baseline 0.009 -11"><span class='ocrx_word' id='word_1_262' title='bbox 319 1703 360 1738; x_wconf 85' lang='lat' dir='ltr'><strong>ius</strong></span> <span class='ocrx_word' id='word_1_263' title='bbox 384 1703 501 1730; x_wconf 82' lang='lat' dir='ltr'><strong>vaticinii</strong></span> <span class='ocrx_word' id='word_1_264' title='bbox 531 1709 668 1732; x_wconf 85' lang='lat' dir='ltr'><strong>auctorem</strong></span> <span class='ocrx_word' id='word_1_265' title='bbox 692 1705 747 1739; x_wconf 81' lang='lat' dir='ltr'><strong>jam</strong></span> <span class='ocrx_word' id='word_1_266' title='bbox 779 1709 931 1734; x_wconf 83' lang='lat' dir='ltr'><strong>necessario</strong></span> <span class='ocrx_word' id='word_1_267' title='bbox 947 1708 1096 1735; x_wconf 86' lang='lat' dir='ltr'><strong>enuntiat:</strong></span> 
     </span>
    </p>
   </div>
   <div class='ocr_carea' id='block_1_38' title="bbox 319 1744 1096 1784">
    <p class='ocr_par' dir='ltr' id='par_1_38' title="bbox 319 1744 1096 1784">
     <span class='ocr_line' id='line_1_38' title="bbox 319 1744 1096 1784; baseline 0.009 -11"><span class='ocrx_word' id='word_1_268' title='bbox 319 1748 492 1781; x_wconf 72' lang='lat' dir='ltr'><strong>quamobrem</strong></span> <span class='ocrx_word' id='word_1_269' title='bbox 508 1744 654 1784; x_wconf 56' lang='lat' dir='ltr'><strong>sulijuugit,</strong></span> <span class='ocrx_word' id='word_1_270' title='bbox 673 1759 682 1776; x_wconf 86' lang='grc' dir='ltr'><strong>ι</strong></span> <span class='ocrx_word' id='word_1_271' title='bbox 699 1751 745 1778; x_wconf 88' lang='lat' dir='ltr'><strong>Sic</strong></span> <span class='ocrx_word' id='word_1_272' title='bbox 759 1751 823 1778; x_wconf 80' lang='lat' dir='ltr'><strong>dicit</strong></span> <span class='ocrx_word' id='word_1_273' title='bbox 834 1752 962 1780; x_wconf 85' lang='lat' dir='ltr'><strong>Dominus</strong></span> <span class='ocrx_word' id='word_1_274' title='bbox 979 1753 1047 1780; x_wconf 89' lang='lat' dir='ltr'><strong>Deus</strong></span> <span class='ocrx_word' id='word_1_275' title='bbox 1062 1763 1069 1780; x_wconf 85' lang='lat'><strong>:</strong></span> <span class='ocrx_word' id='word_1_276' title='bbox 1088 1763 1096 1779; x_wconf 75' lang='grc' dir='ltr'><strong>ι</strong></span> 
     </span>
    </p>
   </div>
   <div class='ocr_carea' id='block_1_39' title="bbox 318 1793 1099 1833">
    <p class='ocr_par' dir='ltr' id='par_1_39' title="bbox 318 1793 1099 1833">
     <span class='ocr_line' id='line_1_39' title="bbox 318 1793 1099 1833; baseline 0.006 -13"><span class='ocrx_word' id='word_1_277' title='bbox 318 1793 376 1828; x_wconf 87' lang='lat' dir='ltr'><strong>ipse</strong></span> <span class='ocrx_word' id='word_1_278' title='bbox 392 1795 489 1829; x_wconf 87' lang='lat' dir='ltr'><strong>quippe</strong></span> <span class='ocrx_word' id='word_1_279' title='bbox 502 1801 569 1827; x_wconf 88' lang='lat' dir='ltr'><strong>erat,</strong></span> <span class='ocrx_word' id='word_1_280' title='bbox 583 1796 627 1830; x_wconf 90' lang='lat' dir='ltr'><strong>qui</strong></span> <span class='ocrx_word' id='word_1_281' title='bbox 643 1796 763 1831; x_wconf 87' lang='lat' dir='ltr'><strong>etprima</strong></span> <span class='ocrx_word' id='word_1_282' title='bbox 776 1797 896 1830; x_wconf 87' lang='lat' dir='ltr'><strong>protulit,</strong></span> <span class='ocrx_word' id='word_1_283' title='bbox 915 1802 942 1825; x_wconf 84' lang='lat' dir='ltr'><strong>et</strong></span> <span class='ocrx_word' id='word_1_284' title='bbox 960 1799 1099 1833; x_wconf 81' lang='lat' dir='ltr'><strong>sequentia</strong></span> 
     </span>
    </p>
   </div>
   <div class='ocr_carea' id='block_1_40' title="bbox 318 1840 1100 1876">
    <p class='ocr_par' dir='ltr' id='par_1_40' title="bbox 318 1840 1100 1876">
     <span class='ocr_line' id='line_1_40' title="bbox 318 1840 1100 1876; baseline 0.006 -10"><span class='ocrx_word' id='word_1_285' title='bbox 318 1840 426 1874; x_wconf 86' lang='lat' dir='ltr'><strong>adjecit.</strong></span> <span class='ocrx_word' id='word_1_286' title='bbox 439 1841 566 1873; x_wconf 84' lang='lat' dir='ltr'><strong>Quamvis</strong></span> <span class='ocrx_word' id='word_1_287' title='bbox 579 1842 650 1869; x_wconf 90' lang='lat' dir='ltr'><strong>enim</strong></span> <span class='ocrx_word' id='word_1_288' title='bbox 665 1850 712 1869; x_wconf 88' lang='lat' dir='ltr'><strong>vos</strong></span> <span class='ocrx_word' id='word_1_289' title='bbox 725 1843 856 1876; x_wconf 83' lang='lat' dir='ltr'><strong>homines,</strong></span> <span class='ocrx_word' id='word_1_290' title='bbox 876 1843 1006 1871; x_wconf 85' lang='lat' dir='ltr'><strong>invisibili</strong></span> <span class='ocrx_word' id='word_1_291' title='bbox 1022 1849 1049 1871; x_wconf 88' lang='lat' dir='ltr'><strong>et</strong></span> <span class='ocrx_word' id='word_1_292' title='bbox 1061 1845 1100 1871; x_wconf 91' lang='lat' dir='ltr'><strong>iu-</strong></span> 
     </span>
    </p>
   </div>
   <div class='ocr_carea' id='block_1_41' title="bbox 317 1887 1099 1923">
    <p class='ocr_par' dir='ltr' id='par_1_41' title="bbox 317 1887 1099 1923">
     <span class='ocr_line' id='line_1_41' title="bbox 317 1887 1099 1923; baseline 0.004 -10"><span class='ocrx_word' id='word_1_293' title='bbox 317 1893 454 1920; x_wconf 68' lang='lat' dir='ltr'><strong>corporea:</strong></span> <span class='ocrx_word' id='word_1_294' title='bbox 471 1887 514 1914; x_wconf 85' lang='lat' dir='ltr'><strong>Dei</strong></span> <span class='ocrx_word' id='word_1_295' title='bbox 531 1887 687 1914; x_wconf 67' lang='lat' dir='ltr'><strong>substantia:</strong></span> <span class='ocrx_word' id='word_1_296' title='bbox 699 1888 820 1915; x_wconf 77' lang='lat' dir='ltr'><strong>videnda:</strong></span> <span class='ocrx_word' id='word_1_297' title='bbox 844 1897 922 1923; x_wconf 86' lang='lat' dir='ltr'><strong>pares</strong></span> <span class='ocrx_word' id='word_1_298' title='bbox 940 1897 991 1916; x_wconf 87' lang='lat' dir='ltr'><strong>non</strong></span> <span class='ocrx_word' id='word_1_299' title='bbox 1020 1889 1099 1922; x_wconf 86' lang='lat' dir='ltr'><strong>sitis;</strong></span> 
     </span>
    </p>
   </div>
   <div class='ocr_carea' id='block_1_42' title="bbox 318 1932 1100 1969">
    <p class='ocr_par' dir='ltr' id='par_1_42' title="bbox 318 1932 1100 1969">
     <span class='ocr_line' id='line_1_42' title="bbox 318 1932 1100 1969; baseline 0.004 -10"><span class='ocrx_word' id='word_1_300' title='bbox 318 1938 346 1959; x_wconf 79' lang='lat' dir='ltr'><strong>at</strong></span> <span class='ocrx_word' id='word_1_301' title='bbox 361 1933 439 1968; x_wconf 88' lang='lat' dir='ltr'><strong>hujus</strong></span> <span class='ocrx_word' id='word_1_302' title='bbox 453 1932 518 1960; x_wconf 85' lang='lat' dir='ltr'><strong>tanti</strong></span> <span class='ocrx_word' id='word_1_303' title='bbox 531 1933 592 1960; x_wconf 62' lang='lat' dir='ltr'><strong>coeli</strong></span> <span class='ocrx_word' id='word_1_304' title='bbox 610 1934 820 1969; x_wconf 79' lang='lat' dir='ltr'><strong>magnitudinem</strong></span> <span class='ocrx_word' id='word_1_305' title='bbox 848 1935 1033 1969; x_wconf 86' lang='lat' dir='ltr'><strong>speculantes,</strong></span> <span class='ocrx_word' id='word_1_306' title='bbox 1051 1944 1100 1963; x_wconf 88' lang='lat' dir='ltr'><strong>vo-</strong></span> 
     </span>
    </p>
   </div>
   <div class='ocr_carea' id='block_1_43' title="bbox 317 1978 1099 2016">
    <p class='ocr_par' dir='ltr' id='par_1_43' title="bbox 317 1978 1099 2016">
     <span class='ocr_line' id='line_1_43' title="bbox 317 1978 1099 2016; baseline 0.005 -12"><span class='ocrx_word' id='word_1_307' title='bbox 317 1978 420 2005; x_wconf 85' lang='lat' dir='ltr'><strong>biscum</strong></span> <span class='ocrx_word' id='word_1_308' title='bbox 435 1983 556 2013; x_wconf 85' lang='lat' dir='ltr'><strong>reputate</strong></span> <span class='ocrx_word' id='word_1_309' title='bbox 572 1984 688 2012; x_wconf 85' lang='lat' dir='ltr'><strong>quantus</strong></span> <span class='ocrx_word' id='word_1_310' title='bbox 703 1980 823 2014; x_wconf 83' lang='lat' dir='ltr'><strong>qualisve</strong></span> <span class='ocrx_word' id='word_1_311' title='bbox 835 1982 870 2007; x_wconf 88' lang='lat' dir='ltr'><strong>sit</strong></span> <span class='ocrx_word' id='word_1_312' title='bbox 888 1982 920 2011; x_wconf 86' lang='lat' dir='ltr'><strong>is.</strong></span> <span class='ocrx_word' id='word_1_313' title='bbox 935 1982 980 2016; x_wconf 91' lang='lat' dir='ltr'><strong>qui</strong></span> <span class='ocrx_word' id='word_1_314' title='bbox 997 1987 1099 2009; x_wconf 88' lang='lat' dir='ltr'><strong>tantam</strong></span> 
     </span>
    </p>
   </div>
   <div class='ocr_carea' id='block_1_44' title="bbox 319 2023 1101 2062">
    <p class='ocr_par' dir='ltr' id='par_1_44' title="bbox 319 2023 1101 2062">
     <span class='ocr_line' id='line_1_44' title="bbox 319 2023 1101 2062; baseline 0.006 -12"><span class='ocrx_word' id='word_1_315' title='bbox 319 2023 377 2050; x_wconf 82' lang='lat' dir='ltr'><strong>ﬁxit</strong></span> <span class='ocrx_word' id='word_1_316' title='bbox 394 2025 506 2056; x_wconf 88' lang='lat' dir='ltr'><strong>molem,</strong></span> <span class='ocrx_word' id='word_1_317' title='bbox 532 2025 592 2052; x_wconf 90' lang='lat' dir='ltr'><strong>hinc</strong></span> <span class='ocrx_word' id='word_1_318' title='bbox 611 2030 708 2052; x_wconf 86' lang='lat' dir='ltr'><strong>terram</strong></span> <span class='ocrx_word' id='word_1_319' title='bbox 733 2026 817 2060; x_wconf 88' lang='lat' dir='ltr'><strong>ipsam</strong></span> <span class='ocrx_word' id='word_1_320' title='bbox 846 2027 1041 2062; x_wconf 79' lang='lat' dir='ltr'><strong>respicientes,</strong></span> <span class='ocrx_word' id='word_1_321' title='bbox 1069 2035 1101 2055; x_wconf 88' lang='lat' dir='ltr'><strong>ac</strong></span> 
     </span>
    </p>
   </div>
   <div class='ocr_carea' id='block_1_45' title="bbox 318 2071 1100 2106">
    <p class='ocr_par' dir='ltr' id='par_1_45' title="bbox 318 2071 1100 2106">
     <span class='ocr_line' id='line_1_45' title="bbox 318 2071 1100 2106; baseline 0.006 -10"><span class='ocrx_word' id='word_1_322' title='bbox 318 2071 529 2104; x_wconf 86' lang='lat' dir='ltr'><strong>considerantes,</strong></span> <span class='ocrx_word' id='word_1_323' title='bbox 556 2076 666 2106; x_wconf 85' lang='lat' dir='ltr'><strong>quanta,</strong></span> <span class='ocrx_word' id='word_1_324' title='bbox 692 2080 771 2106; x_wconf 90' lang='lat' dir='ltr'><strong>quam</strong></span> <span class='ocrx_word' id='word_1_325' title='bbox 805 2073 952 2101; x_wconf 88' lang='lat' dir='ltr'><strong>immobilis</strong></span> <span class='ocrx_word' id='word_1_326' title='bbox 971 2082 985 2100; x_wconf 76' lang='grc' dir='ltr'><strong>ιι</strong></span> <span class='ocrx_word' id='word_1_327' title='bbox 1002 2074 1100 2101; x_wconf 55' lang='lat' dir='ltr'><strong>saeculo</strong></span> 
     </span>
    </p>
   </div>
   <div class='ocr_carea' id='block_1_46' title="bbox 319 2117 1099 2151">
    <p class='ocr_par' dir='ltr' id='par_1_46' title="bbox 319 2117 1099 2151">
     <span class='ocr_line' id='line_1_46' title="bbox 319 2117 1099 2151; baseline 0.006 -9"><span class='ocrx_word' id='word_1_328' title='bbox 319 2117 429 2144; x_wconf 81' lang='lat' dir='ltr'><strong>fundata</strong></span> <span class='ocrx_word' id='word_1_329' title='bbox 449 2121 476 2144; x_wconf 87' lang='lat' dir='ltr'><strong>et</strong></span> <span class='ocrx_word' id='word_1_330' title='bbox 491 2125 538 2143; x_wconf 86' lang='lat' dir='ltr'><strong>ceu</strong></span> <span class='ocrx_word' id='word_1_331' title='bbox 563 2118 697 2145; x_wconf 86' lang='lat' dir='ltr'><strong>radicibus</strong></span> <span class='ocrx_word' id='word_1_332' title='bbox 717 2118 821 2145; x_wconf 84' lang='lat' dir='ltr'><strong>ﬁrmata</strong></span> <span class='ocrx_word' id='word_1_333' title='bbox 841 2121 896 2151; x_wconf 89' lang='lat' dir='ltr'><strong>sit,</strong></span> <span class='ocrx_word' id='word_1_334' title='bbox 914 2120 950 2146; x_wconf 89' lang='lat' dir='ltr'><strong>ita</strong></span> <span class='ocrx_word' id='word_1_335' title='bbox 966 2125 994 2146; x_wconf 88' lang='grc' dir='ltr'>ιιι</span> <span class='ocrx_word' id='word_1_336' title='bbox 1008 2128 1042 2147; x_wconf 91' lang='lat' dir='ltr'><strong>ue</strong></span> <span class='ocrx_word' id='word_1_337' title='bbox 1058 2119 1099 2147; x_wconf 82' lang='lat' dir='ltr'><strong>vel</strong></span> 
     </span>
    </p>
   </div>
   <div class='ocr_carea' id='block_1_47' title="bbox 319 2161 1101 2198">
    <p class='ocr_par' dir='ltr' id='par_1_47' title="bbox 319 2161 1101 2198">
     <span class='ocr_line' id='line_1_47' title="bbox 319 2161 1101 2198; baseline 0.004 -10"><span class='ocrx_word' id='word_1_338' title='bbox 319 2161 452 2188; x_wconf 74' lang='lat' dir='ltr'><strong>tantillum</strong></span> <span class='ocrx_word' id='word_1_339' title='bbox 475 2166 632 2195; x_wconf 87' lang='lat' dir='ltr'><strong>moveatur;</strong></span> <span class='ocrx_word' id='word_1_340' title='bbox 661 2163 776 2198; x_wconf 78' lang='lat' dir='ltr'><strong>cogitate</strong></span> <span class='ocrx_word' id='word_1_341' title='bbox 807 2171 888 2198; x_wconf 86' lang='lat' dir='ltr'><strong>quam</strong></span> <span class='ocrx_word' id='word_1_342' title='bbox 911 2165 1101 2192; x_wconf 89' lang='lat' dir='ltr'><strong>inenarrabilis</strong></span> 
     </span>
    </p>
   </div>
   <div class='ocr_carea' id='block_1_48' title="bbox 319 2208 1099 2242">
    <p class='ocr_par' dir='ltr' id='par_1_48' title="bbox 319 2208 1099 2242">
     <span class='ocr_line' id='line_1_48' title="bbox 319 2208 1099 2242; baseline 0.008 -10"><span class='ocrx_word' id='word_1_343' title='bbox 319 2208 405 2235; x_wconf 79' lang='lat' dir='ltr'><strong>virtus</strong></span> <span class='ocrx_word' id='word_1_344' title='bbox 420 2208 454 2235; x_wconf 88' lang='lat' dir='ltr'><strong>sit</strong></span> <span class='ocrx_word' id='word_1_345' title='bbox 470 2208 536 2241; x_wconf 82' lang='lat' dir='ltr'><strong>ejus,</strong></span> <span class='ocrx_word' id='word_1_346' title='bbox 556 2209 599 2242; x_wconf 85' lang='lat' dir='ltr'><strong>qui</strong></span> <span class='ocrx_word' id='word_1_347' title='bbox 618 2209 734 2236; x_wconf 88' lang='lat' dir='ltr'><strong>ﬁrmavit</strong></span> <span class='ocrx_word' id='word_1_348' title='bbox 753 2217 830 2242; x_wconf 86' lang='lat' dir='ltr'><strong>eam,</strong></span> <span class='ocrx_word' id='word_1_349' title='bbox 854 2215 880 2237; x_wconf 90' lang='lat' dir='ltr'><strong>et</strong></span> <span class='ocrx_word' id='word_1_350' title='bbox 903 2211 938 2237; x_wconf 85' lang='lat' dir='ltr'><strong>ita</strong></span> <span class='ocrx_word' id='word_1_351' title='bbox 957 2211 1099 2239; x_wconf 81' lang='lat' dir='ltr'><strong>fecundam</strong></span> 
     </span>
    </p>
   </div>
   <div class='ocr_carea' id='block_1_49' title="bbox 319 2254 1096 2292">
    <p class='ocr_par' dir='ltr' id='par_1_49' title="bbox 319 2254 1096 2292">
     <span class='ocr_line' id='line_1_49' title="bbox 319 2254 1096 2292; baseline 0.005 -12"><span class='ocrx_word' id='word_1_352' title='bbox 319 2254 509 2288; x_wconf 80' lang='lat' dir='ltr'><strong>fructuumque</strong></span> <span class='ocrx_word' id='word_1_353' title='bbox 536 2254 652 2281; x_wconf 78' lang='lat' dir='ltr'><strong>feracem</strong></span> <span class='ocrx_word' id='word_1_354' title='bbox 678 2255 815 2288; x_wconf 88' lang='lat' dir='ltr'><strong>condidit,</strong></span> <span class='ocrx_word' id='word_1_355' title='bbox 846 2261 876 2290; x_wconf 94' lang='lat' dir='ltr'><strong>u_t</strong></span> <span class='ocrx_word' id='word_1_356' title='bbox 896 2261 935 2283; x_wconf 90' lang='lat' dir='ltr'><strong>tot</strong></span> <span class='ocrx_word' id='word_1_357' title='bbox 957 2257 1096 2292; x_wconf 87' lang='lat' dir='ltr'><strong>animalia,</strong></span> 
     </span>
    </p>
   </div>
   <div class='ocr_carea' id='block_1_50' title="bbox 319 2299 1098 2336">
    <p class='ocr_par' dir='ltr' id='par_1_50' title="bbox 319 2299 1098 2336">
     <span class='ocr_line' id='line_1_50' title="bbox 319 2299 1098 2336; baseline 0.006 -11"><span class='ocrx_word' id='word_1_358' title='bbox 319 2305 358 2326; x_wconf 91' lang='lat' dir='ltr'><strong>tot</strong></span> <span class='ocrx_word' id='word_1_359' title='bbox 370 2299 475 2334; x_wconf 87' lang='lat' dir='ltr'><strong>plantas</strong></span> <span class='ocrx_word' id='word_1_360' title='bbox 492 2299 620 2333; x_wconf 82' lang='lat' dir='ltr'><strong>proferat.</strong></span> <span class='ocrx_word' id='word_1_361' title='bbox 642 2299 665 2327; x_wconf 89' lang='lat' dir='ltr'><strong>Is</strong></span> <span class='ocrx_word' id='word_1_362' title='bbox 675 2307 749 2334; x_wconf 79' lang='lat' dir='ltr'><strong>ergo,</strong></span> <span class='ocrx_word' id='word_1_363' title='bbox 765 2302 810 2335; x_wconf 85' lang='lat' dir='ltr'><strong>qui</strong></span> <span class='ocrx_word' id='word_1_364' title='bbox 828 2305 929 2328; x_wconf 86' lang='lat' dir='ltr'><strong>tantam</strong></span> <span class='ocrx_word' id='word_1_365' title='bbox 946 2303 1098 2336; x_wconf 82' lang='lat' dir='ltr'><strong>pulchritu-</strong></span> 
     </span>
    </p>
   </div>
   <div class='ocr_carea' id='block_1_51' title="bbox 318 2345 1100 2376">
    <p class='ocr_par' dir='ltr' id='par_1_51' title="bbox 318 2345 1100 2376">
     <span class='ocr_line' id='line_1_51' title="bbox 318 2345 1100 2376; baseline 0.008 -6"><span class='ocrx_word' id='word_1_366' title='bbox 318 2345 406 2371; x_wconf 86' lang='lat' dir='ltr'><strong>dinem</strong></span> <span class='ocrx_word' id='word_1_367' title='bbox 422 2351 450 2371; x_wconf 88' lang='lat' dir='ltr'><strong>et</strong></span> <span class='ocrx_word' id='word_1_368' title='bbox 466 2349 565 2371; x_wconf 86' lang='lat' dir='ltr'><strong>tantam</strong></span> <span class='ocrx_word' id='word_1_369' title='bbox 580 2345 675 2372; x_wconf 88' lang='lat' dir='ltr'><strong>molem</strong></span> <span class='ocrx_word' id='word_1_370' title='bbox 688 2347 818 2376; x_wconf 87' lang='lat' dir='ltr'><strong>condidit,</strong></span> <span class='ocrx_word' id='word_1_371' title='bbox 834 2347 964 2375; x_wconf 85' lang='lat' dir='ltr'><strong>Dominus</strong></span> <span class='ocrx_word' id='word_1_372' title='bbox 982 2355 1009 2376; x_wconf 85' lang='lat' dir='ltr'><strong>ct</strong></span> <span class='ocrx_word' id='word_1_373' title='bbox 1029 2350 1100 2376; x_wconf 78' lang='lat' dir='ltr'><strong>Deus</strong></span> 
     </span>
    </p>
   </div>
   <div class='ocr_carea' id='block_1_52' title="bbox 318 2391 1099 2429">
    <p class='ocr_par' dir='ltr' id='par_1_52' title="bbox 318 2391 1099 2429">
     <span class='ocr_line' id='line_1_52' title="bbox 318 2391 1099 2429; baseline 0.009 -13"><span class='ocrx_word' id='word_1_374' title='bbox 318 2391 515 2421; x_wconf 74' lang='lat' dir='ltr'><strong>universorum,</strong></span> <span class='ocrx_word' id='word_1_375' title='bbox 532 2392 611 2417; x_wconf 88' lang='lat' dir='ltr'><strong>etiam</strong></span> <span class='ocrx_word' id='word_1_376' title='bbox 627 2399 668 2424; x_wconf 74' lang='lat' dir='ltr'><strong>ea,</strong></span> <span class='ocrx_word' id='word_1_377' title='bbox 687 2400 745 2427; x_wconf 67' lang='lat' dir='ltr'><strong>qua:</strong></span> <span class='ocrx_word' id='word_1_378' title='bbox 756 2394 880 2428; x_wconf 88' lang='lat' dir='ltr'><strong>superius</strong></span> <span class='ocrx_word' id='word_1_379' title='bbox 893 2395 962 2423; x_wconf 83' lang='lat' dir='ltr'><strong>dicta</strong></span> <span class='ocrx_word' id='word_1_380' title='bbox 978 2401 1051 2429; x_wconf 86' lang='lat' dir='ltr'><strong>sunt,</strong></span> <span class='ocrx_word' id='word_1_381' title='bbox 1066 2396 1099 2424; x_wconf 82' lang='lat' dir='ltr'><strong>de</strong></span> 
     </span>
    </p>
   </div>
   <div class='ocr_carea' id='block_1_53' title="bbox 319 2434 644 2470">
    <p class='ocr_par' dir='ltr' id='par_1_53' title="bbox 319 2434 644 2470">
     <span class='ocr_line' id='line_1_53' title="bbox 319 2434 644 2470; baseline 0.003 -6"><span class='ocrx_word' id='word_1_382' title='bbox 319 2434 427 2464; x_wconf 87' lang='lat' dir='ltr'><strong>Christo</strong></span> <span class='ocrx_word' id='word_1_383' title='bbox 445 2438 644 2470; x_wconf 65' lang='lat' dir='ltr'><strong>praenuntiavit.</strong></span> 
     </span>
    </p>
   </div>
   <div class='ocr_carea' id='block_1_54' title="bbox 353 2495 1100 2534">
    <p class='ocr_par' dir='ltr' id='par_1_54' title="bbox 353 2495 1100 2534">
     <span class='ocr_line' id='line_1_54' title="bbox 353 2495 1100 2534; baseline 0.005 -12"><span class='ocrx_word' id='word_1_384' title='bbox 353 2495 432 2523; x_wconf 72' lang='lat' dir='ltr'><strong>Vens.</strong></span> <span class='ocrx_word' id='word_1_385' title='bbox 448 2495 504 2524; x_wconf 87' lang='lat'><strong>6-7.</strong></span> <span class='ocrx_word' id='word_1_386' title='bbox 525 2505 534 2521; x_wconf 80' lang='grc' dir='ltr'>ι</span> <span class='ocrx_word' id='word_1_387' title='bbox 556 2497 610 2531; x_wconf 81' lang='lat' dir='ltr'><strong>Ego</strong></span> <span class='ocrx_word' id='word_1_388' title='bbox 628 2497 754 2524; x_wconf 87' lang='lat' dir='ltr'><strong>Dominus</strong></span> <span class='ocrx_word' id='word_1_389' title='bbox 771 2497 840 2525; x_wconf 86' lang='lat' dir='ltr'><strong>Deus</strong></span> <span class='ocrx_word' id='word_1_390' title='bbox 853 2501 944 2526; x_wconf 83' lang='lat' dir='ltr'><strong>vocavi</strong></span> <span class='ocrx_word' id='word_1_391' title='bbox 967 2505 992 2527; x_wconf 87' lang='lat' dir='ltr'><strong>le</strong></span> <span class='ocrx_word' id='word_1_392' title='bbox 1016 2501 1042 2527; x_wconf 94' lang='lat' dir='ltr'><strong>in</strong></span> <span class='ocrx_word' id='word_1_393' title='bbox 1054 2499 1100 2534; x_wconf 84' lang='lat' dir='ltr'><strong>ju-</strong></span> 
     </span>
    </p>
   </div>
   <div class='ocr_carea' id='block_1_55' title="bbox 317 2543 1099 2578">
    <p class='ocr_par' dir='ltr' id='par_1_55' title="bbox 317 2543 1099 2578">
     <span class='ocr_line' id='line_1_55' title="bbox 317 2543 1099 2578; baseline 0.006 -10"><span class='ocrx_word' id='word_1_394' title='bbox 317 2543 389 2569; x_wconf 83' lang='lat' dir='ltr'><strong>stitia</strong></span> <span class='ocrx_word' id='word_1_395' title='bbox 408 2551 414 2568; x_wconf 94' lang='lat'>:</span> <span class='ocrx_word' id='word_1_396' title='bbox 431 2548 457 2569; x_wconf 89' lang='lat' dir='ltr'><strong>et</strong></span> <span class='ocrx_word' id='word_1_397' title='bbox 474 2544 673 2577; x_wconf 86' lang='lat' dir='ltr'><strong>apprebeudam</strong></span> <span class='ocrx_word' id='word_1_398' title='bbox 688 2553 794 2570; x_wconf 87' lang='lat' dir='ltr'><strong>tuautttn</strong></span> <span class='ocrx_word' id='word_1_399' title='bbox 807 2549 878 2572; x_wconf 85' lang='lat' dir='ltr'><strong>tuam</strong></span> <span class='ocrx_word' id='word_1_400' title='bbox 893 2566 901 2578; x_wconf 87' lang='lat'><strong>,</strong></span> <span class='ocrx_word' id='word_1_401' title='bbox 921 2551 948 2572; x_wconf 90' lang='lat' dir='ltr'><strong>et</strong></span> <span class='ocrx_word' id='word_1_402' title='bbox 967 2547 1099 2573; x_wconf 87' lang='lat' dir='ltr'><strong>corrobo-</strong></span> 
     </span>
    </p>
   </div>
   <div class='ocr_carea' id='block_1_56' title="bbox 317 2590 1097 2626">
    <p class='ocr_par' dir='ltr' id='par_1_56' title="bbox 317 2590 1097 2626">
     <span class='ocr_line' id='line_1_56' title="bbox 317 2590 1097 2626; baseline 0.006 -12"><span class='ocrx_word' id='word_1_403' title='bbox 317 2590 384 2615; x_wconf 84' lang='lat' dir='ltr'><strong>rabo</strong></span> <span class='ocrx_word' id='word_1_404' title='bbox 396 2593 434 2620; x_wconf 74' lang='lat' dir='ltr'><strong>tr,</strong></span> <span class='ocrx_word' id='word_1_405' title='bbox 448 2594 474 2615; x_wconf 89' lang='lat' dir='ltr'><strong>et</strong></span> <span class='ocrx_word' id='word_1_406' title='bbox 488 2590 547 2616; x_wconf 78' lang='lat' dir='ltr'><strong>dedi</strong></span> <span class='ocrx_word' id='word_1_407' title='bbox 565 2595 590 2616; x_wconf 89' lang='lat' dir='ltr'><strong>te</strong></span> <span class='ocrx_word' id='word_1_408' title='bbox 611 2591 637 2616; x_wconf 94' lang='lat' dir='ltr'><strong>iu</strong></span> <span class='ocrx_word' id='word_1_409' title='bbox 652 2595 841 2618; x_wconf 81' lang='lat' dir='ltr'><strong>testamentum</strong></span> <span class='ocrx_word' id='word_1_410' title='bbox 863 2592 971 2626; x_wconf 78' lang='lat' dir='ltr'><strong>generis</strong></span> <span class='ocrx_word' id='word_1_411' title='bbox 983 2613 990 2624; x_wconf 83' lang='lat'><strong>,</strong></span> <span class='ocrx_word' id='word_1_412' title='bbox 1009 2593 1033 2618; x_wconf 91' lang='lat' dir='ltr'><strong>in</strong></span> <span class='ocrx_word' id='word_1_413' title='bbox 1056 2593 1097 2619; x_wconf 92' lang='lat' dir='ltr'><strong>lu-</strong></span> 
     </span>
    </p>
   </div>
   <div class='ocr_carea' id='block_1_57' title="bbox 316 2636 1099 2670">
    <p class='ocr_par' dir='ltr' id='par_1_57' title="bbox 316 2636 1099 2670">
     <span class='ocr_line' id='line_1_57' title="bbox 316 2636 1099 2670; baseline 0.005 -9"><span class='ocrx_word' id='word_1_414' title='bbox 316 2644 374 2662; x_wconf 78' lang='lat' dir='ltr'><strong>cem</strong></span> <span class='ocrx_word' id='word_1_415' title='bbox 389 2636 518 2669; x_wconf 77' lang='lat' dir='ltr'><strong>gentium,</strong></span> <span class='ocrx_word' id='word_1_416' title='bbox 533 2641 561 2663; x_wconf 89' lang='lat' dir='ltr'><strong>ut</strong></span> <span class='ocrx_word' id='word_1_417' title='bbox 580 2636 700 2670; x_wconf 61' lang='lat' dir='ltr'><strong>aperires</strong></span> <span class='ocrx_word' id='word_1_418' title='bbox 714 2638 806 2664; x_wconf 88' lang='lat' dir='ltr'><strong>oculos</strong></span> <span class='ocrx_word' id='word_1_419' title='bbox 824 2644 956 2664; x_wconf 57' lang='lat' dir='ltr'><strong>caecuram</strong></span> <span class='ocrx_word' id='word_1_420' title='bbox 967 2657 974 2669; x_wconf 91' lang='lat'><strong>,</strong></span> <span class='ocrx_word' id='word_1_421' title='bbox 991 2644 1018 2665; x_wconf 84' lang='lat' dir='ltr'><strong>et</strong></span> <span class='ocrx_word' id='word_1_422' title='bbox 1033 2638 1099 2665; x_wconf 85' lang='lat' dir='ltr'><strong>edu-</strong></span> 
     </span>
    </p>
   </div>
   <div class='ocr_carea' id='block_1_58' title="bbox 316 2681 1099 2710">
    <p class='ocr_par' dir='ltr' id='par_1_58' title="bbox 316 2681 1099 2710">
     <span class='ocr_line' id='line_1_58' title="bbox 316 2681 1099 2710; baseline 0.005 -3"><span class='ocrx_word' id='word_1_423' title='bbox 316 2689 392 2708; x_wconf 76' lang='lat' dir='ltr'><strong>ceres</strong></span> <span class='ocrx_word' id='word_1_424' title='bbox 415 2683 518 2709; x_wconf 78' lang='lat' dir='ltr'><strong>vinctos</strong></span> <span class='ocrx_word' id='word_1_425' title='bbox 538 2689 571 2709; x_wconf 83' lang='lat' dir='ltr'><strong>ex</strong></span> <span class='ocrx_word' id='word_1_426' title='bbox 595 2681 710 2708; x_wconf 88' lang='lat' dir='ltr'><strong>vinculis</strong></span> <span class='ocrx_word' id='word_1_427' title='bbox 727 2687 754 2709; x_wconf 89' lang='lat' dir='ltr'><strong>et</strong></span> <span class='ocrx_word' id='word_1_428' title='bbox 778 2691 810 2710; x_wconf 85' lang='lat' dir='ltr'><strong>cx</strong></span> <span class='ocrx_word' id='word_1_429' title='bbox 827 2684 906 2710; x_wconf 90' lang='lat' dir='ltr'><strong>domo</strong></span> <span class='ocrx_word' id='word_1_430' title='bbox 920 2683 1049 2710; x_wconf 62' lang='lat' dir='ltr'><strong>custodiae</strong></span> <span class='ocrx_word' id='word_1_431' title='bbox 1073 2688 1099 2710; x_wconf 72' lang='lat' dir='ltr'><strong>et</strong></span> 
     </span>
    </p>
   </div>
   <div class='ocr_carea' id='block_1_59' title="bbox 316 2727 1098 2763">
    <p class='ocr_par' dir='ltr' id='par_1_59' title="bbox 316 2727 1098 2763">
     <span class='ocr_line' id='line_1_59' title="bbox 316 2727 1098 2763; baseline 0.004 -11"><span class='ocrx_word' id='word_1_432' title='bbox 316 2727 440 2754; x_wconf 82' lang='lat' dir='ltr'><strong>sedentes</strong></span> <span class='ocrx_word' id='word_1_433' title='bbox 454 2728 480 2754; x_wconf 91' lang='lat' dir='ltr'><strong>in</strong></span> <span class='ocrx_word' id='word_1_434' title='bbox 494 2729 623 2756; x_wconf 84' lang='lat' dir='ltr'><strong>tenebris.</strong></span> <span class='ocrx_word' id='word_1_435' title='bbox 644 2738 653 2754; x_wconf 77' lang='grc' dir='ltr'><strong>ι</strong></span> <span class='ocrx_word' id='word_1_436' title='bbox 675 2727 721 2755; x_wconf 81' lang='lat' dir='ltr'><strong>llis</strong></span> <span class='ocrx_word' id='word_1_437' title='bbox 741 2728 885 2763; x_wconf 82' lang='lat' dir='ltr'><strong>compellat</strong></span> <span class='ocrx_word' id='word_1_438' title='bbox 910 2735 971 2755; x_wconf 88' lang='lat' dir='ltr'><strong>eum</strong></span> <span class='ocrx_word' id='word_1_439' title='bbox 984 2748 992 2761; x_wconf 93' lang='lat'><strong>,</strong></span> <span class='ocrx_word' id='word_1_440' title='bbox 1019 2736 1098 2763; x_wconf 88' lang='lat' dir='ltr'><strong>quem</strong></span> 
     </span>
    </p>
   </div>
   <div class='ocr_carea' id='block_1_60' title="bbox 318 2774 1098 2808">
    <p class='ocr_par' dir='ltr' id='par_1_60' title="bbox 318 2774 1098 2808">
     <span class='ocr_line' id='line_1_60' title="bbox 318 2774 1098 2808; baseline 0.001 -9"><span class='ocrx_word' id='word_1_441' title='bbox 318 2774 440 2806; x_wconf 73' lang='lat' dir='ltr'><strong>superius</strong></span> <span class='ocrx_word' id='word_1_442' title='bbox 463 2782 574 2808; x_wconf 85' lang='lat' dir='ltr'><strong>puerum</strong></span> <span class='ocrx_word' id='word_1_443' title='bbox 588 2782 664 2801; x_wconf 87' lang='lat' dir='ltr'><strong>suum</strong></span> <span class='ocrx_word' id='word_1_444' title='bbox 682 2775 765 2807; x_wconf 82' lang='lat' dir='ltr'><strong>dixit,</strong></span> <span class='ocrx_word' id='word_1_445' title='bbox 778 2774 821 2800; x_wconf 84' lang='lat' dir='ltr'><strong>cui</strong></span> <span class='ocrx_word' id='word_1_446' title='bbox 835 2782 863 2801; x_wconf 77' lang='lat' dir='ltr'><strong>se</strong></span> <span class='ocrx_word' id='word_1_447' title='bbox 877 2774 1002 2807; x_wconf 77' lang='lat' dir='ltr'><strong>Spiritum</strong></span> <span class='ocrx_word' id='word_1_448' title='bbox 1019 2781 1098 2800; x_wconf 86' lang='lat' dir='ltr'><strong>suum</strong></span> 
     </span>
    </p>
   </div>
   <div class='ocr_carea' id='block_1_61' title="bbox 317 2819 1095 2854">
    <p class='ocr_par' dir='ltr' id='par_1_61' title="bbox 317 2819 1095 2854">
     <span class='ocr_line' id='line_1_61' title="bbox 317 2819 1095 2854; baseline 0.001 -9"><span class='ocrx_word' id='word_1_449' title='bbox 317 2819 441 2846; x_wconf 79' lang='lat' dir='ltr'><strong>daturum</strong></span> <span class='ocrx_word' id='word_1_450' title='bbox 453 2827 513 2848; x_wconf 70' lang='lat' dir='ltr'><strong>essr.</strong></span> <span class='ocrx_word' id='word_1_451' title='bbox 526 2821 641 2847; x_wconf 85' lang='lat' dir='ltr'><strong>diccbat.</strong></span> <span class='ocrx_word' id='word_1_452' title='bbox 668 2819 760 2847; x_wconf 81' lang='lat' dir='ltr'><strong>Primo</strong></span> <span class='ocrx_word' id='word_1_453' title='bbox 781 2826 870 2847; x_wconf 75' lang='lat' dir='ltr'><strong>autem</strong></span> <span class='ocrx_word' id='word_1_454' title='bbox 891 2821 978 2854; x_wconf 69' lang='lat' dir='ltr'><strong>ipsum</strong></span> <span class='ocrx_word' id='word_1_455' title='bbox 1002 2821 1028 2846; x_wconf 94' lang='lat' dir='ltr'><strong>in</strong></span> <span class='ocrx_word' id='word_1_456' title='bbox 1051 2820 1095 2854; x_wconf 89' lang='lat' dir='ltr'><strong>ju-</strong></span> 
     </span>
    </p>
   </div>
   <div class='ocr_carea' id='block_1_62' title="bbox 317 2865 1097 2901">
    <p class='ocr_par' dir='ltr' id='par_1_62' title="bbox 317 2865 1097 2901">
     <span class='ocr_line' id='line_1_62' title="bbox 317 2865 1097 2901; baseline 0.001 -10"><span class='ocrx_word' id='word_1_457' title='bbox 317 2865 388 2890; x_wconf 71' lang='lat' dir='ltr'><strong>Slili-‘l</strong></span> <span class='ocrx_word' id='word_1_458' title='bbox 407 2870 483 2891; x_wconf 80' lang='lat' dir='ltr'><strong>vocat</strong></span> <span class='ocrx_word' id='word_1_459' title='bbox 516 2866 681 2892; x_wconf 67' lang='lat' dir='ltr'><strong>vocationem</strong></span> <span class='ocrx_word' id='word_1_460' title='bbox 696 2866 755 2901; x_wconf 80' lang='lat' dir='ltr'><strong>ejus</strong></span> <span class='ocrx_word' id='word_1_461' title='bbox 771 2873 819 2900; x_wconf 87' lang='lat' dir='ltr'><strong>pro</strong></span> <span class='ocrx_word' id='word_1_462' title='bbox 838 2867 968 2901; x_wconf 78' lang='lat' dir='ltr'><strong>dignitate</strong></span> <span class='ocrx_word' id='word_1_463' title='bbox 982 2866 1097 2899; x_wconf 83' lang='lat' dir='ltr'><strong>ctjusti-</strong></span> 
     </span>
    </p>
   </div>
   <div class='ocr_carea' id='block_1_63' title="bbox 316 2911 1097 2946">
    <p class='ocr_par' dir='ltr' id='par_1_63' title="bbox 316 2911 1097 2946">
     <span class='ocr_line' id='line_1_63' title="bbox 316 2911 1097 2946; baseline 0.003 -8"><span class='ocrx_word' id='word_1_464' title='bbox 316 2912 351 2938; x_wconf 75' lang='lat' dir='ltr'><strong>tia</strong></span> <span class='ocrx_word' id='word_1_465' title='bbox 367 2918 497 2945; x_wconf 56' lang='lat' dir='ltr'><strong>peragens</strong></span> <span class='ocrx_word' id='word_1_466' title='bbox 514 2918 521 2937; x_wconf 90' lang='lat'><strong>:</strong></span> <span class='ocrx_word' id='word_1_467' title='bbox 539 2911 633 2938; x_wconf 75' lang='lat' dir='ltr'><strong>deinde</strong></span> <span class='ocrx_word' id='word_1_468' title='bbox 658 2919 719 2939; x_wconf 75' lang='lat' dir='ltr'><strong>vero</strong></span> <span class='ocrx_word' id='word_1_469' title='bbox 742 2921 770 2939; x_wconf 87' lang='lat' dir='ltr'><strong>se</strong></span> <span class='ocrx_word' id='word_1_470' title='bbox 791 2920 900 2939; x_wconf 84' lang='lat' dir='ltr'><strong>manum</strong></span> <span class='ocrx_word' id='word_1_471' title='bbox 922 2913 981 2946; x_wconf 78' lang='lat' dir='ltr'><strong>rius</strong></span> <span class='ocrx_word' id='word_1_472' title='bbox 1000 2920 1097 2946; x_wconf 78' lang='lat' dir='ltr'><strong>appre-</strong></span> 
     </span>
    </p>
   </div>
   <div class='ocr_carea' id='block_1_64' title="bbox 1149 272 1932 311">
    <p class='ocr_par' dir='ltr' id='par_1_64' title="bbox 1149 272 1932 311">
     <span class='ocr_line' id='line_1_64' title="bbox 1149 272 1932 311; baseline -0.004 -9"><span class='ocrx_word' id='word_1_473' title='bbox 1149 276 1195 302; x_wconf 80' lang='grc' dir='ltr'>καὶ</span> <span class='ocrx_word' id='word_1_474' title='bbox 1208 275 1389 311; x_wconf 77' lang='grc' dir='ltr'><strong>ὑπερηφάνων</strong></span> <span class='ocrx_word' id='word_1_475' title='bbox 1405 274 1533 310; x_wconf 83' lang='grc' dir='ltr'>μετῆλθε·</span> <span class='ocrx_word' id='word_1_476' title='bbox 1550 272 1617 308; x_wconf 72' lang='grc' dir='ltr'>πρὸς</span> <span class='ocrx_word' id='word_1_477' title='bbox 1629 273 1751 303; x_wconf 72' lang='grc' dir='ltr'>ᾶπαντας</span> <span class='ocrx_word' id='word_1_478' title='bbox 1764 273 1791 299; x_wconf 76' lang='grc' dir='ltr'><strong>δὲ</strong></span> <span class='ocrx_word' id='word_1_479' title='bbox 1808 273 1871 304; x_wconf 75' lang='grc' dir='ltr'>τοὺς</span> <span class='ocrx_word' id='word_1_480' title='bbox 1888 275 1932 300; x_wconf 75' lang='grc' dir='ltr'><strong>ἁν-</strong></span> 
     </span>
    </p>
   </div>
   <div class='ocr_carea' id='block_1_65' title="bbox 1149 317 1932 356">
    <p class='ocr_par' dir='ltr' id='par_1_65' title="bbox 1149 317 1932 356">
     <span class='ocr_line' id='line_1_65' title="bbox 1149 317 1932 356; baseline -0.004 -10"><span class='ocrx_word' id='word_1_481' title='bbox 1149 319 1275 355; x_wconf 80' lang='grc' dir='ltr'>Θρώπους</span> <span class='ocrx_word' id='word_1_482' title='bbox 1302 319 1388 356; x_wconf 78' lang='grc' dir='ltr'>πρᾶός</span> <span class='ocrx_word' id='word_1_483' title='bbox 1404 327 1434 345; x_wconf 88' lang='grc' dir='ltr'><strong>τε</strong></span> <span class='ocrx_word' id='word_1_484' title='bbox 1449 317 1483 353; x_wconf 77' lang='grc' dir='ltr'>ἦν</span> <span class='ocrx_word' id='word_1_485' title='bbox 1498 319 1545 345; x_wconf 74' lang='grc' dir='ltr'><strong>καὶ</strong></span> <span class='ocrx_word' id='word_1_486' title='bbox 1560 317 1686 349; x_wconf 72' lang='grc' dir='ltr'>ταπεινὸς</span> <span class='ocrx_word' id='word_1_487' title='bbox 1703 319 1735 352; x_wconf 80' lang='grc' dir='ltr'>τῇ</span> <span class='ocrx_word' id='word_1_488' title='bbox 1753 317 1851 352; x_wconf 74' lang='grc' dir='ltr'>καρδίᾳ</span> <span class='ocrx_word' id='word_1_489' title='bbox 1861 325 1868 331; x_wconf 93' lang='grc'><strong>·</strong></span> <span class='ocrx_word' id='word_1_490' title='bbox 1886 318 1932 344; x_wconf 77' lang='grc' dir='ltr'>σὺν</span> 
     </span>
    </p>
   </div>
   <div class='ocr_carea' id='block_1_66' title="bbox 1149 362 1934 399">
    <p class='ocr_par' dir='ltr' id='par_1_66' title="bbox 1149 362 1934 399">
     <span class='ocr_line' id='line_1_66' title="bbox 1149 362 1934 399; baseline 0 -9"><span class='ocrx_word' id='word_1_491' title='bbox 1149 363 1261 399; x_wconf 80' lang='grc' dir='ltr'><strong>ἀληθείᾳ</strong></span> <span class='ocrx_word' id='word_1_492' title='bbox 1279 364 1308 390; x_wconf 81' lang='grc' dir='ltr'><strong>δὲ</strong></span> <span class='ocrx_word' id='word_1_493' title='bbox 1330 364 1377 390; x_wconf 78' lang='grc' dir='ltr'>καὶ</span> <span class='ocrx_word' id='word_1_494' title='bbox 1404 363 1544 398; x_wconf 77' lang='grc' dir='ltr'>παρρησίᾳ</span> <span class='ocrx_word' id='word_1_495' title='bbox 1568 364 1624 394; x_wconf 83' lang='grc' dir='ltr'>τοῖς</span> <span class='ocrx_word' id='word_1_496' title='bbox 1641 363 1706 389; x_wconf 79' lang='grc' dir='ltr'>πᾶσι</span> <span class='ocrx_word' id='word_1_497' title='bbox 1727 362 1888 389; x_wconf 76' lang='grc' dir='ltr'><strong>διαστέλλων</strong></span> <span class='ocrx_word' id='word_1_498' title='bbox 1899 362 1934 390; x_wconf 81' lang='grc' dir='ltr'>τὰ</span> 
     </span>
    </p>
   </div>
   <div class='ocr_carea' id='block_1_67' title="bbox 1150 407 1933 446">
    <p class='ocr_par' dir='ltr' id='par_1_67' title="bbox 1150 407 1933 446">
     <span class='ocr_line' id='line_1_67' title="bbox 1150 407 1933 446; baseline -0.003 -10"><span class='ocrx_word' id='word_1_499' title='bbox 1150 410 1271 446; x_wconf 75' lang='grc' dir='ltr'>περὶτῆς</span> <span class='ocrx_word' id='word_1_500' title='bbox 1282 409 1328 436; x_wconf 82' lang='grc' dir='ltr'>τοῦ</span> <span class='ocrx_word' id='word_1_501' title='bbox 1342 408 1409 435; x_wconf 73' lang='grc' dir='ltr'>Θεοῦ</span> <span class='ocrx_word' id='word_1_502' title='bbox 1425 409 1550 444; x_wconf 76' lang='grc' dir='ltr'>κρίσεως,</span> <span class='ocrx_word' id='word_1_503' title='bbox 1560 409 1606 434; x_wconf 75' lang='grc' dir='ltr'><strong>καὶ</strong></span> <span class='ocrx_word' id='word_1_504' title='bbox 1614 409 1644 435; x_wconf 87' lang='grc' dir='ltr'>οὑ</span> <span class='ocrx_word' id='word_1_505' title='bbox 1659 408 1787 444; x_wconf 67' lang='grc' dir='ltr'>πρότερον</span> <span class='ocrx_word' id='word_1_506' title='bbox 1803 417 1836 443; x_wconf 84' lang='grc' dir='ltr'><strong>γε</strong></span> <span class='ocrx_word' id='word_1_507' title='bbox 1849 407 1933 435; x_wconf 75' lang='grc' dir='ltr'><strong>ἐπαύ-</strong></span> 
     </span>
    </p>
   </div>
   <div class='ocr_carea' id='block_1_68' title="bbox 1151 454 1933 491">
    <p class='ocr_par' dir='ltr' id='par_1_68' title="bbox 1151 454 1933 491">
     <span class='ocr_line' id='line_1_68' title="bbox 1151 454 1933 491; baseline -0.003 -9"><span class='ocrx_word' id='word_1_508' title='bbox 1151 464 1226 488; x_wconf 86' lang='grc' dir='ltr'>σατο,</span> <span class='ocrx_word' id='word_1_509' title='bbox 1244 455 1261 491; x_wconf 83' lang='grc' dir='ltr'><strong>ἦ</strong></span> <span class='ocrx_word' id='word_1_510' title='bbox 1278 455 1366 490; x_wconf 75' lang='grc' dir='ltr'>φωτὸς</span> <span class='ocrx_word' id='word_1_511' title='bbox 1380 455 1457 490; x_wconf 75' lang='grc' dir='ltr'>δίκην</span> <span class='ocrx_word' id='word_1_512' title='bbox 1477 454 1612 489; x_wconf 70' lang='grc' dir='ltr'>ἐκλάμψαι</span> <span class='ocrx_word' id='word_1_513' title='bbox 1629 454 1673 481; x_wconf 73' lang='grc' dir='ltr'><strong>διὰ</strong></span> <span class='ocrx_word' id='word_1_514' title='bbox 1698 454 1746 490; x_wconf 84' lang='grc' dir='ltr'>τῆς</span> <span class='ocrx_word' id='word_1_515' title='bbox 1770 455 1801 481; x_wconf 78' lang='grc' dir='ltr'>ὲκ</span> <span class='ocrx_word' id='word_1_516' title='bbox 1828 454 1933 490; x_wconf 79' lang='grc' dir='ltr'>νεκρῶν</span> 
     </span>
    </p>
   </div>
   <div class='ocr_carea' id='block_1_69' title="bbox 1149 499 1931 536">
    <p class='ocr_par' dir='ltr' id='par_1_69' title="bbox 1149 499 1931 536">
     <span class='ocr_line' id='line_1_69' title="bbox 1149 499 1931 536; baseline -0.001 -9"><span class='ocrx_word' id='word_1_517' title='bbox 1149 501 1333 533; x_wconf 78' lang='grc' dir='ltr'>ἀναστάσεως,</span> <span class='ocrx_word' id='word_1_518' title='bbox 1351 501 1384 536; x_wconf 74' lang='grc' dir='ltr'><strong>ἢν</strong></span> <span class='ocrx_word' id='word_1_519' title='bbox 1398 502 1412 528; x_wconf 99' lang='lat'><strong>6</strong></span> <span class='ocrx_word' id='word_1_520' title='bbox 1434 500 1601 536; x_wconf 70' lang='grc' dir='ltr'>προφητικδς</span> <span class='ocrx_word' id='word_1_521' title='bbox 1616 500 1693 534; x_wconf 85' lang='grc' dir='ltr'>λόγος</span> <span class='ocrx_word' id='word_1_522' title='bbox 1707 500 1815 535; x_wconf 69' lang='grc' dir='ltr'>ᾐνίξατο</span> <span class='ocrx_word' id='word_1_523' title='bbox 1837 499 1931 532; x_wconf 74' lang='grc' dir='ltr'>ιξπὼν,</span> 
     </span>
    </p>
   </div>
   <div class='ocr_carea' id='block_1_70' title="bbox 1153 546 1932 583">
    <p class='ocr_par' dir='ltr' id='par_1_70' title="bbox 1153 546 1932 583">
     <span class='ocr_line' id='line_1_70' title="bbox 1153 546 1932 583; baseline -0.001 -10"><span class='ocrx_word' id='word_1_524' title='bbox 1153 557 1162 573; x_wconf 74' lang='grc' dir='ltr'><strong>ι</strong></span> <span class='ocrx_word' id='word_1_525' title='bbox 1182 547 1346 583; x_wconf 75' lang='grc' dir='ltr'>Ἀναλάμψει</span> <span class='ocrx_word' id='word_1_526' title='bbox 1363 547 1409 573; x_wconf 80' lang='grc' dir='ltr'>καὶ</span> <span class='ocrx_word' id='word_1_527' title='bbox 1425 547 1455 572; x_wconf 76' lang='grc' dir='ltr'>οὺ</span> <span class='ocrx_word' id='word_1_528' title='bbox 1477 546 1684 582; x_wconf 77' lang='grc' dir='ltr'>θραυσθήσεται.</span> <span class='ocrx_word' id='word_1_529' title='bbox 1704 556 1714 572; x_wconf 72' lang='grc' dir='ltr'><strong>ι</strong></span> <span class='ocrx_word' id='word_1_530' title='bbox 1744 546 1864 581; x_wconf 81' lang='grc' dir='ltr'>Θραῦσαι</span> <span class='ocrx_word' id='word_1_531' title='bbox 1884 546 1932 582; x_wconf 69' lang='grc' dir='ltr'>μὲν</span> 
     </span>
    </p>
   </div>
   <div class='ocr_carea' id='block_1_71' title="bbox 1150 588 1931 628">
    <p class='ocr_par' dir='ltr' id='par_1_71' title="bbox 1150 588 1931 628">
     <span class='ocr_line' id='line_1_71' title="bbox 1150 588 1931 628; baseline -0.003 -9"><span class='ocrx_word' id='word_1_532' title='bbox 1150 593 1203 628; x_wconf 88' lang='grc' dir='ltr'><strong>γὰρ</strong></span> <span class='ocrx_word' id='word_1_533' title='bbox 1219 592 1308 624; x_wconf 76' lang='grc' dir='ltr'>αὑτὸν,</span> <span class='ocrx_word' id='word_1_534' title='bbox 1323 592 1370 619; x_wconf 68' lang='grc' dir='ltr'>καὶ</span> <span class='ocrx_word' id='word_1_535' title='bbox 1382 588 1532 618; x_wconf 76' lang='grc' dir='ltr'>ἀποσϐέσαι</span> <span class='ocrx_word' id='word_1_536' title='bbox 1556 591 1731 627; x_wconf 67' lang='grc' dir='ltr'><strong>πεπείρανται</strong></span> <span class='ocrx_word' id='word_1_537' title='bbox 1746 592 1769 617; x_wconf 81' lang='grc' dir='ltr'><strong>οι</strong></span> <span class='ocrx_word' id='word_1_538' title='bbox 1786 590 1832 617; x_wconf 76' lang='grc' dir='ltr'>τὸν</span> <span class='ocrx_word' id='word_1_539' title='bbox 1854 591 1931 618; x_wconf 82' lang='grc' dir='ltr'>Θάνα-</span> 
     </span>
    </p>
   </div>
   <div class='ocr_carea' id='block_1_72' title="bbox 1148 637 1933 673">
    <p class='ocr_par' dir='ltr' id='par_1_72' title="bbox 1148 637 1933 673">
     <span class='ocr_line' id='line_1_72' title="bbox 1148 637 1933 673; baseline -0.004 -8"><span class='ocrx_word' id='word_1_540' title='bbox 1148 648 1193 666; x_wconf 84' lang='grc' dir='ltr'><strong>τον</strong></span> <span class='ocrx_word' id='word_1_541' title='bbox 1211 638 1284 673; x_wconf 76' lang='grc' dir='ltr'>αὐτῷ</span> <span class='ocrx_word' id='word_1_542' title='bbox 1300 637 1551 668; x_wconf 74' lang='grc' dir='ltr'><strong>κατασκευάσαντες</strong></span> <span class='ocrx_word' id='word_1_543' title='bbox 1562 642 1569 652; x_wconf 75' lang='grc'><strong><em>³</em></strong></span> <span class='ocrx_word' id='word_1_544' title='bbox 1585 637 1646 663; x_wconf 77' lang='grc' dir='ltr'>ἐπεὶ</span> <span class='ocrx_word' id='word_1_545' title='bbox 1658 637 1704 664; x_wconf 71' lang='grc' dir='ltr'>καὶ</span> <span class='ocrx_word' id='word_1_546' title='bbox 1718 638 1770 663; x_wconf 73' lang='grc' dir='ltr'>πᾶν</span> <span class='ocrx_word' id='word_1_547' title='bbox 1783 637 1814 663; x_wconf 78' lang='grc' dir='ltr'>τὸ</span> <span class='ocrx_word' id='word_1_548' title='bbox 1838 637 1933 672; x_wconf 79' lang='grc' dir='ltr'>θνητὸν</span> 
     </span>
    </p>
   </div>
   <div class='ocr_carea' id='block_1_73' title="bbox 1149 682 1934 719">
    <p class='ocr_par' dir='ltr' id='par_1_73' title="bbox 1149 682 1934 719">
     <span class='ocr_line' id='line_1_73' title="bbox 1149 682 1934 719; baseline -0.003 -8"><span class='ocrx_word' id='word_1_549' title='bbox 1149 685 1226 719; x_wconf 83' lang='grc' dir='ltr'>γένος</span> <span class='ocrx_word' id='word_1_550' title='bbox 1252 684 1358 718; x_wconf 76' lang='grc' dir='ltr'>θανάτῳ</span> <span class='ocrx_word' id='word_1_551' title='bbox 1387 682 1552 719; x_wconf 80' lang='grc' dir='ltr'>θραύσεσθαι</span> <span class='ocrx_word' id='word_1_552' title='bbox 1580 683 1710 717; x_wconf 71' lang='grc' dir='ltr'>πέφυκεν.</span> <span class='ocrx_word' id='word_1_553' title='bbox 1736 683 1804 709; x_wconf 80' lang='grc' dir='ltr'>Ἀλλ’</span> <span class='ocrx_word' id='word_1_554' title='bbox 1829 683 1861 708; x_wconf 71' lang='grc' dir='ltr'>οὐ</span> <span class='ocrx_word' id='word_1_555' title='bbox 1888 682 1934 709; x_wconf 76' lang='grc' dir='ltr'>καὶ</span> 
     </span>
    </p>
   </div>
   <div class='ocr_carea' id='block_1_74' title="bbox 1150 725 1934 765">
    <p class='ocr_par' dir='ltr' id='par_1_74' title="bbox 1150 725 1934 765">
     <span class='ocr_line' id='line_1_74' title="bbox 1150 725 1934 765; baseline -0.004 -9"><span class='ocrx_word' id='word_1_556' title='bbox 1150 730 1229 757; x_wconf 69' lang='grc' dir='ltr'>αὑτὸν</span> <span class='ocrx_word' id='word_1_557' title='bbox 1253 729 1397 765; x_wconf 56' lang='grc' dir='ltr'>ἔθραυσεν</span> <span class='ocrx_word' id='word_1_558' title='bbox 1417 728 1495 764; x_wconf 81' lang='grc' dir='ltr'>μόνος</span> <span class='ocrx_word' id='word_1_559' title='bbox 1514 728 1542 754; x_wconf 80' lang='grc' dir='ltr'><strong>δὲ</strong></span> <span class='ocrx_word' id='word_1_560' title='bbox 1563 728 1616 754; x_wconf 82' lang='grc' dir='ltr'><strong>τῶν</strong></span> <span class='ocrx_word' id='word_1_561' title='bbox 1630 728 1658 761; x_wconf 82' lang='grc' dir='ltr'><strong>ἐξ</strong></span> <span class='ocrx_word' id='word_1_562' title='bbox 1684 727 1781 759; x_wconf 76' lang='grc' dir='ltr'>αἰῶνος</span> <span class='ocrx_word' id='word_1_563' title='bbox 1795 725 1934 761; x_wconf 47' lang='lat' dir='ltr'><strong>signino;</strong></span> 
     </span>
    </p>
   </div>
   <div class='ocr_carea' id='block_1_75' title="bbox 1150 772 1934 811">
    <p class='ocr_par' dir='ltr' id='par_1_75' title="bbox 1150 772 1934 811">
     <span class='ocr_line' id='line_1_75' title="bbox 1150 772 1934 811; baseline -0.006 -8"><span class='ocrx_word' id='word_1_564' title='bbox 1150 775 1262 803; x_wconf 79' lang='grc' dir='ltr'>Θανάτου</span> <span class='ocrx_word' id='word_1_565' title='bbox 1275 775 1403 811; x_wconf 78' lang='grc' dir='ltr'><strong>κρείττων</strong></span> <span class='ocrx_word' id='word_1_566' title='bbox 1418 774 1592 809; x_wconf 77' lang='grc' dir='ltr'>ἁποφανθεὶς,</span> <span class='ocrx_word' id='word_1_567' title='bbox 1609 772 1719 805; x_wconf 79' lang='grc' dir='ltr'>εἰκότως</span> <span class='ocrx_word' id='word_1_568' title='bbox 1734 774 1786 800; x_wconf 79' lang='grc' dir='ltr'><strong>ὑπὸ</strong></span> <span class='ocrx_word' id='word_1_569' title='bbox 1796 772 1846 808; x_wconf 84' lang='grc' dir='ltr'>τῆς</span> <span class='ocrx_word' id='word_1_570' title='bbox 1865 780 1934 808; x_wconf 67' lang='grc' dir='ltr'>προι</span> 
     </span>
    </p>
   </div>
   <div class='ocr_carea' id='block_1_76' title="bbox 1150 819 1647 857">
    <p class='ocr_par' dir='ltr' id='par_1_76' title="bbox 1150 819 1647 857">
     <span class='ocr_line' id='line_1_76' title="bbox 1150 819 1647 857; baseline -0.006 -9"><span class='ocrx_word' id='word_1_571' title='bbox 1150 822 1261 857; x_wconf 80' lang='grc' dir='ltr'>φητείας</span> <span class='ocrx_word' id='word_1_572' title='bbox 1281 820 1490 857; x_wconf 81' lang='grc' dir='ltr'><strong>μεμαρτύρηται</strong></span> <span class='ocrx_word' id='word_1_573' title='bbox 1506 819 1630 855; x_wconf 80' lang='grc' dir='ltr'>φησάσ-ης</span> <span class='ocrx_word' id='word_1_574' title='bbox 1641 828 1647 834; x_wconf 90' lang='grc'><strong>·</strong></span> 
     </span>
    </p>
   </div>
   <div class='ocr_carea' id='block_1_77' title="bbox 1189 906 1934 944">
    <p class='ocr_par' dir='ltr' id='par_1_77' title="bbox 1189 906 1934 944">
     <span class='ocr_line' id='line_1_77' title="bbox 1189 906 1934 944; baseline -0.003 -8"><span class='ocrx_word' id='word_1_575' title='bbox 1189 919 1197 935; x_wconf 82' lang='grc' dir='ltr'>ι</span> <span class='ocrx_word' id='word_1_576' title='bbox 1225 908 1387 944; x_wconf 71' lang='grc' dir='ltr'>Ἀναλάμψει</span> <span class='ocrx_word' id='word_1_577' title='bbox 1398 908 1444 935; x_wconf 63' lang='grc' dir='ltr'><strong>καλ¹</strong></span> <span class='ocrx_word' id='word_1_578' title='bbox 1461 909 1491 935; x_wconf 77' lang='grc' dir='ltr'>οὺ</span> <span class='ocrx_word' id='word_1_579' title='bbox 1505 907 1711 943; x_wconf 76' lang='grc' dir='ltr'>θραυσθήσεται,</span> <span class='ocrx_word' id='word_1_580' title='bbox 1721 908 1774 939; x_wconf 73' lang='grc' dir='ltr'><strong>ἓως</strong></span> <span class='ocrx_word' id='word_1_581' title='bbox 1788 907 1820 934; x_wconf 86' lang='grc' dir='ltr'>ἂν</span> <span class='ocrx_word' id='word_1_582' title='bbox 1841 906 1873 943; x_wconf 79' lang='grc' dir='ltr'><strong>ϐῆ</strong></span> <span class='ocrx_word' id='word_1_583' title='bbox 1889 907 1934 935; x_wconf 52' lang='grc' dir='ltr'><strong>ἕπε</strong></span> 
     </span>
    </p>
   </div>
   <div class='ocr_carea' id='block_1_78' title="bbox 1150 953 1934 992">
    <p class='ocr_par' dir='ltr' id='par_1_78' title="bbox 1150 953 1934 992">
     <span class='ocr_line' id='line_1_78' title="bbox 1150 953 1934 992; baseline -0.003 -10"><span class='ocrx_word' id='word_1_584' title='bbox 1150 955 1199 990; x_wconf 75' lang='grc' dir='ltr'>τῆς</span> <span class='ocrx_word' id='word_1_585' title='bbox 1217 955 1268 990; x_wconf 83' lang='grc' dir='ltr'>γῆς</span> <span class='ocrx_word' id='word_1_586' title='bbox 1288 955 1388 992; x_wconf 77' lang='grc' dir='ltr'>κρίσιν,</span> <span class='ocrx_word' id='word_1_587' title='bbox 1408 955 1454 982; x_wconf 78' lang='grc' dir='ltr'>καὶ</span> <span class='ocrx_word' id='word_1_588' title='bbox 1467 955 1513 981; x_wconf 75' lang='grc' dir='ltr'><strong>ἐπὶ</strong></span> <span class='ocrx_word' id='word_1_589' title='bbox 1525 954 1563 989; x_wconf 79' lang='grc' dir='ltr'>τῷ</span> <span class='ocrx_word' id='word_1_590' title='bbox 1580 954 1690 989; x_wconf 81' lang='grc' dir='ltr'>ὀνόματι</span> <span class='ocrx_word' id='word_1_591' title='bbox 1713 954 1793 980; x_wconf 81' lang='grc' dir='ltr'>αὑτοῦ</span> <span class='ocrx_word' id='word_1_592' title='bbox 1807 953 1871 989; x_wconf 77' lang='grc' dir='ltr'>ἔθνη</span> <span class='ocrx_word' id='word_1_593' title='bbox 1892 954 1934 980; x_wconf 75' lang='grc' dir='ltr'><strong>ἑλ-</strong></span> 
     </span>
    </p>
   </div>
   <div class='ocr_carea' id='block_1_79' title="bbox 1151 1000 1932 1036">
    <p class='ocr_par' dir='ltr' id='par_1_79' title="bbox 1151 1000 1932 1036">
     <span class='ocr_line' id='line_1_79' title="bbox 1151 1000 1932 1036; baseline -0.003 -9"><span class='ocrx_word' id='word_1_594' title='bbox 1151 1001 1248 1028; x_wconf 79' lang='grc' dir='ltr'>πιοῦσι.</span> <span class='ocrx_word' id='word_1_595' title='bbox 1267 1011 1275 1026; x_wconf 75' lang='grc' dir='ltr'><strong>ι</strong></span> <span class='ocrx_word' id='word_1_596' title='bbox 1291 1001 1335 1027; x_wconf 81' lang='grc' dir='ltr'><strong>Διὸ</strong></span> <span class='ocrx_word' id='word_1_597' title='bbox 1348 1002 1395 1028; x_wconf 81' lang='grc' dir='ltr'>καὶ</span> <span class='ocrx_word' id='word_1_598' title='bbox 1421 1000 1488 1036; x_wconf 83' lang='grc' dir='ltr'>μετὰ</span> <span class='ocrx_word' id='word_1_599' title='bbox 1513 1001 1562 1036; x_wconf 73' lang='grc' dir='ltr'>τὴν</span> <span class='ocrx_word' id='word_1_600' title='bbox 1587 1001 1619 1026; x_wconf 80' lang='grc' dir='ltr'>ἐκ</span> <span class='ocrx_word' id='word_1_601' title='bbox 1643 1000 1745 1035; x_wconf 78' lang='grc' dir='ltr'>νεκρῶν</span> <span class='ocrx_word' id='word_1_602' title='bbox 1776 1000 1932 1031; x_wconf 66' lang='grc' dir='ltr'>ἀνάστασιν,</span> 
     </span>
    </p>
   </div>
   <div class='ocr_carea' id='block_1_80' title="bbox 1151 1044 1933 1081">
    <p class='ocr_par' dir='ltr' id='par_1_80' title="bbox 1151 1044 1933 1081">
     <span class='ocr_line' id='line_1_80' title="bbox 1151 1044 1933 1081; baseline -0.004 -8"><span class='ocrx_word' id='word_1_603' title='bbox 1151 1047 1237 1081; x_wconf 77' lang='grc' dir='ltr'>φωτὸς</span> <span class='ocrx_word' id='word_1_604' title='bbox 1251 1046 1327 1081; x_wconf 85' lang='grc' dir='ltr'>δίκην</span> <span class='ocrx_word' id='word_1_605' title='bbox 1338 1047 1377 1076; x_wconf 81' lang='grc' dir='ltr'><strong>είς</strong></span> <span class='ocrx_word' id='word_1_606' title='bbox 1394 1046 1482 1073; x_wconf 80' lang='grc' dir='ltr'>πάντα</span> <span class='ocrx_word' id='word_1_607' title='bbox 1494 1045 1538 1072; x_wconf 78' lang='grc' dir='ltr'>τὸν</span> <span class='ocrx_word' id='word_1_608' title='bbox 1548 1045 1648 1080; x_wconf 79' lang='grc' dir='ltr'>κόσμον</span> <span class='ocrx_word' id='word_1_609' title='bbox 1662 1044 1812 1079; x_wconf 74' lang='grc' dir='ltr'>ἐκλάμψας,</span> <span class='ocrx_word' id='word_1_610' title='bbox 1825 1045 1856 1070; x_wconf 76' lang='grc' dir='ltr'>οὺ</span> <span class='ocrx_word' id='word_1_611' title='bbox 1866 1045 1933 1080; x_wconf 80' lang='grc' dir='ltr'>πρό-</span> 
     </span>
    </p>
   </div>
   <div class='ocr_carea' id='block_1_81' title="bbox 1149 1089 1934 1129">
    <p class='ocr_par' dir='ltr' id='par_1_81' title="bbox 1149 1089 1934 1129">
     <span class='ocr_line' id='line_1_81' title="bbox 1149 1089 1934 1129; baseline -0.005 -11"><span class='ocrx_word' id='word_1_612' title='bbox 1149 1100 1227 1127; x_wconf 80' lang='grc' dir='ltr'>τερον</span> <span class='ocrx_word' id='word_1_613' title='bbox 1259 1091 1405 1121; x_wconf 80' lang='grc' dir='ltr'>ὲπαύσατο,</span> <span class='ocrx_word' id='word_1_614' title='bbox 1432 1090 1644 1125; x_wconf 75' lang='grc' dir='ltr'>ἣδιατάξασθαι</span> <span class='ocrx_word' id='word_1_615' title='bbox 1671 1089 1716 1116; x_wconf 63' lang='grc' dir='ltr'><strong>ἐπὶ</strong></span> <span class='ocrx_word' id='word_1_616' title='bbox 1733 1089 1781 1125; x_wconf 80' lang='grc' dir='ltr'>τῆς</span> <span class='ocrx_word' id='word_1_617' title='bbox 1803 1089 1854 1124; x_wconf 77' lang='grc' dir='ltr'>γῆς</span> <span class='ocrx_word' id='word_1_618' title='bbox 1885 1089 1934 1129; x_wconf 70' lang='grc' dir='ltr'>τῂν</span> 
     </span>
    </p>
   </div>
   <div class='ocr_carea' id='block_1_82' title="bbox 1150 1130 1934 1172">
    <p class='ocr_par' dir='ltr' id='par_1_82' title="bbox 1150 1130 1934 1172">
     <span class='ocr_line' id='line_1_82' title="bbox 1150 1130 1934 1172; baseline -0.004 -9"><span class='ocrx_word' id='word_1_619' title='bbox 1150 1138 1213 1172; x_wconf 81' lang='grc' dir='ltr'>περὶ</span> <span class='ocrx_word' id='word_1_620' title='bbox 1227 1136 1445 1171; x_wconf 79' lang='grc' dir='ltr'>τῆςῈκκλησίας</span> <span class='ocrx_word' id='word_1_621' title='bbox 1462 1135 1542 1161; x_wconf 74' lang='grc' dir='ltr'>αὑτοῦ</span> <span class='ocrx_word' id='word_1_622' title='bbox 1554 1135 1682 1170; x_wconf 77' lang='grc' dir='ltr'>διοίκησίν</span> <span class='ocrx_word' id='word_1_623' title='bbox 1692 1143 1721 1161; x_wconf 87' lang='grc' dir='ltr'><strong>τε</strong></span> <span class='ocrx_word' id='word_1_624' title='bbox 1732 1136 1778 1162; x_wconf 79' lang='grc' dir='ltr'>καὶ</span> <span class='ocrx_word' id='word_1_625' title='bbox 1791 1130 1934 1171; x_wconf 69' lang='grc' dir='ltr'>κρίσιν,’ἡν</span> 
     </span>
    </p>
   </div>
   <div class='ocr_carea' id='block_1_83' title="bbox 1150 1181 1627 1218">
    <p class='ocr_par' dir='ltr' id='par_1_83' title="bbox 1150 1181 1627 1218">
     <span class='ocr_line' id='line_1_83' title="bbox 1150 1181 1627 1218; baseline -0.004 -9"><span class='ocrx_word' id='word_1_626' title='bbox 1150 1184 1204 1214; x_wconf 85' lang='grc' dir='ltr'>τοῖς</span> <span class='ocrx_word' id='word_1_627' title='bbox 1220 1182 1300 1209; x_wconf 74' lang='grc' dir='ltr'>αὑτοῦ</span> <span class='ocrx_word' id='word_1_628' title='bbox 1320 1181 1461 1218; x_wconf 80' lang='grc' dir='ltr'>παρέδωκε</span> <span class='ocrx_word' id='word_1_629' title='bbox 1485 1181 1627 1216; x_wconf 75' lang='grc' dir='ltr'>μαθηταῖς.</span> 
     </span>
    </p>
   </div>
   <div class='ocr_carea' id='block_1_84' title="bbox 1188 1226 1935 1263">
    <p class='ocr_par' dir='ltr' id='par_1_84' title="bbox 1188 1226 1935 1263">
     <span class='ocr_line' id='line_1_84' title="bbox 1188 1226 1935 1263; baseline 0.001 -11"><span class='ocrx_word' id='word_1_630' title='bbox 1188 1237 1196 1252; x_wconf 78' lang='grc' dir='ltr'>ι</span> <span class='ocrx_word' id='word_1_631' title='bbox 1216 1227 1294 1254; x_wconf 79' lang='grc' dir='ltr'>Οὕτω</span> <span class='ocrx_word' id='word_1_632' title='bbox 1318 1227 1390 1261; x_wconf 78' lang='grc' dir='ltr'>λέγει</span> <span class='ocrx_word' id='word_1_633' title='bbox 1404 1226 1504 1263; x_wconf 82' lang='grc' dir='ltr'>Κύριος</span> <span class='ocrx_word' id='word_1_634' title='bbox 1518 1227 1532 1253; x_wconf 84' lang='grc' dir='ltr'>ὁ</span> <span class='ocrx_word' id='word_1_635' title='bbox 1549 1227 1614 1258; x_wconf 83' lang='grc' dir='ltr'>Θεὸς</span> <span class='ocrx_word' id='word_1_636' title='bbox 1627 1227 1640 1252; x_wconf 89' lang='lat'><strong>6</strong></span> <span class='ocrx_word' id='word_1_637' title='bbox 1659 1227 1774 1262; x_wconf 80' lang='grc' dir='ltr'><strong>ποιήσας</strong></span> <span class='ocrx_word' id='word_1_638' title='bbox 1791 1227 1836 1253; x_wconf 82' lang='grc' dir='ltr'>τὸν</span> <span class='ocrx_word' id='word_1_639' title='bbox 1853 1227 1935 1263; x_wconf 65' lang='grc' dir='ltr'>οὐρα-</span> 
     </span>
    </p>
   </div>
   <div class='ocr_carea' id='block_1_85' title="bbox 1150 1271 1935 1308">
    <p class='ocr_par' dir='ltr' id='par_1_85' title="bbox 1150 1271 1935 1308">
     <span class='ocr_line' id='line_1_85' title="bbox 1150 1271 1935 1308; baseline 0 -9"><span class='ocrx_word' id='word_1_640' title='bbox 1150 1273 1204 1305; x_wconf 75' lang='grc' dir='ltr'>νὸν,</span> <span class='ocrx_word' id='word_1_641' title='bbox 1222 1273 1268 1299; x_wconf 71' lang='grc' dir='ltr'>καὶ</span> <span class='ocrx_word' id='word_1_642' title='bbox 1284 1273 1370 1308; x_wconf 83' lang='grc' dir='ltr'>πήξας</span> <span class='ocrx_word' id='word_1_643' title='bbox 1391 1272 1481 1306; x_wconf 80' lang='grc' dir='ltr'>αὑτὸν,</span> <span class='ocrx_word' id='word_1_644' title='bbox 1497 1273 1511 1298; x_wconf 89' lang='lat'><strong>6</strong></span> <span class='ocrx_word' id='word_1_645' title='bbox 1526 1271 1678 1307; x_wconf 84' lang='grc' dir='ltr'>στερεώσας</span> <span class='ocrx_word' id='word_1_646' title='bbox 1693 1273 1741 1307; x_wconf 74' lang='grc' dir='ltr'><strong>τὴν</strong></span> <span class='ocrx_word' id='word_1_647' title='bbox 1759 1273 1819 1307; x_wconf 74' lang='grc' dir='ltr'>γῆν,</span> <span class='ocrx_word' id='word_1_648' title='bbox 1833 1273 1881 1299; x_wconf 80' lang='grc' dir='ltr'>καὶ</span> <span class='ocrx_word' id='word_1_649' title='bbox 1901 1273 1935 1299; x_wconf 84' lang='grc' dir='ltr'>τὰ</span> 
     </span>
    </p>
   </div>
   <div class='ocr_carea' id='block_1_86' title="bbox 1150 1318 1935 1355">
    <p class='ocr_par' dir='ltr' id='par_1_86' title="bbox 1150 1318 1935 1355">
     <span class='ocr_line' id='line_1_86' title="bbox 1150 1318 1935 1355; baseline -0.001 -9"><span class='ocrx_word' id='word_1_650' title='bbox 1150 1321 1179 1346; x_wconf 83' lang='grc' dir='ltr'>ὲν</span> <span class='ocrx_word' id='word_1_651' title='bbox 1195 1320 1273 1355; x_wconf 79' lang='grc' dir='ltr'>αὐτῇ,</span> <span class='ocrx_word' id='word_1_652' title='bbox 1291 1320 1337 1346; x_wconf 69' lang='grc' dir='ltr'>καὶ</span> <span class='ocrx_word' id='word_1_653' title='bbox 1350 1319 1437 1350; x_wconf 75' lang='grc' dir='ltr'>διδοὺς</span> <span class='ocrx_word' id='word_1_654' title='bbox 1450 1318 1532 1354; x_wconf 88' lang='grc' dir='ltr'>πνοὴν</span> <span class='ocrx_word' id='word_1_655' title='bbox 1546 1318 1584 1353; x_wconf 84' lang='grc' dir='ltr'>τῷ</span> <span class='ocrx_word' id='word_1_656' title='bbox 1599 1318 1656 1354; x_wconf 84' lang='grc' dir='ltr'>λαῷ</span> <span class='ocrx_word' id='word_1_657' title='bbox 1669 1319 1706 1354; x_wconf 85' lang='grc' dir='ltr'>τῷ</span> <span class='ocrx_word' id='word_1_658' title='bbox 1721 1319 1762 1345; x_wconf 71' lang='grc' dir='ltr'><strong>ἐπ’</strong></span> <span class='ocrx_word' id='word_1_659' title='bbox 1776 1319 1869 1354; x_wconf 73' lang='grc' dir='ltr'>αὐτῆς,</span> <span class='ocrx_word' id='word_1_660' title='bbox 1889 1321 1935 1346; x_wconf 82' lang='grc' dir='ltr'>καὶ</span> 
     </span>
    </p>
   </div>
   <div class='ocr_carea' id='block_1_87' title="bbox 1150 1364 1935 1401">
    <p class='ocr_par' dir='ltr' id='par_1_87' title="bbox 1150 1364 1935 1401">
     <span class='ocr_line' id='line_1_87' title="bbox 1150 1364 1935 1401; baseline -0.001 -9"><span class='ocrx_word' id='word_1_661' title='bbox 1150 1365 1181 1392; x_wconf 83' lang='grc' dir='ltr'>τὸ</span> <span class='ocrx_word' id='word_1_662' title='bbox 1196 1366 1304 1401; x_wconf 77' lang='grc' dir='ltr'>πνεῦμα</span> <span class='ocrx_word' id='word_1_663' title='bbox 1319 1367 1375 1397; x_wconf 86' lang='grc' dir='ltr'>τοῖς</span> <span class='ocrx_word' id='word_1_664' title='bbox 1392 1365 1523 1392; x_wconf 73' lang='grc' dir='ltr'>πατοῦσιν</span> <span class='ocrx_word' id='word_1_665' title='bbox 1545 1364 1638 1400; x_wconf 72' lang='grc' dir='ltr'>αὑτήν.</span> <span class='ocrx_word' id='word_1_666' title='bbox 1658 1374 1667 1390; x_wconf 80' lang='grc'><strong>›</strong></span> <span class='ocrx_word' id='word_1_667' title='bbox 1691 1364 1796 1400; x_wconf 77' lang='grc' dir='ltr'>Σφόδρα</span> <span class='ocrx_word' id='word_1_668' title='bbox 1823 1365 1935 1392; x_wconf 77' lang='grc' dir='ltr'>ἀκολού-</span> 
     </span>
    </p>
   </div>
   <div class='ocr_carea' id='block_1_88' title="bbox 1150 1409 1936 1446">
    <p class='ocr_par' dir='ltr' id='par_1_88' title="bbox 1150 1409 1936 1446">
     <span class='ocr_line' id='line_1_88' title="bbox 1150 1409 1936 1446; baseline 0 -9"><span class='ocrx_word' id='word_1_669' title='bbox 1150 1410 1203 1442; x_wconf 79' lang='grc' dir='ltr'><strong>θως</strong></span> <span class='ocrx_word' id='word_1_670' title='bbox 1213 1419 1220 1426; x_wconf 69' lang='grc'><strong>⁸</strong></span> <span class='ocrx_word' id='word_1_671' title='bbox 1237 1410 1288 1446; x_wconf 82' lang='grc' dir='ltr'><strong>χρὴ</strong></span> <span class='ocrx_word' id='word_1_672' title='bbox 1303 1410 1356 1446; x_wconf 82' lang='grc' dir='ltr'><strong>γὰρ</strong></span> <span class='ocrx_word' id='word_1_673' title='bbox 1370 1410 1444 1446; x_wconf 82' lang='grc' dir='ltr'>ἡμᾶς</span> <span class='ocrx_word' id='word_1_674' title='bbox 1457 1410 1551 1445; x_wconf 84' lang='grc' dir='ltr'><strong>μαθεῖν</strong></span> <span class='ocrx_word' id='word_1_675' title='bbox 1564 1411 1595 1436; x_wconf 86' lang='grc' dir='ltr'>ὲκ</span> <span class='ocrx_word' id='word_1_676' title='bbox 1610 1409 1681 1441; x_wconf 78' lang='grc' dir='ltr'>τίνος</span> <span class='ocrx_word' id='word_1_677' title='bbox 1695 1409 1840 1445; x_wconf 78' lang='grc' dir='ltr'>προσώπου</span> <span class='ocrx_word' id='word_1_678' title='bbox 1857 1409 1891 1446; x_wconf 78' lang='grc' dir='ltr'>ἦν</span> <span class='ocrx_word' id='word_1_679' title='bbox 1901 1411 1936 1438; x_wconf 74' lang='grc' dir='ltr'>τὰ</span> 
     </span>
    </p>
   </div>
   <div class='ocr_carea' id='block_1_89' title="bbox 1150 1456 1934 1493">
    <p class='ocr_par' dir='ltr' id='par_1_89' title="bbox 1150 1456 1934 1493">
     <span class='ocr_line' id='line_1_89' title="bbox 1150 1456 1934 1493; baseline 0 -10"><span class='ocrx_word' id='word_1_680' title='bbox 1150 1457 1212 1492; x_wconf 74' lang='grc' dir='ltr'>περὶ</span> <span class='ocrx_word' id='word_1_681' title='bbox 1225 1457 1341 1492; x_wconf 79' lang='grc' dir='ltr'>Χριστοῦ</span> <span class='ocrx_word' id='word_1_682' title='bbox 1358 1456 1552 1493; x_wconf 80' lang='grc' dir='ltr'>προλεχθέντα,</span> <span class='ocrx_word' id='word_1_683' title='bbox 1572 1456 1679 1491; x_wconf 83' lang='grc' dir='ltr'><strong>Ἐπειδὴ</strong></span> <span class='ocrx_word' id='word_1_684' title='bbox 1702 1456 1755 1491; x_wconf 87' lang='grc' dir='ltr'><strong>γὰρ</strong></span> <span class='ocrx_word' id='word_1_685' title='bbox 1770 1456 1875 1492; x_wconf 69' lang='grc' dir='ltr'>ἁθρόως</span> <span class='ocrx_word' id='word_1_686' title='bbox 1886 1459 1934 1483; x_wconf 86' lang='grc' dir='ltr'><strong>ὲπ-</strong></span> 
     </span>
    </p>
   </div>
   <div class='ocr_carea' id='block_1_90' title="bbox 1149 1501 1935 1538">
    <p class='ocr_par' dir='ltr' id='par_1_90' title="bbox 1149 1501 1935 1538">
     <span class='ocr_line' id='line_1_90' title="bbox 1149 1501 1935 1538; baseline -0.001 -9"><span class='ocrx_word' id='word_1_687' title='bbox 1149 1503 1243 1530; x_wconf 69' lang='grc' dir='ltr'>ἔϐαλεν</span> <span class='ocrx_word' id='word_1_688' title='bbox 1257 1504 1271 1529; x_wconf 83' lang='grc' dir='ltr'><strong>ὀ</strong></span> <span class='ocrx_word' id='word_1_689' title='bbox 1284 1502 1450 1538; x_wconf 75' lang='grc' dir='ltr'>προφητικὸς</span> <span class='ocrx_word' id='word_1_690' title='bbox 1463 1502 1539 1536; x_wconf 83' lang='grc' dir='ltr'>λόγος</span> <span class='ocrx_word' id='word_1_691' title='bbox 1551 1503 1579 1528; x_wconf 78' lang='grc' dir='ltr'>ὲν</span> <span class='ocrx_word' id='word_1_692' title='bbox 1594 1502 1664 1537; x_wconf 71' lang='grc' dir='ltr'><strong>ἀρχῇ</strong></span> <span class='ocrx_word' id='word_1_693' title='bbox 1685 1501 1767 1528; x_wconf 72' lang='grc' dir='ltr'>εἰπὼν</span> <span class='ocrx_word' id='word_1_694' title='bbox 1779 1522 1785 1533; x_wconf 91' lang='grc'><strong>,</strong></span> <span class='ocrx_word' id='word_1_695' title='bbox 1806 1511 1816 1527; x_wconf 77' lang='grc' dir='ltr'>ι</span> <span class='ocrx_word' id='word_1_696' title='bbox 1838 1502 1935 1528; x_wconf 81' lang='grc' dir='ltr'>Ἰακὼῆ</span> 
     </span>
    </p>
   </div>
   <div class='ocr_carea' id='block_1_91' title="bbox 1115 1547 1936 1583">
    <p class='ocr_par' dir='ltr' id='par_1_91' title="bbox 1115 1547 1936 1583">
     <span class='ocr_line' id='line_1_91' title="bbox 1115 1547 1936 1583; baseline -0.002 -8"><span class='ocrx_word' id='word_1_697' title='bbox 1115 1553 1136 1581; x_wconf 83' lang='lat' dir='ltr'><strong>C</strong></span> <span class='ocrx_word' id='word_1_698' title='bbox 1152 1550 1166 1575; x_wconf 84' lang='grc' dir='ltr'>ὀ</span> <span class='ocrx_word' id='word_1_699' title='bbox 1182 1550 1244 1580; x_wconf 82' lang='grc' dir='ltr'>παῖς</span> <span class='ocrx_word' id='word_1_700' title='bbox 1261 1557 1322 1583; x_wconf 75' lang='grc' dir='ltr'>μου.</span> <span class='ocrx_word' id='word_1_701' title='bbox 1338 1547 1489 1583; x_wconf 64' lang='grc' dir='ltr'>ἁντιλήψομ</span> <span class='ocrx_word' id='word_1_702' title='bbox 1499 1556 1517 1573; x_wconf 88' lang='grc' dir='ltr'>-ι</span> <span class='ocrx_word' id='word_1_703' title='bbox 1534 1547 1615 1573; x_wconf 72' lang='grc' dir='ltr'>αὐτοῦ</span> <span class='ocrx_word' id='word_1_704' title='bbox 1629 1555 1635 1562; x_wconf 81' lang='grc'><em>’</em></span> <span class='ocrx_word' id='word_1_705' title='bbox 1656 1547 1762 1582; x_wconf 79' lang='grc' dir='ltr'>Ἰσραὴλ</span> <span class='ocrx_word' id='word_1_706' title='bbox 1777 1548 1791 1574; x_wconf 70' lang='grc' dir='ltr'>ἠ</span> <span class='ocrx_word' id='word_1_707' title='bbox 1805 1547 1936 1579; x_wconf 72' lang='grc' dir='ltr'>ἐκλεκτός</span> 
     </span>
    </p>
   </div>
   <div class='ocr_carea' id='block_1_92' title="bbox 1153 1593 1936 1630">
    <p class='ocr_par' dir='ltr' id='par_1_92' title="bbox 1153 1593 1936 1630">
     <span class='ocr_line' id='line_1_92' title="bbox 1153 1593 1936 1630; baseline -0.003 -9"><span class='ocrx_word' id='word_1_708' title='bbox 1153 1604 1213 1630; x_wconf 86' lang='grc' dir='ltr'>μου.</span> <span class='ocrx_word' id='word_1_709' title='bbox 1248 1594 1422 1629; x_wconf 78' lang='grc' dir='ltr'>προσεδέξατο</span> <span class='ocrx_word' id='word_1_710' title='bbox 1446 1593 1525 1620; x_wconf 78' lang='grc' dir='ltr'>αὑτὸν</span> <span class='ocrx_word' id='word_1_711' title='bbox 1553 1594 1569 1628; x_wconf 74' lang='grc' dir='ltr'>ἡ</span> <span class='ocrx_word' id='word_1_712' title='bbox 1594 1593 1666 1628; x_wconf 73' lang='grc' dir='ltr'>ψυχή</span> <span class='ocrx_word' id='word_1_713' title='bbox 1694 1600 1764 1628; x_wconf 76' lang='grc' dir='ltr'>μου⁸</span> <span class='ocrx_word' id='word_1_714' title='bbox 1793 1593 1883 1620; x_wconf 71' lang='grc' dir='ltr'>ἔδωκα</span> <span class='ocrx_word' id='word_1_715' title='bbox 1907 1594 1936 1620; x_wconf 62' lang='lat' dir='ltr'><strong>re</strong></span> 
     </span>
    </p>
   </div>
   <div class='ocr_carea' id='block_1_93' title="bbox 1151 1636 1936 1675">
    <p class='ocr_par' dir='ltr' id='par_1_93' title="bbox 1151 1636 1936 1675">
     <span class='ocr_line' id='line_1_93' title="bbox 1151 1636 1936 1675; baseline 0 -10"><span class='ocrx_word' id='word_1_716' title='bbox 1151 1639 1259 1675; x_wconf 68' lang='grc' dir='ltr'>ττνεῦμά</span> <span class='ocrx_word' id='word_1_717' title='bbox 1274 1648 1323 1674; x_wconf 83' lang='grc' dir='ltr'><strong>μου</strong></span> <span class='ocrx_word' id='word_1_718' title='bbox 1336 1640 1378 1665; x_wconf 69' lang='grc' dir='ltr'><strong>ἐπ’</strong></span> <span class='ocrx_word' id='word_1_719' title='bbox 1395 1639 1475 1666; x_wconf 72' lang='grc' dir='ltr'>αὐτόν</span> <span class='ocrx_word' id='word_1_720' title='bbox 1485 1648 1492 1654; x_wconf 90' lang='grc'><strong>·</strong></span> <span class='ocrx_word' id='word_1_721' title='bbox 1511 1647 1519 1663; x_wconf 75' lang='grc' dir='ltr'><strong>ι</strong></span> <span class='ocrx_word' id='word_1_722' title='bbox 1530 1638 1571 1670; x_wconf 73' lang='grc' dir='ltr'><strong>τίς</strong></span> <span class='ocrx_word' id='word_1_723' title='bbox 1585 1638 1613 1664; x_wconf 79' lang='grc' dir='ltr'><strong>δὲ</strong></span> <span class='ocrx_word' id='word_1_724' title='bbox 1628 1636 1661 1674; x_wconf 80' lang='grc' dir='ltr'>ἦν</span> <span class='ocrx_word' id='word_1_725' title='bbox 1674 1639 1688 1664; x_wconf 81' lang='lat'><strong>6</strong></span> <span class='ocrx_word' id='word_1_726' title='bbox 1711 1638 1797 1666; x_wconf 77' lang='grc' dir='ltr'>ταῦτα</span> <span class='ocrx_word' id='word_1_727' title='bbox 1818 1638 1936 1674; x_wconf 71' lang='grc' dir='ltr'>εἰρηκὼς</span> 
     </span>
    </p>
   </div>
   <div class='ocr_carea' id='block_1_94' title="bbox 1151 1684 1936 1722">
    <p class='ocr_par' dir='ltr' id='par_1_94' title="bbox 1151 1684 1936 1722">
     <span class='ocr_line' id='line_1_94' title="bbox 1151 1684 1936 1722; baseline 0 -10"><span class='ocrx_word' id='word_1_728' title='bbox 1151 1687 1181 1713; x_wconf 74' lang='grc' dir='ltr'>οὐ</span> <span class='ocrx_word' id='word_1_729' title='bbox 1199 1685 1379 1722; x_wconf 76' lang='grc' dir='ltr'>προεδίδαξεν,</span> <span class='ocrx_word' id='word_1_730' title='bbox 1398 1685 1551 1719; x_wconf 77' lang='grc' dir='ltr'>ἀναγκαίως</span> <span class='ocrx_word' id='word_1_731' title='bbox 1565 1684 1611 1711; x_wconf 71' lang='grc' dir='ltr'><strong>ἐπὶ</strong></span> <span class='ocrx_word' id='word_1_732' title='bbox 1630 1684 1676 1711; x_wconf 75' lang='grc' dir='ltr'>τοῦ</span> <span class='ocrx_word' id='word_1_733' title='bbox 1694 1685 1825 1720; x_wconf 77' lang='grc' dir='ltr'>παρόντος</span> <span class='ocrx_word' id='word_1_734' title='bbox 1841 1685 1936 1712; x_wconf 76' lang='grc' dir='ltr'>διασα-</span> 
     </span>
    </p>
   </div>
   <div class='ocr_carea' id='block_1_95' title="bbox 1153 1729 1936 1766">
    <p class='ocr_par' dir='ltr' id='par_1_95' title="bbox 1153 1729 1936 1766">
     <span class='ocr_line' id='line_1_95' title="bbox 1153 1729 1936 1766; baseline -0.001 -8"><span class='ocrx_word' id='word_1_735' title='bbox 1153 1733 1197 1766; x_wconf 71' lang='grc' dir='ltr'>φεῖ</span> <span class='ocrx_word' id='word_1_736' title='bbox 1207 1732 1252 1758; x_wconf 72' lang='grc' dir='ltr'><strong>τὸν</strong></span> <span class='ocrx_word' id='word_1_737' title='bbox 1266 1731 1351 1757; x_wconf 74' lang='grc' dir='ltr'>ταῦτα</span> <span class='ocrx_word' id='word_1_738' title='bbox 1366 1730 1545 1757; x_wconf 79' lang='grc' dir='ltr'>τεθεσπικότα</span> <span class='ocrx_word' id='word_1_739' title='bbox 1555 1739 1561 1744; x_wconf 93' lang='grc'><strong>·</strong></span> <span class='ocrx_word' id='word_1_740' title='bbox 1578 1730 1617 1756; x_wconf 79' lang='grc' dir='ltr'><strong>διδ</strong></span> <span class='ocrx_word' id='word_1_741' title='bbox 1645 1730 1768 1765; x_wconf 64' lang='grc' dir='ltr'>ἐπιφέρει</span> <span class='ocrx_word' id='word_1_742' title='bbox 1782 1730 1813 1756; x_wconf 82' lang='grc' dir='ltr'>τὸ</span> <span class='ocrx_word' id='word_1_743' title='bbox 1824 1749 1832 1761; x_wconf 81' lang='grc'><strong>,</strong></span> <span class='ocrx_word' id='word_1_744' title='bbox 1858 1739 1867 1756; x_wconf 79' lang='grc' dir='ltr'><strong>ι</strong></span> <span class='ocrx_word' id='word_1_745' title='bbox 1885 1729 1936 1757; x_wconf 80' lang='grc' dir='ltr'><strong>Οὖ-</strong></span> 
     </span>
    </p>
   </div>
   <div class='ocr_carea' id='block_1_96' title="bbox 1151 1773 1936 1813">
    <p class='ocr_par' dir='ltr' id='par_1_96' title="bbox 1151 1773 1936 1813">
     <span class='ocr_line' id='line_1_96' title="bbox 1151 1773 1936 1813; baseline -0.004 -10"><span class='ocrx_word' id='word_1_746' title='bbox 1151 1786 1205 1809; x_wconf 86' lang='grc' dir='ltr'>τως</span> <span class='ocrx_word' id='word_1_747' title='bbox 1221 1775 1280 1803; x_wconf 83' lang='grc' dir='ltr'>εἷπε</span> <span class='ocrx_word' id='word_1_748' title='bbox 1295 1777 1396 1813; x_wconf 81' lang='grc' dir='ltr'>Κύριος</span> <span class='ocrx_word' id='word_1_749' title='bbox 1413 1777 1426 1802; x_wconf 89' lang='lat'><strong>6</strong></span> <span class='ocrx_word' id='word_1_750' title='bbox 1439 1776 1520 1807; x_wconf 80' lang='grc' dir='ltr'>Θεός·</span> <span class='ocrx_word' id='word_1_751' title='bbox 1545 1785 1553 1801; x_wconf 80' lang='grc' dir='ltr'><strong>ι</strong></span> <span class='ocrx_word' id='word_1_752' title='bbox 1580 1774 1660 1806; x_wconf 76' lang='grc' dir='ltr'>αὐτὸς</span> <span class='ocrx_word' id='word_1_753' title='bbox 1674 1775 1728 1810; x_wconf 65' lang='grc' dir='ltr'><strong>γὰρ</strong></span> <span class='ocrx_word' id='word_1_754' title='bbox 1739 1773 1772 1810; x_wconf 80' lang='grc' dir='ltr'>ἦν</span> <span class='ocrx_word' id='word_1_755' title='bbox 1791 1776 1805 1801; x_wconf 82' lang='grc' dir='ltr'>ὁ</span> <span class='ocrx_word' id='word_1_756' title='bbox 1815 1774 1850 1800; x_wconf 79' lang='grc' dir='ltr'>τὰ</span> <span class='ocrx_word' id='word_1_757' title='bbox 1863 1775 1936 1810; x_wconf 80' lang='grc' dir='ltr'>πρῶ-</span> 
     </span>
    </p>
   </div>
   <div class='ocr_carea' id='block_1_97' title="bbox 1152 1819 1935 1857">
    <p class='ocr_par' dir='ltr' id='par_1_97' title="bbox 1152 1819 1935 1857">
     <span class='ocr_line' id='line_1_97' title="bbox 1152 1819 1935 1857; baseline -0.004 -9"><span class='ocrx_word' id='word_1_758' title='bbox 1152 1830 1185 1848; x_wconf 86' lang='grc' dir='ltr'><strong>τα</strong></span> <span class='ocrx_word' id='word_1_759' title='bbox 1200 1820 1326 1857; x_wconf 79' lang='grc' dir='ltr'>εἰρηκὼς,</span> <span class='ocrx_word' id='word_1_760' title='bbox 1343 1821 1390 1847; x_wconf 77' lang='grc' dir='ltr'>καὶ</span> <span class='ocrx_word' id='word_1_761' title='bbox 1417 1820 1450 1846; x_wconf 79' lang='grc' dir='ltr'><strong>τὰ</strong></span> <span class='ocrx_word' id='word_1_762' title='bbox 1466 1820 1529 1855; x_wconf 72' lang='grc' dir='ltr'><strong>ἑξῆς</strong></span> <span class='ocrx_word' id='word_1_763' title='bbox 1543 1819 1742 1853; x_wconf 70' lang='grc' dir='ltr'>ἐπιλεγόμενος.</span> <span class='ocrx_word' id='word_1_764' title='bbox 1761 1819 1792 1845; x_wconf 85' lang='lat' dir='ltr'><strong>El</strong></span> <span class='ocrx_word' id='word_1_765' title='bbox 1812 1819 1866 1854; x_wconf 82' lang='grc' dir='ltr'>γὰρ</span> <span class='ocrx_word' id='word_1_766' title='bbox 1890 1820 1935 1846; x_wconf 74' lang='grc' dir='ltr'>καὶ</span> 
     </span>
    </p>
   </div>
   <div class='ocr_carea' id='block_1_98' title="bbox 1155 1863 1934 1902">
    <p class='ocr_par' dir='ltr' id='par_1_98' title="bbox 1155 1863 1934 1902">
     <span class='ocr_line' id='line_1_98' title="bbox 1155 1863 1934 1902; baseline -0.005 -9"><span class='ocrx_word' id='word_1_767' title='bbox 1155 1867 1271 1902; x_wconf 70' lang='grc' dir='ltr'>μάλιστα</span> <span class='ocrx_word' id='word_1_768' title='bbox 1281 1866 1318 1901; x_wconf 80' lang='grc' dir='ltr'>μὴ</span> <span class='ocrx_word' id='word_1_769' title='bbox 1330 1863 1380 1892; x_wconf 75' lang='grc' dir='ltr'>οἷοί</span> <span class='ocrx_word' id='word_1_770' title='bbox 1393 1866 1424 1892; x_wconf 82' lang='grc' dir='ltr'><em>τέ</em></span> <span class='ocrx_word' id='word_1_771' title='bbox 1440 1866 1512 1896; x_wconf 76' lang='grc' dir='ltr'>ἐστε,</span> <span class='ocrx_word' id='word_1_772' title='bbox 1531 1865 1623 1899; x_wconf 70' lang='grc' dir='ltr'>φησιν,</span> <span class='ocrx_word' id='word_1_773' title='bbox 1640 1865 1717 1899; x_wconf 82' lang='grc' dir='ltr'>ὑμεῖς</span> <span class='ocrx_word' id='word_1_774' title='bbox 1743 1865 1766 1890; x_wconf 74' lang='lat' dir='ltr'><strong>oi</strong></span> <span class='ocrx_word' id='word_1_775' title='bbox 1787 1863 1934 1899; x_wconf 78' lang='grc' dir='ltr'>ἂνθρωποι,</span> 
     </span>
    </p>
   </div>
   <div class='ocr_carea' id='block_1_99' title="bbox 1153 1909 1927 1949">
    <p class='ocr_par' dir='ltr' id='par_1_99' title="bbox 1153 1909 1927 1949">
     <span class='ocr_line' id='line_1_99' title="bbox 1153 1909 1927 1949; baseline -0.004 -10"><span class='ocrx_word' id='word_1_776' title='bbox 1153 1913 1202 1949; x_wconf 85' lang='grc' dir='ltr'>τὴν</span> <span class='ocrx_word' id='word_1_777' title='bbox 1218 1912 1307 1947; x_wconf 65' lang='grc' dir='ltr'>ἁφανῆ</span> <span class='ocrx_word' id='word_1_778' title='bbox 1323 1912 1370 1938; x_wconf 70' lang='grc' dir='ltr'>καὶ</span> <span class='ocrx_word' id='word_1_779' title='bbox 1385 1911 1527 1946; x_wconf 77' lang='grc' dir='ltr'>ἀσώματον</span> <span class='ocrx_word' id='word_1_780' title='bbox 1545 1911 1637 1937; x_wconf 67' lang='grc' dir='ltr'>οὐσίαν</span> <span class='ocrx_word' id='word_1_781' title='bbox 1655 1909 1819 1936; x_wconf 80' lang='grc' dir='ltr'>ἐποπτεῦσαι</span> <span class='ocrx_word' id='word_1_782' title='bbox 1843 1909 1927 1936; x_wconf 74' lang='grc' dir='ltr'><strong>Θεοῦτ</strong></span> 
     </span>
    </p>
   </div>
   <div class='ocr_carea' id='block_1_100' title="bbox 1153 1955 1936 1992">
    <p class='ocr_par' dir='ltr' id='par_1_100' title="bbox 1153 1955 1936 1992">
     <span class='ocr_line' id='line_1_100' title="bbox 1153 1955 1936 1992; baseline -0.005 -7"><span class='ocrx_word' id='word_1_783' title='bbox 1153 1959 1210 1985; x_wconf 79' lang='grc' dir='ltr'>ἀλλ’</span> <span class='ocrx_word' id='word_1_784' title='bbox 1225 1957 1420 1992; x_wconf 76' lang='grc' dir='ltr'>ἀναϐλέψαντες</span> <span class='ocrx_word' id='word_1_785' title='bbox 1442 1958 1480 1988; x_wconf 85' lang='grc' dir='ltr'>εἰς</span> <span class='ocrx_word' id='word_1_786' title='bbox 1504 1956 1535 1983; x_wconf 80' lang='grc' dir='ltr'>τὸ</span> <span class='ocrx_word' id='word_1_787' title='bbox 1549 1956 1662 1991; x_wconf 75' lang='grc' dir='ltr'>μέγεθος</span> <span class='ocrx_word' id='word_1_788' title='bbox 1678 1955 1725 1982; x_wconf 75' lang='grc' dir='ltr'><strong>τοῦ</strong></span> <span class='ocrx_word' id='word_1_789' title='bbox 1739 1956 1865 1981; x_wconf 69' lang='grc' dir='ltr'>τοσούτου</span> <span class='ocrx_word' id='word_1_790' title='bbox 1891 1963 1936 1981; x_wconf 71' lang='lat' dir='ltr'><strong>ot.&quot;</strong></span> 
     </span>
    </p>
   </div>
   <div class='ocr_carea' id='block_1_101' title="bbox 1156 2000 1936 2039">
    <p class='ocr_par' dir='ltr' id='par_1_101' title="bbox 1156 2000 1936 2039">
     <span class='ocr_line' id='line_1_101' title="bbox 1156 2000 1936 2039; baseline -0.006 -9"><span class='ocrx_word' id='word_1_791' title='bbox 1156 2003 1245 2039; x_wconf 83' lang='grc' dir='ltr'>ρανοῦ,</span> <span class='ocrx_word' id='word_1_792' title='bbox 1269 2002 1412 2037; x_wconf 78' lang='grc' dir='ltr'>λογίσασθε</span> <span class='ocrx_word' id='word_1_793' title='bbox 1439 2002 1529 2033; x_wconf 82' lang='grc' dir='ltr'>ὁποῖός</span> <span class='ocrx_word' id='word_1_794' title='bbox 1554 2010 1595 2032; x_wconf 88' lang='grc' dir='ltr'><strong>τις</strong></span> <span class='ocrx_word' id='word_1_795' title='bbox 1618 2001 1746 2035; x_wconf 81' lang='grc' dir='ltr'><strong>τυγχάνει</strong></span> <span class='ocrx_word' id='word_1_796' title='bbox 1771 2001 1786 2025; x_wconf 79' lang='grc' dir='ltr'><strong>ὁ</strong></span> <span class='ocrx_word' id='word_1_797' title='bbox 1810 2000 1936 2026; x_wconf 68' lang='grc' dir='ltr'>τοσοῦτον</span> 
     </span>
    </p>
   </div>
   <div class='ocr_carea' id='block_1_102' title="bbox 1156 2044 1934 2083">
    <p class='ocr_par' dir='ltr' id='par_1_102' title="bbox 1156 2044 1934 2083">
     <span class='ocr_line' id='line_1_102' title="bbox 1156 2044 1934 2083; baseline -0.006 -9"><span class='ocrx_word' id='word_1_798' title='bbox 1156 2047 1267 2083; x_wconf 62' lang='grc' dir='ltr'>μέγεθος</span> <span class='ocrx_word' id='word_1_799' title='bbox 1294 2046 1508 2081; x_wconf 75' lang='grc' dir='ltr'>διαπηξάμενος·</span> <span class='ocrx_word' id='word_1_800' title='bbox 1531 2045 1598 2071; x_wconf 85' lang='grc' dir='ltr'><strong>ἀλλὰ</strong></span> <span class='ocrx_word' id='word_1_801' title='bbox 1625 2045 1672 2072; x_wconf 74' lang='grc' dir='ltr'>καὶ</span> <span class='ocrx_word' id='word_1_802' title='bbox 1688 2045 1735 2070; x_wconf 78' lang='grc' dir='ltr'><strong>ἐπὶ</strong></span> <span class='ocrx_word' id='word_1_803' title='bbox 1750 2044 1799 2079; x_wconf 74' lang='grc' dir='ltr'>τὴν</span> <span class='ocrx_word' id='word_1_804' title='bbox 1818 2044 1870 2079; x_wconf 83' lang='grc' dir='ltr'>γῆν</span> <span class='ocrx_word' id='word_1_805' title='bbox 1885 2044 1934 2070; x_wconf 77' lang='grc' dir='ltr'><strong>αὺ-</strong></span> 
     </span>
    </p>
   </div>
   <div class='ocr_carea' id='block_1_103' title="bbox 1153 2090 1935 2128">
    <p class='ocr_par' dir='ltr' id='par_1_103' title="bbox 1153 2090 1935 2128">
     <span class='ocr_line' id='line_1_103' title="bbox 1153 2090 1935 2128; baseline -0.005 -9"><span class='ocrx_word' id='word_1_806' title='bbox 1153 2093 1202 2128; x_wconf 74' lang='grc' dir='ltr'>τὴν</span> <span class='ocrx_word' id='word_1_807' title='bbox 1231 2092 1441 2126; x_wconf 65' lang='grc' dir='ltr'>ἀποϐλέψαντες,</span> <span class='ocrx_word' id='word_1_808' title='bbox 1461 2091 1547 2124; x_wconf 69' lang='grc' dir='ltr'>ὁπόση</span> <span class='ocrx_word' id='word_1_809' title='bbox 1563 2091 1604 2122; x_wconf 82' lang='grc' dir='ltr'><strong>τίς</strong></span> <span class='ocrx_word' id='word_1_810' title='bbox 1615 2091 1682 2121; x_wconf 81' lang='grc' dir='ltr'>ἐστι,</span> <span class='ocrx_word' id='word_1_811' title='bbox 1697 2090 1744 2116; x_wconf 74' lang='grc' dir='ltr'>καὶ</span> <span class='ocrx_word' id='word_1_812' title='bbox 1757 2090 1793 2121; x_wconf 75' lang='grc' dir='ltr'>ὡς</span> <span class='ocrx_word' id='word_1_813' title='bbox 1808 2090 1935 2122; x_wconf 76' lang='grc' dir='ltr'>ἀκίνητος</span> 
     </span>
    </p>
   </div>
   <div class='ocr_carea' id='block_1_104' title="bbox 1153 2136 1935 2173">
    <p class='ocr_par' dir='ltr' id='par_1_104' title="bbox 1153 2136 1935 2173">
     <span class='ocr_line' id='line_1_104' title="bbox 1153 2136 1935 2173; baseline -0.005 -8"><span class='ocrx_word' id='word_1_814' title='bbox 1153 2139 1198 2165; x_wconf 80' lang='grc' dir='ltr'><strong>τὸν</strong></span> <span class='ocrx_word' id='word_1_815' title='bbox 1215 2138 1359 2173; x_wconf 78' lang='grc' dir='ltr'>σύμπαντα</span> <span class='ocrx_word' id='word_1_816' title='bbox 1375 2137 1460 2164; x_wconf 83' lang='grc' dir='ltr'>αἰῶνα</span> <span class='ocrx_word' id='word_1_817' title='bbox 1479 2137 1610 2172; x_wconf 75' lang='grc' dir='ltr'>ἥόρασται</span> <span class='ocrx_word' id='word_1_818' title='bbox 1625 2136 1805 2172; x_wconf 74' lang='grc' dir='ltr'>ὲρῤιζωμένη,</span> <span class='ocrx_word' id='word_1_819' title='bbox 1825 2137 1874 2162; x_wconf 75' lang='grc' dir='ltr'>καὶ</span> <span class='ocrx_word' id='word_1_820' title='bbox 1892 2144 1935 2162; x_wconf 86' lang='grc' dir='ltr'>τε-</span> 
     </span>
    </p>
   </div>
   <div class='ocr_carea' id='block_1_105' title="bbox 1154 2181 1935 2218">
    <p class='ocr_par' dir='ltr' id='par_1_105' title="bbox 1154 2181 1935 2218">
     <span class='ocr_line' id='line_1_105' title="bbox 1154 2181 1935 2218; baseline -0.003 -9"><span class='ocrx_word' id='word_1_821' title='bbox 1154 2182 1349 2218; x_wconf 80' lang='grc' dir='ltr'>θεμελιωμένη.</span> <span class='ocrx_word' id='word_1_822' title='bbox 1362 2183 1399 2214; x_wconf 82' lang='grc' dir='ltr'>ὡς</span> <span class='ocrx_word' id='word_1_823' title='bbox 1415 2182 1524 2217; x_wconf 82' lang='grc' dir='ltr'>μηδαμῆ</span> <span class='ocrx_word' id='word_1_824' title='bbox 1541 2182 1672 2217; x_wconf 75' lang='grc' dir='ltr'>μηδαμῶς</span> <span class='ocrx_word' id='word_1_825' title='bbox 1685 2181 1828 2208; x_wconf 74' lang='grc' dir='ltr'>κινεῖσθαι·</span> <span class='ocrx_word' id='word_1_826' title='bbox 1844 2183 1935 2217; x_wconf 67' lang='grc' dir='ltr'>ιννοή-</span> 
     </span>
    </p>
   </div>
   <div class='ocr_carea' id='block_1_106' title="bbox 1117 2226 1935 2264">
    <p class='ocr_par' dir='ltr' id='par_1_106' title="bbox 1117 2226 1935 2264">
     <span class='ocr_line' id='line_1_106' title="bbox 1117 2226 1935 2264; baseline -0.002 -9"><span class='ocrx_word' id='word_1_827' title='bbox 1117 2234 1138 2260; x_wconf 77' lang='grc' dir='ltr'>ῃ</span> <span class='ocrx_word' id='word_1_828' title='bbox 1153 2238 1215 2256; x_wconf 82' lang='grc' dir='ltr'>σατε</span> <span class='ocrx_word' id='word_1_829' title='bbox 1244 2229 1308 2264; x_wconf 82' lang='grc' dir='ltr'>ὅσης</span> <span class='ocrx_word' id='word_1_830' title='bbox 1329 2229 1448 2264; x_wconf 68' lang='grc' dir='ltr'>ἀρρήτου</span> <span class='ocrx_word' id='word_1_831' title='bbox 1466 2229 1581 2264; x_wconf 75' lang='grc' dir='ltr'>ὑπάρχει</span> <span class='ocrx_word' id='word_1_832' title='bbox 1601 2227 1740 2262; x_wconf 82' lang='grc' dir='ltr'>δυνάμεως</span> <span class='ocrx_word' id='word_1_833' title='bbox 1753 2228 1766 2253; x_wconf 82' lang='grc' dir='ltr'><strong>ό</strong></span> <span class='ocrx_word' id='word_1_834' title='bbox 1783 2226 1935 2263; x_wconf 52' lang='lat' dir='ltr'><strong>cupidum;</strong></span> 
     </span>
    </p>
   </div>
   <div class='ocr_carea' id='block_1_107' title="bbox 1153 2272 1936 2309">
    <p class='ocr_par' dir='ltr' id='par_1_107' title="bbox 1153 2272 1936 2309">
     <span class='ocr_line' id='line_1_107' title="bbox 1153 2272 1936 2309; baseline -0.003 -9"><span class='ocrx_word' id='word_1_835' title='bbox 1153 2274 1246 2309; x_wconf 79' lang='grc' dir='ltr'>αὐτὴν,</span> <span class='ocrx_word' id='word_1_836' title='bbox 1259 2274 1368 2309; x_wconf 75' lang='grc' dir='ltr'>γόνιμόν</span> <span class='ocrx_word' id='word_1_837' title='bbox 1382 2283 1411 2300; x_wconf 84' lang='grc' dir='ltr'><strong>τε</strong></span> <span class='ocrx_word' id='word_1_838' title='bbox 1427 2274 1473 2300; x_wconf 73' lang='grc' dir='ltr'>καὶ</span> <span class='ocrx_word' id='word_1_839' title='bbox 1485 2273 1596 2308; x_wconf 79' lang='grc' dir='ltr'>καρπῶν</span> <span class='ocrx_word' id='word_1_840' title='bbox 1610 2273 1730 2307; x_wconf 76' lang='grc' dir='ltr'>οἱστικὴν</span> <span class='ocrx_word' id='word_1_841' title='bbox 1749 2272 1832 2307; x_wconf 74' lang='grc' dir='ltr'>αὐτὴν</span> <span class='ocrx_word' id='word_1_842' title='bbox 1851 2273 1936 2308; x_wconf 79' lang='grc' dir='ltr'>ἁπερ-</span> 
     </span>
    </p>
   </div>
   <div class='ocr_carea' id='block_1_108' title="bbox 1152 2317 1935 2355">
    <p class='ocr_par' dir='ltr' id='par_1_108' title="bbox 1152 2317 1935 2355">
     <span class='ocr_line' id='line_1_108' title="bbox 1152 2317 1935 2355; baseline -0.003 -9"><span class='ocrx_word' id='word_1_843' title='bbox 1152 2321 1314 2355; x_wconf 77' lang='grc' dir='ltr'>γασάμενος,</span> <span class='ocrx_word' id='word_1_844' title='bbox 1327 2320 1364 2351; x_wconf 86' lang='grc' dir='ltr'>ὡς</span> <span class='ocrx_word' id='word_1_845' title='bbox 1374 2319 1492 2346; x_wconf 80' lang='grc' dir='ltr'>τοσαῦτα</span> <span class='ocrx_word' id='word_1_846' title='bbox 1511 2319 1566 2351; x_wconf 84' lang='grc' dir='ltr'><strong>ζῶα</strong></span> <span class='ocrx_word' id='word_1_847' title='bbox 1580 2319 1625 2345; x_wconf 77' lang='grc' dir='ltr'>καὶ</span> <span class='ocrx_word' id='word_1_848' title='bbox 1642 2317 1712 2352; x_wconf 72' lang='grc' dir='ltr'>φυτὰ</span> <span class='ocrx_word' id='word_1_849' title='bbox 1726 2317 1935 2353; x_wconf 73' lang='grc' dir='ltr'>προὸάλλεσθαι.</span> 
     </span>
    </p>
   </div>
   <div class='ocr_carea' id='block_1_109' title="bbox 1159 2363 1935 2400">
    <p class='ocr_par' dir='ltr' id='par_1_109' title="bbox 1159 2363 1935 2400">
     <span class='ocr_line' id='line_1_109' title="bbox 1159 2363 1935 2400; baseline -0.005 -8"><span class='ocrx_word' id='word_1_850' title='bbox 1159 2365 1187 2391; x_wconf 80' lang='grc'><strong>’0</strong></span> <span class='ocrx_word' id='word_1_851' title='bbox 1199 2365 1231 2400; x_wconf 84' lang='grc' dir='ltr'>δὴ</span> <span class='ocrx_word' id='word_1_852' title='bbox 1245 2363 1291 2392; x_wconf 77' lang='grc' dir='ltr'><strong>οὖν</strong></span> <span class='ocrx_word' id='word_1_853' title='bbox 1305 2365 1421 2391; x_wconf 74' lang='grc' dir='ltr'>τοσαῦτα</span> <span class='ocrx_word' id='word_1_854' title='bbox 1432 2364 1516 2399; x_wconf 81' lang='grc' dir='ltr'>κάλλη</span> <span class='ocrx_word' id='word_1_855' title='bbox 1532 2364 1577 2390; x_wconf 73' lang='grc' dir='ltr'>καὶ</span> <span class='ocrx_word' id='word_1_856' title='bbox 1597 2363 1698 2399; x_wconf 78' lang='grc' dir='ltr'>μεγέθη</span> <span class='ocrx_word' id='word_1_857' title='bbox 1716 2363 1935 2394; x_wconf 78' lang='grc' dir='ltr'>κατασκευάσας,</span> 
     </span>
    </p>
   </div>
   <div class='ocr_carea' id='block_1_110' title="bbox 1155 2405 1937 2446">
    <p class='ocr_par' dir='ltr' id='par_1_110' title="bbox 1155 2405 1937 2446">
     <span class='ocr_line' id='line_1_110' title="bbox 1155 2405 1937 2446; baseline -0.005 -8"><span class='ocrx_word' id='word_1_858' title='bbox 1155 2411 1255 2446; x_wconf 71' lang='grc' dir='ltr'>Κύριος</span> <span class='ocrx_word' id='word_1_859' title='bbox 1266 2411 1312 2437; x_wconf 83' lang='grc' dir='ltr'><strong>καί</strong></span> <span class='ocrx_word' id='word_1_860' title='bbox 1320 2411 1384 2443; x_wconf 77' lang='grc' dir='ltr'>Θεὸς</span> <span class='ocrx_word' id='word_1_861' title='bbox 1396 2411 1448 2436; x_wconf 84' lang='grc' dir='ltr'>τῶν</span> <span class='ocrx_word' id='word_1_862' title='bbox 1460 2410 1538 2441; x_wconf 78' lang='grc' dir='ltr'>ὅλων,</span> <span class='ocrx_word' id='word_1_863' title='bbox 1551 2405 1627 2440; x_wconf 74' lang='grc' dir='ltr'>οὗτος</span> <span class='ocrx_word' id='word_1_864' title='bbox 1637 2408 1671 2434; x_wconf 76' lang='grc' dir='ltr'><strong>τὰ</strong></span> <span class='ocrx_word' id='word_1_865' title='bbox 1685 2408 1866 2444; x_wconf 62' lang='grc' dir='ltr'>προλελοέντα</span> <span class='ocrx_word' id='word_1_866' title='bbox 1874 2408 1937 2444; x_wconf 77' lang='grc' dir='ltr'>περὶ</span> 
     </span>
    </p>
   </div>
   <div class='ocr_carea' id='block_1_111' title="bbox 1151 2457 1501 2494">
    <p class='ocr_par' dir='ltr' id='par_1_111' title="bbox 1151 2457 1501 2494">
     <span class='ocr_line' id='line_1_111' title="bbox 1151 2457 1501 2494; baseline -0.009 -10"><span class='ocrx_word' id='word_1_867' title='bbox 1151 2458 1197 2484; x_wconf 78' lang='grc' dir='ltr'>τοῦ</span> <span class='ocrx_word' id='word_1_868' title='bbox 1214 2457 1330 2493; x_wconf 80' lang='grc' dir='ltr'>Χριστοῦ</span> <span class='ocrx_word' id='word_1_869' title='bbox 1344 2457 1501 2494; x_wconf 51' lang='grc' dir='ltr'><strong>ἐθέσπισενἱ</strong></span> 
     </span>
    </p>
   </div>
   <div class='ocr_carea' id='block_1_112' title="bbox 1189 2499 1938 2538">
    <p class='ocr_par' dir='ltr' id='par_1_112' title="bbox 1189 2499 1938 2538">
     <span class='ocr_line' id='line_1_112' title="bbox 1189 2499 1938 2538; baseline -0.004 -9"><span class='ocrx_word' id='word_1_870' title='bbox 1189 2513 1198 2528; x_wconf 86' lang='grc'><strong><em>‹</em></strong></span> <span class='ocrx_word' id='word_1_871' title='bbox 1222 2502 1293 2537; x_wconf 85' lang='grc' dir='ltr'>Ἐγὼ</span> <span class='ocrx_word' id='word_1_872' title='bbox 1304 2503 1404 2538; x_wconf 80' lang='grc' dir='ltr'>Κύριος</span> <span class='ocrx_word' id='word_1_873' title='bbox 1417 2503 1431 2528; x_wconf 84' lang='grc' dir='ltr'><strong>ὁ</strong></span> <span class='ocrx_word' id='word_1_874' title='bbox 1444 2501 1507 2533; x_wconf 84' lang='grc' dir='ltr'>Θεὸς</span> <span class='ocrx_word' id='word_1_875' title='bbox 1524 2501 1640 2528; x_wconf 70' lang='grc' dir='ltr'>ὲκάλεσᾶ</span> <span class='ocrx_word' id='word_1_876' title='bbox 1661 2509 1690 2527; x_wconf 88' lang='grc' dir='ltr'><strong>σε</strong></span> <span class='ocrx_word' id='word_1_877' title='bbox 1715 2501 1743 2527; x_wconf 81' lang='grc' dir='ltr'>ἐν</span> <span class='ocrx_word' id='word_1_878' title='bbox 1768 2499 1938 2535; x_wconf 78' lang='grc' dir='ltr'>δικαιοσύνῃ,</span> 
     </span>
    </p>
   </div>
   <div class='ocr_carea' id='block_1_113' title="bbox 1151 2545 1937 2584">
    <p class='ocr_par' dir='ltr' id='par_1_113' title="bbox 1151 2545 1937 2584">
     <span class='ocr_line' id='line_1_113' title="bbox 1151 2545 1937 2584; baseline -0.005 -9"><span class='ocrx_word' id='word_1_879' title='bbox 1151 2549 1198 2575; x_wconf 72' lang='grc' dir='ltr'>καὶ</span> <span class='ocrx_word' id='word_1_880' title='bbox 1210 2549 1339 2584; x_wconf 85' lang='grc' dir='ltr'>κρατήσω</span> <span class='ocrx_word' id='word_1_881' title='bbox 1357 2548 1406 2582; x_wconf 79' lang='grc' dir='ltr'>τῆς</span> <span class='ocrx_word' id='word_1_882' title='bbox 1420 2547 1510 2582; x_wconf 81' lang='grc' dir='ltr'>χειρός</span> <span class='ocrx_word' id='word_1_883' title='bbox 1528 2555 1585 2580; x_wconf 76' lang='grc' dir='ltr'>σου,</span> <span class='ocrx_word' id='word_1_884' title='bbox 1605 2547 1652 2573; x_wconf 82' lang='grc' dir='ltr'><strong>καὶ</strong></span> <span class='ocrx_word' id='word_1_885' title='bbox 1672 2545 1803 2581; x_wconf 77' lang='grc' dir='ltr'>ὲνισχὺσω</span> <span class='ocrx_word' id='word_1_886' title='bbox 1827 2553 1868 2576; x_wconf 81' lang='grc' dir='ltr'>σε.</span> <span class='ocrx_word' id='word_1_887' title='bbox 1892 2546 1937 2572; x_wconf 66' lang='grc' dir='ltr'>καῖ</span> 
     </span>
    </p>
   </div>
   <div class='ocr_carea' id='block_1_114' title="bbox 1150 2590 1937 2627">
    <p class='ocr_par' dir='ltr' id='par_1_114' title="bbox 1150 2590 1937 2627">
     <span class='ocr_line' id='line_1_114' title="bbox 1150 2590 1937 2627; baseline -0.006 -6"><span class='ocrx_word' id='word_1_888' title='bbox 1150 2595 1238 2621; x_wconf 74' lang='grc' dir='ltr'>ἔδωκά</span> <span class='ocrx_word' id='word_1_889' title='bbox 1250 2603 1278 2620; x_wconf 79' lang='grc' dir='ltr'><strong>σε</strong></span> <span class='ocrx_word' id='word_1_890' title='bbox 1290 2595 1328 2624; x_wconf 78' lang='grc' dir='ltr'>εἰς</span> <span class='ocrx_word' id='word_1_891' title='bbox 1345 2592 1476 2627; x_wconf 77' lang='grc' dir='ltr'>διαθήκην</span> <span class='ocrx_word' id='word_1_892' title='bbox 1492 2592 1596 2626; x_wconf 79' lang='grc' dir='ltr'>γένους,</span> <span class='ocrx_word' id='word_1_893' title='bbox 1615 2594 1655 2622; x_wconf 71' lang='grc' dir='ltr'>εἰς</span> <span class='ocrx_word' id='word_1_894' title='bbox 1673 2591 1729 2626; x_wconf 74' lang='grc' dir='ltr'>φῶς</span> <span class='ocrx_word' id='word_1_895' title='bbox 1741 2590 1836 2620; x_wconf 77' lang='grc' dir='ltr'>ἐθνῶν.</span> <span class='ocrx_word' id='word_1_896' title='bbox 1866 2591 1937 2616; x_wconf 65' lang='grc' dir='ltr'>ἀνοῖι</span> 
     </span>
    </p>
   </div>
   <div class='ocr_carea' id='block_1_115' title="bbox 1154 2635 1937 2673">
    <p class='ocr_par' dir='ltr' id='par_1_115' title="bbox 1154 2635 1937 2673">
     <span class='ocr_line' id='line_1_115' title="bbox 1154 2635 1937 2673; baseline -0.006 -8"><span class='ocrx_word' id='word_1_897' title='bbox 1154 2638 1196 2671; x_wconf 79' lang='grc' dir='ltr'>ξαι</span> <span class='ocrx_word' id='word_1_898' title='bbox 1209 2637 1362 2673; x_wconf 72' lang='grc' dir='ltr'>ὀφθαλμοὺς</span> <span class='ocrx_word' id='word_1_899' title='bbox 1385 2636 1492 2671; x_wconf 70' lang='grc' dir='ltr'>τυφλῶν</span> <span class='ocrx_word' id='word_1_900' title='bbox 1503 2657 1510 2666; x_wconf 89' lang='grc'><strong>,</strong></span> <span class='ocrx_word' id='word_1_901' title='bbox 1527 2636 1668 2670; x_wconf 78' lang='grc' dir='ltr'>ἐξαγαγεῖν</span> <span class='ocrx_word' id='word_1_902' title='bbox 1683 2638 1714 2662; x_wconf 83' lang='grc' dir='ltr'>ὲκ</span> <span class='ocrx_word' id='word_1_903' title='bbox 1736 2635 1843 2670; x_wconf 83' lang='grc' dir='ltr'>δεσμῶν</span> <span class='ocrx_word' id='word_1_904' title='bbox 1866 2635 1937 2661; x_wconf 79' lang='grc' dir='ltr'>δεδε-</span> 
     </span>
    </p>
   </div>
   <div class='ocr_carea' id='block_1_116' title="bbox 1155 2681 1937 2720">
    <p class='ocr_par' dir='ltr' id='par_1_116' title="bbox 1155 2681 1937 2720">
     <span class='ocr_line' id='line_1_116' title="bbox 1155 2681 1937 2720; baseline -0.005 -9"><span class='ocrx_word' id='word_1_905' title='bbox 1155 2685 1259 2720; x_wconf 77' lang='grc' dir='ltr'>μένους,</span> <span class='ocrx_word' id='word_1_906' title='bbox 1285 2684 1331 2710; x_wconf 70' lang='grc' dir='ltr'>καλ.</span> <span class='ocrx_word' id='word_1_907' title='bbox 1354 2682 1383 2714; x_wconf 78' lang='grc' dir='ltr'>ἐξ</span> <span class='ocrx_word' id='word_1_908' title='bbox 1406 2683 1479 2708; x_wconf 81' lang='grc' dir='ltr'>οἴκου</span> <span class='ocrx_word' id='word_1_909' title='bbox 1504 2681 1636 2718; x_wconf 76' lang='grc' dir='ltr'>φυλακῆς,</span> <span class='ocrx_word' id='word_1_910' title='bbox 1651 2682 1697 2708; x_wconf 77' lang='grc' dir='ltr'>καὶ</span> <span class='ocrx_word' id='word_1_911' title='bbox 1720 2681 1892 2716; x_wconf 79' lang='grc' dir='ltr'>καθημένους</span> <span class='ocrx_word' id='word_1_912' title='bbox 1908 2682 1937 2707; x_wconf 72' lang='grc' dir='ltr'>ἐν</span> 
     </span>
    </p>
   </div>
   <div class='ocr_carea' id='block_1_117' title="bbox 1153 2725 1937 2763">
    <p class='ocr_par' dir='ltr' id='par_1_117' title="bbox 1153 2725 1937 2763">
     <span class='ocr_line' id='line_1_117' title="bbox 1153 2725 1937 2763; baseline -0.005 -7"><span class='ocrx_word' id='word_1_913' title='bbox 1153 2730 1252 2756; x_wconf 72' lang='grc' dir='ltr'>σκότει.</span> <span class='ocrx_word' id='word_1_914' title='bbox 1272 2739 1280 2754; x_wconf 75' lang='grc' dir='ltr'><strong>ι</strong></span> <span class='ocrx_word' id='word_1_915' title='bbox 1295 2729 1453 2763; x_wconf 73' lang='grc' dir='ltr'>Προσφωνεῐ</span> <span class='ocrx_word' id='word_1_916' title='bbox 1469 2727 1497 2754; x_wconf 78' lang='grc' dir='ltr'><strong>δὲ</strong></span> <span class='ocrx_word' id='word_1_917' title='bbox 1511 2727 1596 2754; x_wconf 76' lang='grc' dir='ltr'>ταῦτα</span> <span class='ocrx_word' id='word_1_918' title='bbox 1611 2726 1650 2762; x_wconf 84' lang='grc' dir='ltr'>τῷ</span> <span class='ocrx_word' id='word_1_919' title='bbox 1669 2726 1798 2762; x_wconf 78' lang='grc' dir='ltr'>ἀνωτέρω</span> <span class='ocrx_word' id='word_1_920' title='bbox 1816 2725 1937 2760; x_wconf 82' lang='grc' dir='ltr'>λεχθέντι</span> 
     </span>
    </p>
   </div>
   <div class='ocr_carea' id='block_1_118' title="bbox 1151 2770 1936 2807">
    <p class='ocr_par' dir='ltr' id='par_1_118' title="bbox 1151 2770 1936 2807">
     <span class='ocr_line' id='line_1_118' title="bbox 1151 2770 1936 2807; baseline -0.005 -6"><span class='ocrx_word' id='word_1_921' title='bbox 1151 2775 1225 2801; x_wconf 72' lang='grc' dir='ltr'>παιδὶ</span> <span class='ocrx_word' id='word_1_922' title='bbox 1239 2772 1346 2804; x_wconf 58' lang='grc' dir='ltr'>αὑτοῦ.</span> <span class='ocrx_word' id='word_1_923' title='bbox 1373 2770 1394 2807; x_wconf 85' lang='grc' dir='ltr'>ᾧ</span> <span class='ocrx_word' id='word_1_924' title='bbox 1417 2773 1447 2799; x_wconf 71' lang='grc' dir='ltr'><strong>τὸ</strong></span> <span class='ocrx_word' id='word_1_925' title='bbox 1469 2772 1566 2799; x_wconf 66' lang='grc' dir='ltr'>ἑαυτοῦ</span> <span class='ocrx_word' id='word_1_926' title='bbox 1585 2772 1691 2807; x_wconf 78' lang='grc' dir='ltr'>πνεῦμα</span> <span class='ocrx_word' id='word_1_927' title='bbox 1707 2771 1800 2798; x_wconf 78' lang='grc' dir='ltr'>δώσειν</span> <span class='ocrx_word' id='word_1_928' title='bbox 1817 2771 1936 2806; x_wconf 72' lang='grc' dir='ltr'>ἐλέγετο.</span> 
     </span>
    </p>
   </div>
   <div class='ocr_carea' id='block_1_119' title="bbox 1153 2816 1936 2855">
    <p class='ocr_par' dir='ltr' id='par_1_119' title="bbox 1153 2816 1936 2855">
     <span class='ocr_line' id='line_1_119' title="bbox 1153 2816 1936 2855; baseline -0.005 -8"><span class='ocrx_word' id='word_1_929' title='bbox 1153 2820 1264 2855; x_wconf 82' lang='grc' dir='ltr'>Πρῶτον</span> <span class='ocrx_word' id='word_1_930' title='bbox 1278 2819 1306 2846; x_wconf 71' lang='grc' dir='ltr'><strong>δὲ</strong></span> <span class='ocrx_word' id='word_1_931' title='bbox 1318 2819 1398 2845; x_wconf 75' lang='grc' dir='ltr'>αὺτδν</span> <span class='ocrx_word' id='word_1_932' title='bbox 1413 2819 1442 2844; x_wconf 84' lang='grc' dir='ltr'><strong>ὲν</strong></span> <span class='ocrx_word' id='word_1_933' title='bbox 1453 2818 1610 2854; x_wconf 80' lang='grc' dir='ltr'>δικαιοσύνῃ</span> <span class='ocrx_word' id='word_1_934' title='bbox 1624 2818 1710 2849; x_wconf 79' lang='grc' dir='ltr'>καλεῖ,</span> <span class='ocrx_word' id='word_1_935' title='bbox 1727 2818 1787 2844; x_wconf 79' lang='grc' dir='ltr'>κατ’</span> <span class='ocrx_word' id='word_1_936' title='bbox 1803 2816 1881 2850; x_wconf 74' lang='grc' dir='ltr'>ἀξίαν</span> <span class='ocrx_word' id='word_1_937' title='bbox 1889 2816 1936 2852; x_wconf 62' lang='grc' dir='ltr'>τὴν</span> 
     </span>
    </p>
   </div>
   <div class='ocr_carea' id='block_1_120' title="bbox 1152 2861 1928 2900">
    <p class='ocr_par' dir='ltr' id='par_1_120' title="bbox 1152 2861 1928 2900">
     <span class='ocr_line' id='line_1_120' title="bbox 1152 2861 1928 2900; baseline -0.004 -9"><span class='ocrx_word' id='word_1_938' title='bbox 1152 2865 1245 2900; x_wconf 75' lang='grc' dir='ltr'>κλῆσιν</span> <span class='ocrx_word' id='word_1_939' title='bbox 1262 2864 1341 2891; x_wconf 72' lang='grc' dir='ltr'>αὐτοῦ</span> <span class='ocrx_word' id='word_1_940' title='bbox 1354 2864 1398 2891; x_wconf 76' lang='grc' dir='ltr'>καὶ</span> <span class='ocrx_word' id='word_1_941' title='bbox 1415 2864 1484 2891; x_wconf 81' lang='grc' dir='ltr'>κατὰ</span> <span class='ocrx_word' id='word_1_942' title='bbox 1501 2865 1530 2890; x_wconf 79' lang='grc' dir='ltr'>τὸ</span> <span class='ocrx_word' id='word_1_943' title='bbox 1543 2863 1645 2890; x_wconf 80' lang='grc' dir='ltr'>δίκαιον</span> <span class='ocrx_word' id='word_1_944' title='bbox 1668 2863 1844 2898; x_wconf 72' lang='grc' dir='ltr'>ποιούμενος·</span> <span class='ocrx_word' id='word_1_945' title='bbox 1867 2861 1928 2888; x_wconf 65' lang='grc' dir='ltr'>ἔσται</span> 
     </span>
    </p>
   </div>
   <div class='ocr_carea' id='block_1_121' title="bbox 1153 2906 1936 2944">
    <p class='ocr_par' dir='ltr' id='par_1_121' title="bbox 1153 2906 1936 2944">
     <span class='ocr_line' id='line_1_121' title="bbox 1153 2906 1936 2944; baseline -0.006 -5"><span class='ocrx_word' id='word_1_946' title='bbox 1153 2915 1185 2939; x_wconf 71' lang='grc' dir='ltr'><strong>τα</strong></span> <span class='ocrx_word' id='word_1_947' title='bbox 1202 2911 1348 2944; x_wconf 69' lang='grc' dir='ltr'>κρατήσειν</span> <span class='ocrx_word' id='word_1_948' title='bbox 1364 2911 1412 2943; x_wconf 75' lang='grc' dir='ltr'>τῆς</span> <span class='ocrx_word' id='word_1_949' title='bbox 1426 2910 1515 2944; x_wconf 71' lang='grc' dir='ltr'>χειρδς</span> <span class='ocrx_word' id='word_1_950' title='bbox 1534 2906 1627 2942; x_wconf 69' lang='grc' dir='ltr'>αὑτοῦ,</span> <span class='ocrx_word' id='word_1_951' title='bbox 1640 2910 1685 2936; x_wconf 77' lang='grc' dir='ltr'>καὶ</span> <span class='ocrx_word' id='word_1_952' title='bbox 1695 2908 1832 2941; x_wconf 72' lang='grc' dir='ltr'>ἑνιογῦσαι</span> <span class='ocrx_word' id='word_1_953' title='bbox 1844 2907 1936 2938; x_wconf 60' lang='grc' dir='ltr'>αὐτὸν.</span> 
     </span>
    </p>
   </div>
  </div>
