2044 3215
578 177 828 206 ΕΟΜἩΕΝΤΑΚΙΑ
845 177 880 206 ιΝ
900 177 1028 209 lSAlAM.
1047 195 1083 202 —-
1100 180 1174 209 CAP.
1194 181 1272 211 XLII.

1676 189 1728 218 390

120 240 168 266 καὶ
190 237 281 275 τρίτον
305 238 455 274 χαριεῖσθαι
479 238 552 274 αὑτῷ
575 239 660 275 δῶρον
690 239 784 275 ὥσπερ
796 248 822 266 τι
840 239 894 274 φῶς

952 245 1097 268 nensurum
1112 262 1119 274 ,
1139 241 1280 276 ipsumque
1300 241 1536 271 eormhoraturum
1550 265 1557 276 .
1575 251 1606 273 ac
1619 247 1727 275 tertium

120 284 202 318 μέγα,
215 284 282 311 πᾶσι
297 286 352 316 τοῖς
364 285 466 311 ἔθνεσιν
480 284 673 318 ἐπαγγέλλεται
692 285 776 319 λέγων
785 294 793 301 ·
813 296 822 312 ι
845 286 899 313 Καὶ

119 329 207 356 ιδωκά
218 337 248 356 σι
265 330 304 361 είς
319 329 449 365 διαθήκην
466 330 570 364 γένους,
585 331 625 362 είς
645 331 702 365 φῶς
713 331 807 359 ἐθνῶν.
824 341 833 358 ›
846 332 901 359 Πά-

118 373 163 402 λαι
181 375 230 410 μὲν
243 373 290 402 οὗν
304 375 347 402 διὰ
361 375 501 407 Μωῡσέως
514 376 562 410 τὴν
577 376 695 403 παλαιὰν
711 377 848 413 Διαθήκην
861 377 900 412 τῷ

124 419 258 457 Ἰουδαίων
273 420 358 447 ἐδίδου
373 421 427 456 λαῷ
439 429 446 436 ·
466 421 579 448 ἐνταῦθα
593 422 619 448 δὲ
638 422 684 449 τὸν
699 423 901 458 προφητευόμε-

118 475 164 492 νον
177 467 218 498 είς
232 466 362 501 διαθήκην
383 466 429 493 τοῦ
444 467 538 501 γένους
560 467 613 494 τῶν
625 468 784 504 ἀνθρώπων,
797 469 843 497 καὶ
860 470 900 501 είς

119 511 178 546 φῶς
194 511 278 538 δθνῶν
291 511 460 548 δωρήσασθαί
474 521 568 549 φησιν’
584 514 656 545 ὅπως
673 515 701 540 ὲν
719 514 793 549 αὑτῷ
818 523 899 549 φωτι-

118 557 227 593 ζόμενοι
238 557 292 584 τῶν
307 558 389 584 πάλαι
408 558 457 590 τὰς
482 558 569 594 ψυχὰς
595 560 699 594 τυφλῶν
720 561 745 586 οι
766 560 899 596 ὀφθαλμοὶ

117 603 303 638 unum“.
316 604 363 630 καὶ
374 604 546 631 ἀναϐλέπωσι
557 605 697 641 διορῶντες
708 606 756 642 τὴν
767 607 813 633 τοῦ
831 606 896 633 Θεοῦ

118 649 229 683 γνῶσιν,
245 650 283 681 ὡς
300 650 397 685 μηκέτι
412 650 497 683 ξύλοις
507 652 553 678 καὶ
566 652 648 683 λίθοις
663 653 708 679 καὶ
722 652 833 688 ἀψύχων
847 653 896 689 mn

117 695 166 731 τὴν
179 695 225 722 τοῦ
248 695 314 722 Θεοῦ
340 697 420 731 τιμὴν
444 698 597 732 ἀπονέμειν.
620 698 736 734 Ἤμελλε
765 699 818 734 γὰρ
836 700 898 732 τοὺς

119 742 222 776 σειραῖς
234 741 287 768 τῶν
296 741 367 768 ἰδίων
380 743 583 778 ἁμαρτημάτων
596 745 835 780 κατεσφιγμένους,
851 746 897 773 καὶ

118 787 147 813 tv
170 787 258 822 σκότῳ
276 795 305 813 τε
327 787 374 814 καὶ
397 787 478 823 κακίᾳ
495 788 695 823 πεπεδημένους
717 789 759 816 διὰ
781 790 831 825 τῆς
850 790 896 817 τοῦ

115 832 185 859 Θεοῦ
212 833 321 868 χάριτος
351 833 491 868 ἁμαρτιῶν
520 834 643 868 ἀφέσεως
665 835 819 868 καταξιοῦν.
850 836 897 863 καὶ

115 875 211 913 ὥσπερ
227 878 260 903 ὲκ
272 876 463 912 δεσμωτηρίων
479 878 604 905 ἀπολύειν
617 878 770 914 ἐλευθέρους
798 887 828 906 τε
851 879 896 906 καί

115 921 296 949 ἀπαλλάττειν
308 922 356 957 τῆς
367 922 413 949 τοῦ
429 923 551 949 διαϐόλου
565 924 684 959 εἱρκτῆς.

150 1021 161 1038 ι
185 1010 255 1046 Ἐγὼ
277 1010 377 1046 Κύριος
391 1012 405 1038 ὁ
424 1011 488 1044 Θεός
498 1019 505 1026 ·
520 1010 597 1038 τοῦτό
612 1011 662 1047 μοῦ
677 1012 744 1038 Δἐστι
758 1012 787 1039 τὸ
800 1012 895 1048 δνομα,

115 1057 166 1094 τὴν
181 1057 260 1091 δόξαν
284 1065 334 1092 μου
349 1057 435 1093 ἑτέρῳ
448 1057 478 1084 οὐ
495 1056 581 1090 δώσω,
593 1057 651 1083 οὐδὲ
663 1057 711 1089 τὰς
726 1058 825 1094 ἀρετάς
845 1067 896 1093 μου

115 1104 172 1135 τοῖς
184 1103 320 1138 γλυττοῖς.
335 1103 375 1130 Τά
389 1103 434 1129 ἀπ’
448 1103 533 1138 ἀρχῆς
558 1102 611 1129 ἰδοὺ
627 1102 709 1137 ἧκασι
719 1123 726 1134 ,
745 1104 792 1130 καὶ
816 1103 896 1130 καινά

115 1147 197 1183 atqui)
211 1149 376 1183 ἀναγγέλλω,
393 1149 439 1175 καὶ
453 1149 504 1184 πρὸ
526 1148 572 1175 τοῦ
595 1148 749 1182 ἀναγγεῖλαι
776 1148 894 1184 ἐδηλώθη

115 1195 188 1230 ὑμῖν.
208 1205 216 1221 ι
239 1195 395 1230 Ἐπιστῆσαι
406 1194 488 1228 ἄξιον,
501 1195 539 1226 ὼς
555 1195 603 1221 οὐκ
618 1195 720 1229 εἴρηται
731 1214 737 1226 ,
750 1195 805 1230 Τὴν
818 1195 895 1227 δόξαν

117 1248 168 1275 μου
181 1239 269 1266 οὐδενὶ
285 1238 377 1266 δώσω·
397 1239 531 1266 δείκνυται
555 1239 603 1274 γὰρ
616 1239 629 1265 ὸ
644 1238 706 1271 Υἱὸς
721 1239 766 1265 τοῦ
791 1238 895 1275 Ηατρὸς

115 1285 184 1320 ιχων
193 1285 242 1321 τὴν
257 1285 349 1318 δόξαν·
361 1285 391 1312 τὺ
408 1285 456 1321 μὲν
478 1285 532 1321 γὰρ
547 1285 642 1316 οὐδενὶ,
669 1286 835 1321 ἀναιρετικὸν
861 1284 895 1321 ἦν

116 1330 214 1362 παντός
224 1338 231 1345 ·
242 1328 272 1357 τὲ
284 1329 315 1365 δὴ
328 1330 412 1366 ἑτέρῳ
421 1330 457 1365 μὴ
469 1330 572 1361 δώσειν,
588 1331 627 1356 ἑνὶ
644 1331 715 1365 μόνῳ
731 1330 778 1365 τὴν
793 1331 895 1366 συγχώ-

116 1375 372 1412 ρησιντγεγενῆσθαι
396 1376 530 1412 ἐμφαίνει,
555 1376 654 1412 δηλαδὴ
668 1376 706 1412 τῷ
727 1385 894 1413 προφητευσ-

117 1422 189 1457 μένῳ
209 1418 291 1452 Οὗτος
303 1421 332 1448 δὲ
340 1420 373 1457 ἦν
391 1422 458 1457 πρὸς
472 1421 501 1449 ὃν
515 1422 621 1456 ἐλέγετο
633 1431 640 1438 ·

153 1519 162 1536 ι
185 1510 316 1538 Ἐκάλεσά
347 1519 376 1537 σε
401 1511 430 1537 ἐν
451 1511 614 1547 δικαιοσύνῃ,
633 1512 678 1538 καὶ
697 1513 824 1548 κρατήσω
846 1513 895 1548 τῆς

114 1556 207 1592 χειρός
220 1565 275 1590 σοι»,
293 1557 339 1584 καὶ¹
355 1556 486 1592 ἐνισχύσω
499 1565 538 1589 σε,
552 1558 598 1584 καὶ
611 1557 696 1584 ἔδωκά
709 1566 738 1584 σε
752 1559 791 1590 είς
802 1558 894 1594 διαθή-

114 1612 166 1639 κην
182 1603 285 1638 γένους,
300 1605 339 1635 είς
354 1603 410 1638 φῶς
424 1603 517 1631 ἐθνῶν.
537 1614 545 1630 ι
564 1604 613 1631 Διὰ
631 1605 731 1632 τούτων
743 1605 782 1639 δὲ,
805 1603 891 1641 οἶμαι,
906 1597 927 1626 c

115 1649 168 1677 τῶν
188 1650 274 1685 λόγων
301 1649 335 1677 τὰ
358 1650 421 1686 ἔθνη
447 1651 533 1677 πάντα
553 1650 691 1683 παιδεύει,
714 1651 815 1687 μηδένα
843 1651 892 1687 μὲν

115 1695 174 1724 θεὸν
198 1695 292 1732 ὑμνεῖν
307 1696 361 1724 τῶν
374 1697 457 1724 πάλαι
472 1697 674 1733 ὀνομαζομένων
693 1699 783 1730 αὐτοῖς
805 1698 873 1726 θεῶν
883 1706 891 1714 ‘

115 1742 194 1778 μόνον
217 1743 244 1769 δὲ
273 1743 319 1771 τὸν
341 1743 457 1779 Χριστὸν
480 1743 526 1770 τοῦ
544 1743 610 1770 Θεοῦ
624 1744 668 1771 καὶ
684 1745 728 1771 τὸν
748 1744 892 1780 πέμψαντα

92 1786 95 1789 λ
114 1788 195 1814 αὐτὸν
211 1788 320 1824 Πατέρα
332 1788 461 1822 δοξάζειν.

150 1855 159 1872 ι
181 1846 334 1881 ’Υμνήσατε
345 1845 383 1882 τῷ
397 1847 491 1882 Κυρίῳ
503 1846 585 1882 ὕμνον
603 1847 708 1874 καινόν·
723 1849 739 1883 ὴ
758 1848 828 1884 ἀρχὴ
848 1848 893 1875 αὗ-

112 1891 171 1918 τοῦ.
199 1901 208 1917 ι
224 1891 307 1918 Τοῦτό
321 1900 385 1928 φησι
398 1893 494 1929 χρῆναι
509 1895 594 1920 ποιεῖν
607 1894 710 1926 πάντας
723 1894 890 1930 ἀνθρώπους.

115 1947 125 1963 ι
141 1937 272 1969 Δοξάζετε
300 1938 330 1964 τὸ
348 1937 429 1974 ΰνομα
446 1939 526 1966 αὑτοῦ
541 1939 587 1966 ἀπ’
604 1940 688 1975 ἄκρου
716 1939 766 1975 τῆς
791 1941 851 1976 γῆς,
867 1941 891 1966 οἱ

113 1983 320 2016 καταϐαίνοντες
332 1983 379 2019 τὴν
392 1984 537 2017 θάλασσαν,
552 1984 599 2012 καὶ
615 1986 740 2018 πλέοντες
756 1986 850 2022 αὐτὴν.
864 1987 891 2013 αί

112 2030 188 2066 νῆσοι
203 2030 250 2057 καὶ
265 2031 290 2057 οῑ
306 2030 492 2062 κατοικοῦντες
508 2031 606 2063 αὐτάςυ
623 2041 632 2057 ι
643 2031 681 2063 ὡς
708 2032 761 2058 ἀπὸ
772 2032 822 2067 τῆς
845 2032 891 2059 τοῦ

112 2075 230 2112 Χριστοῦ
258 2077 440 2113 προσηγορίας
471 2077 639 2113 Χριστιανῶν
667 2078 715 2113 τὴν
748 2078 892 2114 σύμπασαν

112 2121 315 2158 πεπληρῶσθαι.
332 2123 477 2159 Ἀντικρυς
489 2123 557 2155 τοὺς.
566 2123 728 2155 ἀποστόλους
741 2124 787 2150 τοῦ
799 2124 891 2159 Σωτῆ-

112 2176 159 2204 ρος
175 2168 252 2204 ήμῶν
267 2168 417 2204 σημαίνων,
438 2166 485 2200 οὓς
509 2169 584 2205 παρὰ
600 2169 647 2205 τὴν
674 2169 810 2196 θάλασσαν
836 2168 891 2196 εἶδε

113 2211 256 2249 βάλλοντας
267 2213 468 2250 ἀμφίϐληστρον
480 2215 519 2246 είς
533 2214 580 2250 τὴν
595 2214 728 2241 Θάλασσαν
738 2224 745 2230 ·
756 2213 825 2251 ἦσαν
837 2216 891 2252 γὰρ

952 286 1001 320 ipsi
1027 286 1126 313 donum
1151 288 1329 320 collaturum,
1358 293 1384 316 et
1415 297 1464 317 ceu
1494 290 1580 318 lucem
1605 299 1727 327 magnam

950 331 1073 358 omnibus
1087 333 1211 367 gentibus
1225 334 1376 361 oblaturum
1389 343 1450 362 esse
1462 336 1612 370 pollici-tur,
1625 338 1728 370 dicens,

953 386 963 403 ι
978 377 1012 404 Ει
1026 377 1085 404 dedi
1102 383 1127 405 te
1140 379 1165 405 in
1185 384 1372 407 testamentum
1387 383 1503 415 generis.
1519 382 1545 409 in
1561 383 1648 411 lucem
1664 392 1729 419 gen-

949 421 1026 448 tium.
1047 431 1057 448 ι
1073 423 1141 449 Olim
1157 423 1248 458 itaque
1268 432 1315 459 per
1336 425 1453 460 llloyscm
1470 425 1552 454 Vetus
1573 427 1728 456 Testamen-

950 471 1004 494 tum
1020 466 1131 495 Judaico
1144 470 1241 503 populo
1256 471 1347 498 dedit:
1367 473 1409 499 hic
1431 478 1519 499 autem
1543 481 1616 505 eum,
1635 475 1679 508 qui
1698 475 1725 502 in

948 513 1086 547 prophetia
1099 513 1184 541 fertur
1198 515 1224 542 in
1241 521 1429 543 testamentum
1451 519 1556 552 generis
1578 520 1728 551 hominum.

948 563 975 585 et
996 560 1021 585 iu
1037 559 1121 586 lucem
1136 561 1254 594 gentium
1272 561 1389 588 (landum
1414 563 1467 594 ait;
1484 569 1512 590 ut
1531 571 1564 592 eo
1583 565 1727 592 illulninati

949 609 1042 630 eorum
1055 604 1135 636 oeuli,
1152 605 1196 639 qui
1213 605 1276 632 olim
1290 612 1377 633 tuente
1387 609 1449 635 επιρί
1459 615 1537 636 erant
1547 611 1725 643 aperirentur.

949 656 981 676 ac
999 655 1105 684 recepto
1120 651 1177 678 visu
1195 651 1240 678 Dei
1260 653 1439 687 cognitionem
1456 662 1682 689 assequerentur;
1698 661 1727 684 ut

948 703 982 722 ne
996 696 1066 722 ultra
1091 696 1182 730 lignis,
1203 697 1337 732 lapidibus
1359 702 1386 725 et
1405 699 1611 727 iuanimataruln
1636 709 1725 728 rerum

948 741 1068 768 materia:
1091 741 1136 768 Dei
1159 741 1286 768 honorem
1307 743 1483 770 ascriberent.
1503 744 1607 772 Atenim
1618 752 1665 773 eos
1679 747 1725 781 qui

948 792 1236 820 peccatorumsuornm
1248 787 1632 824 vinculisconstringebautur,
1646 796 1727 826 atque

948 832 974 859 in
988 833 1106 860 tenebris
1120 837 1148 859 et
1160 833 1269 860 malitia:
1293 835 1466 868 compedibus
1492 841 1580 868 erant,
1606 845 1654 872 per
1678 837 1725 866 Dei

947 877 1062 912 gratiam
1075 883 1244 912 peccatorum
1269 880 1342 905 venia
1360 880 1508 908 donaturns
1519 902 1526 913 ,
1542 889 1592 909 ceu
1609 891 1644 910 ex
1663 890 1725 910 car-

910 926 932 956 ιι
946 930 1006 950 cere
1027 923 1127 950 liberos
1141 923 1295 956 soluturus,
1313 932 1345 955 ac
1360 932 1375 952 e
1392 925 1490 953 diaboli
1518 928 1640 955 custodia
1664 936 1725 956 ere—

947 974 1040 1004 pturus
1055 974 1123 996 erat.

982 1017 1063 1044 Vens.
1075 1017 1132 1044 8—9.
1148 1026 1158 1043 ι
1170 1017 1226 1052 Ego
1240 1018 1369 1046 Dominus
1381 1018 1452 1046 Deus
1465 1028 1471 1047 :
1489 1020 1538 1048 hoc
1548 1021 1612 1049 mihi
1627 1029 1725 1050 nomen

946 1067 996 1096 est,
1011 1069 1037 1090 et
1051 1063 1163 1097 gloriam
1180 1072 1266 1091 meam
1282 1065 1358 1092 alteri
1374 1074 1424 1092 non
1440 1066 1519 1099 dabo,
1536 1075 1622 1103 neque
1635 1068 1724 1095 virtu-

946 1112 986 1134 tes
999 1115 1074 1134 meas
1093 1107 1272 1142 seulptilibns.
1291 1109 1355 1142 Qum
1370 1118 1384 1136 a
1407 1111 1541 1146 principio
1559 1120 1624 1140 ecce
1643 1120 1726 1141 vene.

945 1158 1018 1187 runt,
1037 1159 1063 1180 et
1079 1161 1145 1180 nova
1166 1161 1224 1188 quae
1240 1162 1289 1189 ego
1300 1157 1445 1189 annuntio,
1464 1162 1490 1184 et
1512 1162 1656 1192 antequam
1674 1167 1724 1186 an-

945 1199 1100 1226 nuntientur
1120 1199 1254 1226 declarata
1281 1205 1343 1226 sunt
1361 1201 1449 1228 vobis.
1479 1210 1488 1227 ι
1515 1203 1725 1232 Animadverte;

944 1245 1023 1271 velim
1049 1251 1101 1271 non
1131 1244 1232 1272 dictum
1257 1245 1349 1277 fuisse.
1378 1246 1491 1280 gloriam
1519 1255 1606 1275 meam
1622 1249 1724 1276 nemini

944 1290 1013 1317 dabo
1026 1297 1033 1316 :
1055 1297 1114 1316 nam
1129 1289 1225 1317 Filium
1237 1290 1322 1318 Patris
1336 1291 1448 1326 gloriam
1473 1293 1573 1320 habere
1584 1297 1724 1322 ostensum

944 1340 1004 1368 est;
1019 1336 1089 1370 quod
1110 1335 1181 1362 enim
1201 1337 1300 1363 utemini
1319 1338 1406 1370 detur,
1430 1338 1612 1373 idquemlibet
1632 1341 1726 1368 exclu-

944 1381 1001 1413 dit;
1017 1381 1087 1415 quod
1105 1385 1193 1408 autem
1209 1381 1287 1408 alteri
1305 1390 1357 1409 nou
1370 1382 1458 1415 detur,
1476 1384 1539 1411 hinc
1560 1385 1606 1413 nui
1636 1385 1723 1413 solum

943 1435 1099 1454 concessam
1116 1427 1200 1455 fuisse
1211 1428 1372 1461 declaratur,
1387 1429 1492 1456 scilicet
1504 1430 1539 1461 ei,
1555 1431 1601 1465 qui
1615 1431 1643 1458 in
1661 1438 1725 1466 pro-

943 1472 1031 1506 phetia
1048 1471 1142 1499 fertur.
1163 1472 1210 1500 llic
1231 1480 1310 1507 porro
1334 1479 1392 1500 erat
1413 1475 1457 1501 cui
1474 1475 1635 1504 dicebatur:

977 1518 1089 1545 «Vocavi
1101 1523 1125 1546 te
1135 1519 1159 1545 in
1167 1519 1312 1553 justitia.et
1320 1521 1516 1555 apprehendam
1527 1530 1632 1550 manum
1640 1528 1724 1558 luant,

944 1564 1125 1591 corroborabo
1142 1570 1178 1597 te,
1192 1569 1220 1592 et
1236 1565 1294 1592 dedi
1312 1570 1336 1592 te
1351 1566 1376 1592 in
1394 1571 1583 1595 testamentum
1604 1570 1723 1603 generis,

944 1608 971 1635 in
985 1609 1070 1636 lucem
1089 1610 1222 1645 gentium.
1241 1619 1250 1636 ι
1266 1610 1313 1637 His
1323 1618 1402 1645 porro
1412 1631 1419 1644 ,
1437 1617 1466 1639 ut
1481 1614 1586 1641 mstimo
1596 1635 1605 1647 ,
1617 1622 1724 1642 sermo-

944 1653 1023 1680 nibus
1050 1659 1143 1689 gentes
1165 1662 1259 1682 omnes
1280 1656 1381 1688 erudit,
1405 1664 1439 1684 ne
1456 1657 1534 1685 deum
1559 1658 1641 1686 ullum
1655 1661 1726 1688 celo-

943 1699 1022 1726 brent
1043 1708 1152 1732 eorum,
1176 1701 1220 1735 qui
1238 1701 1300 1728 olim
1325 1702 1394 1736 apud
1414 1710 1461 1730 eas
1479 1704 1516 1731 dii
1538 1705 1723 1740 vocabantur;

944 1745 990 1772 sed
1013 1745 1099 1773 solum
1124 1746 1261 1774 Christum
1274 1747 1340 1780 Dei,
1356 1753 1383 1775 et
1401 1747 1526 1782 Patrem,
1541 1751 1586 1785 qui
1602 1751 1675 1779 misit
1692 1752 1726 1779 il-

945 1789 1010 1822 lum.
1030 1791 1113 1826 gloria
1129 1791 1254 1819 alliciant.

978 1847 1060 1875 Vens.
1079 1848 1119 1875 l0.
1151 1857 1159 1873 ι
1179 1848 1291 1876 Cantate
1316 1849 1429 1877 Domino
1453 1851 1588 1878 canticum
1613 1860 1722 1886 novum,

944 1893 1109 1928 principatus
1124 1898 1190 1928 ejus.
1209 1904 1218 1920 ι
1240 1894 1267 1921 ld
1283 1896 1318 1922 ab
1334 1896 1461 1924 omnibus
1486 1897 1637 1926 hominibus
1656 1907 1724 1934 pra:-

943 1939 1068 1965 standum
1082 1940 1129 1966 ait.
1150 1948 1159 1964 ι
1178 1939 1334 1967 Glorilicate
1349 1949 1445 1968 nomen
1466 1942 1524 1976 cjns
1549 1943 1583 1970 ab
1604 1949 1724 1972 extremo

945 1988 1033 2015 teme.
1047 1984 1092 2018 qui
1106 1985 1269 2012 descenditis
1285 1985 1310 2011 in
1324 1993 1413 2018 mare.
1430 1992 1456 2014 et
1471 1988 1603 2023 navigatis
1624 1989 1722 2023 ipsum.

944 2029 1038 2056 insula:
1050 2034 1076 2056 et
1093 2030 1258 2058 habitatores
1276 2038 1369 2058 earum
1384 2039 1391 2057 :
1408 2041 1417 2057 ι
1439 2033 1474 2059 ita
1494 2037 1549 2060 uta
1562 2033 1662 2061 Christi
1679 2043 1725 2063 no-

944 2076 1034 2107 mine.
1054 2075 1182 2102 universa
1205 2080 1274 2102 terra
1297 2075 1457 2104 Christianis
1483 2078 1583 2113 repleta
1608 2080 1653 2106 sit.
1676 2079 1724 2108 His

943 2129 1024 2156 porro
1041 2123 1179 2156 apostolos
1201 2121 1354 2149 Servatoris
1371 2123 1455 2150 nostri
1478 2125 1617 2159 perspicue
1640 2126 1724 2160 signi-

943 2169 1023 2198 tical.
1044 2175 1112 2202 quos
1135 2168 1167 2195 ad
1193 2167 1267 2194 littus
1286 2168 1367 2194 maris
1384 2167 1451 2194 \idit
1469 2168 1600 2203 iacientes
1624 2176 1681 2199 rete
1697 2172 1724 2199 in

942 2221 1037 2241 mare:
1056 2219 1134 2241 erant
1155 2214 1226 2240 enim
1254 2215 1425 2249 piscatores;
1450 2216 1629 2251 similiterque
1646 2218 1723 2246 alios.

112 2260 213 2291 ἀλιεϊς¹
229 2259 328 2295 ὁμοίως
341 2260 369 2286 δὲ
385 2260 430 2286 καὶ
444 2260 505 2292 τοὺς
521 2260 640 2292 λοιπούς.
663 2262 694 2288 Oi
714 2261 790 2288 αὐτοὶ
808 2262 836 2288 δὲ
851 2260 892 2289 οὗ·

945 2259 975 2286 Ι·ιί
993 2267 1057 2287 vero
1074 2260 1123 2294 ipsi
1139 2267 1213 2286 mare
1229 2265 1352 2287 nostrum
1367 2261 1645 2297 eircumnavigautes,
1668 2272 1725 2292 mo-

111 2313 163 2338 τοι,
177 2305 224 2331 καὶ
239 2305 287 2340 τὴν
301 2304 362 2332 καθ’
378 2305 450 2340 ἡμᾶς
466 2305 653 2340 περιπλέοντες
669 2305 810 2337 θάλατταν,
830 2307 890 2333 τοτὲ

114 2350 163 2386 μὲν
174 2350 203 2377 ὲν
214 2351 273 2382 ταῖς
285 2350 375 2386 νήσοις
390 2350 536 2385 ἐκήρυττον
552 2350 582 2376 τὸ
595 2350 767 2384 Εὺιιγγέλιον⁷
791 2351 850 2377 τοτὲ
862 2350 891 2377 δὲ

110 2395 243 2423 διέϐαινον
267 2395 393 2422 ἐπέκεινα
408 2396 526 2427 Σπανίας
549 2404 579 2422 τε
594 2396 640 2422 καὶ
662 2396 784 2428 Ἰταλίας.
797 2396 835 2428 ὡς
862 2397 891 2423 ὲν

110 2442 193 2478 ὀλίγῳ
209 2441 297 2477 χρόνῳ
306 2443 352 2468 καὶ
360 2441 443 2477 αὐτὴν
455 2441 645 2477 βασιλεύουσαν
661 2441 737 2468 πόλιν
749 2442 890 2478 πληρῶσαι

111 2488 161 2523 τῆς
170 2487 217 2515 τοῦ
232 2487 348 2522 Χριστοῦ
357 2487 537 2519 διδασκαλίας.
552 2488 607 2514 Καὶ
617 2487 702 2519 ἄλλως
713 2487 740 2514 δὲ
748 2489 771 2514 oi
784 2489 832 2524 τὴν
843 2489 890 2515 τοῦ

111 2533 280 2570 ἀνθρωπίνου
294 2533 350 2569 βίου
362 2533 497 2570 θάλασσαν
510 2533 680 2570 ἐμπλέοντες,
696 2534 741 2560 καὶ
755 2535 820 2561 πᾶσι
835 2536 891 2567 τοῖς

111 2568 215 2607 ἔθνεσιν
229 2581 258 2606 ὲν
274 2579 367 2615 μέσαις
392 2568 450 2611 mi;
475 2568 630 2615 ἐκκλησίαις
656 2580 834 2615 κηρύττοντες
861 2581 892 2607 τὸ

112 2625 276 2661 Εὗαγγὲλιον
285 2625 328 2652 διὰ
343 2625 396 2651 τῶν
408 2626 591 2661 προκειμένοιν
602 2626 740 2660 δηλοῦνται
751 2636 757 2642 ·
773 2627 833 2653 ἐπεὶ
845 2631 892 2654 καὶ

112 2672 188 2699 αὐτοὶ
207 2671 252 2698 τδν
266 2672 356 2698 καινὸν
367 2671 450 2706 ὕμνον
462 2671 534 2707 πάσῃ
546 2672 726 2707 κατήγγελλον
739 2675 771 2709 τῇ
788 2675 833 2709 γῇ,
845 2674 891 2700 καὶ

112 2716 265 2754 ἀνθρώποις
279 2717 307 2743 ὲν
319 2717 413 2753 μέσαις
421 2718 478 2748 ταῖς
488 2717 644 2752 ἐκκλησίαις
656 2718 833 2754 κηρύττοντες
845 2720 892 2746 καὶ

945 2307 978 2333 do
1001 2306 1027 2332 in
1060 2305 1156 2332 insulis
1174 2306 1346 2341 Evangelium
1366 2308 1565 2341 praedicabant;
1596 2310 1675 2336 modo
1696 2310 1722 2337 in

944 2352 1098 2387 Hispaniam
1118 2356 1145 2379 et
1166 2352 1269 2379 Italiam
1291 2353 1475 2386 lrajiciobanl;
1495 2355 1529 2381 ita
1548 2360 1577 2381 ut
1591 2355 1664 2382 brevi
1678 2358 1724 2383 're-

943 2399 1014 2433 giam
1031 2399 1116 2433 ipsam
1134 2399 1227 2426 urbem
1243 2399 1364 2427 doctrina
1377 2400 1477 2428 Christi
1495 2401 1638 2435 replerent.
1663 2402 1724 2430 Alio

945 2445 1008 2472 item
1029 2445 1135 2478 modo,
1155 2446 1268 2472 iudicari
1290 2446 1415 2473 videntur
1438 2446 1472 2479 ii,
1492 2447 1536 2481 qui
1556 2447 1582 2473 in
1601 2447 1725 2476 humana

944 2491 1007 2518 vita:
1021 2491 1087 2518 mari
1101 2492 1269 2526 navigantes,
1286 2492 1354 2526 apud
1367 2500 1460 2520 omnes
1475 2497 1568 2527 gentes
1582 2492 1608 2520 in
1626 2494 1725 2522 mediis

944 2538 1065 2565 ecclesiis
1083 2537 1258 2572 Evangelimn
1282 2538 1464 2573 praedicabant
1479 2547 1486 2565 :
1506 2539 1724 2575 quandoquidem

944 2589 971 2611 et
986 2584 1035 2618 ipsi
1050 2585 1178 2620 hymnum
1193 2592 1291 2610 norum
1313 2592 1360 2618 per
1374 2591 1479 2610 onmem
1503 2589 1602 2611 terram
1621 2593 1725 2612 annuu-

946 2630 1048 2656 tiabant
1059 2650 1066 2662 ,
1079 2635 1106 2657 et
1124 2631 1148 2656 in
1162 2630 1249 2656 medio
1263 2629 1439 2656 ecclesiarum
1458 2629 1608 2656 hominibus
1627 2631 1726 2664 praali-

945 2676 1044 2702 calumt
1060 2681 1086 2702 et
1103 2676 1246 2702 dot-altam.
1263 2685 1271 2701 ι
1294 2675 1325 2701 Et
1345 2676 1509 2703 habitatores
1525 2684 1628 2703 earum.
1649 2685 1659 2703 ›
1678 2675 1727 2704 llis

946 2720 1082 2755 signiﬁcat
1097 2729 1153 2751 eos,
1172 2721 1217 2755 qui
1231 2721 1256 2747 in
1270 2721 1393 2748 ecclesiis
1409 2728 1496 2748 cmlus
1510 2726 1601 2756 agunt.

111 2762 289 2795 διδάσκοντες.
299 2772 308 2789 ι
321 2763 374 2789 Καὶ
390 2763 416 2789 οἱ
423 2763 609 2795 κατοικοῦντες
619 2764 702 2795 αὐτάς
710 2772 718 2779 ·
733 2773 742 2790 ι
755 2765 817 2796 τοὺς
827 2765 856 2792 ὲν
862 2765 1088 2802 ταϊςζὲκκλησίαις
1098 2766 1294 2802 συναγομένους
1302 2767 1398 2793 τοῦτον
1406 2767 1545 2802 ἐμφαίνων
1557 2767 1601 2795 τὸν
1613 2768 1727 2805 τρόπον.

146 2829 157 2847 ι
177 2819 359 2856 Εὐφράνθητι,
377 2821 486 2857 ἔρημος,
518 2821 565 2848 καὶ
583 2822 611 2848 αι
623 2822 712 2858 κῶμαι
729 2823 813 2858 αὐτῆς
828 2831 834 2838 ·
851 2833 861 2850 ι
875 2823 894 2860 ἢ

113 2866 180 2894 κατὰ
198 2867 260 2900 τοὺς
273 2866 382 2900 λοιποὺς
396 2868 572 2906 ἑρμηκυτάς,
588 2878 597 2894 ι
612 2869 659 2896 καὶ
672 2869 761 2901 πόλεις
774 2870 866 2906 αὺτῆτ·
885 2880 893 2897 ’

984 2825 1064 2853 Vsus.
1076 2826 1119 2853 ll.
1135 2836 1144 2852 ι
1160 2826 1262 2853 Laetare
1278 2826 1426 2854 desertum.
1439 2832 1466 2853 et
1480 2827 1533 2854 vici
1548 2828 1625 2862 ejus;
1640 2839 1649 2856 ι
1667 2831 1727 2859 sive

951 2872 1095 2899 secundum
1109 2871 1225 2907 reliquos
1241 2873 1412 2908 interpretes,
1433 2883 1442 2900 ι
1457 2879 1484 2902 ct
1498 2875 1618 2905 civitates
1630 2877 1698 2908 eius.
1711 2887 1724 2904 ι
