2044 3215
105 164 156 194 595

563 165 818 195 εοΜΜΕΝΤΑιιιΑ
838 165 871 194 IN
892 166 1023 194 lSAIAM.
1043 181 1078 186 —-
1097 167 1173 195 CAP.
1193 166 1273 196 XLII.

1685 169 1737 196 595

107 233 168 252 σχον
180 223 239 250 ὀδδν
255 222 362 258 βαδίσαι
378 222 502 258 ποιήσειν
523 223 731 258 ἐπαγγέλλεται.
747 223 831 250 Πόθεν
845 223 899 259 γὰρ

960 226 1037 250 :etur.
1052 223 1111 257 Quo
1125 227 1204 259 parto
1220 224 1292 251 enim
1316 231 1376 252 eam
1399 225 1547 253 secundum
1567 225 1649 254 Deum
1667 228 1738 255 viam

105 272 169 307 ἡμῖν
186 269 332 305 γινώσκειν
344 270 436 305 παρῆν
449 269 498 304 τὴν
508 269 579 297 κατὰ
594 270 662 296 Θεὸν
675 269 745 302 ὁδὸν,
765 270 782 305 ἦ
795 269 838 296 διὰ
851 270 899 305 τῆς

107 318 180 349 θείας
196 316 277 344 αὑτοῦ
293 317 419 352 χάριτοςς
435 326 444 342 ι
463 317 573 352 Ποιήσω
594 317 684 349 αὐτοῖς
700 317 731 343 τὸ
749 316 844 348 σκότος
861 317 900 348 εἰς

107 363 183 397 φῶς.
201 373 210 389 ,
229 363 279 394 τὰς
303 362 477 398 προφητιχὰς
502 362 603 398 δηλαδὴ
626 363 739 398 Γραφὰς
763 362 811 389 καὶ
838 363 901 393 τοὺς

70 412 73 414 ’
108 410 182 445 βίους
204 408 268 440 τοὺς
283 408 336 434 ὑπὸ
352 408 401 443 τῆς
417 407 491 439 θείας
518 408 693 439 διδασκαλίας
718 407 902 442 ὑποϐαλλομέ-

108 465 169 488 νους
185 454 350 490 συνήσεσθαι
375 455 449 490 ἡμᾶς
479 463 556 490 φησι.
574 455 630 490 Τὴν
648 455 703 490 γὰρ
717 454 828 489 ἄγνοιαν
854 453 901 480 τοῦ

107 501 175 528 Θεοῦ
188 501 236 535 τὴν
253 500 338 527 πάλαι
352 501 413 532 ταῖς
423 499 522 535 ψυχαῖς
538 499 619 536 ἡμῶν
635 500 852 532 ἐπιπολάζουσαν
863 499 902 531 είς

109 545 165 580 φῶς
183 545 311 580 γνώσεως
335 545 561 580 μεταϐαλεῖσθαι·
580 545 628 572 καὶ
649 545 683 572 τὰ
698 545 782 572 παλαι
797 545 825 572 δὲ
839 554 902 572 σκο-

109 592 154 619 λιὰ
167 593 233 628 ἡμῖν
252 591 300 618 καὶ
318 591 412 627 ἀσαφῆ
426 590 603 627 νομιζόμενα,
628 591 677 618 καὶ
702 591 788 617 ταῦτα
813 591 903 626 ὁμαλὰ

111 638 234 673 ποιήσειν
252 637 462 672 ἐπαγγέλλεται.
481 637 550 669 Τοὺς
565 638 596 664 ὲκ
611 638 763 673 περιτομῆς
787 638 903 665 αἰνιττό-

111 690 201 718 μενος,
219 682 301 718 φησξν
308 691 315 697 ·

147 738 157 754 ι
173 729 257 755 Αὐτοὶ
283 728 313 755 δὲ
339 728 556 764 ἀπεστράφησαν
584 730 625 760 εἰς
648 728 682 755 τὰ
701 729 799 756 ὀπίσω.
823 739 832 755 ι
846 727 903 756 Εἴθ’

109 775 205 810 ὥοπερ
216 774 369 806 ἐπιδεικνὺς
381 773 474 805 αὐτοῖς
493 773 543 809 τὴν
565 773 621 800 τῶν
635 773 720 801 ἐθνῶν
741 775 903 811 μεταῦολὴν,

110 821 158 848 καὶ
169 821 199 854 ἐξ
210 821 270 852 οἵας
284 819 390 855 πλάνης
407 819 627 855 μεταϐεϐήκασιν
642 821 682 852 εἰς
705 820 764 855 φῶς
782 820 905 853 ἐλθόντες

110 866 165 892 ἀπὸ
182 864 230 892 τοῦ
250 866 373 898 σκότους,
403 865 586 897 ὀνειδιπικῶς
602 865 670 902 πρὸς
690 866 810 898 ἐκείνους
829 866 906 894 εἰδω-

953 276 1031 296 nosse
1044 274 1210 304 poteramus.
1234 271 1284 298 nisi
1311 278 1358 306 per
1372 271 1492 300 divinam
1519 272 1578 307 ejus
1602 273 1739 308 gratiam?

955 314 1090 343 (Faciam
1103 316 1169 350 ipsis
1194 318 1319 346 tenebras
1349 318 1375 344 in
1402 317 1512 346 lucem:
1530 329 1540 345 ι
1568 320 1742 354 propheticus

954 360 1077 388 videlicet
1092 362 1259 396 Scripturas.
1279 368 1305 390 et
1321 363 1402 391 vitam
1418 364 1503 396 illam,
1515 372 1568 400 qua
1586 365 1676 393 divina
1693 366 1743 394 do-

952 406 1041 433 ctrina
1056 408 1221 442 suggeritur,
1241 416 1290 436 nos
1305 408 1492 438 intellecturos
1507 417 1568 438 esse
1592 411 1640 438 ait.
1660 410 1740 447 lgno—

954 453 1068 480 rantiam
1081 453 1153 480 enim
1170 453 1218 481 Dei
1239 461 1299 489 quae
1312 454 1378 482 oiim
1394 455 1500 483 animas
1522 455 1669 492 obtegebat
1692 465 1744 485 tto-

954 503 1041 531 stras,
1067 499 1093 526 in
1115 499 1279 535 cognitionis
1301 500 1388 529 lucem
1408 503 1550 530 mutandas
1570 503 1632 530 ait:
1653 507 1682 531 et
1697 511 1743 537 ea,

954 552 1014 578 quae
1027 544 1091 572 olim
1107 553 1122 572 a
1137 545 1215 574 nobis
1230 551 1350 574 tortuosa
1361 552 1388 574 et
1402 547 1517 575 obscura
1533 555 1593 576 esse
1607 548 1742 584 putaban-

954 594 1017 622 tur,
1043 598 1073 618 se
1096 591 1176 626 plana
1192 591 1329 619 facturum
1356 593 1500 628 promittit.
1522 593 1575 621 Eos
1591 599 1679 621 autem
1696 594 1743 630 qui

953 645 985 664 ex
1003 638 1215 666 circumcisione
1229 641 1292 666 sunt
1311 638 1498 672 subindicans,
1515 640 1554 667 ait
1570 648 1577 666 :

991 727 1074 755 Visus.
1093 726 1136 755 17.
1151 736 1160 752 ‹
1177 726 1229 763 ipsi
1243 731 1332 754 autem
1348 726 1474 755 conversi
1485 731 1548 755 sunt
1559 733 1717 757 reimrsum.
1730 738 1740 754 ι

955 772 1057 800 Deinde
1070 773 1192 808 gentium
1213 773 1406 806 mutationem,
1426 778 1454 801 et
1469 774 1578 809 quando
1598 782 1630 801 ex
1649 782 1744 803 errore

962 819 1014 847 illm
1030 820 1147 847 reductae
1164 819 1230 852 sint,
1245 827 1279 847 ex
1297 819 1416 847 tenebris
1436 819 1463 846 in
1483 819 1570 847 lucem
1594 821 1746 852 venientes.

957 865 1022 900 ipsis
1031 866 1130 901 aperit,
1145 873 1176 894 ac
1187 873 1282 893 eorum
1298 864 1479 894 idololatriatn
1492 866 1669 901 vituperando
1681 867 1746 894 sub-

111 911 309 948 λολατροῦντας
319 911 441 946 ἐπιλέγει
453 920 460 926 ·
483 921 491 938 l
504 911 674 948 Αίσχύνθητε
685 932 693 943 ,
707 913 732 939 οἱ
747 912 906 945 πεποιθότες

960 911 1066 947 iungit:
1099 921 1108 938 ι
1127 911 1326 939 Confundimini
1342 911 1388 947 qui
1407 913 1543 941 conﬁditis
1565 913 1593 940 in
1617 913 1748 948 sculptili-

110 958 159 985 ἐπὶ
174 959 230 990 τοῖς
244 958 383 993 γλυπτοῖς,
397 958 421 984 οι
438 958 561 992 λέγοντες
575 960 631 990 τοῖς
642 960 785 994 χωνευτοῖς
795 960 905 995 ’Ὑμεῖς

111 1003 174 1030 ἐστε
195 1002 252 1030 θεοὶ
281 1002 370 1039 ἡμῶν.
395 1012 405 1029 ι
423 1004 479 1030 Καὶ
506 1004 550 1031 ἵνα
572 1004 609 1040 μή
632 1013 673 1035 τις
688 1004 773 1031 ταῦτα
786 1005 906 1040 νομίσειε

111 1048 176 1085 περὶ
191 1048 246 1075 τῶν
267 1048 352 1075 ὲθνῶν
378 1048 515 1083 λέγεσθαι,
531 1049 585 1076 τῶν
615 1049 699 1076 πάλαι
721 1050 830 1085 τυφλῶν
859 1051 906 1077 καὶ

110 1094 229 1129 κωφῶν,
254 1094 412 1129 ἀναγκαίως
436 1095 566 1130 διασαφεῖ
591 1096 638 1122 καὶ
657 1095 834 1132 διερμηνεύει
858 1096 907 1132 τὴν

109 1141 230 1169 διάνοιαν
253 1141 421 1177 ὲξεπιλέγων
437 1150 444 1157 ’

148 1198 159 1214 ι
176 1189 232 1216 Καὶ
254 1189 294 1221 τίς
307 1189 419 1224 τυφλὸς,
434 1189 492 1217 ἀλλ’
506 1190 532 1217 οἰ
543 1189 638 1222 παῖδές
653 1198 721 1225 μους
742 1190 791 1217 καὶ
808 1190 905 1225 κωφοὶ,

110 1234 168 1261 ἀλλ’
183 1236 208 1262 οἱ
221 1235 393 1271 κυριεύοντες
410 1235 518 1269 aii-raw;
539 1235 595 1263 Kal.
606 1235 800 1272 ὲτυφλώθησαν
812 1237 836 1263 oi.
851 1235 908 1262 δοῦ-

111 1281 152 1308 λοι
170 1281 218 1308 τοῦ
229 1281 308 1310 Θεοῦ.
323 1282 415 1309 Εἵδετε
425 1282 578 1315 πλεονάκις,
593 1283 640 1309 καὶ
654 1282 704 1309 οὒκ
717 1281 887 1317 ὲφυλάξασθε
896 1291 904 1298 ·

111 1327 261 1364 ήνοιγμένα
275 1328 310 1355 τὰ
327 1324 394 1360 ὦτα,
407 1328 455 1355 καὶ
469 1328 520 1355 οὐκ
534 1328 681 1364 immicus.
696 1328 799 1365 Κύριος
810 1329 825 1355 6
841 1328 907 1361 Θεὸς

113 1374 293 1402 ἐϐουλεύσατο
316 1375 360 1402 ἴνα
376 1374 518 1411 δικαιωθῇ,
536 1375 584 1402 καὶ
603 1374 743 1411 μεγαλύνῃ
760 1373 874 1401 αῖνεσιν.
894 1383 903 1400 ι

118 1421 211 1458 Ὁρᾷς,
227 1422 267 1448 ὅτι
283 1421 368 1449 ταῦτα
393 1422 482 1449 πάντα
499 1422 563 1457 περὶ
582 1421 630 1448 τοῦ
651 1421 716 1448 λαοῦ
736 1421 844 1458 εἴρηται
858 1419 905 1448 τοῦ

114 1467 147 1493 ὲκ
160 1467 340 1503 περιτομῆςη
362 1467 428 1495 Ἀλλ’
445 1469 459 1495 6
473 1469 522 1504 μὲν
541 1467 643 1504 Κύριος
663 1467 841 1494 ὲὸουλεύσατο
863 1467 908 1494 ἵνα

958 958 1019 992 bus,
1033 958 1079 994 qui
1095 957 1275 985 conﬂatilibus
1291 957 1393 990 dicitis,
1408 958 1463 986 Vos
1477 958 1545 986 estis
1564 959 1602 986 dii
1617 959 1714 987 nostri.
1733 969 1745 986 ι

957 1003 997 1031 Ne
1012 1011 1077 1038 vero
1093 1005 1154 1039 quis
1167 1008 1276 1039 putaret
1294 1004 1352 1031 haec
1373 1006 1407 1032 de
1421 1004 1547 1039 gentibus
1558 1024 1566 1038 ,
1583 1004 1648 1032 olim
1668 1005 1748 1033 caecis

958 1056 985 1079 et
1013 1051 1103 1079 surdis
1116 1070 1124 1083 .
1143 1050 1216 1078 dicta
1244 1050 1346 1085 fuisse,
1372 1051 1525 1079 necessario
1539 1055 1656 1080 tuentem
1670 1059 1747 1080 suam

958 1097 1047 1132 aperit
1059 1101 1088 1124 et
1099 1097 1218 1132 explicat
1229 1115 1238 1130 ,
1252 1097 1310 1125 hnc
1324 1096 1458 1133 adjiciens
1473 1105 1481 1124 :

995 1194 1188 1226 Vsas..l8-2L
1212 1204 1221 1221 ε
1249 1195 1285 1223 Ει
1302 1196 1366 1231 quis
1381 1202 1471 1223 caicus
1484 1216 1492 1228 ,
1517 1196 1569 1223 nisi
1585 1196 1661 1230 pueri
1673 1196 1724 1224 mei
1738 1195 1749 1225 3

959 1246 986 1269 et
1000 1241 1063 1276 quis
1078 1242 1188 1274 surdus,
1201 1241 1254 1268 nisi
1270 1241 1317 1276 qui
1341 1241 1515 1269 dominantur
1536 1242 1596 1270 eis?
1608 1242 1642 1270 Et
1659 1242 1749 1270 obeat-

958 1287 1012 1314 cati
1024 1291 1088 1314 sunt
1103 1287 1175 1315 servi
1196 1286 1253 1315 Dei.
1270 1286 1380 1315 Vidistis
1393 1294 1475 1322 saepe,
1491 1293 1520 1314 et
1531 1294 1586 1314 non
1610 1287 1723 1315 cavistis
1738 1296 1746 1315 :

958 1336 1058 1366 apertae
1073 1336 1136 1360 sunt
1152 1339 1245 1364 aures.
1258 1336 1287 1359 et
1311 1339 1365 1361 non
1388 1332 1514 1360 audistis.
1532 1332 1662 1360 Dominus
1674 1332 1747 1360 Deus

959 1377 1123 1405 deliberavit
1149 1382 1179 1405 ut
1199 1377 1411 1413 jusuiiicaretur,
1431 1382 1460 1406 et
1482 1378 1670 1414 magniﬁcam
1690 1378 1750 1406 lau-

958 1423 1031 1451 dell.
1049 1432 1059 1450 ι
1080 1423 1162 1451 Vides
1181 1423 1240 1451 haec
1255 1423 1346 1451 omnia
1367 1423 1401 1451 de
1422 1422 1521 1459 populo
1545 1430 1580 1451 ex
1605 1422 1750 1451 circumci-

962 1470 1039 1497 sione
1051 1469 1123 1497 dicta
1139 1469 1234 1497 fuisse.
1260 1479 1269 1496 ι
1298 1468 1352 1498 Sed
1372 1469 1503 1497 Dominus
1529 1469 1705 1502 deliberavit,
1720 1473 1752 1497 ut

112 1512 248 1550 δικαιώσῃ
260 1513 352 1545 αὑτὸν,
375 1513 419 1541 ἵνα
455 1513 594 1550 μεγαλύνῃ
610 1512 727 1541 αῖνεσιν·
748 1514 774 1540 οἱ
795 1513 824 1540 δὲ
849 1513 908 1542 ἐδο-

960 1516 1121 1550 ittstiﬂcaret
1147 1522 1226 1550 eum,
1252 1519 1280 1544 et
1308 1515 1497 1551 magnidcaret
1528 1514 1654 1548 laudem;
1677 1524 1688 1542 τ
1712 1514 1751 1542 illi

113 1559 252 1595 ξάσθησαν
262 1561 318 1592 τοῖς
331 1560 381 1593 τὰς
392 1560 482 1596 ψυχὰς
501 1559 593 1588 αὐτῶν
608 1559 780 1596 πολεμοῦσιν.

153 1663 162 1679 ι
184 1649 242 1680 Καῖ
254 1651 334 1685 εἶδον,
352 1653 400 1681 καὶ
414 1653 524 1688 ἐγένετο
538 1653 553 1681 6
573 1652 638 1685 λαὸς
661 1653 908 1689 προνενομευμένος

113 1700 163 1726 καὶ
192 1699 446 1735 διηρπατμένος’ἡ
469 1699 523 1735 γὰρ
541 1700 626 1734 παγὶς
650 1700 679 1727 ὲν
705 1700 762 1731 τοῖς
785 1699 909 1734 ταμείοις

115 1741 266 1780 πανταχοῦ,
281 1746 329 1772 καὶ
343 1746 372 1771 ὲν
384 1744 470 1777 οἴκοις
483 1745 552 1780 ἅμα,
565 1745 637 1772 ὅπου
663 1744 784 1781 ἔκρυψαν
798 1744 908 1776 αὐτούς.

119 1790 262 1824 Ἐγένοντο
288 1792 327 1822 εἰς
352 1791 501 1828 προνομὴν,
524 1793 570 1819 καὶ
593 1793 643 1820 οὐκ
663 1790 697 1828 ἦν
716 1792 910 1829 ἐξαιρούμενος

113 1837 265 1872 ἅρπαγμα,
282 1838 330 1864 καὶ
345 1839 394 1865 οὐκ
407 1836 442 1873 ἦν
462 1839 476 1865 6
499 1839 596 1873 λέγων,
618 1839 738 1871 Ἀπόδος.
765 1848 775 1864 ι
797 1839 840 1865 Ἐν
856 1839 910 1875 γὰρ

114 1883 212 1915 αὐτοῖς
225 1885 281 1916 τοῖς
308 1884 456 1921 λογισμοῖς,
475 1885 522 1917 οὒς
538 1885 683 1921 ἔκρυπτον,
701 1886 736 1912 τὰ
760 1885 830 1912 κατὰ
844 1886 911 1921 Χρι-

115 1929 181 1956 στοῦ
197 1929 394 1966 βουλευόμενοι,
409 1932 437 1958 ἐν
461 1932 554 1964 αὐτοῖς
574 1932 689 1964 ἐκεινοις
706 1932 723 1968 ἡ
744 1932 805 1958 κατ’
821 1932 910 1958 αὐτῶν

115 1975 210 2009 παγὶς,
229 1975 277 2002 καὶ
289 1976 339 2003 οὐκ
352 1974 386 2012 ἦν
398 1978 412 2003 6
424 1977 619 2013 ἐξαιρούμενος
638 1978 746 2010 αὐτοὺς,
765 1977 824 2004 οὐδὲ
840 1978 853 2004 6
868 1978 911 2004 λέ-

116 2028 183 2054 γων,
210 2021 331 2054 Ἀπόδος.

154 2076 163 2092 ι
184 2067 232 2099 Τίς
249 2069 277 2094 ὲν
293 2068 368 2103 ὑμῖν,
384 2069 414 2101 ὃς
440 2071 592 2097 ὲνωτιεῖται
610 2070 716 2103 causa;
731 2071 910 2098 εἰσακούσατε

115 2114 157 2145 εις
171 2114 205 2140 τὰ
223 2115 403 2150 ἐπερχόμενα.
420 2126 429 2141 i
448 2117 480 2142 Ei
493 2116 522 2143 δέ
535 2125 576 2148 τις
588 2117 730 2153 ζητήσειεν
743 2117 785 2149 τίς
800 2119 815 2144 ὁ
825 2117 912 2144 ταῦτα

115 2162 237 2198 πράξας.
254 2162 329 2199 εὖροι
341 2163 363 2189 δ’
380 2163 423 2193 ἂν.
437 2165 478 2190 ὅτι
493 2164 547 2190 οὐδ’
565 2165 643 2197 ἄλλος
651 2164 751 2192 ἔδωκεν
761 2165 861 2197 αὐτοὺς
872 2166 912 2197 εἰς

115 2208 270 2244 διαρπαγὴν
296 2209 412 2245 ῆαὺτὸς
439 2206 462 2243 ᾧ
485 2210 645 2246 ἡμάρτοσαν
672 2211 757 2246 αὐτῷ,
786 2211 832 2237 καὶ
862 2211 912 2237 οὐκ

115 2254 264 2290 ὴσούλοντο
275 2256 304 2282 ὲν
315 2257 375 2287 ταῖς
391 2256 461 2288 ὁδοῖς
475 2256 557 2283 αὐτοῦ
574 2256 748 2292 πορεύεσθαι.
769 2257 912 2292 Καλούμε-
927 2271 952 2301 D

117 2309 159 2327 νοι
171 2301 224 2337 γὰρ
239 2303 278 2333 εἱς
302 2302 351 2334 τὰς
373 2302 554 2336 εὑαγγελικὰς
570 2303 657 2334 ὁδοὺς,
680 2303 729 2338 οὺχ
755 2303 892 2339 ὑπήκουον
904 2311 910 2318 ·

116 2347 178 2374 ἀλλ’
194 2348 253 2374 οὐδὲ
269 2348 378 2375 ἀκούειν
397 2349 492 2384 ἤθελον
506 2350 551 2376 τοῦ
568 2350 650 2385 νόμου
663 2350 712 2386 τῆς
730 2351 834 2386 Καινῆς
850 2351 914 2377 Δια-

118 2394 219 2430 θήκης.

157 2450 166 2466 ι
186 2441 235 2472 Τίς
250 2440 351 2468 ἔδωκεν
367 2441 407 2472 εἰς
430 2440 584 2477 διαρπαγὴν
603 2441 709 2473 Ἰακὼϐ,
732 2441 778 2467 καὶ
803 2441 912 2477 Ἰσραὴλ

115 2487 175 2518 τοῖς
195 2485 410 2521 προνομεύουσιν
423 2486 522 2519 αὑτόν;
542 2486 609 2522 Οὐχὶ
625 2488 640 2513 6
663 2486 740 2519 Θεὸς,
755 2483 777 2521 ᾧ
794 2487 912 2523 ἡμάρτο-

117 2539 170 2558 σαν
184 2531 270 2566 αὐτῷ,
286 2532 333 2558 καὶ
343 2532 395 2559 οὐκ
407 2532 549 2560 ἐϐούλοντο
563 2533 592 2559 ὲν
606 2533 666 2564 ταῖς
680 2532 750 2564 ὁδοῖς
766 2533 849 2560 αὑτοῦ
864 2542 913 2560 πο-

119 2578 260 2613 ρεύεσθαι,
283 2579 344 2606 οὐδὲ
370 2579 481 2606 ἀκούειν
497 2579 543 2606 τοῦ
563 2580 645 2615 νόμου
673 2579 772 2612 αὒτοῠ;
791 2590 800 2605 ι
825 2579 912 2606 Πάλαι

121 2625 172 2659 μὲν
184 2623 239 2661 γὰρ
255 2625 324 2660 πρὸς
343 2625 438 2661 καιρόν
461 2634 522 2651 τινα
545 2625 753 2661 πολεμούμενοι,
770 2623 848 2656 αὖθις
868 2626 914 2652 ἀν-

119 2669 275 2705 ελάμϐανον
288 2669 414 2701 ἑαυτούς·
438 2670 477 2702 ὡς
493 2670 540 2696 καὶ
556 2669 605 2705 τὴν
622 2670 808 2706 Ἰερουσαλὴμ,
824 2670 870 2696 καὶ
883 2670 914 2696 τδ

119 2717 150 2742 ὲν
173 2716 243 2752 αὐτῇ
267 2715 403 2751 βασίλειον
424 2715 513 2742 αὐτῶν
528 2717 704 2744 συνεστάναι·
734 2715 781 2743 νῦν
798 2716 827 2742 δὲ
851 2724 915 2742 κατ-

121 2761 234 2797 ίσχυσεν
251 2762 342 2789 αὐτῶν
356 2764 371 2790 6
388 2762 515 2796 πόλεμος
531 2763 580 2798 οὐχ
592 2763 606 2788 6
622 2762 721 2795 ἔξωθεν
743 2762 833 2798 μόνος,
847 2761 916 2788 ἀλλὰ

120 2809 170 2835 καὶ
186 2809 200 2834 6
212 2808 267 2834 τῶν
279 2808 329 2840 τὰς
339 2808 427 2844 ψυχὰς
442 2808 533 2835 αὐτῶν
546 2807 771 2843 πολιορκούντων.

161 2865 171 2881 ς
187 2855 241 2882 Καὶ
251 2856 391 2890 ἐπήγαγεν
413 2857 457 2883 ἐπ’
482 2855 581 2887 αὐτοὺς
597 2853 681 2890 ὀργὴν
706 2852 792 2889 θυμοῦ
820 2851 913 2885 αὑτοῦ,

120 2901 168 2929 καὶ
185 2902 350 2937 κατίσχυσεν
361 2901 459 2933 αὐτοὺς
470 2901 598 2935 πόλεμος,
614 2899 661 2927 καὶ
676 2899 700 2926 οἱ
714 2898 915 2934 συμφλέγοντες

284 2950 420 2981 Parant.
444 2950 501 2981 Gn.
517 2948 623 2981 XXIV

959 1569 1025 1590 vero
1038 1561 1149 1598 gloriati
1166 1566 1232 1590 sunt
1244 1562 1273 1589 in
1288 1561 1333 1594 iis,
1349 1562 1396 1597 qui
1413 1562 1610 1597 impugnabant
1628 1561 1749 1588 animam

995 1653 1079 1683 Vsus.
1094 1653 1141 1681 22.
1158 1662 1168 1680 ι
1187 1653 1220 1681 Et
1234 1653 1372 1686 viderunt.
1387 1658 1416 1681 et
1439 1652 1491 1681 i'uit
1518 1652 1633 1688 populus
1656 1657 1751 1680 vasta-

962 1707 1004 1730 tus
1031 1707 1114 1738 atque
1140 1702 1262 1737 direptus
1286 1709 1293 1728 :
1317 1701 1432 1736 laqueus
1461 1700 1534 1728 enim
1564 1701 1590 1728 in
1615 1699 1752 1728 cubilibus

961 1747 1071 1782 ubique,
1084 1752 1112 1775 et
1125 1747 1152 1775 in
1168 1747 1295 1775 domibus
1309 1745 1401 1780 simul,
1418 1746 1463 1774 ubi
1476 1746 1678 1774 absconderant
1691 1752 1750 1773 eos.

960 1791 1037 1820 Facti
1053 1798 1117 1821 sunt
1130 1793 1157 1820 in
1172 1792 1362 1825 vastationem,
1381 1796 1410 1820 et
1428 1799 1483 1820 non
1500 1796 1560 1819 erat
1578 1791 1624 1825 qui
1643 1794 1752 1818 erueret

961 1839 1085 1874 rapinam
1104 1843 1154 1866 :et
1173 1845 1227 1866 non
1247 1842 1306 1865 erat
1322 1838 1367 1871 qui
1394 1837 1508 1871 diceret,
1528 1837 1628 1864 Redde.
1657 1846 1667 1862 ι
1683 1835 1751 1864 Nam

961 1884 1084 1912 occultas
1097 1885 1124 1912 in
1139 1884 1277 1911 mentibus
1301 1884 1358 1912 suis
1373 1883 1482 1911 Christo
1507 1882 1619 1910 insidias
1636 1881 1752 1910 molien-

963 1935 1013 1964 tes,
1037 1930 1064 1958 in
1085 1930 1180 1958 iisdem
1205 1930 1271 1965 ipsis
1291 1929 1417 1964 laqueum
1433 1929 1484 1960 sibi
1510 1928 1684 1960 invenerunt,
1701 1935 1753 1955 nec

961 1981 1022 2005 erat
1034 1976 1081 2012 qui
1093 1976 1213 2012 eriperet
1225 1984 1284 2011 eos,
1299 1984 1388 2011 neque
1401 1976 1448 2011 qui
1463 1976 1577 2008 diceret,
1597 1975 1702 2002 Redde.

998 2071 1080 2098 Vsus.
1095 2071 1141 2098 23.
1166 2079 1176 2096 ι
1195 2069 1262 2103 Quis
1279 2074 1321 2096 est
1348 2070 1375 2096 i‘n
1392 2069 1470 2096 vobis
1481 2088 1489 2101 ,
1509 2067 1555 2102 qui
1570 2068 1628 2095 inec
1642 2066 1734 2095 audiat
1746 2087 1752 2094 .

963 2118 1115 2146 auscultate
1133 2117 1234 2146 futura.
1257 2127 1267 2145 ι
1293 2117 1322 2145 Si
1347 2117 1408 2151 quis
1434 2120 1525 2144 autent
1548 2119 1670 2150 quierat,
1692 2115 1754 2149 quis

963 2163 1020 2190 lure
1037 2163 1152 2196 fecerit,
1172 2163 1291 2190 inveniet
1306 2170 1360 2190 non
1384 2161 1466 2189 alium
1494 2161 1568 2195 ipsos
1591 2161 1618 2188 in
1634 2160 1752 2195 praedam

964 2209 1080 2241 dedisse,
1101 2217 1182 2244 quam
1199 2216 1282 2240 eum.
1309 2209 1335 2236 iu
1354 2215 1436 2243 quem
1457 2211 1656 2242 peccaverant,
1676 2210 1705 2233 et
1727 2205 1753 2231 in

964 2255 1043 2289 cujus
1061 2255 1113 2283 viis
1126 2255 1267 2282 ambulare
1284 2258 1442 2282 renuerant.
1470 2253 1536 2280 Nam
1559 2253 1592 2279 ad
1615 2250 1753 2285 cvangeli-

966 2308 1013 2328 cas
1031 2302 1090 2328 vias
1104 2301 1221 2333 evocati,
1238 2308 1291 2327 nou
1306 2301 1539 2334 obtemperarunt.
1565 2304 1652 2332 neque
1668 2296 1755 2331 legent

965 2348 1031 2376 Novi
1044 2347 1211 2376 Testamenti
1226 2347 1321 2375 audire
1339 2347 1493 2374 voluerunt.

1001 2433 1084 2461 Vens.
1096 2432 1141 2460 24.
1161 2442 1170 2458 ι
1189 2431 1255 2466 Quis
1271 2431 1347 2459 dedit
1369 2432 1396 2458 in
1411 2430 1590 2463 direptionem
1608 2427 1693 2455 Jacob
1704 2447 1712 2460 ,
1727 2432 1755 2453 et

965 2479 1048 2508 lsraei
1071 2478 1243 2507 vastantibus
1266 2477 1351 2505 eum?
1376 2476 1473 2504 Annon
1487 2475 1558 2503 Deus
1569 2494 1578 2507 ,
1596 2474 1639 2502 cui
1656 2480 1753 2509 pecca-

967 2529 1076 2558 verunt,
1090 2529 1118 2552 et
1130 2524 1276 2552 noluerunt
1291 2523 1318 2551 in
1332 2524 1384 2550 viis
1402 2522 1462 2557 ejus
1484 2520 1643 2552 ambulare,
1670 2526 1758 2553 neq-ue

968 2572 1064 2600 audire
1078 2571 1164 2606 legem
1179 2571 1259 2605 ejus?
1276 2579 1285 2595 ι
1302 2569 1337 2596 At
1350 2569 1422 2597 enim
1439 2567 1504 2595 olim
1520 2567 1629 2603 quidem
1645 2572 1706 2592 cum
1723 2565 1758 2591 ad

969 2625 1075 2653 tempus
1100 2617 1208 2653 aliquod
1235 2616 1307 2645 bello
1331 2615 1545 2650 impeterentur.
1572 2613 1670 2640 iterum
1689 2611 1758 2638 resi-

969 2665 1128 2700 piscebant;
1143 2665 1179 2692 ita
1196 2667 1225 2691 ut
1240 2661 1394 2690 Jerusalem
1409 2665 1436 2688 et
1459 2660 1535 2695 regia
1552 2658 1652 2686 ibidem
1669 2656 1758 2692 posita

969 2711 1148 2742 consisteret;
1163 2719 1233 2739 nunc
1253 2714 1346 2738 autem
1371 2707 1442 2736 bello
1463 2705 1588 2741 oppressi
1606 2708 1685 2736 sunt,
1705 2711 1759 2730 non

970 2758 1105 2786 exteriore
1134 2762 1259 2790 tantum,
1291 2757 1339 2784 sed
1366 2761 1399 2781 eo
1420 2753 1493 2789 quod
1515 2751 1550 2779 ab
1574 2750 1762 2778 obsidentibus

971 2805 1077 2832 animas
1091 2811 1156 2832 snas
1168 2803 1347 2831 inferebatur.

1005 2849 1088 2879 Vsus.
1105 2849 1150 2879 25.
1172 2859 1181 2876 ‹
1208 2849 1241 2876 Ει
1268 2848 1374 2876 induxit
1396 2853 1477 2881 super
1501 2852 1548 2872 eos
1574 2844 1642 2870 iram
1660 2841 1760 2873 furoris

970 2897 1023 2931 sui,
1039 2902 1066 2924 et
1083 2896 1199 2924 invaluit
1215 2897 1241 2924 in
1258 2903 1305 2924 eos
1320 2896 1420 2924 bellum
1435 2915 1443 2929 ,
1459 2897 1486 2922 et
1503 2892 1548 2928 qui
1563 2889 1761 2918 comliurebsnt
