2061 3215
331 167 387 198 595

669 165 803 193 EUSEBII
822 163 1061 194 CAESARIENSIS
1079 164 1155 194 OPP.
1176 164 1268 193 PARS
1285 164 1332 193 III.
1353 180 1387 186 -—
1405 164 1611 194 EXEGE'I'ICA.

1909 167 1952 197 596

333 234 382 254 eos
410 226 436 253 in
462 226 576 253 circunu
594 234 601 252 :
618 233 707 260 neque
727 231 911 260 cognoverunt
935 227 1113 261 unusquisque

1175 227 1272 258 αὐτοὺς
1300 227 1406 262 κύκλῳ·
1425 226 1473 253 καὶ
1497 227 1548 253 οὑκ
1576 226 1698 261 ἔγνωσαν
1724 218 1839 259 ἕκαστος
1863 227 1950 258 αὐτῶν.

332 280 439 304 eorttm,
455 279 543 306 neque
557 272 677 298 animum
695 272 886 299 adhibuerunt.
905 281 914 298 ›
927 271 984 300 Etsi
998 273 1069 300 enim
1091 273 1120 305 ii.

332 319 378 352 qui
400 318 469 352 apud
493 325 539 344 vos
559 317 699 350 inﬁdeles,
714 318 778 345 caeci
802 323 829 345 el
843 318 917 345 surdi
940 318 1029 346 effecti
1046 325 1120 352 sum,

1172 272 1231 298 οὐδὲ
1247 271 1338 299 ἔθεντο
1352 273 1398 300 ἐπὶ
1411 272 1509 310 ψυχήν.
1529 282 1538 298 ι
1550 273 1643 309 Είγὰρ
1654 273 1702 300 καὶ
1716 272 1751 299 τὰ
1767 273 1882 309 μάλιστα
1893 275 1915 300 οἱ
1928 275 1953 308 ἐξ

1174 317 1251 353 ὑμῶν
1274 318 1395 350 ἄπιστοι,
1430 319 1526 353 τυφλοὶ
1552 319 1598 345 καὶ
1622 319 1709 354 κωφοὶ
1739 319 1889 354 γενόμενοι,
1914 320 1954 348 καὶ

332 369 357 390 et
376 364 439 390 talia
462 369 666 398 pcrpetrarunt.
685 364 732 391 ira!
755 364 801 391 Dei
824 364 916 391 traditi
934 365 1006 397 sint;
1028 370 1056 392 at
1074 373 1113 392 vos

1172 364 1287 391 τοιαῦτα
1301 363 1466 400 πράξαντες,
1485 366 1517 401 τῇ
1531 365 1599 401 ὀργῇ
1613 364 1661 391 τοῦ
1675 365 1743 391 Θεοῦ
1757 365 1952 401 παρεδόθησαν

331 409 373 435 vel
389 417 460 436 nunc
476 411 582 437 tandem
599 410 707 442 audite;
729 417 776 437 vos
790 411 861 442 dico,
881 410 927 445 qui
952 412 1120 438 conditorem

330 459 358 481 et
370 460 520 482 creatorem
535 461 653 483 vestrum
670 463 723 483 non
739 457 904 491 ignorastis.
920 457 967 484 sed
993 457 1039 491 qui
1060 458 1119 492 opi-

332 500 423 528 ﬁcium
437 501 463 528 in
482 502 560 529 vobis
575 502 728 534 exsisteus,
744 503 848 529 salvum
864 508 890 529 et
908 503 1043 530 incolume
1060 511 1120 530 scr-

331 547 426 574 vastis.

600 594 715 622 CAPUT
752 594 843 622 XLIII.

367 638 448 667 Vens.
476 639 502 670 1,
526 644 553 665 ‘z.
577 648 587 664 ι
604 639 635 665 Ει
657 647 728 666 nunc.
746 641 787 667 sic
798 641 863 667 dicit
879 640 1011 668 DOmimIs
1028 646 1118 674 nens,

328 686 373 720 qui
389 684 453 712 fecit
474 690 508 716 te,
526 685 622 716 Iacob.
639 690 667 713 et
678 687 725 720 qui
743 686 871 713 formavit
894 692 931 719 te,
949 686 1029 714 Israel
1055 696 1062 714 :
1081 687 1120 714 Ne

329 733 440 765 timeas,
455 734 584 766 quoniam
598 732 700 760 redemi
715 738 742 759 te
758 741 765 760 :
781 734 875 760 vocavi
894 738 919 760 te
935 733 1045 760 nomine
1060 739 1117 766 tuo,

327 778 402 806 Meus
415 787 444 806 es
469 783 506 807 tu.
525 788 534 804 ›
550 778 606 812 Ego
624 777 755 805 Dominus
774 778 859 811 Deus,
878 779 922 813 qui
943 779 993 806 l'eci
1017 784 1043 805 et
1065 778 1120 806 Ior-

324 825 397 851 mavi
413 829 460 856 te;
483 823 534 850 feci
551 823 661 858 quidem
676 824 825 851 secundum
844 824 964 850 animam
991 824 1024 850 ad
1051 824 1120 850 ima-

326 871 416 906 ginem
435 870 479 898 Dei
496 870 594 897 factam
610 878 617 902 ;
638 869 750 897 formavi
775 875 865 897 autem
890 871 1037 897 secundum
1055 878 1117 897 cor-

1172 410 1229 436 ἁλλ⁹
1241 411 1321 446 ὑμεῖς
1333 411 1373 437 ἔτι
1388 411 1434 437 καὶ
1452 410 1500 437 νῦν
1511 410 1646 438 ἀκούσατε
1657 419 1664 426 ·
1680 411 1753 446 ὑμᾶς
1769 410 1797 437 δὲ
1811 411 1882 445 λέγω
1898 412 1953 443 τοὺς

1171 458 1217 483 τὸν
1237 457 1342 484 ἑαυτῶν
1365 457 1480 493 ποιητὴν
1507 457 1554 484 καὶ
1570 457 1692 493 πλάστην
1706 457 1744 493 μὴ
1765 457 1952 492 ἀγνοήσαντας,

1171 504 1238 531 ἀλλὰ
1256 504 1302 530 καὶ
1319 504 1349 530 τὸ
1364 504 1469 539 ποίημα
1482 503 1512 530 τὸ
1539 504 1568 529 ὲν
1580 503 1643 538 ὑμῖν
1658 503 1705 529 καὶ
1719 503 1749 529 τὸ
1764 503 1878 538 πλάσμα
1891 503 1953 529 σῶον

1172 550 1218 576 καὶ
1233 550 1373 577 ἀλώεττον
1396 549 1625 585 διατηρήσαντας.

1427 594 1624 622 ΚΕΦΑΛΑΙΟΝ
1640 594 1705 621 Ml".

1208 653 1218 668 ι
1236 643 1289 670 Καὶ
1301 642 1348 669 νῦν
1363 642 1448 674 οὕτως
1461 641 1535 676 λέγει
1551 641 1651 677 Κύριος
1663 641 1677 667 ὁ
1689 640 1755 672 Θεὸς
1766 641 1780 666 ό
1794 641 1908 676 ποιήσας
1917 649 1952 671 σε,

1176 689 1284 722 Ἰακὼϐ,
1300 689 1347 716 καὶ
1360 690 1374 716 ὁ
1392 688 1498 720 πλάσας
1518 697 1558 719 σε,
1578 687 1701 723 Ἰσραήλ·
1727 687 1772 722 Μὴ
1799 686 1894 721 φοόοὖ,
1917 687 1953 713 ὃτι

1171 736 1367 771 ὲλυτρωσάμην
1379 743 1408 761 σε
1418 743 1425 750 ·
1444 733 1563 761 ἐκάλεσὰ
1579 742 1609 759 σε
1623 733 1653 759 τὸ
1663 733 1750 768 ὄνομά
1766 741 1829 759 σου·
1853 731 1917 767 ὲμδς
1932 729 1954 758 εἴ

1172 781 1215 808 σύ.
1236 791 1245 808 ι
1268 781 1338 816 Ἐγὼ
1348 781 1451 816 Κύριος
1472 781 1486 807 ὀ
1501 780 1566 812 θεὸς
1579 780 1593 806 ὁ
1610 780 1725 814 ποιήσας
1742 788 1770 806 σε
1791 779 1838 805 καὶ
1855 780 1954 811 πλάσας

1172 837 1201 855 σε
1214 837 1220 844 ·
1240 829 1356 864 ποιήσας
1379 828 1428 863 μὲν
1449 827 1519 854 κατὰ
1535 826 1622 862 ψυχὴν
1638 826 1686 862 τὴν
1701 826 1759 852 κατ’
1777 826 1867 853 εἰκόνα
1892 824 1954 851 Θεοῦ

1172 873 1359 909 πεποιημένην
1369 881 1376 887 ·
1397 872 1503 904 πλάσας
1518 872 1546 898 δὲ
1564 871 1636 909 κατὰ
1654 870 1684 897 τὸ
1700 871 1779 906 σῶμα
1794 870 1824 896 τὺ
1842 869 1896 896 ἀπὸ
1907 869 1954 904 γῆς

324 926 388 953 pus,
409 919 442 945 de
461 923 534 944 terra
559 922 736 952 sutnplum,et
750 924 764 943 a
782 925 824 944 me
837 922 1034 945 constructum.
1047 918 1113 944 San-

1169 905 1388 955 lqsllév'xalitlrr‘
1411 917 1478 954 ἐμοῦ
1491 905 1681 952 πεπλασμένον
1691 926 1698 932 ·
1717 905 1813 952 λύτρον
1825 917 1895 952 ὑπὲρ
1909 915 1955 952 τῆς

324 964 491 999 guinemque
520 971 609 991 meum
628 963 655 990 in
682 964 799 998 pretium
824 971 873 998 pro
894 963 982 990 salute
1006 964 1118 990 tradens

323 1016 382 1043 tua,
399 1010 502 1038 redemi
520 1014 556 1042 te,
569 1015 597 1037 et
612 1009 705 1037 vocavi
722 1015 749 1037 te
766 1018 773 1037 :
791 1016 884 1037 verum
902 1010 985 1037 etiam
1009 1014 1047 1038 te-
1057 1018 1118 1045 pos-

323 1057 472 1085 sessionem
497 1063 584 1084 meam
607 1055 703 1088 ell'eci;
731 1055 768 1083 ita
794 1059 822 1084 ut
847 1061 873 1083 tu
898 1055 964 1083 mihi
990 1055 1115 1091 populus,

323 1110 374 1138 ego
393 1103 441 1130 tibi
457 1102 526 1129 Deus
536 1109 635 1129 essem.
648 1101 760 1128 Conlide
774 1101 869 1135 igitur,
886 1105 926 1128 tot
940 1108 954 1127 a
968 1107 1010 1128 me
1024 1101 1118 1135 digna-

324 1153 367 1175 tus
383 1148 470 1179 bonis,
495 1153 522 1174 et
536 1155 566 1174 ea
585 1154 638 1181 qua
659 1146 753 1182 jussus
769 1154 800 1173 es
815 1147 856 1173 via
875 1146 989 1173 incede:
1005 1145 1116 1174 ﬁducia-

320 1203 376 1230 que
395 1195 491 1230 plenus
515 1194 643 1221 omnibus
668 1201 717 1229 per
735 1193 831 1221 orbem
850 1193 978 1227 gentibus
996 1193 1115 1227 praedica

322 1239 508 1275 evangelicum
522 1245 689 1267 sermonem.
702 1237 833 1270 Quamvis
846 1236 918 1263 enim
936 1236 1007 1272 ignis
1017 1237 1115 1264 ardens

321 1286 454 1320 eruperit.
473 1285 599 1320 quamvis
613 1291 700 1318 aquae.
717 1283 844 1318 quamvis
862 1282 972 1309 ﬂumina
1001 1282 1115 1309 inunda-

321 1330 422 1361 verint,
434 1330 492 1357 hmc
511 1329 578 1356 nihil
595 1333 619 1356 te
634 1328 742 1359 laedent,
757 1328 830 1363 quod
845 1335 896 1362 ego
909 1332 998 1354 tecum
1015 1326 1115 1361 ubique

322 1377 384 1404 sim.
412 1375 480 1403 Nam
499 1375 563 1402 illud
592 1375 651 1402 sine
675 1374 817 1402 mendacio
839 1373 990 1405 enuntiavi.
1019 1381 1029 1398 ι
1045 1372 1115 1400 Ecce

321 1430 372 1458 ego
384 1422 523 1449 vobiscum
544 1429 603 1448 sum
619 1428 707 1455 usque
721 1421 754 1447 ad
773 1419 1039 1448 consummationem
1059 1426 1113 1446 sse-

322 1469 376 1496 culi
398 1469 433 1495 “.
448 1478 457 1494 ι

358 1515 440 1542 Vens.
469 1514 497 1543 5.
519 1513 574 1541 «ΕΙ
602 1520 624 1541 sn
648 1513 790 1541 transieris
803 1520 852 1548 per
880 1519 992 1547 aquam,
1023 1517 1111 1540 tecum

1169 965 1306 1000 σωτηρίας
1331 964 1361 990 τὸ
1385 963 1505 999 ἐμαυτοῦ
1521 963 1657 999 παραδοὺς
1672 960 1750 998 αἷμα.
1764 962 1953 997 ὲλυτρωσάμην

1169 1019 1198 1037 σε
1211 1010 1258 1037 καὶ
1271 1010 1390 1037 ἐκάλεσα
1411 1018 1458 1037 σε·
1477 1009 1545 1036 ἀλλὰ
1567 1009 1614 1035 καὶ
1633 1008 1728 1044 κτῆμα
1748 1007 1844 1034 ἑαυτοῦ
1863 1007 1953 1043 ἐποιη-

1169 1057 1258 1093 σάμην
1271 1065 1301 1083 σε
1311 1065 1318 1072 ⁸
1338 1057 1408 1084 ὥστε
1424 1054 1492 1083 εἶναι
1507 1056 1557 1092 μὲν
1569 1065 1597 1082 σε
1609 1055 1674 1090 ἐμὸν
1689 1055 1762 1087 λαὸν,
1781 1054 1852 1090 κάμὲ
1865 1054 1894 1081 δὲ
1910 1053 1953 1081 σοῦ

1166 1103 1249 1130 αὐτοῦ
1264 1103 1341 1130 Θεόν.
1362 1102 1464 1138 Θάρσει
1477 1101 1634 1138 τοιγαροῦν,
1652 1101 1786 1128 τοσούτων
1803 1102 1868 1136 παρ’
1890 1100 1953 1136 ἐμοῦ

1167 1149 1381 1185 κατηξιωμένος.
1403 1149 1450 1175 καὶ
1472 1148 1563 1183 βάδιζε
1577 1147 1626 1183 τὴν
1645 1147 1704 1174 ὁδὸν
1729 1147 1762 1183 ἥν
1785 1146 1953 1182 ὲκελεύσθης,

1167 1195 1277 1232 θαρσῶν
1296 1204 1325 1222 τε
1348 1195 1467 1231 κήρυττε
1481 1194 1537 1226 τοῖς
1563 1192 1719 1228 ἁπανταχοῦ
1736 1192 1788 1227 γῆς
1808 1191 1898 1217 ἔθνεσι
1912 1190 1953 1217 τὶ)

1166 1242 1343 1276 εὖαγγελικὸν
1370 1241 1458 1275 λόγον.
1475 1240 1535 1267 Κᾶν
1551 1240 1605 1277 γὰρ
1621 1239 1676 1275 πῦρ
1696 1238 1794 1274 φλέγον
1809 1238 1884 1273 ἐπίῃ,
1906 1236 1953 1264 κᾶν

1166 1287 1260 1321 ὕδατα,
1276 1287 1328 1314 κᾶν
1346 1287 1464 1322 ποταμοὶ
1490 1285 1690 1318 ὲπικλύζωσιν’
1721 1283 1797 1310 οὐδέν
1820 1292 1849 1310 σε
1872 1282 1953 1309 ταῦτα

1165 1333 1291 1369 λυπήσει,
1309 1332 1354 1360 διὰ
1370 1333 1400 1359 τὺ
1421 1333 1471 1367 ἐμὲ
1486 1332 1534 1359 σὺν
1558 1331 1600 1358 σοὶ
1611 1331 1749 1367 πανταχοῦ
1761 1328 1841 1357 εἶναι.
1860 1329 1954 1364 Ἀψευ-

1164 1379 1217 1411 δῶς
1247 1379 1301 1414 γὰρ
1317 1378 1529 1414 ἀπηγγειλάμην
1550 1377 1592 1409 τὸ,
1612 1386 1621 1402 ι
1644 1376 1708 1403 Ἰδοὺ
1730 1376 1784 1411 ἐγὼ
1801 1375 1859 1412 μεθ’
1878 1375 1954 1412 ὑμῶν

1164 1425 1222 1461 ειμι
1238 1425 1290 1457 ἓως
1301 1425 1349 1461 τῆς
1359 1424 1513 1456 συντελείας
1530 1423 1576 1450 τοῦ
1590 1422 1697 1454 αἰῶνος.
1713 1431 1723 1449 ι

1202 1524 1212 1541 ι
1228 1515 1284 1542 Καὶ
1294 1514 1342 1542 ἐὰν
1358 1514 1498 1551 διαϐαἰνῃς
1512 1513 1546 1539 δι’
1558 1513 1664 1546 ὓδατος,
1681 1511 1750 1548 μετὰ
1764 1511 1810 1538 σοῦ
1825 1512 1895 1546 εἰμι,
1908 1518 1953 1538 και

326 1568 398 1593 sum,
417 1566 444 1588 et
465 1559 577 1587 ﬂumina
600 1566 654 1586 non
673 1559 799 1594 operient
824 1563 850 1586 te
866 1566 873 1586 :
890 1558 953 1586 etsi
970 1558 1113 1586 transieris

1164 1561 1283 1596 ποταμοὶ
1304 1560 1334 1587 οὐ
1359 1559 1541 1594 συγκλύσουσί
1566 1567 1595 1585 σε
1608 1566 1615 1574 ·
1642 1558 1691 1585 καὶ
1718 1558 1766 1586 ἐὰν
1786 1557 1894 1594 διέλθῃς
1912 1558 1954 1583 διὰ

322 1614 370 1641 per
383 1606 485 1641 ignem,
500 1613 553 1633 non
571 1605 751 1637 combureris.
767 1604 875 1631 Ilanuua
897 1611 949 1631 non
970 1604 1113 1631 comburet

323 1659 365 1686 te;
382 1653 445 1688 quia
469 1660 519 1687 ego
537 1652 668 1679 Dominus
691 1651 762 1679 Deus
791 1656 853 1679 tuus
880 1656 993 1678 sanctus
1017 1650 1111 1682 Israel,

318 1700 481 1728 salvauste.
495 1698 558 1726 Feci
573 1697 813 1726 commutationem
829 1701 903 1724 tuam
916 1695 1074 1731 Egyptum,
1086 1700 1114 1723 et

321 1744 486 1780 Ethiopiam
499 1748 528 1771 ct
545 1744 661 1779 Syenem
679 1751 728 1778 pro
749 1747 787 1770 te.
803 1752 813 1769 ι
843 1743 881 1770 Ita
894 1743 994 1778 quippe
1011 1744 1113 1777 pretio-

318 1798 370 1818 sus
395 1791 459 1818 mihi
483 1790 569 1823 luisti,
603 1794 678 1817 tanta
708 1789 734 1816 in
762 1794 910 1823 conspectu
939 1796 999 1816 meo
1026 1788 1112 1823 gloria

320 1837 438 1864 danatus
453 1843 493 1869 es,
505 1841 532 1864 et
545 1842 631 1870 usque
641 1834 710 1863 adeo
724 1834 806 1863 dilexi
823 1841 860 1867 te,
877 1839 906 1862 ut
917 1835 990 1862 salus
1009 1835 1110 1866 divina.

321 1890 382 1918 quae
395 1890 443 1917 per
459 1888 485 1910 te
498 1881 625 1909 onmibus
639 1881 800 1909 hominibus
812 1887 890 1916 parta
905 1886 965 1914 est,
979 1887 1065 1915 usque
1078 1881 1111 1908 ad

321 1933 443 1956 extrema
472 1933 551 1956 term:
581 1928 748 1963 pel-lingeret
768 1936 775 1954 :
794 1932 822 1955 et
846 1933 876 1954 ut
905 1927 944 1954 illi
971 1926 1110 1954 hominum

320 1974 583 2009 superstitiosissimi
613 1974 735 2010 Egyptii
752 1981 800 2008 per
817 1978 842 2000 te
863 1973 1005 2000 vocatione
1017 1972 1111 2008 digna-

321 2025 428 2049 rentur.
446 2020 499 2048 Per
514 2021 657 2057 Egyptios
678 2021 762 2055 igitur
780 2020 986 2054 superstitiosos
1002 2024 1029 2047 et
1050 2019 1110 2046 ido-

321 2066 436 2094 lulatras
456 2073 552 2094 omnes
581 2066 734 2102 designavit
750 2075 758 2092 :
773 2073 820 2101 per
835 2065 980 2101 [Ethiopas
997 2070 1025 2092 et
1042 2066 1111 2101 Syc-

318 2119 395 2145 nem.
409 2119 457 2139 eos
471 2112 517 2148 qui
530 2116 652 2140 extrema
666 2118 747 2140 terra:
761 2116 862 2139 nostra:
873 2112 1038 2140 incolebant.
1055 2111 1110 2140 Nec

323 2157 503 2191 ignorandum
523 2162 566 2185 est
586 2164 647 2186 esse
675 2158 821 2192 quamdam
844 2156 1018 2184 Sabaitarum
1041 2165 1109 2192 gen-

315 2207 385 2235 tem.
413 2203 483 2231 unde
506 2201 659 2231 Salomonis
682 2208 804 2238 tempore
830 2203 924 2239 regina
951 2203 1023 2231 Saba
1051 2211 1109 2239 pro-

317 2249 391 2278 fecta
407 2254 460 2278 est.

354 2339 436 2368 Vsus.
459 2339 488 2373 ὁ,
517 2340 544 2368 5.
573 2350 583 2365 ι
597 2347 635 2367 ως
658 2347 711 2374 quo
733 2340 903 2368 honorabilis
921 2340 1010 2369 factus
1027 2348 1056 2369 cs
1081 2341 1107 2368 in

318 2391 464 2420 conspectu
478 2393 550 2419 meo,
565 2385 731 2421 gloriﬁcatus
751 2393 791 2419 es,
807 2391 835 2413 et
850 2393 902 2420 ego
920 2385 1000 2413 dilexi
1015 2391 1063 2414 te:
1080 2391 1108 2414 et

309 2431 387 2459 'dabo
403 2431 527 2459 homines
543 2439 591 2467 pro
606 2436 644 2464 te.
656 2436 684 2459 et
699 2432 835 2466 principes
862 2439 911 2466 pro
935 2432 1024 2466 capite
1049 2435 1104 2459 tuo.

316 2475 357 2504 Ne
371 2477 477 2508 timeas,
493 2476 621 2511 quoniam
639 2482 727 2504 tecum
742 2484 812 2504 sum.
829 2477 869 2504 Ab
885 2477 993 2504 oriente
1006 2477 1104 2505 ducam

307 2530 409 2551 semen
441 2527 526 2556 tuum,
557 2528 584 2551 et
608 2523 643 2550 ab
667 2523 810 2551 occidente
837 2524 1011 2558 congregabo
1041 2527 1075 2551 te.
1094 2533 1104 2549 ι

309 2567 414 2597 Multos
437 2569 508 2597 ﬁlios
532 2578 548 2596 ιι
576 2577 619 2596 me
641 2569 790 2597 secundum
820 2568 904 2596 Deum
936 2570 1054 2605 genitos,
1079 2570 1105 2597 in

316 2614 419 2642 cmlesti
449 2623 507 2643 mea
530 2616 641 2643 civitate
671 2615 867 2651 congregatio,
902 2615 1030 2650 ipsosque
1059 2622 1101 2650 pe.

307 2665 407 2687 aerem
424 2660 552 2688 sublimes
567 2662 660 2696 agam.
678 2661 755 2695 quasi
774 2661 899 2688 volucres
914 2661 1014 2691 ventis.
1029 2661 1105 2689 vide-

306 2702 381 2732 ‘Iicet
391 2707 528 2741 angelicis
537 2707 879 2742 virtutibuslsustentatos.

351 2786 375 2803 "
388 2786 484 2817 Matth.
499 2796 594 2820 xxvut.
608 2789 656 2817 20.

1165 1607 1261 1643 πυρὸς,
1277 1607 1307 1634 οὐ
1326 1606 1364 1643 μὴ
1383 1606 1570 1641 κατακαυθῇς,
1588 1604 1653 1639 φλὸξ
1663 1605 1694 1632 οὐ
1718 1604 1886 1632 κατακαύσει
1905 1612 1934 1631 σε

1163 1653 1205 1679 ὅτι
1219 1651 1274 1686 ἐγὼ
1290 1651 1392 1687 Κύριος
1408 1652 1422 1677 ὸ
1435 1651 1500 1683 Θεός
1514 1659 1561 1677 σου
1577 1652 1591 1677 ὀ
1603 1651 1680 1685 ἆγιος
1694 1649 1814 1685 Ἰσραὴλ,
1825 1649 1840 1676 6
1858 1648 1954 1681 σώζω.-

1164 1708 1205 1726 σε.
1230 1698 1362 1734 Ἐποίησα
1378 1697 1505 1733 ἄλλαγμα
1525 1706 1572 1724 σου
1590 1697 1728 1731 Αἴγυπτον
1748 1696 1794 1734 καὶ
1810 1694 1954 1722 Αἰθιοπίαν

1163 1745 1210 1773 καὶ
1218 1745 1321 1780 Σοήνην
1334 1744 1390 1780 (58)
1403 1743 1473 1779 ὑπὲρ
1486 1743 1559 1770 σοῦ.»
1572 1743 1650 1770 Οὕτω
1662 1742 1717 1778 γὰρ
1725 1741 1790 1777 παρ’
1801 1741 1862 1776 ἐμοὶ
1874 1741 1953 1775 γέγο-

1162 1799 1211 1822 νας
1222 1790 1323 1826 τίμιος,
1346 1789 1395 1816 καὶ
1413 1789 1500 1821 οὕτως
1523 1788 1643 1816 ἐναντίον
1660 1797 1711 1824 μου
1733 1786 1890 1822 ὲδοξάσθης,
1908 1786 1953 1813 καὶ

1161 1837 1248 1869 οὕτως
1261 1837 1394 1872 ἠγάπησά
1411 1845 1451 1868 σε,
1467 1837 1504 1868 ὡς
1514 1836 1561 1863 καὶ
1579 1836 1658 1872 μέχρι
1675 1835 1729 1862 τῶν
1750 1834 1886 1871 ὲσχατιῶν
1901 1834 1953 1869 γῆς

1163 1883 1265 1918 φθάσαι
1276 1882 1326 1918 τὴν
1335 1882 1379 1909 διὰ
1398 1881 1444 1909 σοῦ
1458 1883 1541 1909 πᾶσιν
1557 1880 1710 1916 ἀνθρώποις
1735 1878 1952 1916 προξενουμένην

1162 1929 1233 1956 κατὰ
1249 1928 1315 1955 Θεὸν
1336 1928 1488 1964 σωτηρίαν⁸
1515 1927 1562 1954 καὶ
1585 1926 1623 1958 ὡς
1649 1925 1747 1957 αὐτοὺς
1766 1925 1821 1952 τῶν
1843 1925 1952 1951 πάντων

1161 1974 1313 2012 ἀνθρώπων
1326 1973 1623 2009 δεισιδαιμονεστάτους
1644 1971 1810 2006 Αἰγυπτιους
1835 1970 1886 2006 τῆς
1909 1969 1953 1996 διὰ

1163 2019 1210 2047 σοῦ
1226 2020 1348 2055 κλήσεως
1363 2018 1575 2053 καταξιωθῆναι.
1600 2017 1649 2044 Διὰ
1668 2017 1717 2052 μὲν
1737 2014 1783 2043 οὖν
1801 2015 1855 2042 τῶν
1871 2015 1952 2049 Δίγυ-

1162 2067 1248 2093 πτίων
1271 2067 1376 2097 πάντας
1388 2065 1498 2101 ᾐνίξατο
1513 2065 1577 2096 τοὺς
1597 2063 1797 2099 δεισιδαίμονας
1812 2063 1860 2090 καὶ
1875 2062 1952 2088 elan-

1160 2112 1302 2147 λολάτρας,
1318 2110 1362 2137 διὰ
1383 2110 1411 2137 δὲ
1427 2110 1476 2146 τῆς
1491 2109 1635 2140 Αἰθιοπίας
1649 2109 1696 2135 καὶ
1714 2108 1810 2143 Σοῖνης
1825 2107 1891 2138 τοὺς
1905 2105 1952 2142 μέ-

1160 2166 1206 2193 χρι
1220 2157 1274 2195 τῷν
1287 2156 1421 2192 ἐσχατιῶν
1437 2156 1486 2191 τῆς
1505 2155 1567 2182 καθ’
1582 2155 1655 2190 ἡμᾶς
1668 2153 1831 2190 οἰκουμένης
1846 2152 1952 2180 οἰκοῦν-

1160 2212 1220 2235 τας.
1242 2202 1351 2235 Ἰστέον,
1369 2202 1407 2234 ὼς
1431 2201 1488 2228 ἔστι
1513 2201 1653 2228 Σαὸαῖτῶν
1679 2200 1764 2231 ἔθνος,
1787 2199 1850 2226 ὄθεν
1875 2198 1953 2234 βασί-

1126 2249 1148 2278 D
1162 2250 1242 2277 λιστα
1257 2249 1332 2276 Σαϐὰ
1359 2249 1490 2285 ἐπεδήμει
1514 2248 1584 2275 κατὰ
1604 2248 1668 2280 τοὺς
1692 2245 1865 2282 Σολομῶντος
1888 2245 1954 2281 χρό-

1161 2303 1234 2327 νους.

1199 2350 1208 2366 ι
1233 2340 1291 2374 Ἀφ’
1305 2336 1334 2367 οὗ
1343 2339 1450 2375 ἔντιμος
1461 2340 1553 2374 ἐγένου
1564 2337 1683 2364 ἐναντίον
1699 2336 1778 2372 ἐμοῦ,
1792 2335 1953 2370 ὲδοξάσθης,

1161 2387 1207 2414 καὶ
1229 2386 1284 2421 ἐγώ
1302 2394 1331 2412 σε
1355 2386 1497 2421 ἠγάπησα.
1516 2385 1570 2411 Καὶ
1593 2383 1671 2410 δώσω
1693 2382 1854 2417 ἀνθρώπους
1881 2381 1955 2416 ὑπὲρ

1161 2433 1220 2464 σοῦ,
1237 2433 1284 2460 καὶ
1295 2433 1427 2469 ἄρχοντας
1445 2432 1516 2467 ὑπὲρ
1526 2431 1575 2466 τῆς
1588 2429 1707 2465 κεφαλῆς
1719 2437 1776 2455 σου.
1794 2429 1840 2469 Μὴ
1853 2427 1954 2462 φοὸοῦ,

1160 2480 1201 2506 ὅτι
1222 2479 1291 2514 μετά
1381 2479 1448 2513 εἰμι.
1474 2478 1532 2504 Ἀπ’
1556 2475 1692 2504 ἀνατολῶν
1714 2475 1770 2506 ἄξω
1789 2467 1819 2501 τὸ
1839 2473 1956 2510 σπέρμα

1160 2533 1218 2556 σου,
1231 2525 1277 2551 καὶ
1291 2524 1345 2551 ἀπὸ
1359 2524 1468 2558 δυσμῶν
1482 2522 1588 2554 συνάξω
1601 2530 1641 2549 σε.
1661 2531 1671 2547 ι
1684 2519 1772 2547 Πολλὰ
1783 2519 1868 2546 τέκνα
1881 2518 1957 2545 κατὰ

1160 2570 1227 2597 Θεὸν
1238 2571 1370 2605 γεννήσας
1385 2568 1491 2601 συνάξω
1504 2570 1544 2601 εἰς
1555 2568 1604 2604 τὴν
1619 2566 1778 2603 ὲπουράνιόν
1796 2574 1848 2601 μου
1861 2565 1954 2595 πόλιν,

1150 2616 1315 2652 μετεώρους
1327 2616 1425 2647 αὐτοὺς
1437 2614 1578 2642 ἀναλαϐὼν
1588 2615 1622 2641 δι’
1630 2615 1710 2649 ἀέρος
1720 2613 1815 2648 ὥσπερ
1830 2611 1956 2648 πτηνοὺς

1159 2662 1270 2698 ἀνέμοις
1280 2661 1540 2697 ὑποκουφιζόμενος,
1558 2660 1629 2695 λέγω
1645 2659 1678 2696 δὴ
1693 2659 1851 2693 ἀγγελικαὶς
1875 2657 1949 2686 δυνά

1160 2717 1248 2744 μεσιν.

349 2868 409 2909 (ἦβ)
419 2868 507 2909 Syene
518 2869 623 2909 urbsad
637 2875 758 2909 extrema
771 2867 880 2908 Algypti
893 2868 989 2902 posita.
1003 2867 1192 2906 Συήνη,Σοήνη
1221 2872 1248 2896 et
1271 2867 1350 2904 Σοῒνη
1368 2867 1466 2897 dicitur
1487 2867 1557 2902 apud
1583 2865 1745 2909 Origencm.
1765 2864 1954 2894 Atnanasfutt

314 2909 342 2932 et
358 2904 438 2938 alios,
451 2905 523 2935 utin
539 2904 679 2933 Athanasii
696 2905 770 2933 edito
787 2904 952 2931 monuimus.
