2061 3215
149 162 201 191 597

611 162 862 192 COMMENTARIA
883 163 916 192 IN
936 162 1065 190 ISAIAM.
1086 176 1119 181 —-
1138 160 1215 189 CAP.
1236 160 1329 188 XLIII.

1725 158 1778 188 598

189 233 198 247 ε
225 221 297 257 Ἑρῶ
317 221 356 258 τῷ
373 221 470 258 βορρᾷ,
489 223 565 257 νΛγε,
590 223 637 249 καὶ
662 222 701 258 τῷ
720 223 786 254 λιϐὶ,
804 223 881 257 Ἄγε,
903 223 940 258 μὴ

1029 220 1113 248 Vnus.
1135 221 1161 248 6.
1187 229 1196 245 ι
1210 219 1302 247 Dicam
1319 217 1449 253 aquiloni,
1465 217 1537 252 Age;
1553 221 1579 244 et
1594 219 1698 248 austro,
1713 216 1779 251 Age,

151 267 238 296 κώλυε
249 276 256 283 ·
270 267 320 303 ἄγε
333 269 397 300 τοὺς
417 268 490 300 υἱούς
504 277 556 304 μου
573 268 628 295 ἀπὸ
647 269 697 304 τῆς
720 268 870 304 πόρρωθεν,
896 268 941 294 καὶ

150 314 200 346 τὰς
217 313 369 349 θυγατέρας
385 322 437 349 μου
454 315 502 341 ἀπ’
516 314 610 349 ἄκρων
624 314 674 349 τῆς
688 314 751 349 γῆς.
766 324 775 339 ι
797 313 867 347 Ἐγὼ
883 313 937 348 γὰρ

151 360 210 391 ταῖς
223 358 383 393 ἁγγελικαῖς
400 360 531 395 δυνάμεσι
550 359 629 387 τοῦτο
639 361 726 387 ποιεῖν
738 359 889 394 προστάξω,
901 359 944 385 διὰ

151 405 182 432 τὸ
196 405 281 440 ἐμοὺς
297 403 367 432 εἶναι
379 406 454 438 υἱοὺς
473 406 692 442 καὶ-,θυγατέρας
715 405 785 441 ἐμὰς
809 405 843 432 δι’
868 405 945 440 ὑμῶν

154 451 308 487 σπαρέντας
322 452 369 478 καὶ
382 452 611 488 ἀναγεννηθέντας
620 452 649 479 ἐν
660 453 693 487 τῇ
710 452 762 487 ἐμῇ
784 450 943 487 Ἐκκλησία.

191 506 200 523 ι
217 496 325 528 Πάντας
352 497 409 524 ῧσοι
435 497 628 532 ἐπικέκληνται
650 497 689 532 τῷ
713 497 824 532 ὀνόματί
854 505 913 532 μου.
933 505 942 521 ι

153 542 240 569 Πόθεν
256 542 284 569 δέ
298 542 409 569 ἄλλοθεν
423 542 526 578 ὑπέστη
544 542 574 569 τὺ
596 539 767 577 Χριστιανῶν
782 541 867 577 ὄνομα
880 542 897 577 ἢ
912 542 946 568 ἐκ

153 589 202 625 τῆς
218 588 265 615 τοῦ
280 588 398 625 Χριστοῦ
412 588 615 624 προσηγορίαςς
633 587 713 620 αὐτὸς
725 587 753 614 δὲ
767 585 801 622 ἦν
814 589 828 614 6
839 587 883 614 διὰ
898 585 945 613 τοῦ

153 634 294 670 προφήτου
308 633 394 660 ταῦτα
412 632 558 665 θεσπίζων.
583 642 591 658 ι
613 633 656 659 Ἐν
671 633 724 669 γὰρ
748 634 781 668 τῇ
803 633 867 668 δόξῃ
895 641 945 668 μου

155 679 344 707 κατεσκεύασα
362 679 453 711 αὐτὸν,
469 679 515 705 καὶ
541 677 645 705 ἑπλασα
661 678 753 710 αὑτὸν,
769 678 816 704 καὶ
831 678 945 714 ἐποίησα

154 725 245 758 αὐτὸν,
267 725 403 752 ἄπλαστον
426 725 491 751 ὄντα
507 726 563 756 τοῖς
577 724 698 759 τρόποις.

192 780 202 796 ι
219 771 274 798 Καὶ
288 770 423 806 ἐξήγαγον
446 770 510 797 λαὸν
535 770 646 805 τυφλὸν,
661 771 708 797 καὶ
722 770 855 806 ὀφθαλμοί
877 770 945 797 εἰσιν

153 816 285 849 ὡσαύτως
300 816 406 852 τυφλοὶ,
427 817 474 843 καὶ
500 816 586 851 κωφοὶ
599 816 633 843 τὰ
646 813 703 843 ὦτα
716 816 832 851 ἔχοντες,
854 816 945 843 Πάντα

153 863 187 889 τὰ
205 860 269 895 ἔθνη
282 861 454 897 συνήχθησαν
470 861 538 897 ἃμα,
553 862 600 888 καὶ
615 861 826 898 συναχθήσονται
846 862 944 898 ἄρχον-

995 267 1050 294 noli
1063 265 1216 301 prohibere.
1234 265 1291 300 Age
1305 263 1375 295 ﬁlios
1392 270 1467 290 meos
1484 264 1518 289 de
1532 267 1603 289 terra
1620 266 1733 293 remota.
1752 266 1781 289 et

995 313 1063 340 lilias
1076 320 1150 340 meas
1164 312 1198 338 ab
1206 311 1336 338 extremis
1349 316 1438 337 terrm.
1457 318 1466 334 ι
1491 309 1546 343 Ego
1558 308 1630 335 enim
1644 307 1781 342 angelicas

995 361 1110 387 virtutes
1120 359 1176 386 lucc
1188 364 1270 393 agere
1283 355 1437 392 prtecipiam
1448 375 1456 388 ,
1472 354 1537 389 quia
1553 354 1599 381 lilii
1614 353 1667 381 mei
1679 357 1706 380 et
1718 352 1780 380 lilia:

995 412 1061 433 mea:
1087 409 1162 436 sunt,
1186 411 1235 438 per
1251 410 1299 430 vos
1318 402 1369 429 sati
1386 406 1414 428 et
1438 400 1588 436 regenerati
1610 400 1638 428 in
1660 398 1782 427 Ecclesia

995 457 1065 478 mea.

1034 495 1114 524 Vsus.
1136 496 1164 523 7.
1186 505 1195 521 ι
1213 494 1322 528 Omnes,
1337 498 1472 530 quotquot
1488 493 1575 520 vocati
1591 496 1654 520 sunt
1670 491 1782 520 nomine

996 550 1065 570 meo.
1078 551 1087 569 ι
1107 541 1183 569 Unde
1195 541 1370 569 constitutum
1387 546 1429 568 est
1439 539 1658 568 Christianorum
1672 546 1782 573 nomen,

996 588 1048 616 nisi
1068 596 1100 615 ex
1119 587 1220 615 Christi
1240 587 1372 614 nomine?
1387 586 1446 622 Ipse
1468 590 1559 613 autem
1577 591 1650 618 erat,
1665 585 1711 620 qui
1733 592 1782 619 per

995 635 1155 672 prophetam
1171 634 1230 662 haec
1243 632 1454 660 vaticinabatur.
1472 632 1521 662 «In
1535 631 1622 666 gloria
1637 631 1710 658 enim
1722 638 1782 659 mea
1823 623 1830 632 ’

995 679 1066 708 edidi
1080 686 1153 713 eum,
1179 683 1206 707 et
1225 679 1290 706 tinxi
1305 686 1379 710 eum.
1405 683 1433 705 et
1456 677 1508 706 feci
1535 685 1609 710 eum,
1627 687 1637 704 ι
1670 677 1782 706 minime

996 725 1086 753 ﬁctum
1103 726 1233 753 moribus.
1782 747 1784 750 ,

1033 771 1114 799 Vens.
1141 770 1168 804 8,
1188 771 1216 799 9.
1241 781 1250 798 ι
1262 770 1294 798 Et
1311 770 1392 798 eduxi
1405 769 1532 805 populum
1544 776 1658 803 caecum,
1675 773 1702 797 et
1712 768 1784 798 oculi

995 823 1057 845 sunt
1071 817 1175 852 pariter
1196 817 1271 850 caeci,
1287 822 1314 844 et
1333 816 1407 844 surdi
1433 823 1513 844 aures
1539 816 1650 844 habent.
1675 814 1784 845 Omnes,

995 867 1088 899 gentes
1099 867 1272 897 congregatae
1283 867 1346 890 sunt
1365 861 1456 896 simul,
1470 867 1497 889 et
1517 861 1631 889 coibunt
1647 862 1786 897 principes

154 908 241 943 τες’ἐξ
250 907 350 935 αὐτῶν.
370 917 379 933 ι
404 907 455 934 Διὰ
470 908 524 943 γὰρ
539 907 593 934 τῶν
613 907 799 935 ἁποστολικῶν
815 908 942 944 σπερμά-

997 917 1026 937 ex
1038 909 1104 937 eis.»
1115 908 1167 937 Per
1179 908 1327 944 apostolica
1339 909 1438 944 quippe
1450 908 1555 935 semina
1575 913 1601 935 et
1616 915 1666 943 per
1680 908 1785 935 doctri-

154 962 209 981 των
235 953 350 988 καὶτῆς
377 952 551 985 διδασκαλίας
576 952 666 979 αὐτῶν
692 953 890 988 μεταϐαλόντες
918 954 943 979 οἱ

154 999 238 1033 πάλαι
249 999 346 1034 τυφλοὶ
360 999 406 1026 καὶ
418 999 516 1033 κωςροὶ,
532 999 703 1035 συνήχθησαν
715 1000 755 1031 sl;
766 1000 815 1036 τὴν
832 999 945 1035 Ἐκκλη-

155 1045 219 1074 σίαν
233 1045 279 1072 τοῦ
296 1045 380 1072 Θεοῦ·
398 1045 448 1081 ήδη
459 1045 487 1072 δέ
504 1046 551 1072 καὶ
573 1046 703 1081 ἄρχοντες
727 1045 756 1078 ἐξ
772 1045 861 1072 αὐτῶν
882 1045 945 1072 τού-

155 1099 210 1118 των
228 1091 282 1118 τῶν
296 1091 382 1118 ἐθνῶν
399 1092 445 1118 ἐπὶ
459 1091 504 1118 τὸν
520 1091 583 1117 λαὸν
597 1090 644 1117 τοῦ
662 1090 729 1117 Θεοῦ
748 1091 925 1126 κατέστησαν.

193 1148 204 1164 ι
221 1138 269 1170 Τίς
285 1138 431 1172 ἀναγγελεῖ
451 1138 557 1169 ταῦτα;
575 1138 592 1172 ἢ
610 1137 642 1164 τὰ
659 1136 687 1169 ἐξ
705 1137 791 1172 ἀρχῆς
807 1137 849 1169 τίς
863 1137 946 1171 ἀναγ-

154 1181 230 1216 γελεῖ
242 1182 322 1217 ὑμῖν;
346 1182 535 1216 Ἀγαγέτωσαν
551 1182 615 1213 τοὺς
631 1182 771 1217 μάρτυρας
787 1182 886 1214 αὐτῶν,
899 1182 947 1209 καὶ

155 1227 388 1263 δικαιυώήτωσαν,
412 1227 458 1254 καὶ
486 1227 692 1259 ἀκουσάτωσαν,
719 1227 765 1253 καὶ
793 1227 946 1254 εἰπάτωσαν

157 1273 256 1310 ἀληθῆ.
271 1273 290 1299 Γ
292 1273 384 1299 ἐνεσθέ
397 1282 443 1309 μοι
461 1273 611 1308 μάρτυρες,
627 1273 674 1299 καὶ
686 1272 742 1307 ἐγὼ
766 1273 882 1308 μάρτυς,
904 1273 947 1300 λέ-

157 1327 201 1354 γει
215 1318 318 1354 Κύριος
330 1318 345 1344 6
356 1317 433 1350 Θεὸς,
450 1319 497 1345 καὶ
514 1319 528 1344 6
545 1319 608 1349 παῖς
622 1326 686 1353 μου,
696 1318 725 1344 ὃν
739 1317 914 1354 ἐξελεξάμην.
933 1328 943 1346 ι

164 1364 271 1400 Ἐπειδὴ
284 1365 361 1399 κάγὼ
375 1365 389 1391 6
406 1364 473 1396 Θεὸς
493 1364 597 1400 μάρτυς
620 1364 710 1391 αὐτῶν
727 1364 889 1399 γενήσομαι,
900 1364 947 1391 καὶ

156 1411 172 1438 6
187 1411 251 1442 παῖς
268 1418 320 1445 μου
332 1410 361 1437 ὃν
376 1408 540 1444 ἐξελεξάμην
553 1417 559 1424 ·
577 1409 642 1445 περὶ
655 1406 685 1436 οὗ
696 1409 825 1444 ἀνωτέρω
837 1408 927 1443 ἔλεγεν
937 1417 944 1424 ο

160 1465 171 1483 ι
192 1455 257 1483 Ἰδοὺ
272 1456 286 1483 6
297 1457 360 1488 παῖς
372 1464 433 1491 μου,
447 1455 476 1482 ὃν
491 1455 615 1490 ᾑρέτισα,
627 1455 640 1481 6
651 1454 777 1486 ἐκλεκτός
789 1463 851 1490 μου,
863 1463 947 1490 προσ-

159 1501 267 1534 εδέξατο
291 1501 373 1528 αὑτὸν
398 1501 503 1537 ήψυχή
519 1510 581 1537 μου.
597 1510 606 1527 ι
630 1499 700 1535 Ἐγὼ
722 1500 811 1527 τοίνυν
826 1500 906 1532 αὐτὸς
931 1501 947 1527 6

160 1547 237 1579 Θεὸς,
255 1547 302 1575 καὶ
316 1547 331 1573 6
348 1548 411 1578 παῖς
429 1544 506 1579 οὗτος
520 1548 534 1574 6
548 1546 676 1579 ἐκλεκτός
700 1555 762 1582 μου,
781 1546 947 1582 μαρτυρήσω

159 1593 214 1624 τοῖς
226 1593 303 1628 ἐμοῖς
318 1592 434 1628 μάρτυσι
445 1600 453 1607 ’
472 1592 486 1618 6
502 1592 534 1628 δὴ
547 1591 595 1618 καὶ
607 1592 621 1618 6
629 1590 724 1627 Σωτὴρ
734 1591 763 1617 ἐν
772 1590 947 1625 Εὑαγγελίοις

159 1638 254 1674 ἐδήλου
270 1637 358 1672 λέγων
368 1647 374 1653 ·
392 1646 402 1664 ι
417 1639 465 1669 '0;
481 1637 528 1664 ἐὰν
543 1637 700 1673 ὁμολογήσῃ
716 1638 745 1664 ἐν
761 1637 822 1672 ἐμοὶ
845 1636 947 1672 ἔμπρο-

159 1683 221 1711 σθεν
239 1684 293 1712 τῶν
305 1683 465 1720 ἀνθρώπων,
479 1683 638 1719 ὁμολογήσω
659 1682 736 1718 κάγὼ
751 1683 780 1710 ἐν
802 1683 875 1719 αὐτῷ
897 1682 947 1718 ἐμ-

160 1730 278 1766 προσθεν
294 1729 342 1756 τοῦ
356 1729 462 1764 Πατρός
481 1738 532 1765 μου
546 1729 594 1756 τοῦ
611 1730 640 1755 ἐν
658 1730 715 1761 τοῖς
735 1729 868 1765 οὐρανοῖς.
888 1729 947 1756 Ἵνα

155 1775 245 1814 ¹γνῶτε
269 1775 316 1802 καὶ
340 1774 514 1810 πιστεύσητε,
541 1775 588 1802 καὶ
608 1775 717 1810 συνῆτε,
742 1775 783 1801 ὅτι
808 1773 864 1808 ἐγώ
878 1775 945 1810 είμι,

192 1831 202 1848 ‹
222 1820 395 1857 Ἐμπροσθέν
410 1830 461 1857 μου
476 1821 526 1848 οὐκ
533 1821 641 1856 ἐγένετο
651 1820 730 1853 ἀλλος
744 1821 819 1853 Θεὸς,
832 1820 878 1847 καὶ
888 1820 947 1856 μετ’

160 1867 212 1903 ἐμὲ
224 1867 274 1893 οὐκ
290 1866 356 1893 ἔστι.
367 1876 377 1892 ι
393 1867 430 1893 Τὸ
444 1867 498 1903 γὰρ
509 1867 594 1894 αἴτιον
606 1867 657 1902 τῆς
668 1867 716 1893 τοῦ
730 1866 848 1903 Χριστοῦ
870 1875 946 1902 παρ-

158 1912 253 1944 ουσίας
267 1912 315 1939 καὶ
331 1913 380 1948 τῆς
395 1913 449 1940 τῶν
474 1912 632 1940 ἀποστόλων
650 1913 733 1940 αὑτοῦ
748 1913 788 1945 εἰς
813 1912 901 1940 πάντα
913 1912 948 1939 τὰ

159 1957 224 1994 ἔθνη
247 1958 397 1995 μαρτυρίας
411 1958 485 1986 οὐδὲν
504 1959 596 1994 ἕτερον
617 1956 662 1994 ἦν,
678 1959 694 1995 ἢ
712 1959 743 1985 τὸ
762 1958 877 1995 κηρῦξαι
898 1959 947 1994 τὴν

161 2003 208 2031 τοῦ
224 2004 292 2031 Θεοῦ
302 2004 411 2039 γνῶσιν,
427 2005 474 2032 καὶ
492 2005 541 2041 τὴν
559 2006 599 2037 εὶς
621 2000 701 2033 αὑτὸν
718 2005 819 2037 πίστιν,
837 2005 885 2032 καὶ
898 2004 948 2040 τὴν

161 2052 226 2087 περὶ
241 2050 323 2078 αὐτοῦ
340 2051 446 2078 σύνεσιν
471 2053 525 2083 τοῖς
542 2052 606 2087 πρὶν
629 2051 778 2083 ἀσυνέτοις,
795 2051 842 2078 καὶ
865 2052 947 2077 ἀσυν-

161 2096 257 2129 θέτοις,
273 2096 320 2123 καὶ
339 2097 474 2129 ἀπίστοις,
495 2097 542 2124 καὶ
560 2098 588 2123 ἐν
605 2097 727 2132 ἀγνωσία
746 2094 821 2124 οὖσιν
843 2096 925 2124 αὑτοῦ
939 2105 946 2112 ’

160 2142 198 2174 ὡς
210 2142 254 2170 διὰ
279 2142 357 2170 τοῦτο
372 2142 537 2178 τυφλώττειν
551 2144 614 2175 τοὺς
633 2142 684 2178 τῆς
708 2143 827 2175 διανοίας
849 2143 948 2178 ὀφθαλ-

162 2187 239 2223 μοὺς,
256 2188 378 2224 καὶπερὶ
389 2189 438 2224 τὴν
451 2189 554 2226 πλάνην
566 2189 615 2224 τῆς
633 2188 713 2216 ἀθέου
727 2187 948 2224 εἰδωλολατρείας

960 1569 982 1598 C

996 962 1057 982 nam
1073 962 1166 982 eorum
1191 954 1287 981 mutati
1299 973 1307 987 ,
1325 954 1370 989 qui
1386 953 1451 981 olim
1465 953 1531 981 caeci
1551 959 1581 980 et
1597 953 1672 984 surdi
1696 958 1784 987 erant,

995 1001 1150 1038 congregati
1166 1005 1230 1028 sunt
1248 1001 1274 1027 in
1292 999 1412 1028 Ecclesia
1427 999 1474 1027 Dei
1490 998 1626 1035 :jamque
1645 999 1785 1041 principes

995 1051 1028 1074 ex
1056 1047 1153 1075 iisdem
1183 1047 1312 1081 gentibus
1339 1046 1365 1074 in
1402 1045 1530 1081 populum
1563 1046 1609 1073 Dei
1640 1046 1784 1085 constituti

996 1098 1069 1122 sunt.
1782 1123 1784 1125 ,

1032 1139 1112 1168 Vens.
1134 1139 1210 1167 9-H.
1232 1148 1242 1164 ι
1257 1138 1322 1172 Quis
1337 1137 1509 1165 annuntiabit
1524 1138 1581 1165 [nec
1593 1157 1601 1170 ,
1626 1141 1654 1165 et
1677 1145 1738 1172 quae
1750 1138 1785 1165 ab

997 1186 1075 1215 initio
1090 1186 1152 1221 quis
1173 1185 1313 1212 enarrabit
1329 1184 1584 1212 vobis?Adducant
1604 1188 1687 1211 testes
1709 1191 1785 1217 suos,

996 1233 1225 1268 etjustilicentur,
1242 1235 1271 1258 et
1285 1230 1396 1258 audiant
1411 1233 1439 1258 et
1453 1230 1546 1257 dicant
1559 1224 1619 1264 quae
1632 1235 1696 1256 vera
1711 1233 1784 1256 sunt.

997 1279 1089 1306 Estote
1105 1278 1170 1305 milii
1190 1283 1294 1309 testes,
1322 1281 1350 1303 et
1376 1283 1426 1311 ego
1455 1275 1542 1309 testis,
1564 1274 1631 1303 dicit
1655 1274 1786 1302 Dominus

997 1324 1085 1356 Deus,
1099 1327 1127 1351 et
1144 1331 1211 1358 puer
1227 1329 1313 1356 meus,
1337 1329 1417 1357 quem
1442 1321 1522 1357 elegi.
1538 1331 1547 1348 ι
1576 1320 1710 1354 Quoniam
1735 1328 1787 1356 ego

998 1369 1068 1398 Deus
1083 1369 1160 1397 testis
1179 1370 1273 1396 eorum
1290 1375 1357 1400 ero,
1371 1371 1399 1396 et
1413 1375 1479 1402 puer
1495 1375 1583 1401 meus,
1600 1375 1682 1403 quem
1698 1367 1786 1405 elegi;

997 1416 1031 1443 dc
1044 1423 1098 1451 quo
1109 1415 1235 1450 superius
1250 1414 1358 1442 dicebat
1371 1434 1378 1446 ,
1403 1423 1412 1440 ι
1427 1413 1497 1441 Ecce
1517 1421 1585 1450 puer
1597 1420 1673 1441 meus
1684 1433 1692 1446 ,
1705 1421 1786 1450 quem

997 1462 1079 1498 elegil
1093 1462 1196 1490 electus
1209 1468 1296 1493 meus,
1309 1460 1430 1495 suscepit
1441 1467 1503 1488 eum
1516 1460 1605 1487 anima
1618 1466 1688 1488 mea.
1703 1468 1714 1486 ι
1731 1459 1788 1495 Ego

997 1508 1088 1543 itaque
1105 1508 1162 1543 ipse
1179 1507 1260 1539 Deus,
1281 1512 1308 1534 et
1322 1506 1365 1533 hic
1382 1514 1450 1540 puer
1468 1506 1572 1533 electus
1596 1513 1688 1539 meus,
1708 1506 1786 1537 testi:

999 1554 1102 1582 lleabor
1119 1553 1235 1582 testibus
1259 1553 1346 1586 meis,
1373 1552 1445 1588 quod
1471 1552 1598 1579 nimirum
1618 1551 1745 1579 Salvator
1758 1551 1787 1579 in

998 1600 1152 1636 Evangeliis
1164 1599 1323 1628 declarabat
1334 1598 1378 1626 his
1398 1597 1499 1630 verbis,
1519 1606 1528 1622 ‹
1544 1596 1704 1631 Quicunque
1719 1588 1788 1624 con;

999 1647 1118 1676 litebltur
1140 1653 1183 1674 me
1204 1653 1295 1673 coram
1321 1643 1489 1676 hominibus,
1511 1642 1662 1670 conﬁtebor
1686 1646 1714 1670 et
1737 1648 1790 1677 ego

998 1701 1059 1722 eum
1075 1701 1165 1721 coram
1181 1692 1263 1720 Patre
1276 1698 1348 1724 meo,
1364 1690 1409 1725 qui
1426 1690 1452 1717 in
1470 1688 1548 1716 ccelis
1562 1691 1604 1715 est
1616 1687 1650 1714 ⁷⁸.
1666 1695 1739 1713 ι-ι
1752 1686 1789 1715 Ut

998 1739 1179 1777 cognoacatis,
1187 1744 1213 1766 et
1221 1737 1338 1767 credatis
1352 1741 1378 1764 et
1394 1734 1558 1770 intelligatis.
1571 1733 1632 1768 quia
1643 1740 1785 1767 egosuin.)

1034 1786 1117 1814 Vsus.
1139 1785 1182 1812 η.
1207 1794 1216 1810 ι
1232 1784 1300 1812 Ante
1314 1790 1356 1810 me
1375 1789 1428 1809 non
1448 1781 1498 1808 fuit
1514 1780 1583 1807 Deus
1595 1779 1675 1812 alius,
1688 1782 1789 1813 etpost

999 1841 1041 1862 me
1059 1840 1112 1861 non
1124 1832 1186 1860 erit.
1202 1841 1212 1858 ι
1227 1829 1294 1857 Nam
1307 1827 1408 1858 Christi
1421 1828 1556 1855 adventus
1568 1844 1576 1858 ,
1596 1829 1623 1852 ct
1639 1823 1788 1852 testimonii

1000 1886 1048 1916 per
1063 1877 1202 1914 apostolos
1224 1876 1284 1912 ejus
1303 1882 1349 1911 per
1374 1881 1468 1902 omnes
1485 1876 1579 1908 gentes
1602 1869 1717 1898 exliibiti
1734 1877 1787 1897 umt

1000 1929 1109 1961 propter
1123 1923 1196 1952 aliud
1212 1926 1281 1953 erat,
1297 1928 1378 1956 quant
1394 1925 1423 1946 ut
1439 1919 1620 1954 praedicarent
1637 1916 1683 1944 Dei
1696 1916 1788 1951 cogni-

1000 1971 1114 2003 tionem,
1136 1969 1214 1997 lidem
1230 1967 1258 1995 in
1274 1975 1348 2000 eum,
1363 1971 1390 1994 et
1411 1965 1619 2000 intelligentiam
1651 1962 1722 1997 ejus,
1743 1962 1787 1994 iis,

998 2018 1043 2053 qui
1059 2017 1133 2052 prius
1150 2015 1322 2050 insipientes,
1338 2012 1482 2040 inordinati
1497 2031 1504 2044 ,
1528 2014 1556 2038 et
1571 2010 1692 2037 inﬁdeles
1709 2013 1788 2036 crant

998 2064 1131 2100 atquein
1170 2060 1324 2098 ignorantia
1360 2058 1422 2094 ejus
1452 2057 1653 2088 versabantur;
1689 2055 1725 2082 ita
1759 2059 1789 2080 ut

998 2114 1142 2146 propterea
1167 2107 1265 2134 mcntis
1289 2105 1376 2133 oculis
1395 2103 1563 2135 caccutircnt,
1588 2106 1615 2129 et
1638 2102 1664 2129 in
1694 2107 1789 2128 errore

999 2155 1087 2190 impia:
1099 2152 1256 2181 idololatria:
1271 2151 1467 2179 volutarentur.
1484 2158 1493 2175 ι
1509 2149 1566 2184 Ego
1582 2148 1661 2180 Deus,
1686 2152 1714 2174 ct
1734 2154 1787 2173 non

999 2207 1040 2228 est
1063 2203 1162 2235 praeter
1190 2205 1233 2225 me
1258 2196 1395 2224 Salvator.
1419 2203 1428 2220 ι
1461 2193 1528 2221 Nam
1555 2200 1616 2220 cum
1649 2191 1731 2218 unum
1751 2191 1788 2217 sit

160 2233 296 2282 είλεῖσθαι.
317 2243 327 2261 ‹
349 2235 420 2269 Ἐγὼ
434 2235 536 2268 ὁΘεὺς,
560 2237 606 2262 καὶ
619 2235 669 2262 οὐκ
690 2235 747 2262 ἐστι
768 2234 855 2270 παρὲξ
879 2233 945 2270 ἐμοῦ

999 2233 1174 2282 principium.
1200 2235 1259 2271 una
1290 2241 1372 2270 fuerit
1391 2244 1419 2269 et
1437 2239 1543 2272 deitas,
1573 2245 1689 2273 quacum
1710 2243 1788 2263 assu-

161 2278 264 2311 σώζων.
277 2288 286 2305 ι
296 2279 369 2311 Mli;
376 2280 430 2317 γὰρ
443 2279 525 2316 οὔσης
538 2280 634 2316 ἀρχῆς,
645 2279 694 2316 μία
708 2281 750 2316 εἴη
767 2280 800 2307 ἂν
812 2281 828 2316 ή
840 2279 944 2316 θεότης,

161 2321 488 2362 ἧσυμπαραλαμῦἀνεται
507 2327 553 2352 καὶ
567 2327 585 2361 ή
601 2326 649 2352 τοῦ
671 2326 839 2361 Μονογενοῦς
862 2324 945 2352 αὑτοῦ

161 2370 284 2406 θεολογία
295 2399 302 2407 ,

198 2479 208 2496 ι
230 2469 301 2504 Ἐγὼ
324 2471 473 2506 ἀνήγγειλα
495 2471 542 2497 καὶ
558 2470 662 2497 ἔσωσα·
683 2470 819 2502 ὡνείδισα,
835 2471 883 2497 καὶ
899 2469 950 2497 οὐκ

159 2512 194 2550 ἦν
215 2517 245 2542 ἐν
273 2516 336 2551 ὑμῖν
354 2516 501 2552 ἀλλότριος.
531 2516 626 2551 Ὑμεῖς
648 2516 710 2551 ἐμοὶ
731 2516 877 2552 μάρτυρες,
903 2515 950 2542 καὶ

161 2561 216 2596 ἐγὼ
229 2562 328 2598 Κύριος
342 2564 357 2589 6
370 2563 435 2594 θεὸς
446 2562 486 2589 ἔτι
499 2564 546 2589 ἀπ’
558 2563 660 2599 ἀρχῆς·
677 2562 723 2590 καὶ
737 2562 786 2589 οὐκ
799 2563 872 2590 ἔστιν
884 2563 898 2589 6
914 2563 945 2589 ἐκ

161 2607 260 2647 χειρῶν
278 2617 329 2643 μου
345 2608 548 2644 ἐξαιρούμενος.
563 2609 683 2644 Ποιήσω,
699 2608 744 2635 καὶ
754 2608 796 2639 τίς
812 2607 946 2644 ἀποστρέ-

159 2653 205 2689 ψει
231 2654 313 2686 αὑτός
330 2663 339 2679 ι
359 2654 403 2684 Ὠς
429 2653 483 2689 γὰρ
504 2654 607 2689 μάρτυς
629 2651 710 2684 αὐτὸς
731 2651 849 2686 ἐλέγετο,
870 2652 918 2678 καὶ
933 2652 947 2678 6

159 2700 225 2731 παῖς
241 2698 270 2725 ὃν
285 2699 442 2732 ἐξελέξατο·
457 2699 527 2726 οὕτω
540 2699 587 2725 καὶ
603 2698 670 2730 Θεὸς
686 2697 780 2730 σώζων
795 2699 838 2733 εἴη
848 2697 881 2724 ἂν
896 2698 947 2724 αὺ-

158 2745 215 2777 τός.
239 2745 302 2771 Ἐἀν
313 2745 343 2772 δὲ
356 2744 433 2781 λέγῃ,
451 2753 461 2771 t
479 2744 534 2773 Kal.
553 2744 603 2771 οὐκ
628 2743 685 2771 ἐστι
711 2743 798 2779 παρὲξ
812 2743 879 2779 ἐμοῦ
897 2743 948 2769 σώ-

160 2865 183 2881 “
199 2864 293 2894 Matth.
311 2874 339 2900 ι,
351 2867 397 2895 52.

999 2295 1087 2322 mitur-
1106 2290 1243 2327 Unigeniti
1272 2289 1331 2325 ejus
1351 2285 1496 2320 theologia.

1043 2470 1116 2491 usus.
1139 2471 1182 2488 ια.
1213 2469 1223 2485 ι
1239 2461 1295 2494 Ego
1309 2461 1470 2485 annunttavr
1492 2458 1520 2481 et
1544 2451 1647 2480 salvavi
1663 2459 1671 2478 :
1687 2456 1786 2484 expro-

999 2510 1087 2541 bravi,
1100 2512 1128 2535 et
1140 2514 1193 2534 non
1206 2509 1266 2533 erat
1277 2505 1304 2532 in
1320 2503 1397 2531 vobis
1408 2501 1522 2528 alienus.
1543 2499 1598 2526 Vos
1612 2497 1677 2525 mihi
1693 2501 1785 2528 testes,

998 2561 1025 2584 et
1044 2563 1093 2591 ego
1108 2554 1239 2581 Dominus
1258 2553 1328 2579 Deus
1348 2549 1429 2577 etiam
1453 2548 1487 2574 ab
1507 2545 1587 2573 initio
1601 2553 1608 2570 :
1622 2547 1650 2570 ct
1672 2551 1725 2570 non
1746 2546 1788 2569 est

999 2603 1045 2639 qui
1058 2589 1091 2629 de
1107 2600 1231 2628 manibus
1252 2598 1320 2625 meis
1333 2599 1423 2623 eruat.
1437 2593 1559 2624 Faciam,
1574 2594 1601 2618 et
1612 2589 1672 2624 quis
1685 2592 1788 2615 avertet

1000 2648 1099 2676 illud?»
1114 2646 1220 2674 Etenim
1240 2649 1266 2672 nl
1293 2642 1371 2670 testis
1394 2640 1545 2672 dicebatur,
1570 2641 1597 2663 et
1612 2642 1680 2670 puer
1705 2641 1784 2669 quem

999 2695 1137 2730 elegerat;
1152 2693 1188 2720 ita
1213 2695 1240 2718 et
1261 2691 1318 2725 ipse
1329 2690 1437 2724 quoque
1458 2686 1529 2713 Deus
1546 2683 1670 2730 Salvator
1694 2680 1786 2707 fuerit.

998 2727 1075 2773 Quod
1097 2739 1121 2767 si
1138 2738 1220 2769 dicat,
1239 2745 1248 2762 ι
1268 2735 1301 2763 Et
1322 2741 1376 2762 non
1396 2737 1437 2760 εει
1450 2735 1548 2767 praeter
1564 2736 1607 2757 me
1626 2727 1760 2758 Salvator,
1773 2733 1785 2752 ι
