2061 3215
315 161 369 188 399

688 163 823 191 EUSEBII
842 163 1082 193 CAESARIENSIS
1101 167 1175 194 OPP.
1199 167 1288 196 PARS
1306 168 1348 196 IH.
1368 184 1401 189 —
1422 169 1626 199 EXEGETICA.

1889 174 1934 202 ιοο

314 227 368 247 non
384 225 472 245 tamen
490 224 571 254 negat
583 227 708 254 puerum,
724 228 802 254 quem
820 221 909 255 elegit,
925 221 1083 250 Salvatoren

1154 224 1218 258 ζων,
1239 237 1248 252 ι
1269 228 1319 254 οὐκ
1335 229 1515 265 ἀπαγορεύων
1528 231 1572 256 τὸν
1585 231 1699 267 Σωτῆρα
1712 229 1781 259 εἶναι
1794 233 1840 260 τδν
1856 235 1934 263 παῖδα

312 273 373 294 esse
389 274 396 292 :
411 266 499 300 ipsum
524 266 598 293 enim
623 265 793 294 Salvatorem
819 268 946 302 agnoscit
967 268 1012 295 hic
1038 276 1100 303 pro-

311 314 400 348 pheta,
416 319 478 340 cum
494 311 532 339 ait
547 321 554 339 :
570 322 578 338 ι
596 312 628 339 Ει
644 313 733 340 mittet
748 312 801 340 illis
822 313 952 341 Dominus
974 314 1098 342 Salvato-

310 367 377 390 rem,
402 358 446 393 qui
470 358 587 386 salvabit
607 366 688 386 eos.»
716 358 768 386 Pro
790 357 835 385 illo
855 365 957 392 autem,
981 369 990 386 ι
1005 367 1102 395 expro-

308 405 395 438 bravi,
412 415 421 432 ι
438 405 532 441 reliqui
550 412 646 434 omnes
659 406 834 441 interpretes,
851 407 1002 435 cetaudire
1014 407 1092 440 [θείη

306 452 443 479 dixerunt.

341 498 424 524 \‘ens.
454 497 546 525 H—l7.
576 497 643 526 tSic
671 499 736 526 dicit
764 499 894 528 Dominus
928 499 1019 530 Deus.
1048 501 1094 536 qui

305 543 413 570 redimit
429 551 486 576 vos,
501 544 616 572 Sanctus
630 543 733 572 Israel:
746 545 861 581 Propter
881 554 928 574 vos
943 547 1047 574 mittam
1062 548 1089 575 in

303 588 467 625 Babylonem
481 599 488 617 :
505 595 532 618 et
544 591 685 618 suscitabo
696 591 832 627 fugientes
847 601 952 625 omnes,
971 598 998 621 ct
1012 594 1094 622 Chal-

302 635 352 663 daei
379 636 405 664 in
434 637 549 665 navibus
581 637 743 666 vincientur.
774 638 832 674 Ego
863 639 993 667 Dominus
1022 640 1093 668 Deus

301 687 414 710 sanctus
428 687 530 716 vester,
547 684 592 718 qui
604 684 721 711 -oslendi
736 684 819 712 Israel
845 693 934 721 regem
960 691 1091 714 vestrum.

302 728 348 756 Sic
361 729 428 757 dicit
444 730 582 762 Dominus,
598 730 644 765 qui
661 732 746 758 datin
762 732 830 759 mari
845 733 927 766 viam,
943 734 1005 760 etin
1022 741 1091 769 aqua

301 775 454 803 Velicmenti
477 776 602 803 semitam
616 785 623 804 :
637 777 684 811 qui
710 778 805 806 eduxit
825 786 923 806 currus
942 784 970 806 et
984 780 1091 814 equita-

301 826 368 853 tum,
386 826 414 849 et
438 822 638 850 multitudinem
666 824 804 852 robustam
821 825 887 852 :sed
905 825 1090 860 dormierunt,

298 872 327 894 et
350 875 403 895 non
426 874 585 904 resurgent;
609 870 739 898 exstincti
755 875 820 898 sunt
835 876 864 898 ut
880 871 963 898 Iimnn
989 870 1092 899 exstin-

298 919 383 942 ctum.
396 925 405 942 ι
421 915 522 942 Horum
540 923 634 944 sensus
658 916 703 944 hic
721 922 763 944 est
787 926 793 944 :
811 917 880 945 Olim
906 918 1016 953 quidem
1043 917 1089 946 Ju-

300 960 380 988 daico
403 961 502 996 populo
519 962 650 990 beneficia
673 963 774 990 contuli
791 971 842 991 :ac
866 971 946 996 cum,
965 969 996 991 ut
1017 963 1090 998 ipsos

297 1007 460 1042 castigarem
477 1012 505 1035 et
519 1008 553 1036 ad
567 1008 664 1036 bonam
678 1015 797 1037 mentem
812 1010 982 1043 reducerem,
1000 1009 1087 1046 Baby-

298 1053 379 1081 loniis
395 1054 578 1087 tradidissent,
595 1062 648 1082 non
663 1055 708 1082 diu
722 1061 814 1090 postea
830 1064 878 1084 eos
894 1064 908 1083 a
925 1055 1087 1090 Babylonica

297 1100 456 1135 captivitate
469 1100 570 1128 liberos
585 1101 689 1132 dimisi.
712 1107 806 1137 utpote
825 1102 897 1130 Deus
914 1107 941 1130 et
958 1103 1088 1131 Dominus

297 1146 634 1181 universorumesosque
648 1147 819 1183 Babylonios,
830 1148 875 1183 qui
888 1152 981 1176 contra
994 1147 1088 1176 Hiero-

297 1193 432 1228 solymam
448 1194 614 1229 irruperant,
636 1199 759 1222 extorres
774 1194 841 1226 feci;
860 1195 895 1222 ita
909 1201 940 1222 ut
958 1195 1086 1226 Chaldaei.

296 1240 343 1275 qui
367 1247 448 1275 penes
463 1247 512 1267 e05
529 1245 628 1272 erant,
655 1241 683 1267 in
711 1240 800 1275 fugam
826 1248 856 1268 se
882 1246 1031 1274 verterent,
1055 1248 1088 1268 ac

296 1285 406 1320 quidam
423 1294 518 1313 eorum
533 1287 615 1314 vincti
630 1286 664 1314 ab
673 1286 735 1313 aliis
750 1293 780 1313 se
793 1286 950 1314 fortioribus
966 1287 993 1314 in
1004 1294 1087 1314 naves

295 1331 497 1366 canjicerentur
520 1333 545 1360 in
559 1332 627 1360 mari
642 1332 692 1360 sibi
714 1331 868 1367 adjacenle.
892 1332 955 1360 Haec
970 1339 1020 1368 ego
1035 1332 1085 1360 feci

296 1377 380 1412 Deus,
392 1383 421 1405 ut
436 1386 549 1414 regnum
566 1387 653 1406 meum
672 1379 826 1407 hominibus
849 1380 1031 1407 ostenderem.

331 1466 415 1495 Vens.
443 1467 488 1500 18,
521 1467 564 1496 l9.
601 1477 610 1494 ι
625 1466 663 1496 Ne
689 1468 868 1496 memineritis
890 1469 1010 1504 priorum
1027 1489 1034 1501 ,
1057 1475 1085 1498 et

296 1518 388 1542 vetera
406 1521 440 1540 ne
463 1513 630 1549 recogitetis.
656 1514 726 1542 Ecce
747 1521 798 1550 ego
823 1514 894 1542 facio
916 1523 994 1546 nova.
1024 1523 1084 1550 quae

297 1568 368 1587 nunc
385 1561 521 1593 orientur,
535 1565 563 1587 et
579 1561 751 1596 cognoscetis
774 1568 816 1588 ea.
830 1570 840 1588 ι
863 1561 964 1589 Iudicat
990 1570 1084 1590 rursus

296 1606 445 1634 Ecclesiam
480 1606 505 1634 in
533 1607 660 1642 gentibus
688 1607 923 1640 constituendam,
950 1615 1011 1642 qua:
1038 1608 1083 1636 Dei

294 1653 450 1688 cognitione
464 1660 547 1680 vacua
560 1657 630 1685 erat,
647 1657 791 1688 antequam
809 1653 949 1682 adveniret
959 1654 1084 1683 Christus

295 1696 353 1732 Dei,
369 1697 415 1733 qui
426 1698 502 1732 dixit,
520 1707 530 1724 ι
544 1697 599 1733 Ego
610 1705 668 1726 sum
685 1699 739 1725 via.
762 1698 794 1725 Et
816 1698 913 1726 faciam
929 1700 956 1727 in
973 1701 1082 1729 deserto

294 1745 377 1776 viam,
394 1749 422 1772 et
435 1745 461 1772 in
478 1745 608 1780 inaqnoso
619 1743 740 1772 flumina.
756 1754 766 1770 ι
786 1743 887 1772 Verum
908 1746 936 1773 itt
953 1745 1010 1778 illo,
1026 1747 1082 1781 ait,

291 1792 427 1828 quondam
443 1792 551 1819 deserto
566 1791 636 1819 viain
649 1791 992 1827 faciam,quemadmodum
1008 1794 1082 1828 prius

293 1839 320 1867 in
342 1839 409 1866 mari
426 1837 520 1866 Rubro
544 1837 606 1866 feci.
633 1837 732 1866 Fluunt
749 1846 830 1875 porro
854 1838 1008 1867 divinorum
1027 1840 1082 1867 elo-

294 1886 420 1921 quiornm
441 1883 553 1912 ﬁumina
581 1892 615 1912 ex
634 1884 757 1913 doctrina
783 1886 871 1914 sancti
899 1885 1028 1920 Spiritus,
1054 1888 1080 1915 itt

292 1931 337 1958 illa
364 1931 428 1958 olim
447 1931 596 1966 inaquosa;
611 1932 842 1966 quemadmodum
871 1937 899 1959 et
922 1933 972 1959 sub
989 1932 1082 1968 Moyse

290 1978 319 2005 in
343 1979 451 2006 deserto
473 1976 583 2004 flumina
609 1983 788 2011 emanarunt;
817 1979 863 2006 sed
892 1977 947 2006 illic
972 1979 1080 2013 quidem

290 2018 429 2059 corporeae
440 2031 519 2058 aqua!
533 2029 621 2056 erant,
644 2028 672 2051 et
692 2028 789 2052 natura
811 2031 859 2051 sua
875 2023 953 2052 ﬂuxae
974 2029 1002 2051 et
1015 2033 1079 2052 cor-

291 2075 393 2106 ruptze;
417 2078 490 2098 nunc
516 2074 605 2097 autem
628 2070 683 2097 Deo
704 2070 939 2102 subministrante,
963 2070 1080 2098 rationa-

289 2117 352 2145 bilis
370 2121 398 2144 et
411 2116 559 2151 spiritualis
573 2124 650 2152 aqua:
662 2116 772 2143 flumina
789 2121 910 2143 manant.

326 2161 410 2189 Vens.
428 2160 473 2189 20.
494 2170 502 2186 σ
517 2159 681 2188 Benedicth
695 2161 759 2188 mihi
774 2161 868 2189 bestiae
880 2162 949 2197 agri,
964 2162 1077 2196 sirencs,

288 2213 315 2236 et
331 2208 393 2235 ﬁlia:
407 2208 589 2235 struthionum
607 2217 614 2235 :
631 2207 694 2242 quia
712 2208 772 2235 dedi
796 2208 822 2235 in
842 2208 950 2236 deserto
967 2216 1077 2243 aquam,

288 2260 315 2282 ct
327 2254 438 2282 ﬂumina
458 2254 484 2281 in
502 2255 642 2288 inaqnosn,
660 2255 693 2281 ad
711 2254 859 2289 potandum
882 2261 966 2289 genus
989 2262 1077 2282 meum

285 2301 414 2329 electum.
431 2311 440 2328 ι
456 2300 582 2328 Eﬁ'erataa
597 2301 705 2333 animze,
722 2300 840 2328 fluminis
854 2300 952 2328 virtute
963 2308 1076 2329 conver-

286 2355 334 2381 sae,
354 2356 369 2374 ο
394 2347 482 2374 ferino
509 2347 555 2375 illo
580 2352 654 2375 statu
679 2347 875 2380 mutabuntur;
902 2347 938 2374 ita
963 2352 991 2374 ut
1014 2347 1077 2382 ipsas

1097 1713 1118 1744 C

1153 269 1183 296 ὃν
1197 271 1346 304 ἐξελέξατο,
1362 274 1435 300 τοῦτ’
1449 274 1484 301 ἂν
1501 276 1588 302 εἴποιθ
1601 273 1655 302 οἶδε
1668 276 1733 311 γοῦν
1748 277 1829 305 αὐτὸν
1852 279 1935 315 Σωτῆ-

1155 323 1190 351 ρα
1201 317 1215 342 ὸ
1231 317 1326 353 παρὼν
1340 320 1484 355 προφήτης
1501 321 1530 347 ἐν
1543 318 1583 352 οἷς
1595 329 1660 356 φησι
1672 330 1679 336 ·
1695 332 1704 347 t
1722 323 1776 349 Καὶ
1797 324 1936 353 ἀποστελεῖ

1154 361 1246 394 αὐτοῖς
1262 363 1364 398 Κύριος
1384 365 1509 402 Σωτῆρα,
1528 366 1557 398 ὃς
1570 367 1651 394 σώσει
1674 369 1783 401 αὐτούς.
1799 379 1808 395 ι
1827 371 1898 397 Ἀντὶ
1911 372 1936 399 δέ

1146 405 1204 438 τοῦ,
1219 416 1229 432 ί
1247 407 1383 441 ὠνείδισα,
1405 418 1413 435 t
1430 411 1455 436 oi
1468 410 1556 438 λοιποὶ
1573 412 1739 448 ἐρμηνευταὶ
1754 414 1863 447 πάντες,
1879 418 1936 444 «καὶ

1145 450 1286 485 ήκούτισα,
1309 463 1318 478 ι
1338 454 1473 490 εἰρήκασι.

1184 506 1193 522 ι
1205 497 1298 530 οὕτως
1310 498 1384 533 λέγει
1397 500 1500 536 Κύριος
1517 502 1531 528 ὁ
1551 502 1627 535 Θεὸς,
1638 503 1653 530 ό
1665 503 1845 540 λυτρούμενος
1859 506 1934 542 ὑμᾶς,

1149 544 1164 570 ὁ
1179 544 1276 579 Ἄγιος
1291 545 1338 572 τοῦ
1356 545 1483 582 Ἰσραήλ*
1511 548 1622 575 Ἕνεκεν
1645 549 1722 585 ὑμῶν
1739 551 1881 579 ἀποστελῶ
1901 554 1936 585 εις

1146 589 1303 622 Βαϐυλῶνα,
1322 591 1368 618 καὶ
1383 592 1508 628 ἐπεγερῶ
1517 593 1667 628 φεύγοντας
1679 595 1794 629 πάντας,
1808 597 1855 624 καὶ
1870 598 1936 625 Χαλ-

1144 635 1212 663 δαῖοι
1230 637 1258 664 ἐν
1284 638 1388 670 πλοίοις
1409 639 1577 675 δεθήσονται.
1596 641 1667 676 Ἐγὼ
1683 641 1785 678 Κύριος
1813 644 1828 670 ὁ
1846 644 1910 676 Θεὸς
1922 647 1935 672 6

1145 681 1222 716 ἅγιος
1233 682 1320 718 ὑμῶν,
1332 684 1346 710 ὁ
1363 684 1522 718 καταδείξας
1532 686 1640 722 Ἰσραὴλ
1657 686 1769 723 βασιλέα
1783 688 1872 724 ὑμῶν.
1887 690 1935 717 Οὖ-

1144 736 1197 760 τως
1213 728 1286 763 λέγει
1300 730 1402 766 Κύριος
1417 732 1432 757 ό
1457 731 1547 764 διδοὺς
1564 733 1593 759 ἐν
1610 732 1732 770 Θαλάσσῃ
1747 735 1818 767 ὁδὸν,
1845 737 1892 763 καλ¹
1909 738 1935 764 ἐν

1144 773 1220 801 ὕδατι
1229 775 1331 812 ίσχυρῷ
1340 776 1463 813 τρίσον,ὀ
1472 778 1614 813 ἐξαγαγὼν
1622 779 1732 816 ἅρματα
1740 783 1785 808 καὶ
1796 783 1880 809 ἵππον
1893 785 1935 811 καὶ

1143 820 1222 856 δχλον
1248 823 1370 858 ἰσχυρόν·
1390 824 1448 850 ἀλλ’
1474 825 1672 862 ἐκοιμήθησαν,
1697 828 1744 854 καὶ
1761 828 1811 855 οὐκ
1825 829 1935 865 ἀναστή-

1145 875 1248 899 σονται,
1276 868 1444 905 ἐσϐέσθησαν
1456 870 1492 902 ὡς
1510 871 1582 898 λίνον
1609 872 1782 908 ὲσϐεσμένον.
1799 884 1808 900 ι
1835 874 1864 901 '0
1877 876 1934 908 νοῦς

1142 913 1197 940 τῶν
1212 915 1400 950 προκειμένων
1413 916 1533 949 τοιοῦτός
1544 918 1603 944 ἐστι
1615 926 1621 933 ·
1638 918 1726 946 Πάλαι
1741 919 1791 955 μὲν
1804 920 1854 952 τὰς
1868 922 1935 957 ἐμὰς

1141 959 1303 995 εὐεργεσίας
1327 963 1456 997 παρεῖχον
1479 962 1518 998 τῷ
1545 963 1680 990 Ἰουδαίων
1697 965 1787 992 ἐθνει’
1804 967 1934 994 παιδεύων

1144 1006 1193 1042 μὲν
1207 1006 1306 1039 αὐτοὺς
1320 1008 1367 1034 καὶ
1383 1008 1567 1043 σωφρονίζων,
1585 1010 1764 1043 Βαϐυλωνίοις
1779 1012 1933 1048 παρέδωκα,

1140 1052 1190 1078 οὐκ
1206 1053 1246 1084 είς
1263 1053 1367 1089 μακρὸν
1387 1054 1546 1090 ἐλευθέρους
1561 1056 1650 1091 ἀνῆκα
1669 1057 1719 1092 τῆς
1734 1058 1773 1089 εἰς
1789 1058 1935 1087 Βαϐυλῶνα

1141 1098 1340 1133 αἰχμαλωσίας,
1356 1100 1403 1126 ἆτε
1418 1099 1484 1132 Θεὸς
1496 1099 1533 1126 ὢν
1547 1101 1593 1128 καὶ
1607 1101 1708 1138 Κύριος
1724 1102 1778 1129 τῶν
1789 1103 1868 1130 ὅλων.
1883 1105 1935 1132 Αὐ-

1140 1141 1202 1173 τούς
1216 1151 1245 1168 τε
1261 1141 1447 1175 Βαϐυλωνίους
1458 1144 1521 1176 τοὺς
1536 1145 1699 1178 ἐπιστάντας
1711 1148 1744 1183 τῇ
1761 1147 1934 1185 Ἰερουσαλὴμ

1140 1187 1308 1220 ἀναστάτους
1327 1189 1455 1225 ἐποίησα,
1473 1190 1511 1222 ὡς
1536 1192 1582 1218 καὶ
1601 1194 1671 1228 φυγῇ
1694 1194 1850 1229 χρήσασθαι
1873 1195 1934 1227 τοὺς

1141 1236 1206 1270 παρ’
1223 1235 1313 1267 αὐτοῖς
1327 1237 1489 1269 Χαλδαίους.
1513 1237 1640 1274 δεσμίους
1650 1248 1679 1266 τε
1694 1240 1851 1275 ἀπαχθῆναί
1862 1250 1934 1273 τινας

1139 1281 1241 1313 αὐτῶν,
1256 1281 1359 1314 πλοίοις
1369 1282 1554 1319 ἐμϐληθέντας
1563 1285 1593 1312 ἐν
1607 1287 1640 1321 τῇ
1658 1286 1722 1321 παρ’
1733 1287 1825 1319 αὐτοῖς
1839 1287 1933 1314 θαλάσ-

1140 1335 1186 1365 σῃ,
1199 1329 1243 1363 ὑφ’
1259 1329 1360 1365 ἐτέρων
1384 1330 1466 1356 τινῶν
1487 1330 1600 1366 δυνάμει
1616 1333 1819 1368 κραταιοτέρων
1831 1334 1931 1362 αὐτῶν.

1139 1375 1232 1402 Ταῦτα
1255 1376 1309 1412 γὰρ
1326 1376 1381 1411 ἐγὼ
1397 1377 1588 1413 διεπραξάμην
1611 1377 1625 1403 ό
1652 1377 1728 1411 Θεὸς,
1755 1378 1862 1411 δεικνὺς
1884 1379 1933 1416 τὴν

1139 1422 1208 1458 ἐμὴν
1221 1422 1360 1458 βασιλείαν
1373 1423 1536 1460 ἁνθρόητοις.

1176 1468 1241 1504 «Μὴ
1258 1469 1441 1505 μνημονεύετε
1465 1470 1499 1496 τὰ
1514 1470 1620 1506 πρῶτα,
1645 1471 1693 1498 καὶ
1715 1471 1748 1498 τὰ
1768 1471 1869 1507 ἀρχαῖα
1895 1472 1932 1508 μὴ

1139 1515 1336 1550 συλλογίζεσθε.
1355 1516 1421 1542 Ἰδοὺ
1444 1516 1499 1551 ἐγὼ
1516 1517 1585 1543 ποιῶ
1603 1517 1694 1549 καινὰ,
1708 1517 1726 1544 ἃ
1738 1516 1784 1544 νῦν
1797 1518 1931 1550 άνατελεῖ,

1138 1562 1185 1588 καὶ¹
1210 1561 1348 1596 γνώσεσθε
1372 1562 1451 1589 αὑτά.
1467 1573 1475 1589 ι
1506 1563 1586 1599 Δηλοῖ
1603 1563 1632 1590 δὲ
1649 1564 1730 1590 πάλιν
1755 1564 1805 1599 τὴν
1822 1565 1852 1590 ἐν
1874 1566 1932 1597 τοῖς

1137 1607 1225 1634 ἔθνεσι
1250 1608 1456 1644 συστησομένην
1487 1608 1660 1644 Ἐκκλησίαν,
1682 1610 1743 1645 ἥτις
1771 1610 1874 1646 ἔρημος
1897 1608 1931 1646 ἦν

1137 1653 1204 1680 Θεοῦ
1215 1653 1342 1688 γνώσεως
1355 1654 1418 1690 πρὶν
1435 1655 1600 1691 ἐπιδημῆσαι
1615 1655 1660 1682 τὸν
1671 1656 1788 1692 Χριστὸν
1799 1656 1846 1683 τοῦ
1862 1657 1930 1685 Θεοῦ

1137 1698 1182 1726 τὸν
1197 1700 1324 1726 εἰπόνταο
1346 1710 1355 1726 t
1375 1700 1446 1735 Ἐγώ
1465 1701 1551 1735 είμιὴ
1573 1701 1641 1733 ὁδός.
1657 1702 1712 1728 Καὶ
1730 1702 1836 1738 ποιήσω
1850 1703 1880 1728 ἐν

1136 1746 1231 1783 ἐρήμῳ
1249 1746 1317 1778 ὁδὸν,
1341 1747 1388 1773 καὶ
1403 1747 1431 1772 ἐν
1447 1748 1480 1783 τῇ
1498 1747 1605 1783 ἀνύδρῳ
1620 1747 1768 1783 ποταμούς.
1782 1758 1791 1773 ι
1816 1748 1887 1775 Ἀλλ’
1901 1749 1930 1776 ἐν

1136 1791 1239 1829 ἐκείνῃ,
1253 1791 1329 1827 φησὶ,
1346 1793 1380 1828 τῇ
1403 1792 1487 1819 πάλαι
1503 1793 1598 1828 ἐρήμῳ
1622 1792 1679 1819 ὁδὸν
1700 1794 1815 1829 ποιήσω,
1833 1793 1930 1829 ὥσπερ

1136 1837 1182 1864 καὶ
1199 1838 1330 1874 πρότερον
1347 1838 1392 1864 ἐπὶ
1405 1838 1454 1873 τῆς
1475 1838 1608 1874 Ἐρυθρᾶς
1622 1839 1758 1874 πεποίηκα
1778 1839 1929 1875 θαλάσσης.

1141 1883 1246 1911 Ῥέουσι
1261 1883 1290 1910 δὲ
1308 1883 1355 1911 καὶ
1380 1883 1497 1919 ποταμοὶ
1511 1883 1590 1910 θείων
1601 1883 1698 1918 λογίων
1710 1885 1742 1911 ὲκ
1755 1884 1930 1916 διδασκαλίας

1134 1929 1211 1963 ἁγίου
1226 1928 1384 1965 Πνεύματος
1399 1930 1438 1961 εἰς
1458 1928 1507 1965 τὴν
1523 1928 1608 1956 πάλαι
1630 1929 1752 1964 ἄνυδρον,
1772 1929 1809 1961 ὡς
1822 1930 1870 1957 καὶ
1883 1931 1930 1956 ἐπὶ

1134 1975 1272 2008 Μωῦσέως
1294 1976 1426 2012 ἔρρευσαν
1441 1976 1469 2002 ἐν
1489 1976 1522 2011 τῇ
1536 1976 1631 2012 ἐρήμῳ
1648 1976 1780 2012 ποταμοίε
1800 1976 1857 2003 ἀλλ’
1870 1977 1930 2003 ἐκεῖ

1135 2023 1183 2058 μὲν
1211 2022 1306 2055 ὓδατος
1334 2021 1500 2058 σωματικοῦ,
1527 2022 1644 2057 ῥευστῆς
1664 2022 1756 2055 οὐσίας
1779 2023 1856 2055 ὄντος
1881 2024 1929 2051 καὶ

1133 2068 1266 2104 φθαρτῆς,
1282 2068 1342 2094 νυνὶ
1361 2068 1389 2095 δὲ
1410 2069 1442 2094 ἐκ
1458 2067 1507 2103 τῆς
1523 2067 1615 2094 ἐνθέου
1632 2067 1764 2103 χορηγίας
1788 2068 1836 2095 τοῦ
1857 2069 1930 2104 λογι-

1134 2113 1183 2140 κοῦ
1201 2114 1248 2140 καὶ
1261 2113 1446 2148 πνευματικοῦ
1464 2112 1569 2144 ὕδατος.

1171 2170 1180 2186 ‹
1196 2159 1379 2195 Εὑλογήσουσί
1397 2168 1430 2196 με
1445 2159 1480 2186 τὰ
1500 2159 1582 2196 θηρία
1602 2159 1649 2186 τοῦ
1668 2159 1765 2195 ἀγροῦ,
1788 2162 1928 2196 σειρῆνες,

1132 2207 1178 2234 καὶ
1194 2206 1342 2243 Θυγατέρες
1356 2206 1492 2242 στρουθῶν
1504 2216 1510 2221 ·
1533 2207 1574 2234 ὅτι
1596 2202 1683 2234 ἔδωκα
1698 2208 1726 2234 ὲν
1736 2209 1769 2243 τῇ
1785 2208 1882 2244 ἐρήμῳ
1896 2208 1929 2235 ὖ-

1130 2253 1196 2288 δωρ,
1211 2253 1259 2279 καὶ
1287 2253 1426 2287 ποταμοὺς
1441 2254 1469 2280 ἐν
1482 2253 1514 2288 τῇ
1541 2252 1657 2289 ἀνύδρῳ,
1676 2254 1785 2280 ποτίσαι
1800 2254 1831 2281 τὺ
1847 2255 1930 2288 γένος

1132 2308 1183 2334 μου
1199 2299 1230 2326 τὸ
1246 2299 1381 2326 ἐκλεκτόν.
1393 2309 1402 2325 ›
1419 2299 1451 2325 Δί
1468 2299 1677 2335 ἀπηγριωμέναι
1692 2299 1776 2335 ψυχαὶ
1794 2300 1930 2335 μεταϐλη-

1131 2345 1257 2381 θήσονται
1268 2345 1319 2380 τῆς
1335 2344 1483 2381 θηριώδους
1497 2345 1690 2377 καταστάσεως
1707 2347 1739 2372 ὲκ
1750 2345 1800 2380 τῆς
1812 2345 1860 2372 τοῦ
1877 2355 1929 2372 πο-

289 2395 351 2422 Ferte
364 2394 527 2422 benedicant
557 2395 635 2422 mihi.
661 2394 738 2427 Quod
757 2394 779 2421 si
803 2394 883 2421 etiatn
903 2394 1075 2421 Sircnml'ue-

1137 2391 1215 2428 τα.μοῦ
1233 2391 1373 2426 δυνάμεως
1390 2390 1586 2422 ἁλλοιωθεῖσαι,
1599 2391 1637 2423 ὡς
1648 2391 1746 2423 αὐτοὺς
1762 2391 1843 2418 πάλιν
1860 2393 1929 2424 coit;

286 2443 352 2473 rint,
372 2441 509 2476 voluptate
529 2446 556 2467 et
567 2440 711 2468 diabolicis
729 2440 844 2468 canticis
859 2440 997 2467 hominum
1013 2440 1068 2466 ani-

285 2495 345 2516 mas
369 2488 556 2516 demulcentes
573 2507 581 2520 ,
613 2487 728 2522 poeticis
761 2486 929 2514 carminibus
958 2485 1074 2520 eleganti

284 2542 411 2563 sermone
424 2534 611 2567 concinnatis;
629 2534 680 2560 illa:
700 2535 782 2560 etiam
800 2533 948 2560 immutata
963 2532 1074 2560 benedi-

284 2587 347 2609 cent
378 2581 647 2616 mibi:insnperque
686 2580 746 2607 lilia:
778 2579 981 2611 struthionnnt;
1017 2578 1074 2605 sive

285 2629 433 2654 secundum
448 2627 568 2662 reliquos
578 2627 753 2661 interpretes,
765 2636 774 2651 ι
787 2631 814 2652 et
823 2625 1027 2653 slrutltocameli
1039 2633 1046 2656 ;
1061 2634 1070 2650 ι

282 2678 380 2708 estque
394 2674 458 2701 illud
484 2673 584 2701 animal
611 2674 636 2700 in
656 2673 803 2700 solitudine
825 2677 853 2699 et
871 2673 987 2699 desertis
1007 2672 1074 2699 locis

285 2720 400 2753 degens;
421 2721 492 2754 quod
512 2725 540 2748 et
562 2720 650 2754 ipsum
677 2719 711 2745 ad
741 2718 977 2745 mansuetudinem
995 2718 1075 2744 redu-

283 2771 369 2796 ctum,
386 2766 449 2792 mihi
459 2766 513 2793 Deo
528 2766 687 2794 benedicere
699 2765 853 2793 docebitur.
869 2764 969 2791 llorum
982 2769 1071 2790 autent

281 2819 365 2839 causa
384 2812 435 2838 erit
450 2820 517 2846 aqua
535 2812 592 2845 illa,
606 2819 687 2847 quant
709 2812 735 2838 in
750 2812 859 2839 deserto
878 2810 950 2842 dedi.
965 2817 1070 2837 necnon

281 2856 422 2885 fluminum
440 2857 467 2884 in
481 2858 625 2886 solitudine
639 2858 805 2885 manantium
820 2858 861 2885 vis
881 2861 904 2884 et
921 2856 1008 2892 copia.

1124 2439 1211 2474 θῆρας
1223 2437 1366 2473 εὐλογῆσαί
1378 2445 1420 2472 με.
1439 2437 1470 2464 El
1480 2437 1508 2463 δὲ
1520 2437 1565 2464 καὶ
1582 2437 1709 2473 Σειρῆνες
1719 2435 1799 2473 ἦσαν,
1817 2437 1930 2472 θέλγου·

1125 2493 1169 2510 σαι
1185 2483 1265 2519 ἡδονῇ
1280 2483 1326 2509 καὶ
1339 2482 1444 2518 ᾄσμασι
1458 2482 1625 2517 δαιμονικοῖς
1638 2485 1687 2515 τὰς
1703 2483 1757 2509 τῶν
1769 2483 1929 2518 ἀνθρώπων

1124 2529 1212 2565 ψυχὰς
1231 2531 1259 2554 ἐν
1277 2528 1396 2562 ποιητῶν
1416 2527 1573 2562 πλάσμασιν
1593 2528 1706 2564 εὐεπείᾳ
1725 2529 1812 2563 λόγων
1838 2538 1927 2556 κεκο-

1126 2574 1292 2610 σμημένοις·
1309 2574 1376 2601 ἀλλὰ
1391 2575 1438 2601 καὶ
1455 2571 1535 2601 αὗται
1547 2574 1746 2610 μεταϐαλοῦσαι
1762 2574 1928 2611 εὐλογήσω-

1127 2621 1153 2648 σί
1171 2629 1221 2656 με·
1244 2620 1284 2647 ἐτι
1303 2629 1333 2654 γε
1354 2620 1405 2656 μὴν
1421 2621 1468 2647 καὶ
1489 2620 1637 2656 θυγατέρες
1653 2621 1806 2657 στρουθῶν·
1819 2622 1836 2658 ἦ
1850 2622 1926 2649 κατὰ

1125 2668 1187 2699 τοὺς
1208 2667 1317 2698 λοιποὺς
1343 2666 1524 2702 ἐρμηνευτὰς,
1557 2676 1565 2692 ι
1580 2668 1628 2694 καὶ
1645 2667 1895 2703 στρουθοκάμηλοι,
1912 2678 1923 2694 ι

1124 2711 1193 2744 ζῶον
1202 2713 1230 2739 ἐν
1239 2712 1366 2748 ἐρημίαις
1378 2711 1426 2738 καὶ
1440 2711 1541 2747 χώραις
1554 2713 1691 2748 ἀοικήτοις
1703 2712 1858 2747 γινόμενον,
1875 2713 1926 2739 καὶ

1123 2759 1189 2785 αὐτὸ
1204 2758 1344 2794 ἡμερωθὲν
1361 2758 1482 2793 εὐλογεῖν
1501 2759 1552 2794 ἐμὲ
1571 2759 1616 2785 τὸν
1632 2758 1699 2786 Θεὸν
1717 2758 1923 2794 μαθηθήσεται.

1123 2805 1231 2832 Τούτων
1242 2805 1269 2832 δὲ
1284 2806 1370 2832 αἴτιον
1381 2805 1456 2833 ἔσται
1467 2805 1496 2832 τὸ
1506 2806 1552 2832 ὑπ’
1568 2805 1634 2840 ἐμοῦ
1645 2805 1720 2832 δοθὲν
1734 2807 1763 2832 ἐν
1773 2806 1805 2841 τῇ
1820 2806 1924 2841 ἐρήμῳ

1125 2850 1207 2886 ὓδωρ,
1225 2852 1272 2878 καὶ
1288 2851 1368 2888 ἡτῶν
1385 2851 1514 2887 ποταμῶν
1527 2851 1642 2887 δύναμις
1656 2852 1711 2880 τῶν
1726 2853 1755 2879 ἐν
1771 2852 1804 2888 τῇ
1818 2851 1924 2888 ἐρήμῳ

1124 2897 1287 2933 ρευσάντων.
