2061 3215
155 203 203 230 HM

616 203 868 232 COMMENTARIA
888 203 921 232 IN
941 203 1069 232 ISAIAM.
1089 219 1123 224 —
1142 202 1220 231 CAP.
1241 202 1331 230 XLIV.

1728 199 1780 227 402

194 273 202 289 ι
220 264 289 290 Λαόν
305 273 354 299 μου
367 264 396 290 ὃν
407 264 642 299 περιεποιησάμην
651 264 700 296 τὰς
710 264 809 300 ἀρετάς
824 273 875 300 μου
888 265 944 299 διη-

1033 264 1111 291 Vens.
1139 264 1185 296 2|,
1208 263 1253 290 2‘2.
1282 271 1290 288 ι
1307 261 1436 296 Populum
1454 268 1542 287 meum
1554 267 1632 294 quem
1650 260 1780 294 aequis-ivi

154 309 262 343 γεῖσθαι
274 318 281 324 ·
296 310 326 336 οὐ
350 309 398 339 νῦν
414 309 531 337 ἐκάλεσα
547 318 588 341 σε,
611 310 717 341 Ἰακὼϐ,
739 310 798 337 οὐδὲ
817 311 945 337 κοπιάσαι

155 364 184 382 σε
198 355 326 391 ἐποίησα,
344 355 459 392 Ἰσραήλ.
473 366 482 381 ι
495 357 527 382 Εἰ
540 357 588 391 μὲν
602 356 656 392 γὰρ
671 356 753 392 θῆρες
762 357 786 383 οι
797 357 887 392 ἀγριοι
900 357 946 383 καὶ

155 402 279 437 σειρῆνες
293 401 339 428 καὶ
355 403 382 428 αἱ
398 402 550 438 θυγατέρες
563 402 617 429 τῶν
635 402 772 438 στρουθῶν
783 403 946 438 εὐλογήσου-

155 447 182 473 σί
201 455 235 482 με
247 456 254 462 ·
269 448 301 474 σὺ
312 447 350 480 δὲ,
370 447 476 480 Ἰακὼϐ,
495 449 572 475 οὐδὲν
588 448 706 475 τοιοῦτον
721 449 871 485 διεπράξω
888 449 945 477 ἀλλ’

153 494 215 520 οὐδὲ
228 494 348 529 ἠξίωσας
360 494 411 530 ἐμὲ
422 494 621 527 ἐπικαλεῖσθαι,
634 504 645 520 4
657 495 809 530 ἐκοπιάθης
818 506 827 521 ι
841 496 870 523 δὲ
884 506 893 522 ι
907 496 946 528 εἰς

154 540 215 574 ἐμὲ,
228 549 237 565 ι
252 540 323 567 κατά
345 541 390 567 τὸν
405 541 563 577 Σύμμαχον,
578 541 666 569 καίτοι
681 542 748 577 ἐμοῦ
763 542 800 578 μὴ
813 543 944 579 ποιήσαν-

154 585 200 616 τός
217 593 246 611 σε
259 585 400 613 κοπιάσαι.

192 683 202 700 ι
219 674 275 701 οὐκ
283 675 401 710 ἦνεγκάς
414 685 458 711 μοι
473 676 598 712 πρόϐατά
609 685 655 704 σου
670 677 720 712 τῆς
733 677 945 713 ὁλοκαρπώσεώς

153 728 214 752 σου,
225 720 284 747 οὐδὲ
296 722 325 748 ἐν
334 723 393 754 ταῖς
409 722 514 755 θυσίαις
527 733 573 750 σου
587 716 715 757 eaeaeae;
731 732 764 759 με
774 732 781 740 ·
801 724 850 751 οὐκ
870 724 944 751 ἐδού-

153 765 229 793 λωσά
245 775 273 793 σε
290 767 318 794 ἐν
329 766 446 801 θυσίαις,
461 769 521 796 οὐδὲ
532 768 651 804 ἔγκοπον
665 770 780 805 ἐποίησά
792 779 822 797 σε
833 771 861 797 ὲν
873 770 945 797 λιϐά-

154 819 202 846 νῳ.
217 821 226 838 ι
245 813 341 845 Ὅπως
355 813 402 840 καὶ
416 815 445 840 ὲν
455 815 512 846 τοῖς
527 815 716 851 προκειμένοις
729 817 761 851 τῇ
773 816 880 852 ἐρήμῳ,
898 816 944 842 καὶ

151 858 211 889 τοῖς
223 858 252 884 ὲν
267 859 335 894 αὐτῇ
348 859 454 895 Θηρίοις
465 860 575 895 ἀγαθῶν
595 861 706 894 ἐλπίδας
720 861 924 896 εὐαγγελίζεται
935 870 941 876 ·

152 904 197 932 τὸν
213 904 240 931 δὲ
254 905 318 932 λαὸν
328 906 374 932 τὸν
389 907 421 933 ἐκ
437 908 587 944 περιτομῆς
606 909 650 935 ἐπ’
666 908 804 940 ἀσεϐείαις
826 909 942 944 ἐλέγχει,

151 951 183 977 δν
196 952 243 978 καὶ
259 951 357 979 Ἰακὼϐ
386 953 465 979 καλεῖ
476 954 524 980 νῦν
546 954 592 981 καὶ
610 954 733 990 Ἰσραήλ·
748 955 834 986 οὕτως
850 955 942 988 ἁπλῶς

154 996 246 1032 ξηροῖς
254 997 383 1033 ὀνόμασιν
398 996 459 1025 οὔτε
475 998 566 1026 δοῦλον
578 1000 670 1032 αὐτοῦ,
687 999 749 1026 οὔτε
765 1000 892 1027 ἐκλεκτὸν
905 1002 943 1027 εἰ·

151 1041 222 1075 πὼν,
235 1042 303 1079 ὅπερ
314 1044 400 1070 ἐποίει
414 1043 461 1071 ἐπὶ
474 1044 521 1071 τοῦ
532 1045 686 1080 κρείττονος
697 1045 845 1081 τάγματος.

191 1145 280 1171 «Οὐδὲ
304 1146 413 1180 ἐκτήσω
441 1155 485 1182 μοι
507 1146 639 1183 ἀργυρίου
663 1147 798 1182 θυμίαμα,
826 1148 886 1175 οὐδὲ
913 1148 943 1175 τὸ

152 1191 237 1227 στέαρ
253 1191 307 1218 τῶν
327 1191 426 1218 θυσιῶν
441 1201 489 1219 σου
505 1192 683 1229 ἐπεθύμησα·
703 1193 771 1220 ἀλλά
786 1195 814 1221 ὲν
830 1195 891 1226 ταῖς
912 1195 943 1221 ἀ-

154 1238 283 1273 μαρτίαις
298 1246 345 1264 σου
359 1238 494 1275 προέστης
504 1247 564 1274 μου,
577 1239 625 1266 καὶ
641 1240 669 1266 ὲν
683 1241 742 1272 ταῖς
757 1239 873 1271 ἀδικίαις
885 1249 942 1267 σου.

159 1282 230 1317 Ἐγὼ
246 1284 314 1319 εἰμι,
331 1283 386 1318 ἐγώ
401 1285 469 1320 εἰμι,
495 1285 510 1312 6
524 1285 672 1320 ἐξαλείφων
689 1286 738 1318 τὰς
766 1287 880 1322 ἀνομίας
897 1296 943 1314 σου

152 1328 245 1356 ἕνεκεν
262 1330 340 1365 ἐμοῦ,
357 1330 405 1357 καὶ
418 1331 466 1362 τὰς
482 1331 619 1368 ἁμαρτίας
633 1341 691 1363 σου.
706 1333 753 1360 καὶ
769 1333 800 1359 οὒ
819 1334 855 1368 μὴ
875 1342 943 1369 μνη-

154 1374 300 1411 σθήσομαι.
317 1376 352 1403 Σὺ
378 1377 407 1404 δὲ
426 1377 569 1414 μνήσθητι,
598 1379 644 1405 καὶ
665 1378 814 1414 κριθῶμεν.
830 1389 840 1405 ι
866 1379 944 1415 Καλὴ

153 1419 207 1456 γὰρ
220 1420 237 1456 ὴ
256 1421 349 1457 μνήμη
363 1421 418 1448 τῶν
431 1423 569 1459 προτέρων
584 1424 792 1460 ἁμαρτημάτων
802 1425 836 1451 δι’
849 1425 943 1461 ἐξομο-

153 1466 290 1501 λογήσεως
315 1467 537 1504 ἐξηγορευμένηο
559 1469 599 1496 διὸ
630 1470 774 1506 ἐπιφέρειο
803 1471 886 1505 ιΛὲγε
911 1472 943 1498 σὺ

154 1513 262 1548 πρῶτος
276 1513 325 1545 τὰς
338 1514 476 1550 ἁμαρτίας
503 1523 560 1549 σου,
589 1516 633 1543 ἴνα
657 1517 822 1553 δικαιωθῇς·
840 1527 849 1543 ι
865 1517 944 1544 τοῦτο

154 1559 210 1595 γὰρ
225 1560 307 1586 ποιῶν
317 1560 485 1597 δικαιωθήσῃ
498 1570 505 1576 ·
525 1562 620 1600 ἐπειδὴ
643 1563 748 1594 δίκαιος
770 1563 852 1590 αὐτοῦ
877 1572 942 1590 κατ-

157 1607 256 1642 ήγορος
270 1607 298 1633 ἐν
313 1607 495 1644 πρωτολογίᾳ.

191 1661 200 1677 ι
215 1650 246 1679 Ol
262 1652 379 1688 πατέρες
395 1653 471 1688 ὑμῶν
487 1653 600 1688 πρῶτοι,
619 1654 666 1681 καὶ
680 1655 704 1681 οἱ
721 1655 851 1691 ἄρχοντες
867 1656 943 1691 ὑμῶν

152 1697 291 1733 ὴνόμησαν
305 1700 344 1730 εἰς
362 1698 422 1734 ὲμέ.
439 1699 493 1726 Καὶ
514 1700 627 1735 ἐμίαναν
642 1701 666 1727 οί
689 1701 818 1737 ἄρχοντες
831 1702 865 1728 τὰ
879 1703 944 1736 ἅγιά

155 1752 216 1778 μου.
239 1744 293 1770 Καὶ
311 1744 398 1771 ἔδωκα
424 1745 554 1773 ἀπολέσαι
572 1745 679 1779 Ἰακὼϐ,
704 1747 750 1774 καὶ
768 1747 876 1783 Ἰσραὴλ
904 1748 944 1780 είς

152 1788 316 1824 ὀνειδισμδν.
330 1799 339 1816 ι

406 1826 605 1853 ΚΕΦΛΛΑῘΟΝ
622 1828 688 1854 MA’.

194 1878 204 1894 ι
225 1869 281 1896 Νῦν
296 1869 323 1897 δὲ
341 1871 464 1904 ἄκουσον,
474 1872 569 1899 Ἰακὼϐ
585 1874 599 1899 ὁ
614 1875 679 1906 παῖς
698 1883 758 1909 μου,
771 1875 942 1911 καὶΊσραὴλ,

153 1914 184 1941 δν
200 1914 373 1953 ἐξελεξάμην.
387 1928 396 1944 ι
412 1920 462 1946 Διά
475 1919 577 1947 τούτων
600 1921 645 1948 τὸν
659 1922 737 1957 χορὸν
760 1921 838 1955 αὖθις
856 1924 901 1951 τὸν
917 1925 944 1951 ἁ-

153 1963 312 1992 ποστολικὺν
327 1965 512 1993 ἀποκαλεῖται.

191 2021 201 2037 ι
213 2010 292 2038 Οὕτω
306 2010 379 2045 λέγει
390 2012 492 2047 Κύριος
514 2014 528 2040 6
543 2013 609 2046 Θεὸς
633 2015 648 2041 6
670 2016 786 2050 ποιήσας
812 2023 852 2048 σε,
868 2017 914 2043 καὶ
929 2019 943 2045 6

154 2058 260 2090 πλάσας
283 2067 313 2085 σε
336 2059 367 2085 ὲκ
382 2059 504 2092 κοιλίας·
523 2060 582 2087 Ἔτι
599 2060 755 2098 βοηθηθήσῃ
767 2071 774 2077 ·
797 2063 834 2098 μὴ
849 2063 942 2097 φοϐοῦ,

155 2104 217 2135 παῖς
235 2111 286 2138 μου
305 2103 412 2135 Ἰακὼϐ,
428 2104 473 2131 καὶ
484 2105 660 2140 ἡγαπημένος
683 2107 799 2143 Ἰσραήλ,
814 2108 843 2134 ὃν
853 2108 942 2141 ἐξελε-

154 2148 251 2184 ξάμην.
270 2149 329 2176 Ὅτι
347 2149 401 2183 ἐγὼ
417 2149 494 2176 δώσω
510 2150 582 2186 ὕδωρ
597 2152 626 2177 ἐν
646 2151 717 2186 δίψει
727 2154 781 2184 τοῖς
793 2155 943 2190 πορευομέ-

153 2204 208 2226 νοις
223 2196 251 2221 ὲν
264 2195 380 2230 ἀνύδρῳ,
396 2196 518 2231 ἐπιθήσω
528 2197 557 2223 τὸ
571 2197 678 2233 πνεῦμά
697 2207 746 2234 μου
759 2200 804 2225 ἐπὶ
820 2200 849 2226 τὸ
860 2201 943 2236 σπέρ-

155 2249 192 2276 μα
211 2249 268 2273 σου,
290 2241 337 2268 καὶ
352 2241 400 2273 τὰς
416 2241 540 2276 εὐλογίας
565 2252 615 2278 μου
637 2244 682 2271 ἐπὶ
706 2245 741 2272 τὰ
761 2245 842 2272 τέκνα
861 2254 916 2272 σου.
931 2257 940 2273 ι

153 2286 201 2313 Διὰ
212 2287 266 2323 γὰρ
283 2287 329 2314 τοῦ
346 2288 502 2323 Πνεῦματος
516 2288 562 2316 τοῦ
575 2289 653 2323 ἁγίου
666 2290 697 2317 τὸ
709 2291 818 2325 λογικὸν
834 2292 880 2318 καὶ
898 2292 943 2326 γό-
959 2284 981 2311 Ῐ)

152 2340 240 2366 νιμον,
259 2332 306 2358 καὶ
325 2333 509 2368 πνευματικὸν
525 2333 597 2368 ὕδωρ
614 2335 647 2370 τῇ
664 2335 770 2371 ἀνύδρῳ
784 2337 830 2362 καὶ
846 2336 942 2372 ἐρήμῳ

152 2377 316 2413 χορηγήσειν
329 2377 440 2413 ἤμελλε.
453 2378 568 2414 Σπέρμα
578 2379 606 2406 δὲ
616 2379 669 2406 τῶν
677 2380 831 2408 ἀποστόλων
840 2382 866 2407 αἱ
886 2381 944 2408 Ἐκ-

151 2423 262 2458 κλησίαι
279 2423 328 2450 τοῦ
341 2423 420 2456 Θεοῦ,
446 2424 538 2451 καὶτὰ
560 2425 642 2452 τέκνα
662 2425 752 2452 αὐτῶν
766 2427 790 2452 οἱ
805 2428 942 2462 πανταχοῦ

151 2469 203 2504 γῆς
219 2469 267 2496 καὶ
289 2470 319 2496 ὲν
334 2471 399 2497 πᾶσι
414 2472 469 2503 τοῖς
486 2470 573 2497 ἔθνεσι
588 2471 632 2498 διὰ
654 2471 701 2498 τοῦ
724 2473 881 2508 Πνεύματος
894 2474 940 2500 τοῦ

140 2515 230 2550 ’ἁγίου
247 2516 472 2551 ἀναγεννηθὲντες
485 2525 491 2532 ·
510 2517 534 2543 οἳ
548 2517 595 2544 καὶ

191 2572 201 2587 ι
223 2561 403 2593 Ἀνατελοῦσι,
416 2572 425 2588 ι
448 2563 540 2598 φησιν,
563 2572 571 2588 ι
588 2563 639 2589 ἀνὰ
662 2558 743 2598 μέσον
766 2564 861 2597 ὕδατος
879 2565 942 2601 χόρ-

151 2616 208 2639 τον,
235 2608 282 2634 καὶ
306 2607 344 2640 ὡς
372 2608 430 2634 ἰτέα
449 2608 495 2634 ἐπὶ
512 2609 669 2645 παραρρέον
688 2609 769 2646 ὕδωρ.
784 2620 793 2636 ι
819 2611 872 2637 Καὶ
900 2613 943 2638 ὲν-

151 2653 240 2681 ταῦθα
252 2653 280 2680 δὲ
291 2654 339 2688 τήν
355 2654 428 2680 ἰτέαν
443 2655 580 2690 παρέλαϐε
594 2655 639 2682 διὰ
651 2656 682 2681 τὸ
692 2655 816 2688 ἀειθαλὲς
824 2658 871 2684 καὶ
886 2666 944 2684 νεα-

154 2699 200 2734 ρὸν
216 2698 262 2725 τοῦ
277 2699 373 2732 φυτοῦ,
391 2699 430 2730 είς
447 2699 619 2735 παράστασιν
642 2700 689 2726 τοῦ
705 2700 823 2737 πλήθους
835 2702 889 2729 τῶν
902 2703 944 2729 λο-

152 2744 238 2778 γικῶν
259 2744 363 2771 ὑδάτων
379 2744 433 2771 τῶν
458 2745 487 2772 ἐν
507 2746 539 2780 τῇ
560 2745 708 2782 Ἐκκλησία
729 2746 811 2773 αὐτοῦ
831 2748 943 2782 ῥευσάν-

151 2799 206 2817 των
209 2811 216 2817 .

188 2832 292 2867 «Οὗτος
306 2836 374 2871 ὲρεῖ,
401 2835 453 2862 Τοῦ
466 2835 533 2863 Θεοῦ
550 2837 618 2871 εἰμι,
644 2837 690 2863 καὶ
717 2835 792 2869 οὗτος
818 2837 942 2872 βοήσεται

152 2882 197 2908 ἐπὶ
214 2881 253 2916 τῷ
274 2881 386 2917 ὀνόματι
407 2881 514 2912 Ἰακὼϐ,
540 2882 586 2908 καὶ
603 2883 694 2917 ἕτερος
711 2882 856 2918 ἐπιγράφει
872 2883 942 2919 χειρὶ

153 2927 245 2960 αὑτοῦ,
274 2927 327 2954 Τοῦ
343 2927 410 2954 Θεοῦ
425 2929 491 2963 ειμι,
512 2929 557 2955 καὶ
577 2928 623 2955 ἐπὶ
644 2929 681 2963 τῷ
704 2928 814 2964 ὀνόματι
836 2929 942 2965 Ἰσραὴλ

997 316 1024 338 ιιι
1041 311 1154 338 virtutes
1171 318 1245 337 tineas
1256 312 1384 336 narraret
1403 317 1410 334 :
1427 315 1479 333 non
1496 314 1566 333 nunc
1589 305 1681 332 vocavi
1697 309 1722 332 le
1735 304 1782 332 Ja-

997 358 1057 389 cob.
1076 364 1164 392 neque
1177 357 1303 384 laborare
1318 360 1344 383 te
1357 354 1417 386 feci,
1430 353 1522 382 Israel.
1536 362 1547 379 ι
1573 352 1684 380 Etiamsi
1710 352 1780 379 enim

997 404 1116 431 futurum
1129 403 1174 435 sit,
1190 407 1220 430 ut
1231 406 1352 438 agrestes
1366 400 1442 433 ferae,
1464 400 1573 432 sirenae,
1589 404 1616 427 et
1634 399 1694 426 lilia:
1709 403 1782 426 sll'll-

997 450 1118 477 thionum
1146 449 1308 476 benedicant
1335 447 1419 480 mihi;
1447 452 1474 474 tu
1491 453 1568 480 sane,
1598 445 1693 479 Jacob,
1713 444 1780 473 nihil

996 496 1084 524 simile
1100 495 1186 523 fecisti
1200 504 1208 527 ;
1223 495 1270 522 sed
1285 501 1375 528 neque
1393 493 1519 529 dignatus
1535 500 1565 520 es
1581 500 1624 519 me
1638 492 1780 523 invocare,

998 551 1007 568 ι
1027 541 1212 577 defatigatus»
1247 544 1336 568 autem
1367 549 1376 565 ι
1401 547 1430 567 es
1457 540 1484 566 in
1515 546 1578 572 me,
1597 548 1605 564 ι
1634 538 1793 565 secundum

995 588 1206 623 Symmachum.
1233 586 1340 615 etiamsi
1364 594 1415 621 ego
1438 593 1490 614 non
1511 590 1537 614 te
1558 585 1683 613 laborare
1707 583 1783 612 fece-

995 635 1044 662 rim
1049 655 1056 662 .
1671 635 1674 639 '

1030 681 1110 708 Vens.
1130 681 1175 708 25.
1204 689 1213 706 ι
1230 680 1287 707 Non
1312 678 1435 720 oquisti
1454 677 1521 705 mihi
1541 685 1607 705 oves
1628 675 1780 704 bolocausti

995 727 1033 755 lui
1050 735 1057 752 ε
1071 735 1159 762 neque
1174 728 1199 754 in
1215 726 1359 755 sacriﬁciis
1373 726 1427 753 tuis
1441 724 1600 761 gloriﬁcasti
1618 730 1680 755 me,
1695 729 1782 756 neque

994 774 1098 802 servire
1111 779 1137 801 te
1149 773 1201 802 feci
1218 773 1246 800 in
1263 773 1394 806 victimis,
1411 779 1499 807 neque
1514 770 1635 798 laborem
1649 769 1697 797 tibi
1712 776 1782 803 pra:-

995 819 1038 846 bui
1051 819 1078 846 in
1093 818 1182 846 thure.
1196 828 1205 844 ι
1222 817 1455 851 Quemadmodum
1472 815 1516 843 hic
1529 813 1669 842 solitudini
1681 834 1688 846 ,
1703 813 1782 840 leris-

993 873 1046 901 que
1073 873 1133 892 eam
1163 864 1344 892 incolentibus
1372 865 1506 890 bonorum
1531 868 1606 896 spem
1628 859 1781 891 annuntiat,

994 911 1178 946 populumque
1199 918 1232 938 ex
1249 909 1462 937 circumcisione
1486 908 1519 935 de
1542 906 1681 942 impietate
1702 912 1782 933 coar-

993 958 1061 994 guit,
1077 965 1156 992 quem
1170 964 1241 984 nunc
1253 955 1338 984 Iacob
1353 961 1382 983 et
1391 955 1477 983 Israel
1493 959 1647 989 nuncupat;
1665 953 1700 980 ita
1715 952 1790 980 sim-7

993 1003 1099 1039 pliciter
1111 1003 1194 1031 allato
1202 1002 1260 1037 ejus
1275 1002 1395 1035 nomine,
1407 1009 1456 1029 nec
1467 1008 1587 1034 servum,
1599 1008 1649 1028 nec
1664 999 1788 1027 electum

994 1054 1073 1077 vocat
1098 1049 1195 1082 illum,
1214 1050 1285 1084 quod
1309 1053 1400 1076 tamen
1430 1048 1464 1076 de
1488 1047 1670 1083 praestantiori
1687 1045 1789 1075 ordine.

994 1096 1109 1131 loquens
1121 1096 1258 1124 observat.

1030 1142 1113 1170 Vens.
1140 1142 1235 1171 24-26.
1264 1141 1377 1177 «Neque
1391 1145 1505 1175 argento
1522 1140 1613 1168 emisti
1632 1138 1698 1166 mihi
1722 1138 1781 1174 thy-

994 1188 1106 1222 miama,
1133 1196 1221 1224 neque
1241 1188 1348 1223 adipem
1370 1188 1568 1216 sacriﬁciorum
1592 1191 1702 1213 tuorum
1716 1192 1782 1213 con-

995 1235 1102 1269 cupivi;
1119 1235 1165 1262 sed
1181 1235 1208 1262 in
1223 1234 1343 1270 peccatis
1355 1235 1409 1261 tuis
1418 1237 1484 1261 ante
1507 1240 1551 1261 mc
1570 1232 1669 1260 stetisti
1679 1251 1688 1264 ,
1703 1235 1730 1259 et
1755 1231 1782 1258 in

995 1281 1186 1315 iniquitatibus
1204 1281 1269 1308 tuis.
1286 1280 1343 1316 Ego
1359 1287 1430 1312 sum,
1448 1287 1498 1314 ego
1518 1287 1597 1312 sum,
1629 1279 1674 1313 qui
1704 1277 1784 1305 deleo

995 1327 1153 1361 iniquitates
1166 1331 1228 1354 tuas
1242 1332 1353 1362 propter
1369 1333 1425 1358 me,
1439 1330 1467 1352 et
1481 1329 1595 1360 peccata
1611 1329 1655 1357 tua
1667 1332 1674 1357 ;
1689 1328 1717 1351 et
1731 1331 1783 1350 non

997 1373 1172 1401 recordabar.
1207 1371 1247 1400 'I'u
1277 1377 1368 1399 autem
1396 1375 1544 1401 memento.
1573 1374 1601 1398 et
1629 1369 1784 1404 iudicemur

991 1419 1085 1446 simul.
1103 1426 1171 1446 BONA
1200 1426 1296 1451 QUIPPE
1319 1426 1368 1446 EST
1397 1425 1578 1445 I‘BISTINORUI
1609 1423 1783 1444 PECGATOBD“

992 1472 1114 1493 *ΞΗΟΚΙΛ
1142 1473 1195 1493 CUM
1215 1471 1393 1492 CONFESSIOﬂE
1419 1471 1570 1492 οοιυιιῖιοτλ
1590 1471 1598 1490 2
1619 1466 1785 1498 quapropter

995 1511 1087 1543 infert.
1104 1521 1114 1538 ι
1128 1511 1175 1539 Dic
1187 1516 1216 1538 tu
1230 1512 1336 1546 primtts
1350 1516 1461 1546 peccata
1477 1517 1533 1543 tun,
1546 1515 1574 1537 ut
1586 1509 1745 1545 insliliceris
1757 1519 1781 1536 ;›

996 1557 1023 1584 ιιι
1050 1565 1134 1593 agens
1157 1556 1373 1592 justiticabcris;
1401 1557 1464 1592 quia
1490 1557 1578 1590 justus
1598 1556 1625 1583 in
1651 1555 1785 1590 principio

956 1613 978 1641 ρ
994 1602 1131 1631 sermonis
1148 1607 1293 1630 accusator
1304 1607 1348 1630 est
1360 1603 1413 1630 sui.

1030 1647 1113 1676 VEBS.
1137 1647 1183 1680 27,
1207 1647 1254 1675 28.
1282 1657 1291 1673 ι
1308 1647 1404 1675 Patres
1422 1647 1505 1675 vestri
1524 1647 1617 1681 primi,
1639 1651 1668 1674 et
1684 1646 1783 1681 princi-

995 1696 1043 1729 p‘es
1059 1693 1142 1721 vestri
1164 1693 1257 1728 inique
1271 1697 1386 1728 egerunt
1402 1693 1430 1732 iu
1450 1700 1505 1720 me.
1531 1693 1564 1720 Et
1576 1692 1784 1720 contaminave-

997 1745 1059 1766 runt
1074 1739 1210 1774 principes
1224 1744 1319 1767 sancta
1344 1745 1415 1766 mea.
1444 1737 1477 1766 Et
1502 1739 1562 1765 dedi
1592 1739 1618 1766 in
1644 1737 1784 1765 interitum

995 1785 1089 1816 Iacob,
1101 1790 1127 1812 ct
1142 1784 1226 1813 Israel
1249 1786 1275 1812 in
1293 1784 1481 1819 opprobrium.
1493 1793 1502 1810 ι

1275 1830 1390 1858 CAPUT
1408 1829 1500 1858 XLIV.

1030 1878 1110 1906 Vens.
1140 1878 1164 1905 I.
1190 1886 1200 1903 ι
1217 1876 1294 1905 Nunc
1308 1882 1399 1906 autem
1412 1877 1487 1910 audi,
1501 1875 1587 1905 Iacob
1607 1883 1674 1910 puer
1696 1882 1782 1907 meus,

993 1929 1021 1952 et
1047 1923 1142 1955 Israel,
1172 1931 1253 1959 quem
1281 1923 1385 1958 elegia
1413 1923 1461 1950 llis
1485 1922 1583 1951 iterum
1605 1921 1784 1956 apostolicum

994 1971 1108 1998 chorum
1124 1974 1230 1997 evocat.

1031 2016 1112 2043 Vens.
1145 2015 1173 2046 2.
1205 2015 1232 2042 5.
1263 2025 1271 2041 ι
1289 2015 1334 2042 Sic
1361 2015 1426 2042 dicit
1455 2014 1585 2041 Dominus
1618 2013 1712 2045 Deus,
1738 2013 1784 2048 qui

995 2063 1059 2090 fecit
1073 2067 1109 2093 te.
1126 2067 1153 2090 et
1173 2062 1301 2089 formavit
1321 2066 1347 2088 te
1361 2061 1397 2088 de
1415 2065 1510 2088 ventre
1524 2069 1532 2088 :
1548 2059 1643 2087 Adhuc
1672 2059 1786 2087 habebis

995 2110 1142 2140 auxilium;
1159 2108 1211 2136 noli
1229 2112 1361 2139 metuere,
1375 2115 1443 2142 puer
1460 2115 1535 2134 incus
1548 2105 1641 2138 Iacob,
1651 2110 1678 2133 et
1689 2105 1786 2134 dilecte

995 2155 1088 2187 Israel,
1104 2163 1184 2189 quem
1201 2155 1281 2190 elegi.
1303 2153 1371 2187 Quia
1391 2161 1442 2189 ego
1468 2153 1537 2180 dabo
1564 2160 1662 2187 aquam
1686 2152 1713 2178 in
1739 2152 1785 2179 siti

996 2201 1038 2228 Itis
1053 2202 1098 2236 qui
1121 2200 1264 2228 ambulant
1280 2200 1306 2226 in
1332 2199 1476 2233 iuaquosa,
1496 2199 1634 2233 imponam
1660 2198 1784 2232 spiritum

997 2256 1084 2275 meum
1099 2255 1180 2282 super
1194 2253 1286 2273 semen
1315 2251 1409 2278 tuum,
1434 2250 1461 2271 et
1486 2244 1688 2271 benedictiones
1711 2251 1785 2270 meas

995 2299 1075 2325 super
1097 2290 1168 2317 lilios
1186 2295 1255 2317 tuos.
1272 2298 1281 2315 ι
1309 2289 1375 2316 Nam
1407 2297 1454 2324 per
1484 2288 1616 2323 Spiritum
1645 2292 1783 2318 sanctum.

997 2337 1195 2366 rationabilem,
1213 2336 1357 2362 fecundam
1372 2341 1399 2362 ct
1418 2335 1589 2370 spiritualcut
1606 2342 1704 2369 aquam
1724 2335 1784 2361 ina-

995 2391 1087 2417 qnosa:
1102 2387 1130 2410 et
1147 2382 1286 2409 solitudini
1301 2381 1464 2415 elargiturus
1486 2385 1557 2408 erat.
1579 2380 1678 2408 Semcu
1694 2385 1784 2407 autent

995 2429 1182 2463 apostolorum
1203 2433 1267 2455 sunt
1283 2427 1412 2455 Ecclesia:
1432 2427 1496 2459 Dei;
1516 2427 1563 2454 lilii
1587 2434 1652 2453 vero
1678 2433 1783 2458 eorum,

995 2478 1124 2508 quotquot
1141 2474 1166 2500 in
1183 2474 1306 2500 universa
1324 2478 1397 2501 terra
1416 2477 1444 2500 et
1466 2473 1492 2499 in
1517 2471 1644 2499 omnibus
1659 2471 1784 2507 gentibus

996 2529 1043 2554 per
1058 2519 1189 2555 Spiritum
1203 2524 1327 2546 sanctum
1340 2519 1492 2554 rcgencrati
1508 2523 1568 2545 sunt
1583 2527 1589 2545 :
1606 2518 1651 2552 qui

1031 2566 1111 2594 Vens.
1139 2566 1166 2593 4.
1185 2566 1372 2598 «Ριυιιιιροιιι,
1393 2566 1441 2597 ait,
1471 2565 1497 2592 iu
1525 2565 1614 2591 medio
1640 2572 1716 2598 aqua:
1746 2564 1784 2590 [e-

996 2620 1070 2642 nunt,
1087 2617 1114 2638 et
1131 2612 1202 2638 sicut
1216 2611 1285 2638 salix
1301 2611 1333 2637 ad
1348 2618 1446 2644 aquam
1466 2611 1605 2637 ﬂuentem.
1621 2619 1629 2635 I
1650 2609 1700 2637 IIic
1713 2617 1782 2644 quo-

995 2665 1046 2693 que
1059 2658 1168 2685 salicem
1191 2658 1306 2685 assumit
1332 2658 1367 2684 oh
1393 2658 1511 2684 virorem
1534 2663 1562 2683 et
1583 2656 1782 2691 juvenilitateut

995 2704 1116 2736 arboris;
1142 2704 1176 2730 ad
1203 2703 1396 2730 declarandam
1424 2702 1625 2730 rationabiiium
1651 2710 1783 2737 aquarum

995 2751 1020 2777 iu
1037 2750 1157 2777 Ecclesia
1170 2750 1230 2784 ejus
1244 2751 1413 2777 manantium
1427 2750 1545 2784 copiam.

1032 2837 1111 2864 Vens.
1179 2836 1246 2863 illic
1260 2837 1341 2870 dit-et,
1360 2837 1404 2863 Dei
1421 2845 1497 2868 sum;
1513 2843 1540 2865 ct
1557 2837 1601 2864 hic
1618 2837 1746 2865 clamabit
1758 2838 1783 2863 in

996 2886 1105 2911 nomine
1119 2884 1218 2916 Iacob,
1230 2889 1257 2910 ct
1273 2883 1342 2910 alius
1355 2883 1491 2910 dcscribel
1513 2884 1539 2910 in
1565 2892 1645 2911 mauu
1663 2892 1724 2915 sua,
1737 2883 1785 2910 Dei

996 2939 1066 2964 sum,
1082 2937 1108 2958 et
1131 2930 1156 2958 in
1178 2930 1289 2958 nomine
1315 2930 1396 2958 Israel
1424 2930 1563 2958 clamabit.
1577 2940 1586 2956 ι
1605 2932 1639 2958 Sc
1657 2929 1783 2957 IsraeIem
