2061 3215
299 176 352 203 605

635 174 767 203 EUSEBII
787 172 1023 202 CIESARIENSIS
1042 171 1117 199 OPP.
1139 170 1228 198 PARS
1244 169 1286 198 lll.
1306 186 1338 192 —
1357 168 1565 197 EXEGETICA.
1879 167 1925 196 tot

300 243 361 264 esse
370 235 511 271 gloriando
525 235 606 263 dicet.
621 234 712 262 Mirari
730 233 809 269 plane
831 238 858 260 et
882 237 994 268 stupere
1017 232 1081 260 subii

1141 229 1301 265 βοήσεται.»
1330 227 1460 263 Σεμνύνει
1483 227 1578 254 ἑαυτὸν
1607 225 1694 260 λέγων
1718 223 1786 271 εἶναι
1812 224 1924 271 Ἰσραήλ.

301 281 524 318 propheticorum
541 286 697 308 sermonum
720 279 785 312 vim,
809 283 836 307 et
861 287 944 315 quam
968 286 1034 307 vere
1048 280 1087 307 rei

299 326 427 354 effectum
444 331 472 354 et
494 326 724 362 complementum
749 325 964 360 perceperimus.
979 325 1046 353 Nam
1061 326 1088 353 in

300 373 535 408 persecutionibus
553 377 646 400 nostro
665 377 786 406 tempore
807 371 962 404 concitatis,
990 371 1088 399 multos

299 427 333 446 ex
349 419 507 454 alienigenis
535 417 659 453 gentibus
687 418 816 450 vidimus,
842 418 905 453 qui.
929 423 1086 446 sanctorum

299 466 419 492 virorum
446 465 555 492 nomina
596 468 779 499 usurparent:
801 463 871 492 alius
901 464 1000 499 quippe
1026 471 1088 491 sese

299 509 429 539 Jacobum
443 509 686 545 appellabat.alius
696 508 836 542 lsraelem,
849 508 919 536 alius
929 507 1086 540 Jeremiam,

300 556 344 583 hic
369 554 478 588 isaiam,
505 555 557 583 iste
578 553 716 582 Dauielem
731 563 737 581 :
751 555 850 581 ctenim
864 554 907 581 his
927 554 978 582 sibi
1001 553 1087 581 ascri-

300 602 355 636 ptis
368 602 532 632 nominibus.
551 602 585 629 ad
610 601 770 637 martyrium
783 608 832 636 pro
847 601 901 628 Deo
917 600 1086 628 subeundum

299 654 360 674 cum
375 646 473 674 fiducia
484 651 512 675 et
527 647 680 674 constantia
697 645 875 674 accedebant.
891 644 955 678 Qntc
969 643 1085 679 prophe-

301 692 338 720 tia
365 692 480 725 indicat,
507 692 570 720 dum
595 692 634 719 ait
653 701 660 720 :
675 702 684 718 t
697 691 745 719 Hic
761 691 843 723 dicet,
857 691 902 718 Dei
919 698 989 723 sum,
1000 693 1028 717 ct
1043 689 1086 717 hic

299 738 429 765 clamabit
452 737 478 764 in
499 738 608 765 nomine
629 737 723 771 Jacob,
742 737 811 765 alius
825 738 850 764 in
873 744 952 764 mantt
976 744 1024 763 sua
1040 736 1086 762 de-

301 783 414 814 scribet.
435 783 480 811 Dei
505 792 576 816 sum,
593 789 620 811 et
635 783 706 811 alius
721 783 746 811 in
764 783 872 811 nomine
888 782 970 810 Israel
990 781 1087 809 clama-

302 828 352 857 hit.
363 838 374 855 ι

1140 273 1283 310 Θαυμάσαι
1299 273 1328 299 δὲ
1344 273 1402 300 ἔστι
1414 273 1462 299 καὶ
1476 271 1682 306 καταπλαγῆναι
1697 270 1804 306 ἀληθῶς
1817 270 1866 305 τὴν
1877 269 1928 297 τῶν

1138 318 1318 354 προφητικῶν
1328 317 1414 353 λόγων
1427 317 1551 353 δύναμιν,
1566 325 1604 348 ως
1615 317 1708 348 αὐτοῖς
1720 316 1810 352 ἔργοις
1819 315 1854 341 τὰ
1865 315 1928 342 ἀπο-

1137 365 1292 400 τελέσματα
1307 364 1524 400 παρειλήφαμεν.
1553 363 1599 389 Ἔν
1625 361 1690 396 γοῦν
1703 363 1760 393 τοῖς
1782 361 1841 388 καθ’
1858 362 1927 397 ἡμᾶς

1137 411 1235 442 αὐτοὺς
1256 409 1413 445 γενομένοις
1428 409 1559 445 διωγμοῖς
1581 407 1693 439 πολλοὺς
1707 407 1762 434 τῶν
1775 407 1927 441 ἀλλοφύλων

1137 457 1224 484 ἐθνῶν
1240 455 1424 492 ἐθεασάμεθα,
1441 454 1670 491 προαρπάζοντας
1686 455 1791 486 ἑαυτοῖς
1813 454 1862 486 τὰς
1877 454 1926 481 τῶν

1137 503 1223 538 ἁγίων
1237 502 1343 539 ἀνδρῶν
1363 501 1560 538 προσηγορίας,
1576 497 1614 528 ὧν
1624 501 1639 528 ὸ
1653 501 1702 536 μὲν
1717 500 1813 527 ἑαυτὸν
1834 500 1926 527 Ἰακὼϐ

1137 549 1239 581 ἐκάλει,
1255 548 1303 576 καὶ
1326 548 1419 584 ἔτερος
1441 546 1560 582 Ἰσραὴλ,
1575 546 1654 578 ἄλλος
1672 546 1701 573 δὲ
1722 545 1866 581 Ἱερεμίαν,
1883 546 1927 573 καὶ

1142 595 1256 622 Ἡσαΐαν
1280 595 1384 630 ἔτερος,
1400 593 1446 620 καὶ
1474 592 1572 628 Δανιὴλ
1589 592 1669 619 πάλιν
1697 592 1795 623 ἄλλος·
1819 591 1927 618 τοιαῦτα

1135 639 1201 673 γοῦν
1217 639 1434 674 ἐπιγραφόμενοι
1456 638 1577 673 ὀνόματα
1592 637 1639 664 ἐπὶ
1661 638 1692 664 τὸ
1718 637 1867 673 μαρτύριον
1882 637 1926 664 τοῦ

1135 684 1203 712 Θεοῦ
1220 686 1269 712 σὺν
1283 685 1374 720 πολλῷ
1388 683 1483 719 θάρσει
1501 684 1549 710 καὶ
1571 683 1712 719 παρρησίᾳ
1727 683 1878 719 παρῄεσαν.
1896 683 1927 710 Ἀ

1135 731 1167 767 δὴ
1181 731 1352 766 σημαίνουσα
1369 732 1386 766 ἡ
1397 729 1549 766 προφητεία
1562 729 1643 764 φησίν
1653 737 1660 744 ”
1679 738 1688 754 t
1703 725 1787 760 οὗτος
1795 729 1864 763 ὲρεί,
1876 728 1926 755 Τοῦ

1140 777 1207 804 Θεοῦ
1219 775 1287 813 εἶμι,
1302 777 1350 803 καὶ
1360 774 1437 808 οὗτος
1451 776 1576 811 βοήσεται
1588 775 1635 801 ἐπὶ
1646 774 1686 810 τῷ
1693 775 1806 810 ὀνόματι
1821 774 1925 806 Ἰακὼϐ,

1135 823 1184 849 καὶ
1201 823 1279 854 ἄλλος
1294 822 1442 858 ἐπιγράφει
1458 824 1491 857 τῇ
1507 821 1579 857 χειρὶ
1592 820 1686 852 αὑτοῦ,
1710 820 1778 848 Θεοῦ
1798 821 1867 856 εἰμι,
1881 820 1926 848 καὶ

1136 869 1214 901 ἄλλος
1231 869 1277 895 ἐπὶ
1291 868 1329 904 τῷ
1343 869 1456 903 ὀνόματι
1478 867 1586 904 Ἰσραὴλ
1601 867 1737 903 βοήσεται.
1752 877 1762 893 ι

336 915 418 944 Vsus.
435 918 461 949 6,
481 918 509 947 7.
523 928 532 944 ι
547 919 592 946 Sic
605 920 641 945 ait
656 919 738 950 Deus,
756 925 802 946 rex
815 917 906 951 Israel,
918 923 945 945 et
957 917 1002 953 qui
1018 918 1081 944 libe-

1176 925 1185 940 t
1199 915 1293 947 Οὕτως
1311 915 1385 949 λέγει
1400 915 1413 941 ὁ
1428 914 1494 946 Θεὸς
1508 915 1522 941 ὁ
1538 913 1662 949 βασιλεὺς
1680 913 1797 949 Ἰσραὴλ,
1812 912 1860 940 καὶ
1879 913 1925 948 ρυ-

300 963 371 991 ravit
381 964 468 998 ipsum
484 964 613 992 Dominus
634 965 753 993 Sabaoth
772 974 779 993 :
793 965 849 999 Ego
860 965 973 998 primus.
991 968 1019 991 et
1035 971 1086 999 ego

299 1015 362 1044 post
375 1009 432 1037 haec
448 1017 456 1036 :
469 1015 569 1045 praeter
583 1018 627 1038 me
639 1019 692 1038 non
703 1016 745 1038 est
760 1011 842 1038 Deus.
857 1010 925 1044 Quis
938 1011 1007 1038 sicut
1018 1010 1086 1045 ego?

299 1055 370 1088 Stet,
386 1061 476 1088 vocet,
502 1056 646 1084 annuntiet
674 1061 702 1084 et
724 1062 858 1092 praeparet
881 1057 946 1084 mihi
961 1064 969 1082 :
985 1065 1018 1085 ex
1031 1063 1085 1092 quo

299 1101 350 1128 feci
367 1101 502 1130 hominem
526 1102 553 1129 in
571 1102 699 1130 saeculum
719 1109 727 1130 :
747 1107 774 1130 et
790 1107 914 1136 ventura,
939 1108 1084 1138 antequam

298 1146 375 1180 ﬁant,
402 1148 565 1176 annuntient
588 1148 677 1177 vobis.
693 1158 703 1176 ι
724 1149 802 1176 Dicat
827 1150 900 1176 enim
917 1150 940 1177 si
960 1149 1022 1184 quis
1043 1153 1086 1177 est

298 1191 382 1225 Deus,
399 1193 470 1228 quod
492 1198 679 1229 quantumque
703 1201 772 1228 opus
797 1202 875 1221 suum
900 1194 1031 1222 exhibeat
1057 1194 1084 1221 in

299 1237 437 1266 universo.
451 1237 517 1266 Nam
528 1239 551 1266 si
566 1247 635 1267 unus
649 1244 691 1267 est
703 1240 831 1272 mundus,
841 1240 952 1275 ipseque
962 1239 1083 1274 ejusdem

300 1287 416 1316 naturae.
431 1283 538 1319 sibique
547 1292 660 1319 prorsus
670 1285 850 1321 conjunctus;
863 1294 933 1314 unus
949 1293 1014 1313 sane
1027 1285 1084 1321 ejus

297 1328 388 1363 opifex
403 1329 495 1357 fuerit.
511 1329 564 1357 Sed
578 1330 622 1358 hic
636 1337 668 1357 ex
685 1331 871 1365 magnitudine
884 1337 912 1358 et
935 1331 1085 1366 pulchritu-

298 1374 362 1402 dine
379 1379 575 1407 creaturarum.
591 1380 684 1411 ulpote
712 1377 831 1404 universi
861 1377 997 1410 conditor,
1020 1385 1084 1404 con-

297 1420 422 1455 spicitur.
444 1421 520 1455 Quod
538 1422 561 1450 si
586 1422 647 1457 quis
663 1422 744 1450 alium
769 1423 893 1456 inducat,
908 1424 990 1451 alium
1019 1424 1082 1451 item

298 1467 363 1495 huic
378 1467 495 1496 similem
511 1468 639 1496 mundum
654 1471 797 1502 ostendat;
812 1475 840 1497 at
866 1477 920 1497 non
944 1475 987 1497 est
1015 1470 1084 1498 alius

299 1513 426 1546 mundus,
453 1518 551 1549 praeter
577 1521 656 1548 eutn,
681 1523 762 1550 quem
796 1516 978 1551 conspicimus
994 1524 1003 1543 ς
1018 1524 1084 1552 ergo

298 1566 350 1586 nec
366 1559 437 1588 alius
460 1560 532 1588 Deus
551 1565 603 1588 est.
621 1560 649 1588 Si
676 1562 738 1597 quis
756 1569 822 1590 vero
836 1562 882 1594 sit,
897 1572 907 1588 ι
920 1562 990 1595 Stet,
1005 1572 1014 1589 ι
1040 1563 1081 1590 in-

297 1605 368 1639 quit.
387 1605 521 1639 primum;
536 1606 562 1633 id
582 1613 624 1634 est
638 1607 827 1636 exsistentiam
853 1609 979 1635 ostendat
992 1616 1079 1641 suam,

296 1656 325 1678 et
332 1652 404 1685 quod
422 1651 448 1678 in
464 1647 616 1679 substantia
642 1652 783 1686 subsistat,
799 1653 924 1688 quodque
938 1653 965 1680 in
979 1660 1010 1680 se
1025 1661 1082 1680 tua-

297 1701 362 1723 neat
380 1701 408 1723 et
424 1701 476 1724 stet
490 1705 498 1724 :
512 1697 609 1725 deinde
633 1705 726 1726 vocem
751 1699 878 1726 emittens
893 1698 1080 1726 rationabilem

296 1751 329 1770 ae
350 1743 405 1771 Deo
425 1743 548 1779 dignam,
573 1744 727 1778 aununtiet,
742 1753 802 1779 qua:
828 1749 920 1779 postea
947 1745 1035 1772 futura
1054 1744 1080 1771 iu

297 1788 400 1816 tnundo
424 1788 496 1822 sint;
513 1793 561 1816 attt
582 1797 642 1824 qua:
654 1790 719 1817 olim
734 1794 762 1817 et
777 1797 792 1817 a
813 1790 945 1825 principio
963 1790 1082 1825 contige-

296 1838 370 1866 runt,
394 1840 430 1861 ex
454 1841 508 1868 quo
538 1833 676 1862 hominem
706 1835 732 1862 in
757 1839 828 1862 terra
846 1835 934 1869 posui,
947 1842 1032 1870 usque
1047 1835 1080 1862 ad

295 1886 415 1913 praesens
445 1884 561 1914 tempus.
597 1879 666 1907 Hinc
687 1879 760 1908 enim
803 1887 989 1916 agnoscamus,
1020 1888 1081 1907 cum

295 1924 390 1952 isthtee
405 1925 488 1952 verbo
500 1925 684 1953 constituisse.

330 1969 413 1998 Vsus.
429 1970 502 1998 8-10.
524 1979 534 1996 ι
545 1969 633 1998 Nolite
645 1970 788 2004 abscondi,
811 1970 894 1998 nolite
907 1978 1012 1998 errare.
1025 1970 1081 1998 An-

293 2021 347 2041 non
363 2015 398 2041 ah
420 2015 497 2042 initio
512 2016 677 2048 attendistis,
694 2021 722 2044 et
738 2016 897 2043 aununtiavi
924 2016 1021 2043 vobis?
1033 2016 1080 2043 Te-

293 2065 350 2087 sws
369 2067 417 2088 vos
430 2061 507 2093 estis,
524 2069 588 2088 num
602 2062 638 2089 sit
651 2062 720 2090 Deus
734 2067 892 2098 pmterme.
905 2062 937 2089 Et
949 2067 1012 2090 tunc
1027 2069 1079 2090 non

293 2104 439 2132 audierunt
463 2106 509 2140 qui
540 2107 644 2141 fingunt
666 2113 695 2135 et
719 2108 845 2143 scalpunt
860 2116 869 2134 :
888 2115 983 2135 omnes
1007 2105 1079 2139 vani,

292 2151 339 2186 qui
364 2152 467 2179 faciunt
489 2152 623 2180 desideria
646 2161 707 2186 sua,
720 2161 781 2189 quae
795 2161 848 2181 non
863 2154 1013 2189 proderuttt
1026 2153 1077 2181 eis.

294 2197 348 2224 Sed
359 2197 616 2233 confttndenturqui
643 2199 726 2226 Deum
749 2199 890 2235 etlingunt,
911 2205 938 2226 et
952 2199 1078 2234 sculpuut

1138 962 1253 997 σάμενος
1264 962 1344 988 αὑτὸν
1357 961 1423 992 Θεὸς
1439 959 1552 987 Σαϐαὼθ
1562 968 1569 975 ·
1594 959 1665 994 Ἐγὼ
1681 959 1798 995 πρῶτος,
1813 959 1861 986 καὶ
1873 958 1926 994 ἐγὼ

1138 1008 1208 1043 μετὰ
1221 1006 1308 1034 ταῦτα
1318 1016 1325 1022 ·
1351 1006 1420 1042 πλὴν
1434 1005 1502 1041 ἐμοῦ
1525 1006 1575 1032 οὐκ
1593 1005 1650 1032 ἐστι
1665 1005 1741 1037 Θεὸς.
1769 1005 1817 1037 Τίς
1832 1005 1926 1041 ὥσπερ

1136 1051 1208 1086 ὲγώ;
1225 1052 1329 1087 Στήτω,
1348 1052 1396 1078 καὶ
1415 1050 1567 1082 καλεσάτω,
1592 1051 1640 1079 καὶ
1655 1050 1851 1085 ἀναγγειλάτω,
1882 1051 1926 1077 καὶ

1135 1097 1306 1132 ἑτοιμασάτω
1328 1105 1388 1131 μοι·
1419 1096 1466 1131 ἀφ’
1480 1092 1511 1122 οὗ
1533 1096 1648 1131 ἐποίησα
1664 1096 1807 1132 ἄνθρωπον
1821 1097 1863 1128 εις
1882 1092 1926 1123 τὸν

1136 1144 1232 1175 αἰῶνα,
1251 1144 1296 1170 καὶ
1311 1143 1344 1170 τὰ
1360 1142 1530 1179 ἐπερχόμενα
1542 1142 1595 1179 πρὸ
1609 1142 1656 1169 τοῦ
1669 1142 1757 1169 ὲλθείν
1767 1142 1927 1181 ἀναγγειλά-

1135 1198 1224 1216 τωσαν
1240 1190 1314 1224 ὑμῖν.
1327 1199 1336 1215 ι
1354 1189 1463 1223 Λεγέτω
1475 1188 1529 1224 γὰρ
1543 1188 1570 1214 εῐ
1578 1188 1621 1220 τίς
1643 1189 1701 1215 ἐστι
1718 1188 1794 1220 Θεὸς,
1811 1189 1872 1216 ὅσον
1883 1188 1927 1225 $9—

1135 1244 1182 1270 γον
1194 1234 1290 1262 ἑαυτοῦ
1306 1235 1441 1262 δείκνυσιν
1454 1235 1483 1262 ὲν
1504 1234 1544 1270 τῷ
1570 1233 1661 1262 παντί.
1676 1234 1708 1261 Εἰ
1723 1233 1778 1269 γὰρ
1794 1232 1835 1266 εἷς
1848 1235 1863 1261 ὁ
1879 1234 1924 1261 κό-

1136 1291 1213 1318 σμος,
1228 1281 1275 1308 καὶ
1287 1278 1364 1313 οὗτος
1380 1280 1515 1316 συμφυὴς,
1530 1280 1577 1307 καὶ
1590 1279 1671 1311 αὐτὸς
1685 1279 1773 1315 ἑαυτῷ
1786 1279 1927 1315 συνημμέ-

1134 1337 1188 1360 νος,
1205 1326 1245 1360 εἷς
1262 1328 1295 1355 ἂν
1317 1327 1422 1362 γένοιτο
1451 1327 1498 1354 καὶ
1515 1327 1530 1354 ὁ
1546 1326 1640 1353 τούτου
1656 1326 1830 1362 δημιουργός.
1856 1323 1925 1353 “ANV

1134 1370 1212 1406 οὗτος
1228 1375 1260 1400 ὲκ
1278 1373 1408 1409 μεγέθους
1427 1373 1473 1399 καὶ
1487 1372 1618 1407 καλλονῆς
1637 1372 1805 1408 κτισμάτων,
1824 1370 1868 1398 οἷα
1879 1372 1926 1400 τοῦ

1134 1419 1235 1450 παντὸς
1248 1418 1436 1454 γενεσιουργὸς
1447 1417 1600 1453 θεωρεῖται.
1614 1418 1644 1444 Εἰ
1657 1417 1684 1443 δέ
1701 1426 1744 1449 τις
1754 1417 1860 1452 εἰσάγοι
1873 1417 1926 1444 ἓτε-

1136 1473 1192 1500 ρον,
1217 1464 1347 1491 δεικνύτω
1358 1464 1477 1490 τοιοῦτον
1490 1463 1588 1498 ὁμοίως
1611 1463 1713 1498 κόσμον
1743 1463 1836 1499 ἕτερον
1856 1472 1926 1499 παρ-

1136 1510 1213 1541 ιστάς
1223 1519 1229 1524 -
1244 1510 1300 1536 ἀλλ’
1320 1510 1370 1536 οὐκ
1385 1509 1456 1535 ἐστιν
1472 1508 1564 1544 ἕτερος
1579 1507 1655 1543 παρὰ
1669 1508 1714 1534 τὸν
1730 1507 1867 1544 ὁρώμενον
1882 1508 1927 1536 κό-

1135 1565 1219 1592 σμον·
1235 1556 1295 1583 οὐδὲ
1309 1555 1374 1587 Θεὸς
1387 1555 1441 1590 ἄρα
1460 1554 1551 1590 ἕτερός
1565 1555 1649 1580 ἐστιν.
1668 1554 1699 1580 Εἰ
1717 1553 1745 1580 δέ
1763 1562 1815 1585 τις,
1835 1563 1844 1579 ε
1859 1554 1928 1590 Στή-

1132 1610 1182 1634 τω,
1195 1611 1204 1627 ι
1220 1602 1296 1636 φησὶ,
1309 1600 1387 1627 τοῦτο
1405 1600 1511 1636 πρῶτον
1522 1609 1527 1615 ·
1539 1600 1610 1634 λέγω
1621 1599 1652 1635 δὴ
1665 1599 1713 1634 τὴν
1727 1599 1824 1626 ἑαυτοῦ
1841 1599 1928 1633 suae.

1133 1657 1173 1675 τι.)
1187 1647 1303 1682 ὕπαρξιν
1315 1656 1321 1662 -
1343 1647 1384 1673 ὅτι
1403 1647 1433 1673 τέ
1450 1648 1523 1673 ἐστιν
1545 1647 1574 1673 ὲν
1589 1646 1682 1677 οὐσίας
1701 1646 1858 1678 ὑποστάσει,
1876 1647 1923 1673 aut

1131 1694 1173 1721 ὅτι
1189 1694 1231 1728 ἐφ’
1245 1693 1331 1729 ἐαυτῷ
1347 1693 1422 1728 μένει
1437 1693 1484 1719 καὶ
1494 1693 1624 1727 ἕστηκεν·
1639 1692 1734 1719 ἔπειτα
1744 1692 1836 1728 φωνὴν
1846 1692 1926 1727 ἀφεὶς

1131 1739 1243 1775 λογικὴν
1257 1739 1303 1766 καὶ
1319 1738 1378 1774 Θεῷ
1393 1739 1560 1775 πρέπουσαν,
1578 1738 1764 1773 ἁναγγειλάτω
1774 1739 1835 1766 τίνα
1849 1738 1925 1765 ἐσται

1131 1785 1165 1812 τὰ
1180 1785 1248 1820 μετὰ
1260 1784 1346 1812 ταῦτα
1354 1785 1523 1820 γενησόμενα
1530 1785 1558 1810 ὲν
1573 1784 1610 1820 τῷ
1623 1784 1673 1820 βίῳ
1687 1784 1753 1819 (59)’
1764 1785 1780 1820 ἢ
1790 1785 1825 1812 τὰ
1841 1784 1925 1812 πάλαι

1131 1831 1162 1864 ἐξ
1187 1832 1273 1867 ἀρχῆς
1290 1832 1456 1863 ὑποστάντα,
1481 1832 1528 1866 ἀφ’
1550 1828 1580 1858 οὗ
1597 1832 1642 1857 τὸν
1662 1832 1805 1867 ἄνθρωπον
1822 1831 1925 1867 ἐθέμην

1132 1878 1177 1903 ἐπὶ
1193 1878 1241 1913 τῆς
1257 1877 1307 1913 γῆς
1327 1877 1407 1913 μέχρι
1432 1877 1478 1904 τοῦ
1497 1878 1629 1913 παρόντος
1651 1878 1757 1913 χρόνου.
1784 1877 1851 1904 Ἀπὸ
1871 1877 1925 1913 γὰρ

1131 1924 1226 1951 τούτου
1243 1924 1414 1959 γνωσόμεθα,
1433 1925 1473 1950 ὅτι
1489 1924 1603 1959 ἔστησεν
1614 1923 1683 1950 αὑτά
1702 1923 1782 1959 λόγῳ.

1170 1979 1179 1996 t
1194 1971 1239 2005 Μὴ
1264 1969 1521 2005 παρακαλύπτεσθε,
1544 1969 1610 2005 μηδὲ
1636 1969 1782 1996 πλανᾶσθε.
1806 1970 1864 1996 οὐκ
1876 1965 1924 1996 ἀπ’

1130 2017 1217 2052 ἀρχῆς
1234 2016 1415 2051 ὴνωτίσασθε,
1432 2016 1478 2042 καὶ
1493 2015 1648 2051 ἀπήγγειλα
1675 2015 1758 2050 ὑμῖν;
1778 2015 1924 2050 Μάρτυρες

1131 2062 1209 2097 ὑμεῖς
1220 2063 1290 2093 ἐστε,
1309 2062 1333 2087 εἰ
1349 2061 1406 2088 ἔστι
1420 2061 1485 2093 Θεὸς
1501 2061 1571 2097 πλὴν
1584 2061 1660 2097 ἐμοῦ.
1672 2062 1727 2088 Καὶ
1740 2061 1791 2088 οὑκ
1803 2061 1925 2096 ἤκουσαν

1130 2106 1190 2132 τότε
1203 2107 1227 2132 ot
1237 2106 1400 2138 πλάσσοντες
1414 2106 1461 2132 καὶ
1476 2106 1500 2132 οἱ
1515 2106 1673 2141 γλύφοντες,
1687 2107 1787 2138 πάντες
1802 2107 1924 2142 μάταιοι,

1130 2152 1271 2184 ποιοῦντες
1286 2152 1320 2179 τά
1332 2151 1490 2187 καταθύμια
1508 2152 1608 2184 αὐτῶν,
1631 2153 1649 2179 ἃ.
1664 2153 1714 2179 οὐκ
1727 2153 1865 2189 ὠφελήσει
1876 2154 1925 2180 αὑ-

1129 2198 1201 2229 τοὺς.
1226 2197 1293 2224 Ἀλλ’
1313 2198 1536 2232 αἱσχυνθήσονται
1560 2199 1584 2224 οἱ
1605 2198 1772 2230 πλάσσοντες
1781 2199 1860 2232 Θεὸν,
1877 2199 1925 2226 καὶ

291 2250 388 2271 outnes
403 2242 540 2270 inutilia.»
558 2243 615 2271 Non
630 2244 664 2273 ab
689 2244 778 2277 initio,
797 2245 896 2281 inquit.
909 2245 946 2272 ita
969 2245 1035 2278 fuit;
1053 2245 1078 2272 id

1133 2244 1277 2279 γλύφοντες
1292 2245 1391 2276 πάντες
1405 2244 1540 2279 ἀνωφελῆ.
1556 2254 1565 2270 ι
1583 2245 1640 2271 Οὐκ
1659 2245 1706 2271 ἀπ’
1718 2245 1818 2280 ἀρχῆς,
1844 2246 1924 2282 φησὶ,

291 2293 336 2317 eat
366 2295 430 2316 ante
454 2289 546 2317 diluvii
574 2294 707 2326 tempora,
726 2298 786 2319 cum
817 2291 909 2318 animo
925 2291 1076 2325 expertium

278 2335 498 2363 simulacrorum
522 2335 592 2364 fabri
610 2336 730 2364 nondum
751 2343 852 2365 essent.
870 2337 978 2372 Vosque
995 2342 1079 2365 testes

291 2381 370 2412 estis,
395 2382 525 2413 nondum.
551 2381 656 2410 scilicet
670 2383 746 2410 initio
768 2383 889 2411 morlalis
905 2383 978 2416 vitae,
998 2383 1079 2410 exsti-

290 2427 357 2454 tisse
370 2427 533 2456 contlatores
547 2428 754 2463 sculptoresque
780 2429 910 2462 deorum;
927 2437 991 2456 cum
1007 2428 1079 2456 scul-

289 2473 378 2508 ptoria
394 2473 555 2509 fabrilisque
570 2482 616 2502 ars
628 2474 699 2509 apud
718 2474 841 2502 homines
860 2475 978 2502 nondum
1001 2481 1078 2508 repe-

289 2517 402 2544 riretur.

326 2561 408 2590 Vsus.
428 2563 518 2591 Η-Ιτ.
536 2574 545 2589 ι
558 2564 590 2591 Et
611 2572 706 2592 omnes
718 2564 788 2592 unde
801 2564 864 2592 facti
887 2571 949 2592 snut
962 2573 1077 2593 exarue-

291 2613 401 2640 runt,ct
417 2610 491 2636 surdi
514 2611 548 2638 ab
568 2611 724 2638 hominibus
747 2617 946 2645 congrcgi'utur
969 2618 1076 2643 oumcs,

274 2659 318 2682 -cl
331 2656 505 2690 stentsimul,
520 2656 724 2685 confundantur
737 2663 765 2684 ct
781 2657 945 2684 erubescant
972 2658 1053 2685 simul
1068 2666 1075 2685 :

288 2701 353 2736 quia
372 2702 446 2729 acuit
463 2703 539 2731 faber
561 2703 663 2731 ferrum
682 2713 689 2731 :
704 2703 778 2731 ascia
795 2709 924 2738 operatus
937 2707 979 2730 cst
996 2703 1074 2736 illud,

272 2750 316 2791 )ct
330 2747 466 2774 terebrum
479 2749 598 2776 admovit
610 2750 647 2783 ci,
660 2754 821 2784 etoperatus
838 2753 879 2776 est
892 2748 955 2776 illud
971 2749 996 2776 in
1012 2749 1075 2776 bra-

273 2807 275 2810 ⁴
325 2814 382 2851 (ζ’)9)
394 2814 455 2851 Jam
472 2814 498 2842 in
514 2815 674 2843 Prtel'alioue
701 2816 733 2842 ad
748 2815 857 2842 Eusebii
874 2814 1074 2842 Commentario

288 2851 317 2878 in
332 2850 454 2877 'I‘salmoa
467 2851 617 2885 perspicuis
639 2851 771 2885 cxctuplis
787 2851 1072 2881 commonstravimus,

288 2894 382 2915 vocem
400 2885 470 2918 ,βίος
482 2886 636 2921 frequenter
663 2886 698 2914 ah
730 2885 846 2914 Eusebio
871 2886 995 2920 usurpari
1027 2893 1074 2920 pro

1131 2289 1253 2316 τουτέστι
1269 2290 1322 2326 πρὸ
1333 2290 1386 2316 τῶν
1401 2289 1447 2316 τοῦ
1463 2290 1656 2326 κατακλυσμοῦ
1670 2291 1783 2326 χρόνων,
1801 2290 1862 2317 καθ’
1877 2291 1925 2323 οὓς

1132 2336 1191 2363 οὐδὲ
1204 2337 1228 2363 οἱ
1256 2337 1309 2363 τῶν
1323 2337 1434 2372 ἀψύχων
1463 2337 1563 2369 ξοάνων
1575 2337 1698 2369 τέκτονες
1721 2337 1853 2374 ὑπῆρχον.
1868 2338 1924 2365 Καὶ

1131 2380 1233 2406 τούτων
1247 2381 1324 2416 ὑμεῖς
1341 2382 1488 2417 μάρτυρες,
1500 2382 1537 2412 ὡς
1553 2382 1604 2408 οὐκ
1617 2380 1687 2417 ἦσαν
1711 2383 1782 2416 τότε,
1804 2383 1877 2418 λέγω
1888 2383 1925 2419 δὴ

1133 2426 1202 2453 κατὰ
1220 2427 1267 2459 τὰς
1284 2427 1371 2463 ἀρχὰς
1387 2429 1435 2463 τῆς
1454 2427 1501 2455 τοῦ
1520 2428 1618 2463 θνητοῦ
1636 2428 1694 2464 βίου
1708 2429 1877 2463 συστάσεως,
1897 2430 1923 2457 οἱ

1131 2472 1295 2504 πλάσσοντες
1311 2473 1357 2499 καὶ
1372 2473 1519 2508 γλύφοντες
1545 2474 1632 2506 θεοὺς,
1657 2473 1734 2501 οὔπω
1758 2474 1927 2511 γλυπτικῆς,

1131 2518 1191 2544 οὐδὲ
1207 2518 1357 2554 πλαστικῆς
1373 2519 1468 2554 τέχνης
1485 2521 1514 2547 ἐν
1537 2519 1691 2556 ἀνθρώποις
1711 2520 1923 2557 εὑρισκομένης.

1169 2573 1177 2588 i
1187 2564 1242 2590 Καὶ
1258 2565 1357 2596 πάντες
1378 2565 1437 2591 ὅθεν
1454 2566 1576 2600 ἐγένοντο
1591 2566 1786 2602 ὲξηράνθησαν.
1802 2568 1850 2594 καὶ
1868 2576 1924 2595 κω-

1131 2611 1176 2645 φοὶ
1192 2611 1245 2636 ἀπο
1256 2611 1304 2637 ἀνθ
1309 2611 1405 2646 ρώπων
1418 2612 1628 2648 συναχθήτωσαν
1640 2612 1750 2646 πάντες,
1762 2613 1810 2640 καὶ
1825 2614 1924 2649 στησά-

1129 2664 1217 2682 τωσαν
1233 2656 1300 2691 ἅμα,
1324 2657 1371 2683 καὶ
1392 2658 1614 2693 ὲντραπήτωσαν,
1636 2659 1682 2684 καὶ
1698 2659 1924 2695 αἱσχυνθήτωσαν

1130 2702 1187 2737 ἅμα
1199 2711 1205 2717 ·
1221 2703 1261 2728 ὅτι
1275 2702 1360 2735 ὥξυνε
1375 2703 1477 2730 τέκτων
1495 2704 1613 2739 σίδηρον,
1634 2705 1778 2740 σκεπάρνῳ
1793 2705 1924 2740 εἰργάσα-

1129 2758 1160 2775 το
1175 2749 1250 2782 αὑτὸ,
1267 2750 1314 2776 καὶ
1331 2750 1359 2775 ἐν
1371 2750 1488 2783 τερέτρῳ
1505 2750 1617 2786 ἔστησεν
1636 2750 1712 2782 αὐτὸ,
1730 2751 1777 2777 καὶ
1794 2751 1923 2787 εἰργάσα-

1128 2815 1243 2846 mundo.
1261 2817 1318 2842 sive
1333 2823 1382 2849 pro
1400 2815 1554 2842 hominibus
1580 2816 1630 2843 hoc
1647 2816 1672 2842 in
1690 2816 1789 2843 mundo
1805 2823 1922 2843 versan-

1129 2851 1201 2887 tibus
1214 2860 1220 2877 :
1232 2855 1260 2877 et
1276 2853 1316 2877 sic
1333 2850 1467 2887 intelligas
1484 2856 1591 2884 oportet
1615 2852 1666 2878 hoc
1679 2851 1742 2879 loco
1752 2852 1782 2878 ἐν
1798 2851 1838 2886 τῷ
1855 2851 1918 2887 βίῳ,

1130 2886 1236 2914 scilicet
1252 2887 1277 2913 in
1290 2886 1399 2921 mundo,
1419 2895 1449 2913 ac
1467 2886 1588 2914 humincs
1602 2886 1628 2913 in
1644 2887 1693 2914 hac
1705 2887 1757 2914 vita
1775 2887 1918 2922 degentes.
