2061 3215
290 159 343 188 4-07

626 157 759 186 EUSEBII
780 157 1020 187 CESARIENSIS
1038 159 1113 187 OPP.
1133 159 1224 187 PARS
1242 159 1286 186 111.
1308 173 1342 179 -ο
1361 157 1560 187 EXEGETICA.

1865 163 1913 190 608

293 220 405 246 wrbis:
422 227 432 244 l
451 217 667 253 Superredilicati
684 225 764 252 super
787 218 992 246 fundamentum
1018 227 1083 254 apo-

1139 220 1233 247 Ξασκεν
1245 221 1259 246 6
1274 220 1432 251 ’Λπόστολος
1445 221 1532 256 φήσας
1543 229 1550 236 ⁸
1568 231 1577 246 ι
1589 221 1860 258 Ἐποικοδομηθὲντες
1873 226 1914 251 ἐπὶ

292 264 422 291 .xtolorum
438 268 464 292 et
479 263 840 299 prophetarum”.Clamate,
868 270 972 293 montes
984 286 991 297 ,
1011 266 1078 293 laeti-

293 312 356 338 liam
378 310 412 338 ⁷⁷.
438 320 448 337 ι
467 309 498 337 lli
528 310 654 337 similiter
680 310 763 337 Deum
787 310 932 342 celebrent,
958 311 992 338 de
1011 318 1079 346 pra:-

293 359 427 385 dictorum
455 357 613 393 pmnitentia
631 361 659 384 et
673 357 771 384 salute.
791 357 841 384 Per
864 362 970 384 montes
994 363 1078 390 vero,

293 406 380 432 elatas
405 409 433 432 et
459 404 590 432 sublimes
619 404 723 430 animas
747 403 922 436 subindicat;
950 410 998 438 per
1023 404 1080 431 col-

294 451 334 478 les
357 458 469 482 autem,
496 458 542 478 eas
558 457 619 485 qua:
646 449 775 477 mediocri
801 449 827 476 in
844 453 914 476 statu
931 454 1010 482 sunt;
1034 457 1082 484 per

295 497 366 531 ligna
379 517 387 529 ,
404 496 570 524 fructiferas.
597 496 630 524 Et
645 496 712 523 alias
728 496 854 523 universo
877 496 986 527 mundo,
1011 496 1082 531 ejus-

288 552 349 579 -que
366 545 488 579 partibus
510 543 592 571 Deum
611 543 753 570 celebrare
777 542 900 577 praecipit
912 562 920 574 ,
939 542 1082 576 adjicieus,

298 599 308 615 ι
329 589 398 623 Quia
417 589 532 617 redemit
557 590 628 616 Deus
649 587 735 616 Jacub
748 607 755 620 ,
772 593 800 615 et
821 587 902 615 Israel
919 588 1084 623 glorificabi-

298 641 353 663 tur.
377 645 387 662 ι

333 682 416 710 Vens.
432 682 478 709 Si.
498 691 507 707 ι
528 680 574 708 Sic
589 680 654 708 dicit
669 681 812 712 Dominus,
827 681 872 715 qui
888 681 1001 708 redemit
1017 684 1043 708 te
1058 685 1086 707 et

299 728 428 756 formavit
443 737 475 757 ex
496 734 582 760 utero,
602 738 611 754 ι
629 728 775 763 Postquam
788 729 913 763 superius
928 727 1087 755 idololatria:

299 775 514 802 confutatiouem
540 775 704 807 adornavit,
731 774 784 806 iis,
803 775 850 809 qui
875 782 908 802 ex
931 775 1088 809 prophetica

300 820 446 854 disciplina
471 819 589 847 fructum
606 824 785 855 perceperant
798 840 805 852 ,
821 824 850 847 ut
866 821 911 855 qui
934 819 990 856 iam
1006 820 1089 848 idolo-

300 864 389 892 latrlaa
403 865 483 892 linem
503 863 649 898 fecissent,
670 865 804 899 promissa
818 864 914 898 ell'ert;
930 873 1028 900 nempe
1043 873 1087 893 re-

300 911 386 938 ditum
403 918 436 938 ex
453 911 610 945 captivitate
635 910 792 946 Babylonis.
812 911 879 943 Quia
897 911 969 938 enim
982 911 1016 938 ob
1032 912 1089 938 ido-

301 956 436 984 lolatriam
453 956 609 992 Babyloniis
627 957 718 984 traditi
734 957 856 990 fuerant;
867 958 980 992 ipsaque
994 957 1089 985 Hieru-

301 1002 405 1038 solyma
418 1002 453 1029 ob
466 1002 566 1029 civium
583 1010 693 1029 suorum
710 1009 793 1029 ausus
808 1022 816 1034 ,
835 1002 1008 1039 Assyriorum
1021 1009 1089 1030 tem-

302 1056 369 1083 pore
382 1049 493 1076 obsessa
507 1067 514 1080 ,
529 1055 562 1075 ac
583 1047 705 1075 funditus
721 1048 807 1075 deleta
830 1047 934 1082 fuerat;
952 1049 1014 1076 talia
1030 1057 1090 1084 per-

301 1095 410 1130 pessis,
437 1096 460 1122 si
485 1100 575 1122 tamen
593 1102 687 1121 errare
712 1094 860 1129 desinant,
885 1096 1055 1130 ereptiouem
1075 1104 1089 1121 ιι

303 1141 382 1168 malis
401 1140 576 1168 vaticinatur.
597 1140 659 1167 Hzt-c
673 1146 753 1174 porro
772 1140 834 1175 Cyri
849 1141 929 1175 primi
946 1135 1089 1167 Persarum

303 1186 376 1222 regis
389 1186 556 1222 temporibus
571 1185 704 1220 completa
719 1190 792 1212 sunt.
811 1185 1005 1218 Quamobrem,
1018 1186 1089 1220 quod

303 1231 452 1266 permirum
469 1238 535 1258 sane
547 1235 600 1262 est,
616 1230 706 1265 ipsum
724 1229 828 1265 Cyrum
850 1230 1009 1258 nominatim
1034 1237 1091 1258 me-

302 1283 413 1311 morat,
438 1277 483 1312 qui
502 1282 592 1305 tamen
615 1277 742 1306 ducentis
758 1277 869 1306 circiter
894 1281 987 1311 postea
1013 1277 1091 1304 annis

303 1323 377 1357 fuit,
395 1331 426 1351 ac
448 1323 590 1350 .ludaicum
618 1323 746 1358 populum
772 1331 787 1350 a
811 1322 969 1358 captivitate
994 1322 1092 1350 libera-

302 1370 353 1404 vit,
372 1367 846 1405 tentplumque-l'lierosolymiIanum
870 1368 1017 1396 restaurari
1037 1368 1092 1395 ius-

303 1416 349 1444 sit.

342 1514 352 1531 ι
371 1505 425 1541 Ego
440 1505 580 1536 Dominus,
597 1503 642 1539 qui
657 1503 768 1539 perﬁcio
779 1504 869 1530 omnia
887 1511 894 1530 :
912 1503 1021 1530 extendi
1037 1509 1093 1530 cm-

305 1551 360 1578 lum
375 1552 450 1578 solus
463 1571 471 1584 ,
494 1555 522 1578 et
546 1551 650 1577 firmavi
665 1555 776 1576 terram.
796 1559 806 1576 ο
822 1550 891 1576 Nam
911 1559 921 1574 ι
938 1549 1028 1575 omnia
1045 1556 1093 1583 per

306 1599 394 1631 ipsum
408 1596 478 1624 facta
497 1601 570 1628 sunt,
587 1601 615 1623 et
627 1595 686 1623 sine
702 1596 760 1629 ipso
778 1594 881 1622 factum
897 1599 938 1622 est
950 1594 1018 1622 nihil
1033 1594 1066 1620 ⁷⁸.
1080 1603 1089 1620 ›

305 1642 435 1673 Extendit
449 1649 513 1670 vero
529 1641 628 1669 coelum
643 1641 728 1673 solus,
747 1645 774 1668 et
791 1645 857 1668 nutu
873 1641 960 1668 Patris
976 1640 1093 1667 firmavit

305 1694 423 1721 terram;
445 1696 455 1713 ι
483 1686 541 1722 Ipse
567 1687 666 1721 quippe
682 1686 770 1716 dixit.
793 1690 820 1712 et
844 1685 915 1712 facta
929 1689 1009 1717 sunt;
1035 1684 1092 1719 ipse

304 1734 454 1766 mandavit,
470 1738 498 1761 et
517 1737 608 1760 creata
627 1737 699 1760 sunt.
720 1741 730 1757 ι
747 1731 831 1758 Terra
851 1731 944 1765 igitur,
970 1731 1047 1757 firma
1066 1736 1093 1758 et

304 1778 391 1808 solida
407 1785 470 1806 cum
483 1778 519 1806 sit
532 1798 539 1809 ,
567 1783 597 1804 ut
621 1776 731 1804 fundata
751 1782 793 1804 est
816 1777 929 1803 immota
948 1783 998 1810 per
1013 1783 1093 1803 omne

305 1824 447 1858 amulum;
461 1825 502 1852 sie
516 1823 620 1850 limata
636 1829 700 1850 esse
715 1823 814 1850 dicitur
829 1830 837 1849 τ
852 1822 950 1849 οωιιιιη
962 1829 1039 1853 vero,
1051 1826 1093 1847 ul—

304 1875 368 1907 pote
378 1877 528 1905 expansum
542 1890 550 1903 ,
568 1869 677 1896 omnino
692 1873 832 1895 extensum
859 1867 944 1894 fuisse
971 1867 1096 1894 declara-

304 1922 370 1945 tur:
387 1907 554 1952 quapmpter
571 1915 634 1942 alibi
653 1915 764 1946 dicitur,
784 1923 792 1939 ι
821 1913 871 1947 Qui
892 1913 1016 1940 extendit
1038 1920 1094 1940 cm-

305 1964 361 1991 ium
380 1964 451 1992 sicut
476 1963 574 1998 pellem
589 1962 623 1989 ".
652 1971 662 1987 ι
687 1961 815 1995 Quasnam
838 1968 919 1996 porro
935 1961 1008 1993 sint,
1034 1967 1094 1995 qua:

305 2015 398 2038 tantus
407 2010 452 2038 ille
464 2010 593 2037 Dominus
606 2009 695 2040 docet,
707 2008 820 2035 subinde
833 2008 913 2034 infert
925 2007 966 2034 Itis
981 2007 1070 2035 verbis
1085 2015 1092 2032 :

341 2054 425 2084 Vens.
441 2056 487 2088 25,
504 2055 551 2083 ‘28.
573 2064 582 2081 ι
601 2055 668 2087 Quis
682 2054 751 2081 alius
764 2053 908 2088 dissipabit
922 2054 998 2087 signa
1012 2060 1094 2088 euga-

306 2101 532 2136 strimytltorum,
556 2105 583 2127 et
599 2099 781 2127 divinationes
805 2106 820 2126 a
839 2099 944 2126 corde?
967 2104 1094 2126 avertens

306 2147 453 2183 prudentes
471 2151 618 2174 retrorsum
633 2165 641 2177 ,
657 2151 685 2173 et
700 2146 844 2173 consilium
861 2153 956 2173 eorum
980 2146 1093 2172 stultum

1127 266 1167 301 τῷ
1178 266 1295 302 θεμελίῳ
1314 266 1368 292 τῶν
1383 266 1540 294 ἀποστόλων
1563 267 1610 294 καὶ
1624 269 1778 304 προφητῶν.
1792 269 1915 305 Βοήσατε,

1128 312 1372 348 ὃρη,ἐύφροσὺνην.
1381 322 1389 337 ι
1399 312 1513 347 Ὁμοίως
1523 312 1706 346 δοξαζέτωσαν
1713 313 1758 341 τὸν
1766 314 1831 341 Θεὸν
1837 315 1881 342 ὲπὶ
1886 318 1916 352 τῇ

1132 358 1188 385 τῶν
1206 358 1360 394 εἰρημένων
1382 358 1512 394 μετανοίᾳ
1525 367 1556 385 τε
1575 360 1622 386 καὶ
1641 361 1772 396 σωτηρίᾳ,
1787 362 1856 397 Ἥρη
1874 362 1917 396 μὲν

1133 403 1184 436 τὰς
1206 404 1365 439 ὲτιηρμένας
1382 404 1427 430 καὶ
1446 403 1598 439 μετεώρους
1615 405 1703 441 ψυχὰς
1718 407 1915 441 αἰνιττόμενος·

1135 450 1247 485 βουνοὺς
1262 450 1290 476 δὲ
1318 451 1367 482 τὰς
1390 450 1493 477 τούτων
1522 452 1729 488 μετριωτέρας·
1753 452 1817 485 ξύλα
1830 453 1858 479 δὲ
1875 453 1918 485 τὰς

1136 496 1336 532 καρποφόρους.
1352 497 1406 523 Καὶ
1425 497 1513 528 ἄλλως
1531 497 1559 523 δὲ
1581 498 1669 524 πάντα
1686 498 1731 524 τὸν
1753 498 1855 534 κόσμον
1875 500 1918 525 καὶ

1134 541 1168 568 τὰ
1181 541 1277 568 τούτου
1292 541 1361 577 μέρη
1376 543 1421 569 τὸν
1434 542 1500 569 Θεὸν
1519 543 1613 578 ὑμνεῖν
1631 545 1808 580 προστάττει,
1831 545 1915 572 ἐπιλέ-

1135 596 1207 622 γων’
1222 596 1231 612 ι
1251 588 1312 614 ’Ότι
1338 587 1509 624 ὲλυτρώσατο
1534 589 1549 614 ὁ
1572 589 1638 621 Θεὸς
1668 589 1715 616 τὸν
1749 590 1856 621 Ἰακὼϐ,
1876 591 1918 618 καὶ

1141 632 1250 668 Ἰσραὴλ
1266 632 1469 669 δοξασθήσεται.

1174 687 1184 704 ι
1198 677 1276 705 οὕτω
1287 678 1360 713 λέγει
1375 679 1476 715 Κύριος
1486 680 1500 706 6
1514 679 1697 716 λυτρούμενος
1714 689 1755 713 σε,
1771 682 1819 708 καὶ
1843 682 1920 709 πλασ-

1139 732 1193 758 σων
1214 732 1244 750 σε
1264 724 1296 750 ὲκ
1309 724 1421 757 κοιλίας.
1441 734 1451 750 ι
1471 725 1601 760 Ἔλεγχον
1623 726 1844 763 εἱδωλολατρείας
1861 736 1914 764 προ-

1138 769 1283 805 εκθέμενος
1300 771 1314 797 ό
1325 770 1403 804 λόγος
1420 770 1464 797 διὰ
1475 771 1531 798 τῶν
1545 773 1742 808 προκειμένων,
1754 773 1793 806 ὡς
1807 774 1840 801 ἃν
1856 783 1920 800 παυ-

1141 815 1269 851 σαμένοις
1293 816 1343 851 τῆς
1366 816 1599 852 εἰδωλολατρείας,
1622 820 1678 850 τοῖς
1696 819 1880 855 ὼφελημένοις
1894 821 1922 848 ἑκ

1141 862 1189 896 τῆς
1212 861 1383 896 προφητικῆς
1402 862 1587 895 διδασκαλίας,
1610 864 1778 899 ἐπαγγελίας
1803 866 1921 895 ποιεῖται.

1106 896 1126 923 Β
1141 907 1271 933 ὲπάνοδον
1287 907 1336 942 τῆς
1354 908 1407 934 ἀπὸ
1422 908 1580 941 Βαϐυλῶνος
1599 896 1801 945 αἰχμαλωσίας.
1824 911 1923 947 Ἐπειδὴ

1141 950 1196 985 γὰρ
1212 950 1465 987 είδωλολατροῦντες
1477 954 1533 985 τοῖς
1542 953 1721 986 Βαϐυλωνίοις
1730 955 1922 992 παρεδόθησαν,

1141 996 1210 1032 αὐτή
1234 1005 1263 1023 τε
1287 998 1303 1032 ἡ
1333 997 1509 1034 Ἰερουσαλὴμ
1532 1000 1690 1035 πολιορκίαν
1715 1001 1857 1037 ὑπέμεινε,
1882 1004 1923 1029 καὶ

1141 1042 1261 1078 παντελῆ
1272 1044 1462 1080 καταστροφὴν
1479 1046 1548 1072 κατὰ
1564 1046 1627 1078 τοὺς
1644 1047 1794 1082 Ἀσσυρίων
1809 1049 1923 1084 χρόνους.

1141 1089 1187 1115 διὰ
1203 1089 1236 1116 τὰ
1252 1090 1281 1116 ἐν
1297 1090 1365 1125 αὐτῇ
1379 1091 1567 1126 τετολμημένα
1579 1093 1637 1124 τοῖς
1649 1093 1798 1129 οίκήτορσν
1810 1094 1923 1127 θεσπίζει

1141 1135 1254 1162 τοιαῦτα
1269 1135 1432 1163 πεπονθόσιν
1447 1136 1610 1177 ἐλευθερίαν⁸
1623 1139 1726 1170 κακῶν,
1740 1140 1766 1166 εί
1785 1129 1924 1167 παύσαιντο

1141 1181 1190 1216 τῆς
1204 1181 1318 1217 πλάνης.
1344 1182 1510 1217 Ἐπληροῦτο
1524 1183 1553 1210 δὲ
1566 1183 1652 1211 ταῦτα
1667 1185 1737 1212 κατὰ
1752 1187 1817 1218 τοὺς
1840 1186 1923 1222 Κύρου

1141 1226 1187 1253 τοῦ
1204 1227 1311 1262 πρώτου
1329 1228 1441 1263 Περσῶν
1456 1228 1665 1263 βασιλεύσαντος
1683 1231 1809 1266 χρόνους.
1832 1232 1924 1267 Διόπερ

1138 1272 1188 1307 ,καὶ
1200 1272 1282 1299 αὐτοῦ
1295 1273 1432 1309 μέμνηται
1447 1274 1577 1309 ὀνομαστὶ
1591 1275 1637 1302 τοῦ
1647 1275 1738 1311 Κύρου
1753 1277 1855 1313 σφόδρα
1865 1277 1923 1304 θαυ-

1143 1319 1259 1353 μασίως,
1277 1319 1361 1354 ἐγγύς
1374 1329 1424 1346 που
1440 1320 1586 1353 διακοσίοις
1597 1322 1710 1359 ὓστερον
1729 1323 1804 1350 ἔτεσι
1822 1323 1924 1359 γενομέ-

1142 1374 1199 1397 νου,
1220 1366 1266 1392 καὶ
1286 1366 1335 1401 τῆς
1358 1367 1546 1401 αἰχμαλωσίας
1563 1368 1797 1404 ἐλευθερώσαντος
1817 1369 1860 1396 τὸν
1877 1369 1923 1395 τῶν

1151 1411 1285 1437 Ἰουδαίων
1298 1411 1372 1443 λαὸν,
1387 1412 1433 1439 τόν
1447 1421 1477 1439 τε
1494 1413 1562 1440 νεὼν
1580 1414 1782 1450 προστάξαντος
1792 1415 1838 1442 τὸν
1856 1415 1884 1442 ὲν
1895 1416 1922 1450 τῇ

1149 1456 1326 1493 Ἰερουσαλὴμ
1338 1457 1499 1493 ἀνεγείρειν.

1181 1513 1190 1528 ι
1217 1503 1288 1537 Ἐγὼ
1312 1503 1414 1538 Κύριος
1436 1505 1450 1531 6
1473 1504 1607 1532 συντελῶν
1622 1505 1720 1538 πάντα,
1747 1505 1868 1537 ἐξέτεινα
1885 1505 1924 1531 τὸν

1105 1567 1126 1595 c
1143 1549 1256 1584 οὐρανὸν
1272 1550 1360 1595 μόνος,
1379 1550 1425 1576 καὶ
1441 1549 1597 1585 ὲστερέωσα
1608 1551 1658 1586 τὴν
1673 1551 1734 1586 γῆν.
1752 1551 1845 1578 Πάντα
1857 1559 1867 1576 ι
1877 1548 1923 1585 γὰρ

1146 1603 1156 1620 ι
1167 1595 1200 1621 δι’
1218 1594 1299 1622 αὐτοῦ
1316 1595 1440 1628 ἐγένετο,
1455 1596 1502 1622 καὶ
1512 1596 1596 1631 χωρὶς
1616 1596 1698 1623 αὑτοῦ
1718 1596 1828 1630 ἐγένετο
1846 1595 1922 1622 οὐδὲν.

1150 1641 1279 1674 Ἐξέτεινε
1294 1641 1322 1667 δὲ
1333 1641 1376 1667 τὸν
1389 1641 1501 1676 οὐρανὸν
1516 1642 1606 1676 μόνος,
1620 1642 1667 1668 καὶ
1678 1642 1807 1678 ὲστερὲου
1821 1641 1868 1678 τὴν
1880 1641 1924 1676 γῆν

1144 1686 1225 1721 βουλῇ
1237 1686 1284 1713 τοῦ
1296 1687 1401 1722 Πατρός
1413 1696 1420 1702 ο
1440 1697 1448 1712 ι
1465 1687 1551 1719 Αὐτὸς
1567 1697 1576 1713 ι
1590 1687 1644 1723 γὰρ
1657 1696 1666 1713 ι
1690 1685 1763 1720 εἷπε,
1779 1688 1826 1716 καὶ
1841 1684 1925 1722 ἐγενή-

1143 1733 1228 1768 Θησαν
1236 1741 1242 1748 ·
1258 1733 1339 1764 αὐτὸς
1350 1733 1509 1765 ἐνετείλατο,
1519 1734 1566 1761 καὶ
1575 1734 1747 1769 ἐκτίσθησαν.
1757 1743 1768 1759 ι
1787 1733 1819 1761 Ἦ
1830 1733 1875 1770 μὲν
1885 1730 1924 1759 οὖν

1144 1779 1190 1813 γῆ,
1209 1778 1294 1814 ναστὴ
1314 1776 1380 1806 οὖσα
1393 1780 1440 1806 καὶ
1461 1779 1630 1815 στερέμνιος,
1648 1780 1686 1812 ὡς
1700 1779 1823 1816 ήδράσθη
1841 1778 1924 1813 ἀκίνη-

1144 1833 1190 1856 τος
1205 1825 1251 1851 τὸν
1269 1824 1415 1860 σύμπαντα
1435 1825 1531 1858 αἰῶνα,
1550 1827 1598 1853 καὶ
1610 1825 1794 1862 ἐστερεῶσθαι
1809 1825 1922 1860 λέγεται·

1143 1871 1157 1896 6
1171 1870 1199 1897 δὲ
1211 1870 1334 1906 οὐρανὸς,
1355 1871 1402 1898 ᾶτε
1423 1871 1624 1907 ὲξηπλωμένος,
1644 1871 1732 1898 διόλου
1753 1871 1923 1899 ἐκτετάσθαι·

1144 1916 1184 1942 διὸ
1204 1917 1250 1944 καὶ
1271 1918 1300 1944 ὲν
1327 1917 1432 1953 ἑτέροις
1452 1918 1576 1953 εἴρηται·
1600 1927 1609 1943 ι
1636 1918 1665 1945 '0
1684 1919 1810 1951 ἐκτείνας
1825 1918 1869 1945 τὸν
1885 1917 1924 1943 οὑ-

1146 1963 1225 1997 ρανὸν
1240 1963 1307 1989 ὡσεὶ
1322 1963 1425 2000 δέρριν.
1444 1974 1453 1989 ι
1476 1963 1542 1990 Τίνα
1556 1964 1585 1991 δέ
1599 1965 1673 1991 ἐστιν
1691 1965 1763 2000 ἅπερ
1777 1966 1792 1991 6
1809 1964 1924 1993 τοσοῦτος

1143 2009 1264 2036 διδάσκει
1277 2009 1389 2047 Κύριος,
1408 2010 1471 2046 ἑξῆς
1485 2011 1611 2046 ἐπιφέρει
1631 2011 1718 2046 λέγων
1730 2019 1737 2027 ·

1183 2064 1191 2080 ι
1201 2055 1248 2086 Τίς
1255 2055 1348 2090 ἕτερος
1357 2055 1526 2083 διασκεδάσει
1538 2057 1636 2091 σημεῖα
1646 2055 1879 2092 ἐγγαστριμύθων,
1886 2054 1924 2081 καὶ

1146 2101 1274 2136 μαντείας
1285 2101 1340 2128 ἀπὸ
1349 2101 1461 2137 καρδίας
1473 2110 1481 2134 ;
1491 2101 1671 2137 ἀποστρέφων
1688 2103 1834 2138 φρονίμους
1846 2103 1883 2131 είς
1895 2099 1924 2126 τὰ

1144 2146 1241 2180 ὀπίσω,
1253 2147 1301 2174 καὶ
1315 2147 1365 2182 τὴν
1377 2146 1474 2182 βουλὴν
1496 2147 1587 2174 αὐτῶν
1613 2147 1767 2183 μωραίνων,
1789 2148 1834 2174 καὶ
1852 2145 1924 2173 indm

307 2194 422 2227 faciens,
436 2197 463 2221 et
476 2197 599 2221 statuens
612 2193 722 2220 verbum
737 2192 813 2226 pueri
829 2191 870 2219 sui
883 2212 890 2223 ,
907 2196 934 2218 et
948 2191 1089 2219 consilium

1146 2191 1220 2227 ῥῆμα
1232 2191 1325 2224 παιδὸς
1332 2191 1426 2225 αὑτοῦ,
1441 2192 1488 2219 καὶ
1497 2191 1546 2228 τὴν
1556 2192 1652 2228 βουλὴν
1664 2192 1717 2219 τῶν
1722 2192 1844 2227 ἀγγέλων
1851 2189 1923 2218 αὐτοῦ

306 2240 463 2276 angelorum
484 2239 543 2274 ejus
565 2246 658 2266 verum
672 2238 776 2266 faciens
788 2258 796 2271 ,
813 2238 907 2266 dicens
921 2237 1070 2265 Jerusalem
1083 2257 1089 2268 ,

1144 2237 1298 2273 ἀληθεύων·
1318 2238 1332 2263 6
1348 2237 1435 2272 λέγων
1453 2239 1486 2274 τῇ
1508 2238 1693 2274 Ἰερουσαλὴμ,
1717 2238 1920 2273 Κατοικηθήσῃ.

307 2285 489 2317 llabitaberis,
503 2290 530 2312 ct
547 2285 661 2312 urbibus
675 2285 806 2317 Idumazze,
826 2284 1051 2315 lEdilicabimini,
1065 2289 1089 2310 et

1147 2284 1194 2310 καὶ
1214 2285 1274 2316 ταῖς
1307 2284 1400 2311 πόλεσι
1417 2285 1466 2320 τῆς
1487 2284 1649 2320 Ἰδουμαίας,
1666 2282 1921 2320 Οἰκοδομηθήσεσθε.

304 2335 413 2361 deserta
429 2331 489 2366 ejus
505 2332 718 2367 germiuabunt:
736 2331 829 2358 dicens
844 2332 942 2366 abysso
954 2350 961 2362 .
980 2330 1092 2357 Desola-

305 2379 380 2408 beris
391 2399 399 2412 ,
413 2383 441 2406 et
455 2378 566 2405 fiumina
583 2383 627 2404 tua
647 2378 795 2405 arefaciam
814 2386 821 2404 :
838 2378 933 2404 dicens
948 2377 1019 2412 Cyro
1031 2396 1039 2408 ,
1065 2381 1094 2403 ut

304 2426 403 2462 sapiat,
417 2430 445 2453 et
453 2433 548 2452 omnes
561 2425 715 2451 voluntates
731 2431 804 2451 meas
823 2423 921 2450 faciet:
937 2422 1030 2450 dicens
1045 2421 1092 2450 Je-

306 2471 424 2499 rusalem
439 2492 446 2505 ,
463 2470 656 2498 Edilicabcris
668 2491 676 2503 ,
688 2475 715 2497 et
730 2471 840 2496 domum
865 2474 989 2496 sanetam
1003 2476 1090 2495 nteant

304 2518 438 2546 fundabo.
471 2527 480 2544 ι
509 2517 572 2544 llaec
590 2518 672 2552 igitur
687 2516 723 2543 ita
738 2516 902 2543 constituam
917 2524 923 2541 :
941 2515 1015 2549 pueri
1029 2522 1094 2541 vero

306 2565 359 2592 mei
372 2564 466 2592 dilecti
482 2569 509 2590 et
522 2564 615 2595 electi,
629 2563 730 2590 Christi
749 2562 810 2589 dico
824 2562 888 2595 mei,
904 2562 1000 2592 dequo
1015 2568 1095 2595 supe-

306 2611 362 2638 rius
387 2609 590 2645 quamplurima
619 2610 692 2636 dicta
719 2614 804 2640 sunt,
829 2609 912 2634 verba
938 2607 1092 2638 stabilium;

306 2663 410 2683 necuou
424 2656 581 2690 angelorum
594 2655 664 2689 ejus,
683 2655 788 2682 scilicet
799 2654 998 2689 apostolorum,
1013 2653 1095 2680 disci-

305 2701 429 2737 pulorqu
444 2707 472 2729 et
490 2701 724 2736 evangelistarum
748 2701 861 2728 consilia
879 2708 941 2727 vera
959 2707 1019 2726 esse
1033 2708 1095 2734 pro-

305 2748 420 2775 curabo.
434 2748 490 2783 Ego
509 2755 585 2780 vero,
601 2748 648 2782 qui
664 2748 720 2775 haec
734 2748 858 2774 editurus
872 2755 944 2779 sum,
961 2746 1017 2780 jam
1031 2746 1095 2772 hinc

266 2794 269 2798 '
306 2794 424 2828 praedico
437 2798 465 2820 et
475 2793 604 2827 polliceor
614 2802 656 2821 me
664 2793 891 2828 liierosolyumm,
901 2797 961 2828 p0st
977 2794 1093 2826 primum

343 2885 364 2900 "
380 2884 479 2918 Epltcs.
496 2891 525 2916 ιι,
540 2884 585 2912 20.
625 2885 647 2899 7“
666 2884 744 2911 .Iuan.
761 2892 779 2916 ι,
797 2884 824 2910 3.
865 2883 886 2898 ⁷⁹
903 2882 972 2910 l‘sal.
991 2889 1052 2914 cut,
1066 2882 1095 2909 ‘2.

1147 2330 1194 2357 καὶ
1210 2330 1244 2356 τὰ
1263 2330 1354 2366 ἔρημα
1369 2331 1455 2365 αὐτῆς
1478 2330 1618 2357 ἀνατελεῖ·
1634 2332 1647 2357 ὁ
1661 2330 1747 2365 λέγων
1762 2331 1795 2366 τῇ
1812 2329 1922 2361 ἀϐύσσῳ.

1152 2376 1344 2412 Ἐρημωθήσῃ,
1356 2376 1402 2402 καὶ
1416 2377 1479 2408 τοὺς
1487 2376 1625 2412 ποταμούς
1638 2385 1684 2403 σου
1696 2377 1812 2411 ξηρανῶ·
1825 2377 1838 2402 6
1848 2375 1923 2407 λέγων

1147 2422 1231 2458 Κύρῳ
1246 2424 1365 2458 φρονεῖν,
1385 2424 1431 2449 καὶ
1440 2424 1529 2450 πάντα
1542 2423 1577 2449 τὰ
1594 2423 1735 2458 θελήματά
1749 2431 1800 2458 μου
1815 2421 1920 2456 ποιήσει’

1145 2469 1159 2494 ὀ
1179 2467 1265 2502 λέγων
1288 2467 1473 2503 Ἰερουσαλὴμ,
1488 2468 1709 2504 Οἰκοδομηθήσῃ,
1727 2468 1774 2494 καὶ
1794 2466 1838 2493 τὸν
1858 2463 1923 2492 οἶκον

1146 2514 1192 2540 τὸν
1209 2513 1286 2547 ἇγιόν
1304 2522 1354 2549 μου
1378 2513 1545 2549 θεμελιώσω.
1566 2523 1575 2539 ι
1598 2513 1691 2540 Ταῦτα
1711 2513 1762 2549 μὲν
1788 2511 1833 2540 οὖν
1859 2510 1922 2537 οὕτω

1147 2560 1326 2596 διαθήσομαι·
1356 2559 1403 2586 τοῦ
1431 2559 1460 2587 δὲ
1487 2559 1555 2595 ἐμοῦ
1585 2559 1680 2592 παιδὸς
1713 2557 1856 2594 ἀγαπητοῦ
1881 2554 1922 2582 καὶ

1148 2606 1287 2639 ἐκλεκτοῦ,
1299 2606 1371 2640 λέγω
1383 2606 1415 2642 δὴ
1431 2605 1478 2632 τοῦ
1489 2604 1607 2641 Χριστοῦ
1623 2615 1685 2641 μου,
1702 2606 1766 2641 περὶ
1781 2602 1811 2632 οὗ
1825 2603 1866 2630 διὰ
1876 2601 1921 2628 τῶν

1149 2652 1305 2689 ἔμπροσθεν
1320 2652 1434 2679 πλεῖστα
1452 2652 1502 2678 ὅσα
1519 2652 1641 2688 εἴρηται,
1660 2652 1784 2687 συστήσω
1798 2650 1831 2677 τὰ
1843 2650 1922 2685 ῥήμα-

1149 2708 1193 2731 τα,
1211 2699 1257 2726 καὶ
1276 2698 1331 2726 τῶν
1342 2697 1501 2733 ἀγγέλωνδὲ
1515 2697 1608 2729 αὐτοῦ,
1621 2698 1692 2732 λέγω
1708 2697 1740 2732 δὴ
1750 2696 1801 2723 τῶν
1815 2692 1921 2722 ἀποστό-

1148 2745 1202 2771 λων
1215 2744 1262 2771 καὶ
1274 2743 1402 2780 μαθητῶν
1415 2743 1462 2769 καὶ
1478 2742 1678 2777 εὐαγγελιστῶν
1694 2742 1743 2774 τὰς
1761 2740 1854 2776 βουλὰς
1878 2739 1921 2764 ἑπ-

1148 2790 1295 2826 αληθεῦσαι
1309 2790 1423 2825 ποιήσω.
1444 2789 1514 2824 Ἐγὼ
1525 2788 1554 2816 δὲ
1571 2788 1674 2824 μέλλων
1690 2787 1776 2814 ταῦτα
1790 2786 1872 2815 mnsit!
1885 2782 1921 2809 εν·
