  <div class='ocr_page' id='page_1' title='image "/cluster/home/n/w/nwhite01/storage/ocr_20150623/24/njp.32101077772513/212.png"; bbox 0 0 2061 3215; ppageno 0'>
   <div class='ocr_carea' id='block_1_1' title="bbox 155 197 208 226">
    <p class='ocr_par' dir='ltr' id='par_1_1' title="bbox 155 197 208 226">
     <span class='ocr_line' id='line_1_1' title="bbox 155 197 208 226; baseline 0.019 -1"><span class='ocrx_word' id='word_1_1' title='bbox 155 197 208 226; x_wconf 64' lang='grc'><strong>409</strong></span> 
     </span>
    </p>
   </div>
   <div class='ocr_carea' id='block_1_2' title="bbox 618 197 1313 226">
    <p class='ocr_par' dir='ltr' id='par_1_2' title="bbox 618 197 1313 226">
     <span class='ocr_line' id='line_1_2' title="bbox 618 197 1313 226; baseline -0.001 -1"><span class='ocrx_word' id='word_1_2' title='bbox 618 197 869 226; x_wconf 72' lang='lat' dir='ltr'><strong>COMMENTARIA</strong></span> <span class='ocrx_word' id='word_1_3' title='bbox 890 198 923 226; x_wconf 84' lang='lat' dir='ltr'><strong>IN</strong></span> <span class='ocrx_word' id='word_1_4' title='bbox 942 198 1070 226; x_wconf 72' lang='lat' dir='ltr'><strong>ISAIAM.</strong></span> <span class='ocrx_word' id='word_1_5' title='bbox 1085 212 1119 218; x_wconf 91' lang='lat'><strong>-—</strong></span> <span class='ocrx_word' id='word_1_6' title='bbox 1137 197 1214 226; x_wconf 73' lang='lat' dir='ltr'><strong>CAP.</strong></span> <span class='ocrx_word' id='word_1_7' title='bbox 1238 197 1313 224; x_wconf 75' lang='lat' dir='ltr'><strong>XLV.</strong></span> 
     </span>
    </p>
   </div>
   <div class='ocr_carea' id='block_1_3' title="bbox 1733 197 1786 225">
    <p class='ocr_par' dir='ltr' id='par_1_3' title="bbox 1733 197 1786 225">
     <span class='ocr_line' id='line_1_3' title="bbox 1733 197 1786 225; baseline 0.019 -1"><span class='ocrx_word' id='word_1_8' title='bbox 1733 197 1786 225; x_wconf 68' lang='grc'><strong>410</strong></span> 
     </span>
    </p>
   </div>
   <div class='ocr_carea' id='block_1_4' title="bbox 155 257 948 296">
    <p class='ocr_par' dir='ltr' id='par_1_4' title="bbox 155 257 946 296">
     <span class='ocr_line' id='line_1_4' title="bbox 155 257 946 296; baseline 0.004 -12"><span class='ocrx_word' id='word_1_9' title='bbox 155 257 250 284; x_wconf 72' lang='grc' dir='ltr'>τεῦθεν</span> <span class='ocrx_word' id='word_1_10' title='bbox 266 258 315 293; x_wconf 74' lang='grc' dir='ltr'><strong>ἤδη</strong></span> <span class='ocrx_word' id='word_1_11' title='bbox 337 258 461 294; x_wconf 80' lang='grc' dir='ltr'><strong>προλέγω</strong></span> <span class='ocrx_word' id='word_1_12' title='bbox 476 260 522 285; x_wconf 75' lang='grc' dir='ltr'>καὶ</span> <span class='ocrx_word' id='word_1_13' title='bbox 537 259 753 295; x_wconf 72' lang='grc' dir='ltr'>ἐπαγγέλλομαι,</span> <span class='ocrx_word' id='word_1_14' title='bbox 767 260 809 286; x_wconf 73' lang='grc' dir='ltr'>ὃτι</span> <span class='ocrx_word' id='word_1_15' title='bbox 827 261 877 296; x_wconf 81' lang='grc' dir='ltr'>τὴν</span> <span class='ocrx_word' id='word_1_16' title='bbox 895 261 946 287; x_wconf 86' lang='grc' dir='ltr'><strong>Ἱε-</strong></span> 
     </span>
    </p>
   </div>
   <div class='ocr_carea' id='block_1_5' title="bbox 999 257 1788 296">
    <p class='ocr_par' dir='ltr' id='par_1_5' title="bbox 999 259 1788 295">
     <span class='ocr_line' id='line_1_5' title="bbox 999 259 1788 295; baseline -0.003 -7"><span class='ocrx_word' id='word_1_17' title='bbox 999 260 1055 294; x_wconf 87' lang='lat' dir='ltr'><strong>ejus</strong></span> <span class='ocrx_word' id='word_1_18' title='bbox 1070 260 1207 288; x_wconf 82' lang='lat' dir='ltr'><strong>excidium</strong></span> <span class='ocrx_word' id='word_1_19' title='bbox 1223 268 1238 286; x_wconf 88' lang='lat' dir='ltr'><strong>a</strong></span> <span class='ocrx_word' id='word_1_20' title='bbox 1254 259 1410 295; x_wconf 75' lang='lat' dir='ltr'><strong>Babyloniis</strong></span> <span class='ocrx_word' id='word_1_21' title='bbox 1424 259 1527 285; x_wconf 86' lang='lat' dir='ltr'><strong>factum</strong></span> <span class='ocrx_word' id='word_1_22' title='bbox 1539 278 1546 290; x_wconf 93' lang='lat'><strong>,</strong></span> <span class='ocrx_word' id='word_1_23' title='bbox 1563 259 1745 285; x_wconf 80' lang='lat' dir='ltr'><strong>renovandam</strong></span> <span class='ocrx_word' id='word_1_24' title='bbox 1760 265 1788 286; x_wconf 87' lang='lat' dir='ltr'><strong>et</strong></span> 
     </span>
    </p>
   </div>
   <div class='ocr_carea' id='block_1_6' title="bbox 158 303 948 341">
    <p class='ocr_par' dir='ltr' id='par_1_6' title="bbox 158 303 948 341">
     <span class='ocr_line' id='line_1_6' title="bbox 158 303 948 341; baseline 0.004 -12"><span class='ocrx_word' id='word_1_25' title='bbox 158 303 300 340; x_wconf 74' lang='grc' dir='ltr'>ρουσαλὴμ.</span> <span class='ocrx_word' id='word_1_26' title='bbox 313 304 381 338; x_wconf 85' lang='grc' dir='ltr'>μετὰ</span> <span class='ocrx_word' id='word_1_27' title='bbox 396 303 445 339; x_wconf 81' lang='grc' dir='ltr'>τὴν</span> <span class='ocrx_word' id='word_1_28' title='bbox 462 303 575 340; x_wconf 72' lang='grc' dir='ltr'>πρώτην</span> <span class='ocrx_word' id='word_1_29' title='bbox 589 304 748 340; x_wconf 78' lang='grc' dir='ltr'><strong>καθαίρεσιν</strong></span> <span class='ocrx_word' id='word_1_30' title='bbox 761 305 809 341; x_wconf 86' lang='grc' dir='ltr'>τὴν</span> <span class='ocrx_word' id='word_1_31' title='bbox 826 306 878 332; x_wconf 74' lang='grc' dir='ltr'><strong>ὑπὸ</strong></span> <span class='ocrx_word' id='word_1_32' title='bbox 897 306 948 332; x_wconf 87' lang='grc' dir='ltr'><strong>Βα-</strong></span> 
     </span>
    </p>
   </div>
   <div class='ocr_carea' id='block_1_7' title="bbox 156 348 948 386">
    <p class='ocr_par' dir='ltr' id='par_1_7' title="bbox 156 348 948 386">
     <span class='ocr_line' id='line_1_7' title="bbox 156 348 948 386; baseline 0.004 -12"><span class='ocrx_word' id='word_1_33' title='bbox 156 348 297 375; x_wconf 76' lang='grc' dir='ltr'>ϐυλωνίων</span> <span class='ocrx_word' id='word_1_34' title='bbox 316 349 504 384; x_wconf 80' lang='grc' dir='ltr'><strong>γενησομένην</strong></span> <span class='ocrx_word' id='word_1_35' title='bbox 528 350 753 385; x_wconf 81' lang='grc' dir='ltr'>ἀνακαινισθῆναι</span> <span class='ocrx_word' id='word_1_36' title='bbox 776 352 893 386; x_wconf 79' lang='grc' dir='ltr'>ποιήσω,</span> <span class='ocrx_word' id='word_1_37' title='bbox 910 351 948 383; x_wconf 87' lang='grc' dir='ltr'>ὼς</span> 
     </span>
    </p>
   </div>
   <div class='ocr_carea' id='block_1_8' title="bbox 156 393 948 430">
    <p class='ocr_par' dir='ltr' id='par_1_8' title="bbox 156 393 948 430">
     <span class='ocr_line' id='line_1_8' title="bbox 156 393 948 430; baseline 0.005 -11"><span class='ocrx_word' id='word_1_38' title='bbox 156 393 203 420; x_wconf 78' lang='grc' dir='ltr'>καὶ</span> <span class='ocrx_word' id='word_1_39' title='bbox 219 393 269 424; x_wconf 80' lang='grc' dir='ltr'><strong>τὰς</strong></span> <span class='ocrx_word' id='word_1_40' title='bbox 277 393 327 427; x_wconf 82' lang='grc' dir='ltr'>τῆς</span> <span class='ocrx_word' id='word_1_41' title='bbox 346 393 473 425; x_wconf 79' lang='grc' dir='ltr'><strong>Ἰουδαίας</strong></span> <span class='ocrx_word' id='word_1_42' title='bbox 489 394 582 426; x_wconf 85' lang='grc' dir='ltr'>πόλεις</span> <span class='ocrx_word' id='word_1_43' title='bbox 593 395 800 430; x_wconf 77' lang='grc' dir='ltr'>κατοικηθῆναι,</span> <span class='ocrx_word' id='word_1_44' title='bbox 817 396 863 422; x_wconf 75' lang='grc' dir='ltr'>καὶ</span> <span class='ocrx_word' id='word_1_45' title='bbox 875 396 909 422; x_wconf 81' lang='grc' dir='ltr'>τὰ</span> <span class='ocrx_word' id='word_1_46' title='bbox 919 397 948 423; x_wconf 74' lang='grc' dir='ltr'>ἐν</span> 
     </span>
    </p>
   </div>
   <div class='ocr_carea' id='block_1_9' title="bbox 155 439 948 477">
    <p class='ocr_par' dir='ltr' id='par_1_9' title="bbox 155 439 948 477">
     <span class='ocr_line' id='line_1_9' title="bbox 155 439 948 477; baseline 0.005 -13"><span class='ocrx_word' id='word_1_47' title='bbox 155 439 251 470; x_wconf 72' lang='grc' dir='ltr'>αὐταῖς</span> <span class='ocrx_word' id='word_1_48' title='bbox 264 439 356 474; x_wconf 72' lang='grc' dir='ltr'>ἔρημα</span> <span class='ocrx_word' id='word_1_49' title='bbox 375 439 456 466; x_wconf 77' lang='grc' dir='ltr'>πάλιν</span> <span class='ocrx_word' id='word_1_50' title='bbox 467 439 505 472; x_wconf 85' lang='grc' dir='ltr'><strong>ὡς</strong></span> <span class='ocrx_word' id='word_1_51' title='bbox 515 439 549 467; x_wconf 78' lang='grc' dir='ltr'><strong>τὰ</strong></span> <span class='ocrx_word' id='word_1_52' title='bbox 559 440 698 476; x_wconf 81' lang='grc' dir='ltr'>ἀπ’ἅρχῆς</span> <span class='ocrx_word' id='word_1_53' title='bbox 712 442 851 477; x_wconf 82' lang='grc' dir='ltr'>συστῆναι.</span> <span class='ocrx_word' id='word_1_54' title='bbox 869 441 948 468; x_wconf 80' lang='grc' dir='ltr'>Ἀλλὰ</span> 
     </span>
    </p>
   </div>
   <div class='ocr_carea' id='block_1_10' title="bbox 157 485 949 523">
    <p class='ocr_par' dir='ltr' id='par_1_10' title="bbox 157 485 949 523">
     <span class='ocr_line' id='line_1_10' title="bbox 157 485 949 523; baseline 0.004 -12"><span class='ocrx_word' id='word_1_55' title='bbox 157 485 204 512; x_wconf 82' lang='grc' dir='ltr'>καὶ</span> <span class='ocrx_word' id='word_1_56' title='bbox 222 485 272 521; x_wconf 80' lang='grc' dir='ltr'>τὴν</span> <span class='ocrx_word' id='word_1_57' title='bbox 287 485 443 518; x_wconf 59' lang='grc' dir='ltr'>πολυθεὴν,</span> <span class='ocrx_word' id='word_1_58' title='bbox 460 486 509 521; x_wconf 85' lang='grc' dir='ltr'>τῆς</span> <span class='ocrx_word' id='word_1_59' title='bbox 529 486 629 518; x_wconf 78' lang='grc' dir='ltr'>κακίας</span> <span class='ocrx_word' id='word_1_60' title='bbox 646 487 763 514; x_wconf 70' lang='grc' dir='ltr'>ἄϐυσσον</span> <span class='ocrx_word' id='word_1_61' title='bbox 780 487 949 523; x_wconf 79' lang='grc' dir='ltr'>ὀνομαζομέ-</span> 
     </span>
    </p>
   </div>
   <div class='ocr_carea' id='block_1_11' title="bbox 155 532 948 569">
    <p class='ocr_par' dir='ltr' id='par_1_11' title="bbox 155 532 948 569">
     <span class='ocr_line' id='line_1_11' title="bbox 155 532 948 569; baseline 0.004 -12"><span class='ocrx_word' id='word_1_62' title='bbox 155 540 215 567; x_wconf 88' lang='grc' dir='ltr'>νην,</span> <span class='ocrx_word' id='word_1_63' title='bbox 235 532 338 567; x_wconf 78' lang='grc' dir='ltr'>ἔρημον</span> <span class='ocrx_word' id='word_1_64' title='bbox 351 533 524 567; x_wconf 81' lang='grc' dir='ltr'>καταστήσω.</span> <span class='ocrx_word' id='word_1_65' title='bbox 543 532 589 558; x_wconf 79' lang='grc' dir='ltr'>καὶ</span> <span class='ocrx_word' id='word_1_66' title='bbox 602 533 665 564; x_wconf 85' lang='grc' dir='ltr'>τοὺς</span> <span class='ocrx_word' id='word_1_67' title='bbox 681 534 820 569; x_wconf 74' lang='grc' dir='ltr'>ποταμοὺς</span> <span class='ocrx_word' id='word_1_68' title='bbox 838 535 887 569; x_wconf 84' lang='grc' dir='ltr'>τῆς</span> <span class='ocrx_word' id='word_1_69' title='bbox 900 543 948 560; x_wconf 89' lang='grc' dir='ltr'>πο-</span> 
     </span>
    </p>
   </div>
   <div class='ocr_carea' id='block_1_12' title="bbox 156 577 948 616">
    <p class='ocr_par' dir='ltr' id='par_1_12' title="bbox 156 577 948 616">
     <span class='ocr_line' id='line_1_12' title="bbox 156 577 948 616; baseline 0.003 -12"><span class='ocrx_word' id='word_1_70' title='bbox 156 577 266 609; x_wconf 81' lang='grc' dir='ltr'>λυθεῖας</span> <span class='ocrx_word' id='word_1_71' title='bbox 289 577 344 604; x_wconf 82' lang='grc' dir='ltr'>τῶν</span> <span class='ocrx_word' id='word_1_72' title='bbox 360 577 497 612; x_wconf 84' lang='grc' dir='ltr'>πολεμίων</span> <span class='ocrx_word' id='word_1_73' title='bbox 523 577 701 614; x_wconf 70' lang='grc' dir='ltr'>ἀποξηρανῶ·</span> <span class='ocrx_word' id='word_1_74' title='bbox 717 580 754 611; x_wconf 82' lang='grc' dir='ltr'>ὡς</span> <span class='ocrx_word' id='word_1_75' title='bbox 784 580 881 615; x_wconf 82' lang='grc' dir='ltr'><strong>μηκέτι</strong></span> <span class='ocrx_word' id='word_1_76' title='bbox 898 580 948 616; x_wconf 86' lang='grc' dir='ltr'>τὴν</span> 
     </span>
    </p>
   </div>
   <div class='ocr_carea' id='block_1_13' title="bbox 157 622 947 661">
    <p class='ocr_par' dir='ltr' id='par_1_13' title="bbox 157 622 947 661">
     <span class='ocr_line' id='line_1_13' title="bbox 157 622 947 661; baseline 0.005 -12"><span class='ocrx_word' id='word_1_77' title='bbox 157 622 305 650; x_wconf 79' lang='grc' dir='ltr'>Βαϐυλῶνα</span> <span class='ocrx_word' id='word_1_78' title='bbox 319 622 461 658; x_wconf 79' lang='grc' dir='ltr'><strong>συστῆναι,</strong></span> <span class='ocrx_word' id='word_1_79' title='bbox 479 623 547 658; x_wconf 83' lang='grc' dir='ltr'>μήτε</span> <span class='ocrx_word' id='word_1_80' title='bbox 561 624 623 656; x_wconf 79' lang='grc' dir='ltr'>τοὺς</span> <span class='ocrx_word' id='word_1_81' title='bbox 635 626 773 659; x_wconf 82' lang='grc' dir='ltr'>ποταμοὺς</span> <span class='ocrx_word' id='word_1_82' title='bbox 785 626 869 661; x_wconf 75' lang='grc' dir='ltr'>αὐτῆς</span> <span class='ocrx_word' id='word_1_83' title='bbox 885 626 947 658; x_wconf 83' lang='grc' dir='ltr'>τοὺς</span> 
     </span>
    </p>
   </div>
   <div class='ocr_carea' id='block_1_14' title="bbox 157 669 947 707">
    <p class='ocr_par' dir='ltr' id='par_1_14' title="bbox 157 669 947 707">
     <span class='ocr_line' id='line_1_14' title="bbox 157 669 947 707; baseline 0.005 -12"><span class='ocrx_word' id='word_1_84' title='bbox 157 669 244 696; x_wconf 80' lang='grc' dir='ltr'>πολλὰ</span> <span class='ocrx_word' id='word_1_85' title='bbox 254 669 451 704; x_wconf 83' lang='grc' dir='ltr'>δεδυνημένους</span> <span class='ocrx_word' id='word_1_86' title='bbox 467 670 496 695; x_wconf 83' lang='grc' dir='ltr'>ὲν</span> <span class='ocrx_word' id='word_1_87' title='bbox 519 669 650 704; x_wconf 84' lang='grc' dir='ltr'><strong>πλήθεσιν</strong></span> <span class='ocrx_word' id='word_1_88' title='bbox 667 671 796 707; x_wconf 80' lang='grc' dir='ltr'>ἰσχυροῖς.</span> <span class='ocrx_word' id='word_1_89' title='bbox 811 672 903 699; x_wconf 77' lang='grc' dir='ltr'>Ταῦτα</span> <span class='ocrx_word' id='word_1_90' title='bbox 919 673 947 699; x_wconf 82' lang='grc' dir='ltr'>δὲ</span> 
     </span>
    </p>
   </div>
   <div class='ocr_carea' id='block_1_15' title="bbox 157 715 946 753">
    <p class='ocr_par' dir='ltr' id='par_1_15' title="bbox 157 715 946 753">
     <span class='ocr_line' id='line_1_15' title="bbox 157 715 946 753; baseline 0.001 -10"><span class='ocrx_word' id='word_1_91' title='bbox 157 715 247 743; x_wconf 79' lang='grc' dir='ltr'>πάντα</span> <span class='ocrx_word' id='word_1_92' title='bbox 255 716 361 750; x_wconf 77' lang='grc' dir='ltr'>ποιήσω</span> <span class='ocrx_word' id='word_1_93' title='bbox 378 715 491 750; x_wconf 77' lang='grc' dir='ltr'>διακόνῳ</span> <span class='ocrx_word' id='word_1_94' title='bbox 499 716 670 751; x_wconf 83' lang='grc' dir='ltr'>χρησάμενος</span> <span class='ocrx_word' id='word_1_95' title='bbox 682 716 759 752; x_wconf 79' lang='grc' dir='ltr'>ἀνδρὶ</span> <span class='ocrx_word' id='word_1_96' title='bbox 776 717 822 743; x_wconf 76' lang='grc' dir='ltr'>τοῦ</span> <span class='ocrx_word' id='word_1_97' title='bbox 835 718 946 753; x_wconf 78' lang='grc' dir='ltr'>Περσῶν</span> 
     </span>
    </p>
   </div>
   <div class='ocr_carea' id='block_1_16' title="bbox 155 761 947 799">
    <p class='ocr_par' dir='ltr' id='par_1_16' title="bbox 155 761 947 799">
     <span class='ocr_line' id='line_1_16' title="bbox 155 761 947 799; baseline 0.003 -11"><span class='ocrx_word' id='word_1_98' title='bbox 155 762 251 796; x_wconf 79' lang='grc' dir='ltr'>γένους</span> <span class='ocrx_word' id='word_1_99' title='bbox 260 761 462 797; x_wconf 73' lang='grc' dir='ltr'>βεϐασιλευκότι</span> <span class='ocrx_word' id='word_1_100' title='bbox 472 761 582 796; x_wconf 83' lang='grc' dir='ltr'>πρώτῳ.</span> <span class='ocrx_word' id='word_1_101' title='bbox 597 761 662 788; x_wconf 79' lang='grc' dir='ltr'>Εἰδὲ</span> <span class='ocrx_word' id='word_1_102' title='bbox 675 762 727 798; x_wconf 77' lang='grc' dir='ltr'>χρὴ</span> <span class='ocrx_word' id='word_1_103' title='bbox 738 763 784 789; x_wconf 65' lang='grc' dir='ltr'><strong>καὶ</strong></span> <span class='ocrx_word' id='word_1_104' title='bbox 794 764 837 790; x_wconf 75' lang='grc' dir='ltr'><strong>ἐπ’</strong></span> <span class='ocrx_word' id='word_1_105' title='bbox 848 764 947 799; x_wconf 75' lang='grc' dir='ltr'>ὀνόμα-</span> 
     </span>
    </p>
   </div>
   <div class='ocr_carea' id='block_1_17' title="bbox 155 806 946 843">
    <p class='ocr_par' dir='ltr' id='par_1_17' title="bbox 155 806 946 843">
     <span class='ocr_line' id='line_1_17' title="bbox 155 806 946 843; baseline 0.001 -9"><span class='ocrx_word' id='word_1_106' title='bbox 155 815 201 839; x_wconf 82' lang='grc' dir='ltr'><strong>τος</strong></span> <span class='ocrx_word' id='word_1_107' title='bbox 208 806 396 842; x_wconf 81' lang='grc' dir='ltr'><strong>προφητεῦσαι</strong></span> <span class='ocrx_word' id='word_1_108' title='bbox 407 806 500 832; x_wconf 82' lang='grc' dir='ltr'>τούτου</span> <span class='ocrx_word' id='word_1_109' title='bbox 506 807 555 842; x_wconf 87' lang='grc' dir='ltr'>τὴν</span> <span class='ocrx_word' id='word_1_110' title='bbox 562 808 757 842; x_wconf 85' lang='grc' dir='ltr'>προσηγορίαν,</span> <span class='ocrx_word' id='word_1_111' title='bbox 766 808 806 834; x_wconf 82' lang='grc' dir='ltr'>Κῦ</span> <span class='ocrx_word' id='word_1_112' title='bbox 811 816 855 842; x_wconf 84' lang='grc' dir='ltr'><strong>ρος</strong></span> <span class='ocrx_word' id='word_1_113' title='bbox 862 808 905 834; x_wconf 72' lang='grc' dir='ltr'>ὅνο</span> <span class='ocrx_word' id='word_1_114' title='bbox 909 817 946 843; x_wconf 84' lang='grc' dir='ltr'><strong>μα</strong></span> 
     </span>
    </p>
   </div>
   <div class='ocr_carea' id='block_1_18' title="bbox 154 853 946 890">
    <p class='ocr_par' dir='ltr' id='par_1_18' title="bbox 154 853 946 890">
     <span class='ocr_line' id='line_1_18' title="bbox 154 853 946 890; baseline 0.003 -10"><span class='ocrx_word' id='word_1_115' title='bbox 154 854 195 889; x_wconf 84' lang='grc' dir='ltr'><strong>τῷ</strong></span> <span class='ocrx_word' id='word_1_116' title='bbox 216 853 416 888; x_wconf 77' lang='grc' dir='ltr'>θεσπιζομένῳ,</span> <span class='ocrx_word' id='word_1_117' title='bbox 437 853 467 879; x_wconf 76' lang='grc' dir='ltr'>ὃν</span> <span class='ocrx_word' id='word_1_118' title='bbox 489 855 678 889; x_wconf 74' lang='grc' dir='ltr'>προστήσομαι</span> <span class='ocrx_word' id='word_1_119' title='bbox 700 854 753 880; x_wconf 83' lang='grc' dir='ltr'>τῶν</span> <span class='ocrx_word' id='word_1_120' title='bbox 771 855 844 890; x_wconf 80' lang='grc' dir='ltr'>ἐμῶν</span> <span class='ocrx_word' id='word_1_121' title='bbox 859 855 946 889; x_wconf 79' lang='grc' dir='ltr'>λόγων</span> 
     </span>
    </p>
   </div>
   <div class='ocr_carea' id='block_1_19' title="bbox 156 897 946 934">
    <p class='ocr_par' dir='ltr' id='par_1_19' title="bbox 156 897 946 934">
     <span class='ocr_line' id='line_1_19' title="bbox 156 897 946 934; baseline 0.003 -10"><span class='ocrx_word' id='word_1_122' title='bbox 156 897 308 932; x_wconf 77' lang='grc' dir='ltr'>ὑπηρέτην,</span> <span class='ocrx_word' id='word_1_123' title='bbox 326 897 456 932; x_wconf 80' lang='grc' dir='ltr'>φρόνησιν</span> <span class='ocrx_word' id='word_1_124' title='bbox 478 897 552 932; x_wconf 87' lang='grc' dir='ltr'><strong>αὑτῷ</strong></span> <span class='ocrx_word' id='word_1_125' title='bbox 571 898 762 933; x_wconf 82' lang='grc' dir='ltr'>δωρησάμενος</span> <span class='ocrx_word' id='word_1_126' title='bbox 785 899 893 934; x_wconf 75' lang='grc' dir='ltr'>εὐσεϐῆ,</span> <span class='ocrx_word' id='word_1_127' title='bbox 908 900 946 932; x_wconf 84' lang='grc' dir='ltr'>ὡς</span> 
     </span>
    </p>
   </div>
   <div class='ocr_carea' id='block_1_20' title="bbox 998 303 1788 338">
    <p class='ocr_par' dir='ltr' id='par_1_20' title="bbox 998 303 1788 338">
     <span class='ocr_line' id='line_1_20' title="bbox 998 303 1788 338; baseline -0.003 -4"><span class='ocrx_word' id='word_1_128' title='bbox 998 306 1207 334; x_wconf 87' lang='lat' dir='ltr'><strong>restaurandam</strong></span> <span class='ocrx_word' id='word_1_129' title='bbox 1233 309 1392 333; x_wconf 87' lang='lat' dir='ltr'><strong>curaturum</strong></span> <span class='ocrx_word' id='word_1_130' title='bbox 1407 312 1490 338; x_wconf 83' lang='lat' dir='ltr'><strong>esse;</strong></span> <span class='ocrx_word' id='word_1_131' title='bbox 1510 305 1548 331; x_wconf 91' lang='lat' dir='ltr'><strong>ita</strong></span> <span class='ocrx_word' id='word_1_132' title='bbox 1572 309 1599 331; x_wconf 92' lang='lat' dir='ltr'><strong>ut</strong></span> <span class='ocrx_word' id='word_1_133' title='bbox 1625 303 1726 332; x_wconf 66' lang='lat' dir='ltr'><strong>ludam</strong></span> <span class='ocrx_word' id='word_1_134' title='bbox 1741 313 1788 332; x_wconf 90' lang='lat' dir='ltr'><strong>ur-</strong></span> 
     </span>
    </p>
   </div>
   <div class='ocr_carea' id='block_1_21' title="bbox 998 351 1787 386">
    <p class='ocr_par' dir='ltr' id='par_1_21' title="bbox 998 351 1787 386">
     <span class='ocr_line' id='line_1_21' title="bbox 998 351 1787 386; baseline -0.001 -7"><span class='ocrx_word' id='word_1_135' title='bbox 998 353 1045 380; x_wconf 88' lang='lat' dir='ltr'><strong>bes</strong></span> <span class='ocrx_word' id='word_1_136' title='bbox 1059 352 1224 384; x_wconf 86' lang='lat' dir='ltr'><strong>incolantnr,</strong></span> <span class='ocrx_word' id='word_1_137' title='bbox 1239 356 1266 379; x_wconf 87' lang='lat' dir='ltr'><strong>et</strong></span> <span class='ocrx_word' id='word_1_138' title='bbox 1279 359 1341 386; x_wconf 66' lang='lat' dir='ltr'><strong>quae</strong></span> <span class='ocrx_word' id='word_1_139' title='bbox 1358 351 1384 378; x_wconf 91' lang='lat' dir='ltr'><strong>in</strong></span> <span class='ocrx_word' id='word_1_140' title='bbox 1402 351 1456 378; x_wconf 84' lang='lat' dir='ltr'><strong>illis</strong></span> <span class='ocrx_word' id='word_1_141' title='bbox 1473 351 1581 378; x_wconf 85' lang='lat' dir='ltr'><strong>deserta</strong></span> <span class='ocrx_word' id='word_1_142' title='bbox 1596 351 1716 385; x_wconf 76' lang='lat' dir='ltr'><strong>fuerant,</strong></span> <span class='ocrx_word' id='word_1_143' title='bbox 1736 352 1787 378; x_wconf 87' lang='lat' dir='ltr'><strong>ite-</strong></span> 
     </span>
    </p>
   </div>
   <div class='ocr_carea' id='block_1_22' title="bbox 998 397 1786 433">
    <p class='ocr_par' dir='ltr' id='par_1_22' title="bbox 998 397 1786 433">
     <span class='ocr_line' id='line_1_22' title="bbox 998 397 1786 433; baseline -0.004 -7"><span class='ocrx_word' id='word_1_144' title='bbox 998 407 1056 426; x_wconf 90' lang='lat' dir='ltr'><strong>rum</strong></span> <span class='ocrx_word' id='word_1_145' title='bbox 1079 403 1108 426; x_wconf 91' lang='lat' dir='ltr'><strong>ut</strong></span> <span class='ocrx_word' id='word_1_146' title='bbox 1134 407 1148 426; x_wconf 88' lang='lat' dir='ltr'><strong>a</strong></span> <span class='ocrx_word' id='word_1_147' title='bbox 1176 398 1312 433; x_wconf 90' lang='lat' dir='ltr'><strong>principio</strong></span> <span class='ocrx_word' id='word_1_148' title='bbox 1327 397 1518 425; x_wconf 78' lang='lat' dir='ltr'><strong>constituenda</strong></span> <span class='ocrx_word' id='word_1_149' title='bbox 1536 397 1602 424; x_wconf 89' lang='lat' dir='ltr'><strong>sint.</strong></span> <span class='ocrx_word' id='word_1_150' title='bbox 1616 397 1686 430; x_wconf 82' lang='lat' dir='ltr'><strong>Quin</strong></span> <span class='ocrx_word' id='word_1_151' title='bbox 1704 397 1786 424; x_wconf 87' lang='lat' dir='ltr'><strong>etiam</strong></span> 
     </span>
    </p>
   </div>
   <div class='ocr_carea' id='block_1_23' title="bbox 998 443 1788 480">
    <p class='ocr_par' dir='ltr' id='par_1_23' title="bbox 998 443 1788 480">
     <span class='ocr_line' id='line_1_23' title="bbox 998 443 1788 480; baseline -0.004 -8"><span class='ocrx_word' id='word_1_152' title='bbox 998 446 1108 472; x_wconf 87' lang='lat' dir='ltr'><strong>deorum</strong></span> <span class='ocrx_word' id='word_1_153' title='bbox 1130 444 1358 480; x_wconf 87' lang='lat' dir='ltr'><strong>multiplicitatem</strong></span> <span class='ocrx_word' id='word_1_154' title='bbox 1370 464 1377 477; x_wconf 98' lang='lat'><strong>,</strong></span> <span class='ocrx_word' id='word_1_155' title='bbox 1391 451 1451 479; x_wconf 68' lang='lat' dir='ltr'><strong>qtae</strong></span> <span class='ocrx_word' id='word_1_156' title='bbox 1474 444 1587 479; x_wconf 80' lang='lat' dir='ltr'><strong>abyssus</strong></span> <span class='ocrx_word' id='word_1_157' title='bbox 1603 443 1713 471; x_wconf 57' lang='lat' dir='ltr'><strong>malitiae</strong></span> <span class='ocrx_word' id='word_1_158' title='bbox 1740 451 1788 469; x_wconf 80' lang='lat' dir='ltr'><strong>vo-</strong></span> 
     </span>
    </p>
   </div>
   <div class='ocr_carea' id='block_1_24' title="bbox 997 488 1787 524">
    <p class='ocr_par' dir='ltr' id='par_1_24' title="bbox 997 488 1787 524">
     <span class='ocr_line' id='line_1_24' title="bbox 997 488 1787 524; baseline -0.003 -6"><span class='ocrx_word' id='word_1_159' title='bbox 997 490 1236 524; x_wconf 72' lang='lat' dir='ltr'><strong>calur,dosertam</strong></span> <span class='ocrx_word' id='word_1_160' title='bbox 1259 489 1369 522; x_wconf 89' lang='lat' dir='ltr'><strong>faciam,</strong></span> <span class='ocrx_word' id='word_1_161' title='bbox 1396 498 1428 517; x_wconf 87' lang='lat' dir='ltr'><strong>ac</strong></span> <span class='ocrx_word' id='word_1_162' title='bbox 1459 488 1572 516; x_wconf 84' lang='lat' dir='ltr'><strong>ﬂumina</strong></span> <span class='ocrx_word' id='word_1_163' title='bbox 1601 489 1787 524; x_wconf 78' lang='lat' dir='ltr'><strong>ntttltiplicita—</strong></span> 
     </span>
    </p>
   </div>
   <div class='ocr_carea' id='block_1_25' title="bbox 998 536 1786 571">
    <p class='ocr_par' dir='ltr' id='par_1_25' title="bbox 998 536 1786 571">
     <span class='ocr_line' id='line_1_25' title="bbox 998 536 1786 571; baseline -0.001 -8"><span class='ocrx_word' id='word_1_164' title='bbox 998 538 1032 565; x_wconf 85' lang='lat' dir='ltr'><strong>tis</strong></span> <span class='ocrx_word' id='word_1_165' title='bbox 1048 538 1160 564; x_wconf 88' lang='lat' dir='ltr'><strong>deorum</strong></span> <span class='ocrx_word' id='word_1_166' title='bbox 1175 557 1183 569; x_wconf 93' lang='lat'><strong>,</strong></span> <span class='ocrx_word' id='word_1_167' title='bbox 1206 544 1266 571; x_wconf 78' lang='lat' dir='ltr'><strong>qua:</strong></span> <span class='ocrx_word' id='word_1_168' title='bbox 1289 543 1372 570; x_wconf 84' lang='lat' dir='ltr'><strong>penes</strong></span> <span class='ocrx_word' id='word_1_169' title='bbox 1392 536 1518 563; x_wconf 83' lang='lat' dir='ltr'><strong>inimicos</strong></span> <span class='ocrx_word' id='word_1_170' title='bbox 1532 540 1594 570; x_wconf 82' lang='lat' dir='ltr'><strong>est,</strong></span> <span class='ocrx_word' id='word_1_171' title='bbox 1616 536 1786 568; x_wconf 77' lang='lat' dir='ltr'><strong>arefaciam;</strong></span> 
     </span>
    </p>
   </div>
   <div class='ocr_carea' id='block_1_26' title="bbox 997 581 1787 618">
    <p class='ocr_par' dir='ltr' id='par_1_26' title="bbox 997 581 1787 618">
     <span class='ocr_line' id='line_1_26' title="bbox 997 581 1787 618; baseline -0.003 -8"><span class='ocrx_word' id='word_1_172' title='bbox 997 583 1033 610; x_wconf 81' lang='lat' dir='ltr'><strong>ita</strong></span> <span class='ocrx_word' id='word_1_173' title='bbox 1048 588 1077 610; x_wconf 93' lang='lat' dir='ltr'><strong>ut</strong></span> <span class='ocrx_word' id='word_1_174' title='bbox 1093 582 1212 618; x_wconf 75' lang='lat' dir='ltr'><strong>Babylon</strong></span> <span class='ocrx_word' id='word_1_175' title='bbox 1230 590 1283 609; x_wconf 90' lang='lat' dir='ltr'><strong>non</strong></span> <span class='ocrx_word' id='word_1_176' title='bbox 1301 581 1371 609; x_wconf 83' lang='lat' dir='ltr'><strong>ultra</strong></span> <span class='ocrx_word' id='word_1_177' title='bbox 1398 582 1541 614; x_wconf 85' lang='lat' dir='ltr'><strong>consistat,</strong></span> <span class='ocrx_word' id='word_1_178' title='bbox 1563 582 1609 609; x_wconf 87' lang='lat' dir='ltr'><strong>sed</strong></span> <span class='ocrx_word' id='word_1_179' title='bbox 1626 590 1715 617; x_wconf 85' lang='lat' dir='ltr'><strong>neque</strong></span> <span class='ocrx_word' id='word_1_180' title='bbox 1736 582 1787 608; x_wconf 83' lang='lat' dir='ltr'><strong>llu-</strong></span> 
     </span>
    </p>
   </div>
   <div class='ocr_carea' id='block_1_27' title="bbox 997 628 1787 661">
    <p class='ocr_par' dir='ltr' id='par_1_27' title="bbox 997 628 1787 661">
     <span class='ocr_line' id='line_1_27' title="bbox 997 628 1787 661; baseline 0 -6"><span class='ocrx_word' id='word_1_181' title='bbox 997 629 1069 656; x_wconf 83' lang='lat' dir='ltr'><strong>mina</strong></span> <span class='ocrx_word' id='word_1_182' title='bbox 1088 628 1148 661; x_wconf 82' lang='lat' dir='ltr'><strong>ejus</strong></span> <span class='ocrx_word' id='word_1_183' title='bbox 1160 648 1168 660; x_wconf 94' lang='lat'><strong>,</strong></span> <span class='ocrx_word' id='word_1_184' title='bbox 1193 628 1217 655; x_wconf 98' lang='lat' dir='ltr'><strong>vi</strong></span> <span class='ocrx_word' id='word_1_185' title='bbox 1235 628 1416 655; x_wconf 89' lang='lat' dir='ltr'><strong>multitudinis</strong></span> <span class='ocrx_word' id='word_1_186' title='bbox 1431 628 1546 655; x_wconf 88' lang='lat' dir='ltr'><strong>multum</strong></span> <span class='ocrx_word' id='word_1_187' title='bbox 1565 628 1691 655; x_wconf 81' lang='lat' dir='ltr'><strong>valentia.</strong></span> <span class='ocrx_word' id='word_1_188' title='bbox 1725 628 1787 656; x_wconf 69' lang='lat' dir='ltr'><strong>llaec</strong></span> 
     </span>
    </p>
   </div>
   <div class='ocr_carea' id='block_1_28' title="bbox 996 673 1788 709">
    <p class='ocr_par' dir='ltr' id='par_1_28' title="bbox 996 673 1788 709">
     <span class='ocr_line' id='line_1_28' title="bbox 996 673 1788 709; baseline 0 -8"><span class='ocrx_word' id='word_1_189' title='bbox 996 682 1079 709; x_wconf 87' lang='lat' dir='ltr'><strong>porro</strong></span> <span class='ocrx_word' id='word_1_190' title='bbox 1093 675 1185 702; x_wconf 84' lang='lat' dir='ltr'><strong>omnia</strong></span> <span class='ocrx_word' id='word_1_191' title='bbox 1203 682 1332 709; x_wconf 75' lang='lat' dir='ltr'><strong>peragam</strong></span> <span class='ocrx_word' id='word_1_192' title='bbox 1351 674 1478 701; x_wconf 90' lang='lat' dir='ltr'><strong>ministro</strong></span> <span class='ocrx_word' id='word_1_193' title='bbox 1493 678 1572 701; x_wconf 81' lang='lat' dir='ltr'><strong>utens</strong></span> <span class='ocrx_word' id='word_1_194' title='bbox 1586 673 1657 706; x_wconf 85' lang='lat' dir='ltr'><strong>viro,</strong></span> <span class='ocrx_word' id='word_1_195' title='bbox 1670 674 1717 709; x_wconf 91' lang='lat' dir='ltr'><strong>qui</strong></span> <span class='ocrx_word' id='word_1_196' title='bbox 1731 674 1788 708; x_wconf 90' lang='lat' dir='ltr'><strong>pri-</strong></span> 
     </span>
    </p>
   </div>
   <div class='ocr_carea' id='block_1_29' title="bbox 997 720 1786 755">
    <p class='ocr_par' dir='ltr' id='par_1_29' title="bbox 997 720 1786 755">
     <span class='ocr_line' id='line_1_29' title="bbox 997 720 1786 755; baseline 0.003 -8"><span class='ocrx_word' id='word_1_197' title='bbox 997 728 1056 747; x_wconf 90' lang='lat' dir='ltr'><strong>ums</strong></span> <span class='ocrx_word' id='word_1_198' title='bbox 1079 720 1222 748; x_wconf 83' lang='lat' dir='ltr'><strong>Persarum</strong></span> <span class='ocrx_word' id='word_1_199' title='bbox 1238 728 1285 748; x_wconf 82' lang='lat' dir='ltr'><strong>rex</strong></span> <span class='ocrx_word' id='word_1_200' title='bbox 1301 720 1363 747; x_wconf 85' lang='lat' dir='ltr'><strong>erit.</strong></span> <span class='ocrx_word' id='word_1_201' title='bbox 1381 720 1457 753; x_wconf 84' lang='lat' dir='ltr'><strong>Quod</strong></span> <span class='ocrx_word' id='word_1_202' title='bbox 1483 720 1506 748; x_wconf 89' lang='lat' dir='ltr'><strong>si</strong></span> <span class='ocrx_word' id='word_1_203' title='bbox 1531 727 1599 755; x_wconf 89' lang='lat' dir='ltr'><strong>opus</strong></span> <span class='ocrx_word' id='word_1_204' title='bbox 1624 721 1662 748; x_wconf 86' lang='lat' dir='ltr'><strong>sit</strong></span> <span class='ocrx_word' id='word_1_205' title='bbox 1687 728 1786 749; x_wconf 85' lang='lat' dir='ltr'><strong>nomen</strong></span> 
     </span>
    </p>
   </div>
   <div class='ocr_carea' id='block_1_30' title="bbox 996 766 1785 802">
    <p class='ocr_par' dir='ltr' id='par_1_30' title="bbox 996 766 1785 802">
     <span class='ocr_line' id='line_1_30' title="bbox 996 766 1785 802; baseline 0.001 -8"><span class='ocrx_word' id='word_1_206' title='bbox 996 767 1054 800; x_wconf 84' lang='lat' dir='ltr'><strong>ejus</strong></span> <span class='ocrx_word' id='word_1_207' title='bbox 1068 767 1223 802; x_wconf 73' lang='lat' dir='ltr'><strong>prophetiae</strong></span> <span class='ocrx_word' id='word_1_208' title='bbox 1248 766 1405 800; x_wconf 75' lang='lat' dir='ltr'><strong>significare</strong></span> <span class='ocrx_word' id='word_1_209' title='bbox 1418 786 1426 799; x_wconf 89' lang='lat'><strong>,</strong></span> <span class='ocrx_word' id='word_1_210' title='bbox 1449 766 1535 802; x_wconf 84' lang='lat' dir='ltr'><strong>Cyrus</strong></span> <span class='ocrx_word' id='word_1_211' title='bbox 1551 766 1730 801; x_wconf 77' lang='lat' dir='ltr'><strong>appellabitur</strong></span> <span class='ocrx_word' id='word_1_212' title='bbox 1753 767 1785 799; x_wconf 81' lang='lat' dir='ltr'><strong>is,</strong></span> 
     </span>
    </p>
   </div>
   <div class='ocr_carea' id='block_1_31' title="bbox 996 812 1787 847">
    <p class='ocr_par' dir='ltr' id='par_1_31' title="bbox 996 812 1787 847">
     <span class='ocr_line' id='line_1_31' title="bbox 996 812 1787 847; baseline 0.001 -7"><span class='ocrx_word' id='word_1_213' title='bbox 996 813 1042 847; x_wconf 91' lang='lat' dir='ltr'><strong>qui</strong></span> <span class='ocrx_word' id='word_1_214' title='bbox 1069 813 1096 840; x_wconf 91' lang='lat' dir='ltr'><strong>itt</strong></span> <span class='ocrx_word' id='word_1_215' title='bbox 1121 812 1250 840; x_wconf 90' lang='lat' dir='ltr'><strong>vaticinio</strong></span> <span class='ocrx_word' id='word_1_216' title='bbox 1275 812 1373 844; x_wconf 86' lang='lat' dir='ltr'><strong>fertur,</strong></span> <span class='ocrx_word' id='word_1_217' title='bbox 1389 820 1470 847; x_wconf 87' lang='lat' dir='ltr'><strong>quem</strong></span> <span class='ocrx_word' id='word_1_218' title='bbox 1491 813 1638 840; x_wconf 82' lang='lat' dir='ltr'><strong>verborum</strong></span> <span class='ocrx_word' id='word_1_219' title='bbox 1663 821 1787 842; x_wconf 87' lang='lat' dir='ltr'><strong>meorum</strong></span> 
     </span>
    </p>
   </div>
   <div class='ocr_carea' id='block_1_32' title="bbox 997 858 1788 894">
    <p class='ocr_par' dir='ltr' id='par_1_32' title="bbox 997 858 1788 894">
     <span class='ocr_line' id='line_1_32' title="bbox 997 858 1788 894; baseline 0 -8"><span class='ocrx_word' id='word_1_220' title='bbox 997 860 1152 886; x_wconf 81' lang='lat' dir='ltr'><strong>ministrum</strong></span> <span class='ocrx_word' id='word_1_221' title='bbox 1168 859 1332 887; x_wconf 87' lang='lat' dir='ltr'><strong>constituatn</strong></span> <span class='ocrx_word' id='word_1_222' title='bbox 1348 867 1355 892; x_wconf 86' lang='lat'><strong>;</strong></span> <span class='ocrx_word' id='word_1_223' title='bbox 1370 859 1442 894; x_wconf 86' lang='lat' dir='ltr'><strong>piam</strong></span> <span class='ocrx_word' id='word_1_224' title='bbox 1456 858 1507 893; x_wconf 87' lang='lat' dir='ltr'><strong>ipsi</strong></span> <span class='ocrx_word' id='word_1_225' title='bbox 1530 864 1646 886; x_wconf 82' lang='lat' dir='ltr'><strong>mentem</strong></span> <span class='ocrx_word' id='word_1_226' title='bbox 1670 859 1766 886; x_wconf 86' lang='lat' dir='ltr'><strong>indens</strong></span> <span class='ocrx_word' id='word_1_227' title='bbox 1780 880 1788 892; x_wconf 90' lang='lat'><strong>,</strong></span> 
     </span>
    </p>
   </div>
   <div class='ocr_carea' id='block_1_33' title="bbox 997 905 1786 940">
    <p class='ocr_par' dir='ltr' id='par_1_33' title="bbox 997 905 1786 940">
     <span class='ocr_line' id='line_1_33' title="bbox 997 905 1786 940; baseline 0 -8"><span class='ocrx_word' id='word_1_228' title='bbox 997 910 1026 933; x_wconf 92' lang='lat' dir='ltr'><strong>ut</strong></span> <span class='ocrx_word' id='word_1_229' title='bbox 1043 906 1108 932; x_wconf 87' lang='lat' dir='ltr'><strong>mihi</strong></span> <span class='ocrx_word' id='word_1_230' title='bbox 1127 905 1226 940; x_wconf 89' lang='lat' dir='ltr'><strong>placita</strong></span> <span class='ocrx_word' id='word_1_231' title='bbox 1255 905 1346 932; x_wconf 86' lang='lat' dir='ltr'><strong>omnia</strong></span> <span class='ocrx_word' id='word_1_232' title='bbox 1372 910 1551 940; x_wconf 81' lang='lat' dir='ltr'><strong>exsequatur.</strong></span> <span class='ocrx_word' id='word_1_233' title='bbox 1577 913 1610 932; x_wconf 90' lang='lat' dir='ltr'><strong>ac</strong></span> <span class='ocrx_word' id='word_1_234' title='bbox 1635 905 1786 933; x_wconf 81' lang='lat' dir='ltr'><strong>Jerusalem</strong></span> 
     </span>
    </p>
   </div>
   <div class='ocr_carea' id='block_1_34' title="bbox 157 937 948 987">
    <p class='ocr_par' dir='ltr' id='par_1_34' title="bbox 157 943 944 982">
     <span class='ocr_line' id='line_1_34' title="bbox 157 943 944 982; baseline 0.004 -13"><span class='ocrx_word' id='word_1_235' title='bbox 157 943 248 970; x_wconf 84' lang='grc' dir='ltr'>πάντα</span> <span class='ocrx_word' id='word_1_236' title='bbox 262 943 298 969; x_wconf 80' lang='grc' dir='ltr'>τὰ</span> <span class='ocrx_word' id='word_1_237' title='bbox 309 943 467 978; x_wconf 86' lang='grc' dir='ltr'>καταθύμιά</span> <span class='ocrx_word' id='word_1_238' title='bbox 484 952 529 979; x_wconf 88' lang='grc' dir='ltr'><strong>μοι</strong></span> <span class='ocrx_word' id='word_1_239' title='bbox 544 944 656 978; x_wconf 82' lang='grc' dir='ltr'>ποιῆσαι</span> <span class='ocrx_word' id='word_1_240' title='bbox 669 944 716 971; x_wconf 78' lang='grc' dir='ltr'>καὶ</span> <span class='ocrx_word' id='word_1_241' title='bbox 730 945 879 978; x_wconf 77' lang='grc' dir='ltr'>προστάξαι</span> <span class='ocrx_word' id='word_1_242' title='bbox 896 946 944 982; x_wconf 78' lang='grc' dir='ltr'>τὴν</span> 
     </span>
    </p>
   </div>
   <div class='ocr_carea' id='block_1_35' title="bbox 999 937 1789 987">
    <p class='ocr_par' dir='ltr' id='par_1_35' title="bbox 999 937 1789 987">
     <span class='ocr_line' id='line_1_35' title="bbox 999 937 1789 987; baseline 0.003 -9"><span class='ocrx_word' id='word_1_243' title='bbox 999 951 1085 984; x_wconf 82' lang='lat' dir='ltr'><strong>iubeat</strong></span> <span class='ocrx_word' id='word_1_244' title='bbox 1110 937 1244 985; x_wconf 61' lang='lat' dir='ltr'><strong>ercitari,</strong></span> <span class='ocrx_word' id='word_1_245' title='bbox 1272 937 1459 987; x_wconf 68' lang='lat' dir='ltr'><strong>templumque</strong></span> <span class='ocrx_word' id='word_1_246' title='bbox 1483 951 1542 986; x_wconf 92' lang='lat' dir='ltr'><strong>cjus</strong></span> <span class='ocrx_word' id='word_1_247' title='bbox 1566 960 1581 979; x_wconf 85' lang='lat' dir='ltr'><strong>a</strong></span> <span class='ocrx_word' id='word_1_248' title='bbox 1604 951 1789 981; x_wconf 80' lang='lat' dir='ltr'><strong>fundamentis</strong></span> 
     </span>
    </p>
   </div>
   <div class='ocr_carea' id='block_1_36' title="bbox 163 987 944 1027">
    <p class='ocr_par' dir='ltr' id='par_1_36' title="bbox 163 987 944 1027">
     <span class='ocr_line' id='line_1_36' title="bbox 163 987 944 1027; baseline 0.005 -13"><span class='ocrx_word' id='word_1_249' title='bbox 163 987 339 1023; x_wconf 78' lang='grc' dir='ltr'>Ἰερουσαλὴμ</span> <span class='ocrx_word' id='word_1_250' title='bbox 347 988 567 1023; x_wconf 71' lang='grc' dir='ltr'>οἰκοδομηθῆναι,</span> <span class='ocrx_word' id='word_1_251' title='bbox 584 990 630 1015; x_wconf 79' lang='grc' dir='ltr'>καὶ</span> <span class='ocrx_word' id='word_1_252' title='bbox 645 990 690 1015; x_wconf 82' lang='grc' dir='ltr'><strong>τὸν</strong></span> <span class='ocrx_word' id='word_1_253' title='bbox 703 989 770 1016; x_wconf 83' lang='grc' dir='ltr'>νεὼν</span> <span class='ocrx_word' id='word_1_254' title='bbox 783 990 828 1017; x_wconf 86' lang='grc' dir='ltr'>τὸν</span> <span class='ocrx_word' id='word_1_255' title='bbox 837 992 866 1017; x_wconf 81' lang='grc' dir='ltr'>ὲν</span> <span class='ocrx_word' id='word_1_256' title='bbox 876 992 944 1027; x_wconf 84' lang='grc' dir='ltr'>αὐτῇ</span> 
     </span>
    </p>
   </div>
   <div class='ocr_carea' id='block_1_37' title="bbox 158 1033 366 1069">
    <p class='ocr_par' dir='ltr' id='par_1_37' title="bbox 158 1033 366 1069">
     <span class='ocr_line' id='line_1_37' title="bbox 158 1033 366 1069; baseline 0.005 -9"><span class='ocrx_word' id='word_1_257' title='bbox 158 1033 354 1069; x_wconf 82' lang='grc' dir='ltr'>θεμελιωθῆναι</span> <span class='ocrx_word' id='word_1_258' title='bbox 359 1054 366 1061; x_wconf 95' lang='grc'><em>.</em></span> 
     </span>
    </p>
   </div>
   <div class='ocr_carea' id='block_1_38' title="bbox 406 1069 689 1097">
    <p class='ocr_par' dir='ltr' id='par_1_38' title="bbox 406 1069 689 1097">
     <span class='ocr_line' id='line_1_38' title="bbox 406 1069 689 1097; baseline 0.004 -1"><span class='ocrx_word' id='word_1_259' title='bbox 406 1069 603 1096; x_wconf 79' lang='grc' dir='ltr'><strong>ΚΕΦΑΛΑΙΟΝ</strong></span> <span class='ocrx_word' id='word_1_260' title='bbox 623 1071 689 1097; x_wconf 84' lang='lat' dir='ltr'><strong>ME’.</strong></span> 
     </span>
    </p>
   </div>
   <div class='ocr_carea' id='block_1_39' title="bbox 196 1114 946 1153">
    <p class='ocr_par' dir='ltr' id='par_1_39' title="bbox 196 1114 946 1153">
     <span class='ocr_line' id='line_1_39' title="bbox 196 1114 946 1153; baseline 0.007 -13"><span class='ocrx_word' id='word_1_261' title='bbox 196 1124 205 1140; x_wconf 84' lang='grc' dir='ltr'><strong>ι</strong></span> <span class='ocrx_word' id='word_1_262' title='bbox 223 1114 301 1141; x_wconf 76' lang='grc' dir='ltr'>Οὕτω</span> <span class='ocrx_word' id='word_1_263' title='bbox 314 1114 387 1149; x_wconf 81' lang='grc' dir='ltr'>λέγει</span> <span class='ocrx_word' id='word_1_264' title='bbox 402 1116 504 1151; x_wconf 84' lang='grc' dir='ltr'>Κύριος</span> <span class='ocrx_word' id='word_1_265' title='bbox 517 1117 531 1142; x_wconf 84' lang='grc' dir='ltr'>ὁ</span> <span class='ocrx_word' id='word_1_266' title='bbox 547 1116 612 1148; x_wconf 83' lang='grc' dir='ltr'><strong>Θεὸς</strong></span> <span class='ocrx_word' id='word_1_267' title='bbox 635 1116 674 1151; x_wconf 86' lang='grc' dir='ltr'>τῷ</span> <span class='ocrx_word' id='word_1_268' title='bbox 698 1117 800 1153; x_wconf 84' lang='grc' dir='ltr'>χριστῷ</span> <span class='ocrx_word' id='word_1_269' title='bbox 817 1126 868 1153; x_wconf 89' lang='grc' dir='ltr'><strong>μου</strong></span> <span class='ocrx_word' id='word_1_270' title='bbox 890 1118 946 1144; x_wconf 79' lang='grc' dir='ltr'><strong>Κύ-</strong></span> 
     </span>
    </p>
   </div>
   <div class='ocr_carea' id='block_1_40' title="bbox 159 1157 945 1200">
    <p class='ocr_par' dir='ltr' id='par_1_40' title="bbox 159 1157 945 1200">
     <span class='ocr_line' id='line_1_40' title="bbox 159 1157 945 1200; baseline 0.005 -14"><span class='ocrx_word' id='word_1_271' title='bbox 159 1168 209 1197; x_wconf 81' lang='grc' dir='ltr'><strong>ρῳ,</strong></span> <span class='ocrx_word' id='word_1_272' title='bbox 233 1157 264 1186; x_wconf 77' lang='grc' dir='ltr'>οὗ</span> <span class='ocrx_word' id='word_1_273' title='bbox 287 1161 427 1196; x_wconf 78' lang='grc' dir='ltr'>ἐκράτησα</span> <span class='ocrx_word' id='word_1_274' title='bbox 445 1162 495 1197; x_wconf 84' lang='grc' dir='ltr'>τῆς</span> <span class='ocrx_word' id='word_1_275' title='bbox 518 1162 607 1195; x_wconf 79' lang='grc' dir='ltr'>δεξιᾶς</span> <span class='ocrx_word' id='word_1_276' title='bbox 626 1163 777 1190; x_wconf 77' lang='grc' dir='ltr'>ἐπακοῦσαι</span> <span class='ocrx_word' id='word_1_277' title='bbox 792 1163 945 1200; x_wconf 74' lang='grc' dir='ltr'>ἔμπροσθεν</span> 
     </span>
    </p>
   </div>
   <div class='ocr_carea' id='block_1_41' title="bbox 158 1206 946 1246">
    <p class='ocr_par' dir='ltr' id='par_1_41' title="bbox 158 1206 946 1246">
     <span class='ocr_line' id='line_1_41' title="bbox 158 1206 946 1246; baseline 0.005 -13"><span class='ocrx_word' id='word_1_278' title='bbox 158 1206 240 1234; x_wconf 78' lang='grc' dir='ltr'>αὐτοῦ</span> <span class='ocrx_word' id='word_1_279' title='bbox 256 1207 331 1243; x_wconf 76' lang='grc' dir='ltr'>ἔθνη,</span> <span class='ocrx_word' id='word_1_280' title='bbox 357 1208 404 1235; x_wconf 78' lang='grc' dir='ltr'>καὶ</span> <span class='ocrx_word' id='word_1_281' title='bbox 423 1209 499 1243; x_wconf 73' lang='grc' dir='ltr'>ἰσχὺν</span> <span class='ocrx_word' id='word_1_282' title='bbox 514 1209 646 1244; x_wconf 85' lang='grc' dir='ltr'>βασιλέων</span> <span class='ocrx_word' id='word_1_283' title='bbox 660 1209 806 1246; x_wconf 81' lang='grc' dir='ltr'>διαρρήξω.</span> <span class='ocrx_word' id='word_1_284' title='bbox 835 1210 946 1243; x_wconf 76' lang='grc' dir='ltr'>’Δνοίξω</span> 
     </span>
    </p>
   </div>
   <div class='ocr_carea' id='block_1_42' title="bbox 158 1253 947 1290">
    <p class='ocr_par' dir='ltr' id='par_1_42' title="bbox 158 1253 947 1290">
     <span class='ocr_line' id='line_1_42' title="bbox 158 1253 947 1290; baseline 0.004 -10"><span class='ocrx_word' id='word_1_285' title='bbox 158 1253 312 1290; x_wconf 76' lang='grc' dir='ltr'>ἔμπροσθεν</span> <span class='ocrx_word' id='word_1_286' title='bbox 325 1253 407 1280; x_wconf 78' lang='grc' dir='ltr'>αὐτοῦ</span> <span class='ocrx_word' id='word_1_287' title='bbox 421 1254 516 1290; x_wconf 83' lang='grc' dir='ltr'>θύρας,</span> <span class='ocrx_word' id='word_1_288' title='bbox 539 1256 585 1281; x_wconf 72' lang='grc' dir='ltr'><strong>καὶ</strong></span> <span class='ocrx_word' id='word_1_289' title='bbox 607 1255 699 1287; x_wconf 78' lang='grc' dir='ltr'>πόλεις</span> <span class='ocrx_word' id='word_1_290' title='bbox 722 1256 752 1282; x_wconf 77' lang='grc' dir='ltr'>οὐ</span> <span class='ocrx_word' id='word_1_291' title='bbox 778 1257 947 1290; x_wconf 85' lang='grc' dir='ltr'>συγκλείσον-</span> 
     </span>
    </p>
   </div>
   <div class='ocr_carea' id='block_1_43' title="bbox 160 1299 946 1338">
    <p class='ocr_par' dir='ltr' id='par_1_43' title="bbox 160 1299 946 1338">
     <span class='ocr_line' id='line_1_43' title="bbox 160 1299 946 1338; baseline 0.004 -13"><span class='ocrx_word' id='word_1_292' title='bbox 160 1308 214 1326; x_wconf 86' lang='grc' dir='ltr'>ται.</span> <span class='ocrx_word' id='word_1_293' title='bbox 236 1309 246 1325; x_wconf 74' lang='grc' dir='ltr'><strong>ι</strong></span> <span class='ocrx_word' id='word_1_294' title='bbox 272 1299 386 1333; x_wconf 84' lang='grc' dir='ltr'>Ἀγαθὸν</span> <span class='ocrx_word' id='word_1_295' title='bbox 405 1300 433 1326; x_wconf 82' lang='grc' dir='ltr'>δὲ</span> <span class='ocrx_word' id='word_1_296' title='bbox 453 1300 592 1336; x_wconf 76' lang='grc' dir='ltr'>ὑπηρέτην</span> <span class='ocrx_word' id='word_1_297' title='bbox 606 1301 655 1336; x_wconf 82' lang='grc' dir='ltr'>τῆς</span> <span class='ocrx_word' id='word_1_298' title='bbox 670 1301 739 1336; x_wconf 78' lang='grc' dir='ltr'>ἐμῆς</span> <span class='ocrx_word' id='word_1_299' title='bbox 758 1300 853 1337; x_wconf 84' lang='grc' dir='ltr'>βουλῆς</span> <span class='ocrx_word' id='word_1_300' title='bbox 867 1299 946 1338; x_wconf 77' lang='grc' dir='ltr'>εὗρον</span> 
     </span>
    </p>
   </div>
   <div class='ocr_carea' id='block_1_44' title="bbox 158 1345 947 1384">
    <p class='ocr_par' dir='ltr' id='par_1_44' title="bbox 158 1345 947 1384">
     <span class='ocr_line' id='line_1_44' title="bbox 158 1345 947 1384; baseline 0.004 -12"><span class='ocrx_word' id='word_1_301' title='bbox 158 1346 203 1372; x_wconf 79' lang='grc' dir='ltr'>τὸν</span> <span class='ocrx_word' id='word_1_302' title='bbox 215 1345 420 1381; x_wconf 77' lang='grc' dir='ltr'>προδηλιοθέντα</span> <span class='ocrx_word' id='word_1_303' title='bbox 431 1347 524 1383; x_wconf 82' lang='grc' dir='ltr'>ἄνδρα·</span> <span class='ocrx_word' id='word_1_304' title='bbox 537 1347 661 1374; x_wconf 75' lang='grc' dir='ltr'>ἐντεῦθεν</span> <span class='ocrx_word' id='word_1_305' title='bbox 678 1348 728 1383; x_wconf 79' lang='grc' dir='ltr'>ἤδη</span> <span class='ocrx_word' id='word_1_306' title='bbox 743 1348 947 1384; x_wconf 75' lang='grc' dir='ltr'>ἐπαγγέλλομαι</span> 
     </span>
    </p>
   </div>
   <div class='ocr_carea' id='block_1_45' title="bbox 158 1390 948 1430">
    <p class='ocr_par' dir='ltr' id='par_1_45' title="bbox 158 1390 948 1430">
     <span class='ocr_line' id='line_1_45' title="bbox 158 1390 948 1430; baseline 0.005 -14"><span class='ocrx_word' id='word_1_307' title='bbox 158 1390 305 1425; x_wconf 80' lang='grc' dir='ltr'>κρατήσειν</span> <span class='ocrx_word' id='word_1_308' title='bbox 324 1390 406 1418; x_wconf 75' lang='grc' dir='ltr'>αὑτοῦ</span> <span class='ocrx_word' id='word_1_309' title='bbox 424 1391 474 1426; x_wconf 86' lang='grc' dir='ltr'>τῆς</span> <span class='ocrx_word' id='word_1_310' title='bbox 493 1391 591 1423; x_wconf 79' lang='grc' dir='ltr'>δεξιᾶς,</span> <span class='ocrx_word' id='word_1_311' title='bbox 610 1392 678 1427; x_wconf 80' lang='grc' dir='ltr'>πρὸς</span> <span class='ocrx_word' id='word_1_312' title='bbox 699 1392 729 1419; x_wconf 82' lang='grc' dir='ltr'><strong>τὸ</strong></span> <span class='ocrx_word' id='word_1_313' title='bbox 750 1392 787 1428; x_wconf 80' lang='grc' dir='ltr'>μὴ</span> <span class='ocrx_word' id='word_1_314' title='bbox 811 1394 948 1430; x_wconf 86' lang='grc' dir='ltr'>παρατρέ-</span> 
     </span>
    </p>
   </div>
   <div class='ocr_carea' id='block_1_46' title="bbox 157 1434 947 1473">
    <p class='ocr_par' dir='ltr' id='par_1_46' title="bbox 157 1434 947 1473">
     <span class='ocr_line' id='line_1_46' title="bbox 157 1434 947 1473; baseline 0.006 -12"><span class='ocrx_word' id='word_1_315' title='bbox 157 1434 267 1467; x_wconf 82' lang='grc' dir='ltr'>πεσθαι,</span> <span class='ocrx_word' id='word_1_316' title='bbox 283 1435 350 1470; x_wconf 81' lang='grc' dir='ltr'>μηδὲ</span> <span class='ocrx_word' id='word_1_317' title='bbox 368 1435 493 1462; x_wconf 81' lang='grc' dir='ltr'>νικᾶσθαι</span> <span class='ocrx_word' id='word_1_318' title='bbox 517 1436 569 1462; x_wconf 83' lang='grc' dir='ltr'>ὑπό</span> <span class='ocrx_word' id='word_1_319' title='bbox 589 1445 662 1468; x_wconf 86' lang='grc' dir='ltr'>τινος</span> <span class='ocrx_word' id='word_1_320' title='bbox 685 1437 849 1473; x_wconf 83' lang='grc' dir='ltr'>κρείττονος.</span> <span class='ocrx_word' id='word_1_321' title='bbox 866 1439 947 1466; x_wconf 88' lang='grc' dir='ltr'>Ὑπο-</span> 
     </span>
    </p>
   </div>
   <div class='ocr_carea' id='block_1_47' title="bbox 157 1481 947 1517">
    <p class='ocr_par' dir='ltr' id='par_1_47' title="bbox 157 1481 947 1517">
     <span class='ocr_line' id='line_1_47' title="bbox 157 1481 947 1517; baseline 0.004 -10"><span class='ocrx_word' id='word_1_322' title='bbox 157 1481 250 1507; x_wconf 83' lang='grc' dir='ltr'>τὰσσω</span> <span class='ocrx_word' id='word_1_323' title='bbox 266 1481 294 1508; x_wconf 82' lang='grc' dir='ltr'>δὲ</span> <span class='ocrx_word' id='word_1_324' title='bbox 313 1481 387 1517; x_wconf 76' lang='grc' dir='ltr'>αὐτῷ</span> <span class='ocrx_word' id='word_1_325' title='bbox 408 1481 520 1508; x_wconf 85' lang='grc' dir='ltr'>πλεῖστα</span> <span class='ocrx_word' id='word_1_326' title='bbox 549 1483 598 1508; x_wconf 86' lang='grc' dir='ltr'>ὅσα</span> <span class='ocrx_word' id='word_1_327' title='bbox 614 1483 643 1509; x_wconf 79' lang='grc' dir='ltr'>ἐν</span> <span class='ocrx_word' id='word_1_328' title='bbox 657 1484 715 1514; x_wconf 88' lang='grc' dir='ltr'>τοῖς</span> <span class='ocrx_word' id='word_1_329' title='bbox 740 1483 843 1516; x_wconf 86' lang='grc' dir='ltr'>λοιποῖς</span> <span class='ocrx_word' id='word_1_330' title='bbox 859 1483 947 1510; x_wconf 73' lang='grc' dir='ltr'>ἔθνεσι</span> 
     </span>
    </p>
   </div>
   <div class='ocr_carea' id='block_1_48' title="bbox 160 1527 948 1565">
    <p class='ocr_par' dir='ltr' id='par_1_48' title="bbox 160 1527 948 1565">
     <span class='ocr_line' id='line_1_48' title="bbox 160 1527 948 1565; baseline 0.004 -12"><span class='ocrx_word' id='word_1_331' title='bbox 160 1527 355 1561; x_wconf 84' lang='grc' dir='ltr'>βασιλευόντων</span> <span class='ocrx_word' id='word_1_332' title='bbox 367 1536 373 1542; x_wconf 94' lang='grc'><strong>·</strong></span> <span class='ocrx_word' id='word_1_333' title='bbox 386 1528 420 1555; x_wconf 83' lang='grc' dir='ltr'>δι’</span> <span class='ocrx_word' id='word_1_334' title='bbox 433 1527 550 1554; x_wconf 79' lang='grc' dir='ltr'>αὑτοῠδὲ</span> <span class='ocrx_word' id='word_1_335' title='bbox 560 1528 609 1563; x_wconf 84' lang='grc' dir='ltr'>τὴν</span> <span class='ocrx_word' id='word_1_336' title='bbox 624 1528 699 1563; x_wconf 71' lang='grc' dir='ltr'>ἰσχὺν</span> <span class='ocrx_word' id='word_1_337' title='bbox 707 1528 844 1565; x_wconf 50' lang='lat' dir='ltr'><strong>atumem</strong></span> <span class='ocrx_word' id='word_1_338' title='bbox 857 1529 948 1565; x_wconf 82' lang='grc' dir='ltr'>πάσης</span> 
     </span>
    </p>
   </div>
   <div class='ocr_carea' id='block_1_49' title="bbox 158 1573 947 1608">
    <p class='ocr_par' dir='ltr' id='par_1_49' title="bbox 158 1573 947 1608">
     <span class='ocr_line' id='line_1_49' title="bbox 158 1573 947 1608; baseline 0.005 -10"><span class='ocrx_word' id='word_1_339' title='bbox 158 1573 208 1608; x_wconf 86' lang='grc' dir='ltr'>τῆς</span> <span class='ocrx_word' id='word_1_340' title='bbox 222 1573 250 1599; x_wconf 83' lang='grc' dir='ltr'>ὲν</span> <span class='ocrx_word' id='word_1_341' title='bbox 266 1574 322 1604; x_wconf 82' lang='grc' dir='ltr'>τοῖς</span> <span class='ocrx_word' id='word_1_342' title='bbox 338 1573 440 1605; x_wconf 81' lang='grc' dir='ltr'>λοιποῖς</span> <span class='ocrx_word' id='word_1_343' title='bbox 451 1573 537 1600; x_wconf 76' lang='grc' dir='ltr'>ἔθνεσι</span> <span class='ocrx_word' id='word_1_344' title='bbox 551 1574 725 1605; x_wconf 81' lang='grc' dir='ltr'>δυναστείας·</span> <span class='ocrx_word' id='word_1_345' title='bbox 747 1574 834 1602; x_wconf 79' lang='grc' dir='ltr'>πάντα</span> <span class='ocrx_word' id='word_1_346' title='bbox 846 1574 874 1601; x_wconf 85' lang='grc' dir='ltr'>δὲ</span> <span class='ocrx_word' id='word_1_347' title='bbox 889 1575 947 1602; x_wconf 83' lang='grc' dir='ltr'>λεῖα</span> 
     </span>
    </p>
   </div>
   <div class='ocr_carea' id='block_1_50' title="bbox 159 1612 985 1658">
    <p class='ocr_par' dir='ltr' id='par_1_50' title="bbox 159 1612 985 1658">
     <span class='ocr_line' id='line_1_50' title="bbox 159 1612 985 1658; baseline 0.004 -13"><span class='ocrx_word' id='word_1_348' title='bbox 159 1619 205 1645; x_wconf 78' lang='grc' dir='ltr'>καὶ</span> <span class='ocrx_word' id='word_1_349' title='bbox 220 1619 308 1655; x_wconf 79' lang='grc' dir='ltr'>ὁμαλὰ</span> <span class='ocrx_word' id='word_1_350' title='bbox 322 1620 496 1655; x_wconf 80' lang='grc' dir='ltr'>καταστήσας</span> <span class='ocrx_word' id='word_1_351' title='bbox 513 1619 564 1655; x_wconf 80' lang='grc' dir='ltr'>πρὸ</span> <span class='ocrx_word' id='word_1_352' title='bbox 577 1619 631 1646; x_wconf 85' lang='grc' dir='ltr'>τῶν</span> <span class='ocrx_word' id='word_1_353' title='bbox 646 1620 727 1646; x_wconf 80' lang='grc' dir='ltr'>αὑτοῦ</span> <span class='ocrx_word' id='word_1_354' title='bbox 752 1621 849 1654; x_wconf 83' lang='grc' dir='ltr'>ποδῶν,</span> <span class='ocrx_word' id='word_1_355' title='bbox 866 1621 948 1658; x_wconf 82' lang='grc' dir='ltr'>θύρας</span> <span class='ocrx_word' id='word_1_356' title='bbox 963 1612 985 1642; x_wconf 77' lang='lat' dir='ltr'><strong>C</strong></span> 
     </span>
    </p>
   </div>
   <div class='ocr_carea' id='block_1_51' title="bbox 159 1664 949 1703">
    <p class='ocr_par' dir='ltr' id='par_1_51' title="bbox 159 1664 949 1703">
     <span class='ocr_line' id='line_1_51' title="bbox 159 1664 949 1703; baseline 0.004 -13"><span class='ocrx_word' id='word_1_357' title='bbox 159 1664 272 1697; x_wconf 81' lang='grc' dir='ltr'>πόλεων,</span> <span class='ocrx_word' id='word_1_358' title='bbox 290 1665 338 1691; x_wconf 78' lang='grc' dir='ltr'>καὶ</span> <span class='ocrx_word' id='word_1_359' title='bbox 347 1664 432 1697; x_wconf 80' lang='grc' dir='ltr'>αὑτὰς</span> <span class='ocrx_word' id='word_1_360' title='bbox 445 1664 508 1697; x_wconf 83' lang='grc' dir='ltr'>ὅλας</span> <span class='ocrx_word' id='word_1_361' title='bbox 523 1665 572 1697; x_wconf 79' lang='grc' dir='ltr'><strong>τὰς</strong></span> <span class='ocrx_word' id='word_1_362' title='bbox 586 1665 677 1698; x_wconf 83' lang='grc' dir='ltr'>πόλεις</span> <span class='ocrx_word' id='word_1_363' title='bbox 692 1666 864 1702; x_wconf 82' lang='grc' dir='ltr'>ὑποχειρίους</span> <span class='ocrx_word' id='word_1_364' title='bbox 875 1667 949 1703; x_wconf 79' lang='grc' dir='ltr'>αὐτῷ</span> 
     </span>
    </p>
   </div>
   <div class='ocr_carea' id='block_1_52' title="bbox 161 1709 911 1746">
    <p class='ocr_par' dir='ltr' id='par_1_52' title="bbox 161 1709 911 1746">
     <span class='ocr_line' id='line_1_52' title="bbox 161 1709 911 1746; baseline 0.001 -9"><span class='ocrx_word' id='word_1_365' title='bbox 161 1709 316 1746; x_wconf 82' lang='grc' dir='ltr'>παραδώσω</span> <span class='ocrx_word' id='word_1_366' title='bbox 325 1718 331 1725; x_wconf 91' lang='grc'><strong>·</strong></span> <span class='ocrx_word' id='word_1_367' title='bbox 349 1711 387 1742; x_wconf 83' lang='grc' dir='ltr'><strong>ὡς</strong></span> <span class='ocrx_word' id='word_1_368' title='bbox 399 1710 534 1746; x_wconf 85' lang='grc' dir='ltr'>μηδεμίαν</span> <span class='ocrx_word' id='word_1_369' title='bbox 547 1710 672 1737; x_wconf 72' lang='grc' dir='ltr'>ἐναντίαν</span> <span class='ocrx_word' id='word_1_370' title='bbox 683 1711 758 1746; x_wconf 81' lang='grc' dir='ltr'>αὐτῷ</span> <span class='ocrx_word' id='word_1_371' title='bbox 775 1712 911 1745; x_wconf 82' lang='grc' dir='ltr'>γενέσθαι.</span> 
     </span>
    </p>
   </div>
   <div class='ocr_carea' id='block_1_53' title="bbox 196 1765 950 1802">
    <p class='ocr_par' dir='ltr' id='par_1_53' title="bbox 196 1765 950 1802">
     <span class='ocr_line' id='line_1_53' title="bbox 196 1765 950 1802; baseline 0.001 -10"><span class='ocrx_word' id='word_1_372' title='bbox 196 1775 206 1791; x_wconf 76' lang='grc' dir='ltr'><strong>ι</strong></span> <span class='ocrx_word' id='word_1_373' title='bbox 223 1765 295 1800; x_wconf 82' lang='grc' dir='ltr'><strong>Ἐγὼ</strong></span> <span class='ocrx_word' id='word_1_374' title='bbox 310 1765 464 1801; x_wconf 69' lang='grc' dir='ltr'>ἔμπροσθέν</span> <span class='ocrx_word' id='word_1_375' title='bbox 478 1774 525 1792; x_wconf 83' lang='grc' dir='ltr'><strong>σου</strong></span> <span class='ocrx_word' id='word_1_376' title='bbox 547 1765 728 1801; x_wconf 78' lang='grc' dir='ltr'>πορεύσομαι,</span> <span class='ocrx_word' id='word_1_377' title='bbox 753 1766 799 1792; x_wconf 75' lang='grc' dir='ltr'>καὶ</span> <span class='ocrx_word' id='word_1_378' title='bbox 815 1765 869 1802; x_wconf 77' lang='grc' dir='ltr'>ὅρη</span> <span class='ocrx_word' id='word_1_379' title='bbox 885 1767 950 1802; x_wconf 81' lang='grc' dir='ltr'>ὁμα‹</span> 
     </span>
    </p>
   </div>
   <div class='ocr_carea' id='block_1_54' title="bbox 159 1811 950 1848">
    <p class='ocr_par' dir='ltr' id='par_1_54' title="bbox 159 1811 950 1848">
     <span class='ocr_line' id='line_1_54' title="bbox 159 1811 950 1848; baseline 0.003 -11"><span class='ocrx_word' id='word_1_380' title='bbox 159 1811 225 1838; x_wconf 84' lang='grc' dir='ltr'>λιῶ·</span> <span class='ocrx_word' id='word_1_381' title='bbox 242 1811 327 1847; x_wconf 78' lang='grc' dir='ltr'>θύρας</span> <span class='ocrx_word' id='word_1_382' title='bbox 346 1812 448 1846; x_wconf 83' lang='grc' dir='ltr'>χαλκᾶς</span> <span class='ocrx_word' id='word_1_383' title='bbox 465 1811 612 1847; x_wconf 74' lang='grc' dir='ltr'>συντρίψω,</span> <span class='ocrx_word' id='word_1_384' title='bbox 631 1812 678 1838; x_wconf 79' lang='grc' dir='ltr'>καὶ</span> <span class='ocrx_word' id='word_1_385' title='bbox 689 1811 804 1847; x_wconf 83' lang='grc' dir='ltr'>μοχλοὺς</span> <span class='ocrx_word' id='word_1_386' title='bbox 823 1812 950 1848; x_wconf 77' lang='grc' dir='ltr'>σιδηροῦς</span> 
     </span>
    </p>
   </div>
   <div class='ocr_carea' id='block_1_55' title="bbox 162 1855 950 1893">
    <p class='ocr_par' dir='ltr' id='par_1_55' title="bbox 162 1855 950 1893">
     <span class='ocr_line' id='line_1_55' title="bbox 162 1855 950 1893; baseline 0.003 -11"><span class='ocrx_word' id='word_1_387' title='bbox 162 1856 315 1890; x_wconf 75' lang='grc' dir='ltr'>συγκλάσω.</span> <span class='ocrx_word' id='word_1_388' title='bbox 338 1866 347 1882; x_wconf 73' lang='grc' dir='ltr'><strong>ι</strong></span> <span class='ocrx_word' id='word_1_389' title='bbox 362 1857 417 1884; x_wconf 79' lang='grc' dir='ltr'>Καὶ</span> <span class='ocrx_word' id='word_1_390' title='bbox 434 1858 505 1884; x_wconf 77' lang='grc' dir='ltr'>εἴποι</span> <span class='ocrx_word' id='word_1_391' title='bbox 525 1856 547 1883; x_wconf 78' lang='grc' dir='ltr'>δ’</span> <span class='ocrx_word' id='word_1_392' title='bbox 560 1855 593 1882; x_wconf 76' lang='grc' dir='ltr'>ἄν</span> <span class='ocrx_word' id='word_1_393' title='bbox 609 1865 651 1888; x_wconf 88' lang='grc' dir='ltr'><strong>τις</strong></span> <span class='ocrx_word' id='word_1_394' title='bbox 664 1857 697 1883; x_wconf 78' lang='grc' dir='ltr'><strong>τὰ</strong></span> <span class='ocrx_word' id='word_1_395' title='bbox 717 1856 788 1884; x_wconf 80' lang='grc' dir='ltr'>κατὰ</span> <span class='ocrx_word' id='word_1_396' title='bbox 800 1857 846 1884; x_wconf 85' lang='grc' dir='ltr'><strong>τὸν</strong></span> <span class='ocrx_word' id='word_1_397' title='bbox 868 1859 950 1893; x_wconf 88' lang='grc' dir='ltr'>Ζορο-</span> 
     </span>
    </p>
   </div>
   <div class='ocr_carea' id='block_1_56' title="bbox 161 1902 949 1940">
    <p class='ocr_par' dir='ltr' id='par_1_56' title="bbox 161 1902 949 1940">
     <span class='ocr_line' id='line_1_56' title="bbox 161 1902 949 1940; baseline 0.004 -12"><span class='ocrx_word' id='word_1_398' title='bbox 161 1902 255 1935; x_wconf 83' lang='grc' dir='ltr'>6ἀ6ελ,</span> <span class='ocrx_word' id='word_1_399' title='bbox 273 1902 289 1938; x_wconf 83' lang='grc' dir='ltr'><strong>ἢ</strong></span> <span class='ocrx_word' id='word_1_400' title='bbox 310 1903 381 1930; x_wconf 84' lang='grc' dir='ltr'>κατὰ</span> <span class='ocrx_word' id='word_1_401' title='bbox 402 1904 493 1939; x_wconf 80' lang='grc' dir='ltr'>Κῦρον</span> <span class='ocrx_word' id='word_1_402' title='bbox 516 1905 660 1940; x_wconf 87' lang='grc' dir='ltr'>ἱστορικῶς</span> <span class='ocrx_word' id='word_1_403' title='bbox 676 1905 820 1940; x_wconf 83' lang='grc' dir='ltr'>γενόμενα,</span> <span class='ocrx_word' id='word_1_404' title='bbox 842 1905 949 1936; x_wconf 84' lang='grc' dir='ltr'>εἰκόνας</span> 
     </span>
    </p>
   </div>
   <div class='ocr_carea' id='block_1_57' title="bbox 161 1948 949 1985">
    <p class='ocr_par' dir='ltr' id='par_1_57' title="bbox 161 1948 949 1985">
     <span class='ocr_line' id='line_1_57' title="bbox 161 1948 949 1985; baseline 0.001 -9"><span class='ocrx_word' id='word_1_405' title='bbox 161 1948 211 1976; x_wconf 81' lang='grc' dir='ltr'>καὶ</span> <span class='ocrx_word' id='word_1_406' title='bbox 224 1948 347 1984; x_wconf 78' lang='grc' dir='ltr'>σύμϐολα</span> <span class='ocrx_word' id='word_1_407' title='bbox 355 1949 491 1985; x_wconf 82' lang='grc' dir='ltr'>περιέχειν</span> <span class='ocrx_word' id='word_1_408' title='bbox 504 1950 553 1984; x_wconf 79' lang='grc' dir='ltr'>τῆς</span> <span class='ocrx_word' id='word_1_409' title='bbox 567 1949 696 1985; x_wconf 83' lang='grc' dir='ltr'>ἀληθείας</span> <span class='ocrx_word' id='word_1_410' title='bbox 705 1958 712 1965; x_wconf 88' lang='grc'><strong>·</strong></span> <span class='ocrx_word' id='word_1_411' title='bbox 728 1949 761 1976; x_wconf 84' lang='grc' dir='ltr'>τὰ</span> <span class='ocrx_word' id='word_1_412' title='bbox 775 1950 803 1976; x_wconf 77' lang='grc' dir='ltr'>δὲ</span> <span class='ocrx_word' id='word_1_413' title='bbox 820 1952 890 1976; x_wconf 85' lang='grc' dir='ltr'>κατὰ</span> <span class='ocrx_word' id='word_1_414' title='bbox 903 1951 949 1978; x_wconf 79' lang='grc' dir='ltr'>τὸν</span> 
     </span>
    </p>
   </div>
   <div class='ocr_carea' id='block_1_58' title="bbox 160 1993 949 2031">
    <p class='ocr_par' dir='ltr' id='par_1_58' title="bbox 160 1993 949 2031">
     <span class='ocr_line' id='line_1_58' title="bbox 160 1993 949 2031; baseline 0.001 -10"><span class='ocrx_word' id='word_1_415' title='bbox 160 1993 249 2029; x_wconf 72' lang='grc' dir='ltr'>ἀληθῆ</span> <span class='ocrx_word' id='word_1_416' title='bbox 265 1993 368 2030; x_wconf 81' lang='grc' dir='ltr'>Κύριον</span> <span class='ocrx_word' id='word_1_417' title='bbox 387 1995 569 2030; x_wconf 34' lang='grc' dir='ltr'>καὶμΧριστὸν</span> <span class='ocrx_word' id='word_1_418' title='bbox 591 1994 781 2030; x_wconf 82' lang='grc' dir='ltr'>πνευματικῶς</span> <span class='ocrx_word' id='word_1_419' title='bbox 803 1996 949 2031; x_wconf 86' lang='grc' dir='ltr'>πεπληρῶ-</span> 
     </span>
    </p>
   </div>
   <div class='ocr_carea' id='block_1_59' title="bbox 161 2040 949 2076">
    <p class='ocr_par' dir='ltr' id='par_1_59' title="bbox 161 2040 949 2076">
     <span class='ocr_line' id='line_1_59' title="bbox 161 2040 949 2076; baseline 0.003 -9"><span class='ocrx_word' id='word_1_420' title='bbox 161 2040 239 2067; x_wconf 81' lang='grc' dir='ltr'>σθαι’</span> <span class='ocrx_word' id='word_1_421' title='bbox 254 2040 292 2072; x_wconf 86' lang='grc' dir='ltr'><strong>ὡς</strong></span> <span class='ocrx_word' id='word_1_422' title='bbox 307 2041 351 2067; x_wconf 74' lang='grc' dir='ltr'><strong>ἐπ’</strong></span> <span class='ocrx_word' id='word_1_423' title='bbox 368 2041 449 2067; x_wconf 79' lang='grc' dir='ltr'>αὐτὸν</span> <span class='ocrx_word' id='word_1_424' title='bbox 469 2040 568 2076; x_wconf 79' lang='grc' dir='ltr'>μᾶλλον</span> <span class='ocrx_word' id='word_1_425' title='bbox 589 2040 731 2076; x_wconf 82' lang='grc' dir='ltr'>ἀληθεύειν</span> <span class='ocrx_word' id='word_1_426' title='bbox 744 2041 790 2067; x_wconf 78' lang='grc' dir='ltr'><strong>τὸν</strong></span> <span class='ocrx_word' id='word_1_427' title='bbox 809 2041 887 2076; x_wconf 84' lang='grc' dir='ltr'>λόγον</span> <span class='ocrx_word' id='word_1_428' title='bbox 903 2043 949 2069; x_wconf 82' lang='grc' dir='ltr'>τὸν</span> 
     </span>
    </p>
   </div>
   <div class='ocr_carea' id='block_1_60' title="bbox 161 2086 948 2123">
    <p class='ocr_par' dir='ltr' id='par_1_60' title="bbox 161 2086 948 2123">
     <span class='ocr_line' id='line_1_60' title="bbox 161 2086 948 2123; baseline 0 -9"><span class='ocrx_word' id='word_1_429' title='bbox 161 2087 305 2123; x_wconf 81' lang='grc' dir='ltr'>φήσαντα·</span> <span class='ocrx_word' id='word_1_430' title='bbox 328 2097 338 2112; x_wconf 72' lang='grc' dir='ltr'><strong>ι</strong></span> <span class='ocrx_word' id='word_1_431' title='bbox 365 2087 436 2113; x_wconf 81' lang='grc' dir='ltr'>Τάδε</span> <span class='ocrx_word' id='word_1_432' title='bbox 462 2087 535 2121; x_wconf 84' lang='grc' dir='ltr'>λέγει</span> <span class='ocrx_word' id='word_1_433' title='bbox 566 2086 668 2122; x_wconf 82' lang='grc' dir='ltr'>Κύριος</span> <span class='ocrx_word' id='word_1_434' title='bbox 700 2086 739 2122; x_wconf 83' lang='grc' dir='ltr'>τῷ</span> <span class='ocrx_word' id='word_1_435' title='bbox 764 2087 867 2122; x_wconf 82' lang='grc' dir='ltr'>χριστῷ</span> <span class='ocrx_word' id='word_1_436' title='bbox 897 2096 948 2123; x_wconf 87' lang='grc' dir='ltr'><strong>μου</strong></span> 
     </span>
    </p>
   </div>
   <div class='ocr_carea' id='block_1_61' title="bbox 161 2132 949 2169">
    <p class='ocr_par' dir='ltr' id='par_1_61' title="bbox 161 2132 949 2169">
     <span class='ocr_line' id='line_1_61' title="bbox 161 2132 949 2169; baseline 0 -10"><span class='ocrx_word' id='word_1_437' title='bbox 161 2132 254 2168; x_wconf 76' lang='grc' dir='ltr'><strong>Κύρῳ.</strong></span> <span class='ocrx_word' id='word_1_438' title='bbox 266 2132 361 2159; x_wconf 75' lang='grc' dir='ltr'>»Κατὰ</span> <span class='ocrx_word' id='word_1_439' title='bbox 380 2132 434 2169; x_wconf 83' lang='grc' dir='ltr'><strong>γὰρ</strong></span> <span class='ocrx_word' id='word_1_440' title='bbox 450 2133 499 2168; x_wconf 82' lang='grc' dir='ltr'>τὴν</span> <span class='ocrx_word' id='word_1_441' title='bbox 514 2133 658 2169; x_wconf 87' lang='grc' dir='ltr'>πρόχειρον</span> <span class='ocrx_word' id='word_1_442' title='bbox 670 2132 741 2165; x_wconf 81' lang='grc' dir='ltr'>λέξιν</span> <span class='ocrx_word' id='word_1_443' title='bbox 759 2132 820 2159; x_wconf 76' lang='grc' dir='ltr'>οὔτε</span> <span class='ocrx_word' id='word_1_444' title='bbox 833 2132 949 2169; x_wconf 74' lang='grc' dir='ltr'>Χριστὸς</span> 
     </span>
    </p>
   </div>
   <div class='ocr_carea' id='block_1_62' title="bbox 160 2179 949 2216">
    <p class='ocr_par' dir='ltr' id='par_1_62' title="bbox 160 2179 949 2216">
     <span class='ocr_line' id='line_1_62' title="bbox 160 2179 949 2216; baseline 0.003 -10"><span class='ocrx_word' id='word_1_445' title='bbox 160 2179 199 2207; x_wconf 85' lang='grc' dir='ltr'>ὦν</span> <span class='ocrx_word' id='word_1_446' title='bbox 210 2179 256 2207; x_wconf 79' lang='grc' dir='ltr'>τοῦ</span> <span class='ocrx_word' id='word_1_447' title='bbox 271 2180 338 2207; x_wconf 76' lang='grc' dir='ltr'>Θεοῦ</span> <span class='ocrx_word' id='word_1_448' title='bbox 348 2181 473 2215; x_wconf 81' lang='grc' dir='ltr'>φαίνεται</span> <span class='ocrx_word' id='word_1_449' title='bbox 483 2181 497 2206; x_wconf 83' lang='grc' dir='ltr'>ὁ</span> <span class='ocrx_word' id='word_1_450' title='bbox 509 2181 622 2216; x_wconf 79' lang='grc' dir='ltr'>Περσῶν</span> <span class='ocrx_word' id='word_1_451' title='bbox 635 2181 760 2216; x_wconf 85' lang='grc' dir='ltr'>βασιλεὺς</span> <span class='ocrx_word' id='word_1_452' title='bbox 771 2181 949 2216; x_wconf 68' lang='grc' dir='ltr'>οἰκοδομήσας</span> 
     </span>
    </p>
   </div>
   <div class='ocr_carea' id='block_1_63' title="bbox 160 2226 948 2263">
    <p class='ocr_par' dir='ltr' id='par_1_63' title="bbox 160 2226 948 2263">
     <span class='ocr_line' id='line_1_63' title="bbox 160 2226 948 2263; baseline 0.001 -10"><span class='ocrx_word' id='word_1_453' title='bbox 160 2228 210 2262; x_wconf 81' lang='grc' dir='ltr'>τὴν</span> <span class='ocrx_word' id='word_1_454' title='bbox 232 2227 427 2263; x_wconf 82' lang='grc' dir='ltr'>Ἰερουσαλήμ·</span> <span class='ocrx_word' id='word_1_455' title='bbox 450 2227 508 2253; x_wconf 83' lang='grc' dir='ltr'>ἀλλ’</span> <span class='ocrx_word' id='word_1_456' title='bbox 527 2227 586 2253; x_wconf 82' lang='grc' dir='ltr'>οὐδὲ</span> <span class='ocrx_word' id='word_1_457' title='bbox 610 2227 679 2258; x_wconf 81' lang='grc' dir='ltr'>ὅλως</span> <span class='ocrx_word' id='word_1_458' title='bbox 698 2226 769 2253; x_wconf 77' lang='grc' dir='ltr'>κατὰ</span> <span class='ocrx_word' id='word_1_459' title='bbox 791 2227 839 2262; x_wconf 84' lang='grc' dir='ltr'>τὴν</span> <span class='ocrx_word' id='word_1_460' title='bbox 866 2227 948 2254; x_wconf 84' lang='grc' dir='ltr'>αὐτοῦ</span> 
     </span>
    </p>
   </div>
   <div class='ocr_carea' id='block_1_64' title="bbox 998 998 1113 1026">
    <p class='ocr_par' dir='ltr' id='par_1_64' title="bbox 998 998 1113 1026">
     <span class='ocr_line' id='line_1_64' title="bbox 998 998 1113 1026; baseline 0 -1"><span class='ocrx_word' id='word_1_461' title='bbox 998 998 1113 1026; x_wconf 78' lang='lat' dir='ltr'><strong>exstrui.</strong></span> 
     </span>
    </p>
   </div>
   <div class='ocr_carea' id='block_1_65' title="bbox 1282 1074 1499 1104">
    <p class='ocr_par' dir='ltr' id='par_1_65' title="bbox 1282 1074 1499 1104">
     <span class='ocr_line' id='line_1_65' title="bbox 1282 1074 1499 1104; baseline -0.005 0"><span class='ocrx_word' id='word_1_462' title='bbox 1282 1075 1398 1104; x_wconf 79' lang='lat' dir='ltr'><strong>CAPUT</strong></span> <span class='ocrx_word' id='word_1_463' title='bbox 1418 1074 1499 1103; x_wconf 83' lang='lat' dir='ltr'><strong>XLV.</strong></span> 
     </span>
    </p>
   </div>
   <div class='ocr_carea' id='block_1_66' title="bbox 1027 1114 1788 1152">
    <p class='ocr_par' dir='ltr' id='par_1_66' title="bbox 1027 1114 1788 1152">
     <span class='ocr_line' id='line_1_66' title="bbox 1027 1114 1788 1152; baseline -0.003 -1"><span class='ocrx_word' id='word_1_464' title='bbox 1027 1114 1112 1151; x_wconf 57' lang='lat' dir='ltr'><strong>Vens.</strong></span> <span class='ocrx_word' id='word_1_465' title='bbox 1131 1123 1154 1151; x_wconf 90' lang='lat' dir='ltr'><strong>l.</strong></span> <span class='ocrx_word' id='word_1_466' title='bbox 1173 1133 1182 1150; x_wconf 85' lang='grc' dir='ltr'><strong>ι</strong></span> <span class='ocrx_word' id='word_1_467' title='bbox 1200 1122 1247 1152; x_wconf 86' lang='lat' dir='ltr'><strong>Sic</strong></span> <span class='ocrx_word' id='word_1_468' title='bbox 1264 1123 1328 1150; x_wconf 92' lang='lat' dir='ltr'><strong>dicit</strong></span> <span class='ocrx_word' id='word_1_469' title='bbox 1356 1122 1486 1149; x_wconf 85' lang='lat' dir='ltr'><strong>Dominus</strong></span> <span class='ocrx_word' id='word_1_470' title='bbox 1510 1121 1580 1150; x_wconf 89' lang='lat' dir='ltr'><strong>Deus</strong></span> <span class='ocrx_word' id='word_1_471' title='bbox 1604 1122 1710 1149; x_wconf 84' lang='lat' dir='ltr'><strong>cbrislo</strong></span> <span class='ocrx_word' id='word_1_472' title='bbox 1728 1130 1788 1149; x_wconf 89' lang='lat' dir='ltr'><strong>meo</strong></span> 
     </span>
    </p>
   </div>
   <div class='ocr_carea' id='block_1_67' title="bbox 995 1169 1786 1207">
    <p class='ocr_par' dir='ltr' id='par_1_67' title="bbox 995 1169 1786 1207">
     <span class='ocr_line' id='line_1_67' title="bbox 995 1169 1786 1207; baseline -0.003 -10"><span class='ocrx_word' id='word_1_473' title='bbox 995 1170 1078 1207; x_wconf 83' lang='lat' dir='ltr'><strong>Cyro.</strong></span> <span class='ocrx_word' id='word_1_474' title='bbox 1113 1170 1190 1204; x_wconf 83' lang='lat' dir='ltr'><strong>cujus</strong></span> <span class='ocrx_word' id='word_1_475' title='bbox 1216 1169 1384 1204; x_wconf 81' lang='lat' dir='ltr'><strong>apprehendi</strong></span> <span class='ocrx_word' id='word_1_476' title='bbox 1411 1169 1563 1202; x_wconf 79' lang='lat' dir='ltr'><strong>dexteram,</strong></span> <span class='ocrx_word' id='word_1_477' title='bbox 1591 1175 1619 1196; x_wconf 86' lang='lat' dir='ltr'><strong>ut</strong></span> <span class='ocrx_word' id='word_1_478' title='bbox 1645 1169 1786 1203; x_wconf 82' lang='lat' dir='ltr'><strong>subjiciam</strong></span> 
     </span>
    </p>
   </div>
   <div class='ocr_carea' id='block_1_68' title="bbox 996 1214 1787 1250">
    <p class='ocr_par' dir='ltr' id='par_1_68' title="bbox 996 1214 1787 1250">
     <span class='ocr_line' id='line_1_68' title="bbox 996 1214 1787 1250; baseline -0.005 -6"><span class='ocrx_word' id='word_1_479' title='bbox 996 1222 1058 1244; x_wconf 91' lang='lat' dir='ltr'><strong>ante</strong></span> <span class='ocrx_word' id='word_1_480' title='bbox 1074 1216 1169 1243; x_wconf 84' lang='lat' dir='ltr'><strong>faciem</strong></span> <span class='ocrx_word' id='word_1_481' title='bbox 1194 1215 1253 1250; x_wconf 85' lang='lat' dir='ltr'><strong>ejus</strong></span> <span class='ocrx_word' id='word_1_482' title='bbox 1274 1220 1379 1250; x_wconf 75' lang='lat' dir='ltr'><strong>gentes,</strong></span> <span class='ocrx_word' id='word_1_483' title='bbox 1397 1219 1424 1242; x_wconf 90' lang='lat' dir='ltr'><strong>et</strong></span> <span class='ocrx_word' id='word_1_484' title='bbox 1446 1215 1518 1242; x_wconf 85' lang='lat' dir='ltr'><strong>vires</strong></span> <span class='ocrx_word' id='word_1_485' title='bbox 1537 1222 1629 1249; x_wconf 76' lang='lat' dir='ltr'><strong>regunt</strong></span> <span class='ocrx_word' id='word_1_486' title='bbox 1653 1214 1787 1249; x_wconf 73' lang='lat' dir='ltr'><strong>frangant.</strong></span> 
     </span>
    </p>
   </div>
   <div class='ocr_carea' id='block_1_69' title="bbox 997 1260 1788 1297">
    <p class='ocr_par' dir='ltr' id='par_1_69' title="bbox 997 1260 1788 1297">
     <span class='ocr_line' id='line_1_69' title="bbox 997 1260 1788 1297; baseline -0.005 -7"><span class='ocrx_word' id='word_1_487' title='bbox 997 1263 1123 1297; x_wconf 81' lang='lat' dir='ltr'><strong>Aperiam</strong></span> <span class='ocrx_word' id='word_1_488' title='bbox 1140 1269 1234 1290; x_wconf 78' lang='lat' dir='ltr'><strong>coram</strong></span> <span class='ocrx_word' id='word_1_489' title='bbox 1249 1269 1282 1289; x_wconf 90' lang='lat' dir='ltr'><strong>eo</strong></span> <span class='ocrx_word' id='word_1_490' title='bbox 1298 1265 1400 1296; x_wconf 89' lang='lat' dir='ltr'><strong>portas,</strong></span> <span class='ocrx_word' id='word_1_491' title='bbox 1429 1265 1456 1288; x_wconf 87' lang='lat' dir='ltr'><strong>et</strong></span> <span class='ocrx_word' id='word_1_492' title='bbox 1483 1260 1565 1287; x_wconf 85' lang='lat' dir='ltr'><strong>urbes</strong></span> <span class='ocrx_word' id='word_1_493' title='bbox 1584 1268 1636 1287; x_wconf 89' lang='lat' dir='ltr'><strong>non</strong></span> <span class='ocrx_word' id='word_1_494' title='bbox 1658 1260 1788 1287; x_wconf 84' lang='lat' dir='ltr'><strong>clauden-</strong></span> 
     </span>
    </p>
   </div>
   <div class='ocr_carea' id='block_1_70' title="bbox 997 1305 1788 1338">
    <p class='ocr_par' dir='ltr' id='par_1_70' title="bbox 997 1305 1788 1338">
     <span class='ocr_line' id='line_1_70' title="bbox 997 1305 1788 1338; baseline -0.008 -1"><span class='ocrx_word' id='word_1_495' title='bbox 997 1315 1051 1338; x_wconf 88' lang='lat' dir='ltr'><strong>tttr.</strong></span> <span class='ocrx_word' id='word_1_496' title='bbox 1067 1319 1076 1335; x_wconf 71' lang='grc' dir='ltr'><strong>ι</strong></span> <span class='ocrx_word' id='word_1_497' title='bbox 1094 1308 1199 1336; x_wconf 85' lang='lat' dir='ltr'><strong>Bonum</strong></span> <span class='ocrx_word' id='word_1_498' title='bbox 1218 1313 1310 1335; x_wconf 89' lang='lat' dir='ltr'><strong>autem</strong></span> <span class='ocrx_word' id='word_1_499' title='bbox 1327 1305 1433 1334; x_wconf 88' lang='lat' dir='ltr'><strong>consilii</strong></span> <span class='ocrx_word' id='word_1_500' title='bbox 1453 1306 1505 1333; x_wconf 88' lang='lat' dir='ltr'><strong>tnei</strong></span> <span class='ocrx_word' id='word_1_501' title='bbox 1524 1306 1677 1333; x_wconf 85' lang='lat' dir='ltr'><strong>ministrum</strong></span> <span class='ocrx_word' id='word_1_502' title='bbox 1697 1305 1788 1332; x_wconf 84' lang='lat' dir='ltr'><strong>inveni</strong></span> 
     </span>
    </p>
   </div>
   <div class='ocr_carea' id='block_1_71' title="bbox 997 1351 1789 1388">
    <p class='ocr_par' dir='ltr' id='par_1_71' title="bbox 997 1351 1789 1388">
     <span class='ocr_line' id='line_1_71' title="bbox 997 1351 1789 1388; baseline -0.006 -4"><span class='ocrx_word' id='word_1_503' title='bbox 997 1361 1178 1384; x_wconf 85' lang='lat' dir='ltr'><strong>memoratum</strong></span> <span class='ocrx_word' id='word_1_504' title='bbox 1192 1355 1299 1381; x_wconf 88' lang='lat' dir='ltr'><strong>virutn:</strong></span> <span class='ocrx_word' id='word_1_505' title='bbox 1315 1353 1371 1388; x_wconf 82' lang='lat' dir='ltr'><strong>jam</strong></span> <span class='ocrx_word' id='word_1_506' title='bbox 1396 1353 1461 1380; x_wconf 89' lang='lat' dir='ltr'><strong>ltinc</strong></span> <span class='ocrx_word' id='word_1_507' title='bbox 1476 1352 1607 1388; x_wconf 88' lang='lat' dir='ltr'><strong>polliceor</strong></span> <span class='ocrx_word' id='word_1_508' title='bbox 1630 1359 1673 1379; x_wconf 89' lang='lat' dir='ltr'><strong>me</strong></span> <span class='ocrx_word' id='word_1_509' title='bbox 1693 1351 1789 1379; x_wconf 78' lang='lat' dir='ltr'><strong>&#39;dcxte-</strong></span> 
     </span>
    </p>
   </div>
   <div class='ocr_carea' id='block_1_72' title="bbox 999 1401 1789 1437">
    <p class='ocr_par' dir='ltr' id='par_1_72' title="bbox 999 1401 1789 1437">
     <span class='ocr_line' id='line_1_72' title="bbox 999 1401 1789 1437; baseline -0.006 -8"><span class='ocrx_word' id='word_1_510' title='bbox 999 1410 1055 1429; x_wconf 90' lang='lat' dir='ltr'><strong>ram</strong></span> <span class='ocrx_word' id='word_1_511' title='bbox 1073 1402 1132 1437; x_wconf 84' lang='lat' dir='ltr'><strong>ejus</strong></span> <span class='ocrx_word' id='word_1_512' title='bbox 1156 1401 1390 1436; x_wconf 84' lang='lat' dir='ltr'><strong>apprebensnrum</strong></span> <span class='ocrx_word' id='word_1_513' title='bbox 1415 1407 1491 1435; x_wconf 68' lang='lat' dir='ltr'><strong>esse,</strong></span> <span class='ocrx_word' id='word_1_514' title='bbox 1517 1405 1545 1426; x_wconf 93' lang='lat' dir='ltr'><strong>ut</strong></span> <span class='ocrx_word' id='word_1_515' title='bbox 1573 1407 1624 1426; x_wconf 90' lang='lat' dir='ltr'><strong>non</strong></span> <span class='ocrx_word' id='word_1_516' title='bbox 1639 1402 1789 1429; x_wconf 79' lang='lat' dir='ltr'><strong>evertatur,</strong></span> 
     </span>
    </p>
   </div>
   <div class='ocr_carea' id='block_1_73' title="bbox 1000 1445 1789 1483">
    <p class='ocr_par' dir='ltr' id='par_1_73' title="bbox 1000 1445 1789 1483">
     <span class='ocr_line' id='line_1_73' title="bbox 1000 1445 1789 1483; baseline -0.006 -7"><span class='ocrx_word' id='word_1_517' title='bbox 1000 1456 1090 1483; x_wconf 84' lang='lat' dir='ltr'><strong>neque</strong></span> <span class='ocrx_word' id='word_1_518' title='bbox 1103 1449 1255 1482; x_wconf 86' lang='lat' dir='ltr'><strong>&#39;superetur</strong></span> <span class='ocrx_word' id='word_1_519' title='bbox 1282 1453 1298 1474; x_wconf 89' lang='lat' dir='ltr'><strong>a</strong></span> <span class='ocrx_word' id='word_1_520' title='bbox 1326 1446 1455 1481; x_wconf 88' lang='lat' dir='ltr'><strong>quopiatn</strong></span> <span class='ocrx_word' id='word_1_521' title='bbox 1491 1445 1615 1472; x_wconf 79' lang='lat' dir='ltr'><strong>fortiore.</strong></span> <span class='ocrx_word' id='word_1_522' title='bbox 1644 1445 1696 1479; x_wconf 87' lang='lat' dir='ltr'><strong>Ipsi</strong></span> <span class='ocrx_word' id='word_1_523' title='bbox 1723 1451 1789 1471; x_wconf 89' lang='lat' dir='ltr'><strong>vero</strong></span> 
     </span>
    </p>
   </div>
   <div class='ocr_carea' id='block_1_74' title="bbox 1000 1491 1789 1528">
    <p class='ocr_par' dir='ltr' id='par_1_74' title="bbox 1000 1491 1789 1528">
     <span class='ocr_line' id='line_1_74' title="bbox 1000 1491 1789 1528; baseline -0.006 -6"><span class='ocrx_word' id='word_1_524' title='bbox 1000 1495 1083 1522; x_wconf 87' lang='lat' dir='ltr'><strong>multa</strong></span> <span class='ocrx_word' id='word_1_525' title='bbox 1105 1493 1248 1528; x_wconf 81' lang='lat' dir='ltr'><strong>subjiciam</strong></span> <span class='ocrx_word' id='word_1_526' title='bbox 1273 1500 1308 1520; x_wconf 82' lang='lat' dir='ltr'><strong>ex</strong></span> <span class='ocrx_word' id='word_1_527' title='bbox 1337 1500 1432 1527; x_wconf 71' lang='lat' dir='ltr'><strong>regum</strong></span> <span class='ocrx_word' id='word_1_528' title='bbox 1463 1492 1578 1519; x_wconf 87' lang='lat' dir='ltr'><strong>aliarum</strong></span> <span class='ocrx_word' id='word_1_529' title='bbox 1601 1491 1722 1526; x_wconf 77' lang='lat' dir='ltr'><strong>gentium</strong></span> <span class='ocrx_word' id='word_1_530' title='bbox 1747 1491 1789 1517; x_wconf 90' lang='lat' dir='ltr'><strong>di-</strong></span> 
     </span>
    </p>
   </div>
   <div class='ocr_carea' id='block_1_75' title="bbox 1000 1537 1789 1575">
    <p class='ocr_par' dir='ltr' id='par_1_75' title="bbox 1000 1537 1789 1575">
     <span class='ocr_line' id='line_1_75' title="bbox 1000 1537 1789 1575; baseline -0.008 -6"><span class='ocrx_word' id='word_1_531' title='bbox 1000 1541 1093 1569; x_wconf 85' lang='lat' dir='ltr'><strong>tione:</strong></span> <span class='ocrx_word' id='word_1_532' title='bbox 1112 1547 1160 1575; x_wconf 90' lang='lat' dir='ltr'><strong>per</strong></span> <span class='ocrx_word' id='word_1_533' title='bbox 1175 1539 1264 1573; x_wconf 87' lang='lat' dir='ltr'><strong>ipsum</strong></span> <span class='ocrx_word' id='word_1_534' title='bbox 1283 1538 1346 1565; x_wconf 91' lang='lat' dir='ltr'><strong>item</strong></span> <span class='ocrx_word' id='word_1_535' title='bbox 1362 1546 1470 1565; x_wconf 85' lang='lat' dir='ltr'><strong>onmem</strong></span> <span class='ocrx_word' id='word_1_536' title='bbox 1487 1539 1512 1565; x_wconf 91' lang='lat' dir='ltr'><strong>in</strong></span> <span class='ocrx_word' id='word_1_537' title='bbox 1533 1537 1645 1572; x_wconf 86' lang='lat' dir='ltr'><strong>reliquis</strong></span> <span class='ocrx_word' id='word_1_538' title='bbox 1663 1537 1789 1572; x_wconf 79' lang='lat' dir='ltr'><strong>gentibus</strong></span> 
     </span>
    </p>
   </div>
   <div class='ocr_carea' id='block_1_76' title="bbox 1000 1582 1788 1624">
    <p class='ocr_par' dir='ltr' id='par_1_76' title="bbox 1000 1582 1788 1624">
     <span class='ocr_line' id='line_1_76' title="bbox 1000 1582 1788 1624; baseline -0.009 -9"><span class='ocrx_word' id='word_1_539' title='bbox 1000 1586 1149 1624; x_wconf 88' lang='lat' dir='ltr'><strong>potentiatn</strong></span> <span class='ocrx_word' id='word_1_540' title='bbox 1165 1584 1342 1620; x_wconf 78' lang='lat' dir='ltr'><strong>perfringam,</strong></span> <span class='ocrx_word' id='word_1_541' title='bbox 1370 1585 1460 1612; x_wconf 85' lang='lat' dir='ltr'><strong>omnia</strong></span> <span class='ocrx_word' id='word_1_542' title='bbox 1483 1585 1563 1618; x_wconf 87' lang='lat' dir='ltr'><strong>plana</strong></span> <span class='ocrx_word' id='word_1_543' title='bbox 1582 1587 1609 1611; x_wconf 87' lang='lat' dir='ltr'><strong>et</strong></span> <span class='ocrx_word' id='word_1_544' title='bbox 1633 1582 1724 1610; x_wconf 87' lang='lat' dir='ltr'><strong>facilia</strong></span> <span class='ocrx_word' id='word_1_545' title='bbox 1740 1589 1788 1617; x_wconf 86' lang='lat' dir='ltr'><strong>pa-</strong></span> 
     </span>
    </p>
   </div>
   <div class='ocr_carea' id='block_1_77' title="bbox 1003 1628 1789 1666">
    <p class='ocr_par' dir='ltr' id='par_1_77' title="bbox 1003 1628 1789 1666">
     <span class='ocr_line' id='line_1_77' title="bbox 1003 1628 1789 1666; baseline -0.009 -6"><span class='ocrx_word' id='word_1_546' title='bbox 1003 1640 1067 1660; x_wconf 88' lang='lat' dir='ltr'><strong>rans</strong></span> <span class='ocrx_word' id='word_1_547' title='bbox 1079 1636 1142 1659; x_wconf 85' lang='lat' dir='ltr'><strong>ante</strong></span> <span class='ocrx_word' id='word_1_548' title='bbox 1157 1630 1241 1666; x_wconf 88' lang='lat' dir='ltr'><strong>pedes</strong></span> <span class='ocrx_word' id='word_1_549' title='bbox 1258 1628 1335 1663; x_wconf 85' lang='lat' dir='ltr'><strong>ejus:</strong></span> <span class='ocrx_word' id='word_1_550' title='bbox 1352 1635 1444 1664; x_wconf 85' lang='lat' dir='ltr'><strong>portas</strong></span> <span class='ocrx_word' id='word_1_551' title='bbox 1457 1630 1613 1662; x_wconf 88' lang='lat' dir='ltr'><strong>urbium,et</strong></span> <span class='ocrx_word' id='word_1_552' title='bbox 1632 1628 1705 1662; x_wconf 80' lang='lat' dir='ltr'><strong>ipsas</strong></span> <span class='ocrx_word' id='word_1_553' title='bbox 1721 1628 1789 1654; x_wconf 89' lang='lat' dir='ltr'><strong>inte-</strong></span> 
     </span>
    </p>
   </div>
   <div class='ocr_carea' id='block_1_78' title="bbox 1000 1674 1788 1715">
    <p class='ocr_par' dir='ltr' id='par_1_78' title="bbox 1000 1674 1788 1715">
     <span class='ocr_line' id='line_1_78' title="bbox 1000 1674 1788 1715; baseline -0.009 -8"><span class='ocrx_word' id='word_1_554' title='bbox 1000 1688 1065 1715; x_wconf 75' lang='lat' dir='ltr'><strong>gras</strong></span> <span class='ocrx_word' id='word_1_555' title='bbox 1080 1678 1161 1706; x_wconf 88' lang='lat' dir='ltr'><strong>urbes</strong></span> <span class='ocrx_word' id='word_1_556' title='bbox 1177 1676 1202 1703; x_wconf 89' lang='lat' dir='ltr'><strong>itt</strong></span> <span class='ocrx_word' id='word_1_557' title='bbox 1218 1683 1313 1703; x_wconf 85' lang='lat' dir='ltr'><strong>manus</strong></span> <span class='ocrx_word' id='word_1_558' title='bbox 1325 1676 1384 1711; x_wconf 87' lang='lat' dir='ltr'><strong>ejus</strong></span> <span class='ocrx_word' id='word_1_559' title='bbox 1401 1677 1505 1704; x_wconf 83' lang='lat' dir='ltr'><strong>tradam</strong></span> <span class='ocrx_word' id='word_1_560' title='bbox 1522 1684 1530 1709; x_wconf 85' lang='lat'><strong>;</strong></span> <span class='ocrx_word' id='word_1_561' title='bbox 1547 1676 1582 1702; x_wconf 91' lang='lat' dir='ltr'><strong>ita</strong></span> <span class='ocrx_word' id='word_1_562' title='bbox 1598 1679 1627 1702; x_wconf 91' lang='lat' dir='ltr'><strong>ut</strong></span> <span class='ocrx_word' id='word_1_563' title='bbox 1647 1674 1721 1702; x_wconf 86' lang='lat' dir='ltr'><strong>nulla</strong></span> <span class='ocrx_word' id='word_1_564' title='bbox 1738 1674 1788 1708; x_wconf 89' lang='lat' dir='ltr'><strong>ipsi</strong></span> 
     </span>
    </p>
   </div>
   <div class='ocr_carea' id='block_1_79' title="bbox 1000 1728 1623 1755">
    <p class='ocr_par' dir='ltr' id='par_1_79' title="bbox 1000 1728 1623 1755">
     <span class='ocr_line' id='line_1_79' title="bbox 1000 1728 1623 1755; baseline -0.013 -1"><span class='ocrx_word' id='word_1_565' title='bbox 1000 1728 1170 1754; x_wconf 82' lang='lat' dir='ltr'><strong>adversetur.</strong></span> <span class='ocrx_word' id='word_1_566' title='bbox 1618 1751 1623 1755; x_wconf 32' lang='grc' dir='ltr'><em>η</em></span> 
     </span>
    </p>
   </div>
   <div class='ocr_carea' id='block_1_80' title="bbox 1036 1764 1788 1808">
    <p class='ocr_par' dir='ltr' id='par_1_80' title="bbox 1036 1764 1788 1808">
     <span class='ocr_line' id='line_1_80' title="bbox 1036 1764 1788 1808; baseline -0.016 -7"><span class='ocrx_word' id='word_1_567' title='bbox 1036 1774 1117 1801; x_wconf 75' lang='lat' dir='ltr'><strong>Vens.</strong></span> <span class='ocrx_word' id='word_1_568' title='bbox 1134 1773 1160 1800; x_wconf 76' lang='lat'><strong>2.</strong></span> <span class='ocrx_word' id='word_1_569' title='bbox 1191 1782 1200 1799; x_wconf 82' lang='grc' dir='ltr'><strong>ι</strong></span> <span class='ocrx_word' id='word_1_570' title='bbox 1220 1773 1275 1808; x_wconf 78' lang='lat' dir='ltr'><strong>Ego</strong></span> <span class='ocrx_word' id='word_1_571' title='bbox 1292 1775 1355 1799; x_wconf 85' lang='lat' dir='ltr'><strong>ante</strong></span> <span class='ocrx_word' id='word_1_572' title='bbox 1373 1774 1398 1796; x_wconf 86' lang='lat' dir='ltr'><strong>te</strong></span> <span class='ocrx_word' id='word_1_573' title='bbox 1421 1767 1476 1798; x_wconf 86' lang='lat' dir='ltr'><strong>ibo,</strong></span> <span class='ocrx_word' id='word_1_574' title='bbox 1494 1772 1521 1793; x_wconf 83' lang='lat' dir='ltr'><strong>et</strong></span> <span class='ocrx_word' id='word_1_575' title='bbox 1539 1770 1645 1793; x_wconf 89' lang='lat' dir='ltr'><strong>montes</strong></span> <span class='ocrx_word' id='word_1_576' title='bbox 1668 1764 1788 1799; x_wconf 86' lang='lat' dir='ltr'><strong>compla-</strong></span> 
     </span>
    </p>
   </div>
   <div class='ocr_carea' id='block_1_81' title="bbox 1000 1811 1790 1854">
    <p class='ocr_par' dir='ltr' id='par_1_81' title="bbox 1000 1811 1790 1854">
     <span class='ocr_line' id='line_1_81' title="bbox 1000 1811 1790 1854; baseline -0.016 -6"><span class='ocrx_word' id='word_1_577' title='bbox 1000 1821 1090 1848; x_wconf 84' lang='lat' dir='ltr'><strong>nabo:</strong></span> <span class='ocrx_word' id='word_1_578' title='bbox 1106 1824 1198 1854; x_wconf 85' lang='lat' dir='ltr'><strong>portas</strong></span> <span class='ocrx_word' id='word_1_579' title='bbox 1213 1826 1299 1847; x_wconf 69' lang='lat' dir='ltr'><strong>aereas</strong></span> <span class='ocrx_word' id='word_1_580' title='bbox 1313 1822 1464 1846; x_wconf 85' lang='lat' dir='ltr'><strong>conteram,</strong></span> <span class='ocrx_word' id='word_1_581' title='bbox 1480 1818 1506 1840; x_wconf 89' lang='lat' dir='ltr'><strong>et</strong></span> <span class='ocrx_word' id='word_1_582' title='bbox 1516 1817 1606 1840; x_wconf 84' lang='lat' dir='ltr'><strong>Vectes</strong></span> <span class='ocrx_word' id='word_1_583' title='bbox 1614 1811 1716 1838; x_wconf 88' lang='lat' dir='ltr'><strong>ferreos</strong></span> <span class='ocrx_word' id='word_1_584' title='bbox 1728 1819 1790 1837; x_wconf 85' lang='lat' dir='ltr'><strong>con-</strong></span> 
     </span>
    </p>
   </div>
   <div class='ocr_carea' id='block_1_82' title="bbox 999 1856 1789 1900">
    <p class='ocr_par' dir='ltr' id='par_1_82' title="bbox 999 1856 1789 1900">
     <span class='ocr_line' id='line_1_82' title="bbox 999 1856 1789 1900; baseline -0.014 -6"><span class='ocrx_word' id='word_1_585' title='bbox 999 1866 1128 1900; x_wconf 73' lang='lat' dir='ltr'><strong>fringant.</strong></span> <span class='ocrx_word' id='word_1_586' title='bbox 1142 1876 1153 1892; x_wconf 75' lang='grc' dir='ltr'><strong>ι</strong></span> <span class='ocrx_word' id='word_1_587' title='bbox 1168 1866 1272 1893; x_wconf 80' lang='lat' dir='ltr'><strong>Dixerit</strong></span> <span class='ocrx_word' id='word_1_588' title='bbox 1290 1863 1424 1899; x_wconf 83' lang='lat' dir='ltr'><strong>quispiam</strong></span> <span class='ocrx_word' id='word_1_589' title='bbox 1438 1868 1480 1893; x_wconf 85' lang='lat' dir='ltr'><strong>ea,</strong></span> <span class='ocrx_word' id='word_1_590' title='bbox 1498 1868 1558 1894; x_wconf 68' lang='lat' dir='ltr'><strong>qum</strong></span> <span class='ocrx_word' id='word_1_591' title='bbox 1575 1864 1696 1893; x_wconf 89' lang='lat' dir='ltr'><strong>tempore</strong></span> <span class='ocrx_word' id='word_1_592' title='bbox 1707 1856 1789 1884; x_wconf 85' lang='lat' dir='ltr'><strong>Zoro-</strong></span> 
     </span>
    </p>
   </div>
   <div class='ocr_carea' id='block_1_83' title="bbox 1000 1905 1788 1947">
    <p class='ocr_par' dir='ltr' id='par_1_83' title="bbox 1000 1905 1788 1947">
     <span class='ocr_line' id='line_1_83' title="bbox 1000 1905 1788 1947; baseline -0.016 -6"><span class='ocrx_word' id='word_1_593' title='bbox 1000 1913 1114 1946; x_wconf 85' lang='lat' dir='ltr'><strong>babelis,</strong></span> <span class='ocrx_word' id='word_1_594' title='bbox 1138 1911 1180 1939; x_wconf 85' lang='lat' dir='ltr'><strong>vel</strong></span> <span class='ocrx_word' id='word_1_595' title='bbox 1205 1912 1281 1947; x_wconf 82' lang='lat' dir='ltr'><strong>Cyri,</strong></span> <span class='ocrx_word' id='word_1_596' title='bbox 1311 1909 1382 1945; x_wconf 85' lang='lat' dir='ltr'><strong>quod</strong></span> <span class='ocrx_word' id='word_1_597' title='bbox 1409 1908 1442 1934; x_wconf 90' lang='lat' dir='ltr'><strong>ad</strong></span> <span class='ocrx_word' id='word_1_598' title='bbox 1465 1905 1604 1933; x_wconf 86' lang='lat' dir='ltr'><strong>historiam</strong></span> <span class='ocrx_word' id='word_1_599' title='bbox 1621 1909 1697 1939; x_wconf 77' lang='lat' dir='ltr'><strong>gesta</strong></span> <span class='ocrx_word' id='word_1_600' title='bbox 1714 1907 1788 1947; x_wconf 81' lang='lat' dir='ltr'><strong>sunt,</strong></span> 
     </span>
    </p>
   </div>
   <div class='ocr_carea' id='block_1_84' title="bbox 1001 1946 1788 1993">
    <p class='ocr_par' dir='ltr' id='par_1_84' title="bbox 1001 1946 1788 1993">
     <span class='ocr_line' id='line_1_84' title="bbox 1001 1946 1788 1993; baseline -0.011 -8"><span class='ocrx_word' id='word_1_601' title='bbox 1001 1958 1132 1993; x_wconf 76' lang='lat' dir='ltr'><strong>imagines</strong></span> <span class='ocrx_word' id='word_1_602' title='bbox 1147 1961 1174 1984; x_wconf 90' lang='lat' dir='ltr'><strong>et</strong></span> <span class='ocrx_word' id='word_1_603' title='bbox 1187 1946 1306 1992; x_wconf 83' lang='lat' dir='ltr'><strong>syntbola</strong></span> <span class='ocrx_word' id='word_1_604' title='bbox 1334 1954 1458 1981; x_wconf 87' lang='lat' dir='ltr'><strong>veritatis</strong></span> <span class='ocrx_word' id='word_1_605' title='bbox 1473 1951 1616 1986; x_wconf 85' lang='lat' dir='ltr'><strong>complecti</strong></span> <span class='ocrx_word' id='word_1_606' title='bbox 1632 1959 1639 1984; x_wconf 85' lang='lat'><strong>;</strong></span> <span class='ocrx_word' id='word_1_607' title='bbox 1662 1957 1721 1985; x_wconf 61' lang='lat' dir='ltr'><strong>qua:</strong></span> <span class='ocrx_word' id='word_1_608' title='bbox 1741 1946 1788 1977; x_wconf 82' lang='lat' dir='ltr'><strong>au-</strong></span> 
     </span>
    </p>
   </div>
   <div class='ocr_carea' id='block_1_85' title="bbox 1001 1999 1788 2031">
    <p class='ocr_par' dir='ltr' id='par_1_85' title="bbox 1001 1999 1788 2031">
     <span class='ocr_line' id='line_1_85' title="bbox 1001 1999 1788 2031; baseline -0.01 -1"><span class='ocrx_word' id='word_1_609' title='bbox 1001 2009 1052 2031; x_wconf 91' lang='lat' dir='ltr'><strong>tem</strong></span> <span class='ocrx_word' id='word_1_610' title='bbox 1076 2003 1109 2030; x_wconf 86' lang='lat' dir='ltr'><strong>ad</strong></span> <span class='ocrx_word' id='word_1_611' title='bbox 1135 2002 1192 2029; x_wconf 87' lang='lat' dir='ltr'><strong>veri</strong></span> <span class='ocrx_word' id='word_1_612' title='bbox 1225 2001 1327 2028; x_wconf 86' lang='lat' dir='ltr'><strong>Domini</strong></span> <span class='ocrx_word' id='word_1_613' title='bbox 1346 2005 1372 2027; x_wconf 87' lang='lat' dir='ltr'><strong>ct</strong></span> <span class='ocrx_word' id='word_1_614' title='bbox 1393 1999 1495 2026; x_wconf 85' lang='lat' dir='ltr'><strong>Christi</strong></span> <span class='ocrx_word' id='word_1_615' title='bbox 1520 2002 1627 2031; x_wconf 87' lang='lat' dir='ltr'><strong>tempus</strong></span> <span class='ocrx_word' id='word_1_616' title='bbox 1653 2000 1788 2031; x_wconf 88' lang='lat' dir='ltr'><strong>spectant,</strong></span> 
     </span>
    </p>
   </div>
   <div class='ocr_carea' id='block_1_86' title="bbox 1000 2044 1789 2084">
    <p class='ocr_par' dir='ltr' id='par_1_86' title="bbox 1000 2044 1789 2084">
     <span class='ocr_line' id='line_1_86' title="bbox 1000 2044 1789 2084; baseline -0.008 -8"><span class='ocrx_word' id='word_1_617' title='bbox 1000 2049 1175 2084; x_wconf 86' lang='lat' dir='ltr'><strong>spiritualiter</strong></span> <span class='ocrx_word' id='word_1_618' title='bbox 1200 2048 1310 2083; x_wconf 84' lang='lat' dir='ltr'><strong>impleta</strong></span> <span class='ocrx_word' id='word_1_619' title='bbox 1336 2048 1438 2079; x_wconf 85' lang='lat' dir='ltr'><strong>fuisse;</strong></span> <span class='ocrx_word' id='word_1_620' title='bbox 1457 2046 1492 2072; x_wconf 89' lang='lat' dir='ltr'><strong>ita</strong></span> <span class='ocrx_word' id='word_1_621' title='bbox 1519 2049 1549 2071; x_wconf 91' lang='lat' dir='ltr'><strong>ut</strong></span> <span class='ocrx_word' id='word_1_622' title='bbox 1570 2044 1596 2070; x_wconf 92' lang='lat' dir='ltr'><strong>in</strong></span> <span class='ocrx_word' id='word_1_623' title='bbox 1623 2044 1682 2078; x_wconf 83' lang='lat' dir='ltr'><strong>ipso</strong></span> <span class='ocrx_word' id='word_1_624' title='bbox 1703 2044 1789 2078; x_wconf 79' lang='lat' dir='ltr'><strong>magis</strong></span> 
     </span>
    </p>
   </div>
   <div class='ocr_carea' id='block_1_87' title="bbox 1000 2089 1789 2130">
    <p class='ocr_par' dir='ltr' id='par_1_87' title="bbox 1000 2089 1789 2130">
     <span class='ocr_line' id='line_1_87' title="bbox 1000 2089 1789 2130; baseline -0.01 -7"><span class='ocrx_word' id='word_1_625' title='bbox 1000 2103 1080 2123; x_wconf 81' lang='lat' dir='ltr'><strong>verus</strong></span> <span class='ocrx_word' id='word_1_626' title='bbox 1106 2095 1324 2130; x_wconf 84' lang='lat' dir='ltr'><strong>deprehendatur</strong></span> <span class='ocrx_word' id='word_1_627' title='bbox 1346 2100 1448 2124; x_wconf 81' lang='lat' dir='ltr'><strong>sermo,</strong></span> <span class='ocrx_word' id='word_1_628' title='bbox 1474 2091 1519 2126; x_wconf 87' lang='lat' dir='ltr'><strong>qui</strong></span> <span class='ocrx_word' id='word_1_629' title='bbox 1545 2091 1594 2122; x_wconf 80' lang='lat' dir='ltr'><strong>ait,</strong></span> <span class='ocrx_word' id='word_1_630' title='bbox 1613 2099 1621 2115; x_wconf 82' lang='grc' dir='ltr'><strong>ι</strong></span> <span class='ocrx_word' id='word_1_631' title='bbox 1641 2089 1702 2116; x_wconf 70' lang='lat' dir='ltr'><strong>Haec</strong></span> <span class='ocrx_word' id='word_1_632' title='bbox 1724 2089 1789 2116; x_wconf 88' lang='lat' dir='ltr'><strong>dicit</strong></span> 
     </span>
    </p>
   </div>
   <div class='ocr_carea' id='block_1_88' title="bbox 1002 2136 1789 2174">
    <p class='ocr_par' dir='ltr' id='par_1_88' title="bbox 1002 2136 1789 2174">
     <span class='ocr_line' id='line_1_88' title="bbox 1002 2136 1789 2174; baseline -0.011 -4"><span class='ocrx_word' id='word_1_633' title='bbox 1002 2142 1130 2170; x_wconf 85' lang='lat' dir='ltr'><strong>Dominus</strong></span> <span class='ocrx_word' id='word_1_634' title='bbox 1152 2141 1255 2169; x_wconf 80' lang='lat' dir='ltr'><strong>cbrism</strong></span> <span class='ocrx_word' id='word_1_635' title='bbox 1274 2147 1333 2167; x_wconf 89' lang='lat' dir='ltr'><strong>tneo</strong></span> <span class='ocrx_word' id='word_1_636' title='bbox 1351 2139 1433 2174; x_wconf 88' lang='lat' dir='ltr'><strong>Cyro.</strong></span> <span class='ocrx_word' id='word_1_637' title='bbox 1451 2148 1460 2164; x_wconf 86' lang='grc'><strong>›</strong></span> <span class='ocrx_word' id='word_1_638' title='bbox 1488 2137 1554 2164; x_wconf 81' lang='lat' dir='ltr'><strong>Nam</strong></span> <span class='ocrx_word' id='word_1_639' title='bbox 1572 2136 1720 2164; x_wconf 78' lang='lat' dir='ltr'><strong>secundum</strong></span> <span class='ocrx_word' id='word_1_640' title='bbox 1741 2136 1789 2161; x_wconf 85' lang='lat' dir='ltr'><strong>ob-</strong></span> 
     </span>
    </p>
   </div>
   <div class='ocr_carea' id='block_1_89' title="bbox 1000 2181 1790 2222">
    <p class='ocr_par' dir='ltr' id='par_1_89' title="bbox 1000 2181 1790 2222">
     <span class='ocr_line' id='line_1_89' title="bbox 1000 2181 1790 2222; baseline -0.013 -5"><span class='ocrx_word' id='word_1_641' title='bbox 1000 2189 1070 2217; x_wconf 67' lang='lat' dir='ltr'><strong>Viam</strong></span> <span class='ocrx_word' id='word_1_642' title='bbox 1081 2188 1238 2220; x_wconf 82' lang='lat' dir='ltr'><strong>dictionem,</strong></span> <span class='ocrx_word' id='word_1_643' title='bbox 1260 2195 1346 2222; x_wconf 71' lang='lat' dir='ltr'><strong>neque</strong></span> <span class='ocrx_word' id='word_1_644' title='bbox 1370 2186 1492 2213; x_wconf 82' lang='lat' dir='ltr'><strong>christus</strong></span> <span class='ocrx_word' id='word_1_645' title='bbox 1517 2183 1564 2210; x_wconf 89' lang='lat' dir='ltr'><strong>Dei</strong></span> <span class='ocrx_word' id='word_1_646' title='bbox 1588 2183 1695 2210; x_wconf 84' lang='lat' dir='ltr'><strong>videtur</strong></span> <span class='ocrx_word' id='word_1_647' title='bbox 1707 2181 1790 2208; x_wconf 87' lang='lat' dir='ltr'><strong>fuisse</strong></span> 
     </span>
    </p>
   </div>
   <div class='ocr_carea' id='block_1_90' title="bbox 1001 2228 1788 2267">
    <p class='ocr_par' dir='ltr' id='par_1_90' title="bbox 1001 2228 1788 2267">
     <span class='ocr_line' id='line_1_90' title="bbox 1001 2228 1788 2267; baseline -0.013 -4"><span class='ocrx_word' id='word_1_648' title='bbox 1001 2235 1144 2263; x_wconf 84' lang='lat' dir='ltr'><strong>Persarum</strong></span> <span class='ocrx_word' id='word_1_649' title='bbox 1165 2234 1209 2260; x_wconf 86' lang='lat' dir='ltr'><strong>ille</strong></span> <span class='ocrx_word' id='word_1_650' title='bbox 1229 2241 1290 2265; x_wconf 78' lang='lat' dir='ltr'><strong>rex,</strong></span> <span class='ocrx_word' id='word_1_651' title='bbox 1311 2232 1357 2267; x_wconf 88' lang='lat' dir='ltr'><strong>qui</strong></span> <span class='ocrx_word' id='word_1_652' title='bbox 1384 2231 1600 2266; x_wconf 84' lang='lat' dir='ltr'><strong>Hierosolymam</strong></span> <span class='ocrx_word' id='word_1_653' title='bbox 1625 2228 1788 2257; x_wconf 73' lang='lat' dir='ltr'><strong>construxit.</strong></span> 
     </span>
    </p>
   </div>
   <div class='ocr_carea' id='block_1_91' title="bbox 161 2272 948 2316">
    <p class='ocr_par' dir='ltr' id='par_1_91' title="bbox 161 2272 948 2309">
     <span class='ocr_line' id='line_1_91' title="bbox 161 2272 948 2309; baseline 0 -10"><span class='ocrx_word' id='word_1_654' title='bbox 161 2272 235 2307; x_wconf 80' lang='grc' dir='ltr'>ζωὴν</span> <span class='ocrx_word' id='word_1_655' title='bbox 250 2272 388 2307; x_wconf 71' lang='grc' dir='ltr'>προῦκοψε</span> <span class='ocrx_word' id='word_1_656' title='bbox 408 2272 457 2308; x_wconf 86' lang='grc' dir='ltr'>τῆς</span> <span class='ocrx_word' id='word_1_657' title='bbox 472 2272 616 2308; x_wconf 70' lang='grc' dir='ltr'>οίκοδομῆς</span> <span class='ocrx_word' id='word_1_658' title='bbox 639 2273 669 2299; x_wconf 82' lang='grc' dir='ltr'><strong>τὺ</strong></span> <span class='ocrx_word' id='word_1_659' title='bbox 687 2273 780 2308; x_wconf 69' lang='grc' dir='ltr'>ἔργονι</span> <span class='ocrx_word' id='word_1_660' title='bbox 804 2273 883 2308; x_wconf 85' lang='grc' dir='ltr'>μόνον</span> <span class='ocrx_word' id='word_1_661' title='bbox 896 2273 948 2309; x_wconf 76' lang='grc' dir='ltr'><strong>γὰρ</strong></span> 
     </span>
    </p>
   </div>
   <div class='ocr_carea' id='block_1_92' title="bbox 999 2272 1790 2316">
    <p class='ocr_par' dir='ltr' id='par_1_92' title="bbox 1004 2274 1790 2316">
     <span class='ocr_line' id='line_1_92' title="bbox 1004 2274 1790 2316; baseline -0.013 -7"><span class='ocrx_word' id='word_1_662' title='bbox 1004 2288 1092 2316; x_wconf 88' lang='lat' dir='ltr'><strong>neque</strong></span> <span class='ocrx_word' id='word_1_663' title='bbox 1108 2281 1253 2308; x_wconf 86' lang='lat' dir='ltr'><strong>admodum</strong></span> <span class='ocrx_word' id='word_1_664' title='bbox 1270 2280 1328 2313; x_wconf 84' lang='lat' dir='ltr'><strong>ipso</strong></span> <span class='ocrx_word' id='word_1_665' title='bbox 1344 2279 1452 2305; x_wconf 81' lang='lat' dir='ltr'><strong>vivente</strong></span> <span class='ocrx_word' id='word_1_666' title='bbox 1476 2280 1629 2311; x_wconf 88' lang='lat' dir='ltr'><strong>promotum</strong></span> <span class='ocrx_word' id='word_1_667' title='bbox 1649 2280 1691 2302; x_wconf 88' lang='lat' dir='ltr'><strong>est</strong></span> <span class='ocrx_word' id='word_1_668' title='bbox 1706 2274 1790 2300; x_wconf 65' lang='lat' dir='ltr'><strong>(edifi-</strong></span> 
     </span>
    </p>
   </div>
   <div class='ocr_carea' id='block_1_93' title="bbox 161 2317 950 2354">
    <p class='ocr_par' dir='ltr' id='par_1_93' title="bbox 161 2317 950 2354">
     <span class='ocr_line' id='line_1_93' title="bbox 161 2317 950 2354; baseline 0 -10"><span class='ocrx_word' id='word_1_669' title='bbox 161 2317 278 2353; x_wconf 74' lang='grc' dir='ltr'>ἦρξαντο</span> <span class='ocrx_word' id='word_1_670' title='bbox 301 2317 357 2344; x_wconf 85' lang='grc' dir='ltr'><strong>τῶν</strong></span> <span class='ocrx_word' id='word_1_671' title='bbox 373 2318 505 2354; x_wconf 86' lang='grc' dir='ltr'>θεμελίων</span> <span class='ocrx_word' id='word_1_672' title='bbox 530 2318 600 2344; x_wconf 80' lang='grc' dir='ltr'>κατὰ</span> <span class='ocrx_word' id='word_1_673' title='bbox 621 2319 684 2350; x_wconf 84' lang='grc' dir='ltr'>τοὺς</span> <span class='ocrx_word' id='word_1_674' title='bbox 705 2318 805 2349; x_wconf 83' lang='grc' dir='ltr'>αὐτοὺς</span> <span class='ocrx_word' id='word_1_675' title='bbox 821 2319 950 2353; x_wconf 69' lang='grc' dir='ltr'>χρόνουςο</span> 
     </span>
    </p>
   </div>
   <div class='ocr_carea' id='block_1_94' title="bbox 161 2361 952 2398">
    <p class='ocr_par' dir='ltr' id='par_1_94' title="bbox 161 2361 952 2398">
     <span class='ocr_line' id='line_1_94' title="bbox 161 2361 952 2398; baseline 0 -9"><span class='ocrx_word' id='word_1_676' title='bbox 161 2361 211 2390; x_wconf 72' lang='grc' dir='ltr'>εἴτ’</span> <span class='ocrx_word' id='word_1_677' title='bbox 228 2362 467 2398; x_wconf 83' lang='grc' dir='ltr'>ὲπισχεθέντοςτοῦ</span> <span class='ocrx_word' id='word_1_678' title='bbox 480 2362 573 2398; x_wconf 80' lang='grc' dir='ltr'>ἔργου,</span> <span class='ocrx_word' id='word_1_679' title='bbox 587 2362 720 2396; x_wconf 80' lang='grc' dir='ltr'>διέμεινεν</span> <span class='ocrx_word' id='word_1_680' title='bbox 733 2362 834 2398; x_wconf 73' lang='grc' dir='ltr'>ἔρημος</span> <span class='ocrx_word' id='word_1_681' title='bbox 847 2365 860 2389; x_wconf 84' lang='grc' dir='ltr'>ὀ</span> <span class='ocrx_word' id='word_1_682' title='bbox 871 2363 952 2394; x_wconf 82' lang='grc' dir='ltr'>τόπος</span> 
     </span>
    </p>
   </div>
   <div class='ocr_carea' id='block_1_95' title="bbox 163 2408 952 2445">
    <p class='ocr_par' dir='ltr' id='par_1_95' title="bbox 163 2408 952 2445">
     <span class='ocr_line' id='line_1_95' title="bbox 163 2408 952 2445; baseline 0.001 -10"><span class='ocrx_word' id='word_1_683' title='bbox 163 2409 244 2445; x_wconf 84' lang='grc' dir='ltr'>μέχρι</span> <span class='ocrx_word' id='word_1_684' title='bbox 253 2409 303 2444; x_wconf 81' lang='grc' dir='ltr'>τῆς</span> <span class='ocrx_word' id='word_1_685' title='bbox 318 2409 431 2444; x_wconf 83' lang='grc' dir='ltr'>Δαρείου</span> <span class='ocrx_word' id='word_1_686' title='bbox 450 2409 596 2444; x_wconf 77' lang='grc' dir='ltr'>βασιλείας.</span> <span class='ocrx_word' id='word_1_687' title='bbox 616 2410 671 2436; x_wconf 76' lang='grc' dir='ltr'><strong>Καὶ</strong></span> <span class='ocrx_word' id='word_1_688' title='bbox 687 2408 721 2436; x_wconf 78' lang='grc' dir='ltr'>τὰ</span> <span class='ocrx_word' id='word_1_689' title='bbox 738 2409 801 2444; x_wconf 78' lang='grc' dir='ltr'><strong>ἑξῆς</strong></span> <span class='ocrx_word' id='word_1_690' title='bbox 819 2409 847 2436; x_wconf 78' lang='grc' dir='ltr'>δὲ</span> <span class='ocrx_word' id='word_1_691' title='bbox 863 2410 952 2436; x_wconf 67' lang='grc' dir='ltr'>ἐπιλε-</span> 
     </span>
    </p>
   </div>
   <div class='ocr_carea' id='block_1_96' title="bbox 161 2453 952 2490">
    <p class='ocr_par' dir='ltr' id='par_1_96' title="bbox 161 2453 952 2490">
     <span class='ocr_line' id='line_1_96' title="bbox 161 2453 952 2490; baseline 0.003 -10"><span class='ocrx_word' id='word_1_692' title='bbox 161 2454 264 2489; x_wconf 81' lang='grc' dir='ltr'>γόμενα</span> <span class='ocrx_word' id='word_1_693' title='bbox 279 2454 378 2489; x_wconf 82' lang='grc' dir='ltr'>μᾶλλον</span> <span class='ocrx_word' id='word_1_694' title='bbox 392 2454 431 2490; x_wconf 85' lang='grc' dir='ltr'>τῷ</span> <span class='ocrx_word' id='word_1_695' title='bbox 444 2454 581 2490; x_wconf 73' lang='grc' dir='ltr'>Χριστῷἢ</span> <span class='ocrx_word' id='word_1_696' title='bbox 599 2453 637 2490; x_wconf 86' lang='grc' dir='ltr'><strong>τῷ</strong></span> <span class='ocrx_word' id='word_1_697' title='bbox 649 2454 704 2481; x_wconf 84' lang='grc' dir='ltr'>τῶν</span> <span class='ocrx_word' id='word_1_698' title='bbox 719 2455 831 2490; x_wconf 76' lang='grc' dir='ltr'>Περσῶν</span> <span class='ocrx_word' id='word_1_699' title='bbox 847 2455 952 2489; x_wconf 83' lang='grc' dir='ltr'>βασιλεῖ</span> 
     </span>
    </p>
   </div>
   <div class='ocr_carea' id='block_1_97' title="bbox 161 2500 949 2537">
    <p class='ocr_par' dir='ltr' id='par_1_97' title="bbox 161 2500 949 2537">
     <span class='ocr_line' id='line_1_97' title="bbox 161 2500 949 2537; baseline 0.003 -12"><span class='ocrx_word' id='word_1_700' title='bbox 161 2500 343 2535; x_wconf 81' lang='grc' dir='ltr'>ἐφαρμόσειεν</span> <span class='ocrx_word' id='word_1_701' title='bbox 361 2500 393 2526; x_wconf 78' lang='grc' dir='ltr'>ἄν</span> <span class='ocrx_word' id='word_1_702' title='bbox 404 2509 410 2515; x_wconf 88' lang='grc'>·</span> <span class='ocrx_word' id='word_1_703' title='bbox 427 2501 474 2527; x_wconf 65' lang='grc' dir='ltr'>καὶ</span> <span class='ocrx_word' id='word_1_704' title='bbox 494 2501 593 2536; x_wconf 77' lang='grc' dir='ltr'>μᾶλλον</span> <span class='ocrx_word' id='word_1_705' title='bbox 610 2500 648 2536; x_wconf 86' lang='grc' dir='ltr'>τῷ</span> <span class='ocrx_word' id='word_1_706' title='bbox 667 2501 793 2536; x_wconf 78' lang='grc' dir='ltr'>ἡμετέρῳ</span> <span class='ocrx_word' id='word_1_707' title='bbox 815 2502 949 2537; x_wconf 75' lang='grc' dir='ltr'>Σωτῆριῆ</span> 
     </span>
    </p>
   </div>
   <div class='ocr_carea' id='block_1_98' title="bbox 161 2544 375 2581">
    <p class='ocr_par' dir='ltr' id='par_1_98' title="bbox 161 2544 375 2581">
     <span class='ocr_line' id='line_1_98' title="bbox 161 2544 375 2581; baseline 0 -9"><span class='ocrx_word' id='word_1_708' title='bbox 161 2544 200 2580; x_wconf 87' lang='grc' dir='ltr'>τῷ</span> <span class='ocrx_word' id='word_1_709' title='bbox 214 2545 375 2581; x_wconf 75' lang='grc' dir='ltr'>Ζοροϐάῦελ.</span> 
     </span>
    </p>
   </div>
   <div class='ocr_carea' id='block_1_99' title="bbox 201 2601 951 2640">
    <p class='ocr_par' dir='ltr' id='par_1_99' title="bbox 201 2601 951 2640">
     <span class='ocr_line' id='line_1_99' title="bbox 201 2601 951 2640; baseline 0.005 -13"><span class='ocrx_word' id='word_1_710' title='bbox 201 2611 212 2627; x_wconf 81' lang='grc' dir='ltr'><strong>ι</strong></span> <span class='ocrx_word' id='word_1_711' title='bbox 236 2602 290 2628; x_wconf 81' lang='grc' dir='ltr'><strong>Καὶ</strong></span> <span class='ocrx_word' id='word_1_712' title='bbox 306 2601 384 2629; x_wconf 89' lang='grc' dir='ltr'>δώσω</span> <span class='ocrx_word' id='word_1_713' title='bbox 403 2610 444 2629; x_wconf 88' lang='grc' dir='ltr'><strong>σοι</strong></span> <span class='ocrx_word' id='word_1_714' title='bbox 464 2602 617 2638; x_wconf 73' lang='grc' dir='ltr'>θησαυροὺς</span> <span class='ocrx_word' id='word_1_715' title='bbox 641 2604 805 2636; x_wconf 81' lang='grc' dir='ltr'>σκοτεινοὺς,</span> <span class='ocrx_word' id='word_1_716' title='bbox 830 2605 951 2640; x_wconf 81' lang='grc' dir='ltr'>ἀποκρὺ-</span> 
     </span>
    </p>
   </div>
   <div class='ocr_carea' id='block_1_100' title="bbox 162 2646 950 2682">
    <p class='ocr_par' dir='ltr' id='par_1_100' title="bbox 162 2646 950 2682">
     <span class='ocr_line' id='line_1_100' title="bbox 162 2646 950 2682; baseline 0.001 -9"><span class='ocrx_word' id='word_1_717' title='bbox 162 2655 239 2681; x_wconf 82' lang='grc' dir='ltr'>φους,</span> <span class='ocrx_word' id='word_1_718' title='bbox 257 2647 387 2682; x_wconf 70' lang='grc' dir='ltr'>ἀοράτους,</span> <span class='ocrx_word' id='word_1_719' title='bbox 407 2646 504 2678; x_wconf 82' lang='grc' dir='ltr'>ἁνοίξω</span> <span class='ocrx_word' id='word_1_720' title='bbox 523 2655 579 2673; x_wconf 89' lang='grc' dir='ltr'>σοι·</span> <span class='ocrx_word' id='word_1_721' title='bbox 598 2647 641 2673; x_wconf 80' lang='grc' dir='ltr'>ἵνα</span> <span class='ocrx_word' id='word_1_722' title='bbox 663 2647 744 2682; x_wconf 84' lang='grc' dir='ltr'>γνῷς,</span> <span class='ocrx_word' id='word_1_723' title='bbox 761 2648 803 2674; x_wconf 81' lang='grc' dir='ltr'>ὅτι</span> <span class='ocrx_word' id='word_1_724' title='bbox 822 2648 878 2682; x_wconf 80' lang='grc' dir='ltr'><strong>ἐγὼ</strong></span> <span class='ocrx_word' id='word_1_725' title='bbox 894 2648 950 2674; x_wconf 83' lang='grc' dir='ltr'><strong>Κύ-</strong></span> 
     </span>
    </p>
   </div>
   <div class='ocr_carea' id='block_1_101' title="bbox 164 2693 950 2729">
    <p class='ocr_par' dir='ltr' id='par_1_101' title="bbox 164 2693 950 2729">
     <span class='ocr_line' id='line_1_101' title="bbox 164 2693 950 2729; baseline 0.004 -11"><span class='ocrx_word' id='word_1_726' title='bbox 164 2701 220 2729; x_wconf 86' lang='grc' dir='ltr'>ριος</span> <span class='ocrx_word' id='word_1_727' title='bbox 239 2693 254 2719; x_wconf 83' lang='grc' dir='ltr'><strong>ό</strong></span> <span class='ocrx_word' id='word_1_728' title='bbox 271 2693 339 2724; x_wconf 78' lang='grc' dir='ltr'>Θεός</span> <span class='ocrx_word' id='word_1_729' title='bbox 364 2701 429 2724; x_wconf 88' lang='grc' dir='ltr'>σου,</span> <span class='ocrx_word' id='word_1_730' title='bbox 452 2694 466 2719; x_wconf 87' lang='grc' dir='ltr'><strong>ό</strong></span> <span class='ocrx_word' id='word_1_731' title='bbox 491 2693 582 2720; x_wconf 79' lang='grc' dir='ltr'>καλῶν</span> <span class='ocrx_word' id='word_1_732' title='bbox 602 2694 633 2720; x_wconf 82' lang='grc' dir='ltr'>τὸ</span> <span class='ocrx_word' id='word_1_733' title='bbox 658 2694 744 2729; x_wconf 72' lang='grc' dir='ltr'>ὄνομα</span> <span class='ocrx_word' id='word_1_734' title='bbox 768 2702 825 2726; x_wconf 82' lang='grc' dir='ltr'>σου,</span> <span class='ocrx_word' id='word_1_735' title='bbox 850 2696 863 2721; x_wconf 88' lang='grc' dir='ltr'>ὁ</span> <span class='ocrx_word' id='word_1_736' title='bbox 884 2694 950 2726; x_wconf 82' lang='grc' dir='ltr'>Θεὸς</span> 
     </span>
    </p>
   </div>
   <div class='ocr_carea' id='block_1_102' title="bbox 169 2737 949 2776">
    <p class='ocr_par' dir='ltr' id='par_1_102' title="bbox 169 2737 949 2776">
     <span class='ocr_line' id='line_1_102' title="bbox 169 2737 949 2776; baseline 0.001 -10"><span class='ocrx_word' id='word_1_737' title='bbox 169 2737 407 2774; x_wconf 82' lang='grc' dir='ltr'>Ἰσραήλ.Ἔνεγ.εν</span> <span class='ocrx_word' id='word_1_738' title='bbox 422 2738 470 2765; x_wconf 75' lang='grc' dir='ltr'>τοῦ</span> <span class='ocrx_word' id='word_1_739' title='bbox 487 2739 579 2771; x_wconf 79' lang='grc' dir='ltr'>παιδός</span> <span class='ocrx_word' id='word_1_740' title='bbox 592 2748 641 2774; x_wconf 89' lang='grc' dir='ltr'><strong>μου</strong></span> <span class='ocrx_word' id='word_1_741' title='bbox 656 2740 763 2770; x_wconf 74' lang='grc' dir='ltr'>Ἰακὼϐ.</span> <span class='ocrx_word' id='word_1_742' title='bbox 780 2741 825 2767; x_wconf 77' lang='grc' dir='ltr'>καὶ</span> <span class='ocrx_word' id='word_1_743' title='bbox 842 2741 949 2776; x_wconf 81' lang='grc' dir='ltr'>Ἰσραὴλ</span> 
     </span>
    </p>
   </div>
   <div class='ocr_carea' id='block_1_103' title="bbox 162 2783 948 2820">
    <p class='ocr_par' dir='ltr' id='par_1_103' title="bbox 162 2783 948 2820">
     <span class='ocr_line' id='line_1_103' title="bbox 162 2783 948 2820; baseline 0.003 -10"><span class='ocrx_word' id='word_1_744' title='bbox 162 2783 210 2810; x_wconf 83' lang='grc' dir='ltr'>τοῦ</span> <span class='ocrx_word' id='word_1_745' title='bbox 230 2783 358 2810; x_wconf 81' lang='grc' dir='ltr'>ἐκλεκτοῠ</span> <span class='ocrx_word' id='word_1_746' title='bbox 383 2792 444 2818; x_wconf 85' lang='grc' dir='ltr'>μου,</span> <span class='ocrx_word' id='word_1_747' title='bbox 461 2783 516 2818; x_wconf 77' lang='grc' dir='ltr'>ἐγὼ</span> <span class='ocrx_word' id='word_1_748' title='bbox 530 2784 637 2811; x_wconf 85' lang='grc' dir='ltr'>καλέσω</span> <span class='ocrx_word' id='word_1_749' title='bbox 656 2793 686 2811; x_wconf 91' lang='grc' dir='ltr'><strong>σε</strong></span> <span class='ocrx_word' id='word_1_750' title='bbox 705 2785 743 2820; x_wconf 79' lang='grc' dir='ltr'>τῷ</span> <span class='ocrx_word' id='word_1_751' title='bbox 762 2785 873 2820; x_wconf 80' lang='grc' dir='ltr'>ὀνόματί</span> <span class='ocrx_word' id='word_1_752' title='bbox 887 2795 948 2817; x_wconf 88' lang='grc' dir='ltr'>σου,</span> 
     </span>
    </p>
   </div>
   <div class='ocr_carea' id='block_1_104' title="bbox 164 2829 950 2866">
    <p class='ocr_par' dir='ltr' id='par_1_104' title="bbox 164 2829 950 2866">
     <span class='ocr_line' id='line_1_104' title="bbox 164 2829 950 2866; baseline 0.001 -9"><span class='ocrx_word' id='word_1_753' title='bbox 164 2831 212 2858; x_wconf 73' lang='grc' dir='ltr'>καὶ</span> <span class='ocrx_word' id='word_1_754' title='bbox 228 2829 410 2866; x_wconf 79' lang='grc' dir='ltr'>προσδέξομαί</span> <span class='ocrx_word' id='word_1_755' title='bbox 422 2839 467 2856; x_wconf 86' lang='grc' dir='ltr'>σε·</span> <span class='ocrx_word' id='word_1_756' title='bbox 483 2831 516 2857; x_wconf 83' lang='grc' dir='ltr'>σὺ</span> <span class='ocrx_word' id='word_1_757' title='bbox 530 2830 559 2856; x_wconf 78' lang='grc' dir='ltr'>δὲ</span> <span class='ocrx_word' id='word_1_758' title='bbox 577 2831 627 2857; x_wconf 75' lang='grc' dir='ltr'>οὐκ</span> <span class='ocrx_word' id='word_1_759' title='bbox 644 2831 728 2865; x_wconf 81' lang='grc' dir='ltr'>ἔγνως</span> <span class='ocrx_word' id='word_1_760' title='bbox 744 2840 788 2866; x_wconf 83' lang='grc' dir='ltr'>με.</span> <span class='ocrx_word' id='word_1_761' title='bbox 806 2842 815 2857; x_wconf 71' lang='grc' dir='ltr'><strong>ι</strong></span> <span class='ocrx_word' id='word_1_762' title='bbox 834 2832 902 2864; x_wconf 82' lang='grc' dir='ltr'>Τούς</span> <span class='ocrx_word' id='word_1_763' title='bbox 921 2841 950 2858; x_wconf 82' lang='grc' dir='ltr'><strong>τε</strong></span> 
     </span>
    </p>
   </div>
   <div class='ocr_carea' id='block_1_105' title="bbox 163 2875 950 2912">
    <p class='ocr_par' dir='ltr' id='par_1_105' title="bbox 163 2875 950 2912">
     <span class='ocr_line' id='line_1_105' title="bbox 163 2875 950 2912; baseline 0.001 -10"><span class='ocrx_word' id='word_1_764' title='bbox 163 2876 229 2903; x_wconf 83' lang='grc' dir='ltr'>εῐσω</span> <span class='ocrx_word' id='word_1_765' title='bbox 253 2875 356 2903; x_wconf 78' lang='grc' dir='ltr'>τούτων</span> <span class='ocrx_word' id='word_1_766' title='bbox 367 2876 581 2912; x_wconf 83' lang='grc' dir='ltr'>ταμιευομένους</span> <span class='ocrx_word' id='word_1_767' title='bbox 598 2877 760 2912; x_wconf 76' lang='grc' dir='ltr'>θησαυροὺς,</span> <span class='ocrx_word' id='word_1_768' title='bbox 776 2879 887 2912; x_wconf 77' lang='grc' dir='ltr'>ἀφανεῖς</span> <span class='ocrx_word' id='word_1_769' title='bbox 904 2879 950 2905; x_wconf 70' lang='grc' dir='ltr'><strong>καὶ</strong></span> 
     </span>
    </p>
   </div>
   <div class='ocr_carea' id='block_1_106' title="bbox 166 2922 949 2959">
    <p class='ocr_par' dir='ltr' id='par_1_106' title="bbox 166 2922 949 2959">
     <span class='ocr_line' id='line_1_106' title="bbox 166 2922 949 2959; baseline 0.003 -10"><span class='ocrx_word' id='word_1_770' title='bbox 166 2922 297 2958; x_wconf 72' lang='grc' dir='ltr'>ἀοράτους</span> <span class='ocrx_word' id='word_1_771' title='bbox 315 2923 368 2954; x_wconf 75' lang='grc' dir='ltr'>τοῖς</span> <span class='ocrx_word' id='word_1_772' title='bbox 385 2922 525 2958; x_wconf 62' lang='grc' dir='ltr'>προτέροις</span> <span class='ocrx_word' id='word_1_773' title='bbox 548 2923 685 2958; x_wconf 73' lang='grc' dir='ltr'>βασιλεῦσι</span> <span class='ocrx_word' id='word_1_774' title='bbox 699 2923 867 2959; x_wconf 51' lang='grc' dir='ltr'>πενομένους,</span> <span class='ocrx_word' id='word_1_775' title='bbox 884 2925 949 2951; x_wconf 79' lang='grc' dir='ltr'>ἀνα-</span> 
     </span>
    </p>
   </div>
   <div class='ocr_carea' id='block_1_107' title="bbox 1001 2322 1789 2360">
    <p class='ocr_par' dir='ltr' id='par_1_107' title="bbox 1001 2322 1789 2360">
     <span class='ocr_line' id='line_1_107' title="bbox 1001 2322 1789 2360; baseline -0.011 -5"><span class='ocrx_word' id='word_1_776' title='bbox 1001 2329 1083 2359; x_wconf 89' lang='lat' dir='ltr'><strong>cinm,</strong></span> <span class='ocrx_word' id='word_1_777' title='bbox 1098 2327 1275 2354; x_wconf 86' lang='lat' dir='ltr'><strong>fundamenta</strong></span> <span class='ocrx_word' id='word_1_778' title='bbox 1291 2325 1391 2360; x_wconf 83' lang='lat' dir='ltr'><strong>quippe</strong></span> <span class='ocrx_word' id='word_1_779' title='bbox 1409 2329 1513 2352; x_wconf 86' lang='lat' dir='ltr'><strong>tantum</strong></span> <span class='ocrx_word' id='word_1_780' title='bbox 1538 2322 1598 2357; x_wconf 90' lang='lat' dir='ltr'><strong>ejus</strong></span> <span class='ocrx_word' id='word_1_781' title='bbox 1618 2329 1676 2348; x_wconf 63' lang='lat' dir='ltr'><strong>aevo</strong></span> <span class='ocrx_word' id='word_1_782' title='bbox 1688 2327 1789 2355; x_wconf 86' lang='lat' dir='ltr'><strong>ponere</strong></span> 
     </span>
    </p>
   </div>
   <div class='ocr_carea' id='block_1_108' title="bbox 1001 2366 1790 2409">
    <p class='ocr_par' dir='ltr' id='par_1_108' title="bbox 1001 2366 1790 2409">
     <span class='ocr_line' id='line_1_108' title="bbox 1001 2366 1790 2409; baseline -0.013 -8"><span class='ocrx_word' id='word_1_783' title='bbox 1001 2378 1164 2409; x_wconf 75' lang='lat' dir='ltr'><strong>ccepernnt:</strong></span> <span class='ocrx_word' id='word_1_784' title='bbox 1183 2373 1291 2404; x_wconf 83' lang='lat' dir='ltr'><strong>deinde,</strong></span> <span class='ocrx_word' id='word_1_785' title='bbox 1307 2371 1429 2399; x_wconf 84' lang='lat' dir='ltr'><strong>cohibito</strong></span> <span class='ocrx_word' id='word_1_786' title='bbox 1458 2376 1550 2405; x_wconf 84' lang='lat' dir='ltr'><strong>opere,</strong></span> <span class='ocrx_word' id='word_1_787' title='bbox 1569 2370 1693 2395; x_wconf 82' lang='lat' dir='ltr'><strong>desertus</strong></span> <span class='ocrx_word' id='word_1_788' title='bbox 1716 2366 1790 2393; x_wconf 83' lang='lat' dir='ltr'><strong>locus</strong></span> 
     </span>
    </p>
   </div>
   <div class='ocr_carea' id='block_1_109' title="bbox 1001 2413 1790 2453">
    <p class='ocr_par' dir='ltr' id='par_1_109' title="bbox 1001 2413 1790 2453">
     <span class='ocr_line' id='line_1_109' title="bbox 1001 2413 1790 2453; baseline -0.009 -7"><span class='ocrx_word' id='word_1_789' title='bbox 1001 2419 1102 2447; x_wconf 83' lang='lat' dir='ltr'><strong>mansit</strong></span> <span class='ocrx_word' id='word_1_790' title='bbox 1116 2427 1201 2453; x_wconf 88' lang='lat' dir='ltr'><strong>usque</strong></span> <span class='ocrx_word' id='word_1_791' title='bbox 1216 2419 1248 2446; x_wconf 92' lang='lat' dir='ltr'><strong>ad</strong></span> <span class='ocrx_word' id='word_1_792' title='bbox 1270 2418 1344 2445; x_wconf 88' lang='lat' dir='ltr'><strong>Darii</strong></span> <span class='ocrx_word' id='word_1_793' title='bbox 1357 2424 1482 2452; x_wconf 71' lang='lat' dir='ltr'><strong>regnum.</strong></span> <span class='ocrx_word' id='word_1_794' title='bbox 1501 2415 1565 2448; x_wconf 82' lang='lat' dir='ltr'><strong>Qua:</strong></span> <span class='ocrx_word' id='word_1_795' title='bbox 1582 2422 1645 2440; x_wconf 79' lang='lat' dir='ltr'><strong>vero</strong></span> <span class='ocrx_word' id='word_1_796' title='bbox 1658 2415 1709 2440; x_wconf 74' lang='lat' dir='ltr'><strong>sub</strong></span> <span class='ocrx_word' id='word_1_797' title='bbox 1732 2413 1790 2439; x_wconf 68' lang='lat' dir='ltr'><strong>haec</strong></span> 
     </span>
    </p>
   </div>
   <div class='ocr_carea' id='block_1_110' title="bbox 1001 2458 1788 2499">
    <p class='ocr_par' dir='ltr' id='par_1_110' title="bbox 1001 2458 1788 2499">
     <span class='ocr_line' id='line_1_110' title="bbox 1001 2458 1788 2499; baseline -0.01 -7"><span class='ocrx_word' id='word_1_798' title='bbox 1001 2465 1134 2498; x_wconf 85' lang='lat' dir='ltr'><strong>feruntur,</strong></span> <span class='ocrx_word' id='word_1_799' title='bbox 1148 2465 1257 2493; x_wconf 86' lang='lat' dir='ltr'><strong>Christo</strong></span> <span class='ocrx_word' id='word_1_800' title='bbox 1274 2465 1364 2499; x_wconf 88' lang='lat' dir='ltr'><strong>aptius</strong></span> <span class='ocrx_word' id='word_1_801' title='bbox 1381 2470 1462 2498; x_wconf 91' lang='lat' dir='ltr'><strong>quam</strong></span> <span class='ocrx_word' id='word_1_802' title='bbox 1479 2461 1623 2488; x_wconf 81' lang='lat' dir='ltr'><strong>Persarum</strong></span> <span class='ocrx_word' id='word_1_803' title='bbox 1641 2458 1696 2493; x_wconf 75' lang='lat' dir='ltr'><strong>regi</strong></span> <span class='ocrx_word' id='word_1_804' title='bbox 1713 2466 1788 2485; x_wconf 84' lang='lat' dir='ltr'><strong>com—</strong></span> 
     </span>
    </p>
   </div>
   <div class='ocr_carea' id='block_1_111' title="bbox 1002 2506 1789 2546">
    <p class='ocr_par' dir='ltr' id='par_1_111' title="bbox 1002 2506 1789 2546">
     <span class='ocr_line' id='line_1_111' title="bbox 1002 2506 1789 2546; baseline -0.009 -8"><span class='ocrx_word' id='word_1_805' title='bbox 1002 2517 1117 2546; x_wconf 83' lang='lat' dir='ltr'><strong>petant:</strong></span> <span class='ocrx_word' id='word_1_806' title='bbox 1133 2511 1273 2546; x_wconf 75' lang='lat' dir='ltr'><strong>magisuue</strong></span> <span class='ocrx_word' id='word_1_807' title='bbox 1287 2509 1427 2538; x_wconf 83' lang='lat' dir='ltr'><strong>Servatori</strong></span> <span class='ocrx_word' id='word_1_808' title='bbox 1444 2513 1547 2539; x_wconf 88' lang='lat' dir='ltr'><strong>nostro,</strong></span> <span class='ocrx_word' id='word_1_809' title='bbox 1569 2515 1651 2541; x_wconf 83' lang='lat' dir='ltr'><strong>quant</strong></span> <span class='ocrx_word' id='word_1_810' title='bbox 1669 2506 1789 2533; x_wconf 81' lang='lat' dir='ltr'><strong>Zoreba-</strong></span> 
     </span>
    </p>
   </div>
   <div class='ocr_carea' id='block_1_112' title="bbox 1001 2558 1065 2586">
    <p class='ocr_par' dir='ltr' id='par_1_112' title="bbox 1001 2558 1065 2586">
     <span class='ocr_line' id='line_1_112' title="bbox 1001 2558 1065 2586; baseline 0 -1"><span class='ocrx_word' id='word_1_811' title='bbox 1001 2558 1065 2586; x_wconf 89' lang='lat' dir='ltr'><strong>beli.</strong></span> 
     </span>
    </p>
   </div>
   <div class='ocr_carea' id='block_1_113' title="bbox 1039 2598 1788 2636">
    <p class='ocr_par' dir='ltr' id='par_1_113' title="bbox 1039 2598 1788 2636">
     <span class='ocr_line' id='line_1_113' title="bbox 1039 2598 1788 2636; baseline -0.012 -3"><span class='ocrx_word' id='word_1_812' title='bbox 1039 2604 1120 2632; x_wconf 75' lang='lat' dir='ltr'><strong>sts.</strong></span> <span class='ocrx_word' id='word_1_813' title='bbox 1137 2605 1164 2632; x_wconf 83' lang='lat'><strong>5.</strong></span> <span class='ocrx_word' id='word_1_814' title='bbox 1190 2614 1199 2631; x_wconf 80' lang='grc' dir='ltr'><strong>ι</strong></span> <span class='ocrx_word' id='word_1_815' title='bbox 1227 2604 1260 2631; x_wconf 87' lang='lat' dir='ltr'><strong>Et</strong></span> <span class='ocrx_word' id='word_1_816' title='bbox 1277 2604 1347 2630; x_wconf 87' lang='lat' dir='ltr'><strong>dabo</strong></span> <span class='ocrx_word' id='word_1_817' title='bbox 1371 2602 1419 2630; x_wconf 91' lang='lat' dir='ltr'><strong>tibi</strong></span> <span class='ocrx_word' id='word_1_818' title='bbox 1439 2602 1584 2629; x_wconf 85' lang='lat' dir='ltr'><strong>thesauros</strong></span> <span class='ocrx_word' id='word_1_819' title='bbox 1605 2598 1788 2636; x_wconf 77' lang='lat' dir='ltr'><strong>absconditos,</strong></span> 
     </span>
    </p>
   </div>
   <div class='ocr_carea' id='block_1_114' title="bbox 1001 2646 1788 2684">
    <p class='ocr_par' dir='ltr' id='par_1_114' title="bbox 1001 2646 1788 2684">
     <span class='ocr_line' id='line_1_114' title="bbox 1001 2646 1788 2684; baseline -0.008 -7"><span class='ocrx_word' id='word_1_820' title='bbox 1001 2649 1127 2683; x_wconf 85' lang='lat' dir='ltr'><strong>latentes,</strong></span> <span class='ocrx_word' id='word_1_821' title='bbox 1143 2651 1265 2678; x_wconf 87' lang='lat' dir='ltr'><strong>occultos</strong></span> <span class='ocrx_word' id='word_1_822' title='bbox 1285 2650 1331 2676; x_wconf 91' lang='lat' dir='ltr'><strong>tibi</strong></span> <span class='ocrx_word' id='word_1_823' title='bbox 1350 2649 1470 2684; x_wconf 80' lang='lat' dir='ltr'><strong>aperiam</strong></span> <span class='ocrx_word' id='word_1_824' title='bbox 1484 2657 1492 2680; x_wconf 69' lang='grc' dir='ltr'><strong>ς</strong></span> <span class='ocrx_word' id='word_1_825' title='bbox 1510 2652 1539 2674; x_wconf 82' lang='grc' dir='ltr'><strong>ιιι</strong></span> <span class='ocrx_word' id='word_1_826' title='bbox 1554 2654 1715 2682; x_wconf 77' lang='lat' dir='ltr'><strong>cognoscas.</strong></span> <span class='ocrx_word' id='word_1_827' title='bbox 1726 2646 1788 2680; x_wconf 88' lang='lat' dir='ltr'><strong>quia</strong></span> 
     </span>
    </p>
   </div>
   <div class='ocr_carea' id='block_1_115' title="bbox 1002 2695 1789 2730">
    <p class='ocr_par' dir='ltr' id='par_1_115' title="bbox 1002 2695 1789 2730">
     <span class='ocr_line' id='line_1_115' title="bbox 1002 2695 1789 2730; baseline -0.006 -7"><span class='ocrx_word' id='word_1_828' title='bbox 1002 2704 1053 2730; x_wconf 71' lang='lat' dir='ltr'><strong>ego</strong></span> <span class='ocrx_word' id='word_1_829' title='bbox 1075 2696 1203 2723; x_wconf 88' lang='lat' dir='ltr'><strong>Dominus</strong></span> <span class='ocrx_word' id='word_1_830' title='bbox 1220 2697 1289 2723; x_wconf 84' lang='lat' dir='ltr'><strong>Deus</strong></span> <span class='ocrx_word' id='word_1_831' title='bbox 1315 2700 1386 2726; x_wconf 88' lang='lat' dir='ltr'><strong>tttus,</strong></span> <span class='ocrx_word' id='word_1_832' title='bbox 1408 2695 1454 2729; x_wconf 86' lang='lat' dir='ltr'><strong>qui</strong></span> <span class='ocrx_word' id='word_1_833' title='bbox 1483 2701 1550 2720; x_wconf 88' lang='lat' dir='ltr'><strong>voco</strong></span> <span class='ocrx_word' id='word_1_834' title='bbox 1578 2701 1675 2720; x_wconf 73' lang='lat' dir='ltr'><strong>nomen</strong></span> <span class='ocrx_word' id='word_1_835' title='bbox 1703 2697 1789 2725; x_wconf 90' lang='lat' dir='ltr'><strong>tuum,</strong></span> 
     </span>
    </p>
   </div>
   <div class='ocr_carea' id='block_1_116' title="bbox 1004 2739 1788 2776">
    <p class='ocr_par' dir='ltr' id='par_1_116' title="bbox 1004 2739 1788 2776">
     <span class='ocr_line' id='line_1_116' title="bbox 1004 2739 1788 2776; baseline -0.006 -6"><span class='ocrx_word' id='word_1_836' title='bbox 1004 2741 1199 2773; x_wconf 78' lang='lat' dir='ltr'><strong>Deus&#39;lsrael:</strong></span> <span class='ocrx_word' id='word_1_837' title='bbox 1223 2747 1334 2776; x_wconf 88' lang='lat' dir='ltr'><strong>propter</strong></span> <span class='ocrx_word' id='word_1_838' title='bbox 1356 2748 1468 2776; x_wconf 87' lang='lat' dir='ltr'><strong>puerum</strong></span> <span class='ocrx_word' id='word_1_839' title='bbox 1490 2748 1579 2766; x_wconf 89' lang='lat' dir='ltr'><strong>meum</strong></span> <span class='ocrx_word' id='word_1_840' title='bbox 1590 2739 1685 2773; x_wconf 81' lang='lat' dir='ltr'><strong>Jacob,</strong></span> <span class='ocrx_word' id='word_1_841' title='bbox 1706 2742 1733 2766; x_wconf 92' lang='lat' dir='ltr'><strong>et</strong></span> <span class='ocrx_word' id='word_1_842' title='bbox 1750 2739 1788 2766; x_wconf 90' lang='lat' dir='ltr'><strong>ls—</strong></span> 
     </span>
    </p>
   </div>
   <div class='ocr_carea' id='block_1_117' title="bbox 1004 2786 1790 2823">
    <p class='ocr_par' dir='ltr' id='par_1_117' title="bbox 1004 2786 1790 2823">
     <span class='ocr_line' id='line_1_117' title="bbox 1004 2786 1790 2823; baseline -0.004 -8"><span class='ocrx_word' id='word_1_843' title='bbox 1004 2788 1059 2815; x_wconf 88' lang='lat' dir='ltr'><strong>rael</strong></span> <span class='ocrx_word' id='word_1_844' title='bbox 1076 2788 1191 2815; x_wconf 87' lang='lat' dir='ltr'><strong>electum</strong></span> <span class='ocrx_word' id='word_1_845' title='bbox 1212 2795 1312 2818; x_wconf 86' lang='lat' dir='ltr'><strong>meum.</strong></span> <span class='ocrx_word' id='word_1_846' title='bbox 1327 2795 1378 2823; x_wconf 74' lang='lat' dir='ltr'><strong>ego</strong></span> <span class='ocrx_word' id='word_1_847' title='bbox 1394 2787 1498 2814; x_wconf 84' lang='lat' dir='ltr'><strong>vocabo</strong></span> <span class='ocrx_word' id='word_1_848' title='bbox 1517 2791 1543 2813; x_wconf 88' lang='lat' dir='ltr'><strong>te</strong></span> <span class='ocrx_word' id='word_1_849' title='bbox 1561 2786 1671 2814; x_wconf 91' lang='lat' dir='ltr'><strong>nomine</strong></span> <span class='ocrx_word' id='word_1_850' title='bbox 1694 2791 1751 2818; x_wconf 86' lang='lat' dir='ltr'><strong>tuo,</strong></span> <span class='ocrx_word' id='word_1_851' title='bbox 1763 2791 1790 2813; x_wconf 90' lang='lat' dir='ltr'><strong>et</strong></span> 
     </span>
    </p>
   </div>
   <div class='ocr_carea' id='block_1_118' title="bbox 1002 2832 1788 2868">
    <p class='ocr_par' dir='ltr' id='par_1_118' title="bbox 1002 2832 1788 2868">
     <span class='ocr_line' id='line_1_118' title="bbox 1002 2832 1788 2868; baseline -0.004 -7"><span class='ocrx_word' id='word_1_852' title='bbox 1002 2834 1132 2868; x_wconf 87' lang='lat' dir='ltr'><strong>accipiam</strong></span> <span class='ocrx_word' id='word_1_853' title='bbox 1147 2839 1182 2862; x_wconf 88' lang='lat' dir='ltr'><strong>te.</strong></span> <span class='ocrx_word' id='word_1_854' title='bbox 1204 2833 1244 2860; x_wconf 90' lang='lat' dir='ltr'><strong>Tu</strong></span> <span class='ocrx_word' id='word_1_855' title='bbox 1259 2838 1350 2861; x_wconf 83' lang='lat' dir='ltr'><strong>autem</strong></span> <span class='ocrx_word' id='word_1_856' title='bbox 1369 2841 1422 2860; x_wconf 92' lang='lat' dir='ltr'><strong>non</strong></span> <span class='ocrx_word' id='word_1_857' title='bbox 1441 2833 1592 2868; x_wconf 74' lang='lat' dir='ltr'><strong>cognOvisti</strong></span> <span class='ocrx_word' id='word_1_858' title='bbox 1610 2840 1662 2860; x_wconf 86' lang='lat' dir='ltr'><strong>tne.</strong></span> <span class='ocrx_word' id='word_1_859' title='bbox 1677 2841 1688 2858; x_wconf 72' lang='grc' dir='ltr'><strong><em>ι</em></strong></span> <span class='ocrx_word' id='word_1_860' title='bbox 1716 2832 1788 2859; x_wconf 83' lang='lat' dir='ltr'><strong>Intra</strong></span> 
     </span>
    </p>
   </div>
   <div class='ocr_carea' id='block_1_119' title="bbox 1002 2879 1789 2912">
    <p class='ocr_par' dir='ltr' id='par_1_119' title="bbox 1002 2879 1789 2912">
     <span class='ocr_line' id='line_1_119' title="bbox 1002 2879 1789 2912; baseline -0.003 -5"><span class='ocrx_word' id='word_1_861' title='bbox 1002 2881 1083 2908; x_wconf 87' lang='lat' dir='ltr'><strong>nrbes</strong></span> <span class='ocrx_word' id='word_1_862' title='bbox 1095 2880 1249 2908; x_wconf 84' lang='lat' dir='ltr'><strong>reconditos</strong></span> <span class='ocrx_word' id='word_1_863' title='bbox 1266 2880 1417 2912; x_wconf 82' lang='lat' dir='ltr'><strong>thesauros,</strong></span> <span class='ocrx_word' id='word_1_864' title='bbox 1433 2880 1547 2908; x_wconf 71' lang='lat' dir='ltr'><strong>latentes</strong></span> <span class='ocrx_word' id='word_1_865' title='bbox 1571 2880 1630 2908; x_wconf 77' lang='lat' dir='ltr'><strong>illus</strong></span> <span class='ocrx_word' id='word_1_866' title='bbox 1651 2887 1678 2907; x_wconf 75' lang='lat' dir='ltr'><strong>et</strong></span> <span class='ocrx_word' id='word_1_867' title='bbox 1703 2879 1789 2906; x_wconf 86' lang='lat' dir='ltr'><strong>occul-</strong></span> 
     </span>
    </p>
   </div>
   <div class='ocr_carea' id='block_1_120' title="bbox 1002 2925 1788 2965">
    <p class='ocr_par' dir='ltr' id='par_1_120' title="bbox 1002 2925 1788 2965">
     <span class='ocr_line' id='line_1_120' title="bbox 1002 2925 1788 2965; baseline -0.003 -11"><span class='ocrx_word' id='word_1_868' title='bbox 1002 2931 1053 2960; x_wconf 83' lang='lat' dir='ltr'><strong>tos,</strong></span> <span class='ocrx_word' id='word_1_869' title='bbox 1072 2927 1192 2963; x_wconf 80' lang='lat' dir='ltr'><strong>pristinis</strong></span> <span class='ocrx_word' id='word_1_870' title='bbox 1209 2926 1318 2961; x_wconf 69' lang='lat' dir='ltr'><strong>regibus</strong></span> <span class='ocrx_word' id='word_1_871' title='bbox 1333 2925 1517 2965; x_wconf 75' lang='lat' dir='ltr'><strong>absconditqs,</strong></span> <span class='ocrx_word' id='word_1_872' title='bbox 1538 2927 1656 2962; x_wconf 76' lang='lat' dir='ltr'><strong>aperiam</strong></span> <span class='ocrx_word' id='word_1_873' title='bbox 1669 2925 1732 2959; x_wconf 80' lang='lat' dir='ltr'><strong>tibi;</strong></span> <span class='ocrx_word' id='word_1_874' title='bbox 1759 2929 1788 2952; x_wconf 86' lang='lat' dir='ltr'><strong>ut</strong></span> 
     </span>
    </p>
   </div>
  </div>
