2061 3215
300 182 351 212 ιιι

641 178 773 206 EUSEBII
793 177 1029 206 CJESARIENSIS
1048 178 1123 206 ΟΡΡ.
1146 177 1235 206 PARS
1253 177 1298 205 Ill.
1318 193 1353 198 --
1372 175 1578 204 EXEGETICA.

1869 175 1915 205 412

301 240 369 276 ipsis
380 238 510 275 operibus
523 238 640 270 ediscas,
652 238 715 273 quis
737 245 787 272 ego
806 237 869 269 sim,
895 238 941 272 qui
965 244 1029 265 ante
1051 243 1090 266 tot

1146 238 1253 265 πετάσω
1268 246 1308 264 σοι
1347 237 1384 269 ὡς
1401 236 1433 263 ἂν
1447 236 1538 268 αὐτοῖς
1550 235 1640 271 ἔργοις
1657 235 1751 270 μάθοις
1768 235 1837 267 ὅστις,
1860 237 1917 263 ποτέ

302 294 390 314 annos
406 285 573 320 ipsisslmum
600 291 700 311 nomen
726 288 801 310 tuum
830 284 998 319 propheticis
1015 285 1090 311 Scri-

303 332 394 367 pturis
416 330 496 363 meis,
512 330 591 365 quasi
608 330 696 365 cippis
715 330 836 361 mternis,
859 330 998 365 insculpsi.
1024 330 1090 358 Sum

303 382 395 404 autem
422 376 494 403 Deus
523 374 619 407 Israel,
647 375 719 410 quod
745 382 778 402 ne
800 374 909 409 ignores
937 380 1056 410 oportet.
1075 383 1092 402 o

302 422 394 458 Cyre:
415 421 507 449 omnia
526 420 627 456 quippe
651 419 709 454 lam
736 420 871 448 recensita
896 422 1002 448 tradam
1020 422 1091 454 tibi;

302 476 357 496 non
376 466 457 494 aliam
473 465 508 494 ob
530 474 598 499 rem,
613 473 694 501 quam
711 470 823 502 propter
839 466 967 501 populum
988 474 1091 499 meum,

303 521 385 547 quem
403 512 469 540 mihi
482 511 551 546 elegi
570 519 603 538 ex
618 511 745 540 omnibus
760 512 899 547 gentibus,
914 512 988 547 quod
1001 517 1093 547 patres

303 566 399 587 eorum
419 558 446 585 in
460 558 548 593 pretio
563 558 690 586 habeam.

340 650 424 678 Vsus.
439 649 497 677 5-7.
533 659 544 676 ι
571 649 704 684 Quoniam
733 657 784 685 ego
811 649 943 677 Dominus
968 649 1049 682 Deus,
1066 655 1094 678 et

307 705 359 725 non
375 702 418 725 est
441 697 512 725 alius
530 697 601 725 Deus
619 702 717 732 pneter
740 705 793 724 me.
809 697 988 725 Corroboravi
1009 702 1046 730 te,
1066 703 1095 724 ct

305 752 358 772 non
371 744 520 780 cognovisti
532 752 575 772 me
589 752 596 776 ;
611 749 639 770 ut
652 749 818 778 cognoscant
833 744 877 778 qui
892 744 926 771 ab
939 749 1000 771 ortu
1014 743 1092 775 solis,

305 795 333 818 et
345 791 391 826 qui
411 791 445 818 ab
460 798 570 824 occasu,
586 791 650 825 quia
681 799 734 818 non
764 796 807 818 est
832 791 903 818 Deus
921 796 1020 826 praeter
1040 799 1093 817 me.

306 837 362 872 ligo
378 837 507 864 Dominus
523 837 602 870 Deus,
615 842 643 864 et
661 845 713 864 non
730 843 772 865 est
798 842 942 872 prieterca.
971 837 1026 871 Ego
1048 837 1094 872 qui

305 883 452 917 pmparavi
473 882 570 914 lucem.
586 887 613 910 et
624 883 669 918 qui
684 883 734 911 feci
749 884 885 917 tenebras,
901 884 946 918 qui
964 884 1034 912 facio
1044 891 1093 918 pa-

1142 285 1223 320 εἰμιὸ
1234 283 1287 319 πρὸ
1299 283 1433 310 τοσούτων
1443 282 1512 310 ἐτῶν
1521 282 1650 317 ὀνομαστὶ
1660 281 1709 317 τὴν
1727 281 1776 317 σὴν
1792 290 1917 317 προσηγο-

1143 331 1205 367 ρίαν
1220 332 1280 362 ταῖς
1296 330 1479 366 προφητικαῖς
1498 337 1549 364 μου
1562 329 1694 364 Γραφαῖς,
1713 327 1806 363 ὥσπερ
1819 329 1846 354 ἐν
1859 329 1919 364 στή-

1141 377 1203 408 λαις
1213 376 1343 407 αἰωνίοις,
1358 374 1523 410 ὲγχαράξας.
1537 374 1602 410 Εἰμὶ
1621 374 1649 400 δὲ
1665 375 1679 400 6
1694 373 1760 405 Θεὸς
1782 373 1894 409 Ἰσραὴλ,
1905 373 1920 401 6

1143 423 1277 459 προσήκει
1295 423 1341 449 καὶ
1358 422 1388 448 σὲ
1403 422 1440 457 μὴ
1460 422 1583 455 ἀγνοεῖν,
1614 418 1637 448 ὦ
1657 420 1749 456 Κῦρν
1767 420 1853 447 πάντα
1872 420 1920 456 γὰρ

1142 470 1177 496 τὰ
1193 469 1376 505 προλεχθέντα
1390 468 1538 503 χαριοῦμαι
1554 477 1594 495 σοι
1613 468 1643 495 οὐ
1657 467 1701 494 διά
1717 477 1743 494 τι
1754 467 1856 503 ἕτερον,
1869 467 1920 494 ἀλλ’

1142 516 1236 543 ’ἑνεκεν
1260 514 1308 542 τοῦ
1331 514 1399 550 ἐμοῦ
1421 514 1504 546 λαοῦ,
1526 514 1555 541 ὃν
1581 514 1693 550 ἐμαυτῷ
1713 513 1874 550 ἐξελεξάμην
1895 514 1921 548 ἑξ

1142 561 1271 588 ἁπάντων
1286 559 1342 586 τῶν
1365 559 1449 587 ἐθνῶν
1465 559 1510 586 διὰ
1524 559 1573 595 τὴν
1590 559 1659 595 πρὸς
1671 559 1734 591 τοὺς
1747 559 1865 595 πατέρας
1880 559 1922 586 αὐ·

1142 606 1197 633 τῶν
1211 606 1303 642 τιμήν.
1901 605 1903 607 ’

1183 662 1192 678 ι
1208 652 1270 680 Ὅτι
1287 651 1342 687 ἐγὼ
1358 651 1460 688 Κύριος
1471 652 1486 678 6
1499 651 1576 683 Θεὸς,
1596 652 1643 679 καὶ
1653 653 1703 679 οὐκ
1715 652 1788 680 ἐστιν
1802 652 1841 679 ἐτι
1862 652 1924 688 πλὴν

1145 699 1214 735 ἐμοῦ
1224 699 1301 731 Θεός.
1324 694 1468 734 Ἑνίσχυσά
1480 707 1520 730 σε,
1534 699 1581 725 καὶ
1588 699 1637 725 οὐκ
1647 699 1720 734 ᾔδεις
1729 706 1773 734 με·
1784 699 1826 726 ἴνα
1833 699 1925 733 γνῶσιν

1145 747 1169 772 οἰ
1185 745 1232 772 ἀπ’
1238 745 1374 772 ἀνατολῶν
1386 744 1460 780 ἡλίου
1474 745 1521 771 καὶ
1531 745 1556 771 οι
1569 744 1622 772 ἀπὸ
1635 745 1755 780 δυσμῶν,
1771 745 1868 772 ὅτιούκ
1874 745 1925 772 ἐστι

1145 792 1211 824 Θεὸς
1223 791 1293 827 πλὴν
1306 792 1383 827 ἐμοῦ.
1405 791 1476 826 Ἐγὼ
1498 791 1600 827 Κύριος
1616 792 1630 818 6
1644 791 1720 823 Θεὸς,
1734 791 1782 818 καὶ
1798 792 1847 818 οὐκ
1860 791 1926 818 ἐστιν

1144 837 1194 863 ἔτι.
1218 836 1288 871 Ἐγὼ
1304 837 1318 863 6
1334 837 1541 868 κατασκευάσας
1554 836 1622 871 φῶς,
1640 837 1687 863 καὶ
1698 837 1815 873 ποιήσας
1830 837 1924 868 σκότος,

1145 882 1159 908 6
1182 881 1268 908 ποιῶν
1286 882 1406 917 εἰρήνην,
1428 882 1475 908 καὶ
1491 881 1590 914 κτίζων
1614 881 1696 908 κακά.
1716 880 1788 915 Ἐγὼ
1805 880 1900 917 Κύριος
1913 881 1928 907 6

305 937 376 963 cem,
394 934 421 956 et
435 937 498 957 creo
511 929 593 957 mala.
616 929 674 965 Ego
697 930 827 958 Dominus
853 931 935 963 Deus,
962 930 1008 965 qui
1021 929 1092 958 facio

1146 927 1220 960 Θεὸς,
1237 929 1252 954 6
1263 928 1347 954 ποιῶν
1364 927 1453 954 πάντα
1464 927 1560 954 ταῦτα.
1582 937 1591 953 ι
1613 927 1656 960 Ἐξ
1669 927 1759 954 αὐτῶν
1769 926 1824 962 γὰρ
1834 926 1926 953 τούτων

307 976 363 1004 haee
376 976 477 1004 omnia.
490 985 500 1002 ι
520 976 558 1004 Ex
573 976 616 1004 bis
627 976 693 1011 ipsis
706 977 834 1011 operibus
853 976 976 1005 ediscent
993 984 1002 1009 ς
1030 984 1092 1003 cum

304 1023 377 1051 enim
392 1029 528 1051 arumnas
538 1022 636 1058 populo
648 1029 709 1050 meo
719 1023 753 1050 ad
768 1023 975 1050 conversionem
992 1028 1019 1049 et
1033 1022 1091 1049 dis-

305 1070 436 1104 ciplinam
465 1069 588 1105 inﬂigere
611 1077 680 1105 opus
699 1075 770 1102 erat,
796 1069 916 1098 inimicis
934 1069 1021 1104 ipsum
1038 1074 1093 1096 tra-

305 1116 372 1149 didi,
387 1117 465 1152 quasi
482 1115 600 1144 tenebris
616 1121 644 1143 et
658 1116 705 1143 ira:
720 1115 869 1151 impietatis
881 1123 964 1143 causa
979 1115 1091 1142 dedens.

304 1161 372 1190 Cum
387 1167 476 1190 autem
492 1162 582 1190 denuo
608 1169 772 1190 conwersum
798 1166 827 1190 et
849 1162 884 1189 ad
909 1162 1049 1190 meliorem
1065 1168 1095 1188 se

306 1209 410 1245 frugem
421 1209 608 1244 recipientem,
624 1208 755 1236 reducere
767 1215 836 1242 opus
851 1212 906 1240 est,
921 1214 1094 1241 consequen-

306 1260 348 1283 ter
365 1255 441 1290 pacis
458 1255 634 1290 omniumque
663 1253 795 1282 bonorum
826 1253 917 1280 lumen
944 1253 1010 1288 ipsis
1027 1252 1094 1280 oriri

305 1306 423 1337 oportet.
443 1302 466 1328 A
492 1309 535 1329 me
551 1301 650 1336 quippe
677 1305 705 1328 et
727 1299 816 1327 lumen
831 1304 859 1327 et
872 1307 932 1334 qua:
947 1299 980 1326 ad
1000 1306 1094 1334 pacem

306 1351 430 1382 spectant
446 1347 537 1374 omnia
553 1346 816 1379 subministrantur;
831 1345 936 1380 judicio
951 1345 1015 1374 item
1035 1353 1095 1373 meo

306 1393 375 1421 ultio
390 1401 499 1429 quoque
516 1393 663 1420 inducitur.
682 1393 855 1427 Quapropter
871 1393 943 1420 hanc
958 1401 973 1419 a
990 1400 1033 1420 nte
1044 1393 1094 1420 do-

305 1437 422 1465 ctrinam
435 1439 528 1472 accipe
542 1446 551 1470 ;
565 1445 607 1464 me
616 1437 722 1465 scilicet
735 1441 763 1464 et
775 1436 846 1464 lucis
865 1436 1045 1468 conditorem.
1067 1441 1096 1465 et

306 1483 383 1519 pacis
403 1483 557 1519 largitorem
579 1491 650 1517 esse,
673 1482 854 1517 similiterque
876 1483 1048 1510 tenebrarum
1067 1488 1096 1511 et

305 1535 400 1555 eorum
416 1535 476 1563 qua
491 1527 579 1555 tristia
594 1532 763 1563 reputantnr,
775 1535 836 1563 qua:
851 1536 901 1563 pro
917 1528 996 1556 malis
1010 1535 1094 1563 penes

307 1573 407 1600 multos
426 1573 580 1600 habentur:
598 1577 627 1600 et
642 1578 732 1600 tamen
747 1572 844 1600 borum
858 1578 955 1600 auctor
974 1580 1024 1608 ego
1040 1572 1093 1601 dici

1147 973 1314 1009 μαθήσονται
1333 974 1388 1000 τῶν
1409 973 1515 1009 ιξργων⁶
1535 974 1578 1000 ὅτε
1597 974 1647 1009 μὲν
1669 974 1722 1009 γὰρ
1743 972 1852 1008 λυπηρὰ
1865 972 1926 1008 χρῆν

1146 1019 1296 1053 ἐπαγαγεῖν
1313 1019 1352 1054 τῷ
1368 1018 1428 1054 ἐμῷ
1443 1018 1501 1054 λαῷ
1519 1019 1670 1055 ἐπιστροφῇ
1687 1019 1734 1045 καὶ
1747 1018 1866 1053 παιδεία,
1877 1018 1928 1048 τοῖς

1146 1064 1284 1099 πολεμίοις
1291 1063 1372 1090 αὑτὸν
1380 1063 1510 1096 ἐξέδωκα,
1521 1063 1596 1090 ὥσπε
1599 1073 1616 1099 ρ
1624 1064 1713 1099 σκότῳ
1718 1064 1765 1090 καὶ
1772 1064 1841 1100 ὀργῇ
1847 1071 1926 1098 παρα-

1143 1109 1205 1141 δοὺς
1216 1109 1296 1136 αὐτὸν
1303 1108 1357 1136 τῶν
1366 1108 1451 1144 ἁσεὸη
1455 1109 1548 1144 μάτων
1554 1109 1643 1145 χάριν·
1653 1110 1697 1136 ὅτε
1703 1110 1742 1143 δὲ,
1759 1109 1835 1145 φησι.
1843 1108 1926 1135 λοιπὸν

1146 1156 1348 1192 ἐπιστρέψαντα
1365 1156 1412 1182 καὶ
1428 1156 1604 1192 ὼφελημὲνον
1623 1157 1756 1192 προσήκει
1772 1155 1926 1186 ἀναλαϐεῖν,

1145 1195 1291 1229 ἀκόλουθον
1309 1202 1342 1229 ἂν
1359 1202 1401 1238 εἴη
1418 1202 1476 1236 φῶς
1492 1203 1605 1238 εἰρήνης
1625 1202 1673 1229 καὶ
1695 1203 1805 1230 πάντων
1827 1201 1927 1236 ἀγαθῶν

1146 1248 1300 1275 ἀνατέλλειν
1308 1248 1352 1275 ἐπ’
1361 1248 1452 1276 αὐτόν.
1466 1248 1511 1282 Ἐξ
1522 1248 1590 1284 ἐμοῦ
1604 1249 1659 1284 γὰρ
1667 1249 1698 1275 τὸ
1706 1248 1766 1283 φῶς
1779 1250 1926 1285 χορηγεῖται

1145 1294 1194 1321 καὶ
1209 1293 1243 1322 τά
1255 1295 1304 1330 τῆς
1314 1295 1426 1330 εἰρήνης
1436 1295 1523 1322 πάντα
1531 1303 1538 1310 ·
1548 1295 1638 1330 κρίσει
1653 1295 1681 1321 δέ
1689 1296 1722 1330 τῇ
1730 1295 1783 1330 ἐμῇ
1793 1295 1839 1321 καὶ
1847 1295 1928 1330 τὰτῆς

1145 1341 1230 1376 ὀργῆς
1248 1340 1390 1375 ἐπάγεται.
1412 1340 1511 1376 Διόπερ
1529 1340 1616 1376 δόγμα
1625 1341 1689 1376 παρ’
1701 1341 1771 1376 ἐμοῦ
1779 1341 1856 1368 τοῦτο
1864 1340 1924 1375 μάν-

1146 1386 1210 1414 θανε
1220 1395 1227 1402 ε
1245 1387 1282 1419 ὡς
1294 1387 1348 1423 ἄρα
1361 1387 1417 1422 ἐγὼ
1433 1387 1514 1419 αὐτὸς
1526 1387 1573 1414 καὶ
1587 1388 1675 1422 φωτός
1689 1388 1748 1423 εἰμι
1762 1386 1927 1423 δημιουργδς,

1146 1435 1193 1460 καὶ
1201 1435 1312 1470 εἰρήνης
1326 1435 1454 1470 χορηγὸς,
1465 1434 1566 1470 ὁμοίως
1582 1434 1611 1461 δὲ
1631 1435 1677 1461 καὶ
1695 1435 1809 1466 σκότους
1826 1435 1870 1461 καὶ¹
1880 1433 1927 1460 τῶν

1146 1479 1330 1515 νομιζομένων
1343 1478 1472 1514 λυπηρῶν
1481 1488 1488 1494 '
1503 1479 1575 1515 ᾶπερ
1593 1479 1665 1505 κακὰ
1679 1480 1735 1511 τοῖς
1748 1480 1854 1510 πολλοῖς
1867 1476 1927 1505 εἶναι

1146 1526 1312 1561 νενόμισται,
1329 1523 1366 1553 ὦν
1380 1526 1495 1562 ποιητὴς
1507 1525 1541 1552 ἂν
1552 1525 1687 1561 λεχθείην,
1703 1525 1794 1561 κρίσει
1806 1525 1891 1561 δικαίᾳ
1899 1524 1928 1550 τὰ

1148 1573 1302 1610 κατάλληλα
1317 1575 1372 1606 τοῖς
1391 1573 1476 1607 ἀξίοις
1495 1572 1616 1607 ἐπάγων.
1631 1574 1662 1600 Εἰ
1682 1573 1774 1599 τοίνυν
1791 1573 1845 1608 ἐγὼ
1859 1572 1928 1604 Θεὸς,

305 1618 422 1651 valeam,
439 1618 513 1654 justo
525 1618 630 1654 judicio
644 1618 795 1653 promerita
813 1618 929 1653 singulis
947 1619 1092 1646 inducens.

1146 1620 1193 1647 καὶ
1204 1621 1254 1647 οὐκ
1267 1620 1323 1647 ἐστι
1339 1619 1408 1655 πλὴν
1422 1619 1488 1655 ἐμοῦ
1497 1619 1601 1655 ἕτερος,
1616 1621 1630 1646 ὁ
1643 1619 1727 1646 ποιῶν
1737 1619 1825 1645 ταῦτα
1838 1619 1926 1648 πάντα,

306 1665 338 1694 βᾶ
353 1666 444 1701 itaque
457 1673 508 1702 ego
528 1666 610 1699 Deus,
623 1670 650 1693 et
663 1670 769 1693 nonest
782 1670 881 1700 praner
896 1673 939 1692 me
954 1665 1035 1697 alius,
1047 1666 1092 1701 qui

308 1713 366 1740 hac
392 1711 484 1740 omnia
511 1711 619 1745 faciat;
641 1711 750 1739 etiamsi
773 1711 912 1738 contraria
940 1711 1094 1745 videantur,

305 1762 426 1784 attamen
442 1761 540 1784 natura
558 1764 606 1783 sua
624 1756 763 1784 contraria
783 1764 836 1783 non
856 1761 930 1783 sunt.
949 1755 1014 1784 Nam
1035 1765 1095 1792 (ιυιιξ

307 1802 376 1830 ntala
401 1809 416 1830 a
442 1809 486 1829 me
505 1801 590 1837 indigi
608 1801 812 1834 existimantur,
834 1809 866 1828 ea
888 1809 955 1829 sane
973 1802 1095 1829 maxime

307 1848 451 1877 conferunt
470 1847 504 1875 ad
522 1848 668 1875 utilitatem
685 1853 714 1875 et
729 1847 846 1875 salutent
868 1855 974 1881 eorum,
988 1848 1036 1882 qui
1053 1847 1096 1875 his

307 1894 342 1920 ad
355 1901 449 1921 sanam
462 1897 579 1922 mentem
596 1893 775 1921 reducuntur.

343 1938 426 1967 \‘Ias.
440 1939 468 1967 8.
491 1948 500 1965 ι
525 1939 643 1966 Lmtetur
667 1938 766 1966 ctelum
793 1939 922 1974 desuper,
951 1943 980 1966 et
1010 1938 1096 1966 nubes

307 1985 410 2012 stillent
425 1985 558 2019 justitiam
572 1994 579 2012 :
597 1984 737 2020 aperiatur
754 1990 839 2016 terra.
855 1990 882 2011 et
894 1985 1029 2019 germinet
1046 1985 1095 2012 mi-l

308 2031 496 2063 sericordiam,
520 2036 548 2058 et
563 2030 696 2064 justitiam
719 2031 788 2058 oriri
813 2030 898 2058 faciat
924 2031 1017 2058 simul.
1039 2030 1095 2066 Ego

308 2084 368 2104 sum
398 2077 540 2110 Dominus,
565 2080 610 2114 qui
639 2081 730 2107 creavi
761 2085 796 2108 te.
823 2090 832 2107 ι
862 2080 1094 2113 Quemadmodum

307 2123 380 2151 enitn
399 2129 504 2160 tempus
516 2127 579 2154 olim
595 2127 657 2160 fuit,
672 2137 734 2156 cum
751 2129 868 2156 nubibus
884 2129 1019 2162 mandavi,
1041 2138 1050 2154 ι
1067 2134 1096 2155 ιιι

307 2178 361 2198 non
376 2171 500 2206 pluerent
511 2180 593 2208 super
609 2174 716 2202 vineam
734 2175 871 2209 pluviam;
889 2185 898 2201 ι
916 2175 952 2202 ita
969 2179 997 2202 et
1022 2183 1094 2203 nunc

307 2224 358 2245 suo
380 2221 501 2253 tempore
525 2219 734 2248 rationabilibus
760 2221 880 2248 nubibus
898 2221 968 2249 meis
998 2221 1096 2256 praeci-

307 2262 392 2298 piam,
415 2267 444 2290 ut
460 2271 513 2291 non
530 2265 658 2293 sensilem
677 2273 787 2301 aquam,
805 2266 853 2294 sed
863 2265 999 2300 justitiam
1013 2266 1094 2295 desu-
1109 2285 1132 2315 υ

307 2316 355 2344 per
371 2317 405 2337 ex
419 2309 475 2337 alto
488 2310 593 2339 stillent
608 2311 652 2346 iis,
669 2312 716 2347 qui
733 2312 891 2340 inhabitant
907 2317 1022 2341 terram.

343 2355 427 2383 Vsus.
442 2357 470 2389 9,
486 2357 529 2385 10.
549 2367 559 2384 ε
576 2357 645 2392 Quid
659 2359 758 2387 melius
776 2359 927 2394 praparavi
949 2365 980 2387 ut
1006 2359 1092 2387 lututn

306 2402 399 2438 ﬁguli?
413 2402 482 2431 Nunt
495 2404 541 2438 qui
559 2408 629 2436 arat,
647 2406 736 2433 arabit
760 2411 863 2434 terram
886 2410 942 2433 tota
951 2406 1014 2434 die?
1024 2405 1093 2433 Nunt

305 2447 378 2476 dicet
388 2449 475 2476 lutum
499 2449 591 2485 ﬁgulo,
613 2451 683 2485 Quid
708 2451 786 2484 facis,
810 2451 941 2486 quoniam
957 2459 1010 2479 non
1027 2459 1092 2487 ope-

306 2494 388 2528 raris,
405 2503 492 2531 neque
505 2496 588 2524 habes
604 2497 724 2525 manus?
739 2497 808 2525 Num
824 2497 965 2532 respondit
979 2498 1093 2533 ﬁgmen-

307 2543 364 2567 tum
380 2540 468 2568 lictori
483 2541 552 2568 suo?
565 2541 615 2574 Qui
631 2542 697 2570 dicit
727 2543 809 2577 patri,
832 2543 902 2577 Quid
921 2544 1068 2578 generabis
1081 2544 1094 2571 Ὺ

306 2588 334 2612 et
348 2585 440 2617 matri,
457 2585 527 2618 Quid
545 2586 659 2620 paries?
676 2597 685 2613 ι
715 2587 798 2620 Quasi
813 2595 861 2615 eos
878 2587 1032 2623 alloquens,
1047 2589 1092 2623 qui

307 2629 455 2657 universali
473 2630 510 2657 illi
525 2630 704 2666 providentia:
727 2637 756 2660 et
778 2632 1010 2661 administrationi
1026 2641 1093 2661 con-

307 2674 455 2709 tradicunt,
471 2676 510 2703 ait
521 2686 528 2704 :
539 2676 583 2704 Va:
598 2677 644 2712 qui
657 2678 825 2705 contradicit
843 2678 932 2707 lictori
948 2686 1008 2707 suo.
1026 2679 1093 2707 Natu

305 2722 416 2756 quando
427 2723 604 2758 castigatione
616 2729 644 2752 et
658 2724 838 2752 conversione
852 2732 920 2759 opus
931 2730 1000 2759 erat,
1017 2725 1097 2753 Jeru-

307 2766 392 2794 Saltem
407 2768 486 2802 quasi
501 2773 596 2796 testam
614 2769 741 2797 contrivi.
768 2774 796 2797 et
822 2770 951 2805 templqu
976 2771 1094 2799 inimicis

308 2817 335 2838 ct
355 2812 478 2840 hostibus
494 2814 612 2848 tradidi;
634 2823 695 2843 cum
718 2820 809 2844 autem
836 2821 897 2852 post
918 2815 1094 2845 sullicicntem

310 2858 413 2886 illatam
426 2866 550 2894 ‘ptenaut,
578 2861 773 2889 humanitatem
798 2862 928 2890 exhibere
954 2863 1097 2901 oportuit;_

313 2909 374 2934 tunc
389 2911 416 2934 et
432 2905 560 2941 templum
584 2912 611 2935 et
635 2908 730 2936 urbem
756 2908 878 2943 pristinis
909 2910 1096 2944 prxslantiora

1147 1667 1198 1694 κᾶν
1212 1666 1322 1693 ἐναντία
1338 1664 1410 1693 εἶναι
1430 1666 1506 1701 δοκῇ,
1524 1666 1575 1692 οὐκ
1592 1665 1656 1692 ὄντα
1667 1666 1701 1700 τῇ
1717 1665 1799 1699 φύσει
1817 1663 1926 1691 ἐναντία.

1152 1713 1228 1739 Ἐπεὶ
1244 1713 1291 1739 καὶ
1304 1712 1337 1739 τά
1351 1712 1514 1747 νομιζόμενα
1526 1712 1572 1738 ὑπ’
1583 1711 1650 1746 ἐμοῦ
1665 1710 1890 1745 ἑπάγεσθαικακὲι
1898 1709 1927 1735 τᾶ

1148 1758 1264 1794 μέγιστα
1282 1757 1470 1793 συμϐάλλοιντ¹
1487 1757 1520 1784 ἂν
1544 1757 1612 1793 πρὸς
1628 1757 1764 1792 ὠφέλειαν
1787 1758 1832 1784 καὶ
1850 1764 1926 1791 σωτη-

1147 1805 1208 1840 ρίαν
1221 1803 1275 1831 τῶν
1290 1804 1324 1830 δι’
1341 1803 1430 1830 αὐτῶν
1447 1803 1697 1839 σωφρονιζομένων.

1185 1949 1194 1964 ι
1211 1939 1395 1975 Εὐφρανθήτω
1415 1939 1429 1965 6
1450 1939 1565 1974 οὺρινος
1585 1938 1699 1970 ἄνωθεν,
1720 1939 1770 1965 καὶ
1787 1938 1815 1965 αἱ
1829 1935 1926 1970 νεφέλαι

1147 1985 1307 2021 ῥανάτωσαν
1329 1985 1516 2021 δικαιοσύνην·
1536 1985 1705 2012 ἀνατειλάτω
1720 1986 1737 2020 ὴ
1749 1986 1798 2020 γῆ,
1816 1983 1862 2011 καί⁵
1876 1982 1928 2017 βλα-

1148 2030 1274 2066 στησάτω
1296 2031 1388 2064 ἔλεος,
1417 2031 1464 2058 καὶ
1488 2031 1662 2066 δικαιοσύνην
1684 2030 1852 2057 ἀνατειλάτω
1866 2028 1926 2064 ἅμα.

1153 2076 1224 2111 Ἐγώ
1234 2078 1291 2112 εἰμι
1306 2077 1407 2113 Κύριος
1422 2078 1435 2104 6
1447 2079 1542 2109 κτξσας
1558 2086 1598 2104 σε.
1617 2087 1625 2102 ι
1641 2077 1747 2112 Ὥσπερ
1759 2077 1815 2113 γὰρ
1828 2074 1861 2112 ἦν
1876 2083 1928 2102 και-

1147 2121 1193 2157 ρός
1211 2131 1287 2154 ποτε,
1312 2122 1355 2149 ὅτε
1377 2123 1437 2154 ταῖς
1458 2122 1584 2157 νεφέλαις
1605 2123 1784 2158 ἐνετειλάμην
1801 2132 1810 2148 ι
1829 2120 1875 2148 τοῦ
1895 2119 1926 2155 μὴ

1148 2168 1240 2204 βρέξαι
1255 2169 1294 2200 εἰς
1309 2168 1354 2194 τὸν
1362 2168 1511 2203 ἀμπελῶνα
1527 2169 1614 2201 ὑετὸν,
1630 2178 1638 2194 ι
1654 2168 1725 2195 οὕτω
1736 2168 1785 2195 νῦν
1797 2167 1865 2195 κατὰ
1876 2175 1928 2193 και-

1149 2213 1193 2249 ρὸν
1206 2215 1266 2246 ταῖς
1292 2215 1371 2249 ἐμαῖς
1387 2213 1511 2249 νεφέλαις
1531 2214 1653 2249 λογικαῖς
1668 2214 1763 2247 οὔσαις
1777 2214 1927 2251 προστάσσω

1149 2260 1186 2295 μὴ
1201 2259 1329 2296 αἰσθητὸν
1346 2259 1428 2296 ὕδωρ,
1446 2260 1515 2288 ἀλλὰ
1532 2261 1581 2296 τὴν
1596 2260 1772 2296 δικαιοσύνην
1786 2260 1885 2288 ἄνωθεν
1902 2257 1927 2290 ἐξ

1148 2305 1231 2341 ὕψους
1239 2306 1390 2342 ἐπιραίνειν
1405 2307 1461 2338 τοῖς
1472 2307 1521 2342 τὴν
1537 2307 1708 2342 γῆνοίκοῦσι.

1186 2361 1194 2377 ι
1205 2352 1283 2378 Ποῖον
1299 2352 1402 2388 βέλτιον
1420 2353 1611 2380 κατεσκεύασα
1624 2353 1662 2385 ὡς
1678 2353 1764 2389 πηλὸν
1776 2352 1927 2389 κεραμέως;

1147 2397 1193 2433 Μὴ
1209 2398 1223 2424 6
1237 2398 1372 2434 ἀροτριῶν
1385 2399 1542 2436 ἀροτριάσει
1557 2399 1605 2435 τὴν
1620 2399 1672 2435 γῆν
1685 2399 1927 2435 ὃληντὴνήμέρανς

1147 2444 1193 2479 Μὴ
1202 2444 1260 2480 ἐρεῖ
1267 2445 1281 2471 6
1290 2445 1374 2480 πηλὸς
1385 2446 1423 2482 τῷ
1432 2447 1557 2482 κεραμεῖ,
1568 2446 1600 2473 Τί
1610 2448 1705 2479 ποιεῖς,
1715 2447 1756 2473 ὅτι
1764 2447 1814 2473 οὐκ
1822 2444 1927 2482 ἐργάζῃ.

1147 2489 1208 2516 οὐδὲ
1216 2489 1288 2525 ἔχεις
1302 2492 1395 2527 χεῖρας
1407 2492 1468 2528 ;Μή
1476 2492 1690 2528 ἀποκριθήσεται
1703 2493 1734 2519 τὸ
1748 2493 1859 2527 πλάσμα
1870 2490 1929 2526 πρὸς

1148 2536 1193 2562 τὸν
1200 2536 1341 2563 πλάσαντα
1350 2538 1414 2564 αὑτό
1424 2546 1431 2570 ;
1441 2538 1470 2564 Ὀ
1481 2538 1567 2573 λέγων
1580 2539 1619 2574 τῷ
1627 2539 1721 2574 πατρὶ,
1730 2539 1764 2566 Τί
1777 2538 1926 2573 γεννήσειςὲ

1149 2587 1197 2613 καὶ
1203 2588 1236 2622 τῇ
1247 2587 1376 2622 μητρὶ,Τῐ
1389 2586 1512 2619 ὼῖίνειςς
1526 2587 1570 2618 Ὠς
1579 2588 1634 2624 γὰρ
1644 2587 1711 2623 πρὸς
1717 2587 1780 2619 τοὺς
1787 2585 1928 2618 ἀντιλέγον-

1146 2641 1196 2664 τας
1209 2634 1243 2668 τῇ
1256 2632 1369 2659 καθόλου
1387 2632 1500 2668 προνοίᾳ
1515 2641 1544 2659 τε
1559 2633 1606 2659 καὶ
1619 2633 1750 2668 διοικήσει
1762 2631 1858 2667 φησίν·
1869 2628 1928 2656 Οὐαὶ

1147 2680 1161 2704 6
1177 2679 1324 2713 ἀντιλέγων
1340 2679 1379 2714 τῷ
1399 2678 1532 2706 πλάσαντι
1547 2679 1639 2706 αὐτόν.
1659 2680 1724 2705 Ὅτε
1745 2678 1794 2714 μὲν
1805 2677 1859 2712 γὰρ
1872 2683 1928 2702 παι-

1147 2725 1231 2757 δείας,
1249 2726 1294 2751 καὶ
1308 2726 1476 2761 ἐπιστροφῆς
1499 2726 1579 2761 χρεία
1591 2724 1636 2761 ἦν,
1657 2725 1704 2751 καὶ
1727 2723 1871 2760 συνέτριψα
1885 2720 1927 2755 τὴν

1154 2771 1332 2807 Ἰερουσαλὴμ
1350 2771 1388 2804 ὡς
1405 2771 1549 2808 ὄστρακον,
1568 2773 1615 2799 καὶ
1631 2772 1678 2798 τὸν
1697 2772 1761 2799 ναὸν
1773 2771 1876 2806 ἐχθροῖς
1888 2766 1928 2794 καὶ

1153 2816 1292 2851 πολεμίοις
1314 2817 1475 2852 παρέδωκα·
1499 2817 1544 2843 ὅτε
1564 2817 1597 2843 δέπ
1617 2817 1698 2844 πάλιν
1724 2817 1776 2852 χρὴ
1799 2814 1866 2851 μετὰ
1884 2811 1928 2846 τὴν

1152 2862 1242 2889 αὐτῶν
1259 2863 1382 2899 αὐτάρκη
1410 2864 1544 2896 παιδείαν,
1560 2863 1593 2890 τὰ
1610 2865 1658 2898 τῆς
1677 2861 1876 2898 φιλανθρωπίας
1891 2859 1927 2884 ἐν’

1150 2909 1298 2942 δξιξασθαι,
1316 2909 1373 2936 τότε
1393 2909 1515 2944 βελτίονα
1531 2910 1578 2936 τοῦ
1600 2909 1733 2946 προτέρου
1750 2904 1926 2936 nutantia”
