2061 3215
150 195 204 223 415

612 192 862 221 COMMENTARIA
881 192 915 220 ΙΝ
933 191 1062 219 ISAIAM.
1082 206 1116 211 —
1134 189 1210 218 CAP.
1231 188 1312 216 XLV.

1724 188 1775 214 ΗΔ

150 254 196 280 τὸν
215 252 284 279 νεὼν
303 253 349 279 καὶ
365 253 414 288 τὴν
438 251 523 284 πόλιν,
540 251 577 283 ὡς
596 246 679 287 πηλὸν
694 250 837 287 κεραμέως
854 259 940 286 μετα-

1003 248 1150 276 :onstrnxi:
1168 255 1228 282 qua:
1254 246 1318 273 olim
1344 245 1459 272 contrita
1479 244 1598 275 fueram.
1617 251 1665 271 ceu
1689 244 1774 271 Iulum

152 297 242 325 ϐαλὼν
254 298 303 325 καὶ
321 297 543 332 ἀνανεωσάμενος
558 297 592 324 τὰ
609 297 693 324 πάλαι
711 297 938 333 συντετριμμὲνα.

189 352 200 369 ι
218 343 279 369 Ὅτι
288 342 359 369 οὕτω
371 342 444 375 λέγει
458 341 559 377 Κύριος
570 342 583 367 6
593 341 670 374 Θεὸς,
686 342 700 368 6
715 341 810 375 ’Ἀγιος
823 339 940 375 Ἰσραὴλ,

150 390 166 416 6
184 388 299 424 ποίησας
316 387 350 414 τὰ
363 387 532 423 ἐπερχόμενα
543 393 550 402 ⁵
572 387 743 423 Ἐρωτήσατέ
759 395 793 421 με
810 386 874 421 περὶ
888 385 942 412 τῶν

152 434 219 462 υἰῶν
234 443 295 470 μου,
310 434 356 461 καὶ
371 434 434 470 περὶ
447 433 500 460 τῶν
517 434 605 469 ἔργων
617 433 671 459 τῶν
681 432 780 468 χειρῶν
795 440 845 467 μου
859 431 943 457 ἐντεί-

152 480 235 507 λασθὲ
256 488 311 515 μοι.
331 489 340 505 ι
356 478 529 505 Παιδευὲσθω
544 477 689 513 τοιγαροῦν
704 478 757 509 πᾶς
771 476 913 512 ἄνθρωπος
929 477 943 503 6

152 528 208 555 ἀπὸ
226 527 278 562 γῆς
292 526 404 562 ληφθεὶς
430 525 475 552 καί
507 525 586 560 σῶμα
613 523 714 558 γεῶδες
740 522 942 558 περικείμενος,

154 573 240 609 πηλοῦ
261 582 289 600 τε
311 573 393 608 μηδὲν
412 571 548 607 διαφέρων
563 569 713 606 παραθέσει
733 568 779 595 τοῦ
802 568 943 599 κτίσαντος

153 619 245 652 αὐτὸν,
262 619 299 654 μὴ
314 618 415 653 τολμᾷν
434 619 494 648 ταῖς
512 617 558 643 τοῦ
574 615 642 642 Θεοῦ
658 615 822 649 διοικήσεσιν
837 613 943 640 ἀντιλέ-

153 673 223 699 γειν,
239 665 305 700 μηδὲ
317 662 545 699 καταμέμφεσθαι
560 662 609 697 τῆς
621 661 747 697 προνοίας
759 660 822 692 τοὺς
837 660 942 694 λόγους.

154 710 251 737 Πολλοὶ
267 710 321 745 γάρ
335 710 403 736 είσιν
420 710 445 735 οἱ
461 708 674 743 φιλεγκλήμονες
698 706 835 734 αἰτιᾶσθαι
853 705 945 732 εἰωθό-

153 765 200 789 τες
212 777 220 790 ,
237 756 293 783 Καὶ
307 755 332 782 τί
349 754 402 790 γὰρ
411 756 558 789 ἀναγκαῖον
568 752 601 790 ἦν
611 754 659 789 τὴν
676 753 762 789 ἀρχὴν
778 753 817 784 είς
833 752 878 778 τὸν
888 751 944 787 βίον

155 802 314 839 παρελθεῖν;
334 802 473 836 λέγοντες·
490 800 538 826 Διὰ
554 800 579 826 τί
601 799 629 826 δὲ
646 799 731 825 ταῦτα
757 798 855 825 οὑτωσὶ
875 798 947 831 γίνε-

155 859 221 883 ται;
240 849 272 876 Τί
288 849 316 876 δὲ
339 849 393 875 τῶν
411 847 538 874 τοιούτων
555 844 589 882 ἦν
606 846 703 882 χρεία;
729 845 782 871 ἔδει
805 844 859 880 γὰρ
875 843 946 870 οὕτω

155 895 327 931 γεγενῆσθαι,
345 894 424 921 Ἀλλά
435 893 539 925 τούτοις
552 893 693 929 πρόκειται
703 891 733 917 τὸ
744 901 753 917 ι
765 890 833 918 Οὐαί
838 912 843 917 .
864 890 946 925 Ἐρω-

155 941 257 978 τήοατὲ
277 949 311 976 με
327 940 391 975 περὶ
413 939 468 966 τῶν
484 940 549 965 υἱῶν
566 947 628 974 μου,
647 938 694 964 καὶ
715 936 843 972 περὶτῶν
857 936 946 971 ἔργων

156 988 212 1015 τῶν
231 986 331 1023 χειρῶν
357 994 408 1022 μου
429 985 583 1012 ἐντείλασθέ
602 993 663 1020 μοι·
686 993 695 1009 ι
720 983 768 1018 τῆς
790 982 838 1017 μὲν
850 981 946 1016 νοερᾶς

157 1035 205 1061 καὶ
219 1034 331 1069 λογικῆς
344 1032 436 1064 οὐσίας
450 1032 494 1058 διὰ
504 1031 558 1057 τῶν
575 1030 640 1057 υἱῶν
650 1029 832 1065 δηλουμένης·
852 1028 906 1053 τῶν
918 1026 946 1053 δὲ

156 1079 204 1106 τοῦ
218 1079 321 1114 κόσμου
337 1077 429 1114 μερῶν
447 1077 491 1104 διὰ
506 1077 560 1104 τῶν
574 1076 663 1112 ἔργων
679 1076 733 1102 τῶν
749 1074 849 1110 χειρῶν
863 1073 945 1100 αὑτοῦ

159 1124 381 1162 παρισταμένων.

197 1192 206 1208 ι
227 1181 298 1216 Ἐγὼ
312 1181 430 1216 ἐποίησα
439 1180 491 1215 γῆν
508 1180 556 1206 καὶ
570 1178 710 1214 ἄνθρωπον
725 1178 767 1204 ἐπ’
781 1177 877 1212 αὐτῆς·
893 1175 948 1210 ἐγὼ

158 1229 192 1263 τῇ
211 1227 283 1263 χειρί
300 1236 350 1262 μου
366 1225 519 1261 ὲστερέωσα
532 1225 576 1251 τὸν
593 1223 721 1259 οὐρανὸν.
739 1222 793 1257 ἐγὼ
809 1223 875 1248 πᾶσι
892 1222 949 1253 τοῖς

159 1274 269 1310 ἄστροις
280 1271 466 1306 ἐνετειλάμην.
484 1281 492 1296 ι
505 1270 571 1296 Τίνα
582 1267 628 1296 οὖν
639 1269 694 1304 ἔχοι
705 1268 821 1295 ἐνταῦθα
831 1267 948 1303 usual/tv;

159 1319 239 1346 Ποῖον
255 1318 284 1345 δὲ
299 1317 348 1352 οὐχ
367 1316 509 1352 ὑπεραίρει
527 1316 634 1347 κάλλος,
649 1315 665 1350 ἦ
681 1315 756 1341 ποῖον
772 1314 802 1340 οὐ
818 1313 949 1340 καλύπτει

163 1363 294 1400 μέγεθος
308 1363 340 1390 Τί
354 1363 382 1389 δὲ
397 1362 458 1397 οὐχὶ
470 1371 501 1388 συ
506 1362 648 1397 μῢαλεῖται
662 1361 746 1387 ταῦτα
769 1360 836 1395 πρός
853 1367 884 1393 γε
899 1358 949 1394 τὴν

161 1409 210 1437 τοῦ
223 1410 353 1445 παρόντος
374 1409 507 1444 κόσμησιν
531 1408 578 1434 καὶ
602 1407 670 1443 πρὸς
686 1406 730 1433 τὸν
748 1407 776 1432 ἐν
796 1405 951 1441 ἀνθρώποις

165 1456 282 1492 βιωφελῆ
296 1456 368 1491 βίον;
383 1455 437 1490 Γῆν
454 1455 502 1490 μὲν
520 1454 574 1490 γὰρ
587 1453 702 1488 ἐποίησα
716 1453 766 1479 οὐκ
779 1452 890 1487 ἔρημον,
908 1451 952 1477 οὑ-

164 1503 193 1530 δὲ
207 1503 341 1538 ἄχρηστον
357 1503 488 1537 στοιχεῖον
499 1509 506 1515 '
519 1501 675 1536 οἰκητήριον
687 1499 715 1525 δὲ
731 1498 891 1533 ἀνθρώπων.
907 1496 952 1522 Διὸ

166 1550 213 1577 καὶ
224 1549 257 1576 τὰ
268 1547 349 1575 λοιπὰ
360 1546 418 1580 ζῶἀ
433 1556 462 1573 τε
477 1546 523 1573 καὶ
539 1546 611 1581 φυτὰ
624 1546 663 1577 εἰς
680 1547 776 1581 χρῆσιν
790 1545 836 1570 καὶ
851 1544 954 1578 ὑπηρε-

992 294 1077 329 ﬁguli,
1094 294 1127 320 ad
1143 292 1281 320 meliorem
1298 290 1413 318 formam
1429 290 1563 317 reducens
1577 294 1605 315 ct
1626 296 1774 317 renovaus.

1027 338 1107 366 Vens.
1125 338 1166 364 ll.
1195 335 1349 369 «Quoniam
1380 334 1420 362 sic
1444 333 1511 362 dicit
1534 333 1667 361 Dominus
1696 334 1777 366 Deus,

992 383 1109 411 Sanctus
1125 382 1218 415 Israel,
1237 382 1283 417 qui
1308 381 1373 408 fecit
1397 385 1511 408 ventura
1528 389 1535 408 :
1551 380 1720 414 Interrogata
1737 387 1780 408 me

992 431 1025 458 de
1040 430 1101 458 ﬁliis
1117 430 1194 463 meis,
1212 434 1239 457 et
1247 429 1280 455 de
1288 428 1415 463 operibus
1428 435 1556 455 manuum
1572 435 1695 455 mearum
1711 435 1780 462 prae-

993 477 1075 511 cipite
1108 476 1208 503 mihi.)
1236 475 1383 502 Erndiatur
1407 474 1499 509 itaque
1526 473 1616 509 quivis
1642 473 1723 501 homo
1747 473 1781 500 de

994 528 1065 550 terra
1088 528 1223 557 sumptus,
1248 526 1275 549 et
1299 526 1407 548 terreno
1432 520 1541 548 indutus
1565 527 1692 555 corpore,
1713 520 1782 547 nihil

993 569 1120 596 differens
1131 576 1145 594 a
1162 568 1217 595 luto
1232 568 1253 595 si
1268 575 1329 594 cum
1346 571 1472 594 creatore
1484 574 1533 594 suo
1546 571 1729 601 comparetur,
1747 573 1782 594 ne

994 618 1091 643 audeat
1106 615 1151 642 Dei
1169 613 1364 649 dispensationi
1385 613 1587 645 contradicere,
1611 621 1698 648 neque
1721 620 1784 648 pro-

994 662 1120 689 videntia:
1137 661 1269 688 rationem
1292 660 1413 694 culpare.
1435 659 1502 686 Nam
1518 660 1593 687 multi
1609 659 1716 695 queruli
1733 659 1783 686 hn-

996 709 1082 737 Inines
1106 711 1179 739 sunt,
1198 706 1243 741 qui
1270 705 1410 732 criminari
1435 710 1463 732 et
1484 712 1598 740 arguere
1617 705 1719 731 audent
1742 705 1785 731 his

996 755 1086 782 verbis
1109 763 1115 781 :
1141 753 1210 787 Quid
1240 759 1353 779 necesse
1378 751 1428 778 fuit
1450 758 1466 778 a
1490 751 1623 786 principio
1644 751 1677 777 ad
1702 750 1784 777 vitam

997 800 1136 829 transire?
1152 800 1205 827 Cur
1220 800 1279 827 hazc
1297 798 1343 825 tali
1360 798 1440 825 modo
1454 797 1631 825 conduntur?
1645 795 1715 829 Quid
1736 796 1786 822 hu-

995 847 1111 882 jusmodi
1139 846 1220 874 rebus
1249 844 1339 879 opus?
1367 852 1427 871 nam
1462 843 1514 871 hoc
1539 843 1597 870 ﬁeri
1622 843 1703 870 modo
1737 848 1787 876 par

998 900 1066 922 erat.
1091 894 1189 921 Verum
1215 892 1248 919 ad
1273 899 1320 918 eos
1344 896 1448 925 spectat
1469 890 1544 922 illud,
1567 888 1647 917 (Vas.
1674 888 1788 916 Interro-

996 945 1057 976 gate
1070 947 1114 967 me
1129 939 1162 966 de
1181 939 1243 966 ﬁliis
1256 938 1334 969 meis.
1350 942 1378 965 et
1392 938 1426 965 de
1437 937 1564 972 operibus
1579 944 1708 963 manuum
1726 943 1784 962 me-

997 995 1073 1015 arum
1091 985 1230 1021 praecipita
1254 984 1331 1012 mihi.
1346 994 1356 1010 ι
1378 983 1508 1011 Filiorum
1525 983 1635 1010 nomine
1650 982 1790 1009 intellectu

998 1033 1110 1070 praedita
1143 1036 1170 1059 et
1200 1030 1372 1059 rationabilis
1406 1030 1560 1058 substantia
1596 1028 1788 1064 signiﬁcatur;

997 1079 1125 1114 operibus
1139 1083 1230 1105 autem
1244 1085 1370 1105 manuum
1388 1076 1446 1111 ejus
1460 1097 1466 1109 ,
1484 1076 1575 1103 mundi
1592 1080 1683 1111 partes
1698 1074 1790 1103 decla-

1000 1131 1103 1154 rantur.

1035 1172 1117 1199 Vrsas.
1136 1171 1180 1198 l9.
1200 1170 1270 1205 «Ego
1287 1169 1337 1196 feci
1357 1175 1468 1201 terram,
1491 1172 1518 1195 et
1539 1167 1675 1195 hominem
1693 1167 1719 1194 in
1735 1174 1788 1194 ea:

999 1226 1049 1254 ego
1065 1226 1147 1245 manu
1172 1225 1231 1244 mea
1248 1216 1352 1243 ﬁrmavi
1373 1215 1482 1246 caelum,
1497 1222 1548 1250 ego
1571 1214 1698 1241 omnibus
1711 1213 1791 1240 astris

1000 1264 1137 1293 mandavi.
1154 1273 1164 1290 ι
1193 1263 1325 1297 Quantam
1355 1262 1436 1297 igitur
1464 1261 1508 1288 hic
1535 1260 1661 1295 culpandi
1687 1259 1792 1287 causa?

1001 1311 1112 1346 Qualem
1131 1309 1360 1345 pulchritudinem
1384 1316 1436 1335 non
1463 1310 1586 1342 superat,
1614 1310 1662 1333 aut
1685 1305 1792 1340 qualem

1001 1357 1217 1393 magnitudinem
1245 1363 1297 1382 non
1324 1354 1412 1389 operit
1437 1357 1465 1381 et
1495 1352 1623 1380 excedit?
1651 1351 1793 1385 Quomodo

1002 1405 1060 1432 hate
1076 1411 1128 1430 non
1143 1402 1321 1430 conferantur
1337 1401 1370 1427 ad
1387 1399 1529 1435 prmseutis
1550 1399 1640 1426 mundi
1657 1402 1792 1429 ornatum,

1002 1455 1030 1478 et
1045 1450 1078 1477 ad
1094 1448 1264 1477 commodam
1279 1447 1419 1475 hominum
1436 1445 1543 1472 vitam?
1564 1445 1677 1472 Terram
1694 1445 1794 1479 quippe

1004 1503 1055 1523 non
1074 1495 1209 1522 desertam
1227 1493 1356 1527 condidi,
1382 1499 1469 1527 neque
1496 1491 1591 1518 inutile
1608 1490 1793 1522 elementum;

1004 1542 1051 1569 sed
1064 1542 1091 1568 in
1106 1540 1271 1568 domicilium
1298 1538 1464 1566 hominibus.
1491 1537 1662 1572 Quapropter
1692 1535 1795 1570 reliqua

165 1595 225 1622 σίαν
241 1592 392 1629 ἀνθρώποις
415 1587 444 1618 τε
469 1590 680 1627 παρεσκεύασα·
707 1589 821 1625 οὐρανόν
835 1597 863 1614 τε
876 1589 951 1614 ἑστε-

1005 1588 1143 1619 animalia,
1165 1591 1193 1614 et
1218 1586 1324 1621 plantas
1344 1585 1378 1612 ad
1396 1592 1475 1612 usum
1496 1590 1523 1611 et
1539 1583 1722 1610 ministerium
1746 1582 1795 1609 ho-

167 1639 265 1675 ρέωσα,
279 1638 419 1674 κοσμήσας
430 1638 554 1673 ἄστροιςο
575 1635 615 1668 οἷς
632 1636 807 1670 ἐνετειλάμην
822 1634 953 1660 εΰτακτον

166 1686 211 1713 καὶ
223 1684 383 1720 ἐναρμόνιον
406 1683 540 1709 ποιεῖσθαι
566 1682 613 1717 τὴν
632 1682 752 1716 κίνησιν·
775 1681 812 1712 ὡς
826 1680 887 1707 τοτὲ
904 1679 953 1714 μὲν

165 1731 271 1765 φαίνειν
293 1730 349 1761 τοῖς
368 1728 414 1754 ἐπὶ
433 1729 481 1763 τῆς
499 1729 561 1763 γῆς,
580 1728 640 1754 τοτὲ
655 1727 682 1753 δὲ
699 1725 768 1753 εἶναι
790 1727 829 1757 εἰς
843 1726 952 1760 σημεῖα,

166 1776 213 1802 καὶ
235 1776 275 1807 εἰς
296 1774 419 1810 καιροὺς,
444 1774 490 1800 καὶ
516 1775 555 1805 εἰς
579 1773 694 1810 ἡμέρας,
714 1773 761 1799 καὶ
785 1772 883 1807 μῆνας,
907 1771 955 1798 καὶ

166 1821 318 1852 ἐνιαυτούς.

207 1907 217 1923 α
238 1896 309 1931 Ἐγὼ
331 1897 427 1932 ἧγειρα
450 1896 530 1923 αὑτὸν
552 1895 621 1931 μετὰ
641 1894 814 1930 δικαιοσύνης
833 1894 955 1930 βασιλέα,

167 1943 216 1970 καὶ
230 1943 317 1969 πᾶσαι
336 1942 364 1969 αί
383 1942 436 1969 ὁδοὶ
457 1941 539 1969 αὑτοῦ
559 1941 670 1968 εὐθεῖαι.
685 1936 769 1972 Οὗτος
785 1940 955 1975 οἰκοδομήσει

166 1989 218 2025 τὴν
240 1989 316 2016 πόλιν
339 1997 401 2024 μου,
418 1989 465 2015 κει)¹
485 1988 534 2024 τὴν
555 1987 743 2023 αἰχμαλωσίαν
761 1986 808 2013 τοῦ
826 1985 891 2013 λαοῦ
906 1994 956 2021 μου

169 2034 338 2070 ἐπιστρέψει,
355 2034 385 2061 οὐ
402 2033 470 2069 μετὰ
481 2033 595 2069 λύτρων,
611 2032 672 2059 οὐδὲ
691 2033 760 2067 μετά
776 2030 881 2066 δώρων,
897 2028 957 2057 εἷπε

169 2079 270 2115 Κύριος
285 2078 409 2105 Σαόαώθ.
418 2089 426 2104 ι
438 2078 505 2105 Τίνα
517 2078 545 2104 δὲ
557 2077 651 2104 τοῦτον
664 2077 681 2112 ἦ
696 2077 785 2110 ποῖονς
805 2076 833 2102 '0
851 2075 901 2111 μέν
916 2083 957 2107 τις

170 2127 228 2162 ὲρεῖ
237 2124 282 2151 τὺν
295 2124 349 2151 τῶν
361 2123 474 2159 Περσῶν
491 2123 601 2158 βασιλέα
620 2122 722 2158 Κῦρον,
737 2119 768 2149 οὗ
783 2121 831 2148 καὶ
845 2120 890 2147 διὰ
904 2120 958 2147 τῶν

125 2181 130 2185 ·
170 2170 325 2207 ἔμπροσθεν
350 2169 553 2205 ἐμνημόνευσεν
577 2169 591 2195 6
614 2167 710 2202 λόγος’
727 2167 765 2199 ὡς
791 2166 854 2202 περί
876 2165 958 2193 αὐτοῦ

171 2217 297 2252 λέγεσθαι
309 2217 350 2248 τὸ,
371 2225 380 2241 ‹
397 2216 486 2242 Πᾶσαι
498 2216 525 2241 αἰ
535 2214 589 2241 ὁδοὶ
606 2214 688 2241 αὑτοῦ
704 2213 816 2245 εὐθεῖαι,
833 2222 842 2238 ι
856 2213 871 2248 ἢ
889 2211 961 2239 κατὰ

1004 1635 1123 1663 minibus
1145 1632 1299 1669 apparavit
1324 1631 1480 1666 cmlumqne
1505 1629 1631 1661 ﬁrmavi,
1657 1633 1684 1655 ct
1710 1626 1796 1655 astris

1003 1680 1135 1710 exornavi
1152 1689 1159 1707 :
1183 1680 1284 1715 quibus
1306 1678 1422 1714 prmcepi
1438 1681 1468 1704 ut
1486 1676 1621 1704 concinno
1641 1678 1668 1701 et
1688 1674 1796 1701 barmo-

1005 1729 1067 1756 nico
1088 1732 1160 1754 motu
1182 1725 1380 1761 procederent;
1398 1730 1460 1750 cum
1481 1727 1511 1748 nt
1528 1726 1631 1748 terram
1648 1717 1794 1746 incolenti-

1005 1776 1055 1803 bus
1068 1775 1199 1806 lucerent,
1217 1776 1272 1800 tum
1288 1776 1316 1798 nt
1329 1774 1419 1798 essent
1430 1770 1456 1797 in
1469 1769 1559 1803 signa,
1573 1767 1599 1794 in
1621 1770 1753 1799 tempora,
1768 1762 1796 1790 in

1006 1822 1074 1855 dies,
1092 1827 1201 1848 menses
1214 1823 1242 1847 et
1256 1824 1353 1845 annos.

1042 1900 1125 1928 Vens.
1140 1898 1183 1927 l5.
1202 1907 1211 1923 ι
1224 1897 1281 1931 Ego
1292 1894 1408 1923 excitavi
1420 1901 1481 1922 eum
1499 1900 1561 1921 cum
1573 1891 1679 1926 iustitia
1695 1898 1796 1926 regem,

1006 1952 1034 1975 et
1053 1953 1148 1974 omnes
1169 1945 1219 1972 viae
1238 1943 1297 1977 ejus
1320 1947 1412 1970 recue.
1434 1940 1484 1968 llic
1498 1938 1644 1967 mdiﬁcabit
1658 1937 1797 1966 civitatem

1008 2000 1113 2024 meam.
1137 1996 1163 2018 et
1188 1990 1372 2024 captivitatem
1403 1986 1494 2023 populi
1518 1986 1569 2013 mei
1592 1986 1722 2017 reducet,
1743 1991 1798 2011 non

1008 2040 1103 2075 pretio.
1130 2044 1220 2071 neque
1242 2034 1411 2067 muneribus,
1436 2033 1476 2060 ait
1496 2032 1625 2060 Dominus
1642 2029 1772 2058 Sabaoth.
1787 2037 1797 2055 ι

1008 2086 1092 2119 Quem
1116 2088 1162 2111 aut
1176 2082 1283 2117 qualem
1300 2080 1346 2108 hic
1367 2078 1518 2107 memorat?
1540 2077 1642 2113 Cyrum
1655 2076 1800 2104 Persarum

1010 2139 1119 2166 regem.
1150 2130 1222 2157 dicet
1244 2126 1402 2163 quispiam,
1426 2124 1504 2159 cujus
1532 2124 1558 2150 iu
1584 2120 1801 2158 praecedentibus

1010 2177 1150 2209 utetuinit;
1179 2176 1216 2203 ita
1240 2179 1270 2201 ut
1294 2175 1327 2200 de
1350 2171 1396 2199 illo
1422 2171 1581 2202 diceretur,
1609 2174 1727 2195 IOIlllleS
1751 2165 1802 2192 viae

1010 2224 1068 2259 ejus
1088 2226 1209 2253 rectam:
1240 2220 1297 2248 sive
1320 2218 1468 2247 secundum
1495 2215 1710 2251 Syunnachum,
1744 2221 1753 2238 ι
1768 2211 1802 2238 Et

172 2264 216 2291 τὸν
230 2263 387 2298 Σύμμαχον,
406 2271 415 2286 ι
432 2261 486 2288 Καὶ
500 2260 589 2292 πάσας
603 2260 652 2292 τὰς
662 2260 737 2291 ὀδοὺς
752 2258 834 2286 αὐτοῦ
846 2258 948 2286 εὐθυνῶ

1012 2258 1106 2300 nunties
1127 2269 1184 2296 vias
1208 2267 1267 2303 ejus
1291 2270 1379 2294 rectus
1398 2264 1508 2292 faciant.
1532 2262 1566 2290 EI.
1592 2261 1635 2289 hic
1655 2259 1802 2288 acdiﬁcabit

172 2310 228 2337 Kal.
241 2307 317 2341 οὗτος
328 2307 498 2343 οἰκοδομήσει
512 2306 565 2342 τὴν
574 2306 652 2333 πόλιν
669 2315 730 2342 μου.
748 2316 757 2331 ι
775 2305 892 2340 Δυνάμει
905 2304 959 2340 γὰρ

160 2356 254 2387 αὐτὸς
270 2353 303 2390 ἦν
319 2355 334 2381 6
351 2354 400 2389 τὴν
417 2353 495 2379 πόλιν
510 2352 690 2387 οἰκοδομήσας
704 2351 752 2386 τὴν
773 2349 959 2386 Ἰερουσαλὴμ,

172 2402 217 2428 διὰ
230 2400 278 2427 τοῦ
297 2399 496 2435 συγχωρεῖσθαι
511 2399 567 2430 τοῖς
580 2397 715 2424 ἐθέλουσιν
726 2397 829 2423 ἀνιέναι
844 2396 898 2423 ἀπὸ
912 2397 962 2431 τῆς

175 2446 343 2478 Βαϐυλῶνος,
359 2446 405 2473 καὶ
421 2444 572 2480 ἀνεγείρειν
586 2443 631 2470 τὺν
641 2443 733 2470 τόπον.
744 2442 829 2469 Τοῦτο
842 2441 962 2477 ὲπλήρου

174 2492 245 2521 κατὰ
269 2492 318 2527 τὴν
346 2491 467 2526 ἱστορίαν
494 2492 508 2517 6
535 2489 665 2525 δηλωθείς
687 2487 799 2524 Περσῶν
825 2485 960 2522 βασιλεύς.

176 2539 273 2570 ιἌλλος
285 2538 307 2564 δ’
325 2537 358 2564 ἂν
369 2537 441 2564 εἴποι
456 2536 543 2563 ταῦτα
559 2534 685 2569 λέγεσθαι
702 2534 766 2570 περὶ
781 2533 828 2560 τοῦ
845 2531 963 2567 Ζοροϐά-

176 2585 233 2617 ϐελ,
244 2584 284 2616 ὃς,
297 2583 352 2611 ἀπὸ
365 2583 412 2609 τοῦ
430 2582 568 2617 βασιλικοῦ
589 2581 683 2616 γένους
695 2579 866 2615 ὁρμώμενος,
878 2576 915 2614 ἦν
930 2578 964 2604 ὲκ

177 2631 263 2668 φυλῆς
275 2629 361 2657 Ἰούδα
377 2629 425 2655 καὶ
438 2629 488 2663 τῆς
506 2627 552 2654 τοῦ
566 2627 646 2654 Δαυϊδ
661 2626 795 2661 διαδοχῆς.
820 2623 900 2651 Ἀλλὰ
916 2623 963 2650 καὶ

177 2677 226 2713 τὴν
250 2675 304 2702 τῶν
325 2673 419 2710 ψυχῶν
435 2672 621 2709 αἰχμαλωσίαν
636 2672 715 2708 μόνος
740 2672 754 2697 6
772 2669 889 2705 Χριστὸς
912 2668 964 2695 ἀπ-

178 2722 304 2759 έστρεψε,
316 2722 365 2757 τῆς
378 2720 538 2756 δαιμονικῆς
548 2719 649 2754 πλάνης
658 2716 842 2752 ἐλευθερώσας
853 2716 900 2742 καὶ
908 2716 965 2742 δου-

177 2768 268 2799 λείας·
290 2767 337 2794 καὶ
355 2766 434 2793 τοῦτο
448 2764 565 2800 ἔπραξεν
581 2764 611 2790 οὐ
631 2763 700 2799 μετὰ
712 2762 826 2798 λύτρων,
841 2761 901 2788 οὐδὲ
917 2770 965 2796 με-

178 2812 212 2838 τὰ
230 2810 339 2846 δώρων·
366 2810 380 2837 ὃ
398 2809 429 2838 δὴ
445 2810 493 2835 καὶ
509 2808 631 2835 διδάσκει
651 2808 666 2834 ὀ
685 2806 845 2838 ’Λποστολος
863 2805 962 2847 εἰπῴν-

183 2866 193 2882 ι
211 2856 308 2892 Χάριτί
322 2857 383 2882 ἐστε
400 2854 575 2891 σεσωσμένοι.
597 2863 606 2879 ι

218 2911 227 2928 ι
243 2901 321 2929 Οὔπω
339 2900 413 2935 λέγει
431 2900 533 2936 Κύριος
554 2896 684 2925 Σαϐαὼθ·
710 2897 866 2925 Ἐκοπίασεν
881 2896 963 2931 Αἴγυ-

1011 2319 1149 2347 civitatem
1165 2322 1263 2343 meam.
1278 2324 1287 2340 ι
1312 2313 1379 2341 Nam
1396 2312 1441 2339 hic
1456 2311 1571 2347 quadam
1588 2309 1692 2336 ratione
1706 2306 1801 2334 civita-

1012 2369 1064 2393 tem
1076 2362 1289 2397 Hierosolymam
1304 2359 1462 2391 aedificavit,
1479 2356 1541 2392 quia
1554 2355 1686 2382 volentem
1707 2359 1801 2387 quern—

1012 2419 1065 2446 qne
1086 2408 1222 2445 permisit,
1249 2406 1385 2442 Babylone
1414 2402 1569 2439 proﬁcisci,
1593 2406 1620 2428 et
1644 2400 1732 2427 locum
1757 2406 1801 2426 rc-

1013 2463 1147 2485 staurarc.
1157 2454 1230 2487 Haec,
1242 2451 1390 2480 secundum
1407 2449 1560 2480 historiam,
1575 2449 1741 2473 memoratus
1753 2452 1801 2471 rex

1014 2502 1159 2530 Persarum
1187 2498 1320 2533 implevit.
1346 2497 1422 2524 Alius
1447 2502 1513 2522 vero
1535 2492 1667 2529 quispiam
1692 2490 1801 2523 dixerit,

1016 2550 1074 2577 hate
1094 2548 1126 2575 de
1142 2544 1309 2574 Zorobahele
1325 2543 1389 2575 dici,
1405 2542 1450 2577 qui
1471 2549 1504 2568 ex
1523 2540 1595 2575 regia
1610 2539 1695 2573 stirpe
1710 2537 1802 2564 oriun-

1017 2595 1077 2627 dus,
1093 2601 1125 2621 cx
1145 2593 1215 2620 tribu
1234 2591 1301 2619 Juda
1322 2595 1350 2617 et
1367 2597 1399 2616 ex
1421 2587 1594 2615 successione
1608 2583 1716 2612 Davidis
1731 2587 1801 2610 erat.

1015 2641 1072 2669 lino
1097 2647 1162 2668 vero
1188 2638 1262 2666 solus
1284 2636 1410 2664 Christus
1438 2634 1589 2661 animarum
1620 2629 1802 2664 captivitatem

1016 2687 1134 2716 reduxit.
1166 2691 1247 2720 atque
1273 2692 1288 2710 a
1317 2683 1470 2710 daamonum
1501 2684 1595 2706 errore
1621 2675 1804 2709 servilnleqne

1016 2733 1143 2762 liberavit
1163 2742 1169 2759 :
1192 2732 1273 2766 idque
1290 2729 1365 2760 fecit,
1388 2735 1440 2755 non
1464 2725 1551 2761 pretio
1573 2731 1606 2750 ac
1626 2721 1802 2749 muneribus-

1017 2779 1089 2815 quod
1109 2779 1192 2806 etiam
1214 2779 1292 2805 docet
1309 2773 1463 2810 Apostolus,
1480 2772 1590 2800 dicens:
1602 2779 1612 2796 ι
1624 2769 1717 2797 Gratia
1736 2768 1804 2796 salvi

1019 2826 1083 2854 facti
1099 2825 1176 2853 estis.
1192 2833 1201 2850 ι

1055 2893 1139 2922 Vens.
1154 2892 1195 2920 li.
1213 2901 1222 2919 ι
1238 2891 1283 2919 Sic
1303 2868 1369 2918 dicit
1387 2873 1515 2918 Dominus
1531 2886 1649 2915 Sabaoth
1665 2895 1670 2912 ;
1685 2883 1803 2915 Labora-
