2061 3215
173 170 225 198 M7

590 205 593 208 γ
634 171 884 201 COMMENTABIA
904 173 937 201 IN
958 174 1086 202 lSAlAM.
1106 191 1137 196 —
1161 176 1237 205 CAP.
1258 177 1339 206 XLV.

1746 187 1799 213 M8

172 229 261 261 τοῦτο.
282 230 359 264 φησι,
384 230 444 262 τοὺς
469 231 588 265 ἐμαυτοῦ
614 231 709 266 λόγους
728 234 777 260 οὐκ
800 233 879 260 εἴασα
896 234 947 270 κρὺ

1014 235 1149 270 homines,
1171 239 1223 265 mei
1244 243 1324 270 sunt;
1348 240 1420 273 ideo,
1445 242 1542 278 inquit,
1563 243 1644 270 verba
1663 251 1722 272 mea
1746 255 1799 275 non

172 275 297 306 πτεσθαι,
313 275 368 302 οὐδ’
384 275 478 311 ὥσπερ
493 277 521 302 ἐν
537 278 624 313 σκότῳ
638 278 818 311 λανθάνοντας
830 288 836 293 '
854 280 894 311 εἰς
907 289 958 314 φα-

173 321 251 358 νερὸν
266 321 294 348 δὲ
304 321 428 356 ἀγαγὼν,
438 323 520 349 πᾶσιν
534 323 659 358 ἧπλωσα,
677 325 714 356 ὡς
726 326 809 352 πᾶσιν
826 325 914 352 ἔθνεσι
929 327 959 352 τὸ

173 369 305 403 σωτήριον
319 368 485 403 κηρυχθῆναι
499 369 670 403 Εὑαγγέλιον.
690 371 819 406 Ἀντικρυ
831 372 860 398 δὲ
874 371 958 398 ταῦτα

173 413 245 448 μόνῳ
259 413 296 448 τῷ
308 414 477 449 εὐαγγελικῷ
494 415 608 450 ἁρμόζοι
621 415 654 442 ἂν
669 416 835 452 κηρύγματι.
852 417 892 444 Τὰ
904 417 958 453 γὰρ

171 459 312 491 Μωῦσέως
326 459 404 494 λόγια
414 461 439 486 εἰ·
449 469 490 493 τις
501 461 636 493 ἐξετάζειν
648 461 743 494 ἐθέλοι,
759 463 833 498 εὕροι
846 464 879 490 ἂν
889 464 959 490 αὐτὰ

169 501 262 538 κρυφῆ
275 501 444 538 λελαλημένα
454 511 460 517 '
473 503 579 540 γλώττῃ
594 504 642 539 μὲν
661 504 791 540 Ἐϐραΐδι,
800 507 958 543 χαρακτῆρ’

171 556 197 574 σι
213 547 241 575 δὲ
262 547 392 580 lauit:th
414 549 462 575 καὶ
484 548 520 584 μὴ
535 549 744 585 γνωριζομένοις
767 551 843 587 παρὰ
864 553 956 580 πᾶσιν.

175 593 256 619 Ἀλλὰ
269 593 317 620 καὶ
331 593 359 620 el
371 602 413 626 τις
427 594 576 630 ὲννοήσοιεν
587 595 614 620 ἐν
628 595 691 631 ποίᾳ
702 596 796 632 ἐρήμῳ
809 597 855 624 καὶ
865 598 956 633 ἀεάτῳ

170 639 217 665 καὶ
234 639 339 675 ἀνύδρῳ
356 640 370 665 ὁ
386 639 524 670 Μωῡσέως
538 639 646 676 ἐξεδόθη
662 641 752 676 νόμος,
771 642 846 678 εὖροι
862 643 893 669 ἂν
909 645 956 670 αὐ-

165 684 213 711 τὸν
244 685 273 710 ἐν
300 685 376 720 τόπῳ
405 685 457 720 γῆς
477 685 606 721 σκοτεινῷ
633 686 823 722 λελαλημένον.
847 689 884 714 Οὐ
903 690 956 725 μὴν

168 730 267 766 ὁμοίως
283 731 330 757 καὶ
360 731 391 757 τὸ
412 730 576 765 Εὑαγγέλιον
597 731 643 758 τοῦ
662 732 790 767 Χριστοῦ.
816 743 825 759 t
844 734 890 766 Εἰς
905 736 954 761 πᾶ-

167 784 217 803 σαν
235 786 244 801 ι
264 775 329 811 γοῦν
345 785 354 800 ι
369 775 417 811 τὴν
434 775 485 810 γῆν
511 775 620 811 ἐξῆλθεν
647 777 661 803 ὁ
685 777 802 812 φθόγγος
817 779 870 806 τῶν
889 780 955 806 ἀπο-

166 820 266 848 στόλων
284 821 376 853 αὐτοῦ,
394 821 442 848 καὶ
463 822 502 853 εἰς
517 823 550 849 τὰ
562 822 668 858 πέρατα
683 824 732 859 τῆς
746 824 906 860 οἰκουμένης
921 825 954 852 τὰ

166 864 276 902 ῥήματα
285 867 382 894 αὐτῶν.
397 877 405 892 ι
418 867 536 903 Παντοιᾳ
547 868 574 895 δὲ
591 869 637 895 καὶ
650 869 768 905 γλώττῃ,
781 872 856 907 πάσῃ
867 873 952 908 φωνῇ,

165 913 336 949 χαρακτῆρσί
356 921 386 939 τε
407 914 463 945 τοῖς
481 913 541 940 καθ’
557 914 671 941 ἕκαστον
687 915 762 948 ἔθνος
777 918 957 953 παραδέδοται
977 919 997 946 Β
1012 926 1081 960 “uis,
1103 928 1175 954 omni

163 959 203 991 ιίς
219 958 380 991 ἐξάκουστον
392 960 458 986 πᾶσι
471 960 527 991 τοῖς
535 960 649 988 ἔθνεσιν.

200 1058 210 1076 ι
231 1048 384 1086 Συνάχθητε
405 1051 452 1077 καὶ
474 1051 569 1086 ἥκετε’
584 1049 763 1085 βουλεύσασθε
780 1050 848 1086 ἅμα,
861 1051 886 1078 οἱ
900 1059 952 1077 σω-

162 1094 271 1131 ζόμενοι
288 1095 342 1122 ἀπὺ
355 1095 408 1122 τῶν
419 1096 513 1123 ἐθνῶν.
530 1096 586 1123 Οὐκ
598 1096 719 1131 ἔγνωσαν
739 1097 763 1123 οἱ
785 1097 908 1133 αἴροντες
921 1097 952 1123 τὸ

162 1138 240 1171 ξύλον
264 1139 378 1175 γλύμμα
398 1140 498 1173 αὐτῶν,
524 1141 571 1167 καὶ
600 1142 623 1168 οξ
650 1142 861 1178 προσευχόμενοι
884 1142 951 1178 πρὸς

163 1185 250 1217 θεοὺς.
264 1185 291 1212 οἶ
304 1186 334 1212 οὑ
349 1185 488 1219 σώζουσιν.
500 1187 529 1214 Εἰ
538 1187 741 1222 ἀναγγελοῦσιν,
754 1189 949 1223 ὲγγισάτωσαν,

162 1231 206 1258 ἵνα.
220 1231 320 1265 γνῶσιν
332 1231 398 1266 άμα.
416 1242 425 1258 ι
444 1232 571 1268 Πρώτους
585 1234 633 1268 μὲν
647 1234 711 1269 γὰρ,
725 1235 816 1269 φησὶν,
830 1234 950 1267 ἐκείνους

161 1275 369 1312 ἀνεκαλεσάμην
390 1277 433 1304 διὰ
448 1278 495 1304 τοῦ
508 1278 686 1313 εὐαγγελικοῦ
701 1279 891 1315 κηρύγματος,
905 1281 950 1307 καὶ

162 1321 280 1357 πρώτοις
294 1322 387 1354 αὐτοῖς
397 1323 445 1358 τὴν
457 1323 596 1358 βασιλείαν
611 1324 665 1351 τῶν
680 1325 801 1361 οὐρανῶν
817 1325 950 1361 ἐπηγγει-

160 1365 260 1402 λάμην,
281 1366 374 1403 ὥσπερ
396 1369 508 1404 μισθοὺς
528 1370 577 1405 τῆς
598 1370 637 1402 εἰς
654 1370 703 1406 ἐμὲ
724 1370 842 1402 πίστεως
858 1371 949 1404 αὐτοῖς

160 1412 385 1449 ὑπισχνούμενον,
405 1414 472 1450 πρὸς
497 1415 527 1442 τὸ
547 1415 584 1452 μὴ
600 1416 709 1451 νομίσαι
720 1416 818 1449 αὐτοὺς
832 1417 878 1444 ἐπὶ
895 1426 949 1453 μα-

161 1459 229 1495 ταίῳ
243 1459 388 1487 θεοσεῦεἰν.
403 1461 448 1487 Διὸ
462 1461 509 1488 καὶ
523 1461 595 1497 ζωὴν
609 1461 716 1489 αἰώνιον
730 1463 947 1499 ἐπηγγειλάμην,

159 1505 206 1531 καὶ
228 1505 317 1539 ἀγαθὰ
345 1516 354 1531 ι
375 1505 393 1533 ἃ
413 1506 551 1542 ὀφθαλμὸς
571 1507 621 1534 οὐκ
643 1505 706 1540 εἶδε,
728 1518 737 1533 ι
756 1508 803 1535 καὶ
820 1508 854 1535 τὰ
872 1508 946 1544 ἑξῆς.

165 1551 240 1577 Ἐπεὶ
256 1551 283 1577 δὲ
307 1551 373 1584 Θεός
391 1553 447 1587 εἰμι
463 1552 549 1579 λαλῶν
564 1553 735 1589 δικαιοσύνην
751 1555 798 1581 καὶ
814 1554 946 1589 ἀναγγέλ-

159 1596 211 1624 λων
226 1597 365 1634 ἀλήθειαν,
388 1599 458 1626 κατὰ
474 1599 519 1626 τὸν
534 1599 584 1635 τῆς
601 1599 772 1636 δικαιοσύνης
785 1600 872 1635 λόγον,
890 1610 939 1636 μετ

157 1642 276 1675 ἐκείνους
296 1643 400 1676 πάντας
416 1644 576 1680 ἀνθρώπους
594 1645 662 1681 πρὸς
681 1645 797 1681 ἐμαυτὸν
816 1646 948 1673 ἀνεκαλεέ

157 1688 247 1724 σάμην
257 1697 264 1704 ·
279 1690 326 1716 καὶ
345 1689 468 1716 ἐντεῦθεν
482 1690 532 1726 ήδη
547 1692 602 1722 τοῖς
615 1691 680 1717 πᾶσι
697 1691 823 1727 κηρύττω
844 1691 946 1726 λέγων·

159 1743 168 1760 ι
188 1733 341 1770 Συνάχθητε
364 1735 411 1762 καὶ
428 1736 521 1771 ἥκετε.
538 1735 717 1771 βουλεύσασθε
733 1737 801 1772 ἅμα,
821 1738 846 1764 οἱ
863 1736 948 1770 σωζό-

156 1788 232 1814 μενοι
250 1781 302 1807 ἀπὸ
314 1781 367 1807 τῶν
382 1781 476 1807 ἐθνῶν.
496 1790 506 1807 ι
528 1781 609 1816 Ὁρᾷς
634 1781 708 1814 ὅπως
732 1783 796 1813 τοὺς
824 1783 878 1809 ἀπὸ
892 1783 947 1810 τῶν

155 1826 242 1853 ἐθνῶν
269 1826 446 1862 βουλομένους
475 1826 608 1859 σώζεσθαι
631 1827 834 1863 προσκαλεῖται.
860 1838 870 1854 ι
900 1829 948 1861 Τίς

154 1873 276 1900 ἀκουστὰ
287 1873 395 1908 ἐποίησε
410 1872 496 1899 ταῦτα
516 1873 563 1899 ἀπ’
580 1872 686 1908 ἁρχῆς;
706 1881 715 1898 ι
727 1872 876 1906 γνώσονται
893 1873 947 1910 γὰρ

153 1920 239 1954 ἐγγὺς
260 1919 399 1954 γενόμενοι
419 1919 464 1946 τὸν
481 1918 607 1954 ἀληθινὸν
624 1918 700 1949 Θεὸν,
719 1916 748 1945 οὗ
766 1918 836 1953 μέγα
849 1919 948 1955 δεῖγμα

153 1965 203 1999 τῆς
220 1964 346 2000 θεότητος
365 1963 411 1990 τοῦ
428 1963 613 2000 προφητεῦσαι
637 1963 724 1990 ταῦτα
741 1963 784 1990 διὰ
801 1964 855 1991 τῶν
872 1965 946 2000 ὲμῶν

153 2010 312 2046 προφητῶν,
333 2010 380 2036 καὶ
400 2010 431 2036 τὸ
448 2010 495 2036 ἀπ’
514 2009 601 2045 ἀρχῆς
616 2009 782 2043 ἀπαγγεῖλαι
803 2009 890 2036 ταῦτα
906 2011 946 2042 εἰς

152 2056 201 2088 τὰς
216 2056 300 2088 ἀκοὰς
311 2056 399 2092 μῶν.
416 2065 425 2081 ε
444 2055 510 2082 Τότε
526 2055 663 2091 ἀνηγγέλη
680 2055 753 2090 ὑμῖν,
763 2055 856 2090 Ἐγὼὸ
869 2056 944 2089 Θεὸς,

152 2102 199 2129 καὶ
216 2103 266 2129 οὐκ
281 2102 354 2129 ἔστιν
371 2102 449 2134 ἄλλος
471 2101 540 2137 πλὴν
557 2102 634 2138 ἐμοῦ.
655 2112 663 2127 ι
682 2101 802 2135 Παγίδας
823 2102 946 2134 ἱστάντες

150 2151 206 2180 τοῖς
227 2149 273 2176 ἐπὶ
292 2149 342 2184 τῆς
355 2149 407 2184 γῆς
422 2150 446 2175 οἱ
461 2149 596 2184 ἀλιτήριοι
610 2148 736 2183 δαίμονες
746 2169 753 2180 ,
768 2148 803 2175 τὰ
817 2149 866 2184 τῆς
882 2149 946 2176 ἐαυ-

150 2196 204 2223 τῶν
214 2196 321 2231 ἀπάτης
336 2196 505 2231 ἐργαστήρια
516 2197 674 2231 συγκροτεῖν
689 2194 864 2228 ἐσπούδαζον,
879 2195 946 2223 ὑπο-

151 2244 305 2280 κρινόμενοι
324 2244 372 2271 καὶ
385 2243 415 2269 τὸ
431 2242 530 2269 εἰδέναι
544 2242 579 2269 τὰ
595 2241 724 2277 μέλλοντα
741 2241 788 2268 καὶ
805 2242 945 2276 ἀπαγγέλ-

150 2288 206 2315 λειν
225 2289 295 2315 αὑτὰ
313 2288 443 2315 δύνασθαι
461 2289 516 2320 τοῖς
527 2287 646 2314 ἐθέλουσι
665 2287 770 2322 μαθεῖν,
790 2287 870 2322 μέχρι
883 2296 943 2314 και-

151 2336 199 2372 ροῦ
217 2335 419 2363 διατετελέκασι
443 2335 672 2370 συναρπάζοντες.
694 2335 854 2370 Χρηστήρισ.
878 2334 943 2368 γοῦν

151 2380 222 2407 κατά
246 2389 276 2407 τε
295 2380 386 2412 πόλεις
416 2380 464 2407 καὶ
488 2380 590 2416 χώρας,
610 2379 816 2415 ψευδυμαντείαί
832 2388 861 2406 τε
872 2378 943 2416 ἦσαν

152 2426 288 2462 πανταχοῦ
307 2427 352 2453 καί
367 2427 550 2462 κληδονισμοὶ,
567 2427 614 2453 καὶ
633 2426 836 2461 νεκυομάντεις,
858 2427 904 2454 καὶ
917 2427 942 2454 οἱ

150 2472 301 2507 φωνοῦντες
317 2474 349 2499 ἐκ
362 2472 424 2507 γῆς,
439 2471 654 2508 ἐγγαστρίμυθοί
669 2480 698 2498 τε
716 2472 763 2498 καὶ
776 2472 941 2507 ἁλφιτομάν-

149 2511 274 2550 τεις,’καὶ
285 2518 451 2551 ἁπαξαπλῶς
462 2518 586 2553 ψευστῶν
597 2519 644 2545 καὶ
654 2518 779 2553 φενάκων
791 2519 808 2553 ἡ
817 2519 862 2553 ὑφ’
872 2519 941 2555 ἡλίῳ

149 2564 320 2600 πεπλήρωτο.
351 2574 360 2589 ι
387 2564 496 2596 Δίκαιος
525 2564 570 2591 καὶ
596 2564 687 2600 σωτὴρ
709 2564 759 2591 οὐκ
781 2564 839 2591 ἐστι
853 2564 940 2600 παρὲξ

149 2611 226 2646 ἐμοῦ.
242 2621 252 2637 ι
278 2610 424 2637 Ἐθέσπισα
439 2611 466 2637 δὲ
479 2611 526 2638 καὶ
541 2612 680 2646 προεῖπον,
696 2611 758 2637 ἐπεὶ
785 2610 889 2642 δίκαιός
904 2611 939 2637 εἰ-

149 2666 180 2693 μι
198 2659 245 2684 καὶ
262 2657 368 2692 Σωτὴρ,
396 2657 491 2693 διόπερ
513 2656 582 2683 κατὰ
602 2657 647 2683 τὸν
672 2656 718 2683 τοῦ
737 2656 841 2683 δικαίου
860 2656 939 2691 λόγον

149 2701 238 2728 πάντα
265 2700 301 2728 τὰ
316 2701 386 2737 ἔθνη
409 2701 483 2728 καλώ
503 2702 543 2732 εἰς
560 2701 608 2736 τὴν
624 2702 689 2738 παρ’
709 2701 770 2736 ἐμοὶ
791 2702 937 2737 σωτηρίαν.

152 2747 233 2783 Ὁρᾷς
250 2747 324 2778 ὅπως
341 2747 482 2775 καθολικον
497 2747 527 2773 τὸ
540 2747 669 2782 κήρυγμα
689 2748 755 2774 πᾶσι
776 2749 832 2779 τοῖς
850 2747 939 2775 ἔθνεσι

147 2792 342 2827 καταγγέλλεις
366 2793 409 2820 Ἐν
425 2793 530 2825 τούτοις
548 2791 577 2819 εὖ
600 2793 672 2829 μάλα
689 2794 739 2829 τῆς
762 2794 805 2821 διὰ
820 2794 939 2822 Χοιστοῦ

181 2895 203 2911 ⁶⁰
220 2895 291 2923 Paul.
311 2903 388 2928 mu,
405 2896 431 2922 Β.
469 2896 490 2912 ει
504 2895 512 2922 l
527 2894 591 2923 Cor.
609 2902 637 2928 ll,
653 2895 680 2922 9.

1012 282 1116 309 occulta
1149 291 1236 318 neque
1268 285 1294 312 in
1331 286 1450 315 tenebris
1473 288 1583 316 latentia
1609 290 1705 325 reliqui
1724 300 1732 319 :
1751 293 1799 320 sed

1013 327 1102 361 palam
1128 329 1254 363 efferens,
1275 332 1400 360 omnibus
1427 338 1490 362 nota
1515 333 1591 368 feci;
1615 337 1652 363 ita
1676 342 1705 364 ut
1727 339 1801 365 salu—

1013 378 1070 401 ture
1091 374 1266 411 Evangelium
1292 378 1419 408 omnibus
1446 381 1574 416 gentibus
1596 383 1800 417 pmdicaretur.

1013 418 1074 448 llaec
1096 429 1172 453 sane.
1197 428 1225 450 ut
1250 425 1337 458 palam
1359 431 1410 460 est,
1429 428 1592 462 evangelicae
1612 430 1798 463 prtedicationl

1012 471 1116 495 tantum
1135 471 1307 498 conveniant.
1330 471 1396 500 Nam
1408 473 1508 509 iloysis
1521 475 1625 510 eloquia
1639 477 1661 503 si
1679 477 1742 511 quis
1753 485 1800 504 ex-

1011 515 1128 548 pendere
1145 517 1219 548 velit,
1243 525 1274 544 ea
1291 519 1397 546 occulte
1414 520 1518 554 prolata
1535 521 1732 556 deprehendat,
1749 523 1799 550 lle-

1012 561 1102 588 braica
1117 562 1222 590 scilicet
1246 563 1356 598 lingua,
1382 566 1589 595 cltaracleribns
1614 570 1740 602 propriis,
1757 578 1800 597 ne-

1009 613 1062 640 que
1084 608 1155 641 apud
1173 616 1269 636 onines
1291 611 1417 645 cognitis.
1444 612 1596 645 Quinetiam
1613 615 1635 641 si
1655 615 1719 649 quis
1741 623 1800 650 per-

1010 652 1109 684 pendat
1128 661 1180 686 qua
1206 654 1232 680 in
1254 655 1411 690 solitudine,
1433 665 1513 692 quam
1535 659 1607 685 invia
1623 666 1650 686 et
1668 660 1796 695 inoquosa

1009 695 1050 723 lex
1067 697 1164 732 ltloysis
1187 700 1285 726 tradita
1312 700 1403 734 fuerit,
1432 703 1511 736 plane
1543 705 1662 732 inveniat.
1682 713 1742 733 eam
1768 707 1795 734 in

1008 742 1069 770 loco
1092 748 1169 771 terrae
1194 746 1337 773 tenebroso
1359 749 1561 781 pronuntiatam
1577 750 1671 778 fuisse.
1695 752 1730 778 At
1742 760 1794 779 non

1009 788 1068 823 pari
1095 791 1175 816 modo
1200 790 1374 826 Evangelium
1389 792 1511 821 Christi:
1528 803 1589 822 nam
1615 805 1624 822 ι
1640 796 1665 824 in
1688 804 1796 824 Omnem

1010 839 1109 861 terram
1125 836 1211 862 exivit
1232 844 1316 863 sonus
1332 838 1515 872 apostolorum
1535 839 1611 873 ejus,
1633 846 1662 868 et
1685 842 1711 869 in
1729 842 1798 870 lines

1011 881 1085 908 orbis
1102 886 1180 908 lern-
1196 883 1278 909 verba
1296 891 1390 910 eorum
1401 883 1435 912 “.
1449 894 1459 911 ι
1482 885 1615 913 Omnibus
1636 892 1726 915 autem
1744 888 1797 915 llu-

1202 936 1278 960 voce,
1301 929 1525 964 characterisque
1543 932 1710 966 singularum
1732 942 1797 970 gen-

1011 969 1078 996 tium
1095 970 1220 998 traditum
1236 978 1290 1005 est,
1307 977 1336 1000 ut
1357 974 1384 1001 in
1395 975 1516 1002 omnium
1530 977 1650 1010 gentium
1672 969 1793 1008 auditum

1006 1015 1119 1043 veniret.

1043 1061 1123 1090 Vsus.
1138 1062 1169 1089 21
1177 1063 1232 1095 .22.
1252 1073 1262 1090 ‹
1279 1064 1487 1101 Congregamini
1499 1071 1528 1094 et
1537 1067 1627 1095 venite
1640 1075 1648 1094 :
1660 1069 1795 1098 consulite

1006 1107 1100 1140 simul,
1126 1109 1174 1144 qui
1204 1109 1346 1138 salvamini
1370 1112 1403 1139 de
1424 1113 1560 1147 gentibus.
1583 1112 1642 1142 Non
1659 1122 1794 1151 cognove-

1007 1158 1082 1185 runt,
1100 1154 1147 1188 qui
1169 1160 1280 1189 portant
1295 1155 1397 1191 lignum
1412 1157 1579 1192 sculpturam
1597 1167 1686 1192 suam,
1704 1165 1732 1188 et
1745 1162 1792 1196 qui

1006 1204 1155 1232 precantur
1170 1201 1235 1227 deos
1261 1209 1315 1228 non
1333 1202 1482 1232 salvantes.
1506 1204 1534 1231 Si
1552 1205 1729 1239 annuntient,
1746 1214 1792 1233 an-

1003 1244 1112 1276 cedant,
1139 1250 1168 1272 ut
1193 1252 1362 1281 cognoscant
1385 1248 1474 1276 simul.
1495 1259 1504 1275 ι
1520 1250 1637 1283 Etenim,
1655 1251 1708 1284 ait,
1734 1253 1790 1287 pri-

1006 1297 1080 1317 mum
1097 1290 1158 1318 illos
1173 1298 1222 1326 per
1232 1293 1419 1328 evangelii-am
1439 1295 1659 1330 praedicationem
1684 1298 1791 1329 vocavi.

1004 1335 1125 1370 ipsisque
1148 1337 1244 1371 primis
1274 1346 1387 1374 regnum
1409 1340 1540 1368 caelorum
1563 1342 1694 1376 promisi,
1714 1345 1791 1378 quasi

1004 1381 1030 1409 in
1049 1383 1201 1410 mercedem
1220 1391 1315 1412 eorum
1338 1393 1403 1421 erga
1432 1393 1474 1413 me
1500 1387 1561 1414 litlei
1581 1387 1737 1422 pollicitus;
1762 1394 1792 1417 ut

1003 1435 1037 1455 ne
1052 1433 1148 1463 putent
1158 1437 1188 1457 se
1201 1429 1302 1457 frustra
1318 1431 1389 1467 piam
1405 1432 1562 1467 religionem
1577 1434 1690 1462 sectari.
1701 1434 1792 1468 Quare

1002 1475 1087 1502 vitam
1104 1480 1234 1504 aeternam
1249 1479 1373 1513 promisi,
1387 1484 1415 1506 et
1429 1479 1499 1507 bona
1515 1489 1525 1506 ι
1541 1488 1601 1515 quae
1619 1481 1715 1509 oculus
1736 1488 1790 1510 non

1002 1528 1073 1556 vidit
1084 1528 1118 1561 Μ,
1140 1537 1150 1555 ι
1172 1534 1199 1557 et
1214 1533 1323 1558 caetera.
1339 1530 1471 1564 Quoniam
1503 1540 1569 1560 vero
1585 1532 1655 1561 Deus
1675 1541 1735 1562 sum
1752 1533 1792 1562 lo-

941 1601 948 1611 .
962 1600 984 1630 ο
1001 1589 1088 1616 quens
1099 1581 1246 1617 justitiam,
1262 1586 1290 1610 et
1302 1584 1468 1612 annuntians
1484 1585 1639 1620 veritatem,
1657 1593 1706 1622 pro
1718 1588 1788 1622 arqui

1000 1640 1027 1662 et
1044 1635 1108 1662 boni
1133 1636 1250 1670 ratione,
1271 1641 1332 1671 post
1355 1637 1415 1665 illos
1434 1638 1577 1666 universos
1599 1641 1681 1667 etiam
1703 1639 1791 1668 homi-

999 1695 1048 1714 nes
1069 1687 1102 1714 ad
1133 1695 1176 1715 mo
1202 1688 1316 1722 vocavi;
1348 1695 1375 1717 et
1402 1690 1458 1724 jam
1489 1690 1551 1718 hinc
1572 1691 1699 1720 omnibus
1719 1700 1790 1728 pra—

999 1736 1060 1765 dico
1082 1746 1090 1765 :
1121 1745 1130 1762 ι
1152 1737 1360 1775 Congregamini
1395 1745 1422 1766 et
1454 1740 1565 1770 venite.
1588 1741 1722 1770 consulite
1748 1742 1788 1770 si-

999 1782 1066 1814 mul,
1095 1783 1142 1817 qui
1173 1783 1315 1811 salvamini
1346 1784 1380 1812 de
1399 1785 1534 1820 gentibus.
1555 1795 1564 1812 »
1593 1785 1788 1822 Vidcn',quo-

998 1828 1079 1856 modo
1096 1828 1158 1856 illos
1177 1837 1210 1856 ex
1227 1829 1366 1865 gentibus,
1387 1831 1432 1866 qui
1456 1831 1570 1858 salutem
1587 1838 1726 1868 exoplent,
1740 1833 1788 1862 ad-

999 1874 1098 1901 vocet?
1114 1874 1214 1910 eQuis
1233 1877 1322 1904 audita
1348 1876 1411 1904 fecit
1434 1876 1490 1904 lucc
1512 1876 1546 1904 ab
1567 1877 1666 1906 initio?
1684 1888 1693 1904 ι
1718 1879 1786 1907 Cum

997 1921 1069 1949 enim
1091 1921 1170 1956 juxta
1191 1923 1367 1956 accesserint,
1389 1930 1483 1950 verum
1509 1924 1594 1951 Deum
1610 1930 1785 1960 cognoscent,

996 1967 1075 2001 cujus
1091 1967 1201 1994 deitatis
1218 1975 1346 2002 maguum
1364 1973 1554 2002 argumentum
1569 1969 1634 1997 illud
1658 1973 1700 1997 est
1714 1972 1784 2004 quod

997 2013 1053 2040 bare
1071 2021 1118 2048 per
1143 2013 1288 2048 prophetas
1309 2021 1374 2041 suos
1399 2015 1606 2049 pramuntiarit,
1624 2020 1652 2042 et
1674 2016 1708 2043 ab
1732 2016 1785 2044 ini«

998 2059 1035 2085 lio
1055 2058 1081 2085 id
1101 2058 1134 2085 ad
1155 2066 1236 2086 aures
1259 2062 1368 2085 nostras
1395 2057 1587 2085 deelaraverit.
1609 2068 1618 2083 ε
1637 2058 1714 2087 Tunc
1737 2067 1786 2086 an-

997 2105 1151 2132 nuntiatum
1175 2109 1218 2131 est
1236 2103 1323 2137 vobis,
1346 2103 1401 2139 Ego
1426 2103 1513 2136 Deus,
1529 2108 1557 2131 et
1579 2112 1630 2131 non
1658 2109 1700 2132 est
1717 2104 1786 2132 alius

996 2155 1096 2185 praeter
1110 2156 1166 2178 mc.
1182 2159 1192 2176 ›
1207 2149 1241 2177 lis
1257 2150 1302 2184 qui
1321 2150 1348 2177 in
1367 2155 1439 2177 terra
1455 2154 1517 2176 sunt
1532 2149 1644 2184 laqueos
1657 2156 1786 2185 parantes

995 2196 1132 2224 diemones
1145 2196 1268 2232 maligni,
1285 2196 1386 2223 fraudis
1398 2195 1567 2231 fallacia-que
1580 2204 1635 2223 sua:
1649 2196 1783 2224 oﬂicinam

996 2242 1142 2270 admovere
1158 2243 1329 2277 satagebant,
1355 2250 1384 2269 se
1404 2241 1495 2269 futura
1522 2249 1602 2269 nosse
1624 2241 1784 2269 simulantes

994 2296 1026 2316 ac
1045 2295 1124 2323 posse
1140 2296 1170 2316 se
1197 2288 1240 2316 illa
1266 2288 1411 2315 enuntiare
1430 2288 1473 2319 iis,
1486 2287 1532 2322 qui
1550 2287 1672 2314 ediscere
1688 2286 1782 2318 velint,

994 2341 1070 2362 certo
1096 2340 1217 2370 tempore
1239 2334 1340 2362 multos
1361 2334 1423 2361 dolo
1448 2334 1697 2361 circumvenerunt.
1714 2331 1781 2358 Nam

994 2382 1020 2409 in
1042 2382 1153 2409 urbibus
1169 2385 1196 2408 et
1213 2381 1370 2414 regionibus
1383 2380 1504 2408 oracula.
1519 2378 1701 2406 divinationes
1716 2378 1780 2406 item

994 2427 1078 2458 falsae,
1097 2427 1199 2462 ubique
1219 2430 1308 2458 crant,
1327 2426 1519 2456 ominationes.
1538 2428 1736 2454 necromantes,
1755 2428 1781 2450 et

992 2473 1038 2508 qui
1055 2480 1088 2499 ex
1105 2478 1177 2500 terra
1196 2472 1388 2508 loquebantur,
1403 2471 1612 2507 engastrimythi
1629 2491 1636 2504 ,
1662 2470 1782 2505 alphito-

994 2524 1109 2551 tnantes,
1130 2519 1187 2545 sive
1208 2519 1253 2554 qui
1269 2526 1284 2546 e
1299 2519 1396 2546 larinis
1411 2517 1641 2551 vnticinabantur,
1657 2521 1739 2551 atque
1751 2520 1781 2543 ut

992 2565 1148 2592 summatim
1165 2564 1266 2596 dicam,
1292 2563 1469 2591 mendacibus
1487 2568 1514 2591 et
1531 2562 1724 2598 imposloribus
1741 2570 1780 2589 ru-

992 2610 1119 2644 plebatur
1141 2610 1227 2638 orbis.
1252 2619 1260 2636 ι
1278 2609 1372 2637 Justus
1394 2613 1420 2637 et
1443 2608 1561 2636 salvator
1580 2616 1632 2636 non
1652 2612 1695 2635 est
1712 2615 1780 2641 prae-

992 2661 1034 2684 ter
1052 2664 1106 2684 me.
1127 2665 1136 2682 ι
1155 2656 1325 2684 Vaticinatus
1340 2663 1399 2683 sum
1416 2659 1442 2682 et
1456 2654 1581 2689 praedixi,
1597 2653 1779 2689 qtloniamjn-

989 2707 1049 2730 stus
1062 2707 1090 2730 et
1104 2702 1230 2730 Salvator
1252 2709 1323 2734 sum,
1339 2701 1400 2729 ideo
1412 2700 1560 2728 secundum
1577 2699 1714 2734 tenuitatis
1734 2707 1779 2727 ra-

990 2749 1091 2776 tionctn
1107 2755 1202 2776 omnes
1221 2753 1315 2783 gentes
1341 2747 1374 2775 ad
1394 2754 1465 2780 eam,
1482 2753 1542 2782 qua:
1561 2753 1645 2782 penes
1661 2753 1703 2774 me
1722 2751 1777 2777 est,

989 2793 1105 2823 salutem
1129 2801 1224 2822 evoco.
1253 2793 1346 2821 Viden‘
1372 2792 1507 2828 quomodo
1524 2799 1694 2820 communem
1712 2800 1778 2827 gun-
