2061 3215
308 192 361 220 419

647 189 780 218 EUSEBII
798 188 1036 218 CAESARIENSIS
1055 189 1133 218 OPP.
1153 189 1241 217 PARS
1260 189 1305 217 III.
1326 205 1360 210 ——
1379 189 1584 218 EXEGETLCA.
1878 189 1924 217 ιίΞθ

309 250 381 277 tibus
403 247 531 276 omnibus
556 247 777 282 praedicationem
805 247 970 275 annuntict?
994 247 1021 274 In
1039 254 1092 282 quo

1148 247 1253 282 χάριτος
1266 246 1367 273 κατίδοι
1383 255 1426 278 τις
1439 247 1472 273 ἂν
1488 246 1518 273 τὸ
1529 245 1654 282 μέγεθος,
1671 246 1709 278 είς
1725 247 1829 278 πάντας
1841 247 1925 282 διῆκον

307 295 387 329 plane
404 293 505 322 Christi
532 294 631 328 gratia
658 293 870 328 magnitudinem
897 294 1010 325 videas,
1034 300 1094 328 qua:

309 341 343 368 ad
367 347 463 368 omnes
488 339 637 373 terrigenas
660 340 811 374 pervadat:
844 339 944 366 atenim
970 339 1094 366 universa

308 391 378 414 terra
392 393 441 420 per
455 385 536 413 Iidem
551 385 578 413 in
594 392 667 417 eum,
682 385 716 412 ad
731 385 848 412 salutem
862 389 891 413 et
905 385 1000 418 vitam,
1016 385 1094 420 quasi

309 439 409 467 sagena
429 436 520 466 capta,
539 431 655 459 deducta
672 436 725 458 est.

343 477 425 505 Vens.
440 476 486 509 23,
513 476 558 504 24.
576 486 586 502 ι
612 476 664 504 Per
678 476 869 511 memetipsum
890 476 964 511 iuro,
991 476 1020 504 Si
1042 484 1095 504 non

307 523 466 557 egrediatur
487 522 521 550 de
535 529 584 550 ore
598 529 659 549 meo
673 521 780 556 iustitia
794 531 801 549 :
817 530 958 550 sermones
973 523 1024 550 mei
1042 529 1095 550 non

308 573 479 596 avertentur.
504 577 514 594 ι
537 567 588 601 Qui
618 575 774 600 sermones.
801 568 853 596 nisi
874 569 950 603 queis
969 569 1094 602 dicebat,

311 623 322 640 ι
344 613 539 641 Convertimini
556 613 589 640 ad
606 620 658 645 me,
678 619 705 641 et
727 614 911 647 salvabimini,
933 615 980 649 qui
997 615 1030 642 ab
1049 622 1096 642 ex-

311 664 398 686 tremo
418 663 500 686 terrae
523 659 611 687 estis:
641 659 704 694 quia
734 659 800 687 mihi
831 661 990 688 curvabitur
1016 668 1096 688 omne

309 712 396 739 genu,
418 708 446 732 et
463 704 567 739 jurabit
590 705 679 733 omnis
703 705 791 738 lingua
817 713 866 740 per
888 705 990 734 Deum:
1015 715 1024 732 ι
1043 713 1096 733 non

309 749 464 780 Iudaeorum
484 755 599 783 tantum,
618 751 667 778 sed
686 751 768 778 etiam
784 751 950 787 reliquarum
965 753 1096 786 gentium,

309 804 365 832 quo
380 797 448 824 nihil
463 796 569 824 beatius
590 796 681 824 fuerit.
706 797 846 832 Hujusque
862 798 1009 832 prophetiae
1022 805 1097 825 com-

310 841 475 876 plementum
500 842 528 869 in
548 841 649 869 Christi
675 840 782 870 Domini
810 844 925 870 adventu
950 843 1011 871 fuit.
1033 842 1098 870 Post

310 887 386 915 illum
402 888 485 920 enim,
506 888 599 923 populi
613 895 709 915 omnes
731 888 757 915 in
775 888 833 923 eius
854 888 977 917 Ecclesia
997 896 1045 924 per
1060 894 1097 916 to-

1144 294 1208 325 τοὺς
1232 293 1313 325 ὂντας
1342 293 1388 319 ἐπὶ
1408 293 1458 327 τῆς
1486 293 1553 327 γῆς·
1588 292 1784 328 σεσαγήνευται
1810 291 1862 328 γὰρ
1887 293 1925 321 διὰ

1147 340 1264 371 πίστεως
1279 339 1327 375 τῆς
1339 339 1379 371 είς
1389 338 1472 366 αὐτὸν
1488 339 1528 370 εἰς
1545 338 1681 374 σωτηρίαν
1691 338 1738 365 καὶ
1751 337 1851 374 ζωὴνή
1864 339 1926 375 σύμ-

1145 393 1220 412 πασα
1233 393 1281 420 γη.

1183 493 1192 509 t
1211 483 1278 510 Κατ’
1289 483 1407 518 ἐμαυτοῦ
1423 483 1525 518 ὀμνύω,
1547 484 1578 510 El
1597 483 1635 519 μὴ
1647 483 1819 517 ἐξελεύσεται
1838 484 1868 509 ἐκ
1884 483 1926 509 τοῦ

1147 529 1280 564 στόματός
1291 538 1341 565 μου
1355 529 1511 565 δικαιοσύνη
1523 538 1530 545 ο
1540 530 1565 556 οῑ
1580 530 1653 564 λόγοι
1670 539 1720 565 μου
1735 530 1786 556 οὐκ
1799 530 1927 565 ἀποπρα-

1146 575 1286 611 φήσονται.
1304 585 1314 600 ι
1335 576 1409 602 Ποῖοι
1430 575 1458 602 δέ
1480 575 1563 609 λόγοι,
1577 576 1593 611 ἢ
1607 575 1641 602 δι’
1655 572 1692 602 ὧν
1708 575 1820 609 ἔλεγεν·
1840 584 1849 600 ι
1860 575 1927 602 Ἐπι-

1146 619 1283 655 στράφητε
1299 620 1367 655 πρὸς
1381 620 1426 655 μὲ,
1443 620 1489 647 καὶ
1499 620 1652 656 σωθήσεσθε
1663 621 1688 646 οἱ
1702 621 1749 647 ἀπ’
1760 620 1873 655 ἐσχάτου
1885 621 1928 656 τῆς

1146 664 1216 699 γῆς·
1234 665 1275 691 ὅτι
1296 665 1357 700 ἐμοὶ
1384 665 1486 700 κάμψει
1510 666 1564 693 πᾶν
1583 666 1658 700 γόνυ,
1680 667 1727 693 καὶ
1738 667 1847 702 ὀμεῖται
1862 668 1928 693 πᾶσα

1146 711 1256 746 γλῶσσα
1276 711 1321 738 τὸν
1335 711 1419 744 Θεὸν;
1442 721 1451 737 ι
1473 711 1539 747 Οὐχὶ
1559 711 1589 738 τὸ
1611 712 1744 739 Ἰουδαίων
1765 712 1856 748 μόνον,
1870 712 1928 739 ἀλλὰ

1147 757 1194 783 καὶ
1203 757 1257 783 τῶν
1272 757 1372 783 λοιπῶν
1383 756 1479 789 ἐθνῶν,
1494 755 1523 785 οὗ
1539 757 1744 794 μακαριώτερον
1762 758 1839 784 οὐδὲν
1852 757 1883 785 ἂν
1892 758 1929 792 γέ-

1147 811 1229 829 νοιτο.
1245 802 1299 829 Καὶ
1312 802 1414 838 ταύτης
1430 803 1458 830 δὲ
1473 804 1522 839 τῆς
1540 805 1706 839 προφητείας
1717 804 1747 831 τὺ
1761 804 1927 840 ἀποτέλεσμα

1147 848 1298 884 ἐπληροῦτο
1322 850 1355 884 τῇ
1383 848 1431 876 τοῦ
1455 849 1580 885 Σωτῆρος
1607 849 1684 885 ήμῶν
1706 849 1795 885 Ἰησοῦ
1819 850 1928 886 Χριστοῦ

1148 895 1291 930 παρουσίᾳ·
1303 895 1361 930 μεθ’
1376 896 1409 931 ἢν
1425 896 1454 921 ἐν
1469 897 1501 931 τῇ
1519 895 1666 932 Ἐκκλησία
1683 896 1765 923 αὐτοῦ
1786 897 1819 932 τῇ
1836 895 1892 923 καθ’
1906 896 1929 923 ὂ-

312 938 369 960 ttun
387 934 480 961 orbem
494 934 661 968 congregati,
677 934 731 962 Deo
745 934 773 961 in
793 935 929 969 precando
949 942 1036 970 genua
1049 934 1097 962 ﬁe-

1148 928 1196 976 λης
1220 928 1275 976 τῆς.
1287 928 1448 977 οίκουμένης
1463 928 1562 974 παντες
1585 928 1618 969 οίἿ
1634 928 1863 978 σίδγκροτούμίένοι
1877 941 1929 968 λαοὶ

309 983 387 1007 etere
408 979 583 1006 didicerunt:
606 980 658 1007 etsi
687 980 714 1007 id
741 980 827 1008 Judaei
856 980 1010 1008 faciendum
1036 988 1098 1008 esse

311 1025 447 1060 ignorent.
472 1034 480 1051 t
509 1025 667 1060 Etjurabit.
694 1035 704 1052 ι
724 1025 790 1053 Nam
813 1026 858 1060 qui
877 1033 920 1054 me
942 1026 1026 1054 Deum
1047 1032 1097 1052 oo-

312 1075 408 1098 verunt
429 1071 455 1098 in
475 1072 602 1099 omnibus
616 1071 752 1106 gentibus,
768 1072 864 1107 quavis
885 1072 976 1108 lingua
999 1076 1025 1099 et
1038 1079 1097 1099 ser-

313 1123 412 1150 mone,
429 1118 487 1145 sive
510 1117 638 1152 barbaro,
664 1119 721 1146 sive
748 1117 853 1152 Graeco,
883 1119 909 1146 in
936 1118 1099 1153 juramcntis

312 1170 356 1191 me
378 1164 405 1190 in
431 1168 526 1191 testem
555 1168 704 1197 assumant,
734 1165 778 1200 qui
805 1172 898 1192 eorum
921 1166 999 1193 dictis
1017 1165 1096 1193 ﬁdem

317 1208 427 1236 faciam.

349 1307 431 1335 Vens.
446 1307 492 1335 25.
513 1317 523 1333 ι
539 1307 648 1340 Dicens,
663 1308 769 1336 Iustitia
787 1313 815 1336 et
826 1308 910 1344 gloria
931 1309 964 1336 ad
977 1316 1038 1336 eum
1054 1317 1098 1336 ve-

313 1352 405 1385 nient,
425 1355 452 1379 et
469 1352 670 1380 confundentur
698 1360 793 1381 omnes
813 1354 859 1388 qui
878 1358 1005 1388 separant
1029 1361 1069 1381 se.
1086 1363 1096 1379 ι

312 1398 412 1426 Omnes
425 1399 564 1426 hominum
576 1400 691 1426 virtutes
705 1399 786 1426 talem
801 1400 991 1427 nanciscentur
1002 1399 1096 1427 linem:

313 1448 341 1470 ct
358 1443 447 1470 cumis
465 1442 594 1470 fortitudo
615 1443 772 1476 hominum,
794 1443 838 1478 qui
855 1451 903 1479 pro
921 1444 1020 1478 pietate
1037 1451 1099 1470 con-

312 1494 503 1521 certaverunt,
534 1489 567 1516 ad
593 1489 680 1524 ipsum
710 1490 842 1516 accedet:
869 1493 949 1524 atque
976 1494 1041 1517 tunc
1062 1489 1098 1517 illi

315 1535 432 1561 fructum
450 1533 585 1565 laborum,
609 1538 637 1561 et
661 1534 771 1562 virtutis
794 1536 934 1570 praemium
953 1535 1098 1570 accipient.

350 1578 433 1608 Vsus.
449 1578 495 1606 26.
515 1588 524 1605 t
541 1579 562 1606 Δ
580 1579 694 1607 Domino
704 1579 938 1614 justiﬁcabuntur,
953 1586 981 1608 et
996 1581 1022 1607 in
1044 1581 1099 1608 Deo

314 1624 513 1660 gloriﬁcabitur
524 1631 605 1652 omne
617 1632 710 1652 semen
726 1625 841 1652 ﬁliorum
858 1625 949 1653 Israel.
969 1635 978 1651 ι
993 1626 1025 1653 Et
1039 1627 1100 1655 vide

317 1670 395 1702 mihi,
410 1677 514 1703 quaeso,
533 1669 668 1697 sermonis
688 1675 845 1698 accuratam
868 1672 1021 1699 rationem:
1046 1679 1099 1699 non

313 1716 386 1743 enim
402 1724 412 1741 ‹
427 1714 520 1748 Israel,
544 1723 553 1741 ι
577 1715 661 1748 dixit,
689 1723 794 1750 neque,
820 1725 830 1742 ‹
857 1724 948 1744 semen
965 1716 1068 1750 Israel;
1087 1727 1097 1743 ι

314 1761 362 1789 Sed
380 1767 470 1789 selnen
490 1761 606 1788 ﬁliorum
623 1760 717 1788 Israel.
733 1761 793 1789 Filii
811 1769 892 1796 porro
913 1761 996 1790 Israel
1020 1767 1101 1790 erant

315 1807 395 1843 primi
415 1806 546 1834 salutaris
561 1807 699 1842 Evangelii
712 1814 861 1842 praecones,
876 1815 992 1844 quorum
1006 1816 1099 1836 semen

314 1857 342 1879 et
358 1853 559 1881 successionem
583 1852 688 1888 justitia
706 1857 733 1880 et
759 1854 843 1889 gloria
864 1854 1016 1881 donandum
1041 1862 1100 1882 esse

317 1898 430 1928 dicitur.

595 1943 711 1973 CAPUT
732 1944 824 1974 XLVI.

355 1991 434 2020 Vens.
455 1992 482 2020 I.
505 2001 515 2017 ι
532 1991 635 2019 Cecidit
655 1992 713 2025 Bel,
729 1993 862 2020 contritus
875 1998 917 2021 est
932 1993 1033 2029 Dagon.
1051 1993 1101 2021 Fa-‘

315 2042 358 2065 cta
374 2043 439 2065 sunt
461 2037 599 2073 sculptilia
623 2045 716 2066 eorum
738 2038 765 2066 in
792 2039 893 2067 bestias
908 2044 936 2067 et
955 2040 981 2067 in
994 2039 1102 2074 jumen-

318 2088 357 2111 ta.
374 2093 383 2109 ι
403 2084 449 2111 Bel
466 2084 565 2111 idolum
581 2090 651 2118 erat,
677 2086 717 2112 sic
739 2093 754 2112 a
771 2084 873 2113 Gnecis
895 2085 1009 2118 dictum,
1024 2093 1098 2113 eum-

319 2129 393 2161 dem,
407 2133 437 2156 ut
451 2129 536 2162 aiunt,
549 2137 629 2164 quem
644 2130 696 2165 ipsi
712 2130 856 2158 Saturnum
868 2131 1010 2166 appellant,
1022 2139 1102 2167 quem

320 2179 397 2202 tanta
415 2174 566 2203 stoliditate
581 2180 688 2204 veteres
702 2177 838 2210 colebant,
855 2181 884 2204 ut
897 2178 947 2212 ipsi
960 2178 1101 2206 carissima

320 2220 371 2248 sibi
385 2220 551 2256 jugularent,
569 2229 602 2248 ac
618 2227 761 2250 sescentas
778 2223 845 2251 alias
865 2223 1004 2252 hominum
1025 2225 1103 2252 victi-

1147 987 1213 1021 γόνυ
1227 987 1327 1014 κλίνειν
1337 987 1375 1023 τῷ
1388 988 1446 1023 Θεῷ
1457 989 1485 1014 ἐν
1501 989 1558 1020 ταῖς
1573 990 1736 1024 προσευχαῖς
1748 988 1928 1024 ἐδιδάχθησαν.

1147 1033 1236 1060 καίτοι
1270 1033 1404 1061 Ἰουδαίων
1426 1034 1506 1061 τοῦτο
1534 1035 1620 1062 ποιεῖν
1645 1035 1696 1061 οὐκ
1714 1034 1834 1061 είδότων.
1856 1043 1865 1060 t
1880 1033 1930 1060 Kal

1147 1080 1264 1114 ὀμεῖται.
1281 1088 1291 1106 ι
1310 1079 1341 1106 Ol
1361 1078 1415 1114 γὰρ
1435 1079 1484 1115 ἐμὲ
1507 1079 1553 1106 τὸν
1568 1079 1634 1106 Θεὸν
1653 1080 1812 1114 ἐπιγνόντες
1828 1079 1858 1106 ἐν
1870 1079 1929 1106 πᾶσι

1147 1126 1203 1156 τοῖς
1221 1124 1309 1151 ἔθνεσι
1326 1124 1370 1151 διὰ
1387 1124 1514 1156 παντοίας
1526 1123 1652 1160 γλώσσης
1674 1124 1720 1151 καὶ
1735 1125 1854 1160 ὁμιλίας,
1872 1123 1929 1159 βαρ

1148 1171 1232 1207 ϐάρου
1258 1179 1287 1198 τε
1313 1170 1360 1198 καὶ
1389 1170 1548 1206 Ἑλληνικῆς
1573 1171 1602 1197 ἐν
1621 1172 1677 1203 τοῖς
1689 1171 1783 1207 ὅρκοις
1803 1171 1852 1206 ἐμὲ
1869 1170 1930 1206 μάρ-

1147 1226 1216 1254 τυρα
1240 1218 1459 1254 παραλήψονται,
1485 1217 1644 1253 βεϐαιοῦντα
1676 1217 1726 1249 τὰς
1754 1217 1859 1244 ἑαυτῶν
1890 1215 1930 1242 πί-

1149 1271 1230 1295 στεις.

1186 1316 1195 1332 t
1213 1307 1323 1341 Λέγων·
1340 1306 1502 1342 Δικαιοσύνη
1522 1306 1569 1333 καὶ
1595 1305 1658 1338 δόξα
1681 1306 1749 1343 πρὸς
1770 1306 1852 1334 αὑτὸν
1865 1304 1929 1340 ἥξει,

1148 1351 1195 1380 καὶ
1222 1352 1445 1388 αἰσχυνθήσονται
1465 1353 1564 1385 πάντες
1580 1354 1604 1379 οί
1623 1353 1787 1388 διορίζοντες
1800 1351 1903 1383 αὐτοὺς.
1918 1359 1926 1376 ο

1148 1398 1237 1424 Πᾶσαι
1251 1399 1279 1425 αἱ
1295 1399 1324 1425 ἐν
1333 1397 1487 1434 ἀνθρώποις
1497 1398 1592 1434 ἀρεταὶ
1606 1399 1681 1430 τέλος
1695 1398 1761 1425 αὐτὸ
1773 1398 1873 1431 ἕξουσι,
1888 1396 1930 1424 καὶ

1149 1444 1224 1470 πᾶσα
1244 1444 1319 1479 ἰσχὺς
1331 1443 1481 1480 ἀνθρώπων
1494 1444 1548 1471 τῶν
1560 1444 1629 1480 ὑπὲρ
1642 1444 1798 1476 θεοσεϐείας
1810 1445 1930 1478 ἀγωνισα-

1150 1488 1238 1524 μένων
1257 1489 1325 1524 πρὸς
1336 1489 1416 1516 αὑτὸν
1433 1489 1581 1522 ἐλεύσεται,
1603 1490 1650 1517 καὶ
1671 1490 1716 1516 τὸν
1732 1489 1789 1516 τῶν
1810 1489 1929 1525 καμάτων

1149 1533 1255 1569 καρπὸν
1269 1534 1319 1569 τήν
1334 1543 1364 1560 τε
1380 1534 1496 1570 ἀμοιϐὴν
1508 1536 1558 1570 τῆς
1571 1535 1672 1571 ἀρετῆς
1687 1535 1832 1571 λήψονται.

1166 1596 1170 1600 ι
1187 1588 1196 1604 ε
1207 1578 1380 1615 ἈπὸΚυρίου
1389 1579 1622 1616 δικαιωθήσονται.
1638 1580 1684 1607 καὶ
1698 1581 1726 1607 ἐν
1739 1580 1781 1616 τῷ
1796 1580 1854 1615 Θεῷ
1867 1578 1930 1606 ἐνδο-

1151 1623 1313 1659 ξασθήσεται
1324 1625 1377 1651 πᾶν
1385 1624 1415 1651 τὸ
1424 1625 1533 1661 σπέρμα
1549 1625 1602 1652 τῶν
1610 1625 1675 1652 υἱῶν
1683 1625 1801 1661 Ἰσραήλ.
1809 1635 1817 1650 ι
1828 1623 1879 1651 Καὶ
1887 1623 1929 1650 θέα

1149 1668 1199 1704 τὴν
1209 1668 1350 1705 ἀκρίϐειαν
1357 1669 1405 1696 τοῦ
1419 1669 1498 1704 λόγου
1506 1678 1513 1684 ·
1524 1670 1554 1696 οὐ
1563 1670 1616 1707 γὰρ
1629 1680 1638 1696 ι
1650 1670 1696 1696 τὸν
1713 1669 1823 1706 Ἰσραὴλ
1832 1679 1841 1695 ν
1851 1667 1927 1699 εἷπεν,

1149 1713 1211 1740 οὐδὲ
1235 1722 1253 1744 ι¹
1265 1713 1295 1739 τὸ
1314 1713 1423 1749 σπέρμα
1451 1714 1567 1750 Ἰσραὴλ.
1586 1724 1596 1741 ι
1624 1714 1691 1742 ἀλλὰ
1705 1714 1736 1741 τὸ
1758 1714 1868 1750 σπέρμα
1882 1712 1929 1740 τῶν

1151 1759 1216 1786 υίῶν
1236 1759 1353 1795 Ἰσραήλ.
1373 1759 1432 1786 Υἱοὶ
1448 1759 1476 1786 δὲ
1500 1760 1608 1796 Ἰσραὴλ
1629 1760 1777 1795 ἐτύγχανον
1795 1761 1819 1787 οί
1838 1759 1929 1795 πρῶτοι

1150 1805 1271 1840 κήρυκες
1282 1805 1328 1832 τοῦ
1341 1805 1474 1841 σωτηρίου
1488 1806 1662 1840 Εὑαγγελίου,
1679 1803 1716 1834 ὧν
1729 1806 1762 1834 τὸ
1771 1807 1877 1843 σπέρμα
1889 1805 1929 1832 καὶ

1151 1847 1200 1884 τὴν
1219 1848 1343 1884 διαδοχὴν
1366 1849 1591 1886 δικαιωθήσεσοαι
1608 1852 1655 1879 καὶ
1670 1851 1879 1888 δοξασθήσεσθαι
1897 1849 1928 1875 εί-

1153 1903 1203 1932 ρητ
1207 1903 1234 1921 αι
1239 1916 1245 1922 ,

1397 1942 1593 1969 ΚΕΦΔΔΑΙΟΝ
1617 1942 1692 1976 Mer.

1189 1994 1199 2011 ι
1217 1982 1318 2013 Ἔπεσε
1343 1986 1407 2023 Βὴλ,
1441 1988 1583 2024 συνετρίϐη
1612 1987 1717 2023 Δαγών.
1751 1987 1873 2022 Ἐγένετο
1900 1985 1928 2012 τὰ

1152 2031 1259 2066 γλυπτὰ
1272 2033 1361 2059 αὐτῶν
1378 2035 1417 2066 είς
1429 2034 1510 2070 θηρία
1521 2034 1612 2061 καὶτὰ
1622 2035 1716 2070 κτήνη.
1732 2043 1742 2060 ι
1761 2034 1817 2070 Βὴλ
1831 2032 1929 2060 εἴδωλον

1151 2075 1197 2113 ἦν,
1211 2078 1280 2114 ὅπερ
1296 2079 1424 2115 ’Έλληνες
1439 2080 1510 2106 οὕτω
1526 2080 1653 2108 καλοῦσι·
1672 2080 1868 2116 ἑρμηνεύοντες
1886 2077 1929 2105 αὺ-

1151 2124 1198 2151 τὸν
1214 2123 1282 2152 εἶναι
1308 2125 1354 2152 τὸν
1373 2126 1438 2161 παρ’
1454 2126 1545 2158 αὐτοῖς
1563 2126 1728 2162 καλούμενον
1747 2126 1860 2162 Κρόνον,
1873 2122 1929 2158 περὶ

1152 2169 1182 2196 δν
1195 2169 1280 2202 οὕτως
1295 2168 1364 2206 ἦσαν
1376 2171 1401 2196 οἱ
1417 2171 1526 2198 παλαιοὶ
1541 2171 1712 2207 ἐπτοημένοι,
1735 2171 1774 2204 ὡς
1788 2168 1928 2203 κατασφάτ-

1152 2223 1209 2242 τειν
1223 2215 1322 2248 αὐτοὺς
1343 2215 1378 2243 τὰ
1402 2216 1506 2243 ἑαυτῶν
1523 2216 1649 2251 φίλτατα,
1668 2217 1716 2243 καὶ
1736 2217 1820 2248 ἄλλας
1841 2214 1928 2251 μυρίας

320 2273 379 2292 mas
395 2264 447 2300 ipsi
463 2266 588 2294 omnibus
603 2267 627 2294 iu
641 2267 709 2295 locis
726 2267 865 2296 oll'errcnt.
881 2269 972 2305 Dagon
990 2270 1054 2297 item
1069 2271 1098 2298 si-

1153 2260 1374 2297 ὰνθρωποθυσίας
1389 2261 1464 2297 αὐτῷ
1479 2261 1554 2305 κατὰῗ
1565 2262 1653 2291 πάντα
1668 2262 1749 2289 τόπον
1765 2261 1926 2305 προσφέρειν-

322 2311 472 2338 nmlacrum
491 2317 550 2339 erat
568 2313 796 2348 alienigenarum,
813 2314 1033 2342 Ascalonitarum
1051 2316 1102 2344 sci-

319 2356 382 2383 licet
404 2360 431 2384 et
447 2356 632 2386 Gazensium:
654 2366 723 2394 quos
741 2361 784 2388 ubi
803 2361 943 2395 speciatim
969 2369 1102 2389 mcmora~

318 2402 367 2434 vit,
383 2402 479 2430 deinde
494 2404 644 2438 generatim
666 2406 699 2431 dc
714 2406 841 2433 omnibus
860 2406 959 2442 ubique
973 2407 1025 2435 diis
1045 2409 1102 2436 haec

320 2447 461 2484 subjungit
480 2458 487 2476 :
503 2458 513 2475 ε
531 2449 612 2477 Facta
627 2455 691 2477 sunt
707 2451 839 2486 sculptilia
855 2461 947 2481 eorum
963 2455 989 2481 in
1004 2454 1104 2484 bestias

318 2499 346 2521 et
361 2494 388 2521 in
400 2495 531 2530 iumenta.
556 2505 566 2522 ι
583 2495 659 2529 Quod
676 2496 768 2524 videre
788 2502 831 2524 est
847 2498 872 2525 in
899 2504 953 2526 tota
968 2499 1102 2536 Egyplo,

318 2539 363 2568 ubi
380 2540 470 2568 omnia
497 2539 614 2569 ferarum
633 2549 666 2569 ac
679 2542 862 2576 iumentorum
882 2551 979 2579 genera
995 2550 1024 2573 ut
1039 2547 1104 2574 deos

320 2586 442 2614 venerari
460 2586 559 2614 solent.

355 2674 436 2702 Vens.
454 2674 481 2702 2.
500 2684 509 2701 ι
529 2675 649 2704 Portatis
667 2684 700 2703 ea
720 2677 839 2712 alligata,
855 2677 933 2712 quasi
949 2685 1016 2706 onus
1030 2678 1102 2706 labo-

319 2721 401 2753 renti,
418 2721 564 2754 deﬁcienti,
576 2726 603 2749 et
621 2722 741 2754 sitienti;
764 2730 812 2750 nec
825 2723 922 2750 valenti
941 2723 1021 2750 simul
1038 2724 1102 2758 :qui

321 2771 374 2791 non
391 2771 518 2800 poterunt
535 2767 634 2795 salvari
648 2776 663 2794 a
681 2768 761 2796 bello.
787 2767 839 2804 Ipsi
863 2776 928 2796 vero
943 2770 1040 2804 captivi
1057 2771 1091 2797 ab

321 2810 393 2837 ducti
419 2816 493 2840 sunt.
510 2821 520 2838 ι
543 2812 606 2840 Ilaec
637 2814 725 2848 reipsa
753 2814 852 2842 nostris
876 2815 1040 2848 temporibus
1069 2815 1103 2842 ad

322 2854 438 2882 litteram
451 2861 601 2884 evenerunt
620 2867 627 2885 :
643 2866 676 2885 ac
701 2860 849 2887 secundum
876 2859 1041 2895 intelligendi
1061 2867 1102 2887 ra-

323 2901 422 2929 tionem
442 2908 536 2938 grave,
555 2903 650 2932 durum
665 2909 693 2932 et
720 2905 882 2933 diabolicum
905 2913 992 2940 onus,
1018 2906 1102 2934 idolo-

1153 2305 1248 2341 Δαγὼν
1261 2306 1290 2333 δὲ
1304 2307 1349 2333 καὶ
1360 2307 1425 2333 αὐτὸ
1439 2306 1531 2339 ξόανον
1545 2304 1579 2342 ἦν
1591 2306 1646 2333 τῶν
1659 2306 1816 2340 ἀλλοφύλων
1826 2303 1928 2337 ἀκτήν

1159 2353 1315 2380 Ἀσκάλωνα
1340 2353 1388 2380 καὶ
1411 2353 1460 2389 τὴν
1473 2353 1563 2385 Γάζαν
1576 2352 1735 2380 οἰκούντων·
1753 2353 1801 2380 καὶ
1813 2352 1844 2388 δὴ
1861 2357 1928 2386 μερι-

1153 2399 1208 2431 κῶς
1215 2399 1316 2426 τούτων
1325 2399 1514 2435 μνημονεύσας
1527 2399 1542 2425 ὁ
1557 2398 1644 2433 λόγος,
1656 2399 1719 2435 ἑξῆς
1726 2396 1927 2430 καθολικώτερον

1153 2446 1219 2481 περὶ
1227 2446 1335 2473 πάντων
1346 2446 1400 2472 τῶν
1413 2445 1567 2481 ἁπανταχοῦ
1578 2445 1790 2480 θεοποιουμένων
1799 2442 1925 2478 ἐπιφέρει·

1156 2500 1166 2518 t
1189 2491 1311 2526 Ἐγένετο
1326 2491 1359 2517 τὰ
1375 2491 1482 2525 γλυπτὰ
1494 2491 1582 2518 αὐτῶν
1594 2491 1632 2523 εἰς
1648 2491 1731 2526 θηρία
1752 2491 1798 2517 καὶ
1810 2490 1897 2524 κτήνη·
1916 2493 1924 2511 ³

1153 2537 1209 2564 Καὶ
1224 2537 1309 2563 ταῦτα
1329 2537 1358 2563 δέ
1377 2538 1434 2564 ἐστι
1450 2537 1511 2563 καθ’
1525 2537 1588 2573 ὅλης
1603 2537 1716 2563 συνιδεῖν
1732 2538 1780 2572 τῆς
1791 2535 1924 2570 Αἰγύπτου.

1154 2582 1217 2609 ἔνθα
1243 2582 1351 2608 πάντων
1374 2582 1476 2618 Θηρίων
1499 2582 1545 2611 καὶ
1573 2582 1680 2618 κτηνῶν
1701 2583 1779 2616 γένος
1799 2580 1881 2608 σέϐειν
1894 2577 1926 2607 ὡς

1154 2627 1230 2659 θεοὺς
1246 2627 1368 2654 εἰώθασι.
1442 2623 1444 2626 ’

1192 2693 1201 2708 l
1220 2683 1317 2719 Αἴρετε
1328 2683 1398 2710 αὐτὰ
1410 2684 1610 2720 καταδεδεμένα
1624 2685 1662 2716 ὡς
1675 2685 1783 2721 φορτίον
1796 2683 1924 2712 κοπιῶντι.

1155 2729 1338 2766 ἐκλελυμένῳ,
1359 2730 1405 2757 καὶ¹
1418 2730 1558 2762 πεινῶντι,
1577 2732 1627 2758 οὑκ
1648 2731 1766 2767 ἰσχύοντι
1778 2731 1843 2767 ἅμα.
1864 2726 1924 2755 olm-3

1154 2772 1314 2808 δυνήσονται
1326 2773 1446 2809 σωθῆναι
1461 2769 1516 2802 ἀπο
1530 2775 1659 2811 πολέμου.
1674 2776 1790 2803 Αὑτοὶδὲ
1803 2772 1922 2811 αἰχμάλω-

1155 2827 1196 2845 τοι
1207 2819 1339 2855 ἧχθησαν.
1352 2830 1362 2846 ι
1373 2820 1464 2848 Ταῦτα
1471 2821 1499 2848 δὲ
1506 2822 1598 2854 αὐτοῖς
1606 2822 1696 2858 ἔργοις
1703 2823 1763 2850 καθ’
1771 2822 1841 2858 ἡμᾶς
1848 2818 1922 2852 ἐπλην

1157 2864 1235 2898 ροῦτο
1248 2865 1316 2901 πρὸς
1325 2866 1409 2899 λέξιν,
1426 2867 1473 2894 καὶ
1484 2867 1555 2894 κατὰ
1566 2868 1685 2895 διάνοιαν
1697 2868 1725 2895 δὲ
1738 2868 1806 2904 βαρὺ
1820 2865 1863 2894 καὶ
1873 2864 1914 2890 δυσ

1156 2908 1316 2945 ϐάστακτον,
1327 2911 1374 2938 καὶ
1382 2911 1533 2940 διαϐολικὺν
1542 2913 1651 2948 φορτίον
1658 2914 1718 2946 ταῖς
1728 2913 1781 2940 τῶν
1786 2909 1920 2946 ἀνθρώπω-
