2061 3215
190 158 240 187 «(⁸21

651 163 904 192 COMMENTARIA
921 163 952 192 IN
973 164 1099 193 ISAIAM.
1112 165 1231 194 —CAP.
1254 164 1359 193 XLVII.

1775 169 1830 197 429.

190 219 289 255 ψυχαῖς
311 221 358 255 τῆς
381 221 573 258 εἰδωλολάτραι.)
601 223 704 261 πλάνης
728 226 855 254 ἐπέκειτο
888 227 978 255 πάλαι.

1037 234 1096 254 rum
1103 226 1205 254 scilicet
1213 227 1327 260 erroris,
1337 226 1476 254 hominum
1488 227 1748 264 animisimpositum
1758 237 1827 259 erat.

228 275 238 291 ι
266 266 392 293 Ἀκούετε
410 277 471 303 μου¹
496 267 570 301 οἶκος
591 270 698 302 Ἰακὼϐ,
723 273 769 299 καὶ
788 274 841 300 πᾶν
856 274 887 300 τὸ
902 275 983 302 κατά-

190 313 284 340 λοιπον
299 313 347 340 τοῦ
378 314 497 351 Ἰσραὴλ,
523 317 548 343 οί
576 318 718 354 αἰρόμενοι
739 320 771 347 ἐκ
794 321 909 354 κοιλίας,
936 325 983 350 καὶ

190 359 384 395 παιδευόμενοι
401 361 432 388 ὲκ
451 363 558 389 παιδίου
584 364 637 396 ἓως
657 366 760 401 γήρως.
790 376 799 393 ›
828 368 898 395 Ἀλλ’
920 369 983 397 οὗτε

198 406 295 433 Ἰακὼϐ
302 407 402 439 αὐτοὺς
411 408 498 441 καλεῖ,
508 410 570 437 οὔτε
589 412 698 449 Ἰσραὴλ
714 414 853 450 ὀνομάζει,
866 415 940 444 οἷκον
955 417 983 445 δὲ

189 453 271 480 αὑτὸν
292 453 371 489 μόνον
385 455 439 481 τοῦ.
451 456 548 483 Ἰακὼὸ
562 457 607 484 διὰ
620 459 670 495 τῆς
686 461 757 487 κατὰ
780 462 869 497 σάρκα
885 464 984 490 οἰκειό-

189 507 281 533 τητος,
300 500 347 526 καὶ
361 500 534 529 κατάλοιπον.
548 503 646 531 ὡσανεὶ
663 506 833 543 περίττευμα
841 509 887 535 καὶ
895 509 983 545 τρύγα

189 546 237 573 τοῦ
270 546 388 583 Ἰσραήλ.

228 602 238 617 r
268 593 339 627 Ἐγώ
355 594 423 629 εἰμι,
441 595 488 621 καὶ
502 596 556 628 ἕως
565 597 598 624 ἂν
615 600 827 636 καταγηράσητε
842 602 898 636 ἐγώ
912 604 981 636 εἰμι,

190 639 247 674 ἐγὼ
261 639 394 676 ἀνέχομαι
413 641 501 677 ὑμῶν,
521 643 576 677 ἐγὼ
594 644 722 681 ἐποίησα,
744 647 792 673 καὶ
807 648 862 682 ἐγὼ
877 649 980 686 ἀνήσω,

188 686 246 720 ἐγὼ
258 687 443 723 ἀναλήψομαι,
467 689 514 716 καὶ
533 690 612 717 σώσω
629 691 712 727 ὑμᾶς.
736 694 796 721 Τίνι
817 704 850 731 με
872 697 981 732 ὡμοιώ-

189 741 273 765 σατε;
292 733 388 765 Ἴδετε,
414 735 594 770 τεχνάσασθε,
617 739 641 765 οἱ
663 739 846 776 πλανώμενοι.
864 744 888 770 o!
912 753 981 780 συμ-

188 778 350 815 ϐαλλόμενοι
368 782 479 816 χρυσίον
505 783 537 809 ἐκ
555 786 720 820 μαρπυπίου,
744 788 790 814 καὶ
807 789 939 825 ἀργύριον
949 778 981 818 ἐν

188 824 273 860 ζυγῷ·
292 826 438 861 στήσουσιν
457 829 486 855 ἐν
504 830 617 866 σταθμῷ
630 832 677 858 καὶ
694 824 896 870 μισθωσάμενοι
912 845 980 872 χρυ-

188 871 282 906 σοχόον
309 871 441 907 ἐποίησαν
468 875 653 911 χειροποίητα,
671 877 718 903 καὶ
741 877 877 913 κύψαντες
896 871 980 916 epos-7

1074 271 1154 299 Vens.
1166 272 1194 300 5.
1208 272 1306 299 Audite
1317 279 1370 304 me,
1388 272 1486 300 domus
1500 272 1594 304 Iacob,
1608 279 1637 301 et
1653 281 1749 302 omnes
1765 276 1829 303 reli-

1035 318 1105 352 (μήτε
1121 317 1269 352 lsrae|,qui
1292 318 1436 353 portamini
1451 326 1484 346 ex
1501 323 1589 352 utero,
1603 324 1630 347 et
1650 319 1794 348 erudimiui
1813 329 1830 348 a

1035 363 1147 397 parvulo
1164 371 1250 398 usque
1277 363 1311 390 ad
1340 363 1536 392 senectutem.»
1556 364 1610 393 Sed
1633 372 1722 401 neque
1744 365 1830 394 Iacob

1035 410 1108 444 ipsos
1122 414 1210 440 vocat.
1229 416 1317 444 neque
1338 409 1422 438 Israel
1435 413 1573 444 neminat;
1589 411 1636 438 sed
1660 411 1830 440 solummodo

1034 455 1144 482 domum
1157 454 1251 489 Iacob,
1267 455 1302 483 ob
1316 456 1408 484 carnis
1427 457 1629 492 cognationem,
1645 462 1672 485 et
1688 458 1827 493 reliquias,

1034 502 1137 530 scilicet
1154 510 1387 537 supervacaneum
1402 503 1589 539 quidpiam,et
1603 504 1695 532 faecem
1711 505 1826 534 lsraelis.

1071 594 1214 626 Venet-7.
1224 604 1233 620 ι
1245 594 1300 630 Ego
1312 602 1384 630 sum,
1400 600 1428 623 et
1443 597 1529 625 donec
1537 597 1685 625 senescatis
1692 604 1742 633 ego
1750 605 1827 626 sum:

1033 648 1083 676 ego
1097 641 1238 669 sustinebo
1260 649 1320 676 vos,
1342 649 1392 678 ego
1410 641 1472 676 feci,
1488 647 1516 670 et
1541 651 1592 678 ego
1609 644 1755 676 dimittam.
1777 652 1829 680 ego

1034 688 1180 723 suscipiam
1197 692 1225 715 et
1244 688 1355 716 salvabo
1371 695 1430 716 vos.
1448 689 1497 716 Cui
1515 697 1558 716 me
1572 690 1767 717 assimilastis?
1784 691 1830 719 νε.

1033 734 1106 765 dcte,
1123 734 1278 769 excogitata
1291 734 1339 769 qui
1359 734 1469 764 erratis.
1486 739 1512 762 et
1530 734 1575 769 qui
1589 735 1718 763 confertis
1731 743 1827 763 aurum

1033 784 1065 803 cx
1085 778 1238 812 marsupio,
1262 783 1290 804 et
1306 783 1449 813 argentum
1474 780 1500 805 iu
1524 784 1624 806 statera
1642 789 1648 807 :
1664 785 1785 808 statuent
1801 781 1828 808 iu

1033 823 1164 858 pondere,
1176 828 1203 851 et
1218 824 1403 852 conducentes
1414 824 1565 857 aurificem,
1581 825 1704 853 fecerunt
1718 827 1830 854 sinmla-

1033 877 1091 901 cra,
1102 873 1130 896 et
1146 869 1309 898 inclinantes
1321 877 1352 898 se
1366 869 1483 898 adorant
1512 871 1568 898 illa.
1583 870 1692 899 Tollunt
1716 873 1828 900 humero

187 917 316 944 κυνοῦσιν
334 918 437 951 αὐτοῖς.
460 921 589 956 Αἲρουσιν
604 923 671 949 αὐτὸ
697 924 743 951 ἐπὶ
763 925 810 952 τοῦ
826 926 913 962 ὤμου,
932 929 978 955 καὶ

1030 919 1058 942 et
1074 915 1225 943 ambulant.
1241 915 1270 943 Si
1293 923 1357 944 vero
1373 921 1477 951 ponant
1497 916 1562 944 illud
1578 917 1605 944 in
1620 917 1679 946 loco
1694 925 1755 951 suo,
1768 927 1827 946 ma-

189 963 360 999 πορεύονται.
390 966 454 992 Ἐὰν
468 966 496 993 δὲ
510 967 592 995 θῶσιν
607 969 674 996 αὐτὸ
688 971 734 997 ἐπὶ
754 971 802 998 τοῦ
823 973 907 1000 τόπου
928 975 979 1001 αὺ-

187 1009 246 1041 τοῦ,
273 1010 361 1045 μένει,
385 1011 416 1038 οὐ
435 1012 472 1048 μὴ
488 1013 586 1049 κινηθῇ
597 1022 604 1029 ·
620 1015 667 1042 καὶ
681 1015 711 1047 ὃς
727 1016 777 1043 ἐὰν
800 1017 886 1055 βοήσῃ
911 1020 980 1055 πρὸς

187 1055 280 1089 αὑτὸν,
305 1057 336 1083 οὐ
357 1057 396 1093 μὴ
417 1058 564 1095 είσακούσῃ
577 1068 584 1075 ·
601 1060 656 1089 ἀπὸ
678 1063 772 1089 κακῶν
796 1054 885 1100 οἷδ’μῆ

187 1101 279 1128 αὐτόν.
301 1111 310 1127 ι
333 1101 428 1136 Ὑμεῖς
446 1103 475 1130 δὲ
489 1103 633 1138 λογίσασθε
655 1107 696 1138 εἰς
709 1107 768 1134 οἵαν
783 1101 980 1137 ἐκπεπτώκατέ

187 1145 337 1181 θεομαχίαν
354 1148 402 1174 καὶ
428 1147 608 1182 δυσσέὸειαν,
634 1151 819 1187 τολμήσαντες
846 1154 979 1190 ὁμοιῶσαι

189 1201 223 1228 με
242 1194 299 1225 τοίς
315 1193 352 1230 μὴ
366 1192 425 1221 οὖσι
453 1194 525 1228 θεοῖς
535 1216 542 1228 ,
560 1197 608 1223 καὶ
624 1197 711 1225 οὐδενὶ
727 1199 799 1235 λόγῳ
821 1200 914 1228 θέσθαι
930 1202 980 1238 τὴν

187 1239 257 1274 ἐμὴν
272 1239 389 1274 θεότητα
400 1249 408 1255 ο
425 1241 546 1277 ἰσότιμον
557 1242 587 1270 δέ
603 1252 637 1279 με
648 1244 757 1272 ἔσεσθαι
768 1247 801 1281 τῇ
816 1247 912 1283 ἀψύχῳ
928 1248 978 1285 ὕλῃ

186 1287 377 1330 ἀνεπλάσασθε
391 1296 398 1302 ·
418 1288 530 1324 χρυσίον
553 1290 601 1317 καὶ
623 1291 755 1328 ἀργύριον
784 1293 817 1319 ἐκ
840 1294 980 1330 συμϐολῆς

188 1328 388 1368 συναγαγόντες
400 1354 408 1366 ,
424 1335 471 1362 καὶ
484 1335 529 1362 διὰ
554 1337 653 1373 χειρῶν
674 1338 852 1375 ἀνθρωπίνων
868 1328 980 1368 ἀνειδω-

186 1380 382 1416 λοποιὴσαντες
400 1390 407 1397 ·
430 1379 471 1413 οἷς
488 1383 534 1410 καὶ
549 1387 713 1420 προσκυνεῖν
734 1386 784 1413 οὐκ
805 1387 978 1423 αἰσχύνεσθε,

188 1427 257 1461 μήτε
275 1427 404 1462 βαδίζειν,
424 1429 491 1465 μήτε
517 1430 651 1457 κινεῖσθαι
668 1432 792 1464 δυνατοῖς
806 1431 892 1466 οὖσιν,
920 1434 978 1461 ἀλλ’

186 1473 230 1498 ἐπ’
244 1472 328 1508 ὤμων
344 1473 522 1509 φερομένοις,
544 1476 591 1502 καὶ
615 1476 660 1511 ὑφ’
683 1477 784 1513 ἑτέρων
800 1477 978 1514 ὠθουμένοις,

187 1518 235 1545 καὶ
253 1519 315 1554 μήτ’
331 1520 457 1552 ἀκούειν,
482 1522 545 1557 μήτ’
568 1523 667 1555 αὐτοὺς
691 1523 789 1556 σώζειν
809 1524 978 1561 δυναμένοις.

187 1563 298 1597 Τούτοις
313 1565 407 1601 ὅμοιον
421 1566 494 1602 κάμὲ
511 1565 581 1595 εἶναι
595 1567 754 1602 ἐλογίσασθε
767 1589 774 1601 ,
800 1569 839 1601 ὡς
860 1569 910 1602 τὰς
926 1571 978 1606 ψυ-

186 1612 237 1647 χὰς
250 1614 456 1650 πεπηρωμένοι.
637 1622 640 1625 ·

224 1668 234 1685 ‹
253 1659 402 1696 Μνήσθητε
415 1661 512 1692 ταῦτα,
523 1661 570 1688 καὶ
577 1662 733 1696 στενάξατε.
741 1663 944 1700 Μετανοήσατε,
952 1666 977 1692 οἱ

185 1705 404 1742 πεπλανημένοι·
417 1708 599 1744 ἐπιστρέψατε
609 1711 643 1745 τῇ
654 1710 764 1747 καρδίᾳ,
778 1711 825 1738 καὶ
840 1711 977 1748 μνήσθητε

185 1751 220 1778 τὰ
229 1752 408 1788 πῴτεραάπὸ
422 1754 469 1781 τοῦ
477 1754 584 1787 αἰῶνος·
596 1755 637 1783 ὃτι
651 1757 706 1791 ὲγὼ
720 1757 778 1793 ειμι
788 1758 803 1785 ὁ
820 1757 887 1790 Θεὸς
897 1778 904 1789 ,
929 1758 978 1785 καὶ

185 1797 236 1823 οὐκ
251 1797 323 1824 ἐστιν
340 1798 380 1826 ἔτι
406 1799 476 1835 πλὴν
496 1800 564 1836 ἐμοῦ
575 1809 582 1816 ·
599 1802 774 1837 ἀναγγέλλων
792 1803 925 1840 πρότερον
942 1803 978 1831 τὰ

186 1842 290 1878 ἔσχατα
299 1845 363 1880 πρὶν
371 1845 507 1879 γενέσθαι·
516 1847 562 1873 καὶ
569 1847 627 1883 ἅμα
633 1848 821 1885 συνετελέσθη.
834 1859 844 1876 ›
857 1850 943 1878 Τοῦτο
948 1851 977 1877 δὲ

189 1898 318 1925 μεγιστον
324 1890 477 1927 ἀνθρώποις
484 1893 633 1928 μαρτύριον
638 1893 682 1920 διὰ
688 1894 742 1920 τῶν
749 1895 868 1929 ἐμαυτοῦ
875 1904 978 1931 προφη-

186 1935 242 1963 τῶν
262 1937 486 1974 παρεστησάμην,
504 1938 539 1965 τὰ
563 1939 695 1975 μέλλοντα
718 1940 861 1972 θεσπίσας.
879 1941 925 1967 καὶ
943 1941 977 1968 τὰ

187 1983 305 2019 μακροῖς
316 1983 429 2020 ὕστερον
440 1984 546 2021 χρόνοις
556 1986 727 2022 γενησόμενα
739 1986 834 2013 εἰπών·
846 1986 864 2014 ἃ
880 1987 927 2014 καὶ
943 1988 976 2015 δι’

184 2027 273 2064 ἔργων
286 2028 438 2062 ἐξετέλεσα.
452 2040 461 2056 ι
471 2031 525 2057 Καὶ
531 2029 605 2058 εἶπα·
616 2028 715 2067 Πᾶσαὴ
724 2031 804 2068 βουλὴ
821 2040 873 2068 μου
881 2033 930 2068 στή
935 2041 977 2059 σε-

183 2083 249 2107 ται,
262 2075 311 2102 καὶ
318 2076 408 2103 πάντα
418 2077 468 2104 ὅσα
484 2077 663 2113 βεὸούλευμαι
674 2079 787 2114 ποιήσω.
805 2089 813 2104 ι
828 2079 883 2106 Καὶ
898 2077 977 2111 αὖθις

183 2117 333 2145 ὲπιτελέσω
358 2120 414 2152 τοῖς
430 2119 536 2146 ἐπιοῦσι
561 2121 678 2156 χρόνοις.
693 2121 748 2147 Καὶ
763 2121 853 2148 πάντα
866 2122 917 2149 ὅσα
931 2121 976 2157 βε-

184 2164 331 2200 ϐούλευμαι
353 2163 401 2193 καὶ
420 2166 509 2202 ὥρισα
523 2187 530 2199 ,
558 2167 702 2203 ἀραρότως
716 2168 881 2203 γενήσεται,
907 2168 975 2204 ἐμοῦ

183 2210 260 2242 τέλος
271 2211 453 2247 ἐπιθήσαντος
464 2215 521 2245 τοῖς
536 2213 656 2249 ἐμαυτοῦ
671 2213 761 2248 λύγοις
772 2221 778 2228 ·
795 2214 840 2241 ὅτε
854 2214 902 2241 καὶ
917 2214 976 2250 βού-

991 1590 1013 1619 C

1032 966 1155 993 net,.non
1173 961 1379 990 movebiturzet
1392 963 1415 990 si
1433 963 1495 998 quis
1507 962 1666 991 clamaverit
1679 964 1713 991 ad
1728 965 1827 1000 ipsum,

1031 1014 1084 1035 non
1102 1008 1252 1036 exaudiet:
1268 1016 1283 1036 a
1307 1008 1386 1036 malis
1417 1017 1470 1037 non
1493 1009 1620 1038 liberabit
1650 1018 1723 1039 eum.
1742 1021 1751 1038 ›
1771 1012 1828 1040 Vos

1030 1060 1094 1080 vere
1108 1053 1225 1088 cogitate
1241 1053 1268 1081 in
1282 1059 1413 1090 quantam
1436 1055 1484 1083 Dei
1500 1055 1670 1083 inimicitiam
1689 1062 1716 1084 et
1730 1057 1828 1092 impie-

1032 1103 1114 1126 tatem
1129 1099 1297 1133 dccideritis,
1320 1100 1384 1128 dum
1404 1101 1449 1133 iis,
1465 1101 1510 1136 qui
1538 1109 1601 1130 vere
1615 1102 1652 1130 dii
1678 1111 1730 1131 non
1750 1109 1824 1137 sunt,

1031 1153 1074 1173 me
1097 1145 1215 1174 similem
1235 1146 1336 1180 facere,
1358 1151 1386 1175 et
1406 1147 1535 1176 deitatem
1561 1157 1647 1177 meam
1661 1150 1737 1178 nihili
1756 1157 1826 1185 peu-

1029 1191 1094 1219 dere
1108 1192 1166 1219 ausi
1191 1192 1275 1226 estis;
1298 1201 1330 1221 ac
1345 1194 1492 1222 commenti
1509 1195 1577 1223 estis
1600 1203 1643 1224 me
1670 1196 1826 1225 inanimatae

1030 1239 1153 1266 materiae
1166 1246 1258 1274 parem
1275 1246 1337 1267 esse
1353 1247 1360 1265 :
1377 1247 1473 1268 aurum
1494 1246 1522 1268 et
1537 1246 1680 1277 argentum
1694 1250 1728 1270 ex
1745 1248 1826 1278 pacto

1029 1289 1238 1320 congregantes,
1264 1285 1460 1322 hominumque
1491 1288 1616 1316 manibus
1641 1288 1712 1317 idola
1741 1289 1826 1317 fabri-

1030 1336 1125 1359 cantes
1138 1340 1145 1358 :
1158 1339 1218 1367 qua:
1244 1332 1360 1360 adorare
1377 1340 1429 1361 non
1454 1334 1634 1368 erubescitis;
1650 1343 1713 1362 cum
1734 1341 1824 1364 tamen

1030 1385 1118 1413 neque
1144 1377 1295 1412 ambulare,
1326 1385 1415 1413 neque
1435 1386 1466 1406 se
1484 1379 1544 1408 loco
1564 1387 1674 1408 movere
1695 1381 1823 1416 valeant,

1029 1424 1077 1452 sed
1092 1424 1215 1452 humeris
1236 1429 1388 1460 gestentur,
1403 1429 1432 1453 et
1448 1425 1482 1453 ab
1508 1425 1569 1454 aliis
1594 1431 1726 1462 agantur;
1745 1428 1780 1455 ita
1795 1434 1825 1456 ut.

1029 1477 1118 1505 neque
1133 1471 1255 1504 audiant,
1280 1479 1369 1507 neque
1384 1479 1446 1500 sese
1465 1472 1536 1500 tueri
1562 1473 1678 1508 possint;
1709 1473 1756 1502 His
1781 1483 1826 1503 me

1030 1524 1137 1552 quoque
1154 1517 1270 1546 similem
1290 1525 1350 1546 esse
1364 1518 1522 1554 jcogitastis,
1537 1523 1630 1555 utpote
1652 1520 1752 1549 animi:
1773 1521 1826 1550 ob—

1030 1570 1136 1592 caecati.

1065 1656 1148 1685 Vens.
1164 1656 1243 1684 8-l0.
1261 1666 1271 1684 ι
1290 1656 1454 1685 Mementote
1467 1656 1593 1692 istorum,
1603 1662 1631 1686 et
1645 1658 1823 1694 ingemiseito.

1028 1702 1222 1731 Paenitentiam
1246 1704 1318 1739 agite
1330 1704 1377 1738 qui
1393 1704 1500 1732 erratis.
1522 1704 1717 1732 Convertimini
1729 1706 1824 1740 corde,

1028 1755 1055 1777 et
1070 1754 1237 1778 mementote
1263 1751 1385 1785 priorum
1414 1757 1430 1777 a
1454 1750 1575 1778 Saecula:
1595 1751 1658 1786 quia
1685 1758 1735 1786 ego
1761 1759 1822 1779 sum

1028 1796 1109 1829 Deus,
1119 1801 1147 1824 et
1160 1804 1213 1824 non
1222 1801 1264 1824 est
1276 1795 1346 1824 alius
1363 1800 1462 1831 praeter
1476 1804 1520 1824 me
1532 1806 1539 1824 :
1553 1797 1718 1825 annuntians
1730 1797 1823 1826 novis—

1028 1843 1096 1870 sima
1116 1847 1262 1878 antequam
1289 1843 1362 1876 sint;
1383 1847 1412 1870 et
1432 1842 1512 1870 simul
1534 1843 1716 1878 complentur.
1737 1853 1747 1870 ν
1765 1843 1823 1871 Hoc

1031 1888 1179 1916 maximum
1212 1889 1367 1916 hominibus
1395 1889 1579 1917 testimonium
1604 1896 1653 1924 per
1676 1890 1823 1925 prophetas

1029 1942 1105 1962 meos
1121 1934 1235 1968 praebui,
1265 1943 1327 1962 cum
1344 1935 1434 1962 futura
1452 1935 1614 1963 vaticinatus
1630 1943 1700 1968 sum,
1716 1941 1744 1964 et
1760 1943 1823 1972 qua:

1028 1982 1164 2009 diuturnis
1184 1986 1278 2017 postea
1294 1982 1462 2016 temporibus
1475 1986 1589 2010 ventura
1604 1987 1685 2011 erunt
1696 1984 1823 2019 praedixi,

1028 2027 1340 2062 etoperibuscxseeutus
1351 2036 1422 2056 sum.
1433 2038 1443 2055 ‹
1456 2028 1488 2056 Et
1500 2029 1565 2062 dixi,
1578 2028 1664 2057 Omne
1676 2029 1820 2057 consilium

1029 2081 1118 2102 tneum
1135 2074 1230 2108 stabit,
1245 2079 1272 2102 et
1288 2074 1380 2102 omnia
1405 2082 1574 2110 quaecunque
1607 2071 1755 2104 deliberavi
1780 2075 1822 2103 fa-

1016 2120 1108 2154 ciam;
1128 2129 1138 2147 ι
1151 2126 1233 2156 atque
1253 2120 1351 2148 iterum
1364 2129 1395 2148 ea
1410 2121 1552 2156 complebo
1562 2121 1589 2149 in
1605 2122 1703 2150 futuris
1719 2118 1823 2158 tempo-

1029 2166 1120 2200 ribus;
1144 2172 1172 2195 et
1191 2175 1359 2202 quacunque
1386 2168 1534 2196 deliberavi
1560 2175 1593 2195 ae
1615 2168 1737 2202 decrevi,
1758 2176 1821 2196 con-

1028 2219 1157 2249 gruenter
1172 2214 1307 2248 evenient,
1322 2222 1366 2242 me
1380 2213 1463 2242 dictis
1476 2214 1544 2242 meis
1558 2215 1637 2242 linem
1657 2219 1684 2241 et
1699 2214 1819 2250 complc-

184 2256 265 2292 λομαι
277 2277 285 2288 ,
311 2257 357 2284 διὰ
371 2258 420 2285 τοῦ
439 2258 532 2285 καλεῖν
554 2260 618 2291 τοὺς
641 2259 762 2295 ἐμαυτοῦ
776 2260 914 2296 ὑπηρέτας
939 2261 973 2288 δι’

1029 2265 1148 2288 mentum
1161 2265 1296 2289 statuente
1307 2270 1314 2288 :
1325 2261 1406 2296 idque
1416 2268 1471 2296 quo
1480 2266 1604 2295 tempore
1627 2260 1741 2292 lubebit,
1754 2267 1821 2288 evo-

184 2302 265 2339 ἀέρος
279 2303 445 2339 φερομένους
459 2304 562 2340 ὀρνέων
575 2305 622 2331 καὶ
638 2305 772 2332 πετεινῶν
790 2305 868 2341 δίκην
879 2314 885 2320 ·
901 2305 973 2341 λέγω

183 2347 216 2383 δὴ
232 2348 282 2379 τὰς
294 2347 443 2382 ἀγγελικὰς
456 2349 584 2385 δυνάμεις
595 2350 642 2377 καὶ
657 2350 691 2377 τὰ
705 2350 879 2387 λειτουργικὰ
893 2352 975 2378 πνεύ-

185 2402 257 2428 ματα
271 2393 306 2420 τὰ
319 2395 360 2427 εἰς
372 2394 510 2423 διακονίαν
524 2396 754 2432 ἀποστελλόμενα.

222 2466 231 2482 t
250 2457 348 2485 Καλῶν
373 2458 427 2485 ἀπὸ
452 2458 589 2485 ἀνατολῶν
607 2459 748 2491 πετεινὸν,
777 2461 825 2486 καὶ
849 2461 904 2488 ἀπὸ
923 2460 976 2496 γῆς

183 2503 325 2539 πόρρωθεν
336 2512 343 2518 ·
362 2503 426 2540 περὶ
439 2501 476 2531 ὧν
494 2504 674 2541 βεϐούλευμαι
689 2504 825 2541 ἐλάλησα·
843 2505 890 2532 καὶ
906 2505 976 2541 ἠγα-

183 2558 241 2584 γον,
260 2549 355 2576 ἕκτισα
372 2550 418 2576 καὶ
437 2550 562 2585 ἐποίησα.
583 2551 706 2585 Ἦγαγον
721 2551 821 2583 αὐτὸν,
840 2552 887 2578 καὶ
907 2551 977 2578 εὐώ-

182 2596 257 2623 δωσα
289 2596 338 2633 τὴν
356 2596 414 2623 ὁδὸν
437 2596 530 2624 αὑτοῦ.
553 2597 700 2624 Ἀκούσατέ
715 2606 778 2633 μου,
797 2599 821 2624 οἱ
837 2597 974 2625 ἀπολωλε-

183 2642 262 2673 κότες
274 2641 322 2678 τὴν
337 2642 462 2678 καρδίαν,
483 2642 508 2668 el
523 2642 631 2678 μακρὰν
646 2643 701 2669 ἀπὸ
717 2643 768 2678 τῆς
787 2643 972 2679 δικαιοσύνης.

184 2685 306 2721 Ἤγγισα
318 2687 368 2723 τὴν
380 2686 554 2723 δικαιοσύνην
572 2696 633 2722 μου,
650 2688 697 2714 καὶ
708 2688 758 2723 τὴν
772 2689 909 2723 σωτηρίαν
922 2689 972 2725 τὴν

181 2734 247 2768 παρ’
260 2733 328 2768 ἐμοῦ
336 2734 367 2760 οὐ
381 2733 514 2769 βραδυνῶ.
530 2733 639 2760 Δέδωκα
655 2734 685 2760 ἐν
697 2733 766 2761 Σιὼν
779 2735 917 2769 σωτηρίαν
932 2734 972 2771 τῷ

187 2778 297 2815 Ἰσραὴλ
312 2780 352 2811 εἰς
361 2779 493 2815 δόξασμα.
518 2789 527 2805 ι

436 2835 634 2863 ΚΕΦΑΛΛΙΟΝ
650 2837 716 2863 ΜΖ’.

220 2899 229 2915 ι
249 2890 404 2927 Κατάὸηθι,
426 2891 538 2918 κάθισον
555 2891 601 2918 ἐπὶ
617 2891 666 2927 τὴν
681 2891 744 2928 γῆν,
770 2891 903 2928 παρθένος
923 2891 970 2918 θυ-

1028 2314 1095 2335 cans
1119 2307 1257 2335 ministros
1273 2314 1357 2338 meos.
1385 2307 1430 2342 qui
1456 2307 1546 2334 avium
1568 2306 1762 2341 volucrumque
1778 2306 1820 2333 in-

1028 2357 1086 2381 star
1100 2360 1148 2388 per
1164 2361 1255 2381 aerem
1283 2353 1425 2384 feruntur;
1454 2352 1590 2388 angelicas
1608 2352 1670 2379 dico
1693 2352 1818 2382 virtutes,

1027 2399 1310 2427 et~administratorios
1320 2399 1432 2434 spiritus
1445 2419 1453 2432 ,
1471 2398 1498 2426 in
1513 2398 1691 2425 ministerium
1708 2396 1817 2425 misso‘.

1063 2454 1146 2483 Vens.
1160 2456 1254 2483 11-15.
1273 2465 1281 2482 ι
1301 2456 1406 2484 Vocans
1423 2456 1457 2482 ab
1471 2456 1577 2483 oriente
1592 2454 1740 2488 volucrem,
1756 2459 1784 2482 et
1802 2463 1817 2482 a

1028 2507 1098 2530 terra
1115 2502 1272 2539 longinqua,
1284 2502 1317 2530 de
1330 2503 1428 2538 quibus
1448 2501 1593 2529 deliberavi
1615 2501 1720 2528 locutus
1733 2508 1792 2528 sum
1809 2510 1816 2528 :

1026 2554 1053 2575 et
1068 2549 1179 2582 adduxi,
1198 2549 1288 2577 creavi
1303 2554 1330 2576 et
1345 2549 1407 2577 feci.
1426 2548 1493 2576 Duxi
1516 2555 1589 2580 eum,
1611 2552 1638 2575 et
1657 2554 1815 2582 prosperum

1027 2595 1076 2622 feci
1095 2596 1147 2623 iter
1162 2595 1229 2629 ejus.
1260 2596 1357 2624 Audite
1384 2603 1427 2623 me
1439 2595 1484 2630 qui
1515 2594 1634 2629 periistis
1658 2594 1751 2624 corde,
1769 2594 1814 2628 qui

1026 2641 1105 2676 longe
1122 2642 1189 2670 estis
1204 2650 1218 2669 a
1232 2642 1346 2677 iustitia.
1367 2641 1482 2669 Admovi
1506 2640 1638 2675 justitiam
1666 2647 1765 2672 meam,
1787 2645 1814 2667 et

1024 2689 1150 2722 salutem,
1166 2697 1226 2724 qua:
1239 2696 1252 2716 a
1268 2696 1310 2716 me
1320 2693 1372 2721 est,
1387 2696 1439 2716 non
1452 2687 1559 2715 tardare
1574 2686 1683 2715 faciam.
1704 2686 1768 2714 Dedi
1784 2686 1810 2714 iu

1024 2734 1088 2763 Sion
1106 2735 1220 2764 salutem
1236 2734 1328 2763 lsraeli
1348 2735 1374 2762 in
1388 2734 1512 2770 gloriam.
1536 2742 1546 2760 ι

1298 2836 1413 2865 CAPUT
1442 2836 1546 2864 XLVII.

1061 2893 1141 2921 Vens.
1157 2893 1184 2921 I.
1199 2901 1209 2920 t
1224 2893 1373 2924 Descende.
1394 2894 1459 2922 sede
1482 2901 1564 2929 Super
1594 2897 1708 2923 terram.
1736 2893 1822 2934 virgo?
