2061 3215
299 184 353 213 ιιι

639 185 776 214 EUSEBII
795 186 1033 217 CESARIENSIS
1053 186 1127 215 OPP.
1149 187 1240 215 PARS
1260 188 1304 216 lll.
1325 204 1359 208 —
1378 188 1586 218 EXEUETICA.

1874 191 1922 219 42}

298 244 351 273 lilia
371 245 526 281 Babylonis.
546 255 556 272 ι
571 245 622 274 Hic
636 254 686 274 ceu
705 255 849 282 personam
875 249 1020 283 quamdam
1046 256 1075 277 re

1142 249 1231 284 γάτηρ
1245 249 1412 281 Βαϐυλῶνος.
1435 260 1444 275 ι
1464 250 1718 286 Προσωποποιεῖται
1732 251 1760 277 δὲ
1779 251 1810 278 ἐν
1826 252 1922 286 τούτοις

296 300 378 327 gnum
392 300 486 319 eorum
503 292 658 325 alloquitur,
677 294 750 328 quod
767 293 849 320 etiam
876 294 957 321 filiam
978 294 1092 331 Babylo-

297 338 340 366 nis
351 343 431 366 vocat
446 347 452 365 :
470 338 601 373 virginem
628 340 692 366 item
714 345 806 372 vocat,
826 341 898 375 quod
922 341 1034 376 virginis
1049 342 1091 369 in-

296 389 363 417 star.
382 385 550 412 ornamentis
563 390 590 412 et
603 386 701 424 decore
717 385 829 420 fulgeat,
850 387 971 422 velitque
980 387 1091 423 juvenis

296 434 322 456 et
342 430 429 465 puella
453 431 537 458 videri
565 438 597 458 ac
623 432 786 459 existimari.
816 432 885 460 Hinc
905 441 977 466 eam,
996 442 1044 461 ceu
1063 434 1088 462 in

295 476 403 503 sublimi
424 477 484 503 loco
497 476 647 509 sedentem,
669 484 782 512 surgere
802 477 880 512 jubet
903 486 935 506 ac
945 479 978 506 de
992 479 1089 507 throno

295 529 344 549 suo
360 522 533 554 descendere,
551 528 633 556 atque
662 523 736 550 humi
760 524 866 556 sedere,
898 532 929 552 ac
946 525 1090 560 turpitudi-

295 575 355 595 nem
377 568 496 595 revelare
518 576 607 603 suam,
626 576 707 603 quam
729 577 761 597 ex
783 569 828 596 illa
851 571 878 598 in
893 571 1013 599 deterius
1030 580 1089 600 mu-

295 614 396 642 tatione
411 615 538 649 patietur.

335 713 411 734 vens.
427 706 456 738 Ξ,
473 706 501 734 5.
521 715 530 732 ι
549 706 619 733 Sede
636 707 662 733 in
688 711 772 740 terra,
799 707 852 735 lilia
870 707 1058 735 Chaldaeorum
1079 716 1086 735 :

292 753 386 787 accipe
403 752 514 784 molam,
530 757 557 779 et
573 752 644 780 mole
667 753 795 782 farinam.
815 753 916 781 Revela
933 754 1087 788 operimen-

293 803 349 825 tum
368 803 454 830 tuum,
471 798 566 833 detege
581 807 674 830 canos,
693 799 797 826 denuda
818 799 909 831 tibias,
938 799 1021 827 transi
1039 798 1088 826 llu-

292 845 361 872 vios.
379 853 388 870 ›
407 844 543 878 Deposita,
558 845 654 879 inquit.
673 845 744 880 regia
759 845 801 872 illa
820 844 970 879 voluptate,
982 845 1087 872 ancillas

293 890 379 918 instar
390 899 549 918 :erumnosa:
561 898 593 918 ac
605 891 681 918 molae
692 890 848 923 servientis,
862 891 895 917 ad
913 890 1085 917 serviendum

1143 295 1191 330 τὴν
1214 295 1353 330 βασιλείαν
1379 296 1479 328 αὐτῶν,
1502 295 1639 331 θυγατέρα
1659 297 1816 331 Βαϐυλῶνος
1832 300 1923 336 ὀνομά-

1141 340 1195 372 ζων
1210 341 1296 376 αὑτήν
1310 350 1316 355 ·
1334 342 1413 368 καλεῖ
1436 342 1465 369 δὲ
1487 343 1571 378 αὐτὴν
1589 343 1636 370 καὶ
1657 344 1809 380 παρθένον,
1835 347 1877 374 διὰ
1897 348 1921 375 τὲ

1140 387 1306 423 ὡραϊζεσθαι
1320 388 1367 415 καὶ
1385 388 1605 421 καλλωπίζεσθαι
1620 390 1757 426 παρθένου
1768 391 1855 427 δίκην,
1873 393 1922 428 βού-

1139 433 1232 460 λεσθαί
1244 443 1273 460 τε
1285 434 1429 468 φαίνεσθαι
1437 435 1511 466 νέαν,
1525 436 1571 462 καὶ
1585 436 1669 472 κόρην
1682 434 1750 464 εἶναι
1762 438 1921 474 νομίζεσθαι.

1139 477 1196 506 Εἶθ’
1211 480 1250 512 ὼς
1267 481 1295 506 ὲν
1312 480 1374 516 ὕψει
1388 481 1558 517 καθημένην,
1575 481 1750 519 διαναστῆναι
1762 485 1831 520 αὐτῇ
1851 494 1924 521 προσ-

1137 526 1231 552 τάττει
1244 526 1293 553 καὶ
1314 527 1468 562 καταϐῆναι
1492 528 1547 554 ἀπὸ
1567 528 1615 555 τοῦ
1640 530 1740 566 εαυτῆς
1753 530 1858 566 θρόνου,
1881 533 1923 558 καὶ

1138 571 1304 606 καθεσθῆναι
1320 572 1368 599 ἐπὶ
1385 573 1435 608 τῆς
1453 573 1516 608 γῆς,
1539 575 1586 601 καὶ
1601 575 1760 610 ἀποκρύψαι
1772 577 1870 612 ἑαυτῆς
1879 578 1924 614 τὴν

1137 617 1340 654 ἀσχημοσύνην,
1359 620 1392 655 ἣν
1400 619 1522 646 πείσεται
1538 621 1569 647 ὲκ
1583 621 1631 656 τῆς
1645 622 1692 648 ὲπὶ
1706 623 1737 649 τὸ
1747 625 1838 659 χεῖρον
1849 632 1924 659 μετα-

1138 664 1218 700 ϐολῆς

1176 719 1185 735 ι
1204 709 1324 736 Κάθισον
1337 711 1378 742 είς
1396 710 1446 746 τὴν
1471 711 1532 746 γῆν,
1555 711 1674 748 θύγατερ
1687 712 1828 739 Χαλδαίων
1844 722 1851 728 ·
1864 713 1922 740 λάϐε

1139 756 1231 791 μύλον,
1256 757 1352 784 ἀλεσον
1382 757 1504 793 ἄλευρον.
1541 758 1725 794 Ἀποκριλυψαι
1747 759 1778 785 τὸ
1810 761 1923 786 κατακά-

1137 803 1232 838 λυμμά
1249 811 1308 833 σου.
1332 803 1504 838 ἀνακάλυψαιν
1529 804 1578 836 τὰς
1608 804 1714 837 πολιὰς,
1742 805 1863 841 ἀνάσυρε
1879 807 1922 839 τὰς

1137 849 1254 884 κνήμας,
1269 848 1376 884 διάϐηθι
1387 849 1535 885 ποταμούς.
1555 859 1564 875 ι
1583 850 1761 887 Ἅποθεμένη,
1781 852 1862 888 φησὶ,
1878 852 1922 888 τῆν

1138 894 1280 930 βασιλικὴν
1303 895 1412 930 ἐκείνην
1430 896 1537 932 τρυφὴν
1548 916 1554 928 ,
1576 896 1745 933 θεραπαίνης
1761 898 1861 933 τρόπον
1877 908 1921 925 κα-

292 937 411 964 dominis
428 937 480 964 tuis
498 942 523 963 te
545 942 687 972 apparato.
715 937 889 970 Acceptaque
913 935 995 966 mola.
1012 935 1079 962 mole

1134 939 1269 971 κοπαθοῦς
1279 948 1352 971 τινος
1365 941 1412 967 καὶ
1425 940 1591 976 μυλωθρίδος
1604 942 1815 977 παρασκεύασον
1828 944 1921 978 σεαυτῇ

292 983 340 1016 ibi.
355 983 408 1010 hac
424 984 489 1010 dura
501 987 528 1011 et
539 982 673 1010 laboriosa
693 982 825 1010 servitute
836 989 897 1009 cum
912 981 1024 1017 pristina
1039 989 1086 1008 vo-

291 1031 396 1066 luptate
410 1033 636 1058 commutata.....

326 1163 410 1191 Vens.
428 1163 455 1192 6.
476 1172 486 1189 ι
503 1163 590 1190 Iratus
615 1170 675 1190 sum
706 1168 801 1190 contra
826 1163 954 1198 populum
980 1171 1083 1197 meum,

291 1210 484 1237 contaminasti
511 1209 697 1237 hereditatem
712 1217 809 1236 meam.
839 1209 894 1244 Ego
913 1209 973 1236 dedi
997 1216 1045 1236 eos
1056 1209 1082 1236 in

290 1264 400 1284 manum
429 1260 502 1283 tuam
517 1264 525 1283 :
541 1260 569 1283 tu
585 1262 651 1283 vero
668 1262 721 1282 non
742 1255 839 1282 dedisti
863 1255 904 1282 eis
929 1255 1083 1282 misericor-

290 1303 374 1330 diam.
394 1311 404 1329 I
422 1301 486 1330 Haec
506 1302 605 1337 quippe
621 1306 680 1330 erat
703 1301 844 1337 disciplina
869 1306 926 1334 tua,
946 1308 999 1336 qua
1020 1308 1084 1328 eru-

291 1349 410 1377 diebaris
422 1356 437 1376 a
456 1348 591 1384 nrincipio
609 1347 751 1383 temporis,
766 1351 793 1375 et
805 1355 820 1374 a
831 1347 974 1382 juventnte
990 1354 1081 1375 tua....

559 1403 675 1454 CAPUT
692 1425 797 1454 XLVIII

320 1483 408 1510 ‘Vsas.
427 1483 455 1515 Ι,
469 1482 498 1510 2.
514 1492 524 1509 ι
542 1482 641 1510 Audite
659 1482 728 1515 haec,
748 1484 847 1510 domus
861 1481 958 1515 Jacob,
970 1481 1017 1518 qui
1033 1489 1081 1509 vo-

289 1529 388 1557 camini
404 1529 514 1556 nomine
529 1527 612 1555 Israel
623 1549 630 1561 ,
653 1533 679 1555 et
705 1528 802 1555 existis
814 1535 848 1555 ex
860 1528 931 1556 Juda
943 1548 950 1559 ,
965 1528 1010 1563 qui
1035 1528 1080 1564 ju~

289 1575 358 1603 ratis
370 1575 397 1603 in
412 1575 523 1602 nomine
535 1575 643 1602 Domini
659 1575 706 1602 Dei
730 1573 813 1602 Israel
824 1595 832 1609 ,
845 1574 894 1610 qui
915 1574 1081 1602 recordami-

1135 986 1270 1012 δουλεύειν
1291 987 1347 1018 τοῖς
1372 987 1473 1023 ἑαυτῆς
1487 987 1641 1020 δεσπόταις.
1658 988 1749 1015 Μύλον
1761 988 1862 1024 δηλαδή
1880 998 1923 1016 Λιι-

1135 1033 1231 1064 ϐσῦσα,
1253 1034 1282 1060 ἐν
1307 1033 1381 1069 αὐτῷ
1398 1033 1504 1066 ἀλεσον,
1521 1033 1570 1070 τὴν
1599 1034 1720 1070 σκληρὰν
1744 1035 1858 1071 ταύτην,
1882 1043 1924 1062 και

1135 1080 1265 1106 ἐπίπονον
1280 1079 1402 1115 θητείαν,
1418 1080 1468 1115 τῆς
1482 1080 1565 1107 πάλαι
1581 1082 1688 1117 τρυφῆς
1701 1082 1924 1115 ἀντικαταλλαξα-

1137 1125 1243 1161 μένη...

1173 1181 1182 1197 ι
1202 1171 1384 1208 Παρωξύνθην
1402 1172 1447 1198 ἐπὶ
1460 1171 1499 1208 τῷ
1514 1172 1571 1208 λαῷ
1587 1181 1649 1208 μου,
1669 1173 1786 1209 ὲμίανας
1799 1174 1849 1210 τὴν
1862 1173 1922 1210 κλη-

1135 1218 1263 1254 ρονομίαν
1277 1227 1338 1253 μου.
1358 1218 1428 1252 Ἐγὼ
1437 1218 1525 1245 ἔδωκα
1536 1219 1635 1251 αὐτοὺς
1647 1220 1688 1250 εἰς
1700 1220 1750 1256 τὴν
1764 1221 1845 1256 χεῖρά
1860 1229 1903 1247 σου
1915 1228 1920 1234 ·

1135 1265 1166 1290 σὺ
1181 1264 1209 1290 δὲ
1223 1264 1273 1291 οὐκ
1291 1265 1394 1296 ἔδωκας
1406 1265 1498 1297 αὐτοῖς
1518 1265 1601 1297 ἕλεος.
1622 1275 1631 1290 ι
1654 1265 1748 1293 Ταῦτα
1762 1268 1818 1302 γὰρ
1834 1267 1878 1294 σού
1891 1264 1922 1303 ἧν

1133 1308 1167 1335 τὰ
1179 1309 1338 1344 μαθήματα,
1355 1309 1372 1337 ἃ
1388 1310 1538 1346 ἐμάνθανες
1556 1311 1586 1342 ἐξ
1599 1311 1688 1347 ἀρχῆς
1703 1312 1820 1347 χρόνων,
1836 1313 1882 1339 καὶ
1893 1314 1922 1339 ὲκ

1132 1353 1258 1389 νεότητός
1277 1363 1334 1381 σου.
1340 1375 1346 1381 .
1352 1375 1359 1382 .

1386 1434 1584 1463 ΚΕΦΑΛΔΙΟΝ
1599 1437 1670 1463 ΜΗ¹.

1170 1496 1180 1512 ι
1205 1488 1351 1516 Ἀκούσατε
1370 1490 1466 1524 ταῦτα,
1486 1489 1560 1524 οἶκος
1592 1492 1699 1525 Ἰακὼϐ,
1716 1494 1742 1521 οί
1761 1494 1919 1530 κεκλημένοι

1131 1534 1179 1561 ἐπὶ
1200 1534 1240 1570 τῷ
1263 1536 1374 1573 ὀνόματι
1403 1538 1521 1574 Ἰσραήλ,
1540 1539 1587 1566 καὶ
1605 1540 1634 1573 ὲξ
1656 1541 1741 1567 Ἰούδα
1759 1541 1919 1574 ἐξελθόντες,

1131 1580 1157 1606 οἱ
1173 1581 1322 1615 ὀμνύοντες
1345 1582 1384 1618 τῷ
1400 1584 1514 1619 ὀνόματι
1528 1585 1631 1620 Κυρίου
1647 1585 1715 1612 Θεοῦ
1741 1587 1861 1623 Ἰσραὴλ,
1878 1596 1919 1623 μι-

289 1622 316 1649 ni
330 1641 338 1655 ,
351 1629 404 1649 non
419 1628 481 1649 cum
498 1621 623 1654 veritate,
639 1628 726 1655 neque
745 1628 807 1648 cum
822 1620 928 1655 justitia
943 1630 950 1649 :
968 1620 1015 1656 qui
1032 1620 1079 1649 ad-

1133 1612 1318 1662 μνησκόμενοι
1332 1612 1604 1666 οὒΙμετ“¹ἀληθείας,
1627 1632 1687 1658 οὐδὲ

289 1667 399 1695 Ιιετειίσ
424 1666 526 1695 nomini
555 1666 675 1694 civitatis
691 1670 814 1696 sanctae.
839 1671 868 1693 et
890 1673 972 1701 super
994 1666 1078 1694 Deum

286 1713 370 1742 Israel
393 1713 561 1742 constabiliti
577 1713 645 1741 estis
661 1722 668 1741 :
686 1713 818 1741 Dominus
843 1712 963 1740 Sabaoth
979 1720 1078 1741 nomen

287 1760 336 1788 illi.
354 1769 364 1787 ι
383 1760 531 1796 Postquam
552 1767 585 1787 ea
599 1766 660 1794 quae
674 1758 803 1794 Babyloni
817 1778 826 1791 ,
847 1766 880 1787 ac
895 1759 993 1786 incolis
1007 1759 1079 1793 regi-

287 1808 391 1843 busque
405 1807 464 1841 ejus
479 1812 611 1834 evenlura
623 1810 687 1833 sunt
702 1805 897 1841 praenuntiavit
910 1824 918 1836 ,
933 1804 1078 1832 Judaicum

287 1854 414 1889 populum
436 1853 586 1889 praemissis
601 1852 692 1881 verbis
713 1852 840 1887 coarguit
862 1852 957 1878 dicens
975 1860 982 1878 :
999 1850 1077 1884 Quod

286 1907 370 1934 penes
381 1906 424 1927 me
436 1899 544 1934 iustitia
562 1899 618 1932 sit,
638 1899 696 1926 hac
719 1898 855 1926 Chaldaeis
871 1897 986 1925 inferam
999 1917 1007 1930 ,
1025 1904 1077 1924 non

286 1946 358 1981 quod
371 1951 397 1973 lu
417 1946 522 1973 auxilio
535 1945 635 1980 dignus
655 1945 703 1973 sis.
716 1945 750 1972 Et
760 1945 818 1972 haec
833 1945 982 1980 praedicere
995 1951 1078 1972 occu-

286 1992 345 2026 pavi
359 2011 367 2023 ,
382 1997 526 2027 antequam
554 1999 598 2019 res
614 1992 741 2018 eveniant
755 2012 762 2023 ,
781 1991 956 2026 prtescienlia
984 1991 1076 2018 divina

285 2038 467 2069 vaticinatus;
487 2043 518 2064 ut
530 2043 674 2073 postquam
695 2038 729 2064 ad
748 2045 805 2064 rem
823 2042 850 2064 et
873 2037 1016 2064 terminum
1031 2037 1078 2064 de.

286 2084 365 2110 ducta
383 2083 484 2110 fuerint
508 2091 539 2111 ea
553 2103 561 2116 ,
584 2091 645 2117 quae
672 2089 767 2110 contra
790 2083 932 2111 Chaldaeos
947 2084 1075 2119 praedicta

286 2128 372 2161 fuere,
392 2135 426 2156 ne
441 2129 537 2156 horum
555 2136 666 2156 causam
681 2129 715 2156 iis
727 2149 736 2162 ,
749 2136 818 2165 quos
836 2130 902 2157 deos
921 2130 1073 2163 arbitraris,

284 2174 421 2202 ascribas.

321 2253 404 2282 Vnus.
416 2254 471 2282 5-5.
494 2263 503 2280 ι
522 2254 617 2283 Priora
629 2255 719 2283 adhuc
736 2256 907 2290 annuntiavi,
923 2262 949 2284 et
975 2264 1008 2284 ex
1025 2265 1073 2285 ore

283 2307 346 2328 meo
358 2301 536 2333 exierunt¢et
552 2302 677 2329 auditum
695 2301 796 2330 factum
810 2308 869 2332 est:
883 2309 994 2338 repente
1008 2303 1072 2338 feci,

283 2351 311 2374 et
322 2351 468 2375 venerunt.
489 2347 553 2375 Scio
570 2348 631 2382 quia
645 2349 731 2376 durus
750 2356 779 2376 es
791 2368 800 2382 ,
815 2354 842 2376 et
855 2357 955 2377 nervus
968 2349 1074 2379 ferreus

283 2393 382 2420 collum
397 2398 483 2427 tuum,
495 2399 522 2421 et
536 2394 610 2422 frons
624 2400 669 2422 tun
684 2403 769 2423 :enea.
793 2396 824 2422 Et
845 2397 1002 2424 annuntiavi
1023 2397 1072 2425 tibi

283 2444 385 2473 vetera,
402 2445 548 2475 antequam
568 2442 678 2468 veniant
700 2441 726 2468 iu
745 2447 779 2469 te.
795 2443 925 2470 Auditum
941 2443 989 2470 tibi
1007 2444 1070 2477 feci,

284 2493 317 2513 ue
332 2486 401 2514 forte
421 2486 497 2514 dicas
511 2508 518 2518 .
543 2487 683 2522 Sculptilia
702 2493 728 2514 et
753 2489 901 2516 conﬂatilia
924 2491 1068 2518 mandave-

282 2537 345 2559 runt
361 2532 436 2560 mihi.
455 2542 464 2559 ι
484 2533 523 2560 Ne
540 2534 611 2562 forte
631 2535 711 2562 rebus
732 2535 923 2563 evenientibus
937 2556 944 2569 ,
965 2540 993 2563 te
1013 2538 1071 2572 ipse

261 2586 266 2588 ·
283 2577 430 2612 decipiens,
445 2585 523 2614 putes
542 2587 588 2607 eos
611 2588 680 2616 quos
702 2583 820 2608 erramlo
834 2581 900 2609 deos
914 2583 1070 2617 arbitraris,

283 2623 340 2650 lucc
362 2623 496 2652 effecisse.
519 2626 618 2653 Verum
638 2626 695 2655 haec
718 2628 898 2663 prarscicntize
922 2637 989 2657 mete
1014 2638 1068 2658 non

282 2668 382 2702 latent,
400 2675 427 2697 te
443 2679 476 2699 ne
497 2680 530 2699 ex
547 2673 589 2700 his
609 2674 718 2708 quidem
733 2675 825 2702 verbis
839 2675 979 2711 quidpiam
998 2678 1070 2705 utili-

283 2714 346 2742 tatis
378 2722 568 2753 percepturum
598 2727 669 2746 esse.
700 2719 892 2749 Verumtamen
924 2721 1068 2750 clementia

282 2767 370 2788 motus
385 2770 454 2795 mea,
471 2765 552 2792 etiam
565 2774 636 2793 nunc
652 2767 796 2799 testificor.
813 2775 845 2794 ac
866 2770 998 2795 annuntio
1022 2769 1068 2796 tibi

280 2813 322 2838 ea,
340 2815 399 2842 qua:
410 2808 537 2845 Babyloni
549 2817 576 2839 et
587 2812 719 2841 Chaldaeis
735 2817 761 2841 te
772 2815 973 2850 oppugnaturis
987 2823 1070 2843 even-

282 2857 340 2881 tura
353 2863 427 2883 σιεηι.

1130 1682 1196 1709 νηςο
1216 1675 1264 1701 καὶ⁹
1285 1675 1461 1712 ἀντεχόμενοι
1484 1677 1523 1712 τῷ
1547 1678 1660 1712 ὀνόματι
1682 1680 1733 1714 τῆς
1749 1680 1856 1712 πόλεως
1875 1680 1919 1716 τῆς

1130 1719 1221 1754 ἁγίας,
1246 1722 1292 1748 καὶ
1317 1723 1363 1748 ἐπὶ
1383 1722 1422 1758 τῷ
1440 1723 1500 1759 Θεῷ
1523 1724 1632 1760 Ἰσραὴλ
1653 1726 1916 1763 ἀντιστηριζόμενοι’

1129 1766 1232 1801 Κύριος
1247 1767 1360 1794 Σαϐαὼθ
1381 1768 1467 1804 ὄνομα
1483 1770 1568 1806 αὐτῷ.
1589 1780 1599 1796 ι
1618 1771 1659 1798 Τά
1675 1772 1876 1809 ὲπελευσόμενα
1887 1775 1917 1809 τῇ

1129 1811 1278 1844 Βαϐυλῶνι,
1295 1815 1352 1844 τοῖς
1367 1822 1398 1839 τε
1414 1815 1555 1850 οἰκήτορσι
1573 1816 1619 1843 καὶ
1642 1818 1699 1849 τοῖς
1716 1817 1857 1853 βασιλεῦσι
1872 1819 1918 1846 αύ-

1127 1856 1176 1891 τῆς
1192 1859 1428 1894 προαναφωνήσας
1445 1859 1459 1885 ὁ
1472 1859 1561 1893 λόγος,
1583 1861 1629 1888 τὸν
1646 1861 1701 1889 τῶν
1719 1863 1854 1891 Ἰουδαίων
1869 1864 1918 1891 ἀπ-

1127 1901 1232 1937 ελέγχει
1253 1903 1315 1930 λαὸν
1334 1903 1380 1931 διὰ
1396 1905 1451 1931 τῶν
1467 1907 1656 1942 προκειμένων
1671 1908 1795 1942 φάσκων,
1819 1911 1858 1937 ὅτι
1878 1910 1918 1937 διὰ

1126 1947 1157 1973 τὸ
1176 1948 1241 1983 παρ’
1258 1949 1320 1984 ἐμοὶ
1339 1949 1443 1977 δίκαιον
1465 1951 1559 1983 ἐπάξω
1574 1952 1661 1979 ταῦτα
1683 1954 1753 1981 κατά
1774 1955 1829 1982 τῶν
1849 1956 1914 1983 Χαλ-

1126 1992 1219 2020 δαίων·
1231 1994 1262 2021 οὐ
1277 1994 1330 2030 μὴν
1342 1995 1384 2022 ὅτι
1400 1996 1433 2023 σὺ
1446 1995 1572 2031 βοηθείας
1583 1995 1654 2033 ἦσθα
1670 1998 1753 2031 ἄξιος.
1770 2001 1826 2028 Καὶ
1837 2001 1915 2028 ταῦτα

1127 2040 1270 2075 προλαϐὼν
1296 2043 1428 2077 προεῖπον
1453 2043 1519 2077 πρὶν
1544 2044 1671 2077 γενέσθαι
1697 2045 1732 2072 τὰ
1758 2047 1914 2082 πράγματα,

1126 2087 1279 2122 προγνώσει
1305 2087 1381 2124 θεῖκῇ
1406 2088 1553 2121 θεσπίσας·
1580 2090 1613 2116 ἵν’
1636 2092 1746 2119 ἐπειδὰν
1770 2095 1811 2126 εἰς
1834 2094 1915 2130 πέρας

1126 2132 1207 2168 ἀχθῇ.
1221 2133 1269 2159 καὶ
1286 2133 1318 2160 δι’
1338 2134 1427 2170 ἔργων
1445 2136 1558 2171 χωρήσῃ
1573 2136 1607 2163 τὰ
1624 2138 1695 2165 κατά
1706 2138 1760 2165 τῶν
1778 2140 1914 2168 Χαλδαίων

1125 2179 1362 2214 προηγορευμένα,
1389 2179 1427 2215 μὴ
1450 2177 1492 2212 οἷς
1514 2181 1636 2216 νομίζεις
1659 2182 1730 2214 θεοῖς
1755 2184 1805 2219 τὴν
1829 2185 1914 2211 αἰτίαν

1124 2222 1263 2258 ἁναθείης.

1163 2275 1173 2292 ι
1193 2267 1233 2293 Τὰ
1249 2268 1370 2303 πρότερα
1384 2268 1423 2295 ἔτι
1440 2269 1598 2305 ἀνήγγειλα,
1613 2272 1660 2298 καὶ
1675 2272 1706 2298 ὲκ
1719 2272 1768 2299 τοῦ
1785 2273 1912 2308 στόματός

1127 2321 1178 2347 μου
1194 2312 1299 2348 ἐξῆλθε,
1316 2313 1362 2339 καὶ
1379 2314 1510 2341 ἀκουστὸν
1526 2315 1644 2349 ἐγένετο⁵
1663 2317 1776 2350 ἐξάπινα
1790 2318 1911 2354 ἐποίησα.

1126 2359 1174 2385 κα)⁸
1195 2359 1306 2394 ἐπῆλθε.
1324 2359 1462 2391 Γινώσκω,
1487 2361 1527 2387 ὅτι
1550 2361 1668 2397 σκληρὸς
1690 2361 1724 2394 εἴ,
1752 2365 1800 2391 καὶ
1820 2364 1911 2399 νεῦρον

1126 2405 1252 2441 σιδηροῦν
1266 2407 1280 2432 ὁ
1294 2407 1429 2442 τράχηλός
1444 2417 1502 2439 σου,
1525 2409 1572 2434 καὶ
1587 2408 1617 2434 τὸ
1639 2410 1764 2443 μέτωπόν
1785 2419 1832 2437 σου
1850 2410 1910 2446 χαλ-

1126 2450 1200 2478 κοῦν.
1215 2451 1269 2477 Καὶ
1281 2451 1431 2487 ἀνήγγειλά
1444 2461 1484 2479 σοι
1499 2453 1611 2484 παλαιὰ,
1631 2454 1695 2489 πρὶν
1710 2454 1795 2481 ἐλθεῖν
1809 2455 1855 2481 ἐπὶ
1867 2455 1910 2482 σέ·

1125 2496 1256 2522 ἀκουστόν
1275 2505 1314 2524 σοι
1326 2498 1451 2533 ἐποίησα,
1467 2500 1570 2534 μήποτε
1587 2499 1667 2536 εἴπῃς
1679 2521 1685 2532 ,
1700 2501 1740 2527 ὅτι
1755 2501 1795 2528 Τὰ
1808 2501 1910 2536 γλυπτὰ

1123 2542 1170 2568 καὶ
1186 2542 1219 2568 τὰ
1233 2543 1354 2577 χωνευτὰ
1374 2544 1524 2571 ἐνετείλατό
1545 2553 1600 2580 μοι.
1618 2555 1626 2571 I
1644 2547 1755 2582 Μήποτε
1772 2547 1824 2574 τῶν
1841 2556 1908 2584 πρα-

1122 2587 1235 2622 γμάτων
1251 2588 1427 2622 ἐπελθόντων,
1445 2590 1557 2617 ἀπατῶν
1574 2592 1681 2624 σαυτὸν,
1698 2593 1761 2624 τοὺς
1776 2593 1908 2628 πεπλανη-

1123 2633 1211 2668 μένως
1236 2634 1430 2670 νομιζομένους
1455 2644 1495 2662 σοι
1520 2635 1598 2669 θεοὺς
1622 2639 1820 2674 πεποιημένους
1842 2638 1907 2665 αὐτὰ

1121 2680 1270 2714 νομίσειας.
1298 2681 1370 2716 Πλὴν
1397 2682 1443 2708 καὶ
1467 2682 1547 2709 τοῦτο
1571 2683 1622 2719 τὴν
1643 2684 1713 2719 ἐμὴν
1731 2685 1760 2711 οὐ
1785 2685 1905 2712 λανθάνει

1121 2725 1285 2760 πρόγνωσιν,
1303 2727 1332 2753 τὺ
1349 2727 1410 2763 μηδ’
1434 2729 1467 2754 ὲκ
1490 2729 1592 2756 τούτων
1615 2730 1838 2767 ὠφεληθήσεσθαι
1854 2730 1906 2757 τῶν

1119 2770 1216 2806 λόγων.
1240 2772 1336 2807 Ὅμως
1353 2773 1375 2799 δ’
1391 2772 1438 2800 οὖν
1457 2775 1503 2801 ἐπὶ
1520 2776 1570 2811 μὲν
1590 2777 1621 2812 τῇ
1643 2776 1739 2803 ἑαυτοῦ
1756 2777 1904 2813 φιλανθρω-

1119 2818 1178 2853 πίᾳ,
1196 2817 1235 2844 ἔτι
1258 2819 1305 2845 καὶ
1328 2819 1376 2845 νῦν
1399 2821 1585 2857 μαρτύρομαι,
1607 2823 1653 2849 καὶ
1669 2823 1856 2859 διαστέλλομαί
1875 2831 1903 2849 σε

1117 2862 1152 2889 τὰ
1177 2864 1371 2900 συμϐησόμενα
1394 2867 1428 2902 τῇ
1452 2866 1591 2894 Βαϐυλῶνι
1616 2870 1664 2896 καὶ
1688 2871 1742 2901 τοῖς
1765 2868 1903 2900 Χαλδαίοις

1116 2910 1172 2940 τοῖς
1186 2909 1314 2944 μέλλουσί
1334 2920 1362 2938 σε
1378 2913 1590 2955 καταπολεμεῖν.
