2061 3215
169 161 222 190 £25

168 267 288 294 ἀκουστὰ
305 276 344 294 σοι
356 269 471 304 ἐποίησα
486 269 519 295 τὰ
534 269 614 296 καινὰ
629 270 682 297 ἀπὸ
697 270 743 297 τοῦ
762 271 819 303 νῦν,
831 271 848 298 ἃ
865 272 955 306 μέλλει

168 313 306 348 γίνεσθαι·
325 314 371 340 καὶ
383 315 432 341 οὐκ
447 313 536 346 εἴπας,
553 316 609 342 Νῦν
624 316 737 350 γίνεται.
750 317 798 342 καὶ
814 317 844 342 οὐ
862 317 954 350 πάλαι,

169 361 214 387 καὶ
230 360 260 386 οὐ
277 360 423 396 προτέραις
439 360 555 396 ἡμέραις
572 362 692 396 ἦκουσας
705 364 783 390 αὑτά.
801 364 846 399 Μὴ
862 364 954 399 εἴπῃς,

167 407 222 433 Ναὶ
245 406 370 440 γινώσκω
389 407 467 433 αὑτά.
489 407 552 433 Οὕτ¹
577 407 673 442 ἔγνως,
696 409 751 435 οὔτ’
772 410 889 444 ἠπίστω,
909 410 953 437 ὅτε

168 451 215 479 ἀπ’
229 454 317 488 ἀρχῆς
334 452 426 488 ἧνοιξά
443 461 484 479 σοι
501 453 534 479 τὰ
551 451 624 480 ὦτα·
647 455 731 489 ἔγνων
752 455 816 491 γὰρ.
838 456 878 482 ὃτι
894 456 957 482 ἀθε-

168 499 221 525 τῶν
236 499 386 533 ἀθετήσεις,
403 499 449 525 καὶ
464 499 563 534 ἄνομος
578 499 617 526 ἔτι
633 501 666 526 ἐκ
678 501 782 533 κοιλίας
795 501 927 538 κληθήσῃ.
943 511 952 528 ι

168 543 213 578 Μὴ
234 543 288 578 γὰρ
306 543 402 569 σαυτὸν
423 543 533 571 ἀπάτα·
551 545 588 580 μὴ
608 545 681 579 λέγε,
698 546 739 572 ὅτι
761 547 807 572 καὶ
831 547 884 581 πρὸ
905 548 955 582 τῆς

168 589 236 624 ἐμῆς
250 589 416 624 προφητείας
428 590 576 623 ἐγίνωσκες
593 591 676 617 αὐτά·
689 591 770 618 πόθεν
778 593 832 628 γάρ
841 601 880 619 σοι
890 602 956 628 παρ-

166 634 199 670 ῆν
214 635 300 661 ταῦτα
318 634 480 668 γινώσκεινς
502 636 575 671 Πλὴν
588 636 662 663 οὐδέν
679 646 707 664 σε
725 639 757 664 ἐκ
771 639 872 666 τούτων
885 639 956 674 ὡφε-

166 681 331 717 ληθήσεσοαι
346 681 399 708 τῶν
409 681 496 715 λόγων
512 682 673 718 πέπεισμαι.

204 791 214 808 l
235 782 346 809 Ἕνεκεν
364 781 410 809 τοῦ
425 781 491 817 ἐμοῦ
507 782 637 818 ὀνόματος
651 783 730 816 δείξω
755 792 795 810 σοι
809 784 854 811 τὸν
870 784 955 820 θυμόν

168 836 228 862 μου,
243 828 338 854 καὶτὰ
354 827 446 860 ἔνδοξα
469 836 518 863 μου
539 828 634 860 ἐπάξω
655 828 701 855 ἐπὶ
717 829 757 861 σὲ,
782 830 825 856 ἵνα
850 830 887 865 μὴ
913 830 956 863 ἐξ-

165 873 317 910 ολοθρεύσω
335 881 374 900 σε.
391 883 400 899 ι
419 874 514 909 Ὅμως
528 874 593 908 γοῦν
606 874 636 900 οὐ
651 874 695 901 διὰ
713 875 753 907 σὲ,
771 875 838 902 ἀλλὰ
851 875 895 902 διὰ
907 876 954 912 τὴν

165 920 283 953 ἐμαυτοῦ
304 920 506 956 φιλανθρωπίαν
529 915 652 947 ἐντεῦθεν
676 920 726 957 ἤδη
749 922 797 948 καὶ
820 923 952 958 προεῖπον

165 965 212 992 καὶ
226 965 349 998 ἐπέδειξά
363 974 403 992 σοι
416 966 449 993 τὰ
470 965 612 998 μέλλοντα,
629 966 676 992 καὶ
690 966 734 993 τὺν
750 967 821 994 κατὰ
839 967 893 994 τῶν
907 976 954 994 πο-

164 1009 266 1046 λεμίων
283 1010 412 1045 μέλλοντα
423 1011 528 1037 ἐπιέναι
542 1010 601 1037 δλεθ
607 1019 662 1046 ρον,
677 1012 834 1044 σπουδάζων
846 1012 890 1039 διὰ
904 1013 954 1039 πά-

166 1065 215 1092 σης
233 1056 394 1091 προφάσεως
411 1056 529 1092 σωθῆναί
544 1065 584 1083 σε.

201 1111 210 1127 ε
235 1102 301 1128 Ἰδοὺ
317 1101 446 1138 πέπρακὲι
460 1110 489 1128 σε
503 1102 551 1137 οὐχ
571 1102 662 1129 ἕνεκεν
675 1103 807 1138 ἀργυρίου
821 1111 828 1119 ·
847 1103 952 1137 ἐξειλά-

167 1148 259 1184 μηνξδέ
275 1157 305 1174 σε
318 1149 349 1174 ὲκ
365 1148 480 1183 καμίνου
495 1149 645 1184 πτωχείας’
661 1149 753 1176 ἕνεκεν
770 1150 837 1185 ἐμοῦ
848 1152 953 1186 ποιήσω

166 1203 218 1226 σοι,
235 1194 274 1220 ὅτι
296 1193 327 1219 τὸ
348 1193 412 1229 ὲμὺν
434 1193 519 1229 ὄνομα
537 1194 708 1230 βεϐηλοῦται,
731 1195 778 1222 καὶ
803 1195 851 1231 τὴν
874 1196 952 1229 δόξαν

166 1249 215 1276 μου
233 1240 318 1276 ἑτέρῳ
330 1241 358 1266 οὺ
377 1240 463 1269 δώσω,
481 1250 489 1266 ι
509 1241 564 1275 Οὐχ
575 1241 667 1267 ἕνεκεν
683 1241 816 1276 ἀργυρίου
833 1242 952 1277 ἐπίπρα-

165 1286 227 1312 σκόν
242 1294 284 1312 σε·
303 1285 345 1311 ἐπ’
361 1285 479 1321 ὠφελείᾳ
499 1286 527 1312 δὲ
544 1287 577 1321 τῇ
594 1288 626 1322 σῇ
643 1287 690 1313 καὶ
707 1286 793 1313 ταῦτα
808 1286 951 1323 ἔπραττον,

164 1331 201 1362 ὡς
217 1331 250 1357 ἂν
273 1330 365 1357 τοῦτον
381 1331 575 1366 σωφρονισθείη
591 1331 636 1358 τὸν
657 1331 772 1366 τρόπον·
788 1332 831 1358 ὅτι
848 1332 885 1368 μὴ
900 1333 950 1368 τὴν

164 1376 208 1404 διὰ
226 1377 312 1410 λόγων
330 1376 377 1403 καθ¹
391 1377 577 1412 παραινέσεων
593 1376 714 1410 ὑπεδέξω
738 1378 872 1404 παιδείαν.
891 1379 952 1410 Τοῖς

163 1422 192 1451 δὲ
215 1423 355 1458 πολεμίοις
378 1423 426 1458 οὐχ
449 1423 542 1449 ἕνεκεν
567 1423 698 1459 ἀργυρίου
720 1424 889 1459 ἐπίπρασκόν
910 1433 951 1458 σε,

163 1469 230 1496 ἑλλὰ
242 1469 295 1496 τῶν
309 1469 361 1495 σῶν
376 1469 581 1504 ἁμαρτημάτων
595 1470 641 1496 καὶ
656 1470 839 1505 ἀσεϐημάτων
852 1470 932 1506 χάριν
946 1479 950 1485 ·

164 1517 223 1548 τοῖς
243 1515 297 1550 γὰρ
312 1515 458 1551 ἁμαρτίαις
476 1515 552 1550 ὑμῶν
571 1515 719 1551 ὲπράῦητε.
737 1516 790 1542 Καὶ
808 1516 882 1551 ὅμως
897 1516 950 1542 οὐδ’

616 164 865 195 COMMENTARIA
886 168 918 196 IN
938 169 1066 198 [SAL-Ui.
1085 186 1119 191 ——-
1139 171 1214 200 CAP.
1235 172 1351 201 XLVIII.

206 229 216 246 ι
238 220 387 248 Ἠκούσατε
409 222 507 254 πάντα,
529 224 575 250 καὶ
594 223 671 259 ὑμεῖς
684 225 733 251 οὐκ
749 225 859 259 ἔγνωτε.
884 226 952 253 Ἂλλ*
968 230 990 258 Α

1738 177 1790 206 ιὲϐ

1041 228 1122 256 Vens.
1139 228 1199 256 6-8.
1218 239 1226 255 ι
1249 230 1370 257 Audistis
1388 231 1489 263 omnia,
1517 237 1545 258 et
1561 239 1608 260 vos
1623 241 1675 260 non
1688 241 1790 270 cogno-

1008 274 1094 301 vistis.
1113 275 1165 302 Sed
1179 276 1270 303 audita
1288 276 1334 303 tibi
1352 276 1402 304 feci
1421 285 1489 304 nova
1513 278 1547 305 ab
1575 279 1625 305 boc
1649 283 1787 313 tempore,

1007 328 1066 354 qua:
1083 321 1173 347 futura
1188 327 1259 349 sunt.
1278 322 1310 348 Et
1327 331 1378 350 non
1392 323 1497 356 dixisti,
1513 324 1589 352 Nunc
1603 325 1678 358 fiunt,
1696 330 1722 353 et
1735 335 1790 355 non

1007 366 1070 393 olim
1085 387 1091 398 ,
1110 371 1137 394 et
1153 375 1204 394 non
1223 368 1249 394 in
1267 368 1389 402 pristinis
1403 370 1496 397 diebus
1513 370 1611 397 audisti
1627 378 1668 397 ea.
1692 371 1732 399 Ne
1750 372 1791 400 di-

1007 420 1064 446 cas,
1080 413 1166 440 Etiam
1187 421 1322 449 cognosco
1336 423 1377 442 ea.
1394 415 1486 450 Neque
1503 417 1600 443 novisti
1614 436 1621 448 ,
1638 425 1724 452 neque
1737 419 1791 446 sei-

1006 458 1067 485 visti
1080 479 1087 491 ,
1100 460 1208 493 quando
1223 468 1237 487 a
1259 461 1393 495 principio
1409 463 1504 495 aperui
1526 463 1573 489 tibi
1590 470 1670 490 aures
1695 471 1701 489 :
1726 463 1790 491 novi

1006 503 1077 530 enim
1096 504 1167 539 quod
1180 506 1362 539 praevaricaus
1382 507 1614 540 praevaricaberis,
1636 513 1663 536 et
1680 508 1790 543 iniquus

1006 551 1093 578 adhuc
1112 551 1145 578 ab
1167 556 1244 579 utero
1261 552 1412 580 vocaberis.
1430 562 1440 578 ›
1458 553 1497 581 Ne
1515 555 1630 588 teipsum
1646 555 1765 590 decipias
1780 563 1788 581 :

1007 604 1040 623 ne
1055 596 1128 624 dicas
1152 601 1177 624 te
1193 597 1274 624 etiam
1298 601 1360 625 ante
1375 599 1543 633 prophetiam
1560 607 1646 627 meam
1667 600 1723 628 hac
1736 601 1791 628 sci-

1006 641 1077 669 visse
1092 651 1099 670 :
1115 650 1176 669 nam
1201 643 1272 669 unde
1297 643 1344 670 tibi
1371 644 1427 671 bace
1443 645 1562 672 notitia?
1579 645 1710 673 Czeterum
1727 653 1790 680 perv

1006 696 1114 715 suasum
1132 689 1219 716 habeo
1233 694 1259 717 te
1275 697 1308 716 cx
1326 689 1400 717 bisce
1418 691 1509 718 verbis
1523 692 1648 720 utilitatis
1668 693 1734 720 nibil
1746 701 1790 722 ao-

1005 739 1156 769 ceplttrutu.

1041 781 1123 808 Vens.
1142 781 1167 808 9.
1184 791 1194 807 ‹
1211 780 1326 816 Propter
1346 789 1445 809 nomen
1467 790 1555 810 meum
1579 783 1718 811 ostendam
1742 783 1790 812 tibi

1006 826 1072 853 iram
1090 835 1176 854 meam
1190 846 1197 860 ,
1222 832 1249 854 et
1273 827 1390 862 gloriosa
1410 836 1468 856 mea
1493 829 1617 856 inducam
1639 837 1720 864 super
1740 833 1789 863 te,

1005 877 1036 899 ut
1059 880 1112 900 non
1137 873 1274 900 destruam
1301 878 1336 900 te.
1365 882 1374 898 ι
1394 874 1520 901 Attamen
1547 882 1598 901 non
1625 880 1735 909 propter
1752 879 1789 907 te,

1005 919 1053 946 sed
1087 919 1121 946 ob
1143 919 1312 946 clementiam
1338 927 1424 947 meam
1452 920 1507 955 jam
1537 921 1599 949 hinc
1624 922 1735 956 praedixi
1761 926 1790 951 el

1009 964 1116 991 ostendi
1126 964 1174 991 tibi
1188 964 1377 999 futura,alque
1392 966 1536 1000 perniciem
1553 966 1668 994 inimicis
1679 968 1731 994 luis
1743 967 1790 996 ob-

1005 1014 1145 1036 venturam
1162 1019 1169 1036 :
1186 1011 1259 1036 omni
1281 1011 1361 1038 modo
1386 1011 1581 1045 occasioneque
1601 1016 1680 1040 utens
1694 1013 1728 1040 ad
1743 1020 1788 1041 Ia-

1002 1054 1087 1082 Iutem
1105 1059 1190 1081 luam.
1753 1091 1760 1096 _

1041 1098 1120 1126 Vens.
1135 1099 1179 1132 I0,
1197 1099 1240 1127 Il.
1259 1109 1269 1125 ‹
1289 1100 1357 1128 Ecce
1370 1101 1477 1128 vendidi
1497 1105 1533 1134 te,
1547 1109 1601 1129 n0n
1619 1107 1731 1137 propter
1742 1111 1789 1130 ar-

1003 1149 1112 1178 gentum
1130 1154 1136 1172 :
1155 1146 1214 1173 erui
1236 1150 1327 1173 autem
1351 1151 1376 1173 te
1396 1147 1430 1173 de
1453 1147 1563 1175 fomace
1578 1149 1761 1176 mendicitatis
1778 1158 1786 1176 :

1003 1196 1111 1225 propter
1127 1199 1169 1218 me
1183 1191 1281 1218 faciam
1301 1193 1359 1225 tibi.
1375 1193 1438 1226 quia
1465 1201 1564 1221 nomen
1587 1202 1673 1221 meum
1697 1196 1787 1230 profa-

1003 1241 1096 1262 natum
1110 1241 1162 1269 est,
1178 1241 1206 1263 ct
1218 1237 1332 1271 gloriam
1344 1244 1430 1264 meam
1447 1237 1524 1264 alteri
1541 1245 1592 1264 non
1607 1238 1686 1266 dabo.
1704 1248 1713 1265 ι
1727 1238 1786 1266 Non

1003 1282 1037 1308 ob
1054 1288 1195 1316 argentum
1225 1283 1334 1309 vendidi
1361 1287 1403 1315 te,
1429 1283 1475 1310 sed
1500 1284 1532 1310 ad
1553 1284 1694 1312 utilitatem
1713 1289 1786 1312 tuam

1002 1327 1028 1354 i'd
1044 1327 1122 1354 effeci
1138 1347 1146 1359 ,
1171 1333 1199 1354 ut
1216 1328 1266 1355 hoc
1284 1329 1362 1356 modo
1379 1329 1412 1355 ad
1435 1337 1528 1356 sanam
1544 1336 1659 1357 mentem
1677 1331 1789 1359 reduca-

1002 1374 1040 1401 ris
1057 1380 1065 1400 :
1083 1374 1211 1408 quoniam
1230 1374 1321 1401 verbis
1335 1379 1363 1401 et
1378 1375 1489 1402 monitis
1512 1375 1621 1402 allatam
1637 1377 1787 1405 institutio-

1002 1426 1063 1445 nem
1095 1425 1148 1445 non
1171 1419 1319 1446 admisisti.
1345 1418 1464 1446 Inimicis
1488 1426 1577 1447 autem
1604 1429 1656 1449 non
1679 1422 1787 1457 argenti

1002 1464 1087 1498 gratia
1104 1465 1210 1492 vendidi
1238 1469 1282 1498 te;
1308 1465 1356 1492 Sed
1380 1471 1551 1499 peccatorum
1570 1472 1596 1493 et
1619 1467 1785 1499 impietatem

1002 1514 1107 1536 tuarum
1124 1517 1203 1537 causa
1221 1519 1227 1536 :
1245 1518 1306 1537 natn
1321 1513 1440 1545 peccatis
1463 1512 1560 1539 vestris
1582 1513 1683 1540 venditi
1709 1517 1786 1541 estis.

163 1561 249 1594 οὓτως
261 1562 333 1588 ἐάσω
350 1562 420 1596 ὑμᾶς
436 1562 493 1593 τοῖς
510 1560 617 1596 ἐχθροῖς
630 1560 775 1587 δουλεύειν·
792 1561 858 1587 ἀλλὰ
872 1561 950 1587 πάλιν

1003 1554 1127 1582 Attamen
1153 1562 1186 1582 ne
1213 1555 1249 1582 ita
1274 1556 1381 1589 quidem
1398 1565 1445 1584 vos
1468 1557 1584 1586 inimicis
1607 1560 1709 1586 servire
1726 1567 1788 1594 per-

163 1607 346 1644 λυτρώσομαι,
369 1609 415 1634 καὶ
435 1607 527 1644 ὥσπερ
555 1608 608 1634 ἀπο
626 1608 740 1643 καμίνου
766 1608 902 1643 πτωχείας
921 1609 953 1634 ὲκ

163 1655 212 1689 ἰἧς
234 1655 285 1681 ὑπὸ
302 1655 358 1686 τοῖς
374 1653 556 1685 Βαϐυλωνίοις
571 1653 720 1686 κακώσεως
743 1652 821 1686 αὖθις
845 1654 951 1681 ἐλευθε-

165 1699 253 1737 ρώσω.

201 1756 211 1772 ι
236 1746 334 1774 Ἀκουέ
350 1755 410 1782 μου,
435 1745 543 1777 Ἰακὼϐ,
561 1746 608 1772 καὶ
630 1745 738 1782 Ἰσραὴλ
751 1745 780 1772 ὃν
797 1745 852 1780 ἐγὼ
866 1745 950 1772 καλῶ.

170 1791 242 1826 Ἐγώ
257 1793 314 1827 εἰμι
336 1781 454 1826 πρῶτος,
463 1791 510 1818 καὶ
523 1790 578 1825 ἐγώ
590 1792 645 1826 εἰμι
661 1792 700 1822 είς
716 1791 760 1817 τὸν
774 1791 868 1822 αἰῶνα,
881 1791 951 1826 καὶὴ

164 1838 224 1874 χείρ
242 1847 292 1873 μου
307 1837 467 1873 ὲθεμελίωσε
482 1837 530 1873 τὴν
545 1839 606 1873 γῆν,
626 1837 672 1864 καὶ
687 1838 703 1872 ὴ
717 1837 792 1869 δεξιά
810 1845 860 1872 μου
877 1837 952 1863 ἐστε-

167 1883 251 1919 ρέωσε
275 1883 318 1908 τὸν
342 1882 469 1918 οὐρανόν⁸
492 1882 599 1909 καλέσω
617 1882 724 1913 αὐτοὺς,
742 1882 789 1908 καὶ
809 1883 951 1917 στήσονται

164 1928 234 1964 ἅμα.
258 1938 267 1955 ι
290 1929 333 1955 Ἐν
351 1928 454 1961 τούτοις
470 1929 532 1959 τοὺς
547 1928 744 1963 κατορθοῦντας
767 1928 950 1959 ἀνακαλεῖται,

163 1974 206 2002 διὰ
223 1974 277 2001 τῶν
299 1974 451 2010 ἔμπροσθεν
467 1974 577 2009 ἑτέρους
596 1974 659 2005 τοὺς
679 1974 742 2008 παρ’
757 1972 849 2004 αὺτοῖς
862 1973 952 2000 διαϐε-

164 2021 213 2056 ἧλη
218 2021 313 2055 μένους
325 2020 469 2056 ὀνομάσας·
487 2019 544 2046 ἀλλ’
559 2019 675 2045 ἐνταῦθα
686 2020 741 2050 τοῖς
752 2019 886 2053 κρείττοσι
899 2019 952 2048 δα-

163 2067 281 2101 λέγεται,
304 2066 351 2099 οὒς
375 2075 384 2092 ‹
410 2066 527 2102 κλητοὺς
549 2075 558 2092 ι
580 2064 717 2100 ὀνομάζει.
740 2063 829 2091 Ἦσαν
848 2064 902 2100 γὰρ
922 2065 952 2097 ἐξ

164 2113 266 2140 ἐκείνου
283 2112 376 2139 πολλοὶ
395 2111 499 2147 κλητοὶ,
517 2110 603 2144 ὀλίγοι
627 2110 656 2136 δὲ
676 2108 814 2136 ἐκλεκτοί·
838 2109 907 2145 πλὴν
927 2110 950 2136 οι

163 2159 241 2194 δηλού
246 2167 331 2194 μενοι,
347 2158 397 2185 οὐκ
410 2156 478 2194 ἦσαν
495 2156 617 2183 ἐκλεκτοὶ
629 2175 637 2189 ,
651 2155 720 2182 ἀλλὰ
733 2155 837 2191 κλητοί.

1005 1600 1124 1633 mittant;
1147 1601 1194 1628 sed
1212 1601 1308 1628 iterum
1326 1602 1456 1630 redimam
1471 1622 1479 1635 ,
1499 1609 1544 1635 et,
1562 1612 1609 1631 ceu
1625 1612 1658 1632 ex
1675 1604 1786 1633 fornace

1004 1646 1186 1674 mendicitatis
1197 1665 1204 1679 ,
1228 1654 1261 1673 ex
1279 1647 1323 1675 illa
1340 1647 1494 1677 calamitate
1509 1649 1671 1685 Babylonica
1689 1651 1785 1679 iterum

1002 1693 1127 1727 eripiam.

1037 1738 1121 1767 Vens.
1137 1739 1181 1771 I2,
1202 1739 1246 1767 I5.
1264 1748 1274 1765 ι
1294 1740 1362 1767 Audi
1378 1748 1432 1774 me,
1448 1740 1532 1769 Jacob
1543 1761 1551 1773 ,
1566 1745 1593 1768 et
1609 1742 1691 1770 Israel
1706 1750 1785 1777 quem

1001 1792 1051 1820 ego
1066 1793 1143 1812 voco.
1166 1785 1222 1820 Ego
1237 1793 1296 1813 sum
1319 1786 1423 1820 primus
1433 1806 1442 1819 ,
1467 1792 1492 1813 et
1508 1795 1558 1821 ego
1573 1795 1633 1814 sum
1659 1788 1685 1813 in
1699 1795 1787 1815 saecu-

1002 1829 1077 1862 lum,
1094 1837 1122 1858 et
1137 1838 1233 1858 manus
1250 1838 1308 1858 mea
1333 1831 1455 1858 fundavit
1480 1835 1580 1858 terram
1596 1852 1604 1864 .
1630 1837 1657 1859 ct
1674 1834 1785 1860 dextera

1002 1883 1062 1902 mea
1087 1876 1204 1902 lirmavit
1227 1877 1324 1904 C(EIum
1341 1886 1348 1904 :
1368 1878 1472 1904 vocabo
1489 1884 1535 1905 eos
1547 1898 1555 1908 .
1568 1883 1595 1905 et
1609 1880 1719 1905 stabunt
1746 1879 1786 1906 si-

1002 1923 1068 1949 mul.
1089 1931 1099 1948 a
1118 1921 1145 1948 Iu
1162 1923 1204 1950 bis
1216 1930 1263 1950 eos
1277 1929 1383 1956 evocat,
1399 1923 1443 1957 qui
1460 1924 1528 1951 bene
1541 1931 1570 1951 se
1589 1930 1701 1958 gerunt,
1714 1930 1786 1959 post-

1000 1973 1082 2000 quam
1099 1967 1125 1993 iu
1140 1967 1356 2001 praecedentibus
1369 1968 1438 1995 alios
1450 1989 1457 2000 ,
1480 1969 1525 2003 qui
1541 1970 1610 2002 apud
1628 1970 1700 2004 ipsos
1717 1970 1786 1998 male

1002 2012 1167 2045 audiebant,
1185 2017 1356 2040 evocaverat.
1373 2012 1471 2040 Verum
1486 2015 1531 2041 bic
1552 2015 1785 2047 praestantioribus

1003 2058 1131 2093 loquitur,
1147 2067 1215 2093 quos
1232 2069 1240 2084 ε
1257 2064 1367 2090 vocatos
1387 2069 1396 2085 ›
1414 2060 1542 2094 appellat.
1557 2060 1624 2087 Nam
1643 2066 1705 2089 tunc
1719 2069 1786 2096 quo-

1002 2112 1054 2139 que
1078 2110 1156 2132 erant
1184 2105 1261 2132 ιιιιιιιί
1279 2106 1387 2138 vocati,
1406 2107 1485 2140 pauci
1512 2107 1590 2138 electi
1616 2116 1623 2135 :
1652 2104 1786 2135 memora:

1002 2149 1021 2177 ti
1048 2157 1129 2184 porro
1154 2149 1277 2178 homines
1300 2158 1353 2178 non
1379 2151 1478 2185 electi,
1503 2152 1550 2179 sed
1575 2155 1678 2179 tantum
1697 2153 1785 2180 vocati

1001 2200 1090 2223 erant.

202 2257 211 2273 ι
230 2247 283 2274 Καὶ
295 2247 507 2282 συναχθήσονται
523 2246 635 2278 πάντες,
651 2246 699 2272 καὶ
715 2245 886 2272 ἀκοῠσονται.
901 2243 949 2276 Ti;

1036 2241 1119 2269 Vens.
1144 2242 1186 2269 ιι.
1209 2251 1220 2268 ‹
1247 2242 1279 2269 Et
1302 2242 1540 2278 congregabuntur
1555 2251 1671 2276 omnes.
1695 2247 1722 2270 et
1736 2250 1785 2270 au-

164 2293 254 2325 αὐτοῖς
265 2293 408 2328 ἀνήγγειλε
418 2292 521 2325 vatum;
539 2301 547 2318 ι
569 2291 612 2323 Ὠς
624 2291 678 2326 γὰρ
689 2290 808 2326 δεσπότῃ
819 2289 951 2325 προστάτ-

164 2347 235 2364 τοντι
250 2338 432 2365 ὑπακούουσιν
456 2339 483 2364 αἱ
504 2337 693 2374 προλεχθεῖσαι
714 2336 859 2370 δυνάμεις·
881 2334 949 2362 ἀλλὰ

165 2385 211 2411 καὶ
231 2384 402 2419 συναχθεῖσαι
429 2384 474 2410 ἐπὶ
495 2384 527 2410 τὸ
549 2383 614 2410 αὐτὸ
636 2383 745 2409 ἑστᾶσιν
769 2381 949 2416 ἀκουσόμεναι

163 2429 217 2457 τῶν
229 2429 311 2456 αὐτοῦ
328 2429 425 2464 λόγων.
439 2429 524 2456 Τοῦτὸ
537 2438 578 2456 τοι
594 2428 687 2465 ἐδήλου
707 2428 753 2454 καὶ
769 2429 798 2454 ὲν
814 2427 884 2463 ἀρχῇ
900 2428 950 2462 τῆς

166 2474 256 2510 βίϐλου
271 2475 383 2509 φάσκων
393 2475 409 2501 ὁ
421 2475 509 2509 λόγος,
527 2484 536 2500 ε
556 2476 665 2505 Ἄκουε,
679 2473 786 2510 οὐρανὲ,
799 2473 845 2500 καὶ
859 2472 951 2500 ἐνωτί-

165 2520 223 2552 Coo.
237 2521 252 2555 ἡ
268 2521 314 2555 γῆ,
331 2521 371 2547 ὃτι
382 2520 484 2556 Κύριος
497 2519 636 2556 ἐλάλησεν.
656 2529 666 2545 ι

202 2576 210 2591 t
223 2566 348 2599 Ἀγαπῶν
362 2574 391 2592 σε
401 2566 515 2601 ἐποίησα
521 2566 550 2592 τὸ
561 2565 666 2601 θέλημά
675 2573 721 2591 σου
737 2564 783 2591 ἐπὶ
792 2563 950 2596 Βαϐυλῶνα,
962 2596 967 2599 ⁶

155 2604 211 2638 ’τοῦ
226 2610 303 2646 ,ἆραι
327 2611 437 2647 σπέρμα
460 2611 611 2638 Χαλδαίων.
647 2610 717 2644 Ἐγὼ
739 2610 868 2645 ἐλάλησα,
895 2609 950 2644 ἐγὼ

166 2655 292 2682 ἐκάλεσα.
312 2657 434 2690 Ἤγαγον
456 2655 546 2687 αὺτὸν,
564 2656 610 2682 καὶ
625 2654 751 2681 εὐώδωσα
765 2654 813 2690 τὴν
828 2655 886 2682 ὁδὸν
901 2654 949 2681 αὖ·

165 2701 222 2728 τοῦ.
248 2702 438 2738 Προσαγάγετε
461 2702 528 2737 πρὸς
549 2701 592 2736 μὲ,
620 2702 665 2728 καὶ
690 2700 822 2728 ἀκούσατε
844 2700 947 2727 ταῦτα·

167 2746 222 2773 Οὐκ
239 2747 285 2784 ἀπ’
297 2748 384 2783 ἀρχῆς
404 2747 433 2772 ἐν
447 2748 536 2782 κρυφῇ
559 2746 706 2781 λελάληκα·
731 2746 809 2781 ἡνίκα
831 2745 947 2780 ἐγένετο,

167 2793 224 2819 ἐκεῖ
246 2793 328 2828 ἥμην.
354 2793 407 2819 Καὶ
422 2792 468 2819 νῦν
489 2792 590 2828 Κύριος
613 2792 714 2828 Κύριος
733 2791 885 2827 ἀπέστρεψέ
903 2800 946 2827 με,

203 2895 294 2924 "Isa:
309 2904 317 2924 I
332 2917 339 2929 ,
356 2897 380 2923 I.

328 2943 462 2973 Pauor.
485 2941 544 2973 Gn.
569 2940 685 2972 XXIV.

997 2287 1083 2315 dient.
1097 2288 1163 2321 Quis
1177 2288 1243 2323 ipsis
1259 2288 1316 2315 haec
1330 2288 1520 2315 annuntiavit?
1538 2298 1548 2315 ο
1570 2288 1634 2316 Nam
1650 2289 1784 2323 prmdictm

998 2333 1111 2361 virtutes
1134 2338 1163 2360 ut
1184 2334 1289 2369 jubeuti
1311 2334 1423 2361 Domino
1442 2339 1556 2369 parent;
1571 2335 1635 2368 quin
1650 2333 1731 2360 etiam
1756 2334 1782 2360 iu

999 2387 1082 2407 unum
1098 2385 1278 2415 congregatae,
1291 2385 1365 2406 stant
1379 2384 1409 2406 ut
1420 2379 1480 2414 ejus
1492 2386 1644 2406 sermonem
1660 2379 1781 2406 audiant.

999 2424 1027 2452 Id
1042 2432 1107 2452 sane
1129 2425 1208 2452 initlo
1222 2425 1378 2452 declarabat
1402 2425 1443 2453 bis
1467 2424 1573 2457 verbis,
1592 2432 1601 2449 t
1621 2424 1700 2455 Audi,
1725 2430 1782 2450 cte-

1001 2470 1055 2496 lum
1068 2490 1076 2501 .
1091 2475 1121 2498 et
1135 2470 1246 2497 auribus
1261 2471 1369 2504 percipe
1380 2490 1387 2503 ,
1403 2476 1474 2497 terra
1489 2490 1496 2502 ,
1511 2469 1575 2504 quia
1591 2468 1720 2496 Dominus
1744 2469 1786 2498 Io-

1001 2520 1079 2542 cutus
1090 2520 1131 2542 est
1141 2515 1175 2543 ⁸¹.
1196 2525 1206 2542 ι

1037 2561 1118 2589 Vens.
1136 2562 1229 2589 I5-20.
1250 2570 1260 2588 ‹
1282 2562 1399 2598 Diligens
1414 2566 1438 2589 te
1460 2561 1511 2589 feci
1529 2561 1694 2588 voluntatem
1709 2564 1782 2586 tuam

1001 2615 1081 2643 super
1095 2608 1268 2644 Babylonem,
1283 2614 1311 2635 ut
1325 2608 1458 2636 auferrem
1478 2615 1568 2635 semen
1584 2606 1781 2634 Cbalda‘orum.

1002 2655 1057 2689 Ego
1073 2655 1179 2682 locutus
1195 2663 1253 2682 sum
1268 2675 1275 2688 ,
1291 2659 1318 2682 et
1335 2661 1384 2689 ego
1399 2653 1503 2681 vocavi.
1531 2652 1636 2688 Adduxi
1658 2658 1720 2678 eum
1732 2671 1739 2681 .
1756 2656 1783 2679 et

1001 2708 1158 2736 prosperam
1170 2700 1220 2728 feci
1233 2701 1301 2727 viam
1315 2700 1383 2735 ejus.
1399 2700 1528 2726 Adducile
1542 2697 1574 2724 ad
1589 2706 1642 2734 me,
1652 2702 1679 2725 et
1693 2697 1785 2724 audite

1001 2746 1058 2772 haec
1074 2765 1080 2777 ,
1099 2745 1156 2772 Non
1174 2745 1209 2772 ab
1239 2745 1315 2772 initio
1341 2745 1366 2772 in
1391 2744 1549 2771 abscondito
1571 2743 1676 2770 locutus
1698 2750 1756 2770 sum
1774 2750 1782 2770 :

1001 2799 1062 2819 cum
1087 2790 1181 2819 ﬁerent
1195 2811 1202 2824 ,
1218 2791 1252 2818 ibi
1275 2797 1362 2818 eram.
1376 2790 1408 2817 Et
1423 2797 1493 2816 nunc
1512 2790 1640 2817 Dominus
1655 2788 1785 2817 Domina:
