2061 3215
303 187 355 216 427

620 186 754 215 EUSEBII
773 184 1011 214 C/ESARIENSIS
1029 184 1104 213 Ol’P.
1126 183 1217 212 PARS
1236 182 1279 212 Ill.
1299 198 1334 204 —
1353 179 1559 212 EXEGETICA.

1865 181 1911 213 ιη

304 248 404 276 avertit
418 251 507 280 me,et
522 245 641 280 Spiritus
656 245 724 279 ejus.
740 244 786 273 Sic
801 245 865 272 dicit
883 245 1025 277 Dominus,
1039 244 1084 279 qui

1143 243 1184 270 καὶ
1202 243 1233 269 τὸ
1251 242 1363 278 Πνεῦμα
1384 241 1477 269 αὑτοῦ.
1493 241 1571 268 Οὕτω
1587 240 1660 275 λέγει
1681 237 1792 277 Κύριος,
1805 241 1820 269 ὸ
1838 242 1916 278 ῥυσά-

303 294 373 321 eruit
391 298 427 325 te,
443 293 559 319 Sanctus
574 292 655 319 lsrael
673 301 679 319 :
701 292 755 325 Ego
771 300 828 318 sum
853 292 924 318 Dens
949 296 1009 317 tuus
1022 310 1029 322 ,
1057 298 1087 316 o-

305 339 392 366 stendi
405 339 463 371 tibi,
479 344 507 365 ut
521 339 655 364 invenires
668 338 738 364 viam
761 338 786 364 in
810 345 861 370 qua
878 337 1040 363 ambulares.
1058 336 1090 362 Et

304 387 326 412 si
344 386 467 412 audisses
484 385 607 411 mandata
624 391 681 409 mea
695 403 702 415 ,
722 383 816 409 l'uisset
833 383 910 417 quasi
928 382 1023 409 ﬂuvius
1037 390 1088 415 pax

305 437 361 461 tua,
375 436 402 458 et
416 431 518 465 justitia
536 436 579 455 tua
593 435 619 455 ut
630 428 725 455 ﬂuctus
744 429 826 455 maris
842 437 847 454 :
865 433 891 455 et
908 427 1087 461 tuissetqnasi

305 483 386 501 arena
404 482 494 501 semen
509 480 591 504 tuum,
615 479 642 500 et
661 474 766 500 fructus
782 473 884 498 ventris
899 473 934 499 lui
948 473 1016 499 sicut
1032 472 1090 507 pul-

307 522 344 546 vis
358 525 436 546 terra:
454 529 459 546 :
480 527 566 553 neque
582 526 652 545 nnuc
667 518 903 549 exterminaberis,
922 525 1008 551 neque
1031 525 1090 552 per-

307 566 355 592 ihit
381 573 477 592 nomen
494 570 568 591 tuum
596 565 622 591 in
647 570 793 599 conspectu
809 572 878 590 meo.
906 563 1042 597 Egredere
1057 571 1090 589 ex

307 612 441 646 Babylone
454 631 461 642 ,
478 611 584 644 fugiens
597 619 610 637 a
627 611 770 638 Cbaldmis.
791 610 889 637 Vocem
913 610 1091 642 jucunditatis

306 658 463 684 :umuntiate
483 665 568 690 usque
592 658 625 683 ad
642 662 792 683 extremum
813 661 890 682 terrzc
907 665 913 682 :
929 656 1011 683 dicite
1023 676 1030 687 ,
1048 656 1091 682 Li-

307 704 411 729 beravit
438 704 566 730 Dominus
592 711 699 730 servum
726 711 803 730 suum
828 702 921 730 Jacob.
952 711 961 728 ι
992 702 1092 735 Quam-

305 749 411 780 ubremI
428 757 488 776 cum
506 749 560 782 jam
581 749 644 776 hinc
660 748 788 783 pollicear
806 756 847 774 nte
862 757 912 775 non
929 748 1092 775 extermina-

307 800 395 821 turqu
413 800 437 821 te
448 815 456 827 ,
474 802 562 829 neque
576 802 676 821 nomen
691 799 768 821 tuum
780 794 930 820 deleturum
948 800 1019 825 esse,
1035 793 1091 820 dixi

306 841 355 867 tibi
369 860 377 873 ,
400 845 427 867 ιιι
443 841 532 867 exires
547 841 579 867 de
597 840 734 875 Babylone
746 859 754 872 ,
783 840 909 866 dimissus
925 847 957 866 ac
972 839 1040 866 liber
1057 839 1091 865 ab

308 887 478 913 inimicorum
504 891 587 912 metu.
606 886 722 920 Accepta
742 890 831 911 autent
861 884 893 910 ad
912 885 1019 918 propria
1046 891 1089 911 re—
1107 900 1127 927 Β

306 931 428 958 vertendi
448 936 580 964 potestate
597 951 604 963 ,
632 938 665 957 ne
690 931 785 964 supine
806 935 833 956 et
858 931 1005 957 oscitanter
1021 931 1090 956 viam

305 984 436 1011 capesse,
455 978 501 1003 sed
528 984 587 1003 cum
610 976 682 1003 omni
701 976 852 1009 diligentia.
879 975 946 1002 Nam
965 979 1092 1002 occurret

307 1024 355 1050 tibi
375 1031 424 1050 vox
443 1024 552 1054 laetitiae,
567 1030 647 1057 quam
662 1023 704 1049 vel
723 1022 779 1055 jam
797 1022 861 1048 hinc
879 1021 974 1047 audias
989 1029 995 1047 :
1012 1020 1092 1055 quin-

305 1069 387 1097 etiam
402 1076 496 1095 onmes
512 1069 556 1102 qui
574 1075 714 1095 sermones
733 1075 806 1094 meos
828 1066 963 1093 audierint
977 1088 983 1099 ,
1002 1067 1035 1093 de
1050 1074 1094 1093 sa—

306 1115 362 1140 lute
377 1119 424 1140 tua
441 1114 675 1148 uua'gaudebunl.
695 1113 727 1139 Et
747 1113 803 1140 luce
819 1113 927 1147 quidem
945 1113 1092 1139 secundum

306 1160 466 1190 historiam,
493 1167 545 1185 non
575 1159 677 1185 reditus
702 1165 734 1184 ex
751 1157 909 1191 captivitate
927 1156 1093 1191 Babylonica

308 1213 429 1241 tempore
443 1211 517 1239 gesta
542 1210 623 1237 stitit,
644 1212 704 1232 cum
720 1204 736 1230 ii
751 1223 758 1235 ,
781 1203 825 1238 qui
843 1211 857 1229 a
881 1203 954 1237 Cyro
967 1209 995 1229 et
1013 1203 1093 1230 Dario

306 1252 449 1279 Persarum
467 1251 575 1285 regibus
590 1251 714 1277 libertate
728 1249 822 1276 donati
835 1248 955 1281 fuerant,
971 1254 1093 1276 reverte-

308 1303 382 1324 runt.
408 1298 446 1323 Ac
461 1297 608 1324 secundum
625 1296 792 1330 intelligendi
810 1296 941 1322 rationem
956 1315 963 1326 ,
990 1302 1050 1321 cum
1067 1295 1093 1321 in

310 1343 423 1371 historia
450 1344 484 1369 ad
514 1343 628 1370 litteram
655 1342 767 1377 reperiri
801 1347 917 1375 nequeat
945 1346 1021 1375 petra
1050 1341 1094 1367 illa

308 1398 394 1426 aquas
408 1391 534 1416 eminens
549 1389 574 1415 in
589 1389 674 1415 reditu
690 1389 779 1423 populi
795 1408 803 1420 ,
818 1388 937 1415 dicemus
957 1387 984 1413 in
1000 1387 1031 1413 iis
1049 1387 1094 1421 qui

309 1446 323 1464 a
340 1436 474 1471 spirituali
488 1436 644 1469 captivitate
668 1435 694 1461 in
713 1438 873 1469 perpetuum
891 1433 997 1460 liberati
1012 1437 1093 1464 sunt,

310 1485 343 1511 de
357 1482 456 1517 quibus
469 1482 591 1509 Christus
605 1481 714 1508 dicebat
724 1501 731 1513 ,
758 1490 766 1505 ι
787 1479 982 1514 Evangelilare
996 1486 1095 1513 panpe-

311 1530 385 1556 ribus
399 1529 472 1555 misit
486 1535 538 1559 me,
555 1527 701 1561 prmdicarc
715 1526 828 1560 captivis
844 1525 1026 1552 dimissionem
1036 1524 1069 1556 ⁸⁸,
1083 1533 1092 1550 ι

1142 290 1221 324 μενος
1246 297 1286 319 σε,
1313 289 1404 321 ’Λγιος
1420 288 1541 323 Ἰσραήλ·
1577 287 1646 321 Ἐγώ
1669 288 1726 322 είμι
1747 289 1761 314 ὁ
1784 287 1847 320 Θεός
1864 297 1916 322 σου,

1139 335 1243 370 δέδειχᾶ
1266 343 1306 361 σοι
1326 336 1355 361 τὸ
1375 335 1465 369 εὑρεῖν
1482 343 1511 360 σε
1534 334 1582 369 τὴν
1599 334 1657 360 ὁδὸν
1679 335 1708 360 ὲν
1761 335 1877 372 πορεύσῃ
1895 337 1918 362 ὲν

1140 381 1218 415 αὐτῇ.
1236 380 1289 405 Καὶ
1309 381 1332 405 εἰ
1348 380 1466 415 ἤκουσας
1482 378 1537 405 τῶν
1557 378 1671 404 ἐντολῶν
1690 386 1751 413 μου,
1771 378 1876 411 ἐγένετο
1891 379 1919 405 ἂν

1140 425 1205 451 ὡσεὶ
1223 426 1345 460 ποταμὸς
1365 427 1381 460 ἡ
1402 426 1495 460 εἰρήνη
1519 434 1576 455 σου,
1596 425 1642 451 καὶ
1665 426 1680 459 ἡ
1702 425 1854 460 δικαιοσύνη
1879 433 1919 450 σου

1140 471 1176 502 ὡς
1192 471 1267 506 κῦμα
1283 471 1435 506 θαλάσσης·
1452 471 1499 496 καὶ
1513 471 1620 504 ἐγένετο
1639 470 1669 497 ἂν
1683 471 1748 496 ὡσεὶ
1763 472 1779 506 ἡ
1794 471 1881 506 ἄμμος
1894 470 1920 495 τὸ

1141 517 1251 552 σπέρμα
1275 526 1331 549 σου,
1359 518 1403 545 καὶ
1425 518 1459 543 τὰ
1479 518 1577 551 ἔγγονα
1598 517 1646 552 τῆς
1668 516 1770 548 κοιλίας
1793 525 1838 542 σου
1857 517 1919 548 ώςὸ

1142 563 1205 598 χοῦς
1223 563 1272 597 τῆς
1291 564 1351 598 γῆς.
1380 563 1446 589 Οὐδὲ
1468 563 1515 589 νῦν
1531 564 1561 589 οὐ
1590 563 1627 598 μὴ
1653 562 1857 598 ἐξολοορευοῇς,
1872 563 1919 588 οὐδ’

1142 610 1280 636 ἀπολεῖται
1298 609 1327 635 τὸ
1349 609 1435 644 ὄνομά
1458 618 1504 635 σου
1527 609 1640 634 ἐνώπιον
1662 609 1739 643 ἐμοῦ,
1764 608 1872 640 Ἔξελθε
1892 610 1920 635 ἐκ

1142 656 1309 687 Βαϐυλῶνος,
1330 655 1438 690 φεύγων
1460 656 1513 681 ἀπὺ
1538 655 1592 681 τῶν
1609 655 1757 681 Χαλδαίων.
1777 655 1867 690 Φωνὴν
1880 655 1920 682 εὑ-

1143 702 1279 737 φροσύνης
1296 701 1473 735 ἀναγγείλατε
1489 701 1541 731 ἕως
1556 701 1668 736 ἐσχάτου
1681 701 1730 736 τῆς
1743 701 1808 736 γῆς’
1826 700 1919 735 λέγετε,

1149 749 1297 784 Ἐῥρύσατο
1315 748 1417 783 Κύριος
1437 748 1483 774 τὸν
1497 748 1589 773 δοῦλον
1607 748 1689 774 αὐτοῦ
1715 747 1826 774 ’1αγ,ιὶ›6.·
1845 757 1854 773 ι
1870 748 1921 774 Δώ-

1143 804 1196 831 περ
1213 795 1338 821 ἐντεῦθεν
1360 795 1409 830 ἤδη
1434 794 1668 829 ἐπαγγελλόμενος
1689 794 1727 829 μὴ
1744 794 1923 830 ὲξολοθρεῦσαί

1144 849 1183 872 σε,
1210 841 1271 876 μηδ’
1292 840 1429 874 ἐξαλεῖψαι
1450 840 1480 866 τὸ
1503 840 1587 875 ὄνομά
1605 849 1662 872 σου,
1686 839 1751 866 εἶπά
1773 848 1815 866 σοι
1830 840 1923 873 ἐξιέναι

1142 887 1195 914 ἀπὺ
1210 886 1377 918 Βαϐυλῶνος,
1394 886 1552 920 ἄφετονκαὶ
1569 886 1709 922 ἐλεύθερον
1723 886 1770 912 τοῦ
1786 885 1839 912 τῶν
1853 885 1923 912 πολε-

1144 933 1213 968 μίων
1230 932 1312 967 φόϐου
1329 932 1484 967 γενόμενον.
1513 932 1613 959 Λαὸὼν
1629 932 1656 958 δὲ
1678 932 1727 968 τὴν
1743 931 1865 964 ἐξουσίαν
1878 932 1923 965 τῆς

1142 979 1182 1009 είς
1203 977 1237 1003 τὰ
1259 978 1345 1004 οἰκεῖα
1367 977 1509 1008 ἐπανόδου,
1534 978 1569 1013 μὴ
1595 977 1697 1008 omam;
1722 977 1788 1013 μηδὲ
1808 976 1923 1012 νωχελῶς

1143 1024 1221 1050 ποιοῦ
1237 1024 1288 1059 τὴν
1303 1024 1425 1059 πορείαν,
1441 1025 1490 1050 σὺν
1509 1024 1602 1059 ἁπάσῃ
1618 1024 1646 1049 δὲ
1666 1024 1777 1059 σπουδῇ.
1801 1024 1924 1058 Ἀπαντή-

1144 1080 1184 1098 σει
1202 1071 1256 1107 γάρ
1278 1080 1317 1097 σοι
1334 1072 1409 1107 φωνὴ
1433 1070 1611 1106 εὐφροσύνης,
1630 1071 1754 1097 ἐντεῦθεν
1772 1071 1823 1106 ἤδη
1839 1071 1924 1097 ἀκουο-

1145 1119 1238 1154 μένης·
1254 1118 1321 1144 ἀλλὰ
1340 1118 1386 1144 καὶ
1400 1118 1499 1149 πάντες
1513 1118 1537 1143 οἱ
1559 1117 1612 1143 τῶν
1630 1117 1705 1152 ἐμῶν
1717 1116 1805 1151 λόγων
1821 1117 1922 1144 duo-Jov-

1143 1172 1188 1194 τες
1207 1163 1425 1197 συγχαρήσονταί
1449 1171 1495 1188 σου
1517 1163 1550 1197 τῇ
1577 1162 1707 1198 σωτηρίᾳ.
1728 1163 1784 1189 Καὶ
1800 1162 1881 1189 ταῦτα
1900 1162 1924 1189 δὲ

1144 1209 1212 1245 πρὸς
1236 1210 1284 1243 μὲν
1304 1209 1425 1244 ἱστορίαν
1446 1209 1499 1235 οὔκ
1514 1208 1665 1244 ἐπληροῦτο
1686 1208 1755 1235 κατὰ
1773 1209 1818 1235 τᾶν
1839 1208 1924 1244 χρόνον

1143 1254 1193 1289 τῆς
1210 1253 1264 1279 ἀπὸ
1288 1253 1446 1284 Βαϐυλῶνος
1470 1252 1610 1283 ἐπανόδου,
1631 1252 1684 1278 τῶν
1705 1252 1924 1288 ὴλευθερωμένων

1145 1300 1196 1327 ὑπὸ
1212 1300 1303 1335 Κύρου
1320 1301 1365 1326 καὶ
1379 1300 1490 1335 Δαρείου
1510 1299 1563 1326 τῶν
1582 1299 1801 1334 βασιλευσάντων
1816 1301 1844 1325 ὲν
1861 1297 1924 1334 Πέρ-

1145 1341 1276 1375 mag-3:11
1291 1345 1358 1379 πρὸς
1373 1344 1400 1370 δὲ
1422 1345 1550 1376 διάνοιαν,
1568 1344 1628 1370 ἐπεὶ
1646 1344 1683 1379 μὴ
1700 1344 1758 1371 ἔστι
1777 1344 1845 1379 πρὸς
1860 1343 1924 1376 λέξιν

1145 1389 1232 1423 εὑρεῖν
1252 1389 1281 1415 ἐν
1297 1390 1329 1424 τῇ
1347 1389 1451 1424 ἱστορίᾳ
1466 1389 1569 1424 πέτραν
1588 1389 1694 1415 ὑδάτων
1711 1389 1847 1425 ῥεῦσασαν
1862 1389 1924 1416 κατὰ

1144 1433 1193 1468 τὴν
1223 1433 1352 1459 ἐπάνοδον
1383 1433 1430 1460 τοῦ
1455 1433 1531 1466 λαοῦ,
1555 1434 1676 1469 φήσομεν
1707 1434 1774 1468 γοῦν
1800 1436 1854 1466 τοίς
1880 1433 1924 1468 τῆς

1145 1479 1332 1514 αἰχμαλωσίας
1346 1480 1389 1506 ἀεὶ
1402 1480 1642 1515 ἠλευθερωμένοις,
1665 1480 1728 1515 περὶ
1741 1476 1779 1507 ὧν
1794 1481 1807 1506 ὁ
1819 1478 1924 1516 Χριστὸς

1146 1525 1246 1559 ἔλεγεν,
1262 1535 1270 1550 ι
1282 1525 1514 1559 Εὑαγγελίσασοαι
1525 1527 1640 1561 πτωχοῖς
1656 1526 1812 1553 ἀπεσταλχέ
1826 1535 1867 1562 με,
1882 1534 1923 1561 γη-

310 1582 400 1601 veram
425 1573 590 1608 deprehendi
607 1572 826 1607 promissionem.
851 1570 898 1597 llis
917 1570 1014 1605 quippe
1029 1570 1093 1604 ipsis

1148 1570 1225 1604 ρζξαι
1239 1570 1419 1605 αἰχμαλώτοις
1435 1571 1540 1604 ἄφεσιν,
1559 1582 1567 1596 ι
1588 1572 1768 1606 ἐπαληθεύειν
1784 1572 1832 1604 τὴν
1845 1573 1923 1605 ἑπαγ-

310 1620 473 1655 apostolicus
494 1627 526 1645 ex
550 1626 612 1645 vera
630 1624 704 1652 petra
730 1623 808 1652 potus
829 1617 995 1643 instillatur:
1015 1626 1024 1642 ι
1043 1618 1092 1643 Pe-

311 1673 351 1693 tra
378 1671 466 1692 autem
483 1670 542 1691 erat
569 1664 692 1691 Christus
713 1663 746 1697 ⁸⁵,
776 1673 785 1689 ι
810 1663 958 1690 Secundum
977 1662 1093 1697 Aposto-

309 1711 374 1738 lum.

345 1756 427 1784 Vatis.
444 1756 489 1783 2i.
513 1765 523 1781 ι
540 1755 614 1789 Quod
631 1754 652 1781 si
667 1754 797 1786 sitierint,
817 1761 865 1788 per
880 1753 1017 1780 desertum
1046 1753 1080 1779 du

310 1808 354 1831 cet
371 1810 437 1831 eos:
462 1810 560 1838 aquam
580 1810 611 1829 ex
634 1806 711 1836 petra
740 1801 836 1827 educet
861 1800 925 1827 illis.
949 1800 1095 1826 Scindetur

311 1856 397 1885 petra,
418 1855 443 1877 et
463 1850 527 1876 ﬂuet
551 1857 631 1883 aqua,
655 1853 682 1874 et
712 1848 786 1875 bibet
801 1847 918 1882 populus
936 1855 1021 1874 meus.
1036 1846 1093 1873 Non

310 1902 351 1924 est
379 1897 504 1932 gaudium
533 1895 632 1929 impiis,
652 1894 717 1920 dicit
744 1894 883 1920 Dominus.
903 1902 911 1918 ι
932 1893 1036 1919 Etenim
1053 1893 1094 1926 pie

310 1943 452 1978 agentibus
480 1942 569 1969 omnis
590 1949 604 1967 a
633 1940 687 1967 Deo
713 1940 789 1967 adest
807 1939 943 1973 voluptas,
967 1938 1094 1973 gaudium

311 1990 455 2020 et'laztitia,
469 1996 571 2015 necnon
590 1987 640 2013 alia
655 1986 756 2017 omnia,
773 1994 833 2019 qua:
850 1985 876 2012 in
890 1985 1030 2018 promissis
1048 1984 1096 2010 Ita-

313 2037 427 2066 Iieutur,
445 2035 534 2068 impiis
558 2041 621 2060 vero
642 2032 714 2059 nulla
739 2032 935 2067 promissorum
957 2030 1026 2058 ratio
1048 2031 1096 2057 lia-

311 2082 401 2110 betur.

590 2125 703 2153 CAPUT
724 2124 818 2154 XLIX.

345 2172 428 2200 Vsus.
445 2171 470 2198 l.
490 2180 500 2197 ι
515 2171 613 2198 Audite
632 2179 689 2204 me,
701 2171 796 2198 insulae
806 2190 814 2203 ,
829 2175 857 2198 et
872 2166 1012 2202 attendite,
1028 2177 1093 2205 gen-

309 2222 362 2245 tes.
378 2226 388 2244 |
406 2217 507 2251 Aperte
530 2216 665 2251 significat
688 2224 717 2243 se
733 2224 785 2243 non
799 2214 909 2243 Judmos
924 2216 950 2242 in
967 2216 1093 2249 praesenti

309 2264 484 2299 compellare,
501 2271 588 2298 neque
603 2263 636 2290 ad
653 2263 765 2298 quasvis
781 2263 874 2290 obvias
887 2256 992 2290 insulas
1009 2262 1092 2289 verba

309 2312 410 2343 facere,
427 2310 473 2337 sed
491 2309 523 2335 ad
536 2314 632 2344 gentes
646 2314 674 2335 et
689 2308 722 2335 ad
747 2308 792 2335 Dei
811 2307 947 2335 Ecclesias
961 2308 987 2334 in
1003 2307 1093 2335 medio

310 2357 430 2392 gentium
461 2355 573 2390 positas.
592 2354 772 2389 Quapropter
797 2353 946 2381 secundum
970 2352 1094 2389 Symma‘

308 2405 402 2435 chum,
417 2403 457 2430 sic
476 2401 575 2436 legitur
590 2409 597 2428 :
614 2400 732 2427 «Audite
749 2407 801 2433 me,
820 2399 926 2432 insulae,
949 2404 977 2426 et
987 2398 1095 2426 anscul‘

310 2454 375 2481 tate,
390 2454 498 2484 gentes.
514 2459 524 2475 ι
545 2448 615 2482 Quid
633 2446 715 2482 igitur
727 2446 856 2474 Ecclesiae
880 2454 935 2474 suae
953 2447 1094 2474 declarare

307 2500 427 2530 expetat,
454 2496 491 2522 ita
517 2495 610 2522 subdit
628 2502 661 2520 ι(
681 2492 738 2522 'Per
756 2493 870 2520 Inuitum
890 2497 997 2527 tempus
1011 2492 1094 2520 stabit

310 2540 451 2567 Dominus.
469 2550 479 2566 ›
495 2540 533 2567 Ac
545 2540 635 2574 primo
647 2538 846 2567 observandum
858 2544 911 2570 est,
927 2540 985 2566 haec
996 2543 1024 2566 et
1034 2545 1094 2573 qum

310 2591 402 2620 postea
413 2586 628 2621 subsequuntur,
648 2592 683 2612 ex
698 2592 811 2620 persona
833 2584 938 2611 Domini
963 2583 1093 2619 proferri.

309 2631 361 2659 Ubi
375 2633 432 2667 ipse
445 2632 587 2664 Dominus,
602 2631 647 2665 qui
665 2638 818 2658 sermonem
835 2637 949 2657 exorsus
966 2634 1019 2662 est,
1034 2636 1094 2664 quae

310 2677 474 2711 adjiciuntur
483 2677 562 2713 quasi
577 2677 610 2704 de
623 2676 676 2704 alio
690 2677 760 2704 dicta
775 2676 897 2704 declarat
910 2685 917 2703 :
940 2676 994 2703 imo
1011 2676 1093 2703 etiam

309 2730 369 2750 sese
383 2723 503 2757 genitura
521 2730 581 2750 esse
595 2723 707 2755 fatetur,
721 2727 748 2749 et
764 2729 874 2749 servum
894 2726 1044 2757 nuncupat,
1067 2726 1095 2749 et

310 2768 394 2794 nutlta
412 2768 464 2794 alia
481 2769 506 2794 in
525 2769 702 2802 sequentibus
724 2767 821 2802 aperit.
843 2765 884 2794 Ne
902 2766 970 2801 jam,
994 2768 1093 2801 inquit,

311 2814 373 2840 dum
392 2813 589 2848 haeeeloquor,
605 2815 747 2842 verborum
763 2813 891 2841 effectum
915 2821 963 2842 vos
987 2814 1095 2843 visuros

345 2902 368 2918 "'
382 2901 448 2929 Luc.
469 2910 506 2937 iv,
527 2904 568 2931 £8.
607 2904 629 2920 "
645 2904 657 2931 -Ι
666 2904 729 2932 Cor.
748 2906 812 2936 xvi.

1147 1616 1248 1650 γελίαν.
1267 1616 1377 1648 Τούτοις
1388 1617 1441 1652 γὰρ
1457 1618 1546 1649 αὐτοῖς
1562 1618 1590 1644 τὸ
1617 1618 1794 1644 ἀποστολικὺν
1813 1617 1883 1652 πόμα
1901 1616 1934 1644 τὸ,

1146 1663 1178 1688 ἐκ
1190 1663 1239 1697 τῆς
1257 1663 1385 1697 ἀληθινῆς
1400 1663 1500 1698 πέτρας
1514 1664 1642 1699 ἑξομϐρεῖ
1652 1672 1659 1679 ’
1680 1674 1688 1690 ι
1712 1664 1742 1690 Ἦ
1757 1664 1846 1700 πέτρα
1857 1660 1924 1698 δὲῆν

1145 1710 1159 1735 ὁ
1173 1710 1314 1744 Χριστὸς,ι
1334 1709 1403 1735 κατὰ
1419 1710 1463 1735 τὸν
1486 1710 1655 1736 Ἀπόστολον.

1184 1766 1192 1780 ι
1209 1756 1263 1782 Καὶ
1276 1757 1321 1782 ἐὰν
1339 1756 1481 1790 διψήσωσι,
1498 1756 1529 1781 δι’
1545 1757 1648 1791 ἐρήμου
1662 1757 1721 1790 ἄξει
1734 1757 1850 1789 αὐτούς’
1861 1756 1923 1791 ὓδωρ

1146 1802 1177 1827 ἐκ
1203 1800 1304 1835 πέτρας
1327 1800 1414 1832 ἐξάξει
1439 1801 1540 1832 αὐτοῖς.
1564 1801 1741 1837 Σχισθήσεται
1765 1803 1861 1837 πέτρα,
1885 1793 1923 1827 καὶ

1147 1847 1275 1881 ρυήσεται
1299 1846 1381 1880 ὕδωρ,
1407 1847 1453 1872 καὶ
1478 1846 1567 1872 πίεται
1591 1847 1604 1872 ὁ
1630 1847 1692 1878 λαός
1717 1856 1779 1882 μου.
1799 1848 1853 1874 Οὐκ
1874 1846 1923 1872 ἔστι

1146 1892 1260 1926 χαίρειν,
1281 1891 1354 1924 λέγει
1378 1891 1489 1926 Κύριος,
1512 1893 1566 1922 τοῖς
1588 1892 1723 1918 ἀσεϐέσιν.
1751 1902 1761 1918 ›
1787 1890 1922 1919 Εὑσεϐοὖσι

1145 1936 1197 1972 γὰρ
1216 1938 1289 1963 πᾶσα
1304 1937 1434 1972 πάρεστιν
1451 1938 1467 1972 ἡ
1486 1938 1560 1973 παρὰ
1577 1937 1622 1963 τοῦ
1639 1938 1706 1964 Θεοῦ
1722 1938 1813 1974 τρυφὴ
1828 1937 1871 1964 καὶ
1885 1936 1922 1962 εὑ-

1145 1982 1276 2018 ιρροσύνη,
1298 1983 1343 2009 καὶ
1368 1984 1417 2009 ὅσα
1436 1983 1601 2018 ἐπήγγελται
1625 1983 1714 2017 ἀγαθὰ
1730 1984 1808 2011 ἄλλω
1830 1984 1882 2014 τοῖς
1898 1981 1922 2008 δὲ

1145 2029 1270 2055 ἀκῦἐσιν
1285 2029 1372 2060 οὐδεὶς
1388 2028 1467 2063 λόγος
1483 2029 1551 2064 πρὸς
1565 2029 1599 2056 τὰ
1614 2029 1817 2065 ἐπηγγελμένα.

1398 2130 1594 2158 ’ίΕΦΔΛΑΙΟΝ
1613 2129 1680 2157 ΜΘ¹.

1182 2186 1192 2203 ι
1223 2176 1369 2204 Ἀκούσατέ
1390 2185 1452 2212 μου,
1476 2177 1562 2212 νῆσοι,
1581 2177 1629 2203 καὶ
1651 2175 1809 2213 προσέχετε,
1826 2175 1892 2209 ἔθνη.
1910 2179 1919 2198 ι

1146 2223 1295 2259 Μονονουχὶ
1313 2223 1406 2258 σαφῶς
1420 2223 1648 2259 διαστελλόμενος,
1664 2223 1715 2255 ὃτι,
1732 2222 1771 2258 μὴ
1782 2221 1846 2258 πρὸς
1865 2220 1922 2246 ’1ου-

1146 2269 1235 2301 δαίους
1257 2269 1291 2295 τὰ
1313 2269 1435 2305 παρόντα
1454 2269 1596 2301 συντείνει,
1616 2268 1678 2304 μηδ’
1704 2268 1741 2300 ὡς
1764 2268 1842 2303 ἔτυχε
1862 2264 1921 2301 πρός

1144 2324 1221 2348 τινας
1244 2314 1405 2350 προχείρους
1427 2315 1577 2350 νοουμὲνας
1595 2315 1705 2350 νήσους,
1730 2313 1798 2341 ἀλλὰ
1814 2312 1877 2348 πρὸς
1892 2309 1922 2337 τὰ

1144 2360 1207 2396 ἔθνη
1230 2361 1277 2387 καὶ
1299 2360 1349 2393 τὰς
1378 2360 1478 2396 μεταξὺ
1507 2360 1560 2387 τῶν
1586 2360 1670 2387 ἐθνῶν
1696 2358 1921 2396 μεσολασουμένας

1145 2406 1191 2434 τοῦ
1206 2406 1273 2434 Θεοῦ
1292 2406 1464 2442 Ἑκκλησίας.
1480 2407 1561 2433 "005v
1577 2406 1624 2433 καὶ
1641 2406 1711 2433 κατὰ
1724 2406 1769 2433 τὸν
1787 2405 1921 2440 Σύμμαχον

1144 2451 1237 2478 τοῦτον
1253 2451 1360 2488 εἴρηται
1373 2452 1418 2478 τδν
1434 2452 1549 2488 τρόπον,
1574 2461 1583 2477 ι
1606 2451 1752 2478 Ἀκούσατέ
1769 2460 1829 2487 μου,
1843 2450 1919 2485 νῆσοι,

1146 2496 1193 2523 καὶ
1210 2497 1392 2534 ἁκροάσασθε,
1405 2497 1479 2532 ἔθνη.
1502 2507 1511 2524 ι
1529 2497 1561 2524 Τί
1576 2498 1665 2524 τοίνυν
1680 2497 1802 2533 βούλεται
1817 2495 1920 2527 διδάξειν

1145 2542 1195 2579 τὴν
1213 2543 1375 2579 Ἐκκλησίαν
1386 2544 1480 2575 αὐτοῦ,
1490 2544 1621 2578 ἐπιλέγει,
1637 2553 1646 2569 ι
1663 2543 1712 2571 Διὰ
1725 2544 1819 2580 χρόνον
1832 2537 1919 2568 πολλοῦ

1147 2588 1273 2624 στήσεται
1293 2588 1405 2625 Κύριος.
1425 2599 1434 2615 ι
1453 2589 1509 2616 Καὶ
1528 2589 1634 2624 πρῶτον
1649 2588 1834 2624 ὲπιτηρητὲον,
1847 2585 1882 2617 ὡς
1893 2584 1919 2610 ὲκ

1146 2632 1292 2668 προσώπου
1312 2633 1358 2660 τοῦ
1381 2633 1494 2669 Κυρίου⁴
1506 2633 1593 2661 ταῦτα
1614 2634 1724 2670 φέρεται
1749 2634 1795 2661 καὶ
1814 2632 1847 2659 τὰ
1864 2628 1919 2665 ἑξῆς

1145 2678 1249 2715 τούτοις
1266 2680 1450 2716 ἐπιφερόμενα
1459 2688 1465 2695 ·
1480 2681 1509 2706 ὲν
1523 2677 1563 2711 οἷς
1574 2679 1654 2712 αὐτὸς
1669 2681 1684 2707 ὁ
1699 2680 1746 2707 τοῦ
1761 2680 1838 2714 λόγου
1859 2683 1915 2703 κατ-

1146 2724 1231 2760 άρξας
1246 2724 1348 2761 Κύριος
1365 2725 1403 2757 ὡς
1429 2725 1493 2762 περὶ
1516 2726 1609 2762 ἑτέρου
1626 2725 1745 2753 διδάσκει
1758 2725 1791 2753 τὰ
1806 2721 1918 2757 ἐπιλεγό-

1148 2778 1230 2804 μενα·
1250 2770 1318 2797 ἀλλὰ
1338 2770 1385 2797 καὶ
1406 2771 1586 2806 γεγεννῆσθαι
1611 2771 1706 2799 ἑαυτὸν
1723 2771 1855 2808 ὁμολογεῖ,
1875 2767 1917 2795 καὶ

1145 2814 1236 2843 δοῦλον
1252 2816 1346 2850 ἑαυτὸν
1366 2816 1503 2853 ὀνομάζει,
1517 2817 1563 2844 καὶ
1577 2817 1627 2845 ὅσα
1640 2818 1708 2845 ἄλλα
1724 2818 1866 2854 παρίστησι
1878 2811 1918 2842 διὰ
