2061 3215
158 188 211 216 429

158 247 212 273 τῶν
227 245 290 280 ἑξῆς
308 243 523 280 ἐπιφερομένων.
546 243 591 279 Μὴ
611 243 669 275 νῦν,
688 243 780 278 φησὶν,
801 242 845 269 ὅτε
860 242 945 269 ταῦτα

158 292 340 327 διεξέρχομαι,
368 290 571 326 προσδοκήσητε
593 289 647 316 τῶν
668 289 755 323 λόγων
775 288 887 323 δψεσθαι
910 288 944 315 τὰ

158 338 366 373 ἀποτελέσματα
377 345 383 352 ·
402 337 505 372 μακρὸς
519 336 572 372 γὰρ
587 336 662 362 ἔσται
679 334 779 371 μεταξὺ
799 335 892 370 χρόνος
914 335 944 360 ὲν

158 383 180 420 ᾧ
200 386 233 412 δι’
250 385 337 420 ἔργων
361 384 522 418 συστήσεται
545 382 578 409 τὰ
601 381 835 418 προφητευόμενα.
861 390 870 406 ε
897 381 944 407 Ὲκ

159 431 262 462 κοιλίας
280 429 381 465 μητρός
399 438 449 465 μου
469 427 580 455 ἐκάλεσε
597 427 627 454 τὸ
643 428 728 463 ὄνομα
750 436 810 463 μου.
835 437 844 453 ι
860 427 945 454 Τοῦτο

159 477 213 513 γὰρ
231 475 402 511 παιδεύοητε,
419 472 441 501 ὧ
457 474 530 510 ἔθνη,
547 475 593 501 καὶ
610 474 698 509 ὑμεῖς,
718 474 745 500 αἱ
762 474 846 509 νῆσοι.
866 473 944 499 Ποῖον

159 521 186 548 δὲ
198 521 286 552 τοῦτο,
302 521 318 556 ἢ
334 521 374 547 ὅτι
389 519 490 556 Κύριος
506 520 520 545 ὁ
536 519 643 546 πάντων
658 518 801 553 δεσπότης,
819 518 866 545 καὶ
881 518 944 553 πρὶν

161 569 200 600 εἰς
213 566 372 604 ἀνθρώπους
391 566 440 602 ἐμὲ
453 565 498 593 τὸν
517 564 618 600 Κύριον
638 563 778 596 εἰσελθεῖν,
794 563 834 590 ἔτι
847 563 944 599 κυόμε-

160 622 215 644 νον,
234 613 280 640 καὶ
304 612 372 639 κατὰ
391 611 508 647 γαστρὸς
529 610 718 642 ἀνεκαλέσατο,
744 609 823 641 αὐτὸς
848 609 875 636 δὲ
899 618 944 645 μοι

160 658 206 685 καὶ
219 658 304 693 ὄνομα
318 657 486 693 ὲδωρήσατο;
505 657 566 683 ’Ὁτι
585 655 633 691 μὲν
648 655 685 687 ὡς
699 654 771 690 αὑτῷ
790 655 862 691 μόνῳ
874 653 943 689 γνὼ-

162 705 240 742 ριμόν
257 705 328 731 ἐστι·
347 703 417 730 κατὰ
432 704 526 740 καιρὸν
546 703 573 730 δὲ
594 703 640 730 καὶ
663 703 730 738 ὑμῖν
752 703 853 735 αὐτοῖς,
873 702 943 737 λέγω

198 807 207 822 ι
225 797 279 824 Καὶ
293 796 373 832 ἔθηκε
389 795 418 822 re
435 795 521 831 στόμα
540 805 589 831 μου
605 795 642 827 ὡς
660 795 796 831 μάχαιραν
812 795 911 829 ὀξεῖαν.
930 805 939 820 ι

165 840 246 868 Ἀλλὰ
262 839 309 867 καὶ
329 841 425 875 ἔθηκεν
438 841 452 867 ὁ
467 839 545 871 αὐτὸς
558 839 623 871 Θεὸς
638 840 685 865 καὶ
710 839 805 874 Πατὴρ
827 838 857 864 τὸ
879 838 943 874 ἐμὸν

159 887 205 914 τοῦ
233 886 317 914 ταῦτα
344 886 467 921 λέγοντος
495 886 597 921 Κυρίου
627 885 723 920 στόμα,
749 885 787 916 ὡς
810 884 944 920 μάχαιραν

161 930 260 966 ὀξεῖαν,
278 931 412 967 τμητικὴν
425 929 517 962 οὖσαν,
531 931 570 962 είς
583 929 615 956 τὺ
623 929 737 966 διαιρεῖν
750 929 797 956 καὶ
807 929 945 965 ἀφορίζειν

159 979 223 1010 τοὺς
238 978 329 1009 ἀξίους
340 977 385 1003 τοῦ
401 975 467 1003 Θεοῦ
481 975 535 1002 ἀπὸ
546 976 600 1003 τῶν
615 975 652 1011 μὴ
666 975 793 1002 τοιούτων
803 982 810 990 ⁸
826 974 840 1001 ὃ
852 975 884 1010 δὴ
899 974 945 1001 καὶ

159 1025 190 1051 ὲν
206 1023 378 1058 Εὖαγγελίοις
393 1024 407 1049 ὁ
427 1022 508 1054 αὐτὸς
524 1021 672 1058 ἐμαρτύρει
692 1021 778 1055 λέγων
789 1041 796 1053 ,
814 1030 823 1046 σ
842 1021 887 1056 Μὴ
903 1029 946 1048 νο-

162 1071 271 1107 μίσητε,
284 1071 323 1097 ὅτι
337 1067 416 1104 ἦλθον
433 1068 522 1103 βαλεῖν
544 1067 656 1103 εἰρήνην
669 1067 715 1092 ἐπὶ
727 1067 775 1102 τῆς
789 1066 850 1101 γῆς,
871 1075 880 1091 ›
899 1065 946 1092 καὶ

160 1117 196 1144 τὰ
220 1116 293 1151 ἑξῆς,
320 1125 329 1141 ‹
351 1115 405 1142 Καὶ
430 1113 482 1140 ὑπὸ
504 1113 552 1149 τὴν
571 1113 674 1148 σκέπην
700 1112 747 1147 τῆς
759 1111 850 1147 χειρὸς
863 1110 944 1138 αὑτοῦ

161 1163 262 1199 ἔκρυψέ
280 1172 313 1199 με
326 1171 332 1178 ·
352 1161 432 1198 ἔθηκέ
448 1170 481 1196 με
501 1160 537 1192 ὼς
555 1160 630 1196 βέλος
651 1158 787 1190 ἐκλεκτὸν,
805 1158 851 1184 καὶ
869 1159 898 1185 ὲν
911 1159 944 1193 τῇ

162 1210 285 1246 φαρέτρα
305 1208 386 1236 αὑτοῦ
410 1207 509 1243 ἔκρυψέ
529 1215 572 1242 με.
594 1216 603 1232 ι
626 1206 681 1240 Τὴν
702 1205 816 1241 κρύφιον
829 1204 946 1235 καὶτοῖς

163 1255 268 1286 πολλοῖς
279 1253 460 1280 λανθάνουσαν
473 1251 626 1287 οἰκονομίαν
640 1251 688 1286 τῆς
703 1249 834 1284 ὲνσάρκου
850 1257 947 1284 παρου-

162 1301 222 1332 σίας
235 1299 316 1327 αὑτοῦ
329 1296 379 1326 ὧδέ
391 1308 428 1334 πη
444 1296 636 1332 αίνιττόμενος.
652 1296 757 1330 Ὠσπερ
769 1295 796 1321 δὲ
812 1294 946 1330 μάχαιραν

162 1346 250 1380 ὀξεῖαν
264 1346 314 1381 τὴν
326 1344 449 1379 γλῶσσαν
462 1342 543 1370 αὑτοῦ
557 1341 710 1376 ὠνόμασεν,
723 1338 794 1367 οὕτω
808 1340 854 1367 καὶ
871 1340 946 1374 βέλος

164 1391 289 1420 ἐκλεκτόν
303 1399 368 1426 φησι
383 1388 518 1416 τεθεῖσθαι
533 1387 626 1414 ἑαυτὸν
643 1386 695 1412 ὑπὸ
715 1385 761 1412 τοῦ
776 1385 896 1422 Πατρός·
913 1383 946 1412 ἶν’

163 1439 206 1466 ἅτε
222 1437 351 1473 βούλοιτο,
367 1434 504 1470 τιτρώσκῃ
523 1433 585 1465 τοὺς
605 1432 696 1464 ἀξίους
714 1431 767 1458 τῶν
787 1431 868 1458 αὐτοῦ
884 1431 946 1457 κέν-

162 1493 246 1520 τρων·
263 1482 341 1510 ὁποία
356 1480 389 1518 ἦν
403 1483 419 1517 ἡ
431 1481 503 1516 ψυχὴ
516 1481 533 1515 ὴ
545 1479 670 1513 λέγουσα,
689 1488 697 1504 ι
716 1478 776 1505 Ὅτι
790 1477 946 1513 τετρωμένη

164 1530 272 1564 ἀγάπης
288 1528 351 1563 ἐγώ.
374 1537 383 1554 ›
404 1526 476 1562 Πλὴν
490 1525 557 1552 ἀλλὰ
570 1526 616 1551 καὶ
632 1524 711 1551 τοῦτο
729 1523 759 1550 τὸ
778 1523 853 1558 βέλος
865 1522 903 1554 ὡς
919 1523 947 1548 ὲν

164 1576 285 1611 φαρέτρα
300 1574 345 1600 καὶ
364 1573 434 1608 θήκῃ
452 1572 536 1607 βελῶν
553 1570 711 1606 ἀπέκρυψεν
725 1570 739 1596 ὁ
752 1569 817 1600 Θεὸς
831 1568 877 1595 καὶ
888 1568 946 1595 Πα-

163 1622 214 1657 τήρ
223 1630 229 1636 ⁸
241 1622 283 1647 ἵνα
300 1621 336 1655 μὴ
352 1620 451 1650 πάντες
465 1618 529 1644 αὐτὸ
541 1617 674 1652 θεωρῶσι,
692 1615 757 1651 μηδὲ
771 1615 909 1650 νομιῶσιν,
923 1615 947 1641 εί

165 1667 202 1703 μὴ
217 1667 290 1702 μόνοι
305 1666 329 1692 οἱ
346 1665 426 1698 ἄξιοι.
447 1663 628 1698 Καταλλῆλως
640 1662 668 1688 δὲ
682 1662 728 1688 ἐπὶ
739 1662 771 1696 τῇ
791 1660 837 1687 τοῦ
855 1661 947 1695 βέλους

163 1711 298 1747 ὲπηγορία
310 1710 347 1746 τῷ
363 1710 412 1744 τῆς
425 1709 562 1745 φαρέτρας
576 1707 685 1742 ὀνόματι
702 1706 842 1742 κέχρηται.
861 1706 946 1741 Φαρέ-

162 1765 229 1794 τραν
252 1756 279 1782 δὲ
300 1756 345 1782 καὶ
365 1755 511 1790 βελοθήκην
534 1754 583 1780 οὐκ
604 1753 636 1779 ἂν
663 1752 794 1787 ἁμάρτοις
815 1750 899 1778 είπὼν
916 1751 946 1777 τὸ

164 1802 275 1838 σαρκίον
289 1802 303 1827 ὃ
319 1801 459 1836 ἀνείληφεν
474 1801 487 1826 ὁ
504 1799 549 1826 τοῦ
569 1798 635 1825 Θεοῦ
650 1798 734 1831 Λόγος
748 1797 887 1831 ἐπιδημῶν
900 1797 947 1823 ἀν-

164 1848 294 1884 θρώποις.
307 1847 431 1873 Τοιοῦτον
443 1846 470 1872 δὲ
484 1844 735 1879 κατεσκευασμένον
751 1843 795 1869 τὸν
807 1842 893 1869 ταῦτα
907 1841 947 1868 λέ-

164 1902 249 1929 γοντα
265 1892 364 1928 Κύριον
377 1893 391 1918 ὁ
402 1892 466 1927 ἐμὸς
482 1891 547 1922 θεὸς
563 1890 609 1917 καὶ
627 1890 719 1925 Πατὴρ
735 1887 794 1916 εἶπέ
811 1897 865 1924 μοι·

201 2045 210 2060 ε
233 2035 330 2067 Δοῦλός
347 2044 396 2070 μου
413 2033 438 2062 εἷ
455 2035 497 2068 σὺ,
521 2035 638 2071 Ἰσραὴλ,
656 2035 702 2061 καὶ
717 2035 746 2062 ὲν
763 2035 803 2061 σοὶ
817 2034 946 2070 δοξασθή-

164 2090 255 2116 σομαι.
275 2091 285 2108 t
308 2082 415 2117 Ἐπειδὴ
431 2082 483 2118 γὰρ
501 2082 634 2117 προῆλῦες
650 2083 681 2108 ἐκ
707 2081 808 2113 κοιλίας
831 2081 944 2117 μητρὸς,

163 2128 209 2153 καὶ
229 2127 334 2162 γένεσιν
352 2128 500 2163 ὑπέμεινας
518 2128 567 2164 τὴν
589 2130 621 2154 ὲκ
645 2128 798 2164 σπέρματος
827 2127 944 2163 Ἰσραὴλ,

163 2174 212 2200 οὐκ
228 2174 256 2200 ὲν
279 2175 362 2210 ἑτέρῳ
383 2175 466 2209 γένει,
490 2175 549 2201 οὐδὲ
566 2176 594 2201 ὲν
610 2174 767 2209 ἀλλοφύλοις
789 2174 875 2201 ἔθνεσι
898 2174 945 2209 τὴν

164 2218 368 2255 ὲνανθρώπησιν
382 2221 514 2255 ἐποιήσω·
531 2220 586 2247 ἀλλ’
600 2221 628 2247 ὲν
642 2220 680 2256 τῷ
699 2220 805 2256 Ἰσραὴλ
819 2220 851 2246 ἐκ
864 2220 946 2255 σπέρ-

165 2273 247 2300 ματος
261 2263 341 2291 Δαυῒδ
355 2265 424 2292 κατὰ
442 2266 539 2301 σάρκα,
557 2267 603 2292 καὶ
618 2266 649 2292 ἐκ
663 2266 751 2300 φυλῆς
774 2265 858 2292 Ἰούδα
874 2266 947 2300 γενόη

165 2318 253 2345 μενος,
274 2311 386 2342 εἰκότως
408 2311 454 2338 καὶ
479 2311 559 2343 αὐτὸς
588 2311 694 2347 Ἰσραὴλ
716 2312 888 2348 χρηματίσας
912 2311 945 2337 ἂν

163 2356 209 2381 καὶ
222 2355 323 2387 δοῦλος,
336 2356 379 2382 διὰ
391 2356 420 2382 τὸ
436 2356 542 2392 μορφὴν
554 2356 646 2383 δούλου
661 2357 843 2392 ἀνειληφέναι,
857 2356 945 2383 καίτοι

165 2402 294 2437 μονογενῆ
306 2402 370 2428 ὄντα
380 2402 454 2428 Θεόν·
469 2402 534 2429 ἀλλὰ
549 2402 602 2438 γὰρ
613 2402 712 2437 ὁμοίως
725 2404 780 2434 τοῖς
793 2401 945 2437 ἔμπροσθεν

163 2448 210 2474 καὶ
232 2449 348 2475 ἐνταῦθα
373 2449 403 2476 τὸ
430 2449 480 2484 μὲν
506 2449 551 2476 τοῦ
575 2449 634 2475 υἱοῦ
657 2449 742 2484 ὄνομα
765 2449 944 2484 ἀποκρύπτει,

162 2494 253 2520 δοῦλον
265 2494 292 2520 δὲ
309 2495 443 2530 ὀνομάζει,
458 2496 507 2532 τὴν
521 2495 566 2522 τοῦ
585 2494 641 2521 υἱοῦ
658 2495 842 2530 προσηγορίαν
854 2495 886 2529 τῇ
898 2493 946 2519 αὺ-

163 2539 208 2566 τοῦ
233 2541 370 2575 παρουσίᾳ
395 2541 442 2567 καὶ
463 2542 494 2576 τῇ
518 2540 550 2567 δι’
573 2539 654 2566 αὑτοῦ
683 2540 764 2566 πᾶσιν
793 2539 945 2575 ἀνθρώποις

163 2584 382 2621 ἀνακαλυφθείσῃ
405 2586 493 2620 χάριτι
509 2585 713 2620 ταμιευόμενος.
735 2583 791 2611 Εἶθ’
815 2585 883 2620 ὅπερ
897 2584 942 2610 οὐ-

161 2627 216 2654 δίνὶ
228 2629 282 2654 τῶν
294 2629 402 2655 πώποτε
411 2629 509 2656 δούλων
521 2629 636 2665 ὑπῆρξε,
646 2629 725 2655 τοῦτο
737 2629 780 2655 διὰ
794 2628 851 2660 σοῦ,
865 2628 943 2664 φησὶ,

160 2675 313 2709 γενήσεται·
330 2675 358 2701 ὲν
375 2675 416 2701 σοὶ
434 2675 488 2710 γὰρ
502 2675 709 2710 δοξασθήσομαι.
728 2674 819 2701 Ταῦτα
836 2674 884 2709 μὲν
899 2671 945 2700 οὖν

160 2721 175 2746 ὁ
188 2720 254 2752 Θεὸς
269 2722 315 2747 καὶ
331 2721 438 2756 Πατήρ·
459 2721 514 2755 ἐγὼ
528 2720 556 2747 δὲ
578 2722 592 2748 ὁ
615 2721 701 2748 ταῦτα
724 2721 810 2755 λέγων
832 2721 943 2756 Κύριος,

161 2766 263 2792 τούτων
277 2767 395 2798 ἀκούσας
406 2767 459 2793 τῶν
474 2766 571 2801 λόγων,
586 2767 777 2803 ἀπεκρινάμην
789 2766 835 2793 καὶ
850 2764 926 2793 εἷπον
936 2775 942 2781 ·

162 2812 216 2839 Καὶ
231 2813 289 2844 πῶς
300 2812 451 2848 ὀοξαεθήσῃ
467 2813 495 2840 ὲν
517 2813 588 2848 ἐμοὶ,
603 2809 626 2839 ὦ
642 2813 749 2848 Πάτερί
764 2813 846 2840 ὁπότε
861 2812 944 2840 πολλὰ

197 2902 220 2918 ⁸⁸
237 2901 332 2930 Matth.
352 2910 378 2936 κ,
397 2902 441 2930 3i.
480 2903 504 2920 ⁸⁸
519 2902 597 2930 Cant.
613 2908 640 2934 tt,
656 2902 682 2930 5.

597 184 851 213 ΩΟΝΜΕΝΤΛΒΙᾹ
871 185 904 212 ΙΝ
924 185 1052 213 ISAIAM.
1073 200 1105 206 —-
1124 185 1201 213 CAP.
1222 184 1316 212 XLIX.

1721 182 1774 212 £30

959 247 983 273 Α
997 250 1057 270 esse
1075 247 1198 277 sperate:
1215 249 1279 269 nam
1306 241 1463 269 diuturnum
1491 240 1640 268 intercedet
1656 244 1772 275 tempus.

993 293 1137 323 antequatn
1160 295 1192 315 ea
1219 295 1280 323 qua:
1305 287 1331 315 in
1351 287 1491 323 prophetia
1509 286 1696 319 enuntiantur,
1711 295 1775 315 eve-

995 334 1079 361 niant.
1115 343 1124 359 ε
1148 334 1186 361 Ex
1215 339 1293 362 utero
1321 334 1416 361 matris
1445 341 1510 360 mea:
1540 333 1647 360 vocavit
1677 340 1774 360 nomen

994 388 1094 407 meum.
1109 389 1118 405 ι
1136 379 1163 406 Id
1184 380 1306 412 cdiscite,
1330 385 1436 415 gentes,
1453 384 1482 407 et
1494 387 1552 411 vos,
1572 379 1675 406 insulae.
1690 380 1775 412 Quid-

995 434 1055 453 nam
1073 427 1146 458 illud,
1167 426 1217 453 nisi
1232 426 1303 460 quod
1321 425 1449 452 Dominus
1471 426 1590 452 omnium
1610 426 1774 456 dominator.

995 472 1036 500 vel
1053 477 1196 507 antequam
1209 479 1259 507 ego
1277 472 1406 499 Dominus
1422 472 1454 498 ad
1471 471 1593 499 homines
1604 471 1774 502 accederem,

995 525 1022 546 et
1037 522 1098 547 dum
1116 519 1142 546 in
1161 524 1237 545 utero
1252 523 1384 553 gestarcr,
1415 525 1456 546 me
1475 518 1622 551 vocaVerit,
1654 518 1776 552 mihique

996 573 1093 592 nomen
1120 565 1269 591 indiderit?
1295 563 1362 597 Quia
1391 565 1618 599 quemadmodum
1646 565 1695 600 ipsi
1724 565 1775 592 soli

994 610 1050 645 jam
1069 615 1162 637 notum
1183 610 1247 637 illud
1269 615 1325 643 est;
1350 611 1389 638 sic
1405 615 1431 638 et
1457 611 1531 638 vobis
1558 611 1633 645 ipsis,
1649 612 1776 639 omnibus

998 663 1093 689 nempe
1104 656 1238 690 gentibus,
1254 663 1303 682 suo
1323 661 1442 690 tempore
1454 657 1626 684 manifestum
1640 657 1703 684 erit.

960 703 1025 729 πᾶσι
1040 704 1095 734 τοῖς
1107 702 1206 736 ἔθνεσι,
1220 702 1334 738 φανερὸν
1348 703 1502 739 γενήσεται.

1031 794 1113 822 Vsus.
1126 795 1154 822 2.
1179 804 1188 821 ι
1204 795 1236 822 Et
1251 795 1338 830 posuit
1360 803 1391 823 os
1414 802 1504 822 nteum
1524 799 1555 822 ut
1575 795 1693 830 gladium
1713 803 1777 823 acn—

998 846 1064 869 ttttu.
1076 850 1087 867 ι
1107 841 1158 868 Sed
1172 842 1251 868 etiam
1270 841 1340 868 idem
1356 841 1425 868 Deus
1450 845 1476 868 et
1490 841 1581 874 Pater,
1596 842 1647 869 mei
1667 842 1715 870 ista
1734 843 1776 870 lo-

997 887 1106 921 quentis
1121 887 1251 914 Dominus
1267 895 1298 914 os
1317 887 1407 922 posuit
1422 892 1450 914 ut
1463 887 1582 922 gladium
1609 893 1729 920 acutum,
1745 896 1777 915 ac

997 933 1069 960 tenui
1088 934 1120 960 ad
1133 933 1291 961 seissionem
1311 933 1378 964 acie,
1392 933 1425 960 ad
1442 933 1608 968 separandos
1627 938 1656 961 et
1679 942 1776 969 seque-

996 980 1122 1007 strandos
1134 986 1193 1013 eos,
1220 979 1265 1014 qui
1289 977 1345 1006 Deo
1367 979 1441 1015 digni
1459 984 1532 1014 Sunt,
1547 980 1641 1012 abiis,
1656 981 1701 1014 qui
1721 988 1776 1007 non

995 1025 1054 1060 pari
1071 1025 1151 1052 modo
1169 1033 1198 1052 se
1212 1024 1325 1052 habent.
1344 1026 1420 1058 Quod
1434 1025 1516 1052 etiam
1542 1026 1598 1060 ipse
1613 1026 1639 1053 in
1653 1026 1775 1062 Evange-

996 1071 1039 1098 liis
1052 1070 1249 1098 testiﬁcahatur
1262 1071 1354 1098 dicens
1372 1081 1379 1098 :
1397 1079 1406 1096 ε
1417 1071 1505 1098 Nolite
1520 1076 1632 1106 putare.
1646 1072 1775 1107 quoniam

996 1118 1118 1144 venerim
1133 1125 1226 1152 pacem
1243 1117 1351 1145 mittere
1368 1125 1449 1152 super
1464 1122 1565 1144 terram
1588 1118 1622 1151 ⁸⁸,
1641 1127 1650 1143 ι
1673 1123 1700 1145 et
1721 1126 1775 1145 eae-

997 1168 1065 1191 tera.
1088 1173 1098 1190 ι
1115 1162 1150 1191 Ει
1174 1164 1224 1191 sub
1249 1168 1404 1198 legumento
1433 1171 1529 1191 manus
1555 1171 1610 1191 suae
1634 1163 1777 1192 abscondit

997 1218 1055 1237 me:
1072 1210 1162 1244 posuit
1176 1217 1217 1236 me
1230 1210 1307 1244 quasi
1322 1210 1448 1245 sagittam
1465 1210 1591 1241 electam,
1613 1214 1640 1237 et
1663 1211 1688 1237 in
1704 1211 1774 1246 plta-

997 1260 1068 1282 retra
1085 1263 1132 1282 sua
1153 1255 1297 1282 abscondit
1321 1263 1374 1283 me.
1390 1265 1401 1282 ι
1417 1255 1556 1283 Occultam
1570 1264 1602 1282 ac
1618 1256 1709 1284 nntltis
1729 1257 1778 1284 ho-

997 1300 1257 1327 minibuslatentem
1272 1301 1451 1328 mcooomiam
1471 1302 1513 1328 sui
1531 1302 1558 1328 in
1579 1310 1662 1329 carne
1677 1303 1777 1330 adven-

998 1349 1039 1372 tus
1055 1345 1096 1372 his
1110 1345 1273 1373 subindicat.
1289 1346 1366 1374 Sicut
1379 1351 1467 1374 autem
1483 1347 1601 1382 linguam
1626 1356 1704 1376 suam
1718 1349 1777 1385 gla-

997 1391 1069 1418 dium
1095 1397 1205 1419 acutum
1232 1393 1349 1426 vocavit,
1372 1393 1408 1420 ita
1430 1398 1457 1420 et
1483 1401 1512 1420 se
1528 1401 1542 1420 a
1559 1393 1637 1421 Patre
1652 1395 1776 1430 sagittam

997 1437 1110 1464 electam
1126 1438 1241 1472 positum
1263 1437 1346 1466 fuisse
1364 1444 1495 1472 testatur;
1516 1444 1545 1466 ut
1563 1433 1667 1474 quoties
1685 1441 1778 1473 vellet,

997 1483 1091 1510 feriret
1113 1491 1171 1516 eos,
1194 1484 1238 1518 qui
1265 1483 1418 1518 hujusmodi
1440 1485 1544 1520 spiculo
1566 1486 1639 1520 digni
1658 1492 1776 1515 essent:

997 1529 1083 1564 qualis
1097 1534 1157 1556 erat
1171 1530 1261 1557 anima
1276 1530 1331 1562 illa,
1343 1538 1404 1565 quae.
1424 1531 1541 1563 dicebat,
1567 1541 1576 1557 ι
1596 1531 1663 1565 Quia
1684 1533 1779 1559 vulne-

999 1581 1054 1603 rata
1069 1583 1160 1603 amore
1172 1583 1222 1611 ego
1239 1576 1272 1603 ".
1290 1585 1299 1601 ›
1313 1576 1446 1604 Caeterum
1461 1576 1531 1604 hanc
1543 1578 1680 1612 sagittam,
1699 1579 1775 1613 quasi

1000 1622 1027 1649 in
1044 1623 1170 1657 pharetra
1185 1626 1213 1649 et
1228 1622 1388 1657 sagittarum
1406 1624 1483 1650 theca
1506 1622 1577 1651 Deus
1595 1623 1675 1652 Pater
1697 1632 1777 1660 repo-

999 1669 1068 1700 suit;
1086 1676 1120 1695 oe
1130 1668 1202 1695 illam
1217 1676 1312 1696 omnes
1324 1669 1448 1697 viderent
1460 1677 1492 1697 ac
1504 1669 1640 1697 aestimare
1655 1675 1777 1706 possent,

999 1714 1087 1750 dignis
1105 1719 1210 1741 tantum
1224 1715 1356 1750 exceptis.
1369 1715 1558 1743 Consentanee
1571 1720 1661 1743 autem
1678 1717 1711 1743 ad
1734 1724 1778 1742 sa-

999 1760 1072 1795 gitta:
1092 1760 1264 1792 vocabulum,
1282 1761 1416 1794 pharetrae
1431 1762 1540 1789 nomine
1555 1769 1619 1790 usus
1637 1767 1687 1789 est.
1707 1763 1778 1790 I'ha-

999 1809 1099 1832 retram
1113 1813 1176 1832 vero
1191 1811 1218 1833 et
1234 1806 1392 1841 sagittarum
1405 1807 1513 1835 thecam
1530 1808 1685 1843 neutiquam
1699 1810 1779 1836 aber-

999 1858 1054 1884 res,
1067 1851 1089 1878 si
1106 1852 1180 1879 dicas
1192 1859 1253 1879 esse
1264 1860 1387 1885 carnem,
1404 1861 1484 1888 quam
1510 1853 1555 1881 Dei
1575 1854 1689 1882 Verbum
1708 1856 1776 1890 apud

999 1897 1121 1924 homines
1132 1899 1306 1932 peregrinans
1315 1899 1469 1933 assumpsit.
1484 1899 1532 1927 His
1548 1900 1634 1926 modis
1643 1900 1777 1928 instrttcto

998 1944 1075 1977 mihi,
1090 1944 1134 1978 qui
1153 1945 1209 1971 haec
1222 1945 1328 1979 loquor,
1340 1945 1461 1977 Domino,
1473 1944 1543 1973 Deus
1552 1949 1579 1973 et
1588 1945 1669 1973 Pater
1685 1946 1753 1973 dixit
1767 1954 1776 1976 :

1035 2037 1115 2065 Vens.
1132 2037 1158 2064 3.
1177 2046 1185 2062 ε
1198 2036 1297 2065 Servus
1307 2044 1387 2065 meus
1400 2045 1429 2065 es
1440 2041 1479 2071 tu,
1497 2036 1588 2070 Israel,
1601 2041 1627 2065 et
1639 2037 1666 2065 in
1682 2041 1707 2065 te
1720 2037 1780 2073 glo-

999 2082 1098 2109 riabor.
1113 2091 1123 2108 )
1144 2082 1211 2115 Quia
1235 2083 1307 2109 enim
1330 2090 1362 2109 ex
1394 2088 1471 2110 utero
1489 2084 1584 2110 matris
1600 2084 1736 2118 prodiisti,
1750 2089 1779 2112 et

998 2133 1087 2155 ortum
1104 2135 1137 2154 ex
1151 2129 1254 2155 semine
1271 2128 1354 2155 Israel
1371 2128 1470 2161 tulisti;
1483 2136 1535 2156 non
1553 2129 1607 2156 alio
1623 2129 1649 2156 in
1666 2138 1778 2165 genere.

999 2182 1086 2209 neque
1101 2174 1127 2201 in
1145 2174 1305 2208 alienigenis
1322 2173 1459 2208 gentibus,
1486 2174 1703 2203 incarnationem
1718 2176 1778 2203 edi-

999 2219 1078 2252 disti;
1104 2219 1151 2246 sed
1178 2219 1204 2246 in
1221 2219 1303 2247 Israel
1318 2228 1350 2247 ex
1366 2221 1469 2248 semine
1494 2220 1591 2252 David.
1608 2226 1635 2248 et
1649 2228 1683 2248 ex
1706 2221 1777 2248 tribu

997 2263 1064 2291 Juda
1079 2266 1225 2292 secundum
1243 2273 1353 2293 carnem
1369 2272 1457 2297 ortus,
1471 2266 1533 2300 jure
1554 2271 1582 2293 et
1598 2266 1655 2300 ipse
1672 2274 1779 2301 quoque

1000 2310 1081 2337 Israel
1096 2301 1213 2343 vocaris,
1235 2316 1263 2338 et
1281 2319 1387 2344 servus,
1404 2312 1466 2346 quia
1487 2311 1559 2338 servi
1573 2311 1686 2338 formam
1701 2319 1779 2339 acre-

997 2356 1071 2390 pisti,
1086 2356 1137 2384 etsi
1153 2357 1308 2391 unigenitus
1321 2357 1358 2383 sis
1374 2357 1455 2385 Deus.
1467 2357 1502 2383 At
1518 2357 1572 2390 hic,
1591 2357 1659 2384 utin
1677 2365 1780 2392 praece-

999 2402 1136 2434 dentibus,
1152 2402 1200 2429 ﬁlii
1218 2403 1326 2437 quidem
1340 2410 1437 2430 nomen
1452 2407 1533 2434 tacet,
1549 2409 1714 2437 servumque
1731 2411 1781 2430 vo-

998 2453 1059 2481 cat,
1072 2447 1121 2474 tilii
1139 2455 1236 2475 nomen
1248 2448 1376 2475 adventui
1392 2455 1442 2475 suo
1465 2452 1492 2474 et
1512 2447 1605 2481 gratiae
1623 2455 1670 2481 per
1690 2448 1778 2482 ipsum

1000 2493 1158 2521 hominibus
1180 2494 1306 2522 Omnibus
1326 2493 1464 2526 revelatus,
1494 2500 1645 2520 reservans.
1664 2493 1780 2525 Deinde.

998 2539 1070 2574 quod
1090 2539 1192 2566 utemini
1215 2547 1333 2574 unquam
1357 2546 1497 2566 servorum
1513 2546 1672 2567 concessum
1687 2544 1739 2570 est,
1752 2539 1779 2565 id

998 2592 1047 2619 per
1066 2590 1102 2616 te,
1127 2585 1227 2619 inquit,
1254 2589 1416 2620 peragetur:
1443 2591 1505 2611 nam
1527 2584 1554 2611 in
1580 2589 1607 2611 te
1627 2584 1777 2619 gloriabor.

997 2630 1061 2658 Haec
1078 2631 1187 2664 quidem
1208 2631 1279 2658 Deus
1302 2636 1330 2658 et
1349 2630 1440 2658 Pater.
1467 2630 1522 2666 Ego
1545 2638 1622 2663 vero,
1647 2630 1692 2665 qui
1721 2629 1780 2657 Itan:

998 2676 1070 2709 dico,
1085 2676 1225 2708 Dominus,
1243 2676 1284 2703 his
1298 2675 1398 2703 auditis
1416 2677 1516 2708 verbis,
1534 2676 1570 2703 ita
1588 2675 1730 2710 respondi:
1747 2676 1779 2703 Et

997 2722 1132 2756 quomodo
1146 2721 1171 2748 in
1188 2729 1232 2749 tne
1244 2721 1416 2756 gloriaberis,
1443 2728 1458 2749 o
1480 2721 1578 2748 Pater!
1604 2729 1666 2748 eum
1687 2722 1779 2748 multis

997 2767 1134 2795 laboribus
1149 2767 1340 2802 doloribusque
1352 2775 1400 2803 pro
1413 2767 1500 2796 salute
1516 2767 1654 2795 hominum
1670 2768 1779 2803 pet-lum

997 2818 1066 2847 ctus,
1084 2814 1150 2842 nihil
1164 2813 1344 2849 perfecerim‘!
1358 2813 1432 2841 multi
1451 2820 1569 2850 namque
1582 2821 1614 2842 ex
1630 2805 1682 2842 illis
1697 2813 1723 2842 iu
1735 2813 1779 2842 in—

963 2277 982 2304 D
