2061 3215
175 204 229 232 453

619 201 874 229 ΕΟΜΜΕΝΤΜΠΑ
892 200 928 228 1N
947 199 1073 228 ιδΑιΑΜ.
1093 213 1128 220 ——~
1145 197 1221 226 CAP.
1240 196 1335 225 XLIX.

1739 197 1791 225 ιδι

175 260 304 298 σταυροῦ,
318 261 427 288 τοσοῦτο
443 261 520 296 ὑμεῖς
531 260 610 287 αὑτὸν
624 260 773 294 δοξάζεται
785 261 837 288 Τὸν
851 260 958 296 βδελυσ-

1011 263 1062 286 tem
1076 257 1181 288 crucis.
1198 260 1273 283 tanto
1287 254 1373 289 magis
1394 261 1443 281 vos
1462 254 1547 290 ipsum
1560 254 1702 282 celebrate.
1719 263 1728 280 ι
1740 255 1791 288 Qui

175 308 286 342 σόμενον
306 307 358 334 ὑπὸ
373 305 524 333 τὼν”έθνῶν
534 327 541 339 ,
557 306 611 333 τῶν
626 307 725 334 δούλων
741 306 795 333 τῶν
812 307 956 342 ἀρχόντων.

175 354 298 385 Βασιλεῖς
319 352 427 387 ὄψονται
452 353 550 384 αὐτὸν,
578 353 625 379 καὶ
644 353 841 389 ἀναστήσονται
864 353 960 388 ἄρχον-

175 409 231 432 τες.
252 400 297 426 καὶ
316 393 554 436 προσκυνήσουσιν’
568 398 652 434 αὐτῷ,
673 399 764 425 ἕνεκεν
780 400 898 435 Κυρίου·
918 398 959 424 ὅτι

176 446 269 477 πιστός
278 446 350 472 ἐστιν
365 446 378 472 6
388 445 480 480 ’Ἄγιος
502 445 619 481 Ἰσραὴλ,
635 445 681 471 κα)¹
689 444 852 480 ἐξελεξάμην
865 452 893 470 σε
905 443 959 470 τῶν

175 491 276 519 δούλων
289 490 343 518 τῶν
357 491 502 527 ἀρχόντων·
522 500 531 516 ι
549 490 620 525 λέγω
640 490 672 526 δὴ
692 491 748 522 τοῖς
762 491 888 526 πονηροῖς
903 489 960 516 δαί-

178 545 273 573 μοσιν,
293 537 318 564 οἰ
345 536 400 572 γὰρ
419 536 459 563 ἔτι
489 536 594 568 τούτοις
623 535 883 571 καταδεδουλωμένοι
915 534 959 561 τὸν

175 583 291 619 Χριστὸν
306 582 353 609 τοῦ
368 582 436 609 Θεοῦ
461 582 692 618 βλασφημοῦνται.
717 581 907 608 Βδελύσσονται
930 581 958 607 δὲ

176 629 303 665 σύροντες
326 629 374 656 καὶ
397 628 590 663 χλευάζοντες,
608 628 655 655 καὶ
676 627 848 663 φαυλίζοντες
877 627 958 654 αὑτοῦ

175 674 222 701 τὸν
247 674 369 701 θάνατον.
394 673 473 700 Ἀλλά
502 674 555 709 γὰρ
580 673 658 708 ὑμεῖς
682 671 722 705 οἷς
749 673 850 708 ὁλόγος
877 681 960 708 προσ-

176 722 274 756 φωνεῖ,
295 721 388 748 τοῦτον
405 720 486 747 αὑτὸν
506 720 636 754 ἁγιάσατε
653 718 818 752 δοξάζοντες,
838 719 898 745 ἐπεὶ
913 719 959 746 καὶ

176 775 188 793 ί
209 768 262 793 πᾶν
276 767 340 800 γόνυ
357 766 460 802 κάμψει
476 765 548 801 αύτῷ
569 764 736 801 ἐπουρανίων
749 765 797 792 καὶ
813 765 957 798 ἐπιγείων,

175 813 222 840 καὶ
238 812 431 848 καταχθονίων,
447 812 493 839 καὶ
509 813 582 838 πᾶσα
601 812 711 846 γλῶσσα
724 811 958 847 ἐξομολογήσεται,

173 859 215 886 ἂτι
227 858 327 894 Κύριος
344 857 448 894 Ἰησοῦς
458 859 574 894 Χριστὸς
587 859 626 889 εἰς
638 858 715 891 δόξαν
730 857 797 884 Θεοῦ
810 854 928 893 Πατρὺς,
947 868 956 884 ι

173 905 238 932 ὃταν
257 904 321 940 ἑλϐῃ
344 905 371 930 ὲν
389 905 422 940 τῇ
445 904 508 940 δόξᾳ
528 904 575 931 τοῦ
592 904 698 940 Πατρδς
712 904 792 931 αὑτοῦ
819 904 888 939 μετὰ
905 903 959 931 τῶν

174 949 297 985 ἀγγέλων
314 949 407 983 αὐτοῦ,
424 950 470 976 καὶ
488 950 586 985 καθίσῃ
608 950 654 977 ἐπὶ
671 950 765 985 θρόνου
779 949 857 985 δόξης
875 950 957 977 αὑτοῦ

173 995 274 1030 κρίνων
285 995 388 1028 ζῶντας
401 996 447 1022 καὶ
457 995 569 1031 νεκρούς
577 1004 584 1010 ·
596 995 655 1022 τότε
667 996 719 1032 γὰρ
731 995 830 1028 πάντες
842 1004 958 1031 προσκυ-

173 1041 300 1076 νήσουσιν
313 1041 386 1077 αὐτῷ
404 1042 496 1068 ἕνεκεν
508 1042 610 1078 Κυρίου
625 1041 672 1069 τοῦ
689 1042 794 1077 Πατρὸς
811 1041 903 1073 αὑτοῦ,
919 1042 959 1068 ὅτι

173 1087 269 1118 πιστός
285 1087 357 1113 ἐστιν
373 1087 387 1113 6
398 1087 492 1121 ’Ἀγιος
505 1087 619 1122 ’Ἰσραὴλ
638 1088 652 1114 6
673 1086 849 1122 ἐκλεξάμενος
867 1087 957 1114 αὐτόν.

181 1132 253 1158 ’Δντὶ
266 1131 294 1159 δὲ
310 1132 368 1164 τοῦ,
388 1142 397 1158 ι
421 1133 474 1159 Καὶ
490 1132 653 1168 ἐξελεξάμην
672 1142 746 1166 es")
766 1134 780 1160 6
801 1133 957 1168 Σύμμαχος,

176 1187 186 1203 ι
211 1176 364 1211 Ἐξελέξατό
378 1187 417 1210 σε,
434 1188 443 1204 ι
457 1179 560 1214 εἴρηκε.
575 1179 667 1206 Ταῦτα
683 1179 732 1214 μὲν
744 1177 790 1206 οὖν
801 1180 858 1210 τοῖς
871 1179 959 1205 ἔθνεσι

174 1225 372 1260 παραδέδοται·
389 1224 423 1251 τὰ
451 1225 479 1251 δὲ
498 1225 676 1260 ἐπιλεγόμενα
703 1226 743 1257 είς
773 1224 854 1253 αὑτοῦ
877 1225 960 1260 πρόσ-

172 1279 247 1298 ωπον
259 1270 306 1297 τοῦ
319 1271 445 1306 Σωτῆρος
459 1271 622 1302 θεσπίζεται·
637 1268 658 1305 ᾧ
668 1271 714 1298 καί
731 1280 795 1307 φησι
810 1271 840 1298 τὸ
849 1271 959 1306 Πνεῦμα

173 1316 204 1343 τὸ
221 1317 388 1352 προφητικὸν
407 1318 439 1343 ὲκ
459 1317 601 1353 προσώπου
617 1318 663 1344 τοῦ
683 1319 807 1354 Πατρός·
830 1328 839 1344 ι
863 1318 960 1354 Καιρῷ

174 1360 261 1396 δεκτῷ
282 1362 422 1397 ἐπήκουσά
444 1371 507 1394 σου,
525 1363 571 1389 καὶ
587 1363 614 1388 ἐν
631 1363 722 1399 ἡμέρᾳ.
744 1364 879 1399 σωτηρίας
902 1364 960 1391 €60-

175 1407 266 1443 ήθησά
285 1416 335 1434 σοι.
361 1417 370 1433 ι
398 1408 504 1443 Σφόδρα
533 1408 561 1435 δὲ
595 1408 756 1443 θαυμαστῶς
783 1409 891 1445 εἴρηται
918 1411 959 1442 τὸ,

178 1463 187 1479 ι
211 1453 306 1490 Καιρῷ
324 1454 409 1489 δεκτῷ
426 1454 565 1490 ἐπήκουσά
581 1463 644 1481 σου·
668 1465 676 1480 ι
693 1453 768 1487 οὗτος
787 1456 815 1482 δὲ
832 1454 866 1491 ἦν
880 1457 894 1482 6
910 1456 961 1491 τῆς

175 1499 349 1530 ἀναστάσεως
359 1499 441 1526 αὑτοῦ
457 1500 560 1536 χρόνος.
577 1501 655 1527 Κατὰ
670 1501 717 1535 μὲν
731 1500 784 1536 γὰρ
803 1501 847 1527 τὸν
867 1502 960 1538 καιρὸν

175 1543 222 1570 τοῦ
251 1544 353 1576 πάθους
376 1545 523 1581 ἀνεϐόησεν
551 1547 565 1572 6
588 1546 684 1582 Σωτὴρ
708 1546 808 1573 εἰπών·
837 1557 845 1572 ι
876 1548 958 1580 Ἠλεὶ,

182 1590 272 1618 Ἠλεὶ·
293 1590 360 1626 λιμὰ
380 1591 559 1627 σαϐαχθανείτ
590 1602 599 1618 ι
622 1593 754 1625 τουτέστι,
783 1602 793 1619 t
821 1594 871 1620 Θεέ
897 1603 958 1630 μου,
973 1611 994 1640 c

174 1635 224 1662 θεέ
244 1645 305 1672 μου,
321 1637 364 1663 ἵνα
382 1637 409 1663 τί
426 1647 458 1673 με
475 1639 668 1672 ὲγκατέλιπες;
685 1649 694 1665 ι
722 1639 802 1666 Ἀλλὰ
818 1641 864 1667 καὶ
877 1649 960 1676 προσ-

174 1681 282 1717 εύχεται
307 1682 410 1717 λέγων·
442 1693 451 1709 ε
483 1684 583 1721 Πάτερ,
604 1687 627 1711 ει
655 1685 782 1718 δυνατὸν,
803 1686 960 1722 παρελθέτω

174 1727 221 1754 ἀπ’
235 1727 303 1760 ἐμοῦ
324 1728 355 1754 τὸ
374 1729 504 1764 ποτήριον
523 1730 617 1756 τοῦτο·
641 1740 650 1756 ι
666 1729 715 1757 εἶθ’
735 1731 772 1763 ὡς
796 1731 959 1758 ἀνανεύοντα

173 1771 219 1798 τὸν
241 1773 351 1808 Πατέρα
371 1773 455 1808 ἐώρα,
472 1775 612 1810 ἐπήγαγε·
631 1786 640 1801 ‹
657 1776 757 1812 Πάτερ,
777 1777 801 1803 εἰ
823 1777 858 1813 μὴ
881 1777 960 1804 δυνα-

172 1817 219 1844 τὸν
231 1818 375 1853 παρελθεῖν
388 1820 463 1852 αὐτὸ,
477 1821 617 1856 γενηθήτω
628 1821 657 1848 τὸ
670 1815 775 1858 θ’έλημά
787 1831 844 1850 σου.
863 1833 872 1848 ι
886 1823 957 1849 Ταύ-

173 1871 224 1899 την
242 1862 288 1890 οὗν
306 1864 354 1901 τὴν
370 1866 451 1902 εὐχὴν
475 1867 515 1898 είς
535 1867 630 1903 καιρὸν
656 1868 798 1904 δεχόμενος
818 1870 832 1895 6
850 1869 955 1905 Πατήρ,

175 1910 246 1945 μετὰ
264 1910 294 1937 τὺ
305 1911 389 1943 πάθος
406 1912 450 1939 καὶ
471 1913 538 1948 μετὰ
557 1913 606 1948 τὴν
622 1914 661 1945 είς
673 1914 745 1950 ᾅδου.
754 1915 876 1948 κάθοδον,
897 1922 958 1941 και-

174 1956 221 1993 ρὺν
240 1956 290 1991 τῆς
307 1957 478 1990 ἀναστάσεως
495 1959 577 1986 αὐτοῦ
596 1960 703 1992 δεικνύς
732 1969 799 1996 φησι
819 1961 887 1996 πρὸς
910 1962 958 1988 αὑ-

171 2002 228 2028 τόν·
252 2011 261 2027 ε
280 2003 375 2040 Καιρῷ
398 2004 483 2040 δεκτῷ
499 2005 638 2041 ἐπήκουσά
658 2015 715 2039 σου,
735 2016 744 2032 ι
766 2007 813 2034 καὶ
832 2007 867 2034 τὰ
882 2007 956 2042 ἑξῆς.

175 2056 184 2073 ι
196 2048 250 2075 Καὶ
266 2048 371 2076 ἔπλασά
388 2058 428 2082 σε,
447 2051 492 2077 καὶ
508 2051 595 2078 ἔδωκά
613 2061 641 2078 σε
659 2053 698 2084 εἰς
711 2053 843 2088 διαθήκην
859 2052 954 2085 ἐθνῶν,

171 2094 218 2120 τοῦ
239 2096 407 2131 καταστῆσαι
424 2096 473 2132 τὴν
494 2097 555 2133 γῆν,
574 2098 620 2124 καὶ
639 2098 838 2134 κληρονομῆσαι
857 2098 957 2134 κληροα

171 2141 268 2176 νομῐας
286 2141 415 2177 ἐρήμους.
442 2153 450 2168 ι
471 2143 598 2171 Τοιαῦται
612 2145 640 2170 δὲ
656 2142 725 2180 ἦσαν
745 2145 773 2171 αἱ
795 2145 848 2170 τῶν
871 2144 958 2172 ἀθέων

1009 309 1051 331 est
1076 302 1267 332 abominationi
1291 301 1432 336 gentibus,
1463 301 1549 328 servis
1562 300 1722 335 principum.
1740 299 1795 328 Be‘

1009 358 1056 385 ges
1088 349 1216 377 videbunt
1240 355 1320 380 eum,
1347 351 1375 373 et
1399 351 1560 381 conSurgent
1586 346 1746 381 principes:
1765 351 1794 374 et

1009 397 1158 423 adorabunt
1188 401 1248 422 eum
1272 398 1381 428 propter
1406 392 1561 424 Dominum,
1576 392 1636 426 quia
1656 391 1741 419 ﬁdelis
1753 397 1794 419 est

1011 441 1127 469 Sanctus
1148 439 1240 471 lsraeL
1253 444 1280 466 et
1296 438 1363 474 elegi
1385 442 1410 465 te
1427 445 1440 464 a
1456 437 1541 465 servis
1555 437 1723 472 principum;
1740 445 1749 462 ι
1767 437 1794 464 id

1009 491 1064 519 est,
1083 485 1260 520 malignorum
1277 483 1427 511 daemonum
1443 491 1451 510 :
1476 490 1538 510 nam
1551 482 1568 509 ii
1584 482 1630 518 qui
1642 482 1676 509 ab
1689 481 1754 516 ipsis
1766 481 1793 508 in

1008 532 1167 560 servitutem
1184 529 1283 558 redacti
1295 532 1369 561 sunt.
1382 529 1408 556 in
1420 529 1557 556 Christum
1574 529 1619 556 Dei
1638 528 1792 562 blasphema

1010 578 1080 606 dicta
1093 576 1244 613 proferunt.
1257 575 1345 610 Ipsum
1368 579 1456 602 autem
1476 574 1668 602 abominationi
1683 574 1792 606 habent,

1010 623 1194 653 traducentes.
1222 620 1367 648 irridentes
1393 627 1425 647 ac
1448 619 1648 654 vilipendentes
1676 625 1792 648 mortem

1009 668 1076 702 ejus.
1090 668 1124 694 At
1138 675 1198 700 vos,
1213 674 1282 701 quos
1298 673 1387 694 sermo
1403 666 1555 700 compellat,
1568 666 1691 693 eumdem
1705 666 1792 701 ipsum

1009 714 1177 742 sanctiﬁcate
1201 717 1228 741 et
1245 713 1330 748 gloria
1344 711 1452 745 atlicite,
1474 712 1599 746 quoniam
1614 712 1664 746 ipsi
1690 721 1700 738 ι
1714 720 1793 740 omne

1010 768 1080 795 genu
1104 760 1228 787 ﬂectetur
1249 758 1418 790 caelestium,
1440 758 1610 786 terrestrium
1630 763 1656 786 et
1672 758 1788 786 inferno-

1010 814 1069 833 rum
1085 826 1092 839 ,
1106 810 1134 833 et
1146 804 1233 833 omnis
1254 804 1343 839 lingua
1367 804 1539 831 conﬁtebitur
1568 804 1630 839 quia
1666 805 1794 833 Dominus

1009 851 1087 880 Jesus
1102 851 1226 879 Christus
1242 851 1268 878 iu
1287 851 1371 886 gloria
1388 855 1430 878 est
1444 850 1489 878 Dei
1508 850 1596 878 Patris
1610 850 1644 883 ⁸³,
1662 859 1671 876 ι
1688 852 1795 886 quando

1010 899 1099 926 veniet
1109 899 1134 925 in
1148 897 1233 933 gloria
1247 897 1339 924 Patris
1347 896 1388 924 sui
1400 904 1462 924 cum
1475 896 1579 931 angelis
1591 895 1662 931 ejus,
1677 901 1703 924 et
1717 897 1794 924 sede-

975 939 995 968 B
1010 945 1049 971 bit
1060 944 1085 971 in
1103 945 1202 972 throno
1214 944 1307 979 gloriae
1322 943 1380 977 ejus
1393 942 1516 978 judicans
1528 943 1603 970 vivos
1617 947 1645 970 et
1661 948 1791 970 mortuos.

1009 989 1085 1017 Tunc
1099 990 1169 1016 enim
1186 997 1281 1017 omnes
1302 989 1390 1024 ipsum
1404 989 1568 1022 adorabunt,
1581 993 1691 1024 propter
1704 989 1795 1016 Donni-

1010 1044 1072 1063 num
1098 1035 1205 1063 Patrem
1220 1035 1278 1070 ejus
1289 1055 1297 1068 ,
1315 1035 1377 1069 quia
1391 1035 1478 1063 ﬁdelis
1489 1041 1529 1063 est
1554 1036 1670 1063 Sanctus
1699 1035 1792 1069 Israel,

1009 1082 1054 1117 qui
1067 1082 1147 1117 elegit
1161 1090 1233 1109 eum.
1251 1081 1303 1109 Pro
1316 1081 1362 1108 illo
1378 1086 1494 1114 autenm
1511 1081 1543 1108 Et
1553 1081 1622 1116 elegi
1637 1085 1673 1115 te,
1689 1090 1698 1107 ι
1716 1080 1794 1116 Sym~

1010 1129 1122 1156 machus
1138 1128 1230 1162 habet,
1251 1137 1260 1154 ι
1274 1127 1362 1162 Elegit
1375 1131 1411 1155 te.
1431 1137 1440 1153 ›
1472 1127 1535 1155 llaec
1559 1127 1650 1162 itaque
1669 1127 1795 1163 gentibus

1010 1175 1109 1202 tradita
1135 1179 1217 1207 sunt;
1237 1181 1296 1209 qua:
1319 1181 1389 1201 vero
1412 1172 1604 1207 subjiciuntur,
1627 1173 1660 1199 de
1680 1180 1794 1207 persona

1010 1221 1162 1248 Salvatoris
1189 1220 1407 1256 praenuntiantur
1422 1227 1428 1245 :
1445 1218 1487 1245 cui
1509 1218 1591 1245 etiam
1618 1218 1795 1252 propheticus

1011 1268 1128 1302 Spiritus
1146 1275 1179 1294 ex
1195 1274 1309 1301 persona
1327 1265 1417 1292 Patris
1434 1265 1481 1298 ait,
1514 1273 1523 1290 ‹
1535 1263 1667 1298 Tempore
1683 1268 1795 1298 accepto

1010 1314 1183 1343 cxaudivite,
1213 1313 1283 1340 etin
1303 1311 1346 1339 die
1371 1310 1468 1338 salutis
1491 1310 1580 1344 adjuvi
1613 1314 1671 1337 te.»
1698 1309 1794 1337 Mirum

1010 1366 1100 1387 autem
1117 1361 1142 1386 in
1158 1360 1265 1386 modum
1282 1359 1394 1390 dicitur,
1416 1367 1425 1383 ι
1442 1357 1575 1391 Tempore
1586 1361 1697 1392 accepto
1712 1364 1796 1384 exau-

1011 1406 1063 1433 divi
1085 1411 1128 1438 te;
1144 1415 1153 1432 ι
1180 1405 1244 1432 illud
1264 1411 1346 1439 porro
1372 1408 1432 1432 erat
1458 1409 1563 1438 tempus
1588 1402 1797 1430 resurrectionis

1010 1452 1078 1487 ejus.
1105 1451 1171 1478 Nam
1198 1450 1334 1486 passionis
1364 1454 1486 1484 tempore
1509 1449 1636 1477 clamavit
1665 1448 1794 1476 Servator

1011 1499 1053 1526 itis
1074 1499 1162 1526 verbis
1177 1507 1184 1526 :
1200 1507 1210 1524 ι
1223 1498 1273 1531 Eli,
1290 1497 1350 1530 Eli,
1373 1498 1435 1525 lima
1454 1497 1651 1525 sabacbthani?
1668 1506 1678 1523 ι
1692 1497 1717 1524 id
1735 1503 1776 1524 est
1786 1517 1808 1531 ,ι

1013 1545 1105 1572 «Deus
1131 1552 1220 1577 meus,
1250 1545 1320 1572 Deus
1354 1551 1444 1575 meus,
1475 1548 1504 1570 ut
1531 1543 1596 1577 quid
1629 1542 1807 1577 dereliquisti

1012 1599 1056 1618 me
1077 1592 1141 1618 °°?i
1167 1591 1319 1624 Quinetiam
1337 1595 1463 1625 precatur
1478 1589 1521 1616 his
1542 1588 1630 1615 verbis
1651 1597 1658 1615 :
1682 1588 1809 1620 iPatcr,”

1011 1637 1033 1664 si
1059 1637 1186 1672 possibile
1211 1641 1262 1670 est,
1294 1640 1417 1663 transeat
1445 1643 1459 1662 a
1485 1643 1527 1662 n-e
1554 1634 1627 1662 calix-
1646 1634 1697 1661 iste
1718 1635 1759 1666 ’l;
1782 1644 1791 1660 ι

1011 1683 1107 1712 deinde
1122 1687 1150 1710 ut
1165 1683 1330 1710 abnuentem
1350 1682 1457 1709 Patrem
1474 1682 1551 1714 vidit,
1569 1682 1606 1708 ait
1620 1690 1627 1708 :
1641 1690 1650 1706 ‹
1670 1681 1758 1712 Pater.
1773 1682 1799 1708 si

1011 1738 1064 1758 non
1082 1735 1169 1765 potest
1182 1729 1226 1757 hic
1242 1731 1370 1762 transire,
1388 1730 1436 1757 nat
1451 1731 1574 1757 voluntas
1588 1733 1631 1756 tua
1645 1729 1679 1754 θ’.
1693 1737 1703 1755 ι
1721 1728 1800 1755 Hanc.

1010 1776 1101 1810 itaque
1121 1777 1272 1803 orationem
1292 1775 1325 1804 ad
1345 1780 1452 1810 tempus
1479 1775 1615 1810 accipiens
1631 1775 1723 1805 Pater,
1735 1780 1802 1809 post

1009 1823 1172 1857 passionem,
1199 1827 1224 1849 et
1240 1827 1301 1857 post
1313 1822 1472 1849 descensum
1495 1822 1521 1847 in
1539 1820 1674 1848 infernum
1687 1842 1694 1851 ,
1709 1820 1794 1855 ipsum

1011 1869 1223 1897 resurrectionis
1254 1869 1313 1904 ejus
1341 1874 1448 1902 tempus
1475 1867 1650 1903 signiﬁcans,
1678 1866 1714 1893 ait
1739 1866 1795 1898 illi,

1013 1924 1022 1941 ‹
1035 1916 1167 1950 Tempore
1179 1920 1289 1949 accepto
1302 1914 1427 1942 exaudivi
1443 1919 1478 1946 te,
1491 1923 1500 1940 ι
1516 1918 1543 1940 et
1552 1918 1660 1941 caetera.
1676 1922 1685 1938 ι
1697 1913 1729 1940 Et
1738 1913 1794 1941 fnr~

1011 1961 1082 1987 mavi
1096 1966 1130 1992 te,
1140 1965 1167 1987 et
1181 1960 1241 1988 dedi
1252 1961 1310 1987 tein
1322 1964 1510 1987 testamentum
1518 1959 1797 1994 gentium,utconsti-

1012 2011 1102 2033 tnercs
1117 2010 1229 2038 terram,
1246 2009 1272 2033 et
1284 2006 1438 2040 possideres
1451 2005 1623 2032 luercditales
1638 2006 1768 2033 desertas.
1783 2015 1794 2033 ι

1011 2051 1090 2079 Tales
1104 2057 1182 2078 erant
1202 2051 1356 2086 impiorum,
1373 2057 1402 2079 et
1415 2051 1507 2078 multis
1518 2051 1675 2078 numinibus
1690 2053 1797 2079 deditn<

1012 2105 1071 2124 rum
1094 2097 1230 2124 hominum
1262 2098 1369 2130 animae,
1395 2098 1508 2125 deserta:
1535 2106 1550 2125 a
1575 2097 1642 2130 Deo,
1676 2106 1708 2126 ac
1734 2106 1798 2126 vero

1015 2153 1023 2168 ι
1039 2143 1193 2175 destructas,
1207 2153 1216 2169 ι
1235 2143 1382 2170 secundum
1403 2144 1522 2179 reliquos
1536 2144 1698 2179 interpretes

173 2187 219 2214 καὶ
232 2187 370 2215 πολυθέων
389 2189 483 2224 ψυχαὶ,
497 2189 595 2225 ἔρημοι
609 2190 676 2216 θεοῦ
696 2190 742 2217 καὶ
755 2189 861 2226 άληθῶς
876 2199 886 2215 ι
902 2189 1084 2225 ἠφανισμέναι
1103 2199 1126 2222 ,ι
1147 2189 1218 2218 κατὰ
1232 2191 1295 2221 τοὺς
1309 2189 1429 2222 λοιπούς.

212 2268 220 2284 ι
236 2259 355 2294 Λέγοντα
365 2261 420 2291 τοῖς
433 2261 460 2286 ὲν
471 2260 590 2296 δεσμοῖς,
600 2259 747 2293 Ἐξέλθετε,
759 2261 806 2287 καὶ
817 2262 871 2292 τοῖς
883 2261 912 2286 ὲν
922 2259 958 2295 τῷ

1046 2260 1127 2287 Vens.
1151 2259 1178 2287 9.
1207 2269 1218 2286 ‹
1231 2260 1371 2288 Dicentem
1396 2261 1430 2288 iis
1452 2262 1499 2296 qui
1516 2262 1599 2290 vincti
1614 2266 1687 2296 sunt,
1706 2262 1795 2295 Exite.

173 2304 273 2334 σκότει,
289 2305 519 2340 ἀνακαλυψθῆναι.
533 2316 542 2331 ι
554 2322 589 2326 —
599 2315 607 2331 ι
622 2304 714 2341 Ἦμεν
726 2306 779 2341 γάρ
798 2315 862 2333 ποτε
873 2306 956 2332 τέκνα

171 2350 264 2386 ὀργῆς,
277 2351 323 2376 καὶ
331 2348 401 2385 ἦμέν
415 2360 478 2377 ποτε
494 2351 597 2383 σκότος¹
613 2351 660 2378 νῦν
673 2352 700 2378 δὲ
716 2352 773 2386 φῶς
785 2353 813 2378 ἐν
825 2352 928 2388 Κυρίῳ.
944 2361 953 2377 ι

172 2393 382 2428 Εὑαγγελίζεται
397 2395 459 2426 τοὺς
478 2395 530 2421 τῶν
552 2396 692 2434 προτέρων
711 2396 828 2432 δεσμῶν,
846 2397 893 2423 καὶ
908 2396 956 2423 τοῦ

173 2439 304 2475 προτέρου
320 2440 430 2472 σκότους
443 2440 692 2477 ἠλευθερωμένους,
704 2442 800 2476 λέγων’
818 2452 826 2467 ι
853 2443 896 2469 Ἐν
909 2442 958 2469 πά-

173 2493 233 2516 σαις
257 2486 316 2517 ταῖς
332 2485 400 2516 ὁδοῖς
422 2485 645 2522 βοσκηθήσονται,
666 2488 712 2514 καὶ
731 2489 760 2514 ὲν
777 2488 876 2520 πάσαις
897 2490 957 2520 ταῖς

171 2530 274 2566 τρίὸοις
294 2531 394 2567 ήνομὴ
421 2532 520 2559 αὐτῶν.
553 2543 563 2559 ι
592 2533 660 2559 Ὀδοὶ
677 2533 704 2560 δὲ
730 2533 777 2559 καὶ
798 2534 896 2570 τρίϐοι,
924 2534 956 2565 ἃς

170 2577 315 2604 διώδευσαν
331 2579 356 2604 οι
373 2578 456 2605 παλαι
471 2579 517 2606 τοῦ
535 2579 601 2606 Θεοῦ
618 2580 724 2616 ἄνδρες,
743 2581 770 2606 αἱ
786 2580 956 2607 θεόπνευστοί

171 2624 224 2649 εἰσι
244 2623 367 2659 Γραφαὶ,
390 2625 419 2650 ὲν
436 2622 480 2656 αἷς
503 2624 658 2660 βοσκόμενοι
673 2627 696 2652 οἰ
720 2626 769 2660 τῆς
791 2626 956 2660 ἐπαγγελίας

171 2669 308 2704 τυχόντες.
321 2670 370 2705 τῆς
389 2669 479 2696 ἐνθέου
497 2671 543 2697 καὶ
558 2670 668 2706 λογικῆς
687 2672 788 2707 τροφῆς
807 2671 956 2698 ἀπολαύου-

173 2723 224 2748 σιν,
243 2715 348 2750 ἀγαθὴν
366 2715 452 2751 νομὴν
475 2715 576 2752 ταύτην
594 2716 748 2753 εὑράμενοι,
767 2717 813 2744 καὶ
826 2717 861 2744 τὰ
882 2718 954 2754 ἑξῆς.

209 2814 219 2831 ι
241 2805 278 2832 Ού
297 2806 480 2838 πεινάσουσιν,
502 2807 562 2833 οὐδὲ
583 2807 752 2843 διψήσουσιν,
766 2807 826 2834 οὐδὲ
843 2808 957 2841 πατάξει

163 2851 270 2884 αὐτοὺς
285 2853 298 2878 6
314 2852 435 2888 καύσων,
452 2853 504 2880 οὐδ’
526 2854 540 2880 6
555 2853 637 2888 ἥλιος.
657 2853 724 2880 Ἀλλ’
738 2855 751 2881 6
767 2854 849 2881 ἐλεῶν
863 2855 958 2886 αὐτοὺς

1009 2309 1036 2333 et.
1051 2306 1083 2333 iis
1098 2306 1143 2340 qui
1162 2306 1186 2332 in
1197 2306 1335 2339 tenebris,
1355 2311 1383 2334 ut
1404 2308 1559 2335 revelentur
1605 2329 1612 2337 .
1632 2318 1641 2334 ι
1658 2322 1693 2328 -
1707 2317 1716 2333 ι
1730 2308 1796 2335 Era-

1010 2359 1070 2378 mus
1084 2352 1156 2381 enim
1171 2353 1316 2387 aliquando
1335 2353 1380 2379 lilii
1398 2353 1445 2380 irae
1456 2373 1463 2386 ,
1485 2359 1512 2380 et
1526 2361 1633 2381 eramus
1651 2354 1796 2389 aliquando

1010 2397 1145 2431 tem-bne;
1163 2406 1234 2425 ltilth
1257 2403 1346 2425 autem
1371 2399 1417 2426 lux
1444 2399 1470 2426 in
1497 2399 1610 2426 Domino
1636 2400 1670 2427 ³³.
1687 2409 1695 2425 ι
1721 2400 1795 2427 Dona

1011 2445 1104 2471 nuntia
1125 2445 1229 2479 profert.
1257 2445 1290 2472 iis
1310 2446 1356 2479 qui
1378 2453 1410 2472 ex
1439 2445 1563 2480 pristinis
1591 2445 1642 2472 illis
1671 2445 1795 2477 vinculis,

1011 2497 1096 2524 exque
1124 2491 1220 2523 priscis
1252 2490 1370 2517 tenebris
1387 2490 1463 2517 liberi
1492 2495 1654 2523 evaserant,
1677 2491 1766 2517 dicens
1786 2501 1793 2518 :

1013 2544 1023 2561 ι
1038 2535 1065 2562 in
1077 2536 1202 2564 omnibus
1213 2537 1264 2564 viis
1279 2542 1434 2571 pascentur,
1460 2540 1488 2563 et
1510 2537 1535 2563 in
1552 2537 1677 2564 curulibus
1693 2537 1796 2564 semitis

1011 2588 1109 2616 pascua
1127 2590 1230 2609 eorum.
1250 2593 1259 2608 ι
1287 2583 1342 2608 Via:
1357 2583 1514 2617 semitisque
1540 2589 1608 2616 quas
1632 2582 1797 2616 pertransie-

1011 2635 1070 2656 runt
1086 2630 1122 2656 illi
1143 2629 1207 2656 olim
1239 2629 1284 2656 Dei
1314 2628 1376 2660 viri,
1401 2633 1464 2654 sunt
1492 2628 1639 2662 Scriptura:
1664 2627 1795 2654 divinitus

1008 2676 1158 2711 inspiratus,
1200 2675 1244 2702 ubi
1257 2680 1397 2710 pascentes
1423 2675 1453 2706 ii,
1474 2675 1518 2709 qui
1542 2674 1674 2708 promissa
1692 2680 1794 2707 tenent,

1006 2723 1096 2749 divino
1110 2728 1137 2749 et
1153 2721 1305 2748 rationabili
1319 2721 1379 2748 cibo
1392 2721 1526 2752 fruuntur,
1544 2720 1601 2747 haec
1612 2720 1680 2748 bona
1695 2729 1794 2756 pascua

1006 2768 1090 2800 nacti,
1105 2774 1131 2795 et
1145 2773 1252 2795 cetera.

1042 2814 1124 2842 Vsus.
1143 2814 1184 2840 to.
1217 2823 1226 2839 ι
1242 2813 1299 2840 Non
1316 2814 1452 2845 esurient,
1472 2820 1560 2847 neque
1577 2813 1690 2850 sitient,
1708 2821 1796 2850 neque

1011 2861 1146 2894 percutiet
1157 2867 1203 2887 eos
1217 2864 1308 2892 mstus,
1323 2867 1410 2895 neque
1424 2859 1475 2887 sol.
1501 2858 1554 2888 Sed
1575 2861 1621 2896 qui
1649 2862 1794 2890 miseretur

204 2962 231 2980 ⁸⁸
246 2962 341 3000 Philip.
361 2972 390 2999 ιι,
407 2965 448 2996 ιο.
487 2966 510 2984 ’θ
525 2966 620 2996 Matth.
640 2975 724 3002 nm,
741 2967 784 2997 l6.
821 2968 841 2986 "
859 2967 952 2997 Matth.

1012 2977 1048 3002 t't.
1071 2970 1115 2999 ὅθ.
1155 2971 1177 2988 ”
1197 2971 1262 3000 ibid.
1284 2971 1329 3000 42.
1368 2972 1390 2988 ’³
1407 2971 1507 3008 prea.
1535 2981 1565 3008 ιι,
1581 2975 1607 3009 5;
1624 2983 1649 3010 ν,
1665 2977 1691 3004 8.

1779 3008 1788 3022 1
