  <div class='ocr_page' id='page_1' title='image "/cluster/home/n/w/nwhite01/storage/ocr_20150623/24/njp.32101077772513/226.png"; bbox 0 0 2061 3215; ppageno 0'>
   <div class='ocr_carea' id='block_1_1' title="bbox 192 161 245 190">
    <p class='ocr_par' dir='ltr' id='par_1_1' title="bbox 192 161 245 190">
     <span class='ocr_line' id='line_1_1' title="bbox 192 161 245 190; baseline -0.038 0"><span class='ocrx_word' id='word_1_1' title='bbox 192 161 245 190; x_wconf 69' lang='grc'><strong>437</strong></span> 
     </span>
    </p>
   </div>
   <div class='ocr_carea' id='block_1_2' title="bbox 633 161 1353 191">
    <p class='ocr_par' dir='ltr' id='par_1_2' title="bbox 633 161 1353 191">
     <span class='ocr_line' id='line_1_2' title="bbox 633 161 1353 191; baseline 0.001 -2"><span class='ocrx_word' id='word_1_2' title='bbox 633 161 886 191; x_wconf 74' lang='lat' dir='ltr'><strong>COMMENTABIA</strong></span> <span class='ocrx_word' id='word_1_3' title='bbox 905 161 939 189; x_wconf 82' lang='lat' dir='ltr'><strong>IN</strong></span> <span class='ocrx_word' id='word_1_4' title='bbox 959 161 1088 190; x_wconf 80' lang='lat' dir='ltr'><strong>lSAlAM.</strong></span> <span class='ocrx_word' id='word_1_5' title='bbox 1116 177 1143 183; x_wconf 92' lang='lat'><strong><em>—</em></strong></span> <span class='ocrx_word' id='word_1_6' title='bbox 1163 161 1239 191; x_wconf 83' lang='lat' dir='ltr'><strong>CAP.</strong></span> <span class='ocrx_word' id='word_1_7' title='bbox 1260 161 1353 191; x_wconf 71' lang='lat' dir='ltr'><strong>XLIX.</strong></span> 
     </span>
    </p>
   </div>
   <div class='ocr_carea' id='block_1_3' title="bbox 1760 164 1812 192">
    <p class='ocr_par' dir='ltr' id='par_1_3' title="bbox 1760 164 1812 192">
     <span class='ocr_line' id='line_1_3' title="bbox 1760 164 1812 192; baseline 0 0"><span class='ocrx_word' id='word_1_8' title='bbox 1760 164 1812 192; x_wconf 69' lang='grc' dir='ltr'>ιεε</span> 
     </span>
    </p>
   </div>
   <div class='ocr_carea' id='block_1_4' title="bbox 192 217 982 256">
    <p class='ocr_par' dir='ltr' id='par_1_4' title="bbox 192 217 980 256">
     <span class='ocr_line' id='line_1_4' title="bbox 192 217 980 256; baseline 0 -10"><span class='ocrx_word' id='word_1_9' title='bbox 192 227 243 256; x_wconf 73' lang='grc' dir='ltr'><strong>ρας</strong></span> <span class='ocrx_word' id='word_1_10' title='bbox 257 218 342 255; x_wconf 62' lang='grc' dir='ltr'>αὑτὴν</span> <span class='ocrx_word' id='word_1_11' title='bbox 357 217 542 254; x_wconf 72' lang='grc' dir='ltr'>ἁναζητείτω·</span> <span class='ocrx_word' id='word_1_12' title='bbox 559 218 682 246; x_wconf 79' lang='grc' dir='ltr'><strong>ἀκουέτω</strong></span> <span class='ocrx_word' id='word_1_13' title='bbox 697 219 726 246; x_wconf 80' lang='grc' dir='ltr'>δὲ</span> <span class='ocrx_word' id='word_1_14' title='bbox 738 219 786 246; x_wconf 80' lang='grc' dir='ltr'><strong>τοῦ</strong></span> <span class='ocrx_word' id='word_1_15' title='bbox 799 219 867 246; x_wconf 85' lang='grc' dir='ltr'>Θεοῦ</span> <span class='ocrx_word' id='word_1_16' title='bbox 887 219 980 254; x_wconf 84' lang='grc' dir='ltr'>λέγον-</span> 
     </span>
    </p>
   </div>
   <div class='ocr_carea' id='block_1_5' title="bbox 1032 217 1813 256">
    <p class='ocr_par' dir='ltr' id='par_1_5' title="bbox 1032 217 1813 255">
     <span class='ocr_line' id='line_1_5' title="bbox 1032 217 1813 255; baseline 0.001 -8"><span class='ocrx_word' id='word_1_17' title='bbox 1032 221 1197 248; x_wconf 69' lang='lat' dir='ltr'><strong>latstinorum</strong></span> <span class='ocrx_word' id='word_1_18' title='bbox 1218 221 1326 255; x_wconf 79' lang='lat' dir='ltr'><strong>regione</strong></span> <span class='ocrx_word' id='word_1_19' title='bbox 1349 218 1507 255; x_wconf 83' lang='lat' dir='ltr'><strong>perquirat;</strong></span> <span class='ocrx_word' id='word_1_20' title='bbox 1533 219 1580 246; x_wconf 88' lang='lat' dir='ltr'><strong>sed</strong></span> <span class='ocrx_word' id='word_1_21' title='bbox 1607 217 1701 246; x_wconf 81' lang='lat' dir='ltr'><strong>audiat</strong></span> <span class='ocrx_word' id='word_1_22' title='bbox 1729 219 1813 248; x_wconf 89' lang='lat' dir='ltr'><strong>Deum</strong></span> 
     </span>
    </p>
   </div>
   <div class='ocr_carea' id='block_1_6' title="bbox 191 265 331 301">
    <p class='ocr_par' dir='ltr' id='par_1_6' title="bbox 191 265 331 301">
     <span class='ocr_line' id='line_1_6' title="bbox 191 265 331 301; baseline 0 -10"><span class='ocrx_word' id='word_1_23' title='bbox 191 273 238 297; x_wconf 85' lang='grc' dir='ltr'>τος</span> <span class='ocrx_word' id='word_1_24' title='bbox 248 265 331 301; x_wconf 73' lang='grc' dir='ltr'>αὐτῇ·</span> 
     </span>
    </p>
   </div>
   <div class='ocr_carea' id='block_1_7' title="bbox 174 310 980 347">
    <p class='ocr_par' dir='ltr' id='par_1_7' title="bbox 174 310 980 347">
     <span class='ocr_line' id='line_1_7' title="bbox 174 310 980 347; baseline -0.001 -8"><span class='ocrx_word' id='word_1_25' title='bbox 174 336 178 339; x_wconf 92' lang='grc'>.</span> <span class='ocrx_word' id='word_1_26' title='bbox 230 321 240 336; x_wconf 77' lang='grc' dir='ltr'><strong>ι</strong></span> <span class='ocrx_word' id='word_1_27' title='bbox 266 311 330 337; x_wconf 70' lang='grc' dir='ltr'>Ἰδοὺ</span> <span class='ocrx_word' id='word_1_28' title='bbox 344 311 390 338; x_wconf 70' lang='grc' dir='ltr'><strong>ἐπὶ</strong></span> <span class='ocrx_word' id='word_1_29' title='bbox 409 310 463 337; x_wconf 83' lang='grc' dir='ltr'><strong>τῶν</strong></span> <span class='ocrx_word' id='word_1_30' title='bbox 481 310 580 346; x_wconf 86' lang='grc' dir='ltr'>χειρῶν</span> <span class='ocrx_word' id='word_1_31' title='bbox 605 319 655 346; x_wconf 88' lang='grc' dir='ltr'><strong>μου</strong></span> <span class='ocrx_word' id='word_1_32' title='bbox 677 311 862 347; x_wconf 72' lang='grc' dir='ltr'>ἐζωγράφησά</span> <span class='ocrx_word' id='word_1_33' title='bbox 876 320 922 338; x_wconf 87' lang='grc' dir='ltr'><strong>σου</strong></span> <span class='ocrx_word' id='word_1_34' title='bbox 945 319 980 338; x_wconf 81' lang='grc' dir='ltr'><strong>τα</strong></span> 
     </span>
    </p>
   </div>
   <div class='ocr_carea' id='block_1_8' title="bbox 192 354 979 394">
    <p class='ocr_par' dir='ltr' id='par_1_8' title="bbox 192 354 979 394">
     <span class='ocr_line' id='line_1_8' title="bbox 192 354 979 394; baseline -0.001 -10"><span class='ocrx_word' id='word_1_35' title='bbox 192 357 281 391; x_wconf 82' lang='grc' dir='ltr'>τείχη,</span> <span class='ocrx_word' id='word_1_36' title='bbox 301 361 348 383; x_wconf 77' lang='grc' dir='ltr'>καὶ</span> <span class='ocrx_word' id='word_1_37' title='bbox 363 355 477 383; x_wconf 78' lang='grc' dir='ltr'>ἐνώπιόν</span> <span class='ocrx_word' id='word_1_38' title='bbox 497 365 548 392; x_wconf 90' lang='grc' dir='ltr'><strong>μου</strong></span> <span class='ocrx_word' id='word_1_39' title='bbox 565 354 590 383; x_wconf 82' lang='grc' dir='ltr'><strong>εῐ</strong></span> <span class='ocrx_word' id='word_1_40' title='bbox 603 356 647 384; x_wconf 84' lang='grc' dir='ltr'><strong>διὰ</strong></span> <span class='ocrx_word' id='word_1_41' title='bbox 662 357 772 389; x_wconf 87' lang='grc' dir='ltr'>παντός.</span> <span class='ocrx_word' id='word_1_42' title='bbox 791 367 800 384; x_wconf 80' lang='grc' dir='ltr'><strong>ι</strong></span> <span class='ocrx_word' id='word_1_43' title='bbox 817 358 913 394; x_wconf 84' lang='grc' dir='ltr'>Χεῖρες</span> <span class='ocrx_word' id='word_1_44' title='bbox 926 357 979 393; x_wconf 79' lang='grc' dir='ltr'><strong>γὰρ</strong></span> 
     </span>
    </p>
   </div>
   <div class='ocr_carea' id='block_1_9' title="bbox 192 402 978 440">
    <p class='ocr_par' dir='ltr' id='par_1_9' title="bbox 192 402 978 440">
     <span class='ocr_line' id='line_1_9' title="bbox 192 402 978 440; baseline 0.001 -11"><span class='ocrx_word' id='word_1_45' title='bbox 192 403 232 435; x_wconf 85' lang='grc' dir='ltr'>ὡς</span> <span class='ocrx_word' id='word_1_46' title='bbox 251 403 358 438; x_wconf 76' lang='grc' dir='ltr'>ἀληθῶς</span> <span class='ocrx_word' id='word_1_47' title='bbox 383 402 450 429; x_wconf 81' lang='grc' dir='ltr'>Θεοῦ</span> <span class='ocrx_word' id='word_1_48' title='bbox 475 403 524 439; x_wconf 82' lang='grc' dir='ltr'>τὴν</span> <span class='ocrx_word' id='word_1_49' title='bbox 546 403 674 439; x_wconf 82' lang='grc' dir='ltr'><strong>τοιαύτην</strong></span> <span class='ocrx_word' id='word_1_50' title='bbox 695 404 865 440; x_wconf 81' lang='grc' dir='ltr'><strong>οἰκοδομοῦσι</strong></span> <span class='ocrx_word' id='word_1_51' title='bbox 892 404 978 437; x_wconf 81' lang='grc' dir='ltr'>πόλιν,</span> 
     </span>
    </p>
   </div>
   <div class='ocr_carea' id='block_1_10' title="bbox 195 448 979 486">
    <p class='ocr_par' dir='ltr' id='par_1_10' title="bbox 195 448 979 486">
     <span class='ocr_line' id='line_1_10' title="bbox 195 448 979 486; baseline 0 -10"><span class='ocrx_word' id='word_1_52' title='bbox 195 449 296 486; x_wconf 80' lang='grc' dir='ltr'>μᾶλλον</span> <span class='ocrx_word' id='word_1_53' title='bbox 316 449 345 475; x_wconf 80' lang='grc' dir='ltr'>δὲ</span> <span class='ocrx_word' id='word_1_54' title='bbox 368 448 541 476; x_wconf 82' lang='grc' dir='ltr'>διατυποῦσιν</span> <span class='ocrx_word' id='word_1_55' title='bbox 557 449 641 484; x_wconf 83' lang='grc' dir='ltr'>αὐτὴν</span> <span class='ocrx_word' id='word_1_56' title='bbox 666 450 712 476; x_wconf 73' lang='grc' dir='ltr'>καὶ</span> <span class='ocrx_word' id='word_1_57' title='bbox 735 449 979 486; x_wconf 76' lang='grc' dir='ltr'>διαζωγράφουσιν,</span> 
     </span>
    </p>
   </div>
   <div class='ocr_carea' id='block_1_11' title="bbox 191 494 981 531">
    <p class='ocr_par' dir='ltr' id='par_1_11' title="bbox 191 494 981 531">
     <span class='ocr_line' id='line_1_11' title="bbox 191 494 981 531; baseline 0.001 -10"><span class='ocrx_word' id='word_1_58' title='bbox 191 495 287 530; x_wconf 79' lang='grc' dir='ltr'>ὥσπερ</span> <span class='ocrx_word' id='word_1_59' title='bbox 300 495 328 520; x_wconf 79' lang='grc' dir='ltr'>ὲν</span> <span class='ocrx_word' id='word_1_60' title='bbox 345 494 456 526; x_wconf 82' lang='grc' dir='ltr'>πίνακος</span> <span class='ocrx_word' id='word_1_61' title='bbox 471 495 573 530; x_wconf 81' lang='grc' dir='ltr'>γραφῇ,</span> <span class='ocrx_word' id='word_1_62' title='bbox 589 495 639 521; x_wconf 74' lang='grc' dir='ltr'>καὶ</span> <span class='ocrx_word' id='word_1_63' title='bbox 653 495 862 531; x_wconf 81' lang='grc' dir='ltr'>διαχαράττουσι</span> <span class='ocrx_word' id='word_1_64' title='bbox 873 495 922 531; x_wconf 82' lang='grc' dir='ltr'>τὴν</span> <span class='ocrx_word' id='word_1_65' title='bbox 936 495 981 522; x_wconf 86' lang='grc' dir='ltr'><strong>θέ-</strong></span> 
     </span>
    </p>
   </div>
   <div class='ocr_carea' id='block_1_12' title="bbox 192 540 981 576">
    <p class='ocr_par' dir='ltr' id='par_1_12' title="bbox 192 540 981 576">
     <span class='ocr_line' id='line_1_12' title="bbox 192 540 981 576; baseline 0 -8"><span class='ocrx_word' id='word_1_66' title='bbox 192 550 237 568; x_wconf 84' lang='grc' dir='ltr'><strong>σιν</strong></span> <span class='ocrx_word' id='word_1_67' title='bbox 252 542 299 568; x_wconf 78' lang='grc' dir='ltr'>καὶ</span> <span class='ocrx_word' id='word_1_68' title='bbox 312 540 374 572; x_wconf 82' lang='grc' dir='ltr'>τοὺς</span> <span class='ocrx_word' id='word_1_69' title='bbox 388 542 486 572; x_wconf 85' lang='grc' dir='ltr'><strong>τόπους</strong></span> <span class='ocrx_word' id='word_1_70' title='bbox 497 541 547 576; x_wconf 82' lang='grc' dir='ltr'>τῆς</span> <span class='ocrx_word' id='word_1_71' title='bbox 561 541 631 567; x_wconf 84' lang='grc' dir='ltr'>κατὰ</span> <span class='ocrx_word' id='word_1_72' title='bbox 643 541 710 567; x_wconf 83' lang='grc' dir='ltr'><strong>Θεοῦ</strong></span> <span class='ocrx_word' id='word_1_73' title='bbox 725 542 862 573; x_wconf 76' lang='grc' dir='ltr'><strong>πολιτείας</strong></span> <span class='ocrx_word' id='word_1_74' title='bbox 879 542 908 568; x_wconf 82' lang='grc' dir='ltr'>ὲν</span> <span class='ocrx_word' id='word_1_75' title='bbox 921 543 981 574; x_wconf 88' lang='grc' dir='ltr'>ταῖς</span> 
     </span>
    </p>
   </div>
   <div class='ocr_carea' id='block_1_13' title="bbox 193 586 981 623">
    <p class='ocr_par' dir='ltr' id='par_1_13' title="bbox 193 586 981 623">
     <span class='ocr_line' id='line_1_13' title="bbox 193 586 981 623; baseline -0.001 -9"><span class='ocrx_word' id='word_1_76' title='bbox 193 587 248 615; x_wconf 76' lang='grc' dir='ltr'>τῶν</span> <span class='ocrx_word' id='word_1_77' title='bbox 264 586 415 623; x_wconf 85' lang='grc' dir='ltr'>ἀνθρώπων</span> <span class='ocrx_word' id='word_1_78' title='bbox 429 587 528 622; x_wconf 80' lang='grc' dir='ltr'>ψυχαῖς</span> <span class='ocrx_word' id='word_1_79' title='bbox 544 587 724 623; x_wconf 84' lang='grc' dir='ltr'>συνεστώσης.</span> <span class='ocrx_word' id='word_1_80' title='bbox 742 588 775 614; x_wconf 88' lang='grc' dir='ltr'><strong>Ὃ</strong></span> <span class='ocrx_word' id='word_1_81' title='bbox 794 587 825 623; x_wconf 83' lang='grc' dir='ltr'>δὴ</span> <span class='ocrx_word' id='word_1_82' title='bbox 841 588 887 614; x_wconf 75' lang='grc' dir='ltr'>καὶ</span> <span class='ocrx_word' id='word_1_83' title='bbox 901 587 981 619; x_wconf 74' lang='grc' dir='ltr'>αὐτὸς</span> 
     </span>
    </p>
   </div>
   <div class='ocr_carea' id='block_1_14' title="bbox 192 633 980 668">
    <p class='ocr_par' dir='ltr' id='par_1_14' title="bbox 192 633 980 668">
     <span class='ocr_line' id='line_1_14' title="bbox 192 633 980 668; baseline 0.001 -9"><span class='ocrx_word' id='word_1_84' title='bbox 192 634 244 668; x_wconf 81' lang='grc' dir='ltr'><strong>τῆς</strong></span> <span class='ocrx_word' id='word_1_85' title='bbox 269 633 366 659; x_wconf 80' lang='grc' dir='ltr'>ἑαυτοῦ</span> <span class='ocrx_word' id='word_1_86' title='bbox 387 633 490 664; x_wconf 79' lang='grc' dir='ltr'>πόλεως</span> <span class='ocrx_word' id='word_1_87' title='bbox 512 633 666 668; x_wconf 82' lang='grc' dir='ltr'>οἰκοδόμος,</span> <span class='ocrx_word' id='word_1_88' title='bbox 686 633 785 668; x_wconf 82' lang='grc' dir='ltr'>δηλαδὴ</span> <span class='ocrx_word' id='word_1_89' title='bbox 810 634 824 659; x_wconf 86' lang='grc' dir='ltr'><strong>ὸ</strong></span> <span class='ocrx_word' id='word_1_90' title='bbox 844 633 891 660; x_wconf 86' lang='grc' dir='ltr'><strong>τοῦ</strong></span> <span class='ocrx_word' id='word_1_91' title='bbox 913 633 980 660; x_wconf 83' lang='grc' dir='ltr'><strong>Θεοῦ</strong></span> 
     </span>
    </p>
   </div>
   <div class='ocr_carea' id='block_1_15' title="bbox 193 678 981 715">
    <p class='ocr_par' dir='ltr' id='par_1_15' title="bbox 193 678 981 715">
     <span class='ocr_line' id='line_1_15' title="bbox 193 678 981 715; baseline 0.001 -10"><span class='ocrx_word' id='word_1_92' title='bbox 193 679 290 713; x_wconf 81' lang='grc' dir='ltr'><strong>Λόγος,</strong></span> <span class='ocrx_word' id='word_1_93' title='bbox 310 679 441 710; x_wconf 80' lang='grc' dir='ltr'>ἐδίδασκε,</span> <span class='ocrx_word' id='word_1_94' title='bbox 458 678 554 713; x_wconf 81' lang='grc' dir='ltr'>λέγων,</span> <span class='ocrx_word' id='word_1_95' title='bbox 573 688 582 705; x_wconf 75' lang='grc' dir='ltr'><strong>ι</strong></span> <span class='ocrx_word' id='word_1_96' title='bbox 609 679 671 705; x_wconf 72' lang='grc' dir='ltr'><strong>Ἐπὶ</strong></span> <span class='ocrx_word' id='word_1_97' title='bbox 685 679 735 714; x_wconf 80' lang='grc' dir='ltr'>τὴν</span> <span class='ocrx_word' id='word_1_98' title='bbox 755 679 858 715; x_wconf 80' lang='grc' dir='ltr'>πέτραν</span> <span class='ocrx_word' id='word_1_99' title='bbox 879 679 981 706; x_wconf 76' lang='grc' dir='ltr'>οἰκοδο-</span> 
     </span>
    </p>
   </div>
   <div class='ocr_carea' id='block_1_16' title="bbox 194 725 981 761">
    <p class='ocr_par' dir='ltr' id='par_1_16' title="bbox 194 725 981 761">
     <span class='ocr_line' id='line_1_16' title="bbox 194 725 981 761; baseline 0.001 -10"><span class='ocrx_word' id='word_1_100' title='bbox 194 726 275 761; x_wconf 85' lang='grc' dir='ltr'>μήσω</span> <span class='ocrx_word' id='word_1_101' title='bbox 291 734 342 760; x_wconf 88' lang='grc' dir='ltr'><strong>μου</strong></span> <span class='ocrx_word' id='word_1_102' title='bbox 358 725 408 760; x_wconf 83' lang='grc' dir='ltr'><strong>τὴν</strong></span> <span class='ocrx_word' id='word_1_103' title='bbox 428 725 601 760; x_wconf 81' lang='grc' dir='ltr'>Ἐκκλησίαν,</span> <span class='ocrx_word' id='word_1_104' title='bbox 617 725 664 752; x_wconf 72' lang='grc' dir='ltr'>καὶ</span> <span class='ocrx_word' id='word_1_105' title='bbox 680 725 763 752; x_wconf 84' lang='grc' dir='ltr'>πύλαι</span> <span class='ocrx_word' id='word_1_106' title='bbox 779 725 843 761; x_wconf 72' lang='grc' dir='ltr'>ᾅδου</span> <span class='ocrx_word' id='word_1_107' title='bbox 858 725 888 752; x_wconf 79' lang='grc' dir='ltr'><strong>οὐ</strong></span> <span class='ocrx_word' id='word_1_108' title='bbox 914 733 981 752; x_wconf 84' lang='grc' dir='ltr'>κατ-</span> 
     </span>
    </p>
   </div>
   <div class='ocr_carea' id='block_1_17' title="bbox 193 770 475 807">
    <p class='ocr_par' dir='ltr' id='par_1_17' title="bbox 193 770 475 807">
     <span class='ocr_line' id='line_1_17' title="bbox 193 770 475 807; baseline -0.007 -9"><span class='ocrx_word' id='word_1_109' title='bbox 193 770 255 807; x_wconf 79' lang='grc' dir='ltr'>ιαχύ</span> <span class='ocrx_word' id='word_1_110' title='bbox 260 779 350 797; x_wconf 87' lang='grc' dir='ltr'>σουσιν</span> <span class='ocrx_word' id='word_1_111' title='bbox 364 770 456 805; x_wconf 77' lang='grc' dir='ltr'>αὐτῆς.</span> <span class='ocrx_word' id='word_1_112' title='bbox 465 780 475 796; x_wconf 78' lang='grc' dir='ltr'>ι</span> 
     </span>
    </p>
   </div>
   <div class='ocr_carea' id='block_1_18' title="bbox 232 814 982 854">
    <p class='ocr_par' dir='ltr' id='par_1_18' title="bbox 232 814 982 854">
     <span class='ocr_line' id='line_1_18' title="bbox 232 814 982 854; baseline 0.003 -12"><span class='ocrx_word' id='word_1_113' title='bbox 232 825 242 842; x_wconf 76' lang='grc' dir='ltr'><strong>ι</strong></span> <span class='ocrx_word' id='word_1_114' title='bbox 263 817 316 843; x_wconf 73' lang='grc' dir='ltr'><strong>Καὶ</strong></span> <span class='ocrx_word' id='word_1_115' title='bbox 330 816 399 851; x_wconf 81' lang='grc' dir='ltr'>ταχὺ</span> <span class='ocrx_word' id='word_1_116' title='bbox 412 815 612 852; x_wconf 86' lang='grc' dir='ltr'>οἱκοδομηθήσῃ</span> <span class='ocrx_word' id='word_1_117' title='bbox 633 817 678 852; x_wconf 78' lang='grc' dir='ltr'><strong>ὑφ’</strong></span> <span class='ocrx_word' id='word_1_118' title='bbox 694 814 732 844; x_wconf 83' lang='grc' dir='ltr'>ὦν</span> <span class='ocrx_word' id='word_1_119' title='bbox 752 817 919 854; x_wconf 82' lang='grc' dir='ltr'>καθῃρέθης,</span> <span class='ocrx_word' id='word_1_120' title='bbox 934 817 982 844; x_wconf 72' lang='grc' dir='ltr'>καὶ</span> 
     </span>
    </p>
   </div>
   <div class='ocr_carea' id='block_1_19' title="bbox 194 861 981 899">
    <p class='ocr_par' dir='ltr' id='par_1_19' title="bbox 194 861 981 899">
     <span class='ocr_line' id='line_1_19' title="bbox 194 861 981 899; baseline 0 -10"><span class='ocrx_word' id='word_1_121' title='bbox 194 862 219 889; x_wconf 65' lang='grc' dir='ltr'><strong>,τι</strong></span> <span class='ocrx_word' id='word_1_122' title='bbox 242 861 434 897; x_wconf 82' lang='grc' dir='ltr'>ὲρημώσαντές</span> <span class='ocrx_word' id='word_1_123' title='bbox 457 869 487 887; x_wconf 80' lang='grc' dir='ltr'><strong>σε</strong></span> <span class='ocrx_word' id='word_1_124' title='bbox 509 862 694 894; x_wconf 77' lang='grc' dir='ltr'><strong>ἐξελεύσονται</strong></span> <span class='ocrx_word' id='word_1_125' title='bbox 719 863 751 889; x_wconf 81' lang='grc' dir='ltr'>ὲκ</span> <span class='ocrx_word' id='word_1_126' title='bbox 769 862 826 890; x_wconf 88' lang='grc' dir='ltr'>σοῦ.</span> <span class='ocrx_word' id='word_1_127' title='bbox 849 872 859 889; x_wconf 76' lang='grc' dir='ltr'><strong>ι</strong></span> <span class='ocrx_word' id='word_1_128' title='bbox 877 863 981 899; x_wconf 80' lang='grc' dir='ltr'>Ὥσπερ</span> 
     </span>
    </p>
   </div>
   <div class='ocr_carea' id='block_1_20' title="bbox 193 907 980 943">
    <p class='ocr_par' dir='ltr' id='par_1_20' title="bbox 193 907 980 943">
     <span class='ocr_line' id='line_1_20' title="bbox 193 907 980 943; baseline 0 -9"><span class='ocrx_word' id='word_1_129' title='bbox 193 907 249 942; x_wconf 87' lang='grc' dir='ltr'><strong>γὰρ</strong></span> <span class='ocrx_word' id='word_1_130' title='bbox 283 907 403 933; x_wconf 81' lang='grc' dir='ltr'>Ἰουδαῖοι</span> <span class='ocrx_word' id='word_1_131' title='bbox 431 907 480 942; x_wconf 85' lang='grc' dir='ltr'>τῆς</span> <span class='ocrx_word' id='word_1_132' title='bbox 508 907 693 943; x_wconf 76' lang='grc' dir='ltr'><strong>καθαιρέσεως</strong></span> <span class='ocrx_word' id='word_1_133' title='bbox 722 907 806 943; x_wconf 77' lang='grc' dir='ltr'>αὐτῆς</span> <span class='ocrx_word' id='word_1_134' title='bbox 837 907 980 942; x_wconf 83' lang='grc' dir='ltr'>γεγόνασιν</span> 
     </span>
    </p>
   </div>
   <div class='ocr_carea' id='block_1_21' title="bbox 193 950 982 987">
    <p class='ocr_par' dir='ltr' id='par_1_21' title="bbox 193 950 982 987">
     <span class='ocr_line' id='line_1_21' title="bbox 193 950 982 987; baseline 0.001 -10"><span class='ocrx_word' id='word_1_135' title='bbox 193 952 286 983; x_wconf 80' lang='grc' dir='ltr'>αἴτιοι,</span> <span class='ocrx_word' id='word_1_136' title='bbox 303 951 373 978; x_wconf 79' lang='grc' dir='ltr'>οὓτω</span> <span class='ocrx_word' id='word_1_137' title='bbox 385 951 467 978; x_wconf 79' lang='grc' dir='ltr'>πάλιν</span> <span class='ocrx_word' id='word_1_138' title='bbox 480 951 509 985; x_wconf 77' lang='grc' dir='ltr'><strong>ἐξ</strong></span> <span class='ocrx_word' id='word_1_139' title='bbox 526 952 609 987; x_wconf 80' lang='grc' dir='ltr'>αὐτῆς</span> <span class='ocrx_word' id='word_1_140' title='bbox 623 950 692 987; x_wconf 83' lang='grc' dir='ltr'>ἦσαν</span> <span class='ocrx_word' id='word_1_141' title='bbox 707 952 731 978; x_wconf 73' lang='grc' dir='ltr'><strong>οἱ</strong></span> <span class='ocrx_word' id='word_1_142' title='bbox 745 951 795 986; x_wconf 85' lang='grc' dir='ltr'>τῆς</span> <span class='ocrx_word' id='word_1_143' title='bbox 808 951 870 983; x_wconf 82' lang='grc' dir='ltr'><strong>νέας</strong></span> <span class='ocrx_word' id='word_1_144' title='bbox 880 951 982 978; x_wconf 82' lang='grc' dir='ltr'>οἰκοδο-</span> 
     </span>
    </p>
   </div>
   <div class='ocr_carea' id='block_1_22' title="bbox 193 997 979 1034">
    <p class='ocr_par' dir='ltr' id='par_1_22' title="bbox 193 997 979 1034">
     <span class='ocr_line' id='line_1_22' title="bbox 193 997 979 1034; baseline 0 -10"><span class='ocrx_word' id='word_1_145' title='bbox 193 997 250 1033; x_wconf 78' lang='grc' dir='ltr'>μῆς</span> <span class='ocrx_word' id='word_1_146' title='bbox 261 998 384 1032; x_wconf 78' lang='grc' dir='ltr'>ἐργάται·</span> <span class='ocrx_word' id='word_1_147' title='bbox 398 998 540 1024; x_wconf 76' lang='grc' dir='ltr'><strong>ἀπόστολοι</strong></span> <span class='ocrx_word' id='word_1_148' title='bbox 550 998 670 1034; x_wconf 85' lang='grc' dir='ltr'>δηλονότι</span> <span class='ocrx_word' id='word_1_149' title='bbox 687 998 734 1024; x_wconf 88' lang='grc' dir='ltr'><strong>τοῦ</strong></span> <span class='ocrx_word' id='word_1_150' title='bbox 751 998 877 1034; x_wconf 86' lang='grc' dir='ltr'>Σωτῆρος</span> <span class='ocrx_word' id='word_1_151' title='bbox 891 998 907 1033; x_wconf 85' lang='grc' dir='ltr'>ἡ</span> <span class='ocrx_word' id='word_1_152' title='bbox 912 997 979 1033; x_wconf 85' lang='grc' dir='ltr'>μῶν,</span> 
     </span>
    </p>
   </div>
   <div class='ocr_carea' id='block_1_23' title="bbox 195 1039 982 1078">
    <p class='ocr_par' dir='ltr' id='par_1_23' title="bbox 195 1039 982 1078">
     <span class='ocr_line' id='line_1_23' title="bbox 195 1039 982 1078; baseline -0.003 -8"><span class='ocrx_word' id='word_1_153' title='bbox 195 1043 316 1078; x_wconf 86' lang='grc' dir='ltr'>μαθηταί</span> <span class='ocrx_word' id='word_1_154' title='bbox 337 1051 367 1069; x_wconf 85' lang='grc' dir='ltr'>τε</span> <span class='ocrx_word' id='word_1_155' title='bbox 386 1043 434 1070; x_wconf 78' lang='grc' dir='ltr'>καὶ</span> <span class='ocrx_word' id='word_1_156' title='bbox 456 1043 656 1078; x_wconf 74' lang='grc' dir='ltr'>εὐαγγελισταὶ,</span> <span class='ocrx_word' id='word_1_157' title='bbox 674 1042 708 1069; x_wconf 86' lang='grc' dir='ltr'>δι’</span> <span class='ocrx_word' id='word_1_158' title='bbox 731 1039 768 1069; x_wconf 82' lang='grc' dir='ltr'>ὧν</span> <span class='ocrx_word' id='word_1_159' title='bbox 790 1043 807 1078; x_wconf 89' lang='grc' dir='ltr'><strong>ή</strong></span> <span class='ocrx_word' id='word_1_160' title='bbox 836 1042 982 1078; x_wconf 79' lang='grc' dir='ltr'><strong>Ἐκκλησία</strong></span> 
     </span>
    </p>
   </div>
   <div class='ocr_carea' id='block_1_24' title="bbox 189 1088 526 1125">
    <p class='ocr_par' dir='ltr' id='par_1_24' title="bbox 189 1088 526 1125">
     <span class='ocr_line' id='line_1_24' title="bbox 189 1088 526 1125; baseline -0.003 -9"><span class='ocrx_word' id='word_1_161' title='bbox 189 1089 241 1116; x_wconf 71' lang='grc' dir='ltr'><strong>⁴ιτιιῦ</strong></span> <span class='ocrx_word' id='word_1_162' title='bbox 255 1088 321 1115; x_wconf 83' lang='grc' dir='ltr'>Θεοῦ</span> <span class='ocrx_word' id='word_1_163' title='bbox 334 1090 526 1125; x_wconf 83' lang='grc' dir='ltr'>ἁνεγὴγερται.</span> 
     </span>
    </p>
   </div>
   <div class='ocr_carea' id='block_1_25' title="bbox 232 1132 982 1172">
    <p class='ocr_par' dir='ltr' id='par_1_25' title="bbox 232 1132 982 1172">
     <span class='ocr_line' id='line_1_25' title="bbox 232 1132 982 1172; baseline 0.004 -12"><span class='ocrx_word' id='word_1_164' title='bbox 232 1144 241 1160; x_wconf 76' lang='grc' dir='ltr'>ι</span> <span class='ocrx_word' id='word_1_165' title='bbox 263 1132 348 1170; x_wconf 63' lang='grc' dir='ltr'><strong>τΑρον</strong></span> <span class='ocrx_word' id='word_1_166' title='bbox 365 1135 457 1170; x_wconf 80' lang='grc' dir='ltr'>κύκλῳ</span> <span class='ocrx_word' id='word_1_167' title='bbox 473 1135 536 1166; x_wconf 86' lang='grc' dir='ltr'>τοὺς</span> <span class='ocrx_word' id='word_1_168' title='bbox 549 1135 705 1172; x_wconf 78' lang='grc' dir='ltr'>ὀφθαλμούς</span> <span class='ocrx_word' id='word_1_169' title='bbox 721 1144 778 1169; x_wconf 81' lang='grc' dir='ltr'><strong>σου⁹</strong></span> <span class='ocrx_word' id='word_1_170' title='bbox 792 1137 839 1163; x_wconf 61' lang='grc' dir='ltr'><strong>καὶ⁴</strong></span> <span class='ocrx_word' id='word_1_171' title='bbox 856 1136 894 1163; x_wconf 79' lang='grc' dir='ltr'><strong>ἴδε</strong></span> <span class='ocrx_word' id='word_1_172' title='bbox 914 1137 982 1163; x_wconf 83' lang='grc' dir='ltr'>πάν-</span> 
     </span>
    </p>
   </div>
   <div class='ocr_carea' id='block_1_26' title="bbox 192 1180 980 1216">
    <p class='ocr_par' dir='ltr' id='par_1_26' title="bbox 192 1180 980 1216">
     <span class='ocr_line' id='line_1_26' title="bbox 192 1180 980 1216; baseline 0.003 -10"><span class='ocrx_word' id='word_1_173' title='bbox 192 1189 241 1212; x_wconf 88' lang='grc' dir='ltr'><strong>τας</strong></span> <span class='ocrx_word' id='word_1_174' title='bbox 251 1189 258 1195; x_wconf 94' lang='grc'><strong>·</strong></span> <span class='ocrx_word' id='word_1_175' title='bbox 277 1181 331 1206; x_wconf 83' lang='grc' dir='ltr'>ἰδοὺ</span> <span class='ocrx_word' id='word_1_176' title='bbox 347 1180 519 1216; x_wconf 78' lang='grc' dir='ltr'><strong>συνήχθησαν</strong></span> <span class='ocrx_word' id='word_1_177' title='bbox 532 1182 580 1208; x_wconf 58' lang='grc' dir='ltr'><strong>καὶ⁵</strong></span> <span class='ocrx_word' id='word_1_178' title='bbox 595 1181 710 1216; x_wconf 80' lang='grc' dir='ltr'>ἤλοοσαν</span> <span class='ocrx_word' id='word_1_179' title='bbox 724 1182 791 1216; x_wconf 72' lang='grc' dir='ltr'>πρὸς</span> <span class='ocrx_word' id='word_1_180' title='bbox 804 1182 843 1208; x_wconf 82' lang='grc' dir='ltr'><strong>σέ.</strong></span> <span class='ocrx_word' id='word_1_181' title='bbox 857 1181 901 1208; x_wconf 87' lang='grc' dir='ltr'><strong>Ζῶ</strong></span> <span class='ocrx_word' id='word_1_182' title='bbox 915 1181 980 1215; x_wconf 80' lang='grc' dir='ltr'>ἐγὼ,</span> 
     </span>
    </p>
   </div>
   <div class='ocr_carea' id='block_1_27' title="bbox 193 1227 980 1264">
    <p class='ocr_par' dir='ltr' id='par_1_27' title="bbox 193 1227 980 1264">
     <span class='ocr_line' id='line_1_27' title="bbox 193 1227 980 1264; baseline 0.003 -11"><span class='ocrx_word' id='word_1_183' title='bbox 193 1227 267 1261; x_wconf 74' lang='grc' dir='ltr'><strong>λέγει</strong></span> <span class='ocrx_word' id='word_1_184' title='bbox 285 1227 396 1263; x_wconf 83' lang='grc' dir='ltr'>Κύριος,</span> <span class='ocrx_word' id='word_1_185' title='bbox 415 1229 455 1254; x_wconf 76' lang='grc' dir='ltr'>ὅτι</span> <span class='ocrx_word' id='word_1_186' title='bbox 472 1228 577 1260; x_wconf 81' lang='grc' dir='ltr'><strong>πάντας</strong></span> <span class='ocrx_word' id='word_1_187' title='bbox 594 1229 691 1260; x_wconf 80' lang='grc' dir='ltr'>αὐτοὺς</span> <span class='ocrx_word' id='word_1_188' title='bbox 705 1228 742 1260; x_wconf 84' lang='grc' dir='ltr'>ὡς</span> <span class='ocrx_word' id='word_1_189' title='bbox 756 1228 857 1264; x_wconf 79' lang='grc' dir='ltr'>κόσμον</span> <span class='ocrx_word' id='word_1_190' title='bbox 874 1229 980 1264; x_wconf 78' lang='grc' dir='ltr'>ἐνδύσῃ,</span> 
     </span>
    </p>
   </div>
   <div class='ocr_carea' id='block_1_28' title="bbox 191 1273 983 1310">
    <p class='ocr_par' dir='ltr' id='par_1_28' title="bbox 191 1273 983 1310">
     <span class='ocr_line' id='line_1_28' title="bbox 191 1273 983 1310; baseline 0.003 -11"><span class='ocrx_word' id='word_1_191' title='bbox 191 1274 242 1300; x_wconf 83' lang='grc' dir='ltr'>καὶ</span> <span class='ocrx_word' id='word_1_192' title='bbox 266 1273 425 1309; x_wconf 81' lang='grc' dir='ltr'>περιθήσεις</span> <span class='ocrx_word' id='word_1_193' title='bbox 453 1274 551 1306; x_wconf 72' lang='grc' dir='ltr'>αὐτοὺς</span> <span class='ocrx_word' id='word_1_194' title='bbox 572 1275 609 1306; x_wconf 84' lang='grc' dir='ltr'><strong>ὡς</strong></span> <span class='ocrx_word' id='word_1_195' title='bbox 629 1275 731 1309; x_wconf 78' lang='grc' dir='ltr'>κόσμον</span> <span class='ocrx_word' id='word_1_196' title='bbox 756 1275 865 1310; x_wconf 74' lang='grc' dir='ltr'><strong>νύμφῃ·</strong></span> <span class='ocrx_word' id='word_1_197' title='bbox 891 1276 930 1302; x_wconf 79' lang='grc' dir='ltr'>ὅτι</span> <span class='ocrx_word' id='word_1_198' title='bbox 948 1275 983 1302; x_wconf 78' lang='grc' dir='ltr'><strong>τὰ</strong></span> 
     </span>
    </p>
   </div>
   <div class='ocr_carea' id='block_1_29' title="bbox 190 1317 980 1356">
    <p class='ocr_par' dir='ltr' id='par_1_29' title="bbox 190 1317 980 1356">
     <span class='ocr_line' id='line_1_29' title="bbox 190 1317 980 1356; baseline 0.005 -13"><span class='ocrx_word' id='word_1_199' title='bbox 190 1317 286 1353; x_wconf 77' lang='grc' dir='ltr'>ἐρημά</span> <span class='ocrx_word' id='word_1_200' title='bbox 303 1326 366 1350; x_wconf 89' lang='grc' dir='ltr'>σου,</span> <span class='ocrx_word' id='word_1_201' title='bbox 385 1319 432 1344; x_wconf 78' lang='grc' dir='ltr'><strong>καὶ</strong></span> <span class='ocrx_word' id='word_1_202' title='bbox 448 1318 483 1345; x_wconf 74' lang='grc' dir='ltr'><strong>τὰ</strong></span> <span class='ocrx_word' id='word_1_203' title='bbox 505 1319 718 1356; x_wconf 79' lang='grc' dir='ltr'>κατεφθαρμένα</span> <span class='ocrx_word' id='word_1_204' title='bbox 738 1320 784 1346; x_wconf 79' lang='grc' dir='ltr'><strong>καὶ</strong></span> <span class='ocrx_word' id='word_1_205' title='bbox 809 1321 980 1353; x_wconf 82' lang='grc' dir='ltr'><strong>πεπτωκότα,</strong></span> 
     </span>
    </p>
   </div>
   <div class='ocr_carea' id='block_1_30' title="bbox 189 1364 983 1401">
    <p class='ocr_par' dir='ltr' id='par_1_30' title="bbox 189 1364 983 1401">
     <span class='ocr_line' id='line_1_30' title="bbox 189 1364 983 1401; baseline 0.003 -9"><span class='ocrx_word' id='word_1_206' title='bbox 189 1365 234 1392; x_wconf 78' lang='grc' dir='ltr'>ὅτι</span> <span class='ocrx_word' id='word_1_207' title='bbox 256 1364 304 1391; x_wconf 91' lang='grc' dir='ltr'><strong>νῦν</strong></span> <span class='ocrx_word' id='word_1_208' title='bbox 326 1367 523 1401; x_wconf 77' lang='grc' dir='ltr'>στενοχωρήσει</span> <span class='ocrx_word' id='word_1_209' title='bbox 544 1366 598 1393; x_wconf 80' lang='grc' dir='ltr'><strong>ἀπὸ</strong></span> <span class='ocrx_word' id='word_1_210' title='bbox 621 1364 676 1393; x_wconf 83' lang='grc' dir='ltr'><strong>τῶν</strong></span> <span class='ocrx_word' id='word_1_211' title='bbox 702 1366 910 1399; x_wconf 66' lang='grc' dir='ltr'><strong>κατοικούντων,</strong></span> <span class='ocrx_word' id='word_1_212' title='bbox 936 1368 983 1394; x_wconf 66' lang='grc' dir='ltr'><strong>καὶ⁴</strong></span> 
     </span>
    </p>
   </div>
   <div class='ocr_carea' id='block_1_31' title="bbox 191 1411 980 1446">
    <p class='ocr_par' dir='ltr' id='par_1_31' title="bbox 191 1411 980 1446">
     <span class='ocr_line' id='line_1_31' title="bbox 191 1411 980 1446; baseline 0.003 -9"><span class='ocrx_word' id='word_1_213' title='bbox 191 1411 433 1446; x_wconf 72' lang='grc' dir='ltr'>μακρυνθήσονται</span> <span class='ocrx_word' id='word_1_214' title='bbox 462 1412 516 1439; x_wconf 84' lang='grc' dir='ltr'><strong>ἀπὸ</strong></span> <span class='ocrx_word' id='word_1_215' title='bbox 548 1412 596 1439; x_wconf 86' lang='grc' dir='ltr'><strong>σοῦ</strong></span> <span class='ocrx_word' id='word_1_216' title='bbox 624 1413 649 1439; x_wconf 75' lang='grc' dir='ltr'>οἱ</span> <span class='ocrx_word' id='word_1_217' title='bbox 680 1413 874 1445; x_wconf 84' lang='grc' dir='ltr'>καταπίνοντές</span> <span class='ocrx_word' id='word_1_218' title='bbox 902 1422 942 1440; x_wconf 85' lang='grc' dir='ltr'><strong>σε.</strong></span> <span class='ocrx_word' id='word_1_219' title='bbox 971 1423 980 1439; x_wconf 74' lang='grc' dir='ltr'><strong>ι</strong></span> 
     </span>
    </p>
   </div>
   <div class='ocr_carea' id='block_1_32' title="bbox 193 1457 984 1494">
    <p class='ocr_par' dir='ltr' id='par_1_32' title="bbox 193 1457 984 1494">
     <span class='ocr_line' id='line_1_32' title="bbox 193 1457 984 1494; baseline 0.005 -12"><span class='ocrx_word' id='word_1_220' title='bbox 193 1457 339 1492; x_wconf 75' lang='grc' dir='ltr'><strong>Θαυμάσαι</strong></span> <span class='ocrx_word' id='word_1_221' title='bbox 358 1457 387 1484; x_wconf 82' lang='grc' dir='ltr'>δὲ</span> <span class='ocrx_word' id='word_1_222' title='bbox 401 1457 568 1490; x_wconf 71' lang='grc' dir='ltr'>ἕστιν,δπως</span> <span class='ocrx_word' id='word_1_223' title='bbox 591 1458 658 1494; x_wconf 77' lang='grc' dir='ltr'>πρὸς</span> <span class='ocrx_word' id='word_1_224' title='bbox 677 1460 710 1494; x_wconf 86' lang='grc' dir='ltr'>τῇ</span> <span class='ocrx_word' id='word_1_225' title='bbox 724 1458 827 1494; x_wconf 81' lang='grc' dir='ltr'>διανοίᾳ</span> <span class='ocrx_word' id='word_1_226' title='bbox 847 1459 893 1486; x_wconf 77' lang='grc' dir='ltr'>καὶ</span> <span class='ocrx_word' id='word_1_227' title='bbox 915 1459 984 1486; x_wconf 78' lang='grc' dir='ltr'>κατὰ</span> 
     </span>
    </p>
   </div>
   <div class='ocr_carea' id='block_1_33' title="bbox 193 1502 983 1540">
    <p class='ocr_par' dir='ltr' id='par_1_33' title="bbox 193 1502 983 1540">
     <span class='ocr_line' id='line_1_33' title="bbox 193 1502 983 1540; baseline 0.005 -12"><span class='ocrx_word' id='word_1_228' title='bbox 193 1502 242 1537; x_wconf 85' lang='grc' dir='ltr'>τὴν</span> <span class='ocrx_word' id='word_1_229' title='bbox 259 1503 377 1540; x_wconf 82' lang='grc' dir='ltr'>ἱστορίαν</span> <span class='ocrx_word' id='word_1_230' title='bbox 388 1504 403 1530; x_wconf 80' lang='grc' dir='ltr'><strong>ὁ</strong></span> <span class='ocrx_word' id='word_1_231' title='bbox 418 1504 496 1538; x_wconf 80' lang='grc' dir='ltr'>λόγος</span> <span class='ocrx_word' id='word_1_232' title='bbox 511 1504 662 1540; x_wconf 75' lang='grc' dir='ltr'>ἐπληροῦτο</span> <span class='ocrx_word' id='word_1_233' title='bbox 676 1504 722 1531; x_wconf 81' lang='grc' dir='ltr'><strong>τοῦ</strong></span> <span class='ocrx_word' id='word_1_234' title='bbox 734 1505 834 1537; x_wconf 77' lang='grc' dir='ltr'>παντὸς</span> <span class='ocrx_word' id='word_1_235' title='bbox 851 1505 983 1532; x_wconf 80' lang='grc' dir='ltr'>Ἰουδαίων</span> 
     </span>
    </p>
   </div>
   <div class='ocr_carea' id='block_1_34' title="bbox 193 1548 1016 1597">
    <p class='ocr_par' dir='ltr' id='par_1_34' title="bbox 193 1548 1016 1597">
     <span class='ocr_line' id='line_1_34' title="bbox 193 1548 1016 1597; baseline 0.005 -23"><span class='ocrx_word' id='word_1_236' title='bbox 193 1548 297 1597; x_wconf 75' lang='grc' dir='ltr'>ἔθνους,</span> <span class='ocrx_word' id='word_1_237' title='bbox 312 1549 380 1585; x_wconf 85' lang='grc' dir='ltr'>μετὰ</span> <span class='ocrx_word' id='word_1_238' title='bbox 392 1550 442 1586; x_wconf 82' lang='grc' dir='ltr'>τὴν</span> <span class='ocrx_word' id='word_1_239' title='bbox 460 1550 586 1577; x_wconf 85' lang='grc' dir='ltr'>σύστασιν</span> <span class='ocrx_word' id='word_1_240' title='bbox 602 1550 650 1586; x_wconf 83' lang='grc' dir='ltr'>τῆς</span> <span class='ocrx_word' id='word_1_241' title='bbox 665 1550 695 1583; x_wconf 82' lang='grc' dir='ltr'><strong>ὲξ</strong></span> <span class='ocrx_word' id='word_1_242' title='bbox 714 1550 798 1578; x_wconf 80' lang='grc' dir='ltr'>ὲονῶν</span> <span class='ocrx_word' id='word_1_243' title='bbox 820 1551 983 1586; x_wconf 80' lang='grc' dir='ltr'>Ἐκκλησίας</span> <span class='ocrx_word' id='word_1_244' title='bbox 995 1568 1016 1597; x_wconf 74' lang='lat' dir='ltr'><strong>c</strong></span> 
     </span>
    </p>
   </div>
   <div class='ocr_carea' id='block_1_35' title="bbox 193 1594 982 1633">
    <p class='ocr_par' dir='ltr' id='par_1_35' title="bbox 193 1594 982 1633">
     <span class='ocr_line' id='line_1_35' title="bbox 193 1594 982 1633; baseline 0.003 -12"><span class='ocrx_word' id='word_1_245' title='bbox 193 1594 364 1630; x_wconf 80' lang='grc' dir='ltr'>ἀποὸλήτους</span> <span class='ocrx_word' id='word_1_246' title='bbox 387 1596 548 1631; x_wconf 77' lang='grc' dir='ltr'>γενομένους</span> <span class='ocrx_word' id='word_1_247' title='bbox 571 1596 621 1632; x_wconf 82' lang='grc' dir='ltr'>τῆς</span> <span class='ocrx_word' id='word_1_248' title='bbox 646 1596 777 1632; x_wconf 73' lang='grc' dir='ltr'><strong>αἰσθητῆς</strong></span> <span class='ocrx_word' id='word_1_249' title='bbox 802 1596 907 1628; x_wconf 79' lang='grc' dir='ltr'>πόλεως</span> <span class='ocrx_word' id='word_1_250' title='bbox 933 1598 982 1633; x_wconf 84' lang='grc' dir='ltr'>τῆς</span> 
     </span>
    </p>
   </div>
   <div class='ocr_carea' id='block_1_36' title="bbox 192 1640 982 1677">
    <p class='ocr_par' dir='ltr' id='par_1_36' title="bbox 192 1640 982 1677">
     <span class='ocr_line' id='line_1_36' title="bbox 192 1640 982 1677; baseline 0.004 -11"><span class='ocrx_word' id='word_1_251' title='bbox 192 1640 265 1667; x_wconf 82' lang='grc' dir='ltr'>κατὰ</span> <span class='ocrx_word' id='word_1_252' title='bbox 284 1640 467 1677; x_wconf 85' lang='grc' dir='ltr'>Παλαιστίνην</span> <span class='ocrx_word' id='word_1_253' title='bbox 481 1642 619 1677; x_wconf 84' lang='grc' dir='ltr'>κειμένης,</span> <span class='ocrx_word' id='word_1_254' title='bbox 639 1641 707 1677; x_wconf 84' lang='grc' dir='ltr'>πρὸς</span> <span class='ocrx_word' id='word_1_255' title='bbox 725 1641 756 1668; x_wconf 88' lang='grc' dir='ltr'>τὸ</span> <span class='ocrx_word' id='word_1_256' title='bbox 771 1642 818 1669; x_wconf 71' lang='grc' dir='ltr'><strong>καὶ</strong></span> <span class='ocrx_word' id='word_1_257' title='bbox 831 1642 877 1669; x_wconf 88' lang='grc' dir='ltr'><strong>τοῦ</strong></span> <span class='ocrx_word' id='word_1_258' title='bbox 891 1642 982 1669; x_wconf 84' lang='grc' dir='ltr'>θεοσε-</span> 
     </span>
    </p>
   </div>
   <div class='ocr_carea' id='block_1_37' title="bbox 194 1684 614 1722">
    <p class='ocr_par' dir='ltr' id='par_1_37' title="bbox 194 1684 614 1722">
     <span class='ocr_line' id='line_1_37' title="bbox 194 1684 614 1722; baseline 0.005 -10"><span class='ocrx_word' id='word_1_259' title='bbox 194 1684 259 1717; x_wconf 79' lang='grc' dir='ltr'>6οῦς</span> <span class='ocrx_word' id='word_1_260' title='bbox 272 1686 466 1722; x_wconf 79' lang='grc' dir='ltr'>πολιτεύματος</span> <span class='ocrx_word' id='word_1_261' title='bbox 480 1688 614 1714; x_wconf 78' lang='grc' dir='ltr'>ἐκπεσεῖν.</span> 
     </span>
    </p>
   </div>
   <div class='ocr_carea' id='block_1_38' title="bbox 233 1729 983 1768">
    <p class='ocr_par' dir='ltr' id='par_1_38' title="bbox 233 1729 983 1768">
     <span class='ocr_line' id='line_1_38' title="bbox 233 1729 983 1768; baseline 0.005 -11"><span class='ocrx_word' id='word_1_262' title='bbox 233 1741 241 1756; x_wconf 82' lang='grc' dir='ltr'><strong>ι</strong></span> <span class='ocrx_word' id='word_1_263' title='bbox 262 1730 370 1766; x_wconf 85' lang='grc' dir='ltr'>Ἑροῦσι</span> <span class='ocrx_word' id='word_1_264' title='bbox 385 1732 439 1768; x_wconf 83' lang='grc' dir='ltr'><strong>γὰρ</strong></span> <span class='ocrx_word' id='word_1_265' title='bbox 451 1733 491 1763; x_wconf 87' lang='grc' dir='ltr'>εις</span> <span class='ocrx_word' id='word_1_266' title='bbox 504 1732 538 1758; x_wconf 76' lang='grc' dir='ltr'>τὰ</span> <span class='ocrx_word' id='word_1_267' title='bbox 551 1729 608 1759; x_wconf 82' lang='grc' dir='ltr'><strong>ὦτά</strong></span> <span class='ocrx_word' id='word_1_268' title='bbox 622 1741 668 1759; x_wconf 82' lang='grc' dir='ltr'><strong>σου</strong></span> <span class='ocrx_word' id='word_1_269' title='bbox 683 1733 706 1759; x_wconf 78' lang='lat' dir='ltr'><strong>oi</strong></span> <span class='ocrx_word' id='word_1_270' title='bbox 720 1732 773 1759; x_wconf 87' lang='grc' dir='ltr'>υίοί</span> <span class='ocrx_word' id='word_1_271' title='bbox 786 1741 843 1765; x_wconf 86' lang='grc' dir='ltr'>σου,</span> <span class='ocrx_word' id='word_1_272' title='bbox 856 1733 902 1765; x_wconf 80' lang='grc' dir='ltr'>οὓς</span> <span class='ocrx_word' id='word_1_273' title='bbox 915 1734 983 1761; x_wconf 85' lang='grc' dir='ltr'>ἀπο-</span> 
     </span>
    </p>
   </div>
   <div class='ocr_carea' id='block_1_39' title="bbox 193 1776 982 1815">
    <p class='ocr_par' dir='ltr' id='par_1_39' title="bbox 193 1776 982 1815">
     <span class='ocr_line' id='line_1_39' title="bbox 193 1776 982 1815; baseline 0.004 -12"><span class='ocrx_word' id='word_1_274' title='bbox 193 1776 332 1809; x_wconf 78' lang='grc' dir='ltr'>λώλεκας’</span> <span class='ocrx_word' id='word_1_275' title='bbox 357 1778 454 1810; x_wconf 80' lang='grc' dir='ltr'>Στενός</span> <span class='ocrx_word' id='word_1_276' title='bbox 479 1787 523 1813; x_wconf 90' lang='grc' dir='ltr'><strong>μοι</strong></span> <span class='ocrx_word' id='word_1_277' title='bbox 546 1780 560 1805; x_wconf 82' lang='grc' dir='ltr'><strong>ὁ</strong></span> <span class='ocrx_word' id='word_1_278' title='bbox 579 1778 678 1810; x_wconf 78' lang='grc' dir='ltr'>τόπος’</span> <span class='ocrx_word' id='word_1_279' title='bbox 697 1779 808 1814; x_wconf 78' lang='grc' dir='ltr'>ποίησόν</span> <span class='ocrx_word' id='word_1_280' title='bbox 831 1788 875 1815; x_wconf 86' lang='grc' dir='ltr'><strong>μοι</strong></span> <span class='ocrx_word' id='word_1_281' title='bbox 890 1779 982 1813; x_wconf 80' lang='grc' dir='ltr'>τόπον,</span> 
     </span>
    </p>
   </div>
   <div class='ocr_carea' id='block_1_40' title="bbox 196 1816 983 1861">
    <p class='ocr_par' dir='ltr' id='par_1_40' title="bbox 196 1816 983 1861">
     <span class='ocr_line' id='line_1_40' title="bbox 196 1816 983 1861; baseline 0.005 -13"><span class='ocrx_word' id='word_1_282' title='bbox 196 1822 241 1849; x_wconf 82' lang='grc' dir='ltr'>ἵνα</span> <span class='ocrx_word' id='word_1_283' title='bbox 260 1816 424 1858; x_wconf 72' lang='grc' dir='ltr'>κατοικήσω.</span> <span class='ocrx_word' id='word_1_284' title='bbox 450 1824 503 1850; x_wconf 76' lang='grc' dir='ltr'><strong>Καὶ</strong></span> <span class='ocrx_word' id='word_1_285' title='bbox 528 1825 601 1860; x_wconf 85' lang='grc' dir='ltr'>ὲρείς</span> <span class='ocrx_word' id='word_1_286' title='bbox 620 1825 648 1850; x_wconf 87' lang='grc' dir='ltr'>ὲν</span> <span class='ocrx_word' id='word_1_287' title='bbox 673 1826 705 1860; x_wconf 80' lang='grc' dir='ltr'><strong>τῇ</strong></span> <span class='ocrx_word' id='word_1_288' title='bbox 732 1825 829 1861; x_wconf 78' lang='grc' dir='ltr'>καρδίᾳ</span> <span class='ocrx_word' id='word_1_289' title='bbox 852 1833 909 1852; x_wconf 81' lang='grc' dir='ltr'>σου”</span> <span class='ocrx_word' id='word_1_290' title='bbox 936 1825 983 1858; x_wconf 84' lang='grc' dir='ltr'>Τίς</span> 
     </span>
    </p>
   </div>
   <div class='ocr_carea' id='block_1_41' title="bbox 196 1867 981 1907">
    <p class='ocr_par' dir='ltr' id='par_1_41' title="bbox 196 1867 981 1907">
     <span class='ocr_line' id='line_1_41' title="bbox 196 1867 981 1907; baseline 0.015 -14"><span class='ocrx_word' id='word_1_291' title='bbox 196 1867 326 1903; x_wconf 67' lang='grc' dir='ltr'>ἐγέννησε</span> <span class='ocrx_word' id='word_1_292' title='bbox 346 1877 391 1903; x_wconf 86' lang='grc' dir='ltr'><strong>μοι</strong></span> <span class='ocrx_word' id='word_1_293' title='bbox 410 1869 537 1903; x_wconf 80' lang='grc' dir='ltr'>τούτους-;</span> <span class='ocrx_word' id='word_1_294' title='bbox 564 1869 634 1905; x_wconf 82' lang='grc' dir='ltr'><strong>Ἐγὼ</strong></span> <span class='ocrx_word' id='word_1_295' title='bbox 649 1870 678 1897; x_wconf 83' lang='grc' dir='ltr'>δὲ</span> <span class='ocrx_word' id='word_1_296' title='bbox 698 1871 809 1903; x_wconf 75' lang='grc' dir='ltr'>ἄτεκνος</span> <span class='ocrx_word' id='word_1_297' title='bbox 833 1872 878 1898; x_wconf 71' lang='grc' dir='ltr'>καὶ</span> <span class='ocrx_word' id='word_1_298' title='bbox 900 1873 981 1907; x_wconf 67' lang='grc' dir='ltr'>χήραν</span> 
     </span>
    </p>
   </div>
   <div class='ocr_carea' id='block_1_42' title="bbox 195 1913 982 1953">
    <p class='ocr_par' dir='ltr' id='par_1_42' title="bbox 195 1913 982 1953">
     <span class='ocr_line' id='line_1_42' title="bbox 195 1913 982 1953; baseline 0.005 -13"><span class='ocrx_word' id='word_1_299' title='bbox 195 1913 307 1945; x_wconf 80' lang='grc' dir='ltr'>τούτους</span> <span class='ocrx_word' id='word_1_300' title='bbox 331 1914 360 1941; x_wconf 83' lang='grc' dir='ltr'>δὲ</span> <span class='ocrx_word' id='word_1_301' title='bbox 383 1914 424 1947; x_wconf 87' lang='grc' dir='ltr'><strong>τίς</strong></span> <span class='ocrx_word' id='word_1_302' title='bbox 440 1915 568 1952; x_wconf 80' lang='grc' dir='ltr'><strong>ἐξέθρεψέ</strong></span> <span class='ocrx_word' id='word_1_303' title='bbox 594 1925 653 1951; x_wconf 85' lang='grc' dir='ltr'>μοι;</span> <span class='ocrx_word' id='word_1_304' title='bbox 679 1915 734 1951; x_wconf 74' lang='grc' dir='ltr'><strong>ἐγὼ</strong></span> <span class='ocrx_word' id='word_1_305' title='bbox 752 1916 780 1943; x_wconf 86' lang='grc' dir='ltr'>δὲ</span> <span class='ocrx_word' id='word_1_306' title='bbox 803 1917 982 1953; x_wconf 84' lang='grc' dir='ltr'>κατελείφθην</span> 
     </span>
    </p>
   </div>
   <div class='ocr_carea' id='block_1_43' title="bbox 195 1956 983 1998">
    <p class='ocr_par' dir='ltr' id='par_1_43' title="bbox 195 1956 983 1998">
     <span class='ocr_line' id='line_1_43' title="bbox 195 1956 983 1998; baseline 0.004 -13"><span class='ocrx_word' id='word_1_307' title='bbox 195 1959 276 1994; x_wconf 81' lang='grc' dir='ltr'>μόνη,</span> <span class='ocrx_word' id='word_1_308' title='bbox 291 1956 363 1987; x_wconf 74' lang='grc' dir='ltr'>οὗτοι</span> <span class='ocrx_word' id='word_1_309' title='bbox 380 1960 409 1986; x_wconf 78' lang='grc' dir='ltr'>δέ</span> <span class='ocrx_word' id='word_1_310' title='bbox 431 1969 475 1995; x_wconf 89' lang='grc' dir='ltr'><strong>μοι</strong></span> <span class='ocrx_word' id='word_1_311' title='bbox 497 1960 549 1987; x_wconf 85' lang='grc' dir='ltr'><strong>ποῦ</strong></span> <span class='ocrx_word' id='word_1_312' title='bbox 565 1959 653 1997; x_wconf 80' lang='grc' dir='ltr'>ἧσαν;</span> <span class='ocrx_word' id='word_1_313' title='bbox 669 1970 678 1987; x_wconf 75' lang='grc' dir='ltr'><strong>ι</strong></span> <span class='ocrx_word' id='word_1_314' title='bbox 701 1961 754 1988; x_wconf 88' lang='grc' dir='ltr'>Τοῦ</span> <span class='ocrx_word' id='word_1_315' title='bbox 776 1963 809 1989; x_wconf 80' lang='grc' dir='ltr'>ὲκ</span> <span class='ocrx_word' id='word_1_316' title='bbox 831 1963 983 1998; x_wconf 81' lang='grc' dir='ltr'>περιτομῆς</span> 
     </span>
    </p>
   </div>
   <div class='ocr_carea' id='block_1_44' title="bbox 194 2004 983 2043">
    <p class='ocr_par' dir='ltr' id='par_1_44' title="bbox 194 2004 983 2043">
     <span class='ocr_line' id='line_1_44' title="bbox 194 2004 983 2043; baseline 0.005 -12"><span class='ocrx_word' id='word_1_317' title='bbox 194 2004 260 2031; x_wconf 79' lang='grc' dir='ltr'>λαοῦ</span> <span class='ocrx_word' id='word_1_318' title='bbox 281 2005 311 2032; x_wconf 85' lang='grc' dir='ltr'>τὸ</span> <span class='ocrx_word' id='word_1_319' title='bbox 324 2005 390 2032; x_wconf 83' lang='grc' dir='ltr'>πολὺ</span> <span class='ocrx_word' id='word_1_320' title='bbox 407 2006 506 2042; x_wconf 87' lang='grc' dir='ltr'>πλῆθος</span> <span class='ocrx_word' id='word_1_321' title='bbox 520 2007 570 2042; x_wconf 85' lang='grc' dir='ltr'>τῆς</span> <span class='ocrx_word' id='word_1_322' title='bbox 598 2007 761 2042; x_wconf 82' lang='grc' dir='ltr'>Ἐκκλησίας</span> <span class='ocrx_word' id='word_1_323' title='bbox 780 2007 841 2034; x_wconf 81' lang='grc' dir='ltr'>καθ’</span> <span class='ocrx_word' id='word_1_324' title='bbox 857 2008 921 2043; x_wconf 83' lang='grc' dir='ltr'>ὅλης</span> <span class='ocrx_word' id='word_1_325' title='bbox 932 2007 983 2043; x_wconf 88' lang='grc' dir='ltr'>τῆς</span> 
     </span>
    </p>
   </div>
   <div class='ocr_carea' id='block_1_45' title="bbox 196 2051 980 2089">
    <p class='ocr_par' dir='ltr' id='par_1_45' title="bbox 196 2051 980 2089">
     <span class='ocr_line' id='line_1_45' title="bbox 196 2051 980 2089; baseline 0.005 -13"><span class='ocrx_word' id='word_1_326' title='bbox 196 2051 356 2087; x_wconf 78' lang='grc' dir='ltr'>οἰκουμένης</span> <span class='ocrx_word' id='word_1_327' title='bbox 387 2052 418 2084; x_wconf 76' lang='grc' dir='ltr'>ἐξ</span> <span class='ocrx_word' id='word_1_328' title='bbox 452 2052 578 2079; x_wconf 83' lang='grc' dir='ltr'>ἁπάντων</span> <span class='ocrx_word' id='word_1_329' title='bbox 614 2053 855 2089; x_wconf 78' lang='grc' dir='ltr'>ἀντεισαχθήσεται</span> <span class='ocrx_word' id='word_1_330' title='bbox 887 2053 980 2081; x_wconf 80' lang='grc' dir='ltr'>ἐθνῶν.</span> 
     </span>
    </p>
   </div>
   <div class='ocr_carea' id='block_1_46' title="bbox 194 2094 983 2135">
    <p class='ocr_par' dir='ltr' id='par_1_46' title="bbox 194 2094 983 2135">
     <span class='ocr_line' id='line_1_46' title="bbox 194 2094 983 2135; baseline 0.005 -13"><span class='ocrx_word' id='word_1_331' title='bbox 194 2094 284 2123; x_wconf 79' lang='grc' dir='ltr'>Ἦσαν</span> <span class='ocrx_word' id='word_1_332' title='bbox 300 2097 354 2133; x_wconf 80' lang='grc' dir='ltr'>γάρ</span> <span class='ocrx_word' id='word_1_333' title='bbox 372 2106 435 2124; x_wconf 86' lang='grc' dir='ltr'>ποτε</span> <span class='ocrx_word' id='word_1_334' title='bbox 452 2099 480 2124; x_wconf 83' lang='grc' dir='ltr'>ὲν</span> <span class='ocrx_word' id='word_1_335' title='bbox 494 2098 616 2134; x_wconf 82' lang='grc' dir='ltr'>ἀπωλείᾳ</span> <span class='ocrx_word' id='word_1_336' title='bbox 627 2099 652 2125; x_wconf 73' lang='lat' dir='ltr'><strong>oi</strong></span> <span class='ocrx_word' id='word_1_337' title='bbox 669 2100 713 2126; x_wconf 75' lang='grc' dir='ltr'><strong>διὰ</strong></span> <span class='ocrx_word' id='word_1_338' title='bbox 729 2099 778 2135; x_wconf 83' lang='grc' dir='ltr'>τῆς</span> <span class='ocrx_word' id='word_1_339' title='bbox 790 2100 924 2135; x_wconf 86' lang='grc' dir='ltr'>σωτηρίου</span> <span class='ocrx_word' id='word_1_340' title='bbox 938 2100 983 2135; x_wconf 81' lang='grc' dir='ltr'><strong>χά-</strong></span> 
     </span>
    </p>
   </div>
   <div class='ocr_carea' id='block_1_47' title="bbox 195 2144 983 2182">
    <p class='ocr_par' dir='ltr' id='par_1_47' title="bbox 195 2144 983 2182">
     <span class='ocr_line' id='line_1_47' title="bbox 195 2144 983 2182; baseline 0.004 -13"><span class='ocrx_word' id='word_1_341' title='bbox 195 2152 268 2179; x_wconf 84' lang='grc' dir='ltr'>ριτος</span> <span class='ocrx_word' id='word_1_342' title='bbox 294 2145 326 2179; x_wconf 79' lang='grc' dir='ltr'><strong>τῇ</strong></span> <span class='ocrx_word' id='word_1_343' title='bbox 356 2144 478 2180; x_wconf 72' lang='grc' dir='ltr'>πολιτείᾳ</span> <span class='ocrx_word' id='word_1_344' title='bbox 501 2145 549 2171; x_wconf 81' lang='grc' dir='ltr'><strong>τοῦ</strong></span> <span class='ocrx_word' id='word_1_345' title='bbox 579 2145 647 2172; x_wconf 84' lang='grc' dir='ltr'><strong>Θεοῦ</strong></span> <span class='ocrx_word' id='word_1_346' title='bbox 673 2146 906 2182; x_wconf 64' lang='grc' dir='ltr'>προσδραμόντεςε</span> <span class='ocrx_word' id='word_1_347' title='bbox 935 2145 983 2178; x_wconf 80' lang='grc' dir='ltr'><strong>οὓς</strong></span> 
     </span>
    </p>
   </div>
   <div class='ocr_carea' id='block_1_48' title="bbox 194 2188 980 2226">
    <p class='ocr_par' dir='ltr' id='par_1_48' title="bbox 194 2188 980 2226">
     <span class='ocr_line' id='line_1_48' title="bbox 194 2188 980 2226; baseline 0.005 -11"><span class='ocrx_word' id='word_1_348' title='bbox 194 2189 312 2226; x_wconf 80' lang='grc' dir='ltr'>ὀρῶσαὴ</span> <span class='ocrx_word' id='word_1_349' title='bbox 341 2190 487 2226; x_wconf 83' lang='grc' dir='ltr'>Ἐκκλησία</span> <span class='ocrx_word' id='word_1_350' title='bbox 506 2190 552 2217; x_wconf 79' lang='grc' dir='ltr'><strong>τοῦ</strong></span> <span class='ocrx_word' id='word_1_351' title='bbox 569 2191 636 2217; x_wconf 83' lang='grc' dir='ltr'><strong>Θεοῦ</strong></span> <span class='ocrx_word' id='word_1_352' title='bbox 651 2188 839 2226; x_wconf 58' lang='grc' dir='ltr'>ἀποθαυμάσει</span> <span class='ocrx_word' id='word_1_353' title='bbox 855 2192 980 2226; x_wconf 75' lang='grc' dir='ltr'>λέγουσα,</span> 
     </span>
    </p>
   </div>
   <div class='ocr_carea' id='block_1_49' title="bbox 1028 267 1372 301">
    <p class='ocr_par' dir='ltr' id='par_1_49' title="bbox 1028 267 1372 301">
     <span class='ocr_line' id='line_1_49' title="bbox 1028 267 1372 301; baseline -0.006 -6"><span class='ocrx_word' id='word_1_354' title='bbox 1028 268 1070 295; x_wconf 66' lang='grc' dir='ltr'>δίε</span> <span class='ocrx_word' id='word_1_355' title='bbox 1087 275 1145 293; x_wconf 73' lang='lat' dir='ltr'><strong>eam</strong></span> <span class='ocrx_word' id='word_1_356' title='bbox 1163 267 1343 301; x_wconf 87' lang='lat' dir='ltr'><strong>alloqueulem</strong></span> <span class='ocrx_word' id='word_1_357' title='bbox 1366 275 1372 293; x_wconf 88' lang='lat'><strong>:</strong></span> 
     </span>
    </p>
   </div>
   <div class='ocr_carea' id='block_1_50' title="bbox 1064 310 1814 346">
    <p class='ocr_par' dir='ltr' id='par_1_50' title="bbox 1064 310 1814 346">
     <span class='ocr_line' id='line_1_50' title="bbox 1064 310 1814 346; baseline 0.001 -8"><span class='ocrx_word' id='word_1_358' title='bbox 1064 311 1146 338; x_wconf 70' lang='lat' dir='ltr'><strong>Vsus.</strong></span> <span class='ocrx_word' id='word_1_359' title='bbox 1164 310 1207 338; x_wconf 79' lang='lat' dir='ltr'><strong>l6.</strong></span> <span class='ocrx_word' id='word_1_360' title='bbox 1224 320 1233 336; x_wconf 80' lang='grc' dir='ltr'><strong>ι</strong></span> <span class='ocrx_word' id='word_1_361' title='bbox 1249 310 1318 338; x_wconf 87' lang='lat' dir='ltr'><strong>Ecce</strong></span> <span class='ocrx_word' id='word_1_362' title='bbox 1337 318 1417 344; x_wconf 80' lang='lat' dir='ltr'><strong>super</strong></span> <span class='ocrx_word' id='word_1_363' title='bbox 1430 317 1524 337; x_wconf 85' lang='lat' dir='ltr'><strong>manus</strong></span> <span class='ocrx_word' id='word_1_364' title='bbox 1540 316 1614 337; x_wconf 84' lang='lat' dir='ltr'><strong>meas</strong></span> <span class='ocrx_word' id='word_1_365' title='bbox 1632 310 1739 346; x_wconf 79' lang='lat' dir='ltr'><strong>depiuxi</strong></span> <span class='ocrx_word' id='word_1_366' title='bbox 1755 319 1814 339; x_wconf 81' lang='lat' dir='ltr'><strong>mo-</strong></span> 
     </span>
    </p>
   </div>
   <div class='ocr_carea' id='block_1_51' title="bbox 1030 357 1812 393">
    <p class='ocr_par' dir='ltr' id='par_1_51' title="bbox 1030 357 1812 393">
     <span class='ocr_line' id='line_1_51' title="bbox 1030 357 1812 393; baseline 0 -7"><span class='ocrx_word' id='word_1_367' title='bbox 1030 366 1076 386; x_wconf 89' lang='lat' dir='ltr'><strong>ros</strong></span> <span class='ocrx_word' id='word_1_368' title='bbox 1094 364 1162 390; x_wconf 85' lang='lat' dir='ltr'><strong>tuos,</strong></span> <span class='ocrx_word' id='word_1_369' title='bbox 1188 363 1215 386; x_wconf 90' lang='lat' dir='ltr'><strong>et</strong></span> <span class='ocrx_word' id='word_1_370' title='bbox 1239 358 1266 385; x_wconf 89' lang='lat' dir='ltr'><strong>in</strong></span> <span class='ocrx_word' id='word_1_371' title='bbox 1293 362 1438 393; x_wconf 84' lang='lat' dir='ltr'><strong>conspectu</strong></span> <span class='ocrx_word' id='word_1_372' title='bbox 1463 365 1522 385; x_wconf 91' lang='lat' dir='ltr'><strong>meo</strong></span> <span class='ocrx_word' id='word_1_373' title='bbox 1539 365 1568 385; x_wconf 86' lang='lat' dir='ltr'><strong>es</strong></span> <span class='ocrx_word' id='word_1_374' title='bbox 1583 365 1700 392; x_wconf 79' lang='lat' dir='ltr'><strong>semper.</strong></span> <span class='ocrx_word' id='word_1_375' title='bbox 1715 367 1726 385; x_wconf 73' lang='grc' dir='ltr'><strong>ι</strong></span> <span class='ocrx_word' id='word_1_376' title='bbox 1745 357 1812 386; x_wconf 87' lang='lat' dir='ltr'><strong>Nam</strong></span> 
     </span>
    </p>
   </div>
   <div class='ocr_carea' id='block_1_52' title="bbox 1030 403 1814 439">
    <p class='ocr_par' dir='ltr' id='par_1_52' title="bbox 1030 403 1814 439">
     <span class='ocr_line' id='line_1_52' title="bbox 1030 403 1814 439; baseline -0.003 -7"><span class='ocrx_word' id='word_1_377' title='bbox 1030 412 1126 432; x_wconf 85' lang='lat' dir='ltr'><strong>manus</strong></span> <span class='ocrx_word' id='word_1_378' title='bbox 1142 404 1189 432; x_wconf 87' lang='lat' dir='ltr'><strong>Dei</strong></span> <span class='ocrx_word' id='word_1_379' title='bbox 1203 411 1295 432; x_wconf 86' lang='lat' dir='ltr'><strong>revera</strong></span> <span class='ocrx_word' id='word_1_380' title='bbox 1311 403 1463 439; x_wconf 74' lang='lat' dir='ltr'><strong>huiusmodi</strong></span> <span class='ocrx_word' id='word_1_381' title='bbox 1480 404 1573 431; x_wconf 83' lang='lat' dir='ltr'><strong>urbem</strong></span> <span class='ocrx_word' id='word_1_382' title='bbox 1592 404 1734 436; x_wconf 63' lang='lat' dir='ltr'><strong>aediﬁcant,</strong></span> <span class='ocrx_word' id='word_1_383' title='bbox 1759 404 1814 431; x_wconf 85' lang='lat' dir='ltr'><strong>inm</strong></span> 
     </span>
    </p>
   </div>
   <div class='ocr_carea' id='block_1_53' title="bbox 1029 449 1812 486">
    <p class='ocr_par' dir='ltr' id='par_1_53' title="bbox 1029 449 1812 486">
     <span class='ocr_line' id='line_1_53' title="bbox 1029 449 1812 486; baseline -0.001 -9"><span class='ocrx_word' id='word_1_384' title='bbox 1029 450 1119 486; x_wconf 87' lang='lat' dir='ltr'><strong>potius</strong></span> <span class='ocrx_word' id='word_1_385' title='bbox 1145 449 1231 484; x_wconf 85' lang='lat' dir='ltr'><strong>ipsam</strong></span> <span class='ocrx_word' id='word_1_386' title='bbox 1258 449 1394 477; x_wconf 86' lang='lat' dir='ltr'><strong>delineant</strong></span> <span class='ocrx_word' id='word_1_387' title='bbox 1422 454 1450 476; x_wconf 89' lang='lat' dir='ltr'><strong>et</strong></span> <span class='ocrx_word' id='word_1_388' title='bbox 1481 450 1648 484; x_wconf 83' lang='lat' dir='ltr'><strong>depingunt,</strong></span> <span class='ocrx_word' id='word_1_389' title='bbox 1676 450 1752 484; x_wconf 86' lang='lat' dir='ltr'><strong>quasi</strong></span> <span class='ocrx_word' id='word_1_390' title='bbox 1786 449 1812 476; x_wconf 88' lang='lat' dir='ltr'><strong>in</strong></span> 
     </span>
    </p>
   </div>
   <div class='ocr_carea' id='block_1_54' title="bbox 1031 495 1815 530">
    <p class='ocr_par' dir='ltr' id='par_1_54' title="bbox 1031 495 1815 530">
     <span class='ocr_line' id='line_1_54' title="bbox 1031 495 1815 530; baseline 0 -8"><span class='ocrx_word' id='word_1_391' title='bbox 1031 495 1128 523; x_wconf 82' lang='lat' dir='ltr'><strong>tabella</strong></span> <span class='ocrx_word' id='word_1_392' title='bbox 1146 503 1206 530; x_wconf 75' lang='lat' dir='ltr'><strong>ane</strong></span> <span class='ocrx_word' id='word_1_393' title='bbox 1222 495 1386 530; x_wconf 69' lang='lat' dir='ltr'><strong>depingitur,</strong></span> <span class='ocrx_word' id='word_1_394' title='bbox 1412 503 1445 522; x_wconf 84' lang='lat' dir='ltr'><strong>ac</strong></span> <span class='ocrx_word' id='word_1_395' title='bbox 1459 495 1542 522; x_wconf 88' lang='lat' dir='ltr'><strong>divini</strong></span> <span class='ocrx_word' id='word_1_396' title='bbox 1561 495 1676 522; x_wconf 74' lang='lat' dir='ltr'><strong>instituti</strong></span> <span class='ocrx_word' id='word_1_397' title='bbox 1701 496 1728 522; x_wconf 91' lang='lat' dir='ltr'><strong>&#39;rn</strong></span> <span class='ocrx_word' id='word_1_398' title='bbox 1756 495 1815 522; x_wconf 85' lang='lat' dir='ltr'><strong>ani-</strong></span> 
     </span>
    </p>
   </div>
   <div class='ocr_carea' id='block_1_55' title="bbox 1031 540 1815 576">
    <p class='ocr_par' dir='ltr' id='par_1_55' title="bbox 1031 540 1815 576">
     <span class='ocr_line' id='line_1_55' title="bbox 1031 540 1815 576; baseline -0.001 -8"><span class='ocrx_word' id='word_1_399' title='bbox 1031 542 1126 569; x_wconf 85' lang='lat' dir='ltr'><strong>mabus</strong></span> <span class='ocrx_word' id='word_1_400' title='bbox 1140 541 1280 568; x_wconf 88' lang='lat' dir='ltr'><strong>hominum</strong></span> <span class='ocrx_word' id='word_1_401' title='bbox 1296 540 1406 568; x_wconf 79' lang='lat' dir='ltr'><strong>slabilili</strong></span> <span class='ocrx_word' id='word_1_402' title='bbox 1427 541 1588 576; x_wconf 84' lang='lat' dir='ltr'><strong>positionem</strong></span> <span class='ocrx_word' id='word_1_403' title='bbox 1606 546 1633 568; x_wconf 85' lang='lat' dir='ltr'><strong>et</strong></span> <span class='ocrx_word' id='word_1_404' title='bbox 1647 540 1715 573; x_wconf 84' lang='lat' dir='ltr'><strong>loca,</strong></span> <span class='ocrx_word' id='word_1_405' title='bbox 1730 540 1815 568; x_wconf 88' lang='lat' dir='ltr'><strong>liuea-</strong></span> 
     </span>
    </p>
   </div>
   <div class='ocr_carea' id='block_1_56' title="bbox 1031 587 1814 622">
    <p class='ocr_par' dir='ltr' id='par_1_56' title="bbox 1031 587 1814 622">
     <span class='ocr_line' id='line_1_56' title="bbox 1031 587 1814 622; baseline -0.001 -7"><span class='ocrx_word' id='word_1_406' title='bbox 1031 587 1131 615; x_wconf 87' lang='lat' dir='ltr'><strong>mentis</strong></span> <span class='ocrx_word' id='word_1_407' title='bbox 1144 587 1296 622; x_wconf 84' lang='lat' dir='ltr'><strong>designant.</strong></span> <span class='ocrx_word' id='word_1_408' title='bbox 1315 587 1392 620; x_wconf 81' lang='lat' dir='ltr'><strong>Quod</strong></span> <span class='ocrx_word' id='word_1_409' title='bbox 1408 587 1489 614; x_wconf 89' lang='lat' dir='ltr'><strong>etiam</strong></span> <span class='ocrx_word' id='word_1_410' title='bbox 1509 587 1564 621; x_wconf 84' lang='lat' dir='ltr'><strong>ipse</strong></span> <span class='ocrx_word' id='word_1_411' title='bbox 1575 594 1684 621; x_wconf 87' lang='lat' dir='ltr'><strong>quoque</strong></span> <span class='ocrx_word' id='word_1_412' title='bbox 1696 588 1814 614; x_wconf 77' lang='lat' dir='ltr'><strong>civitatis</strong></span> 
     </span>
    </p>
   </div>
   <div class='ocr_carea' id='block_1_57' title="bbox 1031 632 1815 667">
    <p class='ocr_par' dir='ltr' id='par_1_57' title="bbox 1031 632 1815 667">
     <span class='ocr_line' id='line_1_57' title="bbox 1031 632 1815 667; baseline -0.001 -7"><span class='ocrx_word' id='word_1_413' title='bbox 1031 633 1158 661; x_wconf 78' lang='lat' dir='ltr'><strong>fundator</strong></span> <span class='ocrx_word' id='word_1_414' title='bbox 1176 638 1203 660; x_wconf 89' lang='lat' dir='ltr'><strong>et</strong></span> <span class='ocrx_word' id='word_1_415' title='bbox 1216 633 1318 667; x_wconf 80' lang='lat' dir='ltr'><strong>opifex,</strong></span> <span class='ocrx_word' id='word_1_416' title='bbox 1345 632 1469 659; x_wconf 70' lang='lat' dir='ltr'><strong>videlicet</strong></span> <span class='ocrx_word' id='word_1_417' title='bbox 1495 633 1542 660; x_wconf 85' lang='lat' dir='ltr'><strong>Dei</strong></span> <span class='ocrx_word' id='word_1_418' title='bbox 1569 633 1698 664; x_wconf 85' lang='lat' dir='ltr'><strong>Verbum,</strong></span> <span class='ocrx_word' id='word_1_419' title='bbox 1723 633 1815 660; x_wconf 78' lang='lat' dir='ltr'><strong>docuit</strong></span> 
     </span>
    </p>
   </div>
   <div class='ocr_carea' id='block_1_58' title="bbox 1031 678 1813 714">
    <p class='ocr_par' dir='ltr' id='par_1_58' title="bbox 1031 678 1813 714">
     <span class='ocr_line' id='line_1_58' title="bbox 1031 678 1813 714; baseline -0.003 -7"><span class='ocrx_word' id='word_1_420' title='bbox 1031 679 1075 707; x_wconf 81' lang='lat' dir='ltr'><strong>his</strong></span> <span class='ocrx_word' id='word_1_421' title='bbox 1101 679 1207 712; x_wconf 80' lang='lat' dir='ltr'><strong>verbis,</strong></span> <span class='ocrx_word' id='word_1_422' title='bbox 1226 679 1338 714; x_wconf 73' lang='lat' dir='ltr'><strong>«Supra</strong></span> <span class='ocrx_word' id='word_1_423' title='bbox 1365 684 1468 713; x_wconf 86' lang='lat' dir='ltr'><strong>petram</strong></span> <span class='ocrx_word' id='word_1_424' title='bbox 1495 679 1634 706; x_wconf 71' lang='lat' dir='ltr'><strong>mdiﬁcabo</strong></span> <span class='ocrx_word' id='word_1_425' title='bbox 1665 678 1813 706; x_wconf 86' lang='lat' dir='ltr'><strong>Ecelcsiam</strong></span> 
     </span>
    </p>
   </div>
   <div class='ocr_carea' id='block_1_59' title="bbox 1032 725 1815 761">
    <p class='ocr_par' dir='ltr' id='par_1_59' title="bbox 1032 725 1815 761">
     <span class='ocr_line' id='line_1_59' title="bbox 1032 725 1815 761; baseline 0 -8"><span class='ocrx_word' id='word_1_426' title='bbox 1032 733 1137 758; x_wconf 84' lang='lat' dir='ltr'><strong>meatu,</strong></span> <span class='ocrx_word' id='word_1_427' title='bbox 1155 730 1182 753; x_wconf 93' lang='lat' dir='ltr'><strong>et</strong></span> <span class='ocrx_word' id='word_1_428' title='bbox 1198 730 1282 761; x_wconf 72' lang='lat' dir='ltr'><strong>porta:</strong></span> <span class='ocrx_word' id='word_1_429' title='bbox 1298 725 1375 752; x_wconf 82' lang='lat' dir='ltr'><strong>inferi</strong></span> <span class='ocrx_word' id='word_1_430' title='bbox 1404 732 1457 752; x_wconf 90' lang='lat' dir='ltr'><strong>non</strong></span> <span class='ocrx_word' id='word_1_431' title='bbox 1477 725 1661 760; x_wconf 68' lang='lat' dir='ltr'><strong>praevalebunt</strong></span> <span class='ocrx_word' id='word_1_432' title='bbox 1685 725 1815 753; x_wconf 82' lang='lat' dir='ltr'><strong>adversus</strong></span> 
     </span>
    </p>
   </div>
   <div class='ocr_carea' id='block_1_60' title="bbox 1031 771 1160 798">
    <p class='ocr_par' dir='ltr' id='par_1_60' title="bbox 1031 771 1160 798">
     <span class='ocr_line' id='line_1_60' title="bbox 1031 771 1160 798; baseline -0.008 0"><span class='ocrx_word' id='word_1_433' title='bbox 1031 778 1090 798; x_wconf 87' lang='lat' dir='ltr'><strong>eam</strong></span> <span class='ocrx_word' id='word_1_434' title='bbox 1104 771 1137 798; x_wconf 81' lang='grc' dir='ltr'><strong>ὀ.</strong></span> <span class='ocrx_word' id='word_1_435' title='bbox 1151 780 1160 797; x_wconf 74' lang='grc' dir='ltr'><strong><em>ι</em></strong></span> 
     </span>
    </p>
   </div>
   <div class='ocr_carea' id='block_1_61' title="bbox 1069 816 1817 852">
    <p class='ocr_par' dir='ltr' id='par_1_61' title="bbox 1069 816 1817 852">
     <span class='ocr_line' id='line_1_61' title="bbox 1069 816 1817 852; baseline 0 -8"><span class='ocrx_word' id='word_1_436' title='bbox 1069 817 1150 844; x_wconf 76' lang='lat' dir='ltr'><strong>Vsus.</strong></span> <span class='ocrx_word' id='word_1_437' title='bbox 1180 817 1224 844; x_wconf 75' lang='grc' dir='ltr'><strong>Π.</strong></span> <span class='ocrx_word' id='word_1_438' title='bbox 1249 816 1386 852; x_wconf 76' lang='grc' dir='ltr'>ιίζίιοιιυε</span> <span class='ocrx_word' id='word_1_439' title='bbox 1406 817 1592 849; x_wconf 69' lang='grc' dir='ltr'><strong>ωόίῐίςοιιει-ῑε,</strong></span> <span class='ocrx_word' id='word_1_440' title='bbox 1610 824 1625 844; x_wconf 89' lang='lat' dir='ltr'><strong>a</strong></span> <span class='ocrx_word' id='word_1_441' title='bbox 1648 817 1745 852; x_wconf 84' lang='lat' dir='ltr'><strong>quibus</strong></span> <span class='ocrx_word' id='word_1_442' title='bbox 1769 817 1817 844; x_wconf 77' lang='lat' dir='ltr'><strong>de-</strong></span> 
     </span>
    </p>
   </div>
   <div class='ocr_carea' id='block_1_62' title="bbox 1032 863 1814 898">
    <p class='ocr_par' dir='ltr' id='par_1_62' title="bbox 1032 863 1814 898">
     <span class='ocr_line' id='line_1_62' title="bbox 1032 863 1814 898; baseline 0 -8"><span class='ocrx_word' id='word_1_443' title='bbox 1032 867 1133 891; x_wconf 85' lang='lat' dir='ltr'><strong>structa</strong></span> <span class='ocrx_word' id='word_1_444' title='bbox 1144 871 1182 898; x_wconf 88' lang='lat' dir='ltr'><strong>es,</strong></span> <span class='ocrx_word' id='word_1_445' title='bbox 1192 868 1218 891; x_wconf 93' lang='lat' dir='ltr'><strong>et</strong></span> <span class='ocrx_word' id='word_1_446' title='bbox 1227 863 1272 898; x_wconf 90' lang='lat' dir='ltr'><strong>qui</strong></span> <span class='ocrx_word' id='word_1_447' title='bbox 1283 869 1308 891; x_wconf 88' lang='lat' dir='ltr'><strong>te</strong></span> <span class='ocrx_word' id='word_1_448' title='bbox 1321 863 1521 895; x_wconf 71' lang='lat' dir='ltr'><strong>desolatverunl,</strong></span> <span class='ocrx_word' id='word_1_449' title='bbox 1534 863 1705 898; x_wconf 75' lang='lat' dir='ltr'><strong>egredientur</strong></span> <span class='ocrx_word' id='word_1_450' title='bbox 1713 870 1744 891; x_wconf 82' lang='lat' dir='ltr'><strong>ex</strong></span> <span class='ocrx_word' id='word_1_451' title='bbox 1761 867 1814 891; x_wconf 66' lang='lat' dir='ltr'><strong>te.)</strong></span> 
     </span>
    </p>
   </div>
   <div class='ocr_carea' id='block_1_63' title="bbox 1033 909 1816 944">
    <p class='ocr_par' dir='ltr' id='par_1_63' title="bbox 1033 909 1816 944">
     <span class='ocr_line' id='line_1_63' title="bbox 1033 909 1816 944; baseline -0.001 -8"><span class='ocrx_word' id='word_1_452' title='bbox 1033 910 1263 943; x_wconf 86' lang='lat' dir='ltr'><strong>Quemadmodum</strong></span> <span class='ocrx_word' id='word_1_453' title='bbox 1286 910 1357 937; x_wconf 83' lang='lat' dir='ltr'><strong>enim</strong></span> <span class='ocrx_word' id='word_1_454' title='bbox 1377 909 1460 936; x_wconf 69' lang='lat' dir='ltr'><strong>Judaei</strong></span> <span class='ocrx_word' id='word_1_455' title='bbox 1483 909 1562 944; x_wconf 84' lang='lat' dir='ltr'><strong>hujus</strong></span> <span class='ocrx_word' id='word_1_456' title='bbox 1580 909 1677 937; x_wconf 79' lang='lat' dir='ltr'><strong>excidii</strong></span> <span class='ocrx_word' id='word_1_457' title='bbox 1692 914 1816 936; x_wconf 75' lang='lat' dir='ltr'><strong>auctores</strong></span> 
     </span>
    </p>
   </div>
   <div class='ocr_carea' id='block_1_64' title="bbox 1033 955 1816 990">
    <p class='ocr_par' dir='ltr' id='par_1_64' title="bbox 1033 955 1816 990">
     <span class='ocr_line' id='line_1_64' title="bbox 1033 955 1816 990; baseline 0 -8"><span class='ocrx_word' id='word_1_458' title='bbox 1033 955 1107 982; x_wconf 78' lang='lat' dir='ltr'><strong>fuere</strong></span> <span class='ocrx_word' id='word_1_459' title='bbox 1120 976 1127 988; x_wconf 97' lang='lat'><strong>,</strong></span> <span class='ocrx_word' id='word_1_460' title='bbox 1142 956 1181 984; x_wconf 91' lang='lat' dir='ltr'><strong>sic</strong></span> <span class='ocrx_word' id='word_1_461' title='bbox 1201 963 1308 983; x_wconf 91' lang='lat' dir='ltr'><strong>rursum</strong></span> <span class='ocrx_word' id='word_1_462' title='bbox 1327 963 1359 982; x_wconf 86' lang='lat' dir='ltr'><strong>ex</strong></span> <span class='ocrx_word' id='word_1_463' title='bbox 1387 955 1430 982; x_wconf 89' lang='lat' dir='ltr'><strong>illa</strong></span> <span class='ocrx_word' id='word_1_464' title='bbox 1455 956 1614 990; x_wconf 89' lang='lat' dir='ltr'><strong>prodierunt</strong></span> <span class='ocrx_word' id='word_1_465' title='bbox 1632 955 1693 983; x_wconf 92' lang='lat' dir='ltr'><strong>novi</strong></span> <span class='ocrx_word' id='word_1_466' title='bbox 1709 955 1816 983; x_wconf 66' lang='lat' dir='ltr'><strong>attlilicii</strong></span> 
     </span>
    </p>
   </div>
   <div class='ocr_carea' id='block_1_65' title="bbox 1032 998 1817 1037">
    <p class='ocr_par' dir='ltr' id='par_1_65' title="bbox 1032 998 1817 1037">
     <span class='ocr_line' id='line_1_65' title="bbox 1032 998 1817 1037; baseline -0.001 -9"><span class='ocrx_word' id='word_1_467' title='bbox 1032 1002 1150 1029; x_wconf 80' lang='lat' dir='ltr'><strong>artiﬁces</strong></span> <span class='ocrx_word' id='word_1_468' title='bbox 1166 1011 1172 1029; x_wconf 90' lang='lat'>:</span> <span class='ocrx_word' id='word_1_469' title='bbox 1191 1001 1304 1037; x_wconf 83' lang='lat' dir='ltr'><strong>apostoli</strong></span> <span class='ocrx_word' id='word_1_470' title='bbox 1317 1001 1441 1029; x_wconf 79' lang='lat' dir='ltr'><strong>videlicet</strong></span> <span class='ocrx_word' id='word_1_471' title='bbox 1453 998 1603 1029; x_wconf 84' lang='lat' dir='ltr'><strong>Salvatoris</strong></span> <span class='ocrx_word' id='word_1_472' title='bbox 1618 1002 1720 1034; x_wconf 85' lang='lat' dir='ltr'><strong>nostri,</strong></span> <span class='ocrx_word' id='word_1_473' title='bbox 1735 1002 1817 1029; x_wconf 68' lang='lat' dir='ltr'><strong>disci~</strong></span> 
     </span>
    </p>
   </div>
   <div class='ocr_carea' id='block_1_66' title="bbox 1032 1046 1815 1083">
    <p class='ocr_par' dir='ltr' id='par_1_66' title="bbox 1032 1046 1815 1083">
     <span class='ocr_line' id='line_1_66' title="bbox 1032 1046 1815 1083; baseline 0 -9"><span class='ocrx_word' id='word_1_474' title='bbox 1032 1047 1086 1083; x_wconf 76' lang='lat' dir='ltr'><strong>[tuli</strong></span> <span class='ocrx_word' id='word_1_475' title='bbox 1113 1052 1140 1074; x_wconf 92' lang='lat' dir='ltr'><strong>et</strong></span> <span class='ocrx_word' id='word_1_476' title='bbox 1167 1047 1350 1083; x_wconf 68' lang='lat' dir='ltr'><strong>evangelistm,</strong></span> <span class='ocrx_word' id='word_1_477' title='bbox 1369 1055 1485 1083; x_wconf 87' lang='lat' dir='ltr'><strong>quorutn</strong></span> <span class='ocrx_word' id='word_1_478' title='bbox 1511 1046 1741 1083; x_wconf 82' lang='lat' dir='ltr'><strong>opera_Ecelesia</strong></span> <span class='ocrx_word' id='word_1_479' title='bbox 1766 1046 1815 1074; x_wconf 81' lang='lat' dir='ltr'><strong>Dei</strong></span> 
     </span>
    </p>
   </div>
   <div class='ocr_carea' id='block_1_67' title="bbox 1031 1094 1222 1122">
    <p class='ocr_par' dir='ltr' id='par_1_67' title="bbox 1031 1094 1222 1122">
     <span class='ocr_line' id='line_1_67' title="bbox 1031 1094 1222 1122; baseline -0.01 0"><span class='ocrx_word' id='word_1_480' title='bbox 1031 1094 1148 1122; x_wconf 85' lang='lat' dir='ltr'><strong>excitata</strong></span> <span class='ocrx_word' id='word_1_481' title='bbox 1163 1094 1222 1120; x_wconf 81' lang='lat' dir='ltr'><strong>fuit.</strong></span> 
     </span>
    </p>
   </div>
   <div class='ocr_carea' id='block_1_68' title="bbox 1067 1138 1816 1172">
    <p class='ocr_par' dir='ltr' id='par_1_68' title="bbox 1067 1138 1816 1172">
     <span class='ocr_line' id='line_1_68' title="bbox 1067 1138 1816 1172; baseline -0.001 -5"><span class='ocrx_word' id='word_1_482' title='bbox 1067 1140 1148 1167; x_wconf 74' lang='lat' dir='ltr'><strong>Vsus.</strong></span> <span class='ocrx_word' id='word_1_483' title='bbox 1172 1139 1217 1172; x_wconf 78' lang='lat' dir='ltr'><strong>l8,</strong></span> <span class='ocrx_word' id='word_1_484' title='bbox 1244 1139 1286 1167; x_wconf 84' lang='lat' dir='ltr'><strong>l9.</strong></span> <span class='ocrx_word' id='word_1_485' title='bbox 1305 1149 1314 1165; x_wconf 74' lang='grc' dir='ltr'><strong>ι</strong></span> <span class='ocrx_word' id='word_1_486' title='bbox 1329 1139 1400 1167; x_wconf 85' lang='lat' dir='ltr'><strong>Leva</strong></span> <span class='ocrx_word' id='word_1_487' title='bbox 1419 1139 1444 1166; x_wconf 93' lang='lat' dir='ltr'><strong>in</strong></span> <span class='ocrx_word' id='word_1_488' title='bbox 1456 1139 1570 1167; x_wconf 89' lang='lat' dir='ltr'><strong>circuitu</strong></span> <span class='ocrx_word' id='word_1_489' title='bbox 1590 1138 1683 1167; x_wconf 84' lang='lat' dir='ltr'><strong>oculos</strong></span> <span class='ocrx_word' id='word_1_490' title='bbox 1699 1142 1767 1171; x_wconf 89' lang='lat' dir='ltr'><strong>tuos,</strong></span> <span class='ocrx_word' id='word_1_491' title='bbox 1787 1142 1816 1166; x_wconf 82' lang='lat' dir='ltr'><strong>et</strong></span> 
     </span>
    </p>
   </div>
   <div class='ocr_carea' id='block_1_69' title="bbox 1031 1184 1815 1219">
    <p class='ocr_par' dir='ltr' id='par_1_69' title="bbox 1031 1184 1815 1219">
     <span class='ocr_line' id='line_1_69' title="bbox 1031 1184 1815 1219; baseline -0.003 -7"><span class='ocrx_word' id='word_1_492' title='bbox 1031 1185 1092 1212; x_wconf 83' lang='lat' dir='ltr'><strong>vide</strong></span> <span class='ocrx_word' id='word_1_493' title='bbox 1107 1192 1201 1211; x_wconf 87' lang='lat' dir='ltr'><strong>omnes</strong></span> <span class='ocrx_word' id='word_1_494' title='bbox 1216 1193 1222 1212; x_wconf 87' lang='lat'><strong>:</strong></span> <span class='ocrx_word' id='word_1_495' title='bbox 1236 1192 1300 1212; x_wconf 85' lang='lat' dir='ltr'><strong>ecce</strong></span> <span class='ocrx_word' id='word_1_496' title='bbox 1324 1185 1478 1219; x_wconf 78' lang='lat' dir='ltr'><strong>congregati</strong></span> <span class='ocrx_word' id='word_1_497' title='bbox 1491 1189 1553 1211; x_wconf 88' lang='lat' dir='ltr'><strong>sunt</strong></span> <span class='ocrx_word' id='word_1_498' title='bbox 1564 1206 1571 1217; x_wconf 86' lang='lat'><strong>,</strong></span> <span class='ocrx_word' id='word_1_499' title='bbox 1586 1188 1613 1211; x_wconf 90' lang='lat' dir='ltr'><strong>et</strong></span> <span class='ocrx_word' id='word_1_500' title='bbox 1632 1188 1763 1211; x_wconf 85' lang='lat' dir='ltr'><strong>venerunt</strong></span> <span class='ocrx_word' id='word_1_501' title='bbox 1781 1184 1815 1210; x_wconf 82' lang='lat' dir='ltr'><strong>ad</strong></span> 
     </span>
    </p>
   </div>
   <div class='ocr_carea' id='block_1_70' title="bbox 1033 1229 1814 1265">
    <p class='ocr_par' dir='ltr' id='par_1_70' title="bbox 1033 1229 1814 1265">
     <span class='ocr_line' id='line_1_70' title="bbox 1033 1229 1814 1265; baseline -0.004 -7"><span class='ocrx_word' id='word_1_502' title='bbox 1033 1237 1067 1258; x_wconf 91' lang='lat' dir='ltr'><strong>te.</strong></span> <span class='ocrx_word' id='word_1_503' title='bbox 1088 1230 1154 1258; x_wconf 87' lang='lat' dir='ltr'><strong>Vivo</strong></span> <span class='ocrx_word' id='word_1_504' title='bbox 1165 1238 1224 1265; x_wconf 83' lang='lat' dir='ltr'><strong>ego,</strong></span> <span class='ocrx_word' id='word_1_505' title='bbox 1238 1231 1302 1257; x_wconf 88' lang='lat' dir='ltr'><strong>dicit</strong></span> <span class='ocrx_word' id='word_1_506' title='bbox 1314 1230 1451 1263; x_wconf 84' lang='lat' dir='ltr'><strong>Dominus,</strong></span> <span class='ocrx_word' id='word_1_507' title='bbox 1468 1230 1592 1265; x_wconf 87' lang='lat' dir='ltr'><strong>quoniam</strong></span> <span class='ocrx_word' id='word_1_508' title='bbox 1607 1230 1734 1256; x_wconf 88' lang='lat' dir='ltr'><strong>omnibus</strong></span> <span class='ocrx_word' id='word_1_509' title='bbox 1751 1229 1814 1261; x_wconf 82' lang='lat' dir='ltr'><strong>illis,</strong></span> 
     </span>
    </p>
   </div>
   <div class='ocr_carea' id='block_1_71' title="bbox 1034 1274 1817 1311">
    <p class='ocr_par' dir='ltr' id='par_1_71' title="bbox 1034 1274 1817 1311">
     <span class='ocr_line' id='line_1_71' title="bbox 1034 1274 1817 1311; baseline -0.005 -7"><span class='ocrx_word' id='word_1_510' title='bbox 1034 1281 1168 1311; x_wconf 84' lang='lat' dir='ltr'><strong>tamquam</strong></span> <span class='ocrx_word' id='word_1_511' title='bbox 1182 1280 1351 1309; x_wconf 88' lang='lat' dir='ltr'><strong>ornamento,</strong></span> <span class='ocrx_word' id='word_1_512' title='bbox 1367 1275 1497 1308; x_wconf 88' lang='lat' dir='ltr'><strong>indueris,</strong></span> <span class='ocrx_word' id='word_1_513' title='bbox 1514 1281 1541 1302; x_wconf 85' lang='lat' dir='ltr'><strong>et</strong></span> <span class='ocrx_word' id='word_1_514' title='bbox 1554 1275 1741 1309; x_wconf 85' lang='lat' dir='ltr'><strong>circumpones</strong></span> <span class='ocrx_word' id='word_1_515' title='bbox 1756 1274 1817 1301; x_wconf 88' lang='lat' dir='ltr'><strong>illos</strong></span> 
     </span>
    </p>
   </div>
   <div class='ocr_carea' id='block_1_72' title="bbox 1033 1319 1816 1356">
    <p class='ocr_par' dir='ltr' id='par_1_72' title="bbox 1033 1319 1816 1356">
     <span class='ocr_line' id='line_1_72' title="bbox 1033 1319 1816 1356; baseline -0.003 -8"><span class='ocrx_word' id='word_1_516' title='bbox 1033 1327 1168 1356; x_wconf 77' lang='lat' dir='ltr'><strong>tamquam</strong></span> <span class='ocrx_word' id='word_1_517' title='bbox 1186 1327 1310 1348; x_wconf 86' lang='lat' dir='ltr'><strong>ornatqu</strong></span> <span class='ocrx_word' id='word_1_518' title='bbox 1336 1329 1442 1355; x_wconf 67' lang='lat' dir='ltr'><strong>sponsa:</strong></span> <span class='ocrx_word' id='word_1_519' title='bbox 1457 1330 1464 1348; x_wconf 90' lang='lat'><strong>:</strong></span> <span class='ocrx_word' id='word_1_520' title='bbox 1481 1321 1609 1355; x_wconf 88' lang='lat' dir='ltr'><strong>quoniaut</strong></span> <span class='ocrx_word' id='word_1_521' title='bbox 1634 1319 1741 1347; x_wconf 85' lang='lat' dir='ltr'><strong>deserta</strong></span> <span class='ocrx_word' id='word_1_522' title='bbox 1769 1324 1816 1347; x_wconf 85' lang='lat' dir='ltr'><strong>tua</strong></span> 
     </span>
    </p>
   </div>
   <div class='ocr_carea' id='block_1_73' title="bbox 1031 1365 1815 1402">
    <p class='ocr_par' dir='ltr' id='par_1_73' title="bbox 1031 1365 1815 1402">
     <span class='ocr_line' id='line_1_73' title="bbox 1031 1365 1815 1402; baseline -0.001 -9"><span class='ocrx_word' id='word_1_523' title='bbox 1031 1371 1060 1393; x_wconf 91' lang='lat' dir='ltr'><strong>et</strong></span> <span class='ocrx_word' id='word_1_524' title='bbox 1072 1366 1201 1402; x_wconf 83' lang='lat' dir='ltr'><strong>dissipata</strong></span> <span class='ocrx_word' id='word_1_525' title='bbox 1218 1372 1272 1398; x_wconf 84' lang='lat' dir='ltr'><strong>tua,</strong></span> <span class='ocrx_word' id='word_1_526' title='bbox 1290 1371 1317 1394; x_wconf 92' lang='lat' dir='ltr'><strong>et</strong></span> <span class='ocrx_word' id='word_1_527' title='bbox 1328 1374 1386 1400; x_wconf 74' lang='lat' dir='ltr'><strong>qua:</strong></span> <span class='ocrx_word' id='word_1_528' title='bbox 1397 1366 1563 1399; x_wconf 89' lang='lat' dir='ltr'><strong>ceciderunt,</strong></span> <span class='ocrx_word' id='word_1_529' title='bbox 1576 1373 1646 1393; x_wconf 91' lang='lat' dir='ltr'><strong>nunc</strong></span> <span class='ocrx_word' id='word_1_530' title='bbox 1659 1365 1815 1400; x_wconf 78' lang='lat' dir='ltr'><strong>augustiora</strong></span> 
     </span>
    </p>
   </div>
   <div class='ocr_carea' id='block_1_74' title="bbox 1032 1411 1816 1447">
    <p class='ocr_par' dir='ltr' id='par_1_74' title="bbox 1032 1411 1816 1447">
     <span class='ocr_line' id='line_1_74' title="bbox 1032 1411 1816 1447; baseline -0.001 -9"><span class='ocrx_word' id='word_1_531' title='bbox 1032 1411 1097 1439; x_wconf 84' lang='lat' dir='ltr'><strong>ﬁent</strong></span> <span class='ocrx_word' id='word_1_532' title='bbox 1114 1419 1168 1447; x_wconf 62' lang='lat' dir='ltr'><strong>prae</strong></span> <span class='ocrx_word' id='word_1_533' title='bbox 1185 1411 1394 1443; x_wconf 78' lang='lat' dir='ltr'><strong>habitatoribus,</strong></span> <span class='ocrx_word' id='word_1_534' title='bbox 1423 1416 1449 1438; x_wconf 91' lang='lat' dir='ltr'><strong>et</strong></span> <span class='ocrx_word' id='word_1_535' title='bbox 1473 1411 1551 1446; x_wconf 80' lang='lat' dir='ltr'><strong>longe</strong></span> <span class='ocrx_word' id='word_1_536' title='bbox 1577 1411 1739 1438; x_wconf 85' lang='lat' dir='ltr'><strong>arcebuntur</strong></span> <span class='ocrx_word' id='word_1_537' title='bbox 1755 1418 1769 1437; x_wconf 94' lang='lat' dir='ltr'><strong>a</strong></span> <span class='ocrx_word' id='word_1_538' title='bbox 1788 1415 1816 1438; x_wconf 83' lang='lat' dir='ltr'><strong>te</strong></span> 
     </span>
    </p>
   </div>
   <div class='ocr_carea' id='block_1_75' title="bbox 1032 1456 1813 1492">
    <p class='ocr_par' dir='ltr' id='par_1_75' title="bbox 1032 1456 1813 1492">
     <span class='ocr_line' id='line_1_75' title="bbox 1032 1456 1813 1492; baseline -0.003 -8"><span class='ocrx_word' id='word_1_539' title='bbox 1032 1457 1076 1492; x_wconf 86' lang='lat' dir='ltr'><strong>qui</strong></span> <span class='ocrx_word' id='word_1_540' title='bbox 1090 1458 1235 1491; x_wconf 66' lang='lat' dir='ltr'><strong>absorbent</strong></span> <span class='ocrx_word' id='word_1_541' title='bbox 1251 1462 1288 1484; x_wconf 90' lang='lat' dir='ltr'><strong>te.</strong></span> <span class='ocrx_word' id='word_1_542' title='bbox 1301 1467 1310 1483; x_wconf 77' lang='grc' dir='ltr'><strong>ι</strong></span> <span class='ocrx_word' id='word_1_543' title='bbox 1329 1456 1420 1484; x_wconf 85' lang='lat' dir='ltr'><strong>Mirari</strong></span> <span class='ocrx_word' id='word_1_544' title='bbox 1429 1457 1501 1484; x_wconf 89' lang='lat' dir='ltr'><strong>subit</strong></span> <span class='ocrx_word' id='word_1_545' title='bbox 1518 1464 1572 1491; x_wconf 87' lang='lat' dir='ltr'><strong>quo</strong></span> <span class='ocrx_word' id='word_1_546' title='bbox 1584 1461 1662 1491; x_wconf 87' lang='lat' dir='ltr'><strong>pacto</strong></span> <span class='ocrx_word' id='word_1_547' title='bbox 1673 1456 1744 1489; x_wconf 67' lang='lat' dir='ltr'><strong>haec,</strong></span> <span class='ocrx_word' id='word_1_548' title='bbox 1758 1460 1813 1483; x_wconf 87' lang='lat' dir='ltr'><strong>tum</strong></span> 
     </span>
    </p>
   </div>
   <div class='ocr_carea' id='block_1_76' title="bbox 1032 1503 1815 1539">
    <p class='ocr_par' dir='ltr' id='par_1_76' title="bbox 1032 1503 1815 1539">
     <span class='ocr_line' id='line_1_76' title="bbox 1032 1503 1815 1539; baseline -0.004 -7"><span class='ocrx_word' id='word_1_549' title='bbox 1032 1505 1119 1539; x_wconf 85' lang='lat' dir='ltr'><strong>quoad</strong></span> <span class='ocrx_word' id='word_1_550' title='bbox 1135 1503 1302 1539; x_wconf 88' lang='lat' dir='ltr'><strong>spiritualem</strong></span> <span class='ocrx_word' id='word_1_551' title='bbox 1320 1503 1486 1537; x_wconf 82' lang='lat' dir='ltr'><strong>intelligendi</strong></span> <span class='ocrx_word' id='word_1_552' title='bbox 1503 1503 1644 1535; x_wconf 88' lang='lat' dir='ltr'><strong>rationem,</strong></span> <span class='ocrx_word' id='word_1_553' title='bbox 1659 1507 1713 1529; x_wconf 89' lang='lat' dir='ltr'><strong>luttt</strong></span> <span class='ocrx_word' id='word_1_554' title='bbox 1728 1505 1815 1537; x_wconf 82' lang='lat' dir='ltr'><strong>quoad</strong></span> 
     </span>
    </p>
   </div>
   <div class='ocr_carea' id='block_1_77' title="bbox 1032 1546 1816 1582">
    <p class='ocr_par' dir='ltr' id='par_1_77' title="bbox 1032 1546 1816 1582">
     <span class='ocr_line' id='line_1_77' title="bbox 1032 1546 1816 1582; baseline -0.004 -6"><span class='ocrx_word' id='word_1_555' title='bbox 1032 1548 1185 1581; x_wconf 76' lang='lat' dir='ltr'><strong>historiam,</strong></span> <span class='ocrx_word' id='word_1_556' title='bbox 1202 1547 1335 1582; x_wconf 84' lang='lat' dir='ltr'><strong>completa</strong></span> <span class='ocrx_word' id='word_1_557' title='bbox 1351 1548 1421 1580; x_wconf 88' lang='lat' dir='ltr'><strong>sint;</strong></span> <span class='ocrx_word' id='word_1_558' title='bbox 1440 1554 1533 1581; x_wconf 86' lang='lat' dir='ltr'><strong>nempe</strong></span> <span class='ocrx_word' id='word_1_559' title='bbox 1546 1555 1605 1574; x_wconf 88' lang='lat' dir='ltr'><strong>cum</strong></span> <span class='ocrx_word' id='word_1_560' title='bbox 1616 1555 1681 1582; x_wconf 79' lang='lat' dir='ltr'><strong>gens</strong></span> <span class='ocrx_word' id='word_1_561' title='bbox 1694 1546 1816 1578; x_wconf 83' lang='lat' dir='ltr'><strong>Judaica,</strong></span> 
     </span>
    </p>
   </div>
   <div class='ocr_carea' id='block_1_78' title="bbox 1034 1592 1816 1630">
    <p class='ocr_par' dir='ltr' id='par_1_78' title="bbox 1034 1592 1816 1630">
     <span class='ocr_line' id='line_1_78' title="bbox 1034 1592 1816 1630; baseline -0.004 -8"><span class='ocrx_word' id='word_1_562' title='bbox 1034 1599 1094 1630; x_wconf 85' lang='lat' dir='ltr'><strong>post</strong></span> <span class='ocrx_word' id='word_1_563' title='bbox 1107 1595 1247 1622; x_wconf 73' lang='lat' dir='ltr'><strong>fundatam</strong></span> <span class='ocrx_word' id='word_1_564' title='bbox 1263 1593 1411 1621; x_wconf 82' lang='lat' dir='ltr'><strong>Ecclesiam</strong></span> <span class='ocrx_word' id='word_1_565' title='bbox 1431 1600 1464 1620; x_wconf 82' lang='lat' dir='ltr'><strong>ex</strong></span> <span class='ocrx_word' id='word_1_566' title='bbox 1480 1592 1616 1627; x_wconf 86' lang='lat' dir='ltr'><strong>gentibus,</strong></span> <span class='ocrx_word' id='word_1_567' title='bbox 1636 1600 1651 1618; x_wconf 86' lang='lat' dir='ltr'><strong>a</strong></span> <span class='ocrx_word' id='word_1_568' title='bbox 1666 1593 1758 1620; x_wconf 86' lang='lat' dir='ltr'><strong>sensili</strong></span> <span class='ocrx_word' id='word_1_569' title='bbox 1773 1593 1816 1619; x_wconf 70' lang='lat' dir='ltr'><strong>illa</strong></span> 
     </span>
    </p>
   </div>
   <div class='ocr_carea' id='block_1_79' title="bbox 1033 1638 1817 1675">
    <p class='ocr_par' dir='ltr' id='par_1_79' title="bbox 1033 1638 1817 1675">
     <span class='ocr_line' id='line_1_79' title="bbox 1033 1638 1817 1675; baseline -0.004 -7"><span class='ocrx_word' id='word_1_570' title='bbox 1033 1641 1101 1668; x_wconf 81' lang='lat' dir='ltr'><strong>urbe</strong></span> <span class='ocrx_word' id='word_1_571' title='bbox 1115 1640 1265 1668; x_wconf 62' lang='lat' dir='ltr'><strong>PaL-ostium</strong></span> <span class='ocrx_word' id='word_1_572' title='bbox 1280 1639 1391 1675; x_wconf 79' lang='lat' dir='ltr'><strong>expulsa</strong></span> <span class='ocrx_word' id='word_1_573' title='bbox 1413 1644 1472 1673; x_wconf 89' lang='lat' dir='ltr'><strong>est,</strong></span> <span class='ocrx_word' id='word_1_574' title='bbox 1492 1638 1564 1674; x_wconf 85' lang='lat' dir='ltr'><strong>quod</strong></span> <span class='ocrx_word' id='word_1_575' title='bbox 1579 1646 1595 1665; x_wconf 86' lang='lat' dir='ltr'><strong>a</strong></span> <span class='ocrx_word' id='word_1_576' title='bbox 1612 1638 1663 1674; x_wconf 60' lang='lat' dir='ltr'><strong>pia!</strong></span> <span class='ocrx_word' id='word_1_577' title='bbox 1679 1638 1817 1673; x_wconf 79' lang='lat' dir='ltr'><strong>religionis</strong></span> 
     </span>
    </p>
   </div>
   <div class='ocr_carea' id='block_1_80' title="bbox 1033 1687 1331 1722">
    <p class='ocr_par' dir='ltr' id='par_1_80' title="bbox 1033 1687 1331 1722">
     <span class='ocr_line' id='line_1_80' title="bbox 1033 1687 1331 1722; baseline -0.007 -7"><span class='ocrx_word' id='word_1_578' title='bbox 1033 1688 1106 1715; x_wconf 89' lang='lat' dir='ltr'><strong>cultu</strong></span> <span class='ocrx_word' id='word_1_579' title='bbox 1121 1687 1228 1722; x_wconf 83' lang='lat' dir='ltr'><strong>delapsa</strong></span> <span class='ocrx_word' id='word_1_580' title='bbox 1248 1691 1331 1714; x_wconf 83' lang='lat' dir='ltr'><strong>esset.</strong></span> 
     </span>
    </p>
   </div>
   <div class='ocr_carea' id='block_1_81' title="bbox 1069 1730 1818 1766">
    <p class='ocr_par' dir='ltr' id='par_1_81' title="bbox 1069 1730 1818 1766">
     <span class='ocr_line' id='line_1_81' title="bbox 1069 1730 1818 1766; baseline -0.004 -6"><span class='ocrx_word' id='word_1_581' title='bbox 1069 1734 1150 1761; x_wconf 76' lang='lat' dir='ltr'><strong>Vens.</strong></span> <span class='ocrx_word' id='word_1_582' title='bbox 1172 1733 1216 1766; x_wconf 75' lang='lat'><strong>20,</strong></span> <span class='ocrx_word' id='word_1_583' title='bbox 1239 1733 1285 1760; x_wconf 76' lang='lat'><strong>2|.</strong></span> <span class='ocrx_word' id='word_1_584' title='bbox 1314 1742 1323 1758; x_wconf 83' lang='grc' dir='ltr'><strong>ι</strong></span> <span class='ocrx_word' id='word_1_585' title='bbox 1337 1732 1431 1759; x_wconf 85' lang='lat' dir='ltr'><strong>Dicent</strong></span> <span class='ocrx_word' id='word_1_586' title='bbox 1446 1731 1516 1759; x_wconf 91' lang='lat' dir='ltr'><strong>enim</strong></span> <span class='ocrx_word' id='word_1_587' title='bbox 1542 1731 1575 1758; x_wconf 85' lang='lat' dir='ltr'><strong>ad</strong></span> <span class='ocrx_word' id='word_1_588' title='bbox 1600 1737 1680 1758; x_wconf 88' lang='lat' dir='ltr'><strong>aures</strong></span> <span class='ocrx_word' id='word_1_589' title='bbox 1694 1735 1752 1757; x_wconf 85' lang='lat' dir='ltr'><strong>tuas</strong></span> <span class='ocrx_word' id='word_1_590' title='bbox 1770 1730 1818 1757; x_wconf 85' lang='lat' dir='ltr'><strong>lilii</strong></span> 
     </span>
    </p>
   </div>
   <div class='ocr_carea' id='block_1_82' title="bbox 1034 1777 1817 1814">
    <p class='ocr_par' dir='ltr' id='par_1_82' title="bbox 1034 1777 1817 1814">
     <span class='ocr_line' id='line_1_82' title="bbox 1034 1777 1817 1814; baseline -0.004 -8"><span class='ocrx_word' id='word_1_591' title='bbox 1034 1779 1083 1811; x_wconf 89' lang='lat' dir='ltr'><strong>tui,</strong></span> <span class='ocrx_word' id='word_1_592' title='bbox 1103 1787 1170 1814; x_wconf 87' lang='lat' dir='ltr'><strong>quos</strong></span> <span class='ocrx_word' id='word_1_593' title='bbox 1186 1778 1325 1813; x_wconf 81' lang='lat' dir='ltr'><strong>perdidisti</strong></span> <span class='ocrx_word' id='word_1_594' title='bbox 1344 1787 1351 1805; x_wconf 91' lang='lat'><strong>:</strong></span> <span class='ocrx_word' id='word_1_595' title='bbox 1367 1779 1504 1812; x_wconf 78' lang='lat' dir='ltr'><strong>Angustus</strong></span> <span class='ocrx_word' id='word_1_596' title='bbox 1525 1778 1588 1805; x_wconf 90' lang='lat' dir='ltr'><strong>mihi</strong></span> <span class='ocrx_word' id='word_1_597' title='bbox 1605 1777 1679 1804; x_wconf 87' lang='lat' dir='ltr'><strong>locus</strong></span> <span class='ocrx_word' id='word_1_598' title='bbox 1693 1781 1735 1804; x_wconf 89' lang='lat' dir='ltr'><strong>est</strong></span> <span class='ocrx_word' id='word_1_599' title='bbox 1751 1784 1759 1803; x_wconf 90' lang='lat'><strong>:</strong></span> <span class='ocrx_word' id='word_1_600' title='bbox 1775 1777 1817 1803; x_wconf 88' lang='lat' dir='ltr'><strong>l&#39;ae</strong></span> 
     </span>
    </p>
   </div>
   <div class='ocr_carea' id='block_1_83' title="bbox 1033 1823 1819 1857">
    <p class='ocr_par' dir='ltr' id='par_1_83' title="bbox 1033 1823 1819 1857">
     <span class='ocr_line' id='line_1_83' title="bbox 1033 1823 1819 1857; baseline -0.004 -4"><span class='ocrx_word' id='word_1_601' title='bbox 1033 1825 1098 1853; x_wconf 90' lang='lat' dir='ltr'><strong>mihi</strong></span> <span class='ocrx_word' id='word_1_602' title='bbox 1114 1825 1212 1857; x_wconf 91' lang='lat' dir='ltr'><strong>locum,</strong></span> <span class='ocrx_word' id='word_1_603' title='bbox 1229 1829 1259 1851; x_wconf 93' lang='lat' dir='ltr'><strong>ut</strong></span> <span class='ocrx_word' id='word_1_604' title='bbox 1273 1824 1402 1852; x_wconf 87' lang='lat' dir='ltr'><strong>habitem.</strong></span> <span class='ocrx_word' id='word_1_605' title='bbox 1413 1824 1446 1851; x_wconf 83' lang='lat' dir='ltr'><strong>Et</strong></span> <span class='ocrx_word' id='word_1_606' title='bbox 1457 1824 1532 1851; x_wconf 88' lang='lat' dir='ltr'><strong>dices</strong></span> <span class='ocrx_word' id='word_1_607' title='bbox 1544 1824 1570 1850; x_wconf 93' lang='lat' dir='ltr'><strong>in</strong></span> <span class='ocrx_word' id='word_1_608' title='bbox 1585 1824 1665 1850; x_wconf 86' lang='lat' dir='ltr'><strong>corde</strong></span> <span class='ocrx_word' id='word_1_609' title='bbox 1679 1828 1740 1850; x_wconf 89' lang='lat' dir='ltr'><strong>tuo:</strong></span> <span class='ocrx_word' id='word_1_610' title='bbox 1753 1823 1819 1856; x_wconf 82' lang='lat' dir='ltr'><strong>Quis</strong></span> 
     </span>
    </p>
   </div>
   <div class='ocr_carea' id='block_1_84' title="bbox 1034 1869 1816 1906">
    <p class='ocr_par' dir='ltr' id='par_1_84' title="bbox 1034 1869 1816 1906">
     <span class='ocr_line' id='line_1_84' title="bbox 1034 1869 1816 1906; baseline -0.004 -8"><span class='ocrx_word' id='word_1_611' title='bbox 1034 1872 1124 1906; x_wconf 76' lang='lat' dir='ltr'><strong>genuit</strong></span> <span class='ocrx_word' id='word_1_612' title='bbox 1147 1871 1211 1898; x_wconf 92' lang='lat' dir='ltr'><strong>mihi</strong></span> <span class='ocrx_word' id='word_1_613' title='bbox 1228 1870 1316 1898; x_wconf 81' lang='lat' dir='ltr'><strong>istos?</strong></span> <span class='ocrx_word' id='word_1_614' title='bbox 1337 1875 1364 1897; x_wconf 91' lang='lat' dir='ltr'><strong>at</strong></span> <span class='ocrx_word' id='word_1_615' title='bbox 1388 1877 1437 1905; x_wconf 97' lang='lat' dir='ltr'><strong>ego</strong></span> <span class='ocrx_word' id='word_1_616' title='bbox 1456 1870 1557 1904; x_wconf 83' lang='lat' dir='ltr'><strong>absque</strong></span> <span class='ocrx_word' id='word_1_617' title='bbox 1570 1869 1663 1896; x_wconf 84' lang='lat' dir='ltr'><strong>liberis</strong></span> <span class='ocrx_word' id='word_1_618' title='bbox 1679 1874 1706 1896; x_wconf 88' lang='lat' dir='ltr'><strong>et</strong></span> <span class='ocrx_word' id='word_1_619' title='bbox 1719 1869 1816 1896; x_wconf 83' lang='lat' dir='ltr'><strong>vidua:</strong></span> 
     </span>
    </p>
   </div>
   <div class='ocr_carea' id='block_1_85' title="bbox 1034 1915 1817 1951">
    <p class='ocr_par' dir='ltr' id='par_1_85' title="bbox 1034 1915 1817 1951">
     <span class='ocr_line' id='line_1_85' title="bbox 1034 1915 1817 1951; baseline -0.003 -7"><span class='ocrx_word' id='word_1_620' title='bbox 1034 1917 1082 1945; x_wconf 80' lang='lat' dir='ltr'><strong>hos</strong></span> <span class='ocrx_word' id='word_1_621' title='bbox 1096 1923 1185 1944; x_wconf 86' lang='lat' dir='ltr'><strong>autem</strong></span> <span class='ocrx_word' id='word_1_622' title='bbox 1205 1917 1266 1951; x_wconf 90' lang='lat' dir='ltr'><strong>quis</strong></span> <span class='ocrx_word' id='word_1_623' title='bbox 1289 1916 1420 1943; x_wconf 88' lang='lat' dir='ltr'><strong>enutrivit</strong></span> <span class='ocrx_word' id='word_1_624' title='bbox 1437 1916 1530 1950; x_wconf 71' lang='lat' dir='ltr'><strong>minii;</strong></span> <span class='ocrx_word' id='word_1_625' title='bbox 1546 1915 1601 1951; x_wconf 83' lang='lat' dir='ltr'><strong>Ego</strong></span> <span class='ocrx_word' id='word_1_626' title='bbox 1626 1920 1716 1942; x_wconf 89' lang='lat' dir='ltr'><strong>autem</strong></span> <span class='ocrx_word' id='word_1_627' title='bbox 1737 1915 1817 1942; x_wconf 85' lang='lat' dir='ltr'><strong>dere-</strong></span> 
     </span>
    </p>
   </div>
   <div class='ocr_carea' id='block_1_86' title="bbox 1033 1961 1819 1990">
    <p class='ocr_par' dir='ltr' id='par_1_86' title="bbox 1033 1961 1819 1990">
     <span class='ocr_line' id='line_1_86' title="bbox 1033 1961 1819 1990; baseline -0.003 0"><span class='ocrx_word' id='word_1_628' title='bbox 1033 1962 1096 1990; x_wconf 87' lang='lat' dir='ltr'><strong>licta</strong></span> <span class='ocrx_word' id='word_1_629' title='bbox 1123 1970 1182 1990; x_wconf 88' lang='lat' dir='ltr'><strong>sum</strong></span> <span class='ocrx_word' id='word_1_630' title='bbox 1199 1961 1255 1990; x_wconf 85' lang='lat' dir='ltr'><strong>sola</strong></span> <span class='ocrx_word' id='word_1_631' title='bbox 1272 1971 1280 1989; x_wconf 89' lang='lat'><strong>:</strong></span> <span class='ocrx_word' id='word_1_632' title='bbox 1298 1962 1324 1989; x_wconf 91' lang='lat' dir='ltr'><strong>bi</strong></span> <span class='ocrx_word' id='word_1_633' title='bbox 1341 1969 1406 1990; x_wconf 86' lang='lat' dir='ltr'><strong>vero</strong></span> <span class='ocrx_word' id='word_1_634' title='bbox 1432 1961 1476 1989; x_wconf 89' lang='lat' dir='ltr'><strong>ubi</strong></span> <span class='ocrx_word' id='word_1_635' title='bbox 1503 1965 1581 1988; x_wconf 88' lang='lat' dir='ltr'><strong>erant</strong></span> <span class='ocrx_word' id='word_1_636' title='bbox 1611 1961 1698 1988; x_wconf 81' lang='lat' dir='ltr'><strong>mihi?</strong></span> <span class='ocrx_word' id='word_1_637' title='bbox 1713 1970 1723 1987; x_wconf 78' lang='grc' dir='ltr'><strong>ι</strong></span> <span class='ocrx_word' id='word_1_638' title='bbox 1752 1961 1819 1989; x_wconf 80' lang='lat' dir='ltr'><strong>Vico</strong></span> 
     </span>
    </p>
   </div>
   <div class='ocr_carea' id='block_1_87' title="bbox 1034 2008 1818 2044">
    <p class='ocr_par' dir='ltr' id='par_1_87' title="bbox 1034 2008 1818 2044">
     <span class='ocr_line' id='line_1_87' title="bbox 1034 2008 1818 2044; baseline -0.003 -8"><span class='ocrx_word' id='word_1_639' title='bbox 1034 2009 1122 2044; x_wconf 87' lang='lat' dir='ltr'><strong>populi</strong></span> <span class='ocrx_word' id='word_1_640' title='bbox 1138 2017 1171 2036; x_wconf 82' lang='lat' dir='ltr'><strong>ex</strong></span> <span class='ocrx_word' id='word_1_641' title='bbox 1190 2009 1415 2039; x_wconf 78' lang='lat' dir='ltr'><strong>circumcisione.</strong></span> <span class='ocrx_word' id='word_1_642' title='bbox 1434 2008 1580 2035; x_wconf 82' lang='lat' dir='ltr'><strong>multitudo</strong></span> <span class='ocrx_word' id='word_1_643' title='bbox 1606 2015 1703 2042; x_wconf 77' lang='lat' dir='ltr'><strong>magna</strong></span> <span class='ocrx_word' id='word_1_644' title='bbox 1732 2012 1818 2034; x_wconf 90' lang='lat' dir='ltr'><strong>totum</strong></span> 
     </span>
    </p>
   </div>
   <div class='ocr_carea' id='block_1_88' title="bbox 1033 2053 1820 2091">
    <p class='ocr_par' dir='ltr' id='par_1_88' title="bbox 1033 2053 1820 2091">
     <span class='ocr_line' id='line_1_88' title="bbox 1033 2053 1820 2091; baseline -0.003 -8"><span class='ocrx_word' id='word_1_645' title='bbox 1033 2063 1080 2091; x_wconf 80' lang='lat' dir='ltr'><strong>per</strong></span> <span class='ocrx_word' id='word_1_646' title='bbox 1093 2055 1186 2083; x_wconf 87' lang='lat' dir='ltr'><strong>orbem</strong></span> <span class='ocrx_word' id='word_1_647' title='bbox 1203 2055 1229 2081; x_wconf 93' lang='lat' dir='ltr'><strong>in</strong></span> <span class='ocrx_word' id='word_1_648' title='bbox 1245 2055 1392 2082; x_wconf 83' lang='lat' dir='ltr'><strong>Ecclesiam</strong></span> <span class='ocrx_word' id='word_1_649' title='bbox 1406 2061 1438 2081; x_wconf 79' lang='lat' dir='ltr'><strong>ex</strong></span> <span class='ocrx_word' id='word_1_650' title='bbox 1455 2054 1582 2081; x_wconf 89' lang='lat' dir='ltr'><strong>omnibus</strong></span> <span class='ocrx_word' id='word_1_651' title='bbox 1602 2054 1727 2088; x_wconf 78' lang='lat' dir='ltr'><strong>gentibus</strong></span> <span class='ocrx_word' id='word_1_652' title='bbox 1740 2053 1820 2081; x_wconf 89' lang='lat' dir='ltr'><strong>indu-</strong></span> 
     </span>
    </p>
   </div>
   <div class='ocr_carea' id='block_1_89' title="bbox 1033 2100 1820 2136">
    <p class='ocr_par' dir='ltr' id='par_1_89' title="bbox 1033 2100 1820 2136">
     <span class='ocr_line' id='line_1_89' title="bbox 1033 2100 1820 2136; baseline -0.004 -8"><span class='ocrx_word' id='word_1_653' title='bbox 1033 2107 1121 2129; x_wconf 90' lang='lat' dir='ltr'><strong>cetur.</strong></span> <span class='ocrx_word' id='word_1_654' title='bbox 1137 2101 1206 2129; x_wconf 91' lang='lat' dir='ltr'><strong>Olim</strong></span> <span class='ocrx_word' id='word_1_655' title='bbox 1230 2101 1329 2136; x_wconf 88' lang='lat' dir='ltr'><strong>quippe</strong></span> <span class='ocrx_word' id='word_1_656' title='bbox 1355 2101 1381 2127; x_wconf 92' lang='lat' dir='ltr'><strong>in</strong></span> <span class='ocrx_word' id='word_1_657' title='bbox 1406 2100 1527 2135; x_wconf 87' lang='lat' dir='ltr'><strong>pernicie</strong></span> <span class='ocrx_word' id='word_1_658' title='bbox 1553 2105 1633 2126; x_wconf 89' lang='lat' dir='ltr'><strong>erant</strong></span> <span class='ocrx_word' id='word_1_659' title='bbox 1649 2100 1679 2131; x_wconf 93' lang='lat' dir='ltr'><strong>ii,</strong></span> <span class='ocrx_word' id='word_1_660' title='bbox 1696 2100 1743 2134; x_wconf 94' lang='lat' dir='ltr'><strong>qui</strong></span> <span class='ocrx_word' id='word_1_661' title='bbox 1772 2107 1820 2134; x_wconf 86' lang='lat' dir='ltr'><strong>per</strong></span> 
     </span>
    </p>
   </div>
   <div class='ocr_carea' id='block_1_90' title="bbox 1033 2145 1816 2182">
    <p class='ocr_par' dir='ltr' id='par_1_90' title="bbox 1033 2145 1816 2182">
     <span class='ocr_line' id='line_1_90' title="bbox 1033 2145 1816 2182; baseline -0.005 -7"><span class='ocrx_word' id='word_1_662' title='bbox 1033 2148 1178 2175; x_wconf 84' lang='lat' dir='ltr'><strong>salutarem</strong></span> <span class='ocrx_word' id='word_1_663' title='bbox 1198 2147 1313 2182; x_wconf 78' lang='lat' dir='ltr'><strong>gratiam</strong></span> <span class='ocrx_word' id='word_1_664' title='bbox 1330 2146 1363 2172; x_wconf 88' lang='lat' dir='ltr'><strong>ad</strong></span> <span class='ocrx_word' id='word_1_665' title='bbox 1381 2145 1480 2173; x_wconf 59' lang='lat' dir='ltr'><strong>divina!</strong></span> <span class='ocrx_word' id='word_1_666' title='bbox 1505 2145 1643 2180; x_wconf 78' lang='lat' dir='ltr'><strong>religionis</strong></span> <span class='ocrx_word' id='word_1_667' title='bbox 1665 2145 1816 2172; x_wconf 86' lang='lat' dir='ltr'><strong>institutum</strong></span> 
     </span>
    </p>
   </div>
   <div class='ocr_carea' id='block_1_91' title="bbox 1033 2190 1818 2225">
    <p class='ocr_par' dir='ltr' id='par_1_91' title="bbox 1033 2190 1818 2225">
     <span class='ocr_line' id='line_1_91' title="bbox 1033 2190 1818 2225; baseline -0.004 -7"><span class='ocrx_word' id='word_1_668' title='bbox 1033 2195 1210 2218; x_wconf 83' lang='lat' dir='ltr'><strong>accurrerunt</strong></span> <span class='ocrx_word' id='word_1_669' title='bbox 1224 2200 1231 2218; x_wconf 88' lang='lat'><strong>:</strong></span> <span class='ocrx_word' id='word_1_670' title='bbox 1246 2190 1344 2225; x_wconf 87' lang='lat' dir='ltr'><strong>quibus</strong></span> <span class='ocrx_word' id='word_1_671' title='bbox 1357 2191 1512 2225; x_wconf 80' lang='lat' dir='ltr'><strong>conspectis</strong></span> <span class='ocrx_word' id='word_1_672' title='bbox 1535 2190 1655 2218; x_wconf 86' lang='lat' dir='ltr'><strong>Ecclesia</strong></span> <span class='ocrx_word' id='word_1_673' title='bbox 1672 2190 1718 2217; x_wconf 86' lang='lat' dir='ltr'><strong>Dei</strong></span> <span class='ocrx_word' id='word_1_674' title='bbox 1732 2190 1818 2216; x_wconf 88' lang='lat' dir='ltr'><strong>admi-</strong></span> 
     </span>
    </p>
   </div>
   <div class='ocr_carea' id='block_1_92' title="bbox 197 2235 982 2274">
    <p class='ocr_par' dir='ltr' id='par_1_92' title="bbox 197 2235 982 2272">
     <span class='ocr_line' id='line_1_92' title="bbox 197 2235 982 2272; baseline 0.004 -11"><span class='ocrx_word' id='word_1_675' title='bbox 197 2244 205 2258; x_wconf 83' lang='lat' dir='ltr'><strong>I</strong></span> <span class='ocrx_word' id='word_1_676' title='bbox 224 2235 271 2266; x_wconf 85' lang='grc' dir='ltr'>Τίς</span> <span class='ocrx_word' id='word_1_677' title='bbox 283 2235 410 2271; x_wconf 78' lang='grc' dir='ltr'>ὲγέννησέ</span> <span class='ocrx_word' id='word_1_678' title='bbox 424 2244 468 2270; x_wconf 86' lang='grc' dir='ltr'><strong>μοι</strong></span> <span class='ocrx_word' id='word_1_679' title='bbox 481 2235 607 2268; x_wconf 54' lang='grc' dir='ltr'>τούτους</span> <span class='ocrx_word' id='word_1_680' title='bbox 622 2246 631 2262; x_wconf 75' lang='grc' dir='ltr'>ι</span> <span class='ocrx_word' id='word_1_681' title='bbox 644 2237 674 2263; x_wconf 84' lang='grc' dir='ltr'>τὸ</span> <span class='ocrx_word' id='word_1_682' title='bbox 687 2236 760 2269; x_wconf 78' lang='grc' dir='ltr'>ξένον</span> <span class='ocrx_word' id='word_1_683' title='bbox 771 2239 820 2272; x_wconf 87' lang='grc' dir='ltr'>τῆς</span> <span class='ocrx_word' id='word_1_684' title='bbox 832 2238 886 2264; x_wconf 83' lang='grc' dir='ltr'>τῶν</span> <span class='ocrx_word' id='word_1_685' title='bbox 897 2237 982 2264; x_wconf 75' lang='grc' dir='ltr'>ἐθνῶν</span> 
     </span>
    </p>
   </div>
   <div class='ocr_carea' id='block_1_93' title="bbox 1032 2235 1817 2274">
    <p class='ocr_par' dir='ltr' id='par_1_93' title="bbox 1034 2235 1817 2270">
     <span class='ocr_line' id='line_1_93' title="bbox 1034 2235 1817 2270; baseline -0.004 -7"><span class='ocrx_word' id='word_1_686' title='bbox 1034 2236 1154 2263; x_wconf 86' lang='lat' dir='ltr'><strong>rabunda</strong></span> <span class='ocrx_word' id='word_1_687' title='bbox 1174 2236 1255 2268; x_wconf 83' lang='lat' dir='ltr'><strong>dicet,</strong></span> <span class='ocrx_word' id='word_1_688' title='bbox 1274 2245 1283 2262; x_wconf 76' lang='grc' dir='ltr'><strong>ι</strong></span> <span class='ocrx_word' id='word_1_689' title='bbox 1295 2236 1362 2269; x_wconf 87' lang='lat' dir='ltr'><strong>Quis</strong></span> <span class='ocrx_word' id='word_1_690' title='bbox 1377 2236 1443 2263; x_wconf 85' lang='lat' dir='ltr'><strong>mihi</strong></span> <span class='ocrx_word' id='word_1_691' title='bbox 1463 2236 1544 2262; x_wconf 65' lang='lat' dir='ltr'><strong>hoset:</strong></span> <span class='ocrx_word' id='word_1_692' title='bbox 1555 2235 1668 2270; x_wconf 80' lang='lat' dir='ltr'><strong>genuit?</strong></span> <span class='ocrx_word' id='word_1_693' title='bbox 1682 2244 1691 2259; x_wconf 77' lang='grc' dir='ltr'><strong><em>ι</em></strong></span> <span class='ocrx_word' id='word_1_694' title='bbox 1710 2235 1743 2261; x_wconf 88' lang='lat' dir='ltr'><strong>ad</strong></span> <span class='ocrx_word' id='word_1_695' title='bbox 1769 2243 1817 2261; x_wconf 84' lang='lat' dir='ltr'><strong>nn-</strong></span> 
     </span>
    </p>
   </div>
   <div class='ocr_carea' id='block_1_94' title="bbox 194 2276 981 2318">
    <p class='ocr_par' dir='ltr' id='par_1_94' title="bbox 194 2276 981 2318">
     <span class='ocr_line' id='line_1_94' title="bbox 194 2276 981 2318; baseline 0.008 -15"><span class='ocrx_word' id='word_1_696' title='bbox 194 2276 317 2313; x_wconf 77' lang='grc' dir='ltr'>κλήσεως</span> <span class='ocrx_word' id='word_1_697' title='bbox 331 2279 552 2316; x_wconf 78' lang='grc' dir='ltr'>ὲκπληττομένη·</span> <span class='ocrx_word' id='word_1_698' title='bbox 569 2281 730 2316; x_wconf 77' lang='grc' dir='ltr'>ὁμολογήσει</span> <span class='ocrx_word' id='word_1_699' title='bbox 749 2290 779 2308; x_wconf 86' lang='grc' dir='ltr'><strong>τε</strong></span> <span class='ocrx_word' id='word_1_700' title='bbox 798 2281 848 2317; x_wconf 86' lang='grc' dir='ltr'>τὴν</span> <span class='ocrx_word' id='word_1_701' title='bbox 865 2283 981 2318; x_wconf 77' lang='grc' dir='ltr'>ἐπισυμ-</span> 
     </span>
    </p>
   </div>
   <div class='ocr_carea' id='block_1_95' title="bbox 194 2322 890 2361">
    <p class='ocr_par' dir='ltr' id='par_1_95' title="bbox 194 2322 890 2361">
     <span class='ocr_line' id='line_1_95' title="bbox 194 2322 890 2361; baseline 0.006 -10"><span class='ocrx_word' id='word_1_702' title='bbox 194 2322 281 2351; x_wconf 73' lang='grc' dir='ltr'>ὅᾶσαν</span> <span class='ocrx_word' id='word_1_703' title='bbox 299 2325 368 2361; x_wconf 78' lang='grc' dir='ltr'>αὐτῇ</span> <span class='ocrx_word' id='word_1_704' title='bbox 384 2326 416 2352; x_wconf 83' lang='grc' dir='ltr'>ὲκ</span> <span class='ocrx_word' id='word_1_705' title='bbox 431 2325 479 2353; x_wconf 85' lang='grc' dir='ltr'><strong>τοῦ</strong></span> <span class='ocrx_word' id='word_1_706' title='bbox 501 2326 634 2354; x_wconf 81' lang='grc' dir='ltr'>Ἰουδαίων</span> <span class='ocrx_word' id='word_1_707' title='bbox 649 2326 741 2359; x_wconf 71' lang='grc' dir='ltr'>ἔθνους</span> <span class='ocrx_word' id='word_1_708' title='bbox 754 2327 890 2355; x_wconf 83' lang='grc' dir='ltr'>ἀτεκνίαν.</span> 
     </span>
    </p>
   </div>
   <div class='ocr_carea' id='block_1_96' title="bbox 233 2413 981 2454">
    <p class='ocr_par' dir='ltr' id='par_1_96' title="bbox 233 2413 981 2454">
     <span class='ocr_line' id='line_1_96' title="bbox 233 2413 981 2454; baseline 0.007 -14"><span class='ocrx_word' id='word_1_709' title='bbox 233 2422 244 2439; x_wconf 83' lang='grc' dir='ltr'><strong>ι</strong></span> <span class='ocrx_word' id='word_1_710' title='bbox 262 2413 355 2447; x_wconf 81' lang='grc' dir='ltr'>Οὕτως</span> <span class='ocrx_word' id='word_1_711' title='bbox 373 2414 446 2449; x_wconf 78' lang='grc' dir='ltr'>λέγει</span> <span class='ocrx_word' id='word_1_712' title='bbox 467 2415 567 2451; x_wconf 85' lang='grc' dir='ltr'>Κύριος</span> <span class='ocrx_word' id='word_1_713' title='bbox 587 2417 688 2453; x_wconf 85' lang='grc' dir='ltr'>Κύριος</span> <span class='ocrx_word' id='word_1_714' title='bbox 700 2425 706 2431; x_wconf 88' lang='grc'>·</span> <span class='ocrx_word' id='word_1_715' title='bbox 731 2417 795 2445; x_wconf 83' lang='grc' dir='ltr'>Ἰδοὺ</span> <span class='ocrx_word' id='word_1_716' title='bbox 809 2417 879 2454; x_wconf 75' lang='grc' dir='ltr'>αἴρω</span> <span class='ocrx_word' id='word_1_717' title='bbox 893 2419 932 2449; x_wconf 87' lang='grc' dir='ltr'><strong>είς</strong></span> <span class='ocrx_word' id='word_1_718' title='bbox 946 2418 981 2445; x_wconf 85' lang='grc' dir='ltr'>τὰ</span> 
     </span>
    </p>
   </div>
   <div class='ocr_carea' id='block_1_97' title="bbox 194 2458 980 2499">
    <p class='ocr_par' dir='ltr' id='par_1_97' title="bbox 194 2458 980 2499">
     <span class='ocr_line' id='line_1_97' title="bbox 194 2458 980 2499; baseline 0.006 -13"><span class='ocrx_word' id='word_1_719' title='bbox 194 2458 258 2496; x_wconf 77' lang='grc' dir='ltr'>ἔθνη</span> <span class='ocrx_word' id='word_1_720' title='bbox 275 2461 324 2496; x_wconf 85' lang='grc' dir='ltr'>τὴν</span> <span class='ocrx_word' id='word_1_721' title='bbox 340 2461 419 2497; x_wconf 77' lang='grc' dir='ltr'>χεῖρά</span> <span class='ocrx_word' id='word_1_722' title='bbox 436 2470 496 2497; x_wconf 79' lang='grc' dir='ltr'><strong>μου⁷</strong></span> <span class='ocrx_word' id='word_1_723' title='bbox 517 2463 563 2490; x_wconf 75' lang='grc' dir='ltr'>καὶ</span> <span class='ocrx_word' id='word_1_724' title='bbox 588 2464 628 2495; x_wconf 79' lang='grc' dir='ltr'><strong>είς</strong></span> <span class='ocrx_word' id='word_1_725' title='bbox 650 2463 700 2495; x_wconf 76' lang='grc' dir='ltr'><strong>τὰς</strong></span> <span class='ocrx_word' id='word_1_726' title='bbox 720 2464 819 2499; x_wconf 85' lang='grc' dir='ltr'>νήσους</span> <span class='ocrx_word' id='word_1_727' title='bbox 835 2463 893 2499; x_wconf 83' lang='grc' dir='ltr'><strong>ἀρῶ</strong></span> <span class='ocrx_word' id='word_1_728' title='bbox 915 2464 980 2490; x_wconf 88' lang='grc' dir='ltr'>σύσ-</span> 
     </span>
    </p>
   </div>
   <div class='ocr_carea' id='block_1_98' title="bbox 196 2507 981 2545">
    <p class='ocr_par' dir='ltr' id='par_1_98' title="bbox 196 2507 981 2545">
     <span class='ocr_line' id='line_1_98' title="bbox 196 2507 981 2545; baseline 0.005 -12"><span class='ocrx_word' id='word_1_729' title='bbox 196 2507 282 2542; x_wconf 82' lang='grc' dir='ltr'>σημόν</span> <span class='ocrx_word' id='word_1_730' title='bbox 300 2516 361 2542; x_wconf 86' lang='grc' dir='ltr'>μου,</span> <span class='ocrx_word' id='word_1_731' title='bbox 377 2507 422 2534; x_wconf 60' lang='grc' dir='ltr'><strong>καὶ</strong></span> <span class='ocrx_word' id='word_1_732' title='bbox 441 2508 534 2541; x_wconf 80' lang='grc' dir='ltr'>ἄξουσι</span> <span class='ocrx_word' id='word_1_733' title='bbox 546 2510 610 2541; x_wconf 78' lang='grc' dir='ltr'>τοὺς</span> <span class='ocrx_word' id='word_1_734' title='bbox 621 2509 696 2541; x_wconf 80' lang='grc' dir='ltr'>υἱούς</span> <span class='ocrx_word' id='word_1_735' title='bbox 711 2518 757 2537; x_wconf 88' lang='grc' dir='ltr'><strong>σου</strong></span> <span class='ocrx_word' id='word_1_736' title='bbox 771 2511 799 2537; x_wconf 80' lang='grc' dir='ltr'>ὲν</span> <span class='ocrx_word' id='word_1_737' title='bbox 814 2510 916 2545; x_wconf 85' lang='grc' dir='ltr'>κόλπῳ,</span> <span class='ocrx_word' id='word_1_738' title='bbox 931 2510 981 2542; x_wconf 83' lang='grc' dir='ltr'><strong>τὰς</strong></span> 
     </span>
    </p>
   </div>
   <div class='ocr_carea' id='block_1_99' title="bbox 194 2553 980 2591">
    <p class='ocr_par' dir='ltr' id='par_1_99' title="bbox 194 2553 980 2591">
     <span class='ocr_line' id='line_1_99' title="bbox 194 2553 980 2591; baseline 0.005 -12"><span class='ocrx_word' id='word_1_739' title='bbox 194 2553 223 2579; x_wconf 85' lang='grc' dir='ltr'>δὲ</span> <span class='ocrx_word' id='word_1_740' title='bbox 240 2553 392 2589; x_wconf 80' lang='grc' dir='ltr'>θυγατέρας</span> <span class='ocrx_word' id='word_1_741' title='bbox 417 2563 464 2580; x_wconf 86' lang='grc' dir='ltr'><strong>σου</strong></span> <span class='ocrx_word' id='word_1_742' title='bbox 492 2555 534 2581; x_wconf 82' lang='grc' dir='ltr'><strong>ἐπ’</strong></span> <span class='ocrx_word' id='word_1_743' title='bbox 555 2554 638 2591; x_wconf 79' lang='grc' dir='ltr'>ὤμων</span> <span class='ocrx_word' id='word_1_744' title='bbox 662 2556 772 2591; x_wconf 74' lang='grc' dir='ltr'><strong>ἀροῦσι⁸</strong></span> <span class='ocrx_word' id='word_1_745' title='bbox 801 2565 811 2582; x_wconf 69' lang='grc' dir='ltr'><strong>ι</strong></span> <span class='ocrx_word' id='word_1_746' title='bbox 837 2556 980 2589; x_wconf 79' lang='grc' dir='ltr'>διδάσκων,</span> 
     </span>
    </p>
   </div>
   <div class='ocr_carea' id='block_1_100' title="bbox 194 2599 981 2638">
    <p class='ocr_par' dir='ltr' id='par_1_100' title="bbox 194 2599 981 2638">
     <span class='ocr_line' id='line_1_100' title="bbox 194 2599 981 2638; baseline 0.005 -13"><span class='ocrx_word' id='word_1_747' title='bbox 194 2599 235 2626; x_wconf 82' lang='grc' dir='ltr'>ὅτι</span> <span class='ocrx_word' id='word_1_748' title='bbox 256 2600 330 2631; x_wconf 72' lang='grc' dir='ltr'>υἱοὺς</span> <span class='ocrx_word' id='word_1_749' title='bbox 347 2600 432 2635; x_wconf 76' lang='grc' dir='ltr'>αὐτῆς</span> <span class='ocrx_word' id='word_1_750' title='bbox 444 2601 490 2626; x_wconf 85' lang='grc' dir='ltr'>καὶ</span> <span class='ocrx_word' id='word_1_751' title='bbox 512 2600 673 2636; x_wconf 81' lang='grc' dir='ltr'>θυγατέρας,</span> <span class='ocrx_word' id='word_1_752' title='bbox 693 2603 757 2638; x_wconf 82' lang='grc' dir='ltr'>περὶ</span> <span class='ocrx_word' id='word_1_753' title='bbox 778 2600 815 2629; x_wconf 80' lang='grc' dir='ltr'>ὦν</span> <span class='ocrx_word' id='word_1_754' title='bbox 834 2600 920 2635; x_wconf 82' lang='grc' dir='ltr'>εἶπεν,</span> <span class='ocrx_word' id='word_1_755' title='bbox 940 2603 981 2629; x_wconf 68' lang='grc' dir='ltr'>ὅτι</span> 
     </span>
    </p>
   </div>
   <div class='ocr_carea' id='block_1_101' title="bbox 197 2643 982 2684">
    <p class='ocr_par' dir='ltr' id='par_1_101' title="bbox 197 2643 982 2684">
     <span class='ocr_line' id='line_1_101' title="bbox 197 2643 982 2684; baseline 0.001 -11"><span class='ocrx_word' id='word_1_756' title='bbox 197 2656 208 2673; x_wconf 72' lang='grc' dir='ltr'><strong>ε</strong></span> <span class='ocrx_word' id='word_1_757' title='bbox 233 2643 314 2674; x_wconf 78' lang='grc' dir='ltr'>Οὗτοι</span> <span class='ocrx_word' id='word_1_758' title='bbox 327 2647 356 2674; x_wconf 81' lang='grc' dir='ltr'>δέ</span> <span class='ocrx_word' id='word_1_759' title='bbox 379 2655 423 2682; x_wconf 91' lang='grc' dir='ltr'><strong>μοι</strong></span> <span class='ocrx_word' id='word_1_760' title='bbox 449 2647 500 2674; x_wconf 80' lang='grc' dir='ltr'><strong>ποῦ</strong></span> <span class='ocrx_word' id='word_1_761' title='bbox 524 2645 612 2683; x_wconf 54' lang='lat' dir='ltr'><strong>ﬁatut);</strong></span> <span class='ocrx_word' id='word_1_762' title='bbox 635 2658 645 2674; x_wconf 71' lang='grc' dir='ltr'><strong>ι</strong></span> <span class='ocrx_word' id='word_1_763' title='bbox 669 2649 702 2675; x_wconf 82' lang='grc' dir='ltr'>ὲκ</span> <span class='ocrx_word' id='word_1_764' title='bbox 726 2647 777 2683; x_wconf 77' lang='grc' dir='ltr'>τῆς</span> <span class='ocrx_word' id='word_1_765' title='bbox 794 2648 910 2684; x_wconf 76' lang='grc' dir='ltr'>ἐκλογῆς</span> <span class='ocrx_word' id='word_1_766' title='bbox 927 2648 982 2675; x_wconf 85' lang='grc' dir='ltr'><strong>τῶν</strong></span> 
     </span>
    </p>
   </div>
   <div class='ocr_carea' id='block_1_102' title="bbox 194 2692 980 2729">
    <p class='ocr_par' dir='ltr' id='par_1_102' title="bbox 194 2692 980 2729">
     <span class='ocr_line' id='line_1_102' title="bbox 194 2692 980 2729; baseline 0.003 -10"><span class='ocrx_word' id='word_1_767' title='bbox 194 2692 280 2726; x_wconf 66' lang='grc' dir='ltr'>ἐθνῶν</span> <span class='ocrx_word' id='word_1_768' title='bbox 293 2694 361 2729; x_wconf 79' lang='grc' dir='ltr'>πρὸς</span> <span class='ocrx_word' id='word_1_769' title='bbox 373 2693 456 2729; x_wconf 83' lang='grc' dir='ltr'>αὐτὴν</span> <span class='ocrx_word' id='word_1_770' title='bbox 468 2693 586 2727; x_wconf 78' lang='grc' dir='ltr'>συνάξει,</span> <span class='ocrx_word' id='word_1_771' title='bbox 602 2694 679 2726; x_wconf 87' lang='grc' dir='ltr'>Τίνες</span> <span class='ocrx_word' id='word_1_772' title='bbox 697 2694 724 2720; x_wconf 85' lang='grc' dir='ltr'>δὲ</span> <span class='ocrx_word' id='word_1_773' title='bbox 737 2693 815 2720; x_wconf 88' lang='grc' dir='ltr'>τοῦτο</span> <span class='ocrx_word' id='word_1_774' title='bbox 830 2694 980 2729; x_wconf 78' lang='grc' dir='ltr'>πράξωσιν,</span> 
     </span>
    </p>
   </div>
   <div class='ocr_carea' id='block_1_103' title="bbox 194 2738 983 2776">
    <p class='ocr_par' dir='ltr' id='par_1_103' title="bbox 194 2738 983 2776">
     <span class='ocr_line' id='line_1_103' title="bbox 194 2738 983 2776; baseline 0.001 -11"><span class='ocrx_word' id='word_1_775' title='bbox 194 2738 212 2775; x_wconf 80' lang='grc' dir='ltr'>ἢ</span> <span class='ocrx_word' id='word_1_776' title='bbox 233 2740 342 2771; x_wconf 80' lang='grc' dir='ltr'>πάντως</span> <span class='ocrx_word' id='word_1_777' title='bbox 359 2749 410 2766; x_wconf 83' lang='grc' dir='ltr'><strong>που</strong></span> <span class='ocrx_word' id='word_1_778' title='bbox 423 2740 446 2766; x_wconf 90' lang='grc' dir='ltr'><strong>οἱ</strong></span> <span class='ocrx_word' id='word_1_779' title='bbox 459 2740 523 2772; x_wconf 81' lang='grc' dir='ltr'>τοὺς</span> <span class='ocrx_word' id='word_1_780' title='bbox 540 2739 734 2775; x_wconf 83' lang='grc' dir='ltr'>εἰσαγομένους</span> <span class='ocrx_word' id='word_1_781' title='bbox 749 2740 790 2771; x_wconf 82' lang='grc' dir='ltr'><strong>είς</strong></span> <span class='ocrx_word' id='word_1_782' title='bbox 801 2740 851 2775; x_wconf 86' lang='grc' dir='ltr'>τὴν</span> <span class='ocrx_word' id='word_1_783' title='bbox 869 2740 983 2776; x_wconf 88' lang='grc' dir='ltr'>Ἐκκλη-</span> 
     </span>
    </p>
   </div>
   <div class='ocr_carea' id='block_1_104' title="bbox 196 2785 984 2822">
    <p class='ocr_par' dir='ltr' id='par_1_104' title="bbox 196 2785 984 2822">
     <span class='ocr_line' id='line_1_104' title="bbox 196 2785 984 2822; baseline 0.001 -10"><span class='ocrx_word' id='word_1_784' title='bbox 196 2785 255 2812; x_wconf 82' lang='grc' dir='ltr'>σίαν</span> <span class='ocrx_word' id='word_1_785' title='bbox 266 2785 313 2812; x_wconf 85' lang='grc' dir='ltr'><strong>τοῦ</strong></span> <span class='ocrx_word' id='word_1_786' title='bbox 331 2785 397 2812; x_wconf 85' lang='grc' dir='ltr'>Θεοῦ</span> <span class='ocrx_word' id='word_1_787' title='bbox 415 2785 646 2822; x_wconf 77' lang='grc' dir='ltr'>χειραγωγοῦντες</span> <span class='ocrx_word' id='word_1_788' title='bbox 663 2785 707 2814; x_wconf 78' lang='grc' dir='ltr'>διὰ</span> <span class='ocrx_word' id='word_1_789' title='bbox 717 2785 766 2822; x_wconf 83' lang='grc' dir='ltr'>τὴν</span> <span class='ocrx_word' id='word_1_790' title='bbox 774 2785 880 2822; x_wconf 82' lang='grc' dir='ltr'>φρενῶν</span> <span class='ocrx_word' id='word_1_791' title='bbox 891 2786 984 2822; x_wconf 72' lang='grc' dir='ltr'>νηπιόυ</span> 
     </span>
    </p>
   </div>
   <div class='ocr_carea' id='block_1_105' title="bbox 194 2838 282 2866">
    <p class='ocr_par' dir='ltr' id='par_1_105' title="bbox 194 2838 282 2866">
     <span class='ocr_line' id='line_1_105' title="bbox 194 2838 282 2866; baseline -0.011 -8"><span class='ocrx_word' id='word_1_792' title='bbox 194 2838 282 2866; x_wconf 79' lang='grc' dir='ltr'>τητα;</span> 
     </span>
    </p>
   </div>
   <div class='ocr_carea' id='block_1_106' title="bbox 231 2878 497 2914">
    <p class='ocr_par' dir='ltr' id='par_1_106' title="bbox 231 2878 497 2914">
     <span class='ocr_line' id='line_1_106' title="bbox 231 2878 497 2914; baseline 0.008 -8"><span class='ocrx_word' id='word_1_793' title='bbox 231 2878 257 2895; x_wconf 75' lang='grc'><strong>’⁸</strong></span> <span class='ocrx_word' id='word_1_794' title='bbox 271 2878 365 2906; x_wconf 78' lang='lat' dir='ltr'><strong>Matth.</strong></span> <span class='ocrx_word' id='word_1_795' title='bbox 383 2886 437 2914; x_wconf 80' lang='lat' dir='ltr'><strong>xvt,</strong></span> <span class='ocrx_word' id='word_1_796' title='bbox 452 2880 497 2910; x_wconf 78' lang='lat' dir='ltr'><strong>l8.</strong></span> 
     </span>
    </p>
   </div>
   <div class='ocr_carea' id='block_1_107' title="bbox 1033 2281 1818 2318">
    <p class='ocr_par' dir='ltr' id='par_1_107' title="bbox 1033 2281 1818 2318">
     <span class='ocr_line' id='line_1_107' title="bbox 1033 2281 1818 2318; baseline -0.004 -9"><span class='ocrx_word' id='word_1_797' title='bbox 1033 2291 1093 2309; x_wconf 87' lang='lat' dir='ltr'><strong>vam</strong></span> <span class='ocrx_word' id='word_1_798' title='bbox 1105 2287 1131 2309; x_wconf 88' lang='lat' dir='ltr'><strong>et</strong></span> <span class='ocrx_word' id='word_1_799' title='bbox 1146 2282 1304 2310; x_wconf 88' lang='lat' dir='ltr'><strong>insolentem</strong></span> <span class='ocrx_word' id='word_1_800' title='bbox 1322 2283 1440 2318; x_wconf 84' lang='lat' dir='ltr'><strong>gentium</strong></span> <span class='ocrx_word' id='word_1_801' title='bbox 1454 2283 1621 2310; x_wconf 84' lang='lat' dir='ltr'><strong>vocationem</strong></span> <span class='ocrx_word' id='word_1_802' title='bbox 1636 2281 1749 2307; x_wconf 85' lang='lat' dir='ltr'><strong>attonita</strong></span> <span class='ocrx_word' id='word_1_803' title='bbox 1764 2289 1771 2307; x_wconf 77' lang='grc' dir='ltr'><strong>τ</strong></span> <span class='ocrx_word' id='word_1_804' title='bbox 1786 2289 1818 2307; x_wconf 78' lang='lat' dir='ltr'><strong>ac</strong></span> 
     </span>
    </p>
   </div>
   <div class='ocr_carea' id='block_1_108' title="bbox 1033 2325 1822 2362">
    <p class='ocr_par' dir='ltr' id='par_1_108' title="bbox 1033 2325 1822 2362">
     <span class='ocr_line' id='line_1_108' title="bbox 1033 2325 1822 2362; baseline -0.004 -7"><span class='ocrx_word' id='word_1_805' title='bbox 1033 2328 1204 2356; x_wconf 80' lang='lat' dir='ltr'><strong>sterilitatem</strong></span> <span class='ocrx_word' id='word_1_806' title='bbox 1223 2328 1274 2355; x_wconf 86' lang='lat' dir='ltr'><strong>sibi</strong></span> <span class='ocrx_word' id='word_1_807' title='bbox 1301 2336 1316 2355; x_wconf 77' lang='grc' dir='ltr'><strong>ιι</strong></span> <span class='ocrx_word' id='word_1_808' title='bbox 1343 2327 1454 2355; x_wconf 80' lang='lat' dir='ltr'><strong>Judaica</strong></span> <span class='ocrx_word' id='word_1_809' title='bbox 1481 2331 1562 2362; x_wconf 78' lang='lat' dir='ltr'><strong>gente</strong></span> <span class='ocrx_word' id='word_1_810' title='bbox 1586 2327 1725 2354; x_wconf 82' lang='lat' dir='ltr'><strong>inductam</strong></span> <span class='ocrx_word' id='word_1_811' title='bbox 1752 2325 1822 2353; x_wconf 77' lang='lat' dir='ltr'><strong>fate-</strong></span> 
     </span>
    </p>
   </div>
   <div class='ocr_carea' id='block_1_109' title="bbox 1033 2375 1116 2403">
    <p class='ocr_par' dir='ltr' id='par_1_109' title="bbox 1033 2375 1116 2403">
     <span class='ocr_line' id='line_1_109' title="bbox 1033 2375 1116 2403; baseline -0.024 0"><span class='ocrx_word' id='word_1_812' title='bbox 1033 2375 1116 2403; x_wconf 81' lang='lat' dir='ltr'><strong>bitur.</strong></span> 
     </span>
    </p>
   </div>
   <div class='ocr_carea' id='block_1_110' title="bbox 1071 2417 1823 2449">
    <p class='ocr_par' dir='ltr' id='par_1_110' title="bbox 1071 2417 1823 2449">
     <span class='ocr_line' id='line_1_110' title="bbox 1071 2417 1823 2449; baseline -0.003 -2"><span class='ocrx_word' id='word_1_813' title='bbox 1071 2421 1152 2448; x_wconf 73' lang='lat' dir='ltr'><strong>Vsus.</strong></span> <span class='ocrx_word' id='word_1_814' title='bbox 1176 2421 1220 2448; x_wconf 70' lang='lat'><strong>2&#39;2.</strong></span> <span class='ocrx_word' id='word_1_815' title='bbox 1247 2431 1256 2448; x_wconf 77' lang='grc' dir='ltr'>ι</span> <span class='ocrx_word' id='word_1_816' title='bbox 1281 2421 1327 2449; x_wconf 87' lang='lat' dir='ltr'><strong>Sic</strong></span> <span class='ocrx_word' id='word_1_817' title='bbox 1345 2421 1410 2448; x_wconf 90' lang='lat' dir='ltr'><strong>dicit</strong></span> <span class='ocrx_word' id='word_1_818' title='bbox 1429 2420 1560 2447; x_wconf 87' lang='lat' dir='ltr'><strong>Dominus</strong></span> <span class='ocrx_word' id='word_1_819' title='bbox 1586 2417 1823 2446; x_wconf 76' lang='lat' dir='ltr'><strong>Dnminus:Ecee</strong></span> 
     </span>
    </p>
   </div>
   <div class='ocr_carea' id='block_1_111' title="bbox 1034 2465 1820 2502">
    <p class='ocr_par' dir='ltr' id='par_1_111' title="bbox 1034 2465 1820 2502">
     <span class='ocr_line' id='line_1_111' title="bbox 1034 2465 1820 2502; baseline -0.005 -8"><span class='ocrx_word' id='word_1_820' title='bbox 1034 2467 1110 2494; x_wconf 87' lang='lat' dir='ltr'><strong>elevo</strong></span> <span class='ocrx_word' id='word_1_821' title='bbox 1126 2475 1207 2502; x_wconf 84' lang='lat' dir='ltr'><strong>super</strong></span> <span class='ocrx_word' id='word_1_822' title='bbox 1231 2472 1323 2502; x_wconf 87' lang='lat' dir='ltr'><strong>gentes</strong></span> <span class='ocrx_word' id='word_1_823' title='bbox 1345 2475 1452 2493; x_wconf 87' lang='lat' dir='ltr'><strong>manum</strong></span> <span class='ocrx_word' id='word_1_824' title='bbox 1478 2473 1584 2497; x_wconf 78' lang='lat' dir='ltr'><strong>nteant,</strong></span> <span class='ocrx_word' id='word_1_825' title='bbox 1613 2470 1641 2492; x_wconf 85' lang='lat' dir='ltr'><strong>et</strong></span> <span class='ocrx_word' id='word_1_826' title='bbox 1664 2465 1697 2491; x_wconf 89' lang='lat' dir='ltr'><strong>ad</strong></span> <span class='ocrx_word' id='word_1_827' title='bbox 1719 2465 1820 2491; x_wconf 79' lang='lat' dir='ltr'><strong>insulas</strong></span> 
     </span>
    </p>
   </div>
   <div class='ocr_carea' id='block_1_112' title="bbox 1036 2509 1818 2548">
    <p class='ocr_par' dir='ltr' id='par_1_112' title="bbox 1036 2509 1818 2548">
     <span class='ocr_line' id='line_1_112' title="bbox 1036 2509 1818 2548; baseline -0.006 -8"><span class='ocrx_word' id='word_1_828' title='bbox 1036 2513 1131 2540; x_wconf 84' lang='lat' dir='ltr'><strong>levabo</strong></span> <span class='ocrx_word' id='word_1_829' title='bbox 1155 2513 1260 2548; x_wconf 81' lang='lat' dir='ltr'><strong>signum</strong></span> <span class='ocrx_word' id='word_1_830' title='bbox 1278 2520 1388 2539; x_wconf 88' lang='lat' dir='ltr'><strong>meum:</strong></span> <span class='ocrx_word' id='word_1_831' title='bbox 1405 2516 1432 2537; x_wconf 85' lang='lat' dir='ltr'><strong>et</strong></span> <span class='ocrx_word' id='word_1_832' title='bbox 1452 2511 1587 2537; x_wconf 81' lang='lat' dir='ltr'><strong>adducent</strong></span> <span class='ocrx_word' id='word_1_833' title='bbox 1609 2509 1677 2536; x_wconf 87' lang='lat' dir='ltr'><strong>lilios</strong></span> <span class='ocrx_word' id='word_1_834' title='bbox 1703 2512 1764 2536; x_wconf 89' lang='lat' dir='ltr'><strong>tuos</strong></span> <span class='ocrx_word' id='word_1_835' title='bbox 1792 2509 1818 2535; x_wconf 94' lang='lat' dir='ltr'><strong>in</strong></span> 
     </span>
    </p>
   </div>
   <div class='ocr_carea' id='block_1_113' title="bbox 1035 2554 1822 2591">
    <p class='ocr_par' dir='ltr' id='par_1_113' title="bbox 1035 2554 1822 2591">
     <span class='ocr_line' id='line_1_113' title="bbox 1035 2554 1822 2591; baseline -0.006 -6"><span class='ocrx_word' id='word_1_836' title='bbox 1035 2559 1106 2591; x_wconf 89' lang='lat' dir='ltr'><strong>sinu,</strong></span> <span class='ocrx_word' id='word_1_837' title='bbox 1121 2563 1147 2585; x_wconf 87' lang='lat' dir='ltr'><strong>et</strong></span> <span class='ocrx_word' id='word_1_838' title='bbox 1160 2558 1230 2585; x_wconf 86' lang='lat' dir='ltr'><strong>ﬁlias</strong></span> <span class='ocrx_word' id='word_1_839' title='bbox 1244 2563 1304 2585; x_wconf 85' lang='lat' dir='ltr'><strong>tuas</strong></span> <span class='ocrx_word' id='word_1_840' title='bbox 1321 2556 1440 2584; x_wconf 72' lang='lat' dir='ltr'><strong>humeris</strong></span> <span class='ocrx_word' id='word_1_841' title='bbox 1454 2555 1600 2590; x_wconf 81' lang='lat' dir='ltr'><strong>portabunt</strong></span> <span class='ocrx_word' id='word_1_842' title='bbox 1617 2563 1624 2581; x_wconf 90' lang='lat'><strong>:</strong></span> <span class='ocrx_word' id='word_1_843' title='bbox 1640 2563 1650 2580; x_wconf 71' lang='grc' dir='ltr'><strong><em>ι</em></strong></span> <span class='ocrx_word' id='word_1_844' title='bbox 1669 2554 1779 2586; x_wconf 76' lang='lat' dir='ltr'><strong>docens,</strong></span> <span class='ocrx_word' id='word_1_845' title='bbox 1791 2562 1822 2581; x_wconf 73' lang='lat' dir='ltr'><strong>se</strong></span> 
     </span>
    </p>
   </div>
   <div class='ocr_carea' id='block_1_114' title="bbox 1035 2599 1820 2638">
    <p class='ocr_par' dir='ltr' id='par_1_114' title="bbox 1035 2599 1820 2638">
     <span class='ocr_line' id='line_1_114' title="bbox 1035 2599 1820 2638; baseline -0.009 -6"><span class='ocrx_word' id='word_1_846' title='bbox 1035 2605 1105 2632; x_wconf 87' lang='lat' dir='ltr'><strong>ﬁlios</strong></span> <span class='ocrx_word' id='word_1_847' title='bbox 1117 2610 1144 2630; x_wconf 85' lang='lat' dir='ltr'><strong>et</strong></span> <span class='ocrx_word' id='word_1_848' title='bbox 1158 2605 1226 2631; x_wconf 81' lang='lat' dir='ltr'><strong>tilias</strong></span> <span class='ocrx_word' id='word_1_849' title='bbox 1239 2604 1316 2638; x_wconf 81' lang='lat' dir='ltr'><strong>ejus,</strong></span> <span class='ocrx_word' id='word_1_850' title='bbox 1341 2603 1374 2629; x_wconf 90' lang='lat' dir='ltr'><strong>de</strong></span> <span class='ocrx_word' id='word_1_851' title='bbox 1393 2601 1493 2636; x_wconf 88' lang='lat' dir='ltr'><strong>quibus</strong></span> <span class='ocrx_word' id='word_1_852' title='bbox 1510 2601 1588 2632; x_wconf 77' lang='lat' dir='ltr'><strong>dixit,</strong></span> <span class='ocrx_word' id='word_1_853' title='bbox 1607 2608 1616 2625; x_wconf 77' lang='grc' dir='ltr'><strong>ι</strong></span> <span class='ocrx_word' id='word_1_854' title='bbox 1630 2599 1661 2626; x_wconf 91' lang='lat' dir='ltr'><strong>Hi</strong></span> <span class='ocrx_word' id='word_1_855' title='bbox 1692 2607 1756 2626; x_wconf 80' lang='lat' dir='ltr'><strong>vero</strong></span> <span class='ocrx_word' id='word_1_856' title='bbox 1777 2600 1820 2626; x_wconf 79' lang='lat' dir='ltr'><strong>ubi</strong></span> 
     </span>
    </p>
   </div>
   <div class='ocr_carea' id='block_1_115' title="bbox 1035 2645 1820 2681">
    <p class='ocr_par' dir='ltr' id='par_1_115' title="bbox 1035 2645 1820 2681">
     <span class='ocr_line' id='line_1_115' title="bbox 1035 2645 1820 2681; baseline -0.009 -3"><span class='ocrx_word' id='word_1_857' title='bbox 1035 2655 1112 2678; x_wconf 89' lang='lat' dir='ltr'><strong>erant</strong></span> <span class='ocrx_word' id='word_1_858' title='bbox 1125 2650 1236 2678; x_wconf 65' lang='lat' dir='ltr'><strong>mihi?»</strong></span> <span class='ocrx_word' id='word_1_859' title='bbox 1267 2657 1300 2676; x_wconf 76' lang='lat' dir='ltr'><strong>ex</strong></span> <span class='ocrx_word' id='word_1_860' title='bbox 1321 2648 1454 2675; x_wconf 88' lang='lat' dir='ltr'><strong>electione</strong></span> <span class='ocrx_word' id='word_1_861' title='bbox 1476 2646 1594 2681; x_wconf 83' lang='lat' dir='ltr'><strong>gentium</strong></span> <span class='ocrx_word' id='word_1_862' title='bbox 1621 2646 1655 2672; x_wconf 89' lang='lat' dir='ltr'><strong>ad</strong></span> <span class='ocrx_word' id='word_1_863' title='bbox 1673 2645 1820 2673; x_wconf 72' lang='lat' dir='ltr'><strong>Ecclesium</strong></span> 
     </span>
    </p>
   </div>
   <div class='ocr_carea' id='block_1_116' title="bbox 1036 2692 1820 2728">
    <p class='ocr_par' dir='ltr' id='par_1_116' title="bbox 1036 2692 1820 2728">
     <span class='ocr_line' id='line_1_116' title="bbox 1036 2692 1820 2728; baseline -0.008 -4"><span class='ocrx_word' id='word_1_864' title='bbox 1036 2697 1215 2725; x_wconf 78' lang='lat' dir='ltr'><strong>deducturum</strong></span> <span class='ocrx_word' id='word_1_865' title='bbox 1233 2703 1304 2723; x_wconf 85' lang='lat' dir='ltr'><strong>esse.</strong></span> <span class='ocrx_word' id='word_1_866' title='bbox 1319 2694 1434 2728; x_wconf 84' lang='lat' dir='ltr'><strong>Quinam</strong></span> <span class='ocrx_word' id='word_1_867' title='bbox 1451 2701 1514 2720; x_wconf 86' lang='lat' dir='ltr'><strong>vero</strong></span> <span class='ocrx_word' id='word_1_868' title='bbox 1533 2693 1559 2719; x_wconf 90' lang='lat' dir='ltr'><strong>id</strong></span> <span class='ocrx_word' id='word_1_869' title='bbox 1573 2692 1660 2719; x_wconf 90' lang='lat' dir='ltr'><strong>acturi</strong></span> <span class='ocrx_word' id='word_1_870' title='bbox 1679 2697 1752 2724; x_wconf 89' lang='lat' dir='ltr'><strong>sunt,</strong></span> <span class='ocrx_word' id='word_1_871' title='bbox 1770 2692 1820 2718; x_wconf 86' lang='lat' dir='ltr'><strong>nisi</strong></span> 
     </span>
    </p>
   </div>
   <div class='ocr_carea' id='block_1_117' title="bbox 1036 2739 1826 2778">
    <p class='ocr_par' dir='ltr' id='par_1_117' title="bbox 1036 2739 1826 2778">
     <span class='ocr_line' id='line_1_117' title="bbox 1036 2739 1826 2778; baseline -0.005 -7"><span class='ocrx_word' id='word_1_872' title='bbox 1036 2743 1081 2778; x_wconf 88' lang='lat' dir='ltr'><strong>qui</strong></span> <span class='ocrx_word' id='word_1_873' title='bbox 1095 2743 1163 2770; x_wconf 87' lang='lat' dir='ltr'><strong>alios</strong></span> <span class='ocrx_word' id='word_1_874' title='bbox 1177 2743 1209 2770; x_wconf 84' lang='lat' dir='ltr'><strong>ad</strong></span> <span class='ocrx_word' id='word_1_875' title='bbox 1228 2741 1376 2769; x_wconf 87' lang='lat' dir='ltr'><strong>Ecclesiam</strong></span> <span class='ocrx_word' id='word_1_876' title='bbox 1389 2739 1435 2767; x_wconf 89' lang='lat' dir='ltr'><strong>Dei</strong></span> <span class='ocrx_word' id='word_1_877' title='bbox 1451 2739 1611 2766; x_wconf 84' lang='lat' dir='ltr'><strong>accedentes</strong></span> <span class='ocrx_word' id='word_1_878' title='bbox 1626 2746 1706 2765; x_wconf 86' lang='lat' dir='ltr'><strong>manu</strong></span> <span class='ocrx_word' id='word_1_879' title='bbox 1721 2739 1826 2767; x_wconf 70' lang='lat' dir='ltr'><strong>ducunt.</strong></span> 
     </span>
    </p>
   </div>
   <div class='ocr_carea' id='block_1_118' title="bbox 1037 2784 1752 2818">
    <p class='ocr_par' dir='ltr' id='par_1_118' title="bbox 1037 2784 1752 2818">
     <span class='ocr_line' id='line_1_118' title="bbox 1037 2784 1752 2818; baseline -0.008 0"><span class='ocrx_word' id='word_1_880' title='bbox 1037 2788 1072 2818; x_wconf 87' lang='lat' dir='ltr'><strong>ob</strong></span> <span class='ocrx_word' id='word_1_881' title='bbox 1085 2795 1178 2817; x_wconf 87' lang='lat' dir='ltr'><strong>eorum</strong></span> <span class='ocrx_word' id='word_1_882' title='bbox 1193 2787 1291 2816; x_wconf 85' lang='lat' dir='ltr'><strong>mentis</strong></span> <span class='ocrx_word' id='word_1_883' title='bbox 1308 2785 1518 2815; x_wconf 85' lang='lat' dir='ltr'><strong>imbecillitatem</strong></span> <span class='ocrx_word' id='word_1_884' title='bbox 1534 2789 1562 2813; x_wconf 86' lang='lat' dir='ltr'><strong>et</strong></span> <span class='ocrx_word' id='word_1_885' title='bbox 1584 2784 1725 2813; x_wconf 80' lang='lat' dir='ltr'><strong>infantiam</strong></span> <span class='ocrx_word' id='word_1_886' title='bbox 1737 2784 1752 2813; x_wconf 82' lang='grc' dir='ltr'><strong>ι</strong></span> 
     </span>
    </p>
   </div>
  </div>
