2061 3215
142 138 190 172 sit

603 143 854 173 COMMENTARIA
875 145 908 172 IN
928 145 1057 175 ISAIAM.
1075 162 1109 168 —
1128 144 1204 173 CAP.
1225 143 1256 170 L.

1711 141 1764 168 ιω

144 213 198 240 po);
211 204 356 239 δυνηθῆναι
370 205 439 231 νοεῖν
450 204 511 236 τοὺς
523 204 551 229 ἐν
566 204 657 236 αὐτοῖς
671 205 717 231 καὶ
728 204 841 239 παχέσιν
854 205 915 232 ὅντα

966 232 970 238 λ
986 205 1122 232 edisserit.
1136 204 1229 238 Neque
1238 202 1308 230 enini
1324 200 1390 227 alias
1408 207 1468 227 eum
1493 199 1639 234 Intelligere
1655 205 1763 233 possent

142 250 278 285 σώμασιν,
306 251 329 275 εἰ
347 250 384 285 μὴ
399 249 524 285 καθάπερ
551 251 580 276 ἐν
603 250 677 283 τάξει
701 251 913 286 παραδειγμάτω

980 251 997 278 ii
1015 252 1060 286 qui
1080 251 1105 277 in
1130 257 1252 283 corpore,
1269 249 1378 281 ipsoque
1392 253 1484 272 crasso
1503 250 1530 272 et
1553 245 1696 275 materiali,
1716 246 1763 270 de-

142 295 334 330 παρεκομίσθη
348 295 382 321 τὰ
397 296 456 322 καθ’
474 296 562 331 ἡμᾶς·
582 296 614 322 ἶν’
634 298 666 323 ὲκ
687 296 740 323 τῶν
757 297 787 322 ὲν
804 297 928 332 αἰσθήσει

141 342 189 368 καὶ
204 341 309 377 ὁρατῶν
324 341 495 376 πραγμάτων
510 342 561 368 κᾶν
585 343 684 369 οὑτωσὶ
698 343 729 368 ὲκ
748 342 846 378 μέρους
860 344 928 369 νοεῖν

143 387 298 423 ἰσχύσωμεν
313 387 347 414 τὰ
360 387 423 423 περὶ
434 389 484 422 τῆς
495 387 570 420 θείας
582 387 684 419 οὐσίας.

405 476 603 503 ΚΕΦΑΛΛΙΟΝ
620 477 661 504 N'.

178 531 189 548 ι
205 521 300 554 Οὓτως
314 523 388 557 λέγει
405 523 523 558 Κύριος·
541 524 619 551 Ποῖον
634 524 665 550 τὸ
681 524 781 559 βιϐλίον
799 524 844 551 τοῦ
860 525 927 551 ἀπο-

140 569 250 594 στασίου
265 569 315 603 τῆς
327 569 428 604 μητρὸς
441 569 527 604 ὑμῶν,
555 566 576 603 ᾧ
596 568 772 601 ἐξαπέστειλα
789 570 891 605 αὑτήν;
909 570 925 604 ἦ

138 614 191 640 τίνι
213 614 339 650 ύποχρέῳ
357 615 486 650 πέπρακα
506 615 594 651 apag;
618 615 682 642 Ἰδοὺ
707 617 766 647 ταῖς
779 615 926 651 ἁμαρτίαις

140 658 215 692 ὗμῶν
228 659 404 692 ἑξαπέστειλα
423 659 472 695 τὴν
488 661 601 696 ςμητὲρα
617 661 704 696 ὑμῶν.
721 661 754 688 Τί
773 662 813 688 ὃτι
834 659 924 697 ἦλθον,

136 705 185 731 καὶ
209 705 259 731 οὐκ
283 703 317 740 ἦν
343 707 357 732 ὁ
380 706 542 740 ὑπακούωνς
565 707 609 742 Μὴ
635 708 684 734 ούκ
714 704 800 742 ἰσχύει
824 708 840 742 ή
865 707 926 743 χείρ

137 759 189 784 μου
214 751 261 777 τοῦ
281 751 430 787 ῥύσασθαι;
451 753 496 788 Μὴ
524 753 573 779 οὐκ
597 753 680 788 ἰσχύω
700 753 746 779 τοῦ
772 753 924 785 ἐξελέσθαις

142 796 207 823 Ἰδοὺ
224 797 262 831 τῷ
273 797 380 832 ἐλεγμῷ
396 807 445 833 μου
465 798 631 834 ἓξερημώσω
645 799 694 834 τὴν
706 798 842 826 θάλασσαν
852 807 858 812 ‘
879 800 925 826 καὶ

135 839 212 876 θήσω
227 843 365 877 ποταμοὺς
376 843 504 878 ἐρήμους,
519 845 565 871 καὶ
579 844 789 880 ξηρανθήσονται
800 846 824 871 οἱ
835 845 924 881 ἰχθύες

978 302 1063 331 gunt,
1083 297 1134 324 nisi
1160 304 1190 321 ea
1216 302 1275 328 qua:
1293 300 1376 328 penes
1400 299 1449 318 nos
1474 297 1537 318 sunt
1555 291 1588 317 ad
1611 291 1763 324 exeinplmo

978 347 1188 377 nsurparentnr;
1211 347 1240 368 ut
1255 349 1287 367 ex
1309 341 1340 367 iis
1365 347 1425 374 qua:
1447 339 1495 366 sub
1515 345 1622 365 sensum
1639 342 1666 363 et
1687 345 1765 370 aspe-

977 393 1049 415 ctum
1063 388 1158 414 cadunt
1169 395 1217 419 ,ea
1229 394 1289 420 qum
1300 386 1416 412 divinam
1432 383 1608 411 substantiam
1627 386 1762 416 spectant,

977 434 1072 463 saltem
1090 441 1124 460 ex
1140 438 1225 467 parte,
1235 433 1352 468 cogitare
1367 437 1516 466 possemus.

1293 476 1407 504 CAPUT
1426 476 1457 505 L.

1012 525 1094 552 Vens.
1112 525 1167 552 1-7.
1180 534 1188 549 α
1201 523 1246 551 Sic
1256 523 1319 550 dicit
1334 522 1461 549 Dominus
1471 530 1478 548 :
1487 519 1578 554 Qualis
1586 518 1704 546 liicliber
1717 524 1766 544 κα

976 572 1048 606 pudii
1064 571 1158 598 matris
1172 574 1277 602 vestrm,
1294 575 1348 602 quo
1365 567 1453 594 dimisi
1471 573 1530 593 eam
1545 565 1613 592 ?aut
1628 564 1671 592 cui
1687 563 1764 591 debi-

977 618 1027 644 tori
1040 616 1145 644 vendidi
1160 623 1207 642 vos
1223 615 1234 642 ?
1249 615 1318 642 Ecce
1347 612 1465 648 peccatis
1487 612 1587 638 vestris
1607 609 1760 637 venumdati

976 663 1052 696 estis,
1070 667 1097 688 et
1116 662 1141 689 in
1164 661 1351 696 iniquitatibus
1369 658 1467 685 vestris
1481 657 1568 684 dimisi
1588 661 1702 683 matrem
1716 662 1763 681 ve-

975 712 1070 734 stram.
1089 706 1158 740 Quid
1182 706 1242 740 quia
1256 704 1329 736 veni,
1350 708 1378 730 et
1397 711 1450 730 non
1473 706 1533 729 erat
1553 701 1599 736 qui
1618 699 1762 727 obcdiret?

975 753 1070 779 Annon
1090 755 1180 786 potest
1195 757 1292 777 manus
1313 755 1371 775 mea
1389 746 1527 774 liberare?
1542 746 1637 772 Annon
1652 751 1761 778 possunt

974 798 1096 825 eruere?
1114 797 1183 824 Ecce
1202 795 1414 822 comminatione
1434 800 1493 820 mea
1512 793 1646 819 desertum
1665 791 1759 817 faciam

975 850 1060 875 mare,
1071 848 1099 870 et
1114 849 1210 876 pOnam
1227 840 1321 867 ﬂuvios
1338 840 1475 872 desertos,
1491 843 1516 865 et
1531 841 1655 864 arescent
1672 836 1760 870 pisces

133 888 226 914 αὐτῶν
241 888 294 915 ἀπὸ
311 889 358 915 τοῦ
373 889 409 924 μὴ
428 887 495 916 εἶναι
509 889 601 921 ὕδατα,
622 891 668 916 καὶ
680 890 876 918 ἀποθανοῦνται
892 892 915 918 ἐκ

973 897 1076 922 eorum,
1093 897 1125 916 eo
1137 889 1208 923 quod
1224 896 1276 915 non
1289 887 1325 914 sit
1343 894 1423 921 aqua,
1442 891 1469 913 et
1490 884 1639 912 morientur
1650 883 1703 911 siti.
1719 882 1760 910 ln—

132 932 214 968 δίψει.
235 934 351 961 Ἐνδύσω
373 935 418 961 τὸν
441 935 552 970 οὐρανὸν
571 936 675 968 σκότος,
698 937 744 963 καὶ
765 937 803 968 ὡς
821 937 921 964 σάκκον

132 979 209 1015 θήσω
235 980 266 1006 τὸ
287 976 455 1016 περιϐόλαιον
470 981 562 1008 αὑτοῦ.
581 983 683 1018 Κύριος
706 983 806 1018 Κύριος
830 983 921 1010 δίδωσί

134 1033 179 1059 μοι
200 1025 326 1059 γλῶσσαν
343 1026 476 1058 παιδείας,
500 1027 548 1054 τοῦ
565 1027 665 1061 γνῶναι
685 1029 766 1063 ἡνίκα
781 1028 823 1055 δεῖ
835 1031 920 1056 εἰπεῖν

130 1067 220 1104 λόγον.
238 1070 339 1106 Ἔθηκὲ
360 1080 403 1105 μοι
418 1072 501 1107 πρωῒ,
516 1073 669 1108 προσέθηκέ
685 1082 729 1108 μοι
742 1074 821 1100 ὠτίον
840 1075 920 1101 ἀκού-

129 1122 182 1148 ειν,
210 1116 258 1142 καὶ
284 1117 298 1151 ἡ
317 1117 422 1144 παιδεία
440 1118 542 1153 Κυρίου
563 1119 666 1154 Κυρίου
682 1119 782 1153 ἀνοίγει
808 1127 858 1155 μου
884 1120 919 1147 τὰ

128 1158 196 1188 ὦτα.
217 1161 292 1196 ξΕγὼ
311 1161 339 1188 δὲ
354 1163 403 1189 οὐκ
417 1163 532 1194 ἀπειθῶ,
546 1164 605 1190 οὐδὲ
618 1164 759 1198 ἀντιλέγω.
774 1164 824 1191 Τὸν
836 1165 919 1192 νῶτόν

131 1216 183 1242 μου
197 1207 285 1234 ἔδωκα
301 1209 341 1240 εἰς
353 1209 496 1243 μάστιγας,
510 1209 560 1241 τὰς
573 1209 601 1236 δὲ
614 1210 740 1244 σιαγόνας
756 1219 805 1245 μου
819 1211 858 1242 εἰς
871 1213 919 1246 ῥα-

129 1253 270 1287 πίσματα’
296 1253 326 1279 τὸ
342 1253 370 1280 δὲ
392 1254 536 1290 πρόσωπόν
562 1263 612 1290 μου
628 1255 677 1282 ούκ
696 1255 853 1291 ἁπέστρεψα
870 1256 916 1283 ἀπ’

128 1298 258 1333 αἰσχύνης
266 1299 476 1334 ἐμπτυσμάτωψ
488 1300 534 1326 καὶ
543 1300 642 1336 Κύριος
652 1300 751 1336 Κύριός
760 1310 810 1336 μου
821 1302 918 1336 βοηθός

129 1352 176 1379 μοι
191 1344 307 1380 ἐγενήθη
319 1353 325 1359 ”
338 1345 382 1371 διὰ
396 1345 474 1372 τοῦτο
490 1347 539 1372 οὐκ
551 1347 712 1382 ἐνετράπην.
724 1347 780 1374 ἀλλ’
791 1347 877 1383 ἔθηκα
887 1348 916 1375 τὺ

127 1389 273 1424 πρόσωπόν
307 1399 358 1426 μου
385 1391 423 1423 ὡς
453 1392 565 1427 στερεὰν
592 1392 705 1428 πέτραν.
726 1402 735 1418 ›
759 1393 804 1419 Διὸ
822 1393 917 1420 καὶτὸ

129 1436 273 1471 πρόσωπόν
290 1446 340 1472 μου
356 1438 394 1470 ὼς
407 1438 519 1474 στερεὰν
536 1440 639 1474 πέτραν
658 1439 818 1475 παρέστησα
833 1449 915 1467 πεπι-

127 1484 283 1518 στευμένος,
296 1483 333 1515 ὡς
346 1484 377 1510 οὐ
395 1489 472 1520 φερει
485 1494 528 1520 μοι
539 1486 669 1521 αἰσχύνην
683 1486 698 1521 ἡ
714 1486 780 1522 πρὸς
796 1486 840 1513 τὸν
860 1487 915 1513 Πα-

126 1529 193 1581 τέρα
213 1529 317 1581 ύπακρή
330 1538 337 1544 ·
355 1530 401 1556 καὶ
416 1530 529 1565 πλησίον
551 1539 600 1566 μου
623 1531 727 1558 ἑστῶτα
755 1533 800 1559 καὶ
821 1532 914 1569 ὥσπερ
927 1552 948 1581 c

127 1575 348 1608 ἀγωνοθετοῦντα
368 1577 424 1607 τοῖς
445 1576 606 1611 γινομένοις,
637 1577 684 1604 καὶ
712 1578 762 1613 τὴν
784 1578 852 1614 ἐμὴν
873 1578 913 1605 δι-

126 1621 255 1647 καιοῦντα
270 1621 408 1656 ὑπομονὴν
427 1621 470 1648 διὰ
484 1621 584 1653 παντὸς
598 1621 701 1657 ἑώρων.
715 1623 746 1648 Ei
763 1623 791 1649 δέ
802 1632 844 1655 τις
858 1623 913 1658 ἔχοι

125 1665 174 1697 τὰς
186 1667 246 1692 κατ’
260 1666 326 1700 ἐμοῦ
341 1666 445 1702 ὕϐρεις,
457 1668 502 1694 καὶ
514 1667 559 1694 τὸν
573 1667 686 1694 θάνατον
705 1668 786 1694 αὐτὸν
803 1669 914 1700 ἐνδίκως

125 1709 303 1745 ἐπενηνέχθαι
323 1719 366 1746 μοι
382 1711 463 1746 φάναι
475 1711 519 1739 διά
533 1721 595 1738 τινα
612 1712 846 1748 πλημμελήματα.
860 1714 914 1740 δει-

124 1755 215 1782 κνύτω
229 1756 368 1791 παρελθὼν
379 1758 418 1789 εἰς
436 1757 527 1793 μέσον,
539 1759 615 1790 εἴτις
625 1759 698 1785 αἰτία
709 1758 725 1794 ἦ
738 1759 872 1794 πρόφασις
884 1759 914 1792 ἐξ

124 1799 193 1835 ἐμοῦ
212 1800 260 1836 τῆς
281 1800 406 1837 τοιαύτης
432 1802 492 1828 κατ’
517 1802 584 1838 ἐ.μοῦ
604 1802 709 1838 ὕϐρεως
722 1803 850 1837 γέγονεν·
873 1805 913 1835 είς

125 1845 209 1880 μέσον
237 1846 377 1881 παρελθὼν
402 1848 491 1883 στήτω
516 1847 562 1874 καὶ
582 1847 723 1883 ἐλεγχέτω.
751 1849 863 1881 Οὐδενὸς
883 1849 911 1876 δὲ

122 1891 232 1926 ἔχοντος
249 1892 350 1927 μέμψιν
367 1893 514 1928 μετελθεῖν,
539 1894 607 1929 μήτε
623 1895 655 1929 τῇ
672 1894 829 1930 διδασκαλίᾳ
844 1896 911 1931 μήτε

121 1939 182 1970 ταῖς
200 1938 315 1973 πράξεσι
329 1940 388 1971 ταῖς
399 1939 444 1965 ὑπ’
456 1940 522 1976 ἐμοῦ
538 1935 756 1976 πεπραγμέέναις,
771 1941 882 1972 εἰκότως
897 1941 911 1967 ό

122 1982 225 2017 Κύριος
236 1982 332 2018 βοηθός
349 1992 392 2018 μοι
407 1984 550 2020 παρέσται.

160 2038 170 2055 ε
187 2029 248 2055 Ὅτι
273 2029 376 2063 ἐγγίζει
400 2031 414 2056 ὁ
432 2030 580 2063 δικαιώσας
602 2040 646 2065 με.
667 2031 714 2062 Τίς
729 2032 911 2067 δκρινόμενός

123 2082 183 2110 pm;
197 2075 346 2112 ἀντιπίπω
363 2085 407 2111 μοι
427 2077 494 2111 ἄμα.
516 2078 570 2104 Καὶ
584 2077 625 2109 τίς
639 2078 652 2104 ὁ
672 2078 829 2113 κρινόμενός
848 2086 909 2113 pm;

121 2121 258 2154 ἐγγιςάτω
278 2130 331 2156 μοι,
353 2131 362 2147 t
383 2122 582 2157 Ἐπαμύνοντος
600 2123 664 2159 γὰρ,
685 2124 760 2159 φησι,
783 2123 830 2150 τοῦ
842 2123 910 2150 Θεοῦ

121 2166 168 2192 καὶ
186 2167 301 2202 Πατρὸς,
320 2168 367 2194 καὶ
385 2169 473 2194 πᾶσαν
488 2169 563 2204 ὑμῶν
579 2170 710 2205 ἐπήρειαν
722 2170 908 2203 ἁςεανίζοντος,

120 2213 168 2239 καὶ
190 2213 237 2249 τὴν
259 2214 327 2249 ἐμὴν
346 2215 469 2245 ἱστάντος
483 2215 570 2247 δόξαν,
587 2215 628 2248 τίς
647 2216 723 2243 ἔσται
741 2217 866 2245 τοσοῦτος
881 2219 909 2244 ὲν

121 2260 194 2295 ὑμῖν,
213 2260 250 2291 ὡς
262 2260 451 2293 ἀντιτάξεσθαι
465 2263 497 2296 τῇ
513 2262 675 2297 ἀνικήτῳῌ)
690 2262 781 2298 βουλῇ,
798 2264 845 2289 καὶ
858 2272 909 2289 κα-

120 2306 396 2334 κῶσαιόύνασθαιτὸν
412 2309 476 2344 παρ’
487 2309 570 2336 αὐτοῦ
591 2309 789 2344 βοηθούμενον;
805 2311 908 2338 Οὐκοῦν

120 2354 200 2390 εἴπερ
225 2354 296 2385 τινὲς
323 2351 393 2389 ἦσαν
410 2356 554 2389 νουνεχεϊς,
581 2355 606 2381 οἱ
627 2355 800 2390 Γραμμιπείς
815 2364 843 2382 τε
861 2357 908 2383 καὶ

118 2399 270 2434 Φαρισαῖοι,
285 2399 446 2433 ἀπόσχοιντο
458 2399 491 2425 ἂν
505 2399 558 2425 τῶν
571 2400 632 2426 κατ’
649 2399 728 2426 αὑτοῦ
742 2401 906 2436 σκεμμάτων

118 2453 148 2471 τε
161 2445 207 2471 καὶ
223 2445 440 2480 ἐγχειρημάτων,
451 2444 496 2471 διὰ
510 2445 654 2481 προφητῶν
668 2445 752 2480 ἁγίων
772 2455 908 2481 προεγνω-

120 2490 210 2522 κότες,
245 2490 283 2521 ὡς
309 2491 359 2516 οὐκ
388 2490 421 2516 ἂν
457 2491 594 2525 ίσχύσειαν
624 2491 750 2526 ἀδικῆσαι
778 2492 905 2526 Χριστὸν,

118 2535 184 2562 Θεὸν
207 2535 272 2562 lina.
293 2535 340 2562 καὶ
359 2535 471 2570 Κύριον,
503 2536 550 2562 καὶ
569 2537 632 2563 Υίὺν
650 2536 775 2572 ἀληθινὸν
789 2537 834 2564 τοῦ
848 2538 905 2564 Πα-

117 2581 182 2615 τρός

243 2607 250 2617 ι

157 2636 166 2652 ι
192 2627 257 2653 Ἰδοὺ
269 2627 372 2662 Κύριος
386 2627 486 2663 Κύριος
508 2627 633 2663 βοηθήσει
646 2636 689 2663 μοι
702 2636 708 2642 ·
727 2628 768 2659 τες
785 2628 905 2656 κακώσει

119 2680 172 2708 με;
191 2673 256 2699 Ἰδοὺ
274 2673 373 2704 πάντες
389 2674 467 2708 ὑμεῖς
487 2673 524 2705 ὡς
547 2674 652 2709 ἱμάτιον
672 2673 904 2709 παλαιωθήσεσθε,

118 2720 166 2746 καὶ
192 2719 241 2754 σὴς
257 2719 446 2754 καταφάγεται
467 2720 548 2754 ὑμᾶς.
565 2729 573 2745 ι
595 2720 633 2745 Δι’
648 2717 685 2746 ὧν
709 2719 833 2754 σημαίνει
856 2720 905 2755 τὴν

120 2767 271 2794 παλαίωσιν
286 2767 335 2803 τῆς
348 2767 408 2794 κατ’
424 2766 507 2794 αὐτοῦ
522 2767 679 2802 σωματικῆς
692 2767 818 2802 λατρείας
829 2776 836 2782 ”
855 2767 908 2794 πά-.

120 2820 151 2839 νυ
175 2812 229 2848 γὰρ
254 2811 284 2838 τὸ
301 2811 496 2847 παλαιούμενον
519 2813 564 2838 καὶ
580 2811 717 2846 γηράσκον
738 2812 820 2846 ἐγγὺς
837 2813 906 2848 ἀξια-

157 2857 198 2895 (l)
214 2859 347 2904 ’Δκινήτῳ
360 2859 422 2894 legit
437 2859 578 2894 interpres.
596 2858 674 2886 Evn.

972 937 1051 963 duam
1072 934 1169 962 corium
1193 933 1323 964 tenebris,
1340 938 1367 959 et
1384 932 1458 966 quasi
1476 939 1585 958 saccum
1604 937 1701 964 ponam
1714 930 1760 966 Vin-

971 982 1126 1009 dnmcnlum
1156 980 1225 1015 ejus.
1249 979 1378 1006 Dominus
1397 977 1526 1004 Dominus
1551 977 1596 1003 dat
1617 975 1680 1002 milii
1706 965 1760 1002 lin-

970 1035 1049 1062 guam
1067 1026 1234 1060 disciplinae,
1264 1029 1293 1051 nt
1314 1025 1398 1052 sciam
1418 1023 1525 1057 quando
1548 1026 1670 1056 oporteat
1686 1021 1758 1056 loqui

969 1074 1090 1101 verbum.
1107 1072 1198 1099 Posuit
1216 1071 1279 1098 mihi
1302 1076 1400 1097 mane:
1418 1069 1520 1095 addidit
1539 1068 1601 1094 mihi
1618 1075 1710 1093 aurem
1724 1068 1759 1095 ad

970 1119 1144 1150 audiendum,
1155 1122 1181 1145 et
1194 1115 1333 1151 disciplina
1347 1115 1450 1142 Domini
1471 1114 1557 1149 aperit
1577 1121 1656 1140 aures
1672 1120 1757 1140 Inoas.

970 1165 1026 1199 Εκο
1042 1169 1133 1191 autem
1152 1171 1204 1190 non
1228 1169 1329 1192 renuo.
1345 1168 1433 1195 neque
1456 1159 1624 1187 contt'adico.
1644 1159 1756 1185 Dorsntu

968 1218 1056 1238 meum
1076 1209 1137 1237 dedi
1154 1209 1186 1236 ad
1211 1207 1326 1243 ﬂagella,
1351 1211 1377 1233 et
1392 1213 1475 1241 genas
1499 1213 1572 1232 meas
1588 1205 1620 1232 ad
1641 1205 1756 1238 alapas:

968 1257 1063 1284 faciem
1078 1262 1166 1283 autem
1182 1262 1268 1282 nteant
1284 1261 1335 1281 non
1352 1253 1437 1279 averti
1448 1259 1462 1279 a
1478 1252 1577 1286 probro
1593 1255 1755 1285 spntorum:

967 1307 994 1330 et
1011 1301 1140 1328 Dominus
1161 1301 1289 1328 Dominus
1309 1305 1384 1325 meus
1406 1297 1550 1324 auxiliator
1578 1297 1644 1324 mihi
1668 1291 1757 1323 facins

967 1353 1024 1379 est;
1035 1347 1095 1374 ideo
1107 1354 1159 1373 non
1171 1353 1230 1373 sum
1245 1343 1440 1376 confusus,sed
1453 1343 1528 1378 posui
1544 1342 1639 1369 faciem
1656 1349 1755 1374 meam,

965 1394 1035 1421 sicut
1053 1393 1156 1420 firmam
1170 1396 1282 1426 petram.
1304 1400 1313 1416 ι
1334 1389 1396 1416 Ideo
1417 1389 1511 1416 faciem
1527 1397 1612 1415 Illt'alli
1629 1394 1755 1422 tauquam

966 1439 1071 1466 [trinam
1090 1443 1192 1473 petram
1208 1437 1304 1469 obtuli,
1328 1435 1446 1463 confisus
1468 1443 1554 1462 meam
1570 1442 1631 1469 erga
1647 1433 1755 1461 Patrem

965 1485 1167 1520 obsequentiam
1187 1491 1240 1510 non
1261 1482 1385 1510 dedecori
1407 1481 1473 1509 mihi
1498 1481 1575 1510 fore;
1591 1488 1671 1515 quem
1686 1480 1756 1507 evi-

965 1531 1026 1559 cino
1043 1530 1106 1558 milii
1121 1534 1266 1560 astantem,
1281 1528 1446 1556 concertanti
1465 1527 1573 1562 praemia
1585 1527 1755 1560 largientem,

966 1577 1176 1611 patientiamque
1201 1581 1289 1601 meam
1314 1573 1524 1608 approbantem,
1549 1580 1657 1606 semper
1688 1571 1753 1599 vidi.

965 1621 1039 1655 Quod
1061 1621 1083 1648 si
1099 1623 1162 1654 quis
1187 1619 1366 1647 contumelias
1385 1619 1523 1652 ipsamque
1550 1623 1663 1645 mortem
1681 1619 1754 1652 juate

965 1666 1030 1694 Inibi
1049 1666 1085 1693 ob
1110 1665 1213 1692 scelera
1230 1664 1352 1699 quaedam
1376 1663 1476 1690 illatam
1499 1670 1560 1691 esse
1577 1663 1755 1698 comprobare

963 1714 1059 1748 possit,
1078 1713 1103 1739 in
1125 1712 1240 1738 medium
1256 1711 1386 1746 prodiens
1400 1709 1535 1741 ostendat,
1557 1710 1675 1744 siquam
1689 1717 1754 1736 cau-

963 1767 1020 1787 sam
1037 1758 1078 1785 vel
1094 1757 1265 1785 occasionem
1282 1756 1365 1783 tantis
1380 1755 1552 1783 contumeliis
1572 1755 1691 1782 dederim
1705 1754 1752 1787 ;in

964 1805 1090 1838 medium,
1104 1804 1222 1838 inquam,
1237 1802 1373 1838 prodiens,
1383 1806 1447 1834 stet,
1463 1809 1558 1836 tneque
1568 1805 1673 1836 arguat.
1683 1800 1752 1829 Cum

963 1857 1052 1879 autem
1069 1858 1148 1878 nemo
1168 1849 1233 1876 milii
1249 1848 1351 1876 crimen
1377 1848 1475 1875 oll‘erre
1496 1847 1596 1882 possit,
1609 1854 1696 1881 neque
1718 1848 1754 1876 de

961 1897 1096 1930 doctrina,
1109 1903 1198 1930 neque
1214 1895 1247 1922 de
1258 1895 1385 1929 operibus
1398 1901 1413 1920 a
1427 1901 1469 1920 me
1482 1893 1574 1926 editis,
1586 1892 1647 1927 jure
1658 1892 1752 1921 Domi-

963 1951 1013 1970 nus
1029 1943 1134 1977 adjutor
1155 1941 1220 1968 mihi
1237 1939 1332 1967 aderit.

1000 1989 1080 2016 Vens.
1095 1988 1122 2015 8.
1141 1996 1150 2013 ι
1170 1987 1237 2020 Quia
1252 1986 1328 2020 juxta
1348 1991 1390 2013 est
1403 1986 1448 2020 qui
1468 1984 1601 2020 justiﬂcat
1619 1992 1672 2012 me.
1686 1984 1752 2018 Quis

961 2038 1003 2060 est
1013 2035 1058 2068 qui
1077 2032 1162 2066 litiget
1175 2026 1300 2059 mecuﬁt?
1313 2036 1366 2058 stet
1377 2036 1473 2058 centra
1488 2038 1530 2058 me
1546 2030 1636 2057 simul.
1647 2030 1679 2057 Et
1691 2030 1753 2064 quis

961 2084 1002 2107 est
1016 2080 1061 2114 qui
1079 2079 1165 2114 litiget
1188 2086 1293 2105 mecum
1305 2078 1317 2105 ?
1329 2079 1440 2106 accedat
1455 2079 1487 2104 ad
1504 2085 1557 2105 me.
1573 2085 1583 2104 ι
1602 2077 1668 2103 Nam
1683 2076 1752 2103 ulci-

961 2131 1062 2158 scenle,
1078 2125 1175 2158 inquit,
1187 2126 1240 2152 Deo
1262 2129 1289 2151 et
1306 2125 1398 2156 Patre,
1421 2131 1582 2157 omnemque
1599 2123 1751 2149 molestiam

961 2179 975 2196 a
993 2171 1067 2197 vobis
1081 2170 1182 2196 illatam
1197 2169 1348 2201 auferente,
1363 2175 1506 2203 meamque
1519 2168 1631 2203 gloriam
1647 2167 1748 2194 consti-

963 2221 1065 2248 tuente,
1081 2217 1142 2250 quis
1161 2216 1187 2242 in
1204 2216 1278 2242 vobis
1293 2215 1356 2247 erit,
1377 2215 1421 2249 qui
1440 2213 1599 2240 immutabili
1612 2214 1668 2246 ejus
1684 2220 1750 2239 con-

963 2263 1023 2290 silio
1047 2267 1074 2289 et
1099 2262 1230 2288 voluntati
1250 2261 1383 2288 obsistere
1403 2260 1507 2292 valeat,
1526 2265 1554 2286 ct
1569 2259 1627 2292 ejus
1650 2259 1752 2285 auxilio

963 2309 1093 2336 fruentem
1109 2307 1267 2342 opprimat?
1285 2308 1376 2341 Itaque
1391 2306 1413 2332 si
1431 2307 1476 2340 qui
1498 2306 1524 2332 in
1545 2302 1700 2332 Scribarum
1724 2310 1752 2332 et

963 2354 1158 2381 Pharismornm
1175 2360 1256 2388 grege
1276 2351 1549 2387 prudenteslioniiues
1566 2350 1689 2382 fuissent,
1704 2349 1752 2376 al:-

960 2400 1092 2427 stitisseut
1107 2400 1198 2434 utique
1208 2407 1221 2425 a
1235 2398 1460 2425 machinamentis
1470 2402 1497 2424 et
1508 2396 1753 2430 conspirationibus

960 2449 1091 2474 adversus
1106 2454 1166 2474 eum
1188 2445 1328 2477 conﬂatis;
1348 2452 1410 2470 cum
1434 2449 1589 2471 sanctorum
1607 2445 1752 2478 propheta-

961 2500 1018 2518 rum
1049 2491 1202 2518 testimonio
1221 2491 1414 2525 prospicerent,
1435 2496 1464 2515 se
1484 2497 1536 2515 non
1556 2497 1634 2522 poSse
1655 2489 1751 2515 lardorc

959 2538 1105 2569 Christum,
1118 2538 1163 2571 qui
1182 2537 1251 2564 Deus
1265 2542 1291 2563 et
1303 2537 1440 2568 Dominus,
1455 2543 1485 2562 ac
1504 2543 1582 2562 verus
1601 2534 1688 2562 Patris
1705 2534 1749 2561 Fi-

959 2583 1010 2610 lius
1029 2588 1110 2610 esset.

995 2628 1076 2656 Vens.
1093 2629 1120 2656 9.
1143 2639 1153 2654 ι
1177 2629 1245 2656 Ecce
1274 2629 1404 2656 Dominus
1426 2628 1554 2656 Dominus
1577 2625 1750 2653 auxiliabitur

960 2674 1025 2701 mibi
1044 2683 1051 2701 :
1072 2674 1133 2709 quis
1155 2674 1233 2701 lzetlet
1251 2682 1294 2700 me
1316 2674 1327 2700 ?
1344 2674 1414 2701 Ecce
1435 2682 1481 2700 vos
1503 2680 1596 2700 omnes
1621 2677 1749 2706 tanquam

961 2720 1150 2748 vestimentum
1173 2722 1355 2753 reterascetis,
1378 2726 1404 2747 et
1428 2721 1499 2747 tinea
1522 2720 1646 2746 comedet
1663 2726 1720 2747 vos.
1734 2728 1746 2746 ι

960 2767 1041 2800 Queis
1057 2767 1189 2801 significat
1215 2767 1406 2802 antiqnandmn
1430 2767 1487 2794 fore
1512 2774 1668 2801 corporeum
1688 2765 1747 2794 cul-

960 2817 1015 2841 tum
1039 2823 1044 2842 :
1072 2812 1201 2850 quidquid
1222 2813 1293 2840 enim
1311 2813 1468 2850 antiquatur
1485 2817 1512 2841 et
1537 2812 1672 2846 senescit,
1687 2812 1747 2841 rul-
