  <div class='ocr_page' id='page_1' title='image "/cluster/home/n/w/nwhite01/storage/ocr_20150623/24/njp.32101077772513/229.png"; bbox 0 0 2061 3215; ppageno 0'>
   <div class='ocr_carea' id='block_1_1' title="bbox 293 158 346 186">
    <p class='ocr_par' dir='ltr' id='par_1_1' title="bbox 293 158 346 186">
     <span class='ocr_line' id='line_1_1' title="bbox 293 158 346 186; baseline 0 0"><span class='ocrx_word' id='word_1_1' title='bbox 293 158 346 186; x_wconf 74' lang='lat' dir='ltr'><strong>H3</strong></span> 
     </span>
    </p>
   </div>
   <div class='ocr_carea' id='block_1_2' title="bbox 627 155 1577 186">
    <p class='ocr_par' dir='ltr' id='par_1_2' title="bbox 627 155 1577 186">
     <span class='ocr_line' id='line_1_2' title="bbox 627 155 1577 186; baseline -0.002 -2"><span class='ocrx_word' id='word_1_2' title='bbox 627 155 763 185; x_wconf 80' lang='lat' dir='ltr'><strong>EUSEBII</strong></span> <span class='ocrx_word' id='word_1_3' title='bbox 782 156 1026 186; x_wconf 70' lang='lat' dir='ltr'><strong>CASSABIENSIS</strong></span> <span class='ocrx_word' id='word_1_4' title='bbox 1051 157 1122 186; x_wconf 75' lang='grc' dir='ltr'><strong>ὓΡΡ.</strong></span> <span class='ocrx_word' id='word_1_5' title='bbox 1143 156 1232 185; x_wconf 72' lang='lat' dir='ltr'><strong>PARS</strong></span> <span class='ocrx_word' id='word_1_6' title='bbox 1251 155 1296 184; x_wconf 88' lang='grc' dir='ltr'><strong>ΙΙΙ.</strong></span> <span class='ocrx_word' id='word_1_7' title='bbox 1325 170 1350 177; x_wconf 93' lang='lat'><em>-</em></span> <span class='ocrx_word' id='word_1_8' title='bbox 1371 155 1577 184; x_wconf 74' lang='lat' dir='ltr'><strong>EXEGETICA.</strong></span> 
     </span>
    </p>
   </div>
   <div class='ocr_carea' id='block_1_3' title="bbox 1863 153 1921 181">
    <p class='ocr_par' dir='ltr' id='par_1_3' title="bbox 1863 153 1921 181">
     <span class='ocr_line' id='line_1_3' title="bbox 1863 153 1921 181; baseline 0 0"><span class='ocrx_word' id='word_1_9' title='bbox 1863 153 1921 181; x_wconf 69' lang='lat' dir='ltr'><strong>m</strong></span> 
     </span>
    </p>
   </div>
   <div class='ocr_carea' id='block_1_4' title="bbox 292 215 1084 255">
    <p class='ocr_par' dir='ltr' id='par_1_4' title="bbox 292 217 1074 254">
     <span class='ocr_line' id='line_1_4' title="bbox 292 217 1074 254; baseline 0.001 -7"><span class='ocrx_word' id='word_1_10' title='bbox 292 228 334 247; x_wconf 69' lang='lat' dir='ltr'><strong>nae</strong></span> <span class='ocrx_word' id='word_1_11' title='bbox 343 219 492 254; x_wconf 77' lang='lat' dir='ltr'><strong>proximum</strong></span> <span class='ocrx_word' id='word_1_12' title='bbox 508 221 561 245; x_wconf 85' lang='lat' dir='ltr'><strong>est.</strong></span> <span class='ocrx_word' id='word_1_13' title='bbox 579 217 632 246; x_wconf 84' lang='lat' dir='ltr'><strong>Per</strong></span> <span class='ocrx_word' id='word_1_14' title='bbox 650 219 749 246; x_wconf 83' lang='lat' dir='ltr'><strong>tineam</strong></span> <span class='ocrx_word' id='word_1_15' title='bbox 763 227 827 246; x_wconf 88' lang='lat' dir='ltr'><strong>vero</strong></span> <span class='ocrx_word' id='word_1_16' title='bbox 843 220 916 254; x_wconf 89' lang='lat' dir='ltr'><strong>ipsos</strong></span> <span class='ocrx_word' id='word_1_17' title='bbox 933 220 1074 248; x_wconf 81' lang='lat' dir='ltr'><strong>comeden-</strong></span> 
     </span>
    </p>
   </div>
   <div class='ocr_carea' id='block_1_5' title="bbox 1134 215 1917 255">
    <p class='ocr_par' dir='ltr' id='par_1_5' title="bbox 1134 215 1917 255">
     <span class='ocr_line' id='line_1_5' title="bbox 1134 215 1917 255; baseline -0.006 -10"><span class='ocrx_word' id='word_1_18' title='bbox 1134 218 1232 255; x_wconf 74' lang='grc' dir='ltr'>σισμοῦ.</span> <span class='ocrx_word' id='word_1_19' title='bbox 1250 218 1323 253; x_wconf 69' lang='grc' dir='ltr'>Σκῆτα</span> <span class='ocrx_word' id='word_1_20' title='bbox 1343 217 1372 245; x_wconf 78' lang='grc' dir='ltr'>δὲ</span> <span class='ocrx_word' id='word_1_21' title='bbox 1396 217 1505 245; x_wconf 79' lang='grc' dir='ltr'>καὶτὸν</span> <span class='ocrx_word' id='word_1_22' title='bbox 1530 215 1790 252; x_wconf 77' lang='grc' dir='ltr'>καταϐισρώσκοντα</span> <span class='ocrx_word' id='word_1_23' title='bbox 1816 215 1917 246; x_wconf 57' lang='lat' dir='ltr'><strong>adeo};</strong></span> 
     </span>
    </p>
   </div>
   <div class='ocr_carea' id='block_1_6' title="bbox 293 263 1078 300">
    <p class='ocr_par' dir='ltr' id='par_1_6' title="bbox 293 263 1078 300">
     <span class='ocr_line' id='line_1_6' title="bbox 293 263 1078 300; baseline -0.001 -7"><span class='ocrx_word' id='word_1_24' title='bbox 293 271 357 296; x_wconf 84' lang='lat' dir='ltr'><strong>tem,</strong></span> <span class='ocrx_word' id='word_1_25' title='bbox 372 264 564 291; x_wconf 77' lang='lat' dir='ltr'><strong>conscientiam</strong></span> <span class='ocrx_word' id='word_1_26' title='bbox 583 263 714 291; x_wconf 86' lang='lat' dir='ltr'><strong>scelerum</strong></span> <span class='ocrx_word' id='word_1_27' title='bbox 727 265 763 292; x_wconf 90' lang='lat' dir='ltr'><strong>ab</strong></span> <span class='ocrx_word' id='word_1_28' title='bbox 779 265 844 298; x_wconf 80' lang='lat' dir='ltr'><strong>ipsis</strong></span> <span class='ocrx_word' id='word_1_29' title='bbox 863 270 1078 300; x_wconf 83' lang='lat' dir='ltr'><strong>perpetratorum</strong></span> 
     </span>
    </p>
   </div>
   <div class='ocr_carea' id='block_1_7' title="bbox 291 310 1079 346">
    <p class='ocr_par' dir='ltr' id='par_1_7' title="bbox 291 310 1079 346">
     <span class='ocr_line' id='line_1_7' title="bbox 291 310 1079 346; baseline 0 -8"><span class='ocrx_word' id='word_1_30' title='bbox 291 310 435 346; x_wconf 67' lang='lat' dir='ltr'><strong>significat,</strong></span> <span class='ocrx_word' id='word_1_31' title='bbox 451 317 510 344; x_wconf 65' lang='lat' dir='ltr'><strong>quae</strong></span> <span class='ocrx_word' id='word_1_32' title='bbox 531 310 615 336; x_wconf 90' lang='lat' dir='ltr'><strong>instar</strong></span> <span class='ocrx_word' id='word_1_33' title='bbox 628 311 727 337; x_wconf 87' lang='lat' dir='ltr'><strong>vermis</strong></span> <span class='ocrx_word' id='word_1_34' title='bbox 746 311 864 338; x_wconf 83' lang='lat' dir='ltr'><strong>animam</strong></span> <span class='ocrx_word' id='word_1_35' title='bbox 886 311 993 338; x_wconf 75' lang='lat' dir='ltr'><strong>exedet.</strong></span> <span class='ocrx_word' id='word_1_36' title='bbox 1009 311 1079 338; x_wconf 84' lang='lat' dir='ltr'><strong>Gen-</strong></span> 
     </span>
    </p>
   </div>
   <div class='ocr_carea' id='block_1_8' title="bbox 291 354 1079 390">
    <p class='ocr_par' dir='ltr' id='par_1_8' title="bbox 291 354 1079 390">
     <span class='ocr_line' id='line_1_8' title="bbox 291 354 1079 390; baseline 0 -8"><span class='ocrx_word' id='word_1_37' title='bbox 291 356 357 383; x_wconf 88' lang='lat' dir='ltr'><strong>tium</strong></span> <span class='ocrx_word' id='word_1_38' title='bbox 368 355 465 390; x_wconf 84' lang='lat' dir='ltr'><strong>quippe</strong></span> <span class='ocrx_word' id='word_1_39' title='bbox 473 355 675 382; x_wconf 84' lang='lat' dir='ltr'><strong>conversionem</strong></span> <span class='ocrx_word' id='word_1_40' title='bbox 684 355 717 382; x_wconf 85' lang='lat' dir='ltr'><strong>ad</strong></span> <span class='ocrx_word' id='word_1_41' title='bbox 728 354 822 389; x_wconf 86' lang='lat' dir='ltr'><strong>Deum,</strong></span> <span class='ocrx_word' id='word_1_42' title='bbox 833 363 864 383; x_wconf 91' lang='lat' dir='ltr'><strong>ac</strong></span> <span class='ocrx_word' id='word_1_43' title='bbox 875 355 990 388; x_wconf 83' lang='lat' dir='ltr'><strong>ruinam,</strong></span> <span class='ocrx_word' id='word_1_44' title='bbox 999 363 1079 390; x_wconf 83' lang='lat' dir='ltr'><strong>quant</strong></span> 
     </span>
    </p>
   </div>
   <div class='ocr_carea' id='block_1_9' title="bbox 290 400 1079 436">
    <p class='ocr_par' dir='ltr' id='par_1_9' title="bbox 290 400 1079 436">
     <span class='ocr_line' id='line_1_9' title="bbox 290 400 1079 436; baseline 0.003 -10"><span class='ocrx_word' id='word_1_45' title='bbox 290 400 439 434; x_wconf 87' lang='lat' dir='ltr'><strong>impietatis</strong></span> <span class='ocrx_word' id='word_1_46' title='bbox 455 407 510 427; x_wconf 71' lang='lat' dir='ltr'><strong>sua:</strong></span> <span class='ocrx_word' id='word_1_47' title='bbox 522 400 607 433; x_wconf 68' lang='lat' dir='ltr'><strong>fcausa</strong></span> <span class='ocrx_word' id='word_1_48' title='bbox 628 400 825 434; x_wconf 87' lang='lat' dir='ltr'><strong>sustinuerunt,</strong></span> <span class='ocrx_word' id='word_1_49' title='bbox 839 401 1048 436; x_wconf 87' lang='lat' dir='ltr'><strong>conspicientes,</strong></span> <span class='ocrx_word' id='word_1_50' title='bbox 1065 409 1079 428; x_wconf 92' lang='lat' dir='ltr'><strong>a</strong></span> 
     </span>
    </p>
   </div>
   <div class='ocr_carea' id='block_1_10' title="bbox 290 446 865 476">
    <p class='ocr_par' dir='ltr' id='par_1_10' title="bbox 290 446 865 476">
     <span class='ocr_line' id='line_1_10' title="bbox 290 446 865 476; baseline 0.007 -5"><span class='ocrx_word' id='word_1_51' title='bbox 290 446 456 472; x_wconf 80' lang='lat' dir='ltr'><strong>conscientia</strong></span> <span class='ocrx_word' id='word_1_52' title='bbox 469 446 640 473; x_wconf 85' lang='lat' dir='ltr'><strong>stinmlantnr</strong></span> <span class='ocrx_word' id='word_1_53' title='bbox 652 452 679 474; x_wconf 91' lang='lat' dir='ltr'><strong>et</strong></span> <span class='ocrx_word' id='word_1_54' title='bbox 695 447 865 476; x_wconf 77' lang='lat' dir='ltr'><strong>devorantur.</strong></span> 
     </span>
    </p>
   </div>
   <div class='ocr_carea' id='block_1_11' title="bbox 329 490 1080 526">
    <p class='ocr_par' dir='ltr' id='par_1_11' title="bbox 329 490 1080 526">
     <span class='ocr_line' id='line_1_11' title="bbox 329 490 1080 526; baseline 0.004 -9"><span class='ocrx_word' id='word_1_55' title='bbox 329 490 409 518; x_wconf 79' lang='lat' dir='ltr'><strong>Vens.</strong></span> <span class='ocrx_word' id='word_1_56' title='bbox 425 492 468 518; x_wconf 70' lang='lat'><strong>£0.</strong></span> <span class='ocrx_word' id='word_1_57' title='bbox 481 502 489 517; x_wconf 81' lang='grc' dir='ltr'><strong>ι</strong></span> <span class='ocrx_word' id='word_1_58' title='bbox 501 491 564 525; x_wconf 86' lang='lat' dir='ltr'><strong>Quis</strong></span> <span class='ocrx_word' id='word_1_59' title='bbox 576 497 618 519; x_wconf 91' lang='lat' dir='ltr'><strong>cst</strong></span> <span class='ocrx_word' id='word_1_60' title='bbox 633 492 661 519; x_wconf 91' lang='lat' dir='ltr'><strong>in</strong></span> <span class='ocrx_word' id='word_1_61' title='bbox 677 493 755 520; x_wconf 83' lang='lat' dir='ltr'><strong>vobis</strong></span> <span class='ocrx_word' id='word_1_62' title='bbox 766 493 810 526; x_wconf 85' lang='lat' dir='ltr'><strong>qui</strong></span> <span class='ocrx_word' id='word_1_63' title='bbox 828 494 903 520; x_wconf 91' lang='lat' dir='ltr'><strong>timet</strong></span> <span class='ocrx_word' id='word_1_64' title='bbox 921 493 1080 520; x_wconf 79' lang='lat' dir='ltr'><strong>Dominum?</strong></span> 
     </span>
    </p>
   </div>
   <div class='ocr_carea' id='block_1_12' title="bbox 292 535 1079 571">
    <p class='ocr_par' dir='ltr' id='par_1_12' title="bbox 292 535 1079 571">
     <span class='ocr_line' id='line_1_12' title="bbox 292 535 1079 571; baseline 0.003 -9"><span class='ocrx_word' id='word_1_65' title='bbox 292 535 385 563; x_wconf 84' lang='lat' dir='ltr'><strong>audiat</strong></span> <span class='ocrx_word' id='word_1_66' title='bbox 398 543 488 563; x_wconf 89' lang='lat' dir='ltr'><strong>vocem</strong></span> <span class='ocrx_word' id='word_1_67' title='bbox 510 537 583 570; x_wconf 81' lang='lat' dir='ltr'><strong>pueri</strong></span> <span class='ocrx_word' id='word_1_68' title='bbox 599 537 666 571; x_wconf 89' lang='lat' dir='ltr'><strong>ejus.</strong></span> <span class='ocrx_word' id='word_1_69' title='bbox 695 537 868 565; x_wconf 82' lang='lat' dir='ltr'><strong>Ambulantes</strong></span> <span class='ocrx_word' id='word_1_70' title='bbox 895 538 922 565; x_wconf 87' lang='lat' dir='ltr'><strong>in</strong></span> <span class='ocrx_word' id='word_1_71' title='bbox 952 538 1079 570; x_wconf 81' lang='lat' dir='ltr'><strong>tenebris,</strong></span> 
     </span>
    </p>
   </div>
   <div class='ocr_carea' id='block_1_13' title="bbox 291 582 1082 617">
    <p class='ocr_par' dir='ltr' id='par_1_13' title="bbox 291 582 1082 617">
     <span class='ocr_line' id='line_1_13' title="bbox 291 582 1082 617; baseline 0.003 -7"><span class='ocrx_word' id='word_1_72' title='bbox 291 587 320 610; x_wconf 75' lang='lat' dir='ltr'><strong>et</strong></span> <span class='ocrx_word' id='word_1_73' title='bbox 338 589 390 609; x_wconf 93' lang='lat' dir='ltr'><strong>non</strong></span> <span class='ocrx_word' id='word_1_74' title='bbox 407 587 446 609; x_wconf 89' lang='lat' dir='ltr'><strong>est</strong></span> <span class='ocrx_word' id='word_1_75' title='bbox 464 583 503 610; x_wconf 86' lang='lat' dir='ltr'><strong>eis</strong></span> <span class='ocrx_word' id='word_1_76' title='bbox 519 582 574 615; x_wconf 76' lang='lat' dir='ltr'><strong>lux,</strong></span> <span class='ocrx_word' id='word_1_77' title='bbox 596 584 724 610; x_wconf 84' lang='lat' dir='ltr'><strong>conﬁdite</strong></span> <span class='ocrx_word' id='word_1_78' title='bbox 743 584 768 611; x_wconf 91' lang='lat' dir='ltr'><strong>in</strong></span> <span class='ocrx_word' id='word_1_79' title='bbox 787 585 896 611; x_wconf 82' lang='lat' dir='ltr'><strong>nomine</strong></span> <span class='ocrx_word' id='word_1_80' title='bbox 920 585 1038 617; x_wconf 86' lang='lat' dir='ltr'><strong>Domini,</strong></span> <span class='ocrx_word' id='word_1_81' title='bbox 1055 590 1082 612; x_wconf 90' lang='lat' dir='ltr'><strong>et</strong></span> 
     </span>
    </p>
   </div>
   <div class='ocr_carea' id='block_1_14' title="bbox 293 627 1081 664">
    <p class='ocr_par' dir='ltr' id='par_1_14' title="bbox 293 627 1081 664">
     <span class='ocr_line' id='line_1_14' title="bbox 293 627 1081 664; baseline 0.003 -9"><span class='ocrx_word' id='word_1_82' title='bbox 293 627 439 655; x_wconf 85' lang='lat' dir='ltr'><strong>iunitimini</strong></span> <span class='ocrx_word' id='word_1_83' title='bbox 456 628 518 656; x_wconf 90' lang='lat' dir='ltr'><strong>Deo.</strong></span> <span class='ocrx_word' id='word_1_84' title='bbox 535 638 544 654; x_wconf 70' lang='grc' dir='ltr'><strong>ι</strong></span> <span class='ocrx_word' id='word_1_85' title='bbox 558 628 649 664; x_wconf 81' lang='lat' dir='ltr'><strong>Neque</strong></span> <span class='ocrx_word' id='word_1_86' title='bbox 666 631 737 656; x_wconf 89' lang='lat' dir='ltr'><strong>enim</strong></span> <span class='ocrx_word' id='word_1_87' title='bbox 753 630 813 657; x_wconf 88' lang='lat' dir='ltr'><strong>volo</strong></span> <span class='ocrx_word' id='word_1_88' title='bbox 826 635 938 657; x_wconf 87' lang='lat' dir='ltr'><strong>mortem</strong></span> <span class='ocrx_word' id='word_1_89' title='bbox 954 635 1081 664; x_wconf 85' lang='lat' dir='ltr'><strong>peccato-</strong></span> 
     </span>
    </p>
   </div>
   <div class='ocr_carea' id='block_1_15' title="bbox 292 673 1081 709">
    <p class='ocr_par' dir='ltr' id='par_1_15' title="bbox 292 673 1081 709">
     <span class='ocr_line' id='line_1_15' title="bbox 292 673 1081 709; baseline 0.004 -9"><span class='ocrx_word' id='word_1_90' title='bbox 292 675 342 705; x_wconf 82' lang='lat' dir='ltr'><strong>ris.</strong></span> <span class='ocrx_word' id='word_1_91' title='bbox 354 673 425 701; x_wconf 84' lang='lat' dir='ltr'><strong>sicut</strong></span> <span class='ocrx_word' id='word_1_92' title='bbox 441 675 626 708; x_wconf 67' lang='lat' dir='ltr'><strong>penitentiam</strong></span> <span class='ocrx_word' id='word_1_93' title='bbox 648 675 717 709; x_wconf 85' lang='lat' dir='ltr'><strong>ejus.</strong></span> <span class='ocrx_word' id='word_1_94' title='bbox 731 676 820 709; x_wconf 85' lang='lat' dir='ltr'><strong>Quare</strong></span> <span class='ocrx_word' id='word_1_95' title='bbox 838 676 918 702; x_wconf 88' lang='lat' dir='ltr'><strong>etiam</strong></span> <span class='ocrx_word' id='word_1_96' title='bbox 942 684 1013 702; x_wconf 86' lang='lat' dir='ltr'><strong>nunc</strong></span> <span class='ocrx_word' id='word_1_97' title='bbox 1035 684 1081 703; x_wconf 93' lang='lat' dir='ltr'><strong>vos</strong></span> 
     </span>
    </p>
   </div>
   <div class='ocr_carea' id='block_1_16' title="bbox 290 717 1081 753">
    <p class='ocr_par' dir='ltr' id='par_1_16' title="bbox 290 717 1081 753">
     <span class='ocr_line' id='line_1_16' title="bbox 290 717 1081 753; baseline 0.003 -10"><span class='ocrx_word' id='word_1_98' title='bbox 290 723 386 749; x_wconf 87' lang='lat' dir='ltr'><strong>evoco,</strong></span> <span class='ocrx_word' id='word_1_99' title='bbox 401 718 445 752; x_wconf 85' lang='lat' dir='ltr'><strong>qui</strong></span> <span class='ocrx_word' id='word_1_100' title='bbox 471 717 497 744; x_wconf 95' lang='lat' dir='ltr'><strong>in</strong></span> <span class='ocrx_word' id='word_1_101' title='bbox 515 718 635 746; x_wconf 84' lang='lat' dir='ltr'><strong>tenebris</strong></span> <span class='ocrx_word' id='word_1_102' title='bbox 659 719 818 753; x_wconf 63' lang='lat' dir='ltr'><strong>ignorantiae</strong></span> <span class='ocrx_word' id='word_1_103' title='bbox 842 721 997 747; x_wconf 85' lang='lat' dir='ltr'><strong>versamini.</strong></span> <span class='ocrx_word' id='word_1_104' title='bbox 1015 719 1081 747; x_wconf 90' lang='lat' dir='ltr'><strong>Cum</strong></span> 
     </span>
    </p>
   </div>
   <div class='ocr_carea' id='block_1_17' title="bbox 291 763 1082 800">
    <p class='ocr_par' dir='ltr' id='par_1_17' title="bbox 291 763 1082 800">
     <span class='ocr_line' id='line_1_17' title="bbox 291 763 1082 800; baseline 0.004 -12"><span class='ocrx_word' id='word_1_105' title='bbox 291 767 383 789; x_wconf 85' lang='lat' dir='ltr'><strong>autem</strong></span> <span class='ocrx_word' id='word_1_106' title='bbox 396 770 507 797; x_wconf 88' lang='lat' dir='ltr'><strong>puerum</strong></span> <span class='ocrx_word' id='word_1_107' title='bbox 522 763 566 791; x_wconf 88' lang='lat' dir='ltr'><strong>Dei</strong></span> <span class='ocrx_word' id='word_1_108' title='bbox 576 771 635 791; x_wconf 81' lang='lat' dir='ltr'><strong>sese</strong></span> <span class='ocrx_word' id='word_1_109' title='bbox 647 771 795 799; x_wconf 84' lang='lat' dir='ltr'><strong>nuncupat.</strong></span> <span class='ocrx_word' id='word_1_110' title='bbox 808 765 1008 799; x_wconf 80' lang='lat' dir='ltr'><strong>intelligendum</strong></span> <span class='ocrx_word' id='word_1_111' title='bbox 1019 773 1082 800; x_wconf 60' lang='lat' dir='ltr'><strong>prte-</strong></span> 
     </span>
    </p>
   </div>
   <div class='ocr_carea' id='block_1_18' title="bbox 291 807 1077 843">
    <p class='ocr_par' dir='ltr' id='par_1_18' title="bbox 291 807 1077 843">
     <span class='ocr_line' id='line_1_18' title="bbox 291 807 1077 843; baseline 0.006 -9"><span class='ocrx_word' id='word_1_112' title='bbox 291 807 350 838; x_wconf 80' lang='lat' dir='ltr'><strong>bet,</strong></span> <span class='ocrx_word' id='word_1_113' title='bbox 363 815 404 839; x_wconf 86' lang='lat' dir='ltr'><strong>se,</strong></span> <span class='ocrx_word' id='word_1_114' title='bbox 418 808 463 843; x_wconf 88' lang='lat' dir='ltr'><strong>qui</strong></span> <span class='ocrx_word' id='word_1_115' title='bbox 478 809 557 836; x_wconf 90' lang='lat' dir='ltr'><strong>homo</strong></span> <span class='ocrx_word' id='word_1_116' title='bbox 570 809 657 836; x_wconf 83' lang='lat' dir='ltr'><strong>factus</strong></span> <span class='ocrx_word' id='word_1_117' title='bbox 668 815 720 842; x_wconf 86' lang='lat' dir='ltr'><strong>est,</strong></span> <span class='ocrx_word' id='word_1_118' title='bbox 733 818 824 837; x_wconf 86' lang='lat' dir='ltr'><strong>verum</strong></span> <span class='ocrx_word' id='word_1_119' title='bbox 839 811 883 838; x_wconf 87' lang='lat' dir='ltr'><strong>Dei</strong></span> <span class='ocrx_word' id='word_1_120' title='bbox 893 811 1016 839; x_wconf 68' lang='lat' dir='ltr'><strong>etl’atris</strong></span> <span class='ocrx_word' id='word_1_121' title='bbox 1031 813 1077 839; x_wconf 82' lang='lat' dir='ltr'><strong>ﬁli-</strong></span> 
     </span>
    </p>
   </div>
   <div class='ocr_carea' id='block_1_19' title="bbox 292 855 1081 893">
    <p class='ocr_par' dir='ltr' id='par_1_19' title="bbox 292 855 1081 893">
     <span class='ocr_line' id='line_1_19' title="bbox 292 855 1081 893; baseline 0.006 -13"><span class='ocrx_word' id='word_1_122' title='bbox 292 855 501 889; x_wconf 86' lang='lat' dir='ltr'><strong>umesse:quod</strong></span> <span class='ocrx_word' id='word_1_123' title='bbox 513 863 576 883; x_wconf 90' lang='lat' dir='ltr'><strong>vero</strong></span> <span class='ocrx_word' id='word_1_124' title='bbox 587 864 635 883; x_wconf 81' lang='lat' dir='ltr'><strong>vox</strong></span> <span class='ocrx_word' id='word_1_125' title='bbox 647 857 704 890; x_wconf 80' lang='lat' dir='ltr'><strong>ejus</strong></span> <span class='ocrx_word' id='word_1_126' title='bbox 712 858 843 884; x_wconf 89' lang='lat' dir='ltr'><strong>audienda</strong></span> <span class='ocrx_word' id='word_1_127' title='bbox 857 858 936 889; x_wconf 77' lang='lat' dir='ltr'><strong>foret,</strong></span> <span class='ocrx_word' id='word_1_128' title='bbox 946 858 972 885; x_wconf 90' lang='lat' dir='ltr'><strong>id</strong></span> <span class='ocrx_word' id='word_1_129' title='bbox 982 867 1081 893; x_wconf 85' lang='lat' dir='ltr'><strong>nequa-</strong></span> 
     </span>
    </p>
   </div>
   <div class='ocr_carea' id='block_1_20' title="bbox 293 893 1118 939">
    <p class='ocr_par' dir='ltr' id='par_1_20' title="bbox 293 893 1118 939">
     <span class='ocr_line' id='line_1_20' title="bbox 293 893 1118 939; baseline 0.008 -15"><span class='ocrx_word' id='word_1_130' title='bbox 293 907 374 933; x_wconf 85' lang='lat' dir='ltr'><strong>quam</strong></span> <span class='ocrx_word' id='word_1_131' title='bbox 389 900 454 934; x_wconf 77' lang='lat' dir='ltr'><strong>lcgis</strong></span> <span class='ocrx_word' id='word_1_132' title='bbox 470 903 649 936; x_wconf 81' lang='lat' dir='ltr'><strong>transgressio</strong></span> <span class='ocrx_word' id='word_1_133' title='bbox 665 907 734 935; x_wconf 84' lang='lat' dir='ltr'><strong>erat,</strong></span> <span class='ocrx_word' id='word_1_134' title='bbox 756 903 803 929; x_wconf 79' lang='lat' dir='ltr'><strong>sed</strong></span> <span class='ocrx_word' id='word_1_135' title='bbox 820 903 992 931; x_wconf 78' lang='lat' dir='ltr'><strong>conﬁrmatio</strong></span> <span class='ocrx_word' id='word_1_136' title='bbox 1005 905 1081 939; x_wconf 74' lang='lat' dir='ltr'><strong>legis,</strong></span> <span class='ocrx_word' id='word_1_137' title='bbox 1098 893 1118 919; x_wconf 76' lang='grc' dir='ltr'><strong>Β</strong></span> 
     </span>
    </p>
   </div>
   <div class='ocr_carea' id='block_1_21' title="bbox 292 947 1080 980">
    <p class='ocr_par' dir='ltr' id='par_1_21' title="bbox 292 947 1080 980">
     <span class='ocr_line' id='line_1_21' title="bbox 292 947 1080 980; baseline 0.008 -9"><span class='ocrx_word' id='word_1_138' title='bbox 292 953 353 980; x_wconf 68' lang='lat' dir='ltr'><strong>qua:</strong></span> <span class='ocrx_word' id='word_1_139' title='bbox 365 953 413 980; x_wconf 90' lang='lat' dir='ltr'><strong>per</strong></span> <span class='ocrx_word' id='word_1_140' title='bbox 430 947 541 980; x_wconf 81' lang='lat' dir='ltr'><strong>liguram</strong></span> <span class='ocrx_word' id='word_1_141' title='bbox 557 952 583 974; x_wconf 90' lang='lat' dir='ltr'><strong>et</strong></span> <span class='ocrx_word' id='word_1_142' title='bbox 598 949 732 980; x_wconf 83' lang='lat' dir='ltr'><strong>umbram,</strong></span> <span class='ocrx_word' id='word_1_143' title='bbox 753 949 893 975; x_wconf 88' lang='lat' dir='ltr'><strong>veritatem</strong></span> <span class='ocrx_word' id='word_1_144' title='bbox 910 949 1080 978; x_wconf 83' lang='lat' dir='ltr'><strong>delineabat:</strong></span> 
     </span>
    </p>
   </div>
   <div class='ocr_carea' id='block_1_22' title="bbox 293 991 815 1028">
    <p class='ocr_par' dir='ltr' id='par_1_22' title="bbox 293 991 815 1028">
     <span class='ocr_line' id='line_1_22' title="bbox 293 991 815 1028; baseline 0.006 -11"><span class='ocrx_word' id='word_1_145' title='bbox 293 999 353 1025; x_wconf 77' lang='lat' dir='ltr'><strong>qua:</strong></span> <span class='ocrx_word' id='word_1_146' title='bbox 366 997 406 1018; x_wconf 86' lang='lat' dir='ltr'><strong>est</strong></span> <span class='ocrx_word' id='word_1_147' title='bbox 418 991 472 1026; x_wconf 83' lang='lat' dir='ltr'><strong>ipse</strong></span> <span class='ocrx_word' id='word_1_148' title='bbox 489 991 557 1020; x_wconf 89' lang='lat' dir='ltr'><strong>Deus</strong></span> <span class='ocrx_word' id='word_1_149' title='bbox 571 997 598 1020; x_wconf 88' lang='lat' dir='ltr'><strong>et</strong></span> <span class='ocrx_word' id='word_1_150' title='bbox 609 992 667 1028; x_wconf 88' lang='lat' dir='ltr'><strong>ejus</strong></span> <span class='ocrx_word' id='word_1_151' title='bbox 681 994 815 1021; x_wconf 84' lang='lat' dir='ltr'><strong>vaticinia.</strong></span> 
     </span>
    </p>
   </div>
   <div class='ocr_carea' id='block_1_23' title="bbox 328 1081 1083 1118">
    <p class='ocr_par' dir='ltr' id='par_1_23' title="bbox 328 1081 1083 1118">
     <span class='ocr_line' id='line_1_23' title="bbox 328 1081 1083 1118; baseline 0 -8"><span class='ocrx_word' id='word_1_152' title='bbox 328 1082 411 1110; x_wconf 67' lang='lat' dir='ltr'><strong>Vsus.</strong></span> <span class='ocrx_word' id='word_1_153' title='bbox 426 1083 467 1110; x_wconf 83' lang='lat' dir='ltr'><strong>lt.</strong></span> <span class='ocrx_word' id='word_1_154' title='bbox 488 1091 497 1108; x_wconf 76' lang='grc' dir='ltr'><strong>ι</strong></span> <span class='ocrx_word' id='word_1_155' title='bbox 513 1081 582 1110; x_wconf 86' lang='lat' dir='ltr'><strong>Ecce</strong></span> <span class='ocrx_word' id='word_1_156' title='bbox 601 1090 648 1110; x_wconf 91' lang='lat' dir='ltr'><strong>vos</strong></span> <span class='ocrx_word' id='word_1_157' title='bbox 659 1090 753 1110; x_wconf 89' lang='lat' dir='ltr'><strong>omnes</strong></span> <span class='ocrx_word' id='word_1_158' title='bbox 770 1082 859 1118; x_wconf 73' lang='lat' dir='ltr'><strong>ignem</strong></span> <span class='ocrx_word' id='word_1_159' title='bbox 877 1083 1037 1116; x_wconf 86' lang='lat' dir='ltr'><strong>accenditis,</strong></span> <span class='ocrx_word' id='word_1_160' title='bbox 1055 1087 1083 1110; x_wconf 84' lang='lat' dir='ltr'><strong>et</strong></span> 
     </span>
    </p>
   </div>
   <div class='ocr_carea' id='block_1_24' title="bbox 293 1129 1083 1164">
    <p class='ocr_par' dir='ltr' id='par_1_24' title="bbox 293 1129 1083 1164">
     <span class='ocr_line' id='line_1_24' title="bbox 293 1129 1083 1164; baseline -0.003 -7"><span class='ocrx_word' id='word_1_161' title='bbox 293 1129 473 1157; x_wconf 81' lang='lat' dir='ltr'><strong>corroboratis</strong></span> <span class='ocrx_word' id='word_1_162' title='bbox 498 1129 631 1155; x_wconf 84' lang='lat' dir='ltr'><strong>ﬂammam</strong></span> <span class='ocrx_word' id='word_1_163' title='bbox 650 1138 657 1156; x_wconf 72' lang='grc' dir='ltr'>ε</span> <span class='ocrx_word' id='word_1_164' title='bbox 676 1129 811 1156; x_wconf 87' lang='lat' dir='ltr'><strong>ambulate</strong></span> <span class='ocrx_word' id='word_1_165' title='bbox 835 1129 861 1156; x_wconf 93' lang='lat' dir='ltr'><strong>in</strong></span> <span class='ocrx_word' id='word_1_166' title='bbox 889 1129 990 1156; x_wconf 83' lang='lat' dir='ltr'><strong>lumine</strong></span> <span class='ocrx_word' id='word_1_167' title='bbox 1015 1129 1083 1164; x_wconf 78' lang='lat' dir='ltr'><strong>ignis</strong></span> 
     </span>
    </p>
   </div>
   <div class='ocr_carea' id='block_1_25' title="bbox 293 1173 1082 1208">
    <p class='ocr_par' dir='ltr' id='par_1_25' title="bbox 293 1173 1082 1208">
     <span class='ocr_line' id='line_1_25' title="bbox 293 1173 1082 1208; baseline -0.003 -7"><span class='ocrx_word' id='word_1_168' title='bbox 293 1175 376 1202; x_wconf 76' lang='lat' dir='ltr'><strong>vestri</strong></span> <span class='ocrx_word' id='word_1_169' title='bbox 395 1179 423 1201; x_wconf 85' lang='lat' dir='ltr'><strong>et</strong></span> <span class='ocrx_word' id='word_1_170' title='bbox 445 1175 471 1201; x_wconf 88' lang='lat' dir='ltr'><strong>in</strong></span> <span class='ocrx_word' id='word_1_171' title='bbox 490 1173 597 1200; x_wconf 80' lang='lat' dir='ltr'><strong>ﬂamma</strong></span> <span class='ocrx_word' id='word_1_172' title='bbox 610 1182 691 1208; x_wconf 83' lang='lat' dir='ltr'><strong>quam</strong></span> <span class='ocrx_word' id='word_1_173' title='bbox 706 1174 895 1201; x_wconf 84' lang='lat' dir='ltr'><strong>succendistis.</strong></span> <span class='ocrx_word' id='word_1_174' title='bbox 913 1173 1027 1208; x_wconf 84' lang='lat' dir='ltr'><strong>Propter</strong></span> <span class='ocrx_word' id='word_1_175' title='bbox 1041 1181 1082 1200; x_wconf 88' lang='lat' dir='ltr'><strong>mc</strong></span> 
     </span>
    </p>
   </div>
   <div class='ocr_carea' id='block_1_26' title="bbox 295 1219 1081 1251">
    <p class='ocr_par' dir='ltr' id='par_1_26' title="bbox 295 1219 1081 1251">
     <span class='ocr_line' id='line_1_26' title="bbox 295 1219 1081 1251; baseline 0.001 -5"><span class='ocrx_word' id='word_1_176' title='bbox 295 1219 364 1247; x_wconf 76' lang='lat' dir='ltr'><strong>facta</strong></span> <span class='ocrx_word' id='word_1_177' title='bbox 383 1221 513 1248; x_wconf 76' lang='lat' dir='ltr'><strong>sunthaec</strong></span> <span class='ocrx_word' id='word_1_178' title='bbox 527 1221 613 1251; x_wconf 88' lang='lat' dir='ltr'><strong>vobis,</strong></span> <span class='ocrx_word' id='word_1_179' title='bbox 626 1225 653 1248; x_wconf 88' lang='lat' dir='ltr'><strong>et</strong></span> <span class='ocrx_word' id='word_1_180' title='bbox 671 1221 696 1247; x_wconf 90' lang='lat' dir='ltr'><strong>in</strong></span> <span class='ocrx_word' id='word_1_181' title='bbox 712 1227 828 1247; x_wconf 78' lang='lat' dir='ltr'><strong>incerare</strong></span> <span class='ocrx_word' id='word_1_182' title='bbox 843 1221 993 1248; x_wconf 89' lang='lat' dir='ltr'><strong>dormietis.</strong></span> <span class='ocrx_word' id='word_1_183' title='bbox 1007 1230 1017 1246; x_wconf 71' lang='grc' dir='ltr'><strong>ι</strong></span> <span class='ocrx_word' id='word_1_184' title='bbox 1031 1219 1081 1247; x_wconf 90' lang='lat' dir='ltr'><strong>So-</strong></span> 
     </span>
    </p>
   </div>
   <div class='ocr_carea' id='block_1_27' title="bbox 292 1265 1083 1301">
    <p class='ocr_par' dir='ltr' id='par_1_27' title="bbox 292 1265 1083 1301">
     <span class='ocr_line' id='line_1_27' title="bbox 292 1265 1083 1301; baseline 0 -9"><span class='ocrx_word' id='word_1_185' title='bbox 292 1265 349 1292; x_wconf 86' lang='lat' dir='ltr'><strong>lum</strong></span> <span class='ocrx_word' id='word_1_186' title='bbox 362 1267 491 1299; x_wconf 76' lang='lat' dir='ltr'><strong>accedite,</strong></span> <span class='ocrx_word' id='word_1_187' title='bbox 512 1272 539 1294; x_wconf 91' lang='lat' dir='ltr'><strong>et</strong></span> <span class='ocrx_word' id='word_1_188' title='bbox 554 1266 670 1297; x_wconf 88' lang='lat' dir='ltr'><strong>obedite,</strong></span> <span class='ocrx_word' id='word_1_189' title='bbox 683 1273 715 1293; x_wconf 91' lang='lat' dir='ltr'><strong>ac</strong></span> <span class='ocrx_word' id='word_1_190' title='bbox 727 1266 839 1293; x_wconf 87' lang='lat' dir='ltr'><strong>salutem</strong></span> <span class='ocrx_word' id='word_1_191' title='bbox 859 1266 993 1301; x_wconf 84' lang='lat' dir='ltr'><strong>pollicenti</strong></span> <span class='ocrx_word' id='word_1_192' title='bbox 1007 1266 1083 1292; x_wconf 79' lang='lat' dir='ltr'><strong>vobis</strong></span> 
     </span>
    </p>
   </div>
   <div class='ocr_carea' id='block_1_28' title="bbox 294 1310 1083 1344">
    <p class='ocr_par' dir='ltr' id='par_1_28' title="bbox 294 1310 1083 1344">
     <span class='ocr_line' id='line_1_28' title="bbox 294 1310 1083 1344; baseline -0.003 -7"><span class='ocrx_word' id='word_1_193' title='bbox 294 1311 406 1338; x_wconf 84' lang='lat' dir='ltr'><strong>credite.</strong></span> <span class='ocrx_word' id='word_1_194' title='bbox 421 1310 484 1342; x_wconf 86' lang='lat' dir='ltr'><strong>Sed,</strong></span> <span class='ocrx_word' id='word_1_195' title='bbox 502 1315 532 1338; x_wconf 94' lang='lat' dir='ltr'><strong>ut</strong></span> <span class='ocrx_word' id='word_1_196' title='bbox 550 1311 638 1343; x_wconf 86' lang='lat' dir='ltr'><strong>video,</strong></span> <span class='ocrx_word' id='word_1_197' title='bbox 648 1318 695 1338; x_wconf 87' lang='lat' dir='ltr'><strong>vos</strong></span> <span class='ocrx_word' id='word_1_198' title='bbox 711 1310 744 1337; x_wconf 89' lang='lat' dir='ltr'><strong>ab</strong></span> <span class='ocrx_word' id='word_1_199' title='bbox 762 1311 835 1337; x_wconf 86' lang='lat' dir='ltr'><strong>omni</strong></span> <span class='ocrx_word' id='word_1_200' title='bbox 852 1311 921 1338; x_wconf 92' lang='lat' dir='ltr'><strong>bona</strong></span> <span class='ocrx_word' id='word_1_201' title='bbox 936 1318 983 1344; x_wconf 80' lang='lat' dir='ltr'><strong>spe</strong></span> <span class='ocrx_word' id='word_1_202' title='bbox 997 1310 1083 1337; x_wconf 67' lang='lat' dir='ltr'><strong>Seele-</strong></span> 
     </span>
    </p>
   </div>
   <div class='ocr_carea' id='block_1_29' title="bbox 293 1356 1082 1391">
    <p class='ocr_par' dir='ltr' id='par_1_29' title="bbox 293 1356 1082 1391">
     <span class='ocr_line' id='line_1_29' title="bbox 293 1356 1082 1391; baseline -0.001 -7"><span class='ocrx_word' id='word_1_203' title='bbox 293 1357 384 1389; x_wconf 86' lang='lat' dir='ltr'><strong>sistis,</strong></span> <span class='ocrx_word' id='word_1_204' title='bbox 404 1361 522 1384; x_wconf 82' lang='lat' dir='ltr'><strong>vestrum</strong></span> <span class='ocrx_word' id='word_1_205' title='bbox 536 1362 626 1384; x_wconf 87' lang='lat' dir='ltr'><strong>autem</strong></span> <span class='ocrx_word' id='word_1_206' title='bbox 641 1357 729 1390; x_wconf 76' lang='lat' dir='ltr'><strong>ignem</strong></span> <span class='ocrx_word' id='word_1_207' title='bbox 747 1356 851 1391; x_wconf 78' lang='lat' dir='ltr'><strong>augetis</strong></span> <span class='ocrx_word' id='word_1_208' title='bbox 868 1361 895 1383; x_wconf 90' lang='lat' dir='ltr'><strong>et</strong></span> <span class='ocrx_word' id='word_1_209' title='bbox 910 1357 1042 1384; x_wconf 82' lang='lat' dir='ltr'><strong>roboratis</strong></span> <span class='ocrx_word' id='word_1_210' title='bbox 1055 1356 1082 1383; x_wconf 71' lang='lat' dir='ltr'><strong>in</strong></span> 
     </span>
    </p>
   </div>
   <div class='ocr_carea' id='block_1_30' title="bbox 295 1403 1084 1437">
    <p class='ocr_par' dir='ltr' id='par_1_30' title="bbox 295 1403 1084 1437">
     <span class='ocr_line' id='line_1_30' title="bbox 295 1403 1084 1437; baseline -0.001 -7"><span class='ocrx_word' id='word_1_211' title='bbox 295 1403 486 1430; x_wconf 85' lang='lat' dir='ltr'><strong>incredulitate</strong></span> <span class='ocrx_word' id='word_1_212' title='bbox 497 1408 597 1436; x_wconf 85' lang='lat' dir='ltr'><strong>vestra,</strong></span> <span class='ocrx_word' id='word_1_213' title='bbox 613 1408 640 1430; x_wconf 88' lang='lat' dir='ltr'><strong>et</strong></span> <span class='ocrx_word' id='word_1_214' title='bbox 653 1404 678 1430; x_wconf 93' lang='lat' dir='ltr'><strong>in</strong></span> <span class='ocrx_word' id='word_1_215' title='bbox 695 1403 870 1437; x_wconf 83' lang='lat' dir='ltr'><strong>blasphemiis</strong></span> <span class='ocrx_word' id='word_1_216' title='bbox 881 1403 981 1430; x_wconf 86' lang='lat' dir='ltr'><strong>vestris</strong></span> <span class='ocrx_word' id='word_1_217' title='bbox 993 1410 1084 1437; x_wconf 82' lang='lat' dir='ltr'><strong>perse-</strong></span> 
     </span>
    </p>
   </div>
   <div class='ocr_carea' id='block_1_31' title="bbox 295 1445 1084 1484">
    <p class='ocr_par' dir='ltr' id='par_1_31' title="bbox 295 1445 1084 1484">
     <span class='ocr_line' id='line_1_31' title="bbox 295 1445 1084 1484; baseline -0.003 -7"><span class='ocrx_word' id='word_1_218' title='bbox 295 1445 432 1482; x_wconf 72' lang='lat' dir='ltr'><strong>verantes,</strong></span> <span class='ocrx_word' id='word_1_219' title='bbox 456 1449 584 1484; x_wconf 87' lang='lat' dir='ltr'><strong>illumque</strong></span> <span class='ocrx_word' id='word_1_220' title='bbox 606 1449 700 1476; x_wconf 66' lang='grc' dir='ltr'>πιοτηί</span> <span class='ocrx_word' id='word_1_221' title='bbox 719 1448 840 1484; x_wconf 86' lang='lat' dir='ltr'><strong>supplicii</strong></span> <span class='ocrx_word' id='word_1_222' title='bbox 865 1449 952 1484; x_wconf 76' lang='lat' dir='ltr'><strong>ignem</strong></span> <span class='ocrx_word' id='word_1_223' title='bbox 975 1450 1019 1483; x_wconf 88' lang='lat' dir='ltr'><strong>qui</strong></span> <span class='ocrx_word' id='word_1_224' title='bbox 1037 1457 1084 1475; x_wconf 87' lang='lat' dir='ltr'><strong>vos</strong></span> 
     </span>
    </p>
   </div>
   <div class='ocr_carea' id='block_1_32' title="bbox 295 1494 1083 1532">
    <p class='ocr_par' dir='ltr' id='par_1_32' title="bbox 295 1494 1083 1532">
     <span class='ocr_line' id='line_1_32' title="bbox 295 1494 1083 1532; baseline -0.003 -8"><span class='ocrx_word' id='word_1_225' title='bbox 295 1501 445 1532; x_wconf 76' lang='lat' dir='ltr'><strong>exspectat,</strong></span> <span class='ocrx_word' id='word_1_226' title='bbox 464 1497 548 1531; x_wconf 80' lang='lat' dir='ltr'><strong>magis</strong></span> <span class='ocrx_word' id='word_1_227' title='bbox 572 1496 709 1531; x_wconf 78' lang='lat' dir='ltr'><strong>magisque</strong></span> <span class='ocrx_word' id='word_1_228' title='bbox 734 1494 893 1528; x_wconf 87' lang='lat' dir='ltr'><strong>accenditis,</strong></span> <span class='ocrx_word' id='word_1_229' title='bbox 910 1495 1083 1529; x_wconf 73' lang='lat' dir='ltr'><strong>quamobrem</strong></span> 
     </span>
    </p>
   </div>
   <div class='ocr_carea' id='block_1_33' title="bbox 1129 260 1921 300">
    <p class='ocr_par' dir='ltr' id='par_1_33' title="bbox 1129 260 1921 300">
     <span class='ocr_line' id='line_1_33' title="bbox 1129 260 1921 300; baseline -0.006 -9"><span class='ocrx_word' id='word_1_230' title='bbox 1129 264 1178 300; x_wconf 85' lang='grc' dir='ltr'><strong>τὴν</strong></span> <span class='ocrx_word' id='word_1_231' title='bbox 1194 264 1345 299; x_wconf 75' lang='grc' dir='ltr'><strong>συνείδησιν</strong></span> <span class='ocrx_word' id='word_1_232' title='bbox 1363 260 1400 290; x_wconf 84' lang='grc' dir='ltr'><strong>ὧν</strong></span> <span class='ocrx_word' id='word_1_233' title='bbox 1418 263 1600 299; x_wconf 84' lang='grc' dir='ltr'>τετολμήκασι</span> <span class='ocrx_word' id='word_1_234' title='bbox 1615 261 1698 297; x_wconf 77' lang='grc' dir='ltr'>δηλοῖ,</span> <span class='ocrx_word' id='word_1_235' title='bbox 1717 262 1794 297; x_wconf 78' lang='grc' dir='ltr'>δίκην</span> <span class='ocrx_word' id='word_1_236' title='bbox 1811 261 1921 296; x_wconf 79' lang='grc' dir='ltr'>σκώλη-</span> 
     </span>
    </p>
   </div>
   <div class='ocr_carea' id='block_1_34' title="bbox 1129 306 1920 344">
    <p class='ocr_par' dir='ltr' id='par_1_34' title="bbox 1129 306 1920 344">
     <span class='ocr_line' id='line_1_34' title="bbox 1129 306 1920 344; baseline -0.005 -8"><span class='ocrx_word' id='word_1_237' title='bbox 1129 317 1177 340; x_wconf 85' lang='grc' dir='ltr'><strong>κος</strong></span> <span class='ocrx_word' id='word_1_238' title='bbox 1207 308 1403 343; x_wconf 75' lang='grc' dir='ltr'><strong>κατεσθιούσης</strong></span> <span class='ocrx_word' id='word_1_239' title='bbox 1430 308 1480 344; x_wconf 83' lang='grc' dir='ltr'><strong>τὴν</strong></span> <span class='ocrx_word' id='word_1_240' title='bbox 1502 308 1600 343; x_wconf 80' lang='grc' dir='ltr'>ψυχήν.</span> <span class='ocrx_word' id='word_1_241' title='bbox 1631 307 1764 342; x_wconf 80' lang='grc' dir='ltr'>Ὀρῶντες</span> <span class='ocrx_word' id='word_1_242' title='bbox 1788 307 1843 342; x_wconf 86' lang='grc' dir='ltr'><strong>γὰρ</strong></span> <span class='ocrx_word' id='word_1_243' title='bbox 1868 306 1920 341; x_wconf 79' lang='grc' dir='ltr'>τὴν</span> 
     </span>
    </p>
   </div>
   <div class='ocr_carea' id='block_1_35' title="bbox 1129 348 1920 389">
    <p class='ocr_par' dir='ltr' id='par_1_35' title="bbox 1129 348 1920 389">
     <span class='ocr_line' id='line_1_35' title="bbox 1129 348 1920 389; baseline -0.003 -9"><span class='ocrx_word' id='word_1_244' title='bbox 1129 354 1182 380; x_wconf 86' lang='grc' dir='ltr'><strong>τῶν</strong></span> <span class='ocrx_word' id='word_1_245' title='bbox 1209 354 1292 381; x_wconf 78' lang='grc' dir='ltr'><strong>ἐθνῶν</strong></span> <span class='ocrx_word' id='word_1_246' title='bbox 1304 348 1383 389; x_wconf 79' lang='grc' dir='ltr'>’πρὸς</span> <span class='ocrx_word' id='word_1_247' title='bbox 1403 354 1467 380; x_wconf 80' lang='grc' dir='ltr'>Θεὸν</span> <span class='ocrx_word' id='word_1_248' title='bbox 1488 353 1664 389; x_wconf 73' lang='grc' dir='ltr'>ἐπιστροφὴν,</span> <span class='ocrx_word' id='word_1_249' title='bbox 1680 353 1728 379; x_wconf 77' lang='grc' dir='ltr'>καὶ</span> <span class='ocrx_word' id='word_1_250' title='bbox 1749 352 1798 388; x_wconf 79' lang='grc' dir='ltr'>τὴν</span> <span class='ocrx_word' id='word_1_251' title='bbox 1814 351 1920 378; x_wconf 73' lang='grc' dir='ltr'>ἑαυτῶν</span> 
     </span>
    </p>
   </div>
   <div class='ocr_carea' id='block_1_36' title="bbox 1130 397 1918 434">
    <p class='ocr_par' dir='ltr' id='par_1_36' title="bbox 1130 397 1918 434">
     <span class='ocr_line' id='line_1_36' title="bbox 1130 397 1918 434; baseline -0.004 -8"><span class='ocrx_word' id='word_1_252' title='bbox 1130 400 1297 431; x_wconf 76' lang='grc' dir='ltr'>ἀπόπτωσιν,</span> <span class='ocrx_word' id='word_1_253' title='bbox 1327 401 1360 434; x_wconf 83' lang='grc' dir='ltr'>ἢν</span> <span class='ocrx_word' id='word_1_254' title='bbox 1381 399 1529 434; x_wconf 83' lang='grc' dir='ltr'>ὑπέμειναν</span> <span class='ocrx_word' id='word_1_255' title='bbox 1546 398 1589 425; x_wconf 74' lang='grc' dir='ltr'><strong>διὰ</strong></span> <span class='ocrx_word' id='word_1_256' title='bbox 1613 398 1661 430; x_wconf 77' lang='grc' dir='ltr'>τὰς</span> <span class='ocrx_word' id='word_1_257' title='bbox 1675 397 1802 429; x_wconf 75' lang='grc' dir='ltr'>ἀσεϐείας</span> <span class='ocrx_word' id='word_1_258' title='bbox 1815 397 1918 427; x_wconf 67' lang='grc' dir='ltr'>αὐτῶν,</span> 
     </span>
    </p>
   </div>
   <div class='ocr_carea' id='block_1_37' title="bbox 1132 443 1917 480">
    <p class='ocr_par' dir='ltr' id='par_1_37' title="bbox 1132 443 1917 480">
     <span class='ocr_line' id='line_1_37' title="bbox 1132 443 1917 480; baseline -0.004 -8"><span class='ocrx_word' id='word_1_259' title='bbox 1132 447 1146 473; x_wconf 85' lang='grc' dir='ltr'><strong>ὑ</strong></span> <span class='ocrx_word' id='word_1_260' title='bbox 1151 446 1184 471; x_wconf 85' lang='grc' dir='ltr'>πὺ</span> <span class='ocrx_word' id='word_1_261' title='bbox 1191 445 1240 480; x_wconf 81' lang='grc' dir='ltr'>τῆς</span> <span class='ocrx_word' id='word_1_262' title='bbox 1255 445 1433 480; x_wconf 79' lang='grc' dir='ltr'>συνειδήσεως</span> <span class='ocrx_word' id='word_1_263' title='bbox 1447 444 1530 479; x_wconf 75' lang='grc' dir='ltr'>τιτρώ</span> <span class='ocrx_word' id='word_1_264' title='bbox 1535 453 1642 471; x_wconf 83' lang='grc' dir='ltr'>σκονται</span> <span class='ocrx_word' id='word_1_265' title='bbox 1655 445 1702 470; x_wconf 80' lang='grc' dir='ltr'>καὶ</span> <span class='ocrx_word' id='word_1_266' title='bbox 1716 452 1781 470; x_wconf 81' lang='grc' dir='ltr'>κατε</span> <span class='ocrx_word' id='word_1_267' title='bbox 1786 443 1904 470; x_wconf 78' lang='grc' dir='ltr'>σθιονται</span> <span class='ocrx_word' id='word_1_268' title='bbox 1909 462 1917 469; x_wconf 90' lang='grc'><strong>.</strong></span> 
     </span>
    </p>
   </div>
   <div class='ocr_carea' id='block_1_38' title="bbox 1168 489 1923 526">
    <p class='ocr_par' dir='ltr' id='par_1_38' title="bbox 1168 489 1923 526">
     <span class='ocr_line' id='line_1_38' title="bbox 1168 489 1923 526; baseline -0.004 -8"><span class='ocrx_word' id='word_1_269' title='bbox 1168 501 1177 518; x_wconf 79' lang='lat' dir='ltr'><strong>t</strong></span> <span class='ocrx_word' id='word_1_270' title='bbox 1196 491 1242 522; x_wconf 86' lang='grc' dir='ltr'><strong>Τίς</strong></span> <span class='ocrx_word' id='word_1_271' title='bbox 1254 492 1281 517; x_wconf 76' lang='grc' dir='ltr'><strong>ὲν</strong></span> <span class='ocrx_word' id='word_1_272' title='bbox 1292 492 1355 526; x_wconf 79' lang='grc' dir='ltr'>ὑμῖν</span> <span class='ocrx_word' id='word_1_273' title='bbox 1367 492 1380 517; x_wconf 82' lang='grc' dir='ltr'>ό</span> <span class='ocrx_word' id='word_1_274' title='bbox 1392 490 1557 525; x_wconf 79' lang='grc' dir='ltr'>φοϐούμενος</span> <span class='ocrx_word' id='word_1_275' title='bbox 1570 490 1615 517; x_wconf 75' lang='grc' dir='ltr'><strong>τὸν</strong></span> <span class='ocrx_word' id='word_1_276' title='bbox 1631 490 1732 525; x_wconf 79' lang='grc' dir='ltr'>Κύριον</span> <span class='ocrx_word' id='word_1_277' title='bbox 1744 499 1751 522; x_wconf 88' lang='grc'>;</span> <span class='ocrx_word' id='word_1_278' title='bbox 1765 489 1923 516; x_wconf 80' lang='grc' dir='ltr'>ὑπακουσὰ-</span> 
     </span>
    </p>
   </div>
   <div class='ocr_carea' id='block_1_39' title="bbox 1130 535 1921 572">
    <p class='ocr_par' dir='ltr' id='par_1_39' title="bbox 1130 535 1921 572">
     <span class='ocr_line' id='line_1_39' title="bbox 1130 535 1921 572; baseline -0.004 -9"><span class='ocrx_word' id='word_1_279' title='bbox 1130 545 1169 563; x_wconf 91' lang='grc' dir='ltr'><strong>τω</strong></span> <span class='ocrx_word' id='word_1_280' title='bbox 1192 537 1241 572; x_wconf 78' lang='grc' dir='ltr'>τῆς</span> <span class='ocrx_word' id='word_1_281' title='bbox 1259 535 1350 570; x_wconf 78' lang='grc' dir='ltr'>φωνῆς</span> <span class='ocrx_word' id='word_1_282' title='bbox 1363 535 1409 562; x_wconf 80' lang='grc' dir='ltr'>τοῦ</span> <span class='ocrx_word' id='word_1_283' title='bbox 1428 535 1521 567; x_wconf 74' lang='grc' dir='ltr'>παιδος</span> <span class='ocrx_word' id='word_1_284' title='bbox 1537 535 1631 562; x_wconf 77' lang='grc' dir='ltr'>αὑτοῦ.</span> <span class='ocrx_word' id='word_1_285' title='bbox 1648 535 1679 562; x_wconf 79' lang='grc' dir='ltr'><strong>Οἱ</strong></span> <span class='ocrx_word' id='word_1_286' title='bbox 1694 535 1872 571; x_wconf 84' lang='grc' dir='ltr'>πορευόμενοι</span> <span class='ocrx_word' id='word_1_287' title='bbox 1890 535 1921 560; x_wconf 80' lang='grc' dir='ltr'>ἐν</span> 
     </span>
    </p>
   </div>
   <div class='ocr_carea' id='block_1_40' title="bbox 1132 579 1922 615">
    <p class='ocr_par' dir='ltr' id='par_1_40' title="bbox 1132 579 1922 615">
     <span class='ocr_line' id='line_1_40' title="bbox 1132 579 1922 615; baseline -0.005 -6"><span class='ocrx_word' id='word_1_288' title='bbox 1132 583 1232 614; x_wconf 80' lang='grc' dir='ltr'><strong>σκότει,</strong></span> <span class='ocrx_word' id='word_1_289' title='bbox 1246 582 1292 608; x_wconf 82' lang='grc' dir='ltr'>καὶ</span> <span class='ocrx_word' id='word_1_290' title='bbox 1309 583 1358 608; x_wconf 77' lang='grc' dir='ltr'>οὐκ</span> <span class='ocrx_word' id='word_1_291' title='bbox 1372 581 1444 608; x_wconf 81' lang='grc' dir='ltr'>ἔστιν</span> <span class='ocrx_word' id='word_1_292' title='bbox 1461 582 1551 613; x_wconf 72' lang='grc' dir='ltr'>αὐτοῖς</span> <span class='ocrx_word' id='word_1_293' title='bbox 1565 581 1637 615; x_wconf 85' lang='grc' dir='ltr'>φῶς,</span> <span class='ocrx_word' id='word_1_294' title='bbox 1652 580 1799 607; x_wconf 79' lang='grc' dir='ltr'>πεποίθατε</span> <span class='ocrx_word' id='word_1_295' title='bbox 1819 580 1867 606; x_wconf 74' lang='grc' dir='ltr'><strong>ἐπὶ</strong></span> <span class='ocrx_word' id='word_1_296' title='bbox 1880 579 1922 615; x_wconf 87' lang='grc' dir='ltr'>τῷ</span> 
     </span>
    </p>
   </div>
   <div class='ocr_carea' id='block_1_41' title="bbox 1131 624 1919 664">
    <p class='ocr_par' dir='ltr' id='par_1_41' title="bbox 1131 624 1919 664">
     <span class='ocr_line' id='line_1_41' title="bbox 1131 624 1919 664; baseline -0.004 -10"><span class='ocrx_word' id='word_1_297' title='bbox 1131 628 1241 663; x_wconf 77' lang='grc' dir='ltr'>ὀνόματι</span> <span class='ocrx_word' id='word_1_298' title='bbox 1255 628 1367 664; x_wconf 76' lang='grc' dir='ltr'>Κυρίου,</span> <span class='ocrx_word' id='word_1_299' title='bbox 1393 628 1440 654; x_wconf 75' lang='grc' dir='ltr'><strong>καὶ</strong></span> <span class='ocrx_word' id='word_1_300' title='bbox 1460 626 1684 663; x_wconf 77' lang='grc' dir='ltr'>ἁντιστηρίσασῦε</span> <span class='ocrx_word' id='word_1_301' title='bbox 1700 626 1746 653; x_wconf 72' lang='grc' dir='ltr'><strong>ἐπὶ</strong></span> <span class='ocrx_word' id='word_1_302' title='bbox 1766 626 1805 661; x_wconf 82' lang='grc' dir='ltr'>τῷ</span> <span class='ocrx_word' id='word_1_303' title='bbox 1908 634 1919 651; x_wconf 72' lang='grc' dir='ltr'><strong>ι</strong></span> 
     </span>
    </p>
   </div>
   <div class='ocr_carea' id='block_1_42' title="bbox 1132 669 1923 708">
    <p class='ocr_par' dir='ltr' id='par_1_42' title="bbox 1132 669 1923 708">
     <span class='ocr_line' id='line_1_42' title="bbox 1132 669 1923 708; baseline -0.008 -7"><span class='ocrx_word' id='word_1_304' title='bbox 1132 675 1170 701; x_wconf 77' lang='grc' dir='ltr'><strong>Οὐ</strong></span> <span class='ocrx_word' id='word_1_305' title='bbox 1183 673 1236 708; x_wconf 78' lang='grc' dir='ltr'><strong>γὰρ</strong></span> <span class='ocrx_word' id='word_1_306' title='bbox 1253 673 1380 708; x_wconf 83' lang='grc' dir='ltr'>βούλομαι</span> <span class='ocrx_word' id='word_1_307' title='bbox 1393 673 1438 699; x_wconf 82' lang='grc' dir='ltr'><strong>τὸν</strong></span> <span class='ocrx_word' id='word_1_308' title='bbox 1450 672 1563 699; x_wconf 85' lang='grc' dir='ltr'>θάνατον</span> <span class='ocrx_word' id='word_1_309' title='bbox 1575 671 1621 698; x_wconf 81' lang='grc' dir='ltr'><strong>τοῦ</strong></span> <span class='ocrx_word' id='word_1_310' title='bbox 1636 670 1809 706; x_wconf 70' lang='grc' dir='ltr'>ἁμαρτωλοῇ</span> <span class='ocrx_word' id='word_1_311' title='bbox 1819 669 1858 701; x_wconf 78' lang='grc' dir='ltr'><strong>ὡς</strong></span> <span class='ocrx_word' id='word_1_312' title='bbox 1870 669 1923 705; x_wconf 81' lang='grc' dir='ltr'>τὴν</span> 
     </span>
    </p>
   </div>
   <div class='ocr_carea' id='block_1_43' title="bbox 1133 715 1924 755">
    <p class='ocr_par' dir='ltr' id='par_1_43' title="bbox 1133 715 1924 755">
     <span class='ocr_line' id='line_1_43' title="bbox 1133 715 1924 755; baseline -0.005 -9"><span class='ocrx_word' id='word_1_313' title='bbox 1133 720 1277 755; x_wconf 73' lang='grc' dir='ltr'>μετάνοιαν</span> <span class='ocrx_word' id='word_1_314' title='bbox 1294 718 1386 746; x_wconf 74' lang='grc' dir='ltr'>αὐτοῦ.</span> <span class='ocrx_word' id='word_1_315' title='bbox 1404 719 1484 746; x_wconf 78' lang='grc' dir='ltr'>Ὅθεν</span> <span class='ocrx_word' id='word_1_316' title='bbox 1499 718 1539 744; x_wconf 73' lang='grc' dir='ltr'>ἔτι</span> <span class='ocrx_word' id='word_1_317' title='bbox 1560 718 1607 744; x_wconf 71' lang='grc' dir='ltr'>καὶ</span> <span class='ocrx_word' id='word_1_318' title='bbox 1623 716 1670 743; x_wconf 81' lang='grc' dir='ltr'>νῦν</span> <span class='ocrx_word' id='word_1_319' title='bbox 1687 717 1759 751; x_wconf 76' lang='grc' dir='ltr'>ὑμᾶς</span> <span class='ocrx_word' id='word_1_320' title='bbox 1769 715 1924 743; x_wconf 78' lang='grc' dir='ltr'>ἀνακαλοῦ-</span> 
     </span>
    </p>
   </div>
   <div class='ocr_carea' id='block_1_44' title="bbox 1134 761 1924 799">
    <p class='ocr_par' dir='ltr' id='par_1_44' title="bbox 1134 761 1924 799">
     <span class='ocr_line' id='line_1_44' title="bbox 1134 761 1924 799; baseline -0.004 -9"><span class='ocrx_word' id='word_1_321' title='bbox 1134 773 1192 799; x_wconf 79' lang='grc' dir='ltr'>μαι,</span> <span class='ocrx_word' id='word_1_322' title='bbox 1207 765 1235 790; x_wconf 76' lang='grc' dir='ltr'>ὲν</span> <span class='ocrx_word' id='word_1_323' title='bbox 1249 764 1288 799; x_wconf 69' lang='grc' dir='ltr'><strong>τῷ</strong></span> <span class='ocrx_word' id='word_1_324' title='bbox 1301 763 1351 798; x_wconf 85' lang='grc' dir='ltr'>τῆς</span> <span class='ocrx_word' id='word_1_325' title='bbox 1366 763 1476 797; x_wconf 74' lang='grc' dir='ltr'>ἀγνοίας</span> <span class='ocrx_word' id='word_1_326' title='bbox 1491 763 1578 798; x_wconf 83' lang='grc' dir='ltr'><strong>σκότῳ</strong></span> <span class='ocrx_word' id='word_1_327' title='bbox 1592 763 1783 797; x_wconf 80' lang='grc' dir='ltr'>τυγχάνοντας.</span> <span class='ocrx_word' id='word_1_328' title='bbox 1810 761 1924 789; x_wconf 81' lang='grc' dir='ltr'>Ἑαυτὸν</span> 
     </span>
    </p>
   </div>
   <div class='ocr_carea' id='block_1_45' title="bbox 1132 807 1924 844">
    <p class='ocr_par' dir='ltr' id='par_1_45' title="bbox 1132 807 1924 844">
     <span class='ocr_line' id='line_1_45' title="bbox 1132 807 1924 844; baseline -0.005 -7"><span class='ocrx_word' id='word_1_329' title='bbox 1132 811 1160 837; x_wconf 83' lang='grc' dir='ltr'>δὲ</span> <span class='ocrx_word' id='word_1_330' title='bbox 1186 810 1268 837; x_wconf 81' lang='grc' dir='ltr'>παῖδα</span> <span class='ocrx_word' id='word_1_331' title='bbox 1290 809 1357 835; x_wconf 72' lang='grc' dir='ltr'>Θεοῦ</span> <span class='ocrx_word' id='word_1_332' title='bbox 1384 809 1481 844; x_wconf 72' lang='grc' dir='ltr'>λέγων,</span> <span class='ocrx_word' id='word_1_333' title='bbox 1501 809 1593 844; x_wconf 81' lang='grc' dir='ltr'><strong>ἐφίησι</strong></span> <span class='ocrx_word' id='word_1_334' title='bbox 1608 810 1686 840; x_wconf 87' lang='grc' dir='ltr'>νοεῖν,</span> <span class='ocrx_word' id='word_1_335' title='bbox 1703 809 1756 839; x_wconf 83' lang='grc' dir='ltr'>ὃτι,</span> <span class='ocrx_word' id='word_1_336' title='bbox 1779 807 1924 843; x_wconf 75' lang='grc' dir='ltr'>ἄνθρωπος</span> 
     </span>
    </p>
   </div>
   <div class='ocr_carea' id='block_1_46' title="bbox 1134 854 1923 892">
    <p class='ocr_par' dir='ltr' id='par_1_46' title="bbox 1134 854 1923 892">
     <span class='ocr_line' id='line_1_46' title="bbox 1134 854 1923 892; baseline -0.005 -8"><span class='ocrx_word' id='word_1_337' title='bbox 1134 857 1262 892; x_wconf 84' lang='grc' dir='ltr'>γεγονὼς,</span> <span class='ocrx_word' id='word_1_338' title='bbox 1280 857 1335 888; x_wconf 56' lang='grc' dir='ltr'>υἱός</span> <span class='ocrx_word' id='word_1_339' title='bbox 1353 857 1424 882; x_wconf 68' lang='grc' dir='ltr'>ἐστιν</span> <span class='ocrx_word' id='word_1_340' title='bbox 1441 855 1566 891; x_wconf 76' lang='grc' dir='ltr'>ἀληθινὸς</span> <span class='ocrx_word' id='word_1_341' title='bbox 1586 855 1632 882; x_wconf 81' lang='grc' dir='ltr'><strong>τοῦ</strong></span> <span class='ocrx_word' id='word_1_342' title='bbox 1650 854 1716 881; x_wconf 79' lang='grc' dir='ltr'>Θεοῦ</span> <span class='ocrx_word' id='word_1_343' title='bbox 1735 854 1783 881; x_wconf 81' lang='grc' dir='ltr'>καὶ</span> <span class='ocrx_word' id='word_1_344' title='bbox 1794 854 1901 890; x_wconf 78' lang='grc' dir='ltr'><strong>Πατρός</strong></span> <span class='ocrx_word' id='word_1_345' title='bbox 1915 862 1923 869; x_wconf 92' lang='grc'><strong>·</strong></span> 
     </span>
    </p>
   </div>
   <div class='ocr_carea' id='block_1_47' title="bbox 1133 900 1926 937">
    <p class='ocr_par' dir='ltr' id='par_1_47' title="bbox 1133 900 1926 937">
     <span class='ocr_line' id='line_1_47' title="bbox 1133 900 1926 937; baseline -0.005 -7"><span class='ocrx_word' id='word_1_346' title='bbox 1133 904 1179 930; x_wconf 67' lang='grc' dir='ltr'>καὶ</span> <span class='ocrx_word' id='word_1_347' title='bbox 1192 903 1222 929; x_wconf 78' lang='grc' dir='ltr'>τὸ</span> <span class='ocrx_word' id='word_1_348' title='bbox 1236 904 1349 930; x_wconf 75' lang='grc' dir='ltr'>ἀκοῦσαι</span> <span class='ocrx_word' id='word_1_349' title='bbox 1364 903 1412 937; x_wconf 85' lang='grc' dir='ltr'>τῆς</span> <span class='ocrx_word' id='word_1_350' title='bbox 1424 902 1504 928; x_wconf 73' lang='grc' dir='ltr'>αὐτοῦ</span> <span class='ocrx_word' id='word_1_351' title='bbox 1518 902 1608 937; x_wconf 72' lang='grc' dir='ltr'>φωνῆς</span> <span class='ocrx_word' id='word_1_352' title='bbox 1624 902 1654 928; x_wconf 76' lang='grc' dir='ltr'>οὐ</span> <span class='ocrx_word' id='word_1_353' title='bbox 1672 901 1754 936; x_wconf 81' lang='grc' dir='ltr'>νόμου</span> <span class='ocrx_word' id='word_1_354' title='bbox 1766 900 1926 936; x_wconf 77' lang='grc' dir='ltr'>παράϐασις</span> 
     </span>
    </p>
   </div>
   <div class='ocr_carea' id='block_1_48' title="bbox 1132 947 1926 986">
    <p class='ocr_par' dir='ltr' id='par_1_48' title="bbox 1132 947 1926 986">
     <span class='ocr_line' id='line_1_48' title="bbox 1132 947 1926 986; baseline -0.008 -9"><span class='ocrx_word' id='word_1_355' title='bbox 1132 948 1175 986; x_wconf 79' lang='grc' dir='ltr'><strong>ἦν,</strong></span> <span class='ocrx_word' id='word_1_356' title='bbox 1191 950 1259 977; x_wconf 80' lang='grc' dir='ltr'><strong>ἀλλὰ</strong></span> <span class='ocrx_word' id='word_1_357' title='bbox 1277 949 1422 984; x_wconf 79' lang='grc' dir='ltr'>βεϐαίωσις</span> <span class='ocrx_word' id='word_1_358' title='bbox 1436 949 1530 984; x_wconf 81' lang='grc' dir='ltr'>νόμου,</span> <span class='ocrx_word' id='word_1_359' title='bbox 1545 948 1589 974; x_wconf 76' lang='grc' dir='ltr'><strong>διὰ</strong></span> <span class='ocrx_word' id='word_1_360' title='bbox 1605 947 1690 974; x_wconf 80' lang='grc' dir='ltr'>τύπου</span> <span class='ocrx_word' id='word_1_361' title='bbox 1704 947 1751 973; x_wconf 79' lang='grc' dir='ltr'>καὶ</span> <span class='ocrx_word' id='word_1_362' title='bbox 1764 947 1846 977; x_wconf 77' lang='grc' dir='ltr'>σκιᾶς</span> <span class='ocrx_word' id='word_1_363' title='bbox 1857 954 1926 982; x_wconf 86' lang='grc' dir='ltr'>προ-</span> 
     </span>
    </p>
   </div>
   <div class='ocr_carea' id='block_1_49' title="bbox 1132 991 1925 1032">
    <p class='ocr_par' dir='ltr' id='par_1_49' title="bbox 1132 991 1925 1032">
     <span class='ocr_line' id='line_1_49' title="bbox 1132 991 1925 1032; baseline -0.005 -9"><span class='ocrx_word' id='word_1_364' title='bbox 1132 997 1333 1032; x_wconf 69' lang='grc' dir='ltr'>αναγράιροντος</span> <span class='ocrx_word' id='word_1_365' title='bbox 1344 997 1393 1032; x_wconf 80' lang='grc' dir='ltr'><strong>τὴν</strong></span> <span class='ocrx_word' id='word_1_366' title='bbox 1405 995 1532 1030; x_wconf 83' lang='grc' dir='ltr'>ἀλήθειαν</span> <span class='ocrx_word' id='word_1_367' title='bbox 1542 1015 1550 1028; x_wconf 85' lang='grc'><strong>,</strong></span> <span class='ocrx_word' id='word_1_368' title='bbox 1562 995 1622 1030; x_wconf 74' lang='grc' dir='ltr'>ἥτις</span> <span class='ocrx_word' id='word_1_369' title='bbox 1635 994 1708 1020; x_wconf 73' lang='grc' dir='ltr'>ἐστὶν</span> <span class='ocrx_word' id='word_1_370' title='bbox 1720 994 1735 1020; x_wconf 83' lang='grc' dir='ltr'><strong>ὁ</strong></span> <span class='ocrx_word' id='word_1_371' title='bbox 1747 992 1813 1024; x_wconf 77' lang='grc' dir='ltr'>Θεὸς</span> <span class='ocrx_word' id='word_1_372' title='bbox 1827 992 1876 1020; x_wconf 72' lang='grc' dir='ltr'><strong>καὶ</strong></span> <span class='ocrx_word' id='word_1_373' title='bbox 1888 991 1925 1019; x_wconf 78' lang='grc' dir='ltr'>τὰ</span> 
     </span>
    </p>
   </div>
   <div class='ocr_carea' id='block_1_50' title="bbox 1133 1043 1413 1078">
    <p class='ocr_par' dir='ltr' id='par_1_50' title="bbox 1133 1043 1413 1078">
     <span class='ocr_line' id='line_1_50' title="bbox 1133 1043 1413 1078; baseline -0.007 -7"><span class='ocrx_word' id='word_1_374' title='bbox 1133 1043 1215 1071; x_wconf 81' lang='grc' dir='ltr'>αὑτοῦ</span> <span class='ocrx_word' id='word_1_375' title='bbox 1231 1043 1413 1078; x_wconf 73' lang='grc' dir='ltr'>θεσπῖσματα.</span> 
     </span>
    </p>
   </div>
   <div class='ocr_carea' id='block_1_51' title="bbox 1170 1086 1924 1125">
    <p class='ocr_par' dir='ltr' id='par_1_51' title="bbox 1170 1086 1924 1125">
     <span class='ocr_line' id='line_1_51' title="bbox 1170 1086 1924 1125; baseline -0.004 -10"><span class='ocrx_word' id='word_1_376' title='bbox 1170 1099 1179 1115; x_wconf 77' lang='lat' dir='ltr'><strong>t</strong></span> <span class='ocrx_word' id='word_1_377' title='bbox 1203 1090 1268 1116; x_wconf 74' lang='grc' dir='ltr'>Ἰδοὺ</span> <span class='ocrx_word' id='word_1_378' title='bbox 1284 1089 1384 1120; x_wconf 79' lang='grc' dir='ltr'>πάντες</span> <span class='ocrx_word' id='word_1_379' title='bbox 1399 1089 1477 1124; x_wconf 84' lang='grc' dir='ltr'>ὑμεῖς</span> <span class='ocrx_word' id='word_1_380' title='bbox 1496 1088 1552 1125; x_wconf 74' lang='grc' dir='ltr'><strong>πῦρ</strong></span> <span class='ocrx_word' id='word_1_381' title='bbox 1566 1096 1667 1120; x_wconf 85' lang='grc' dir='ltr'>κα.ετε,</span> <span class='ocrx_word' id='word_1_382' title='bbox 1689 1096 1736 1114; x_wconf 85' lang='grc' dir='ltr'><strong>και</strong></span> <span class='ocrx_word' id='word_1_383' title='bbox 1759 1086 1924 1121; x_wconf 84' lang='grc' dir='ltr'>κατισχύετε</span> 
     </span>
    </p>
   </div>
   <div class='ocr_carea' id='block_1_52' title="bbox 1133 1131 1923 1170">
    <p class='ocr_par' dir='ltr' id='par_1_52' title="bbox 1133 1131 1923 1170">
     <span class='ocr_line' id='line_1_52' title="bbox 1133 1131 1923 1170; baseline -0.005 -9"><span class='ocrx_word' id='word_1_384' title='bbox 1133 1135 1234 1170; x_wconf 82' lang='grc' dir='ltr'>φλόγα·</span> <span class='ocrx_word' id='word_1_385' title='bbox 1253 1134 1402 1170; x_wconf 77' lang='grc' dir='ltr'><strong>πορεύεσθε</strong></span> <span class='ocrx_word' id='word_1_386' title='bbox 1417 1134 1456 1169; x_wconf 80' lang='grc' dir='ltr'>τῷ</span> <span class='ocrx_word' id='word_1_387' title='bbox 1475 1134 1543 1168; x_wconf 71' lang='grc' dir='ltr'>φωτὶ</span> <span class='ocrx_word' id='word_1_388' title='bbox 1563 1133 1610 1160; x_wconf 83' lang='grc' dir='ltr'>τοῦ</span> <span class='ocrx_word' id='word_1_389' title='bbox 1626 1133 1712 1168; x_wconf 79' lang='grc' dir='ltr'>πυρὸς</span> <span class='ocrx_word' id='word_1_390' title='bbox 1724 1132 1812 1167; x_wconf 80' lang='grc' dir='ltr'>ὑμῶν,</span> <span class='ocrx_word' id='word_1_391' title='bbox 1826 1131 1874 1158; x_wconf 77' lang='grc' dir='ltr'>καὶ</span> <span class='ocrx_word' id='word_1_392' title='bbox 1888 1133 1923 1167; x_wconf 84' lang='grc' dir='ltr'>τῇ</span> 
     </span>
    </p>
   </div>
   <div class='ocr_carea' id='block_1_53' title="bbox 1133 1177 1926 1217">
    <p class='ocr_par' dir='ltr' id='par_1_53' title="bbox 1133 1177 1926 1217">
     <span class='ocr_line' id='line_1_53' title="bbox 1133 1177 1926 1217; baseline -0.005 -11"><span class='ocrx_word' id='word_1_393' title='bbox 1133 1181 1212 1215; x_wconf 70' lang='grc' dir='ltr'>φλογὶ</span> <span class='ocrx_word' id='word_1_394' title='bbox 1260 1180 1435 1213; x_wconf 71' lang='grc' dir='ltr'>ἐξεκαύσατε.</span> <span class='ocrx_word' id='word_1_395' title='bbox 1452 1180 1490 1206; x_wconf 75' lang='grc' dir='ltr'><strong>Δι’</strong></span> <span class='ocrx_word' id='word_1_396' title='bbox 1501 1179 1552 1215; x_wconf 77' lang='grc' dir='ltr'><strong>ἐμὲ</strong></span> <span class='ocrx_word' id='word_1_397' title='bbox 1569 1179 1676 1213; x_wconf 79' lang='grc' dir='ltr'>ἐγένετο</span> <span class='ocrx_word' id='word_1_398' title='bbox 1690 1177 1776 1204; x_wconf 84' lang='grc' dir='ltr'>ταῦτα</span> <span class='ocrx_word' id='word_1_399' title='bbox 1790 1178 1865 1212; x_wconf 83' lang='grc' dir='ltr'>ὑμῖν,</span> <span class='ocrx_word' id='word_1_400' title='bbox 1875 1177 1926 1202; x_wconf 78' lang='grc' dir='ltr'>καὶ</span> 
     </span>
    </p>
   </div>
   <div class='ocr_carea' id='block_1_54' title="bbox 1134 1222 1925 1262">
    <p class='ocr_par' dir='ltr' id='par_1_54' title="bbox 1134 1222 1925 1262">
     <span class='ocr_line' id='line_1_54' title="bbox 1134 1222 1925 1262; baseline -0.006 -9"><span class='ocrx_word' id='word_1_401' title='bbox 1134 1229 1162 1253; x_wconf 85' lang='grc' dir='ltr'>ἐν</span> <span class='ocrx_word' id='word_1_402' title='bbox 1176 1227 1248 1262; x_wconf 74' lang='grc' dir='ltr'><strong>λύπῃ</strong></span> <span class='ocrx_word' id='word_1_403' title='bbox 1265 1226 1474 1261; x_wconf 76' lang='grc' dir='ltr'>κοιμηῡήσεσθε.</span> <span class='ocrx_word' id='word_1_404' title='bbox 1494 1236 1504 1251; x_wconf 74' lang='grc' dir='ltr'><strong>ι</strong></span> <span class='ocrx_word' id='word_1_405' title='bbox 1520 1226 1606 1252; x_wconf 78' lang='grc' dir='ltr'>Μόνον</span> <span class='ocrx_word' id='word_1_406' title='bbox 1623 1225 1715 1260; x_wconf 75' lang='grc' dir='ltr'>ἥκετε,</span> <span class='ocrx_word' id='word_1_407' title='bbox 1735 1224 1781 1250; x_wconf 79' lang='grc' dir='ltr'>καὶ</span> <span class='ocrx_word' id='word_1_408' title='bbox 1801 1222 1925 1249; x_wconf 82' lang='grc' dir='ltr'>ὑπακού-</span> 
     </span>
    </p>
   </div>
   <div class='ocr_carea' id='block_1_55' title="bbox 1134 1268 1924 1306">
    <p class='ocr_par' dir='ltr' id='par_1_55' title="bbox 1134 1268 1924 1306">
     <span class='ocr_line' id='line_1_55' title="bbox 1134 1268 1924 1306; baseline -0.006 -7"><span class='ocrx_word' id='word_1_409' title='bbox 1134 1282 1209 1305; x_wconf 85' lang='grc' dir='ltr'>σατε,</span> <span class='ocrx_word' id='word_1_410' title='bbox 1230 1272 1455 1306; x_wconf 79' lang='grc' dir='ltr'><strong>ἐπαγγελλομένῳ</strong></span> <span class='ocrx_word' id='word_1_411' title='bbox 1469 1280 1498 1297; x_wconf 77' lang='grc' dir='ltr'><strong>τε</strong></span> <span class='ocrx_word' id='word_1_412' title='bbox 1516 1271 1579 1306; x_wconf 86' lang='grc' dir='ltr'><strong>ὑμῖν</strong></span> <span class='ocrx_word' id='word_1_413' title='bbox 1592 1270 1727 1306; x_wconf 80' lang='grc' dir='ltr'><strong>σωτηρίαν</strong></span> <span class='ocrx_word' id='word_1_414' title='bbox 1748 1268 1924 1295; x_wconf 77' lang='grc' dir='ltr'><strong>πιστεύσατε.</strong></span> 
     </span>
    </p>
   </div>
   <div class='ocr_carea' id='block_1_56' title="bbox 1140 1314 1925 1353">
    <p class='ocr_par' dir='ltr' id='par_1_56' title="bbox 1140 1314 1925 1353">
     <span class='ocr_line' id='line_1_56' title="bbox 1140 1314 1925 1353; baseline -0.008 -8"><span class='ocrx_word' id='word_1_415' title='bbox 1140 1319 1259 1350; x_wconf 70' lang='grc' dir='ltr'><strong>Ἀλλ’ὠς</strong></span> <span class='ocrx_word' id='word_1_416' title='bbox 1279 1318 1343 1353; x_wconf 79' lang='grc' dir='ltr'>ὁρῶ,</span> <span class='ocrx_word' id='word_1_417' title='bbox 1369 1318 1458 1353; x_wconf 81' lang='grc' dir='ltr'>πάσης</span> <span class='ocrx_word' id='word_1_418' title='bbox 1484 1317 1531 1352; x_wconf 81' lang='grc' dir='ltr'>μὲν</span> <span class='ocrx_word' id='word_1_419' title='bbox 1552 1316 1658 1350; x_wconf 71' lang='grc' dir='ltr'>ἀγαθῆς</span> <span class='ocrx_word' id='word_1_420' title='bbox 1681 1314 1788 1346; x_wconf 73' lang='grc' dir='ltr'>ἐλπίδος</span> <span class='ocrx_word' id='word_1_421' title='bbox 1811 1314 1925 1345; x_wconf 78' lang='grc' dir='ltr'>ἑαυτοὺς</span> 
     </span>
    </p>
   </div>
   <div class='ocr_carea' id='block_1_57' title="bbox 1133 1361 1925 1399">
    <p class='ocr_par' dir='ltr' id='par_1_57' title="bbox 1133 1361 1925 1399">
     <span class='ocr_line' id='line_1_57' title="bbox 1133 1361 1925 1399; baseline -0.008 -7"><span class='ocrx_word' id='word_1_422' title='bbox 1133 1365 1300 1397; x_wconf 78' lang='grc' dir='ltr'>ἁποκλείετε,</span> <span class='ocrx_word' id='word_1_423' title='bbox 1314 1365 1343 1391; x_wconf 74' lang='grc' dir='ltr'>τὸ</span> <span class='ocrx_word' id='word_1_424' title='bbox 1353 1365 1381 1391; x_wconf 76' lang='grc' dir='ltr'>δὲ</span> <span class='ocrx_word' id='word_1_425' title='bbox 1393 1364 1482 1390; x_wconf 80' lang='grc' dir='ltr'>αὐτῶν</span> <span class='ocrx_word' id='word_1_426' title='bbox 1498 1363 1552 1399; x_wconf 80' lang='grc' dir='ltr'><strong>πῦρ</strong></span> <span class='ocrx_word' id='word_1_427' title='bbox 1569 1362 1701 1398; x_wconf 78' lang='grc' dir='ltr'>σωρεύετε</span> <span class='ocrx_word' id='word_1_428' title='bbox 1719 1361 1766 1388; x_wconf 78' lang='grc' dir='ltr'>καὶ</span> <span class='ocrx_word' id='word_1_429' title='bbox 1785 1361 1925 1395; x_wconf 76' lang='grc' dir='ltr'>κατισχύε-</span> 
     </span>
    </p>
   </div>
   <div class='ocr_carea' id='block_1_58' title="bbox 1132 1405 1924 1446">
    <p class='ocr_par' dir='ltr' id='par_1_58' title="bbox 1132 1405 1924 1446">
     <span class='ocr_line' id='line_1_58' title="bbox 1132 1405 1924 1446; baseline -0.009 -8"><span class='ocrx_word' id='word_1_430' title='bbox 1132 1420 1161 1438; x_wconf 81' lang='grc' dir='ltr'>τε</span> <span class='ocrx_word' id='word_1_431' title='bbox 1178 1413 1211 1446; x_wconf 83' lang='grc' dir='ltr'>τῇ</span> <span class='ocrx_word' id='word_1_432' title='bbox 1229 1410 1332 1437; x_wconf 80' lang='grc' dir='ltr'>ἑαυτῶν</span> <span class='ocrx_word' id='word_1_433' title='bbox 1343 1410 1518 1445; x_wconf 74' lang='grc' dir='ltr'><strong>ἐπιμένοντες</strong></span> <span class='ocrx_word' id='word_1_434' title='bbox 1533 1408 1646 1443; x_wconf 73' lang='grc' dir='ltr'>ἀπιστίᾳ</span> <span class='ocrx_word' id='word_1_435' title='bbox 1657 1408 1703 1434; x_wconf 78' lang='grc' dir='ltr'>καὶ</span> <span class='ocrx_word' id='word_1_436' title='bbox 1713 1408 1773 1438; x_wconf 85' lang='grc' dir='ltr'>ταῖς</span> <span class='ocrx_word' id='word_1_437' title='bbox 1783 1407 1845 1432; x_wconf 80' lang='grc' dir='ltr'>κατ’</span> <span class='ocrx_word' id='word_1_438' title='bbox 1855 1405 1924 1441; x_wconf 72' lang='grc' dir='ltr'>ἐμοῦ</span> 
     </span>
    </p>
   </div>
   <div class='ocr_carea' id='block_1_59' title="bbox 1135 1449 1924 1490">
    <p class='ocr_par' dir='ltr' id='par_1_59' title="bbox 1135 1449 1924 1490">
     <span class='ocr_line' id='line_1_59' title="bbox 1135 1449 1924 1490; baseline -0.009 -8"><span class='ocrx_word' id='word_1_439' title='bbox 1135 1455 1329 1490; x_wconf 75' lang='grc' dir='ltr'><strong>βλασφημίαις,</strong></span> <span class='ocrx_word' id='word_1_440' title='bbox 1342 1455 1389 1481; x_wconf 74' lang='grc' dir='ltr'>καὶ</span> <span class='ocrx_word' id='word_1_441' title='bbox 1403 1454 1433 1480; x_wconf 80' lang='grc' dir='ltr'>τὸ</span> <span class='ocrx_word' id='word_1_442' title='bbox 1447 1453 1592 1488; x_wconf 82' lang='grc' dir='ltr'>περιμένον</span> <span class='ocrx_word' id='word_1_443' title='bbox 1606 1452 1678 1486; x_wconf 82' lang='grc' dir='ltr'>ὑμᾶς</span> <span class='ocrx_word' id='word_1_444' title='bbox 1691 1451 1741 1486; x_wconf 80' lang='grc' dir='ltr'>τῆς</span> <span class='ocrx_word' id='word_1_445' title='bbox 1754 1449 1864 1477; x_wconf 73' lang='grc' dir='ltr'>αἰωνίου</span> <span class='ocrx_word' id='word_1_446' title='bbox 1877 1457 1924 1476; x_wconf 78' lang='grc' dir='ltr'>κο-</span> 
     </span>
    </p>
   </div>
   <div class='ocr_carea' id='block_1_60' title="bbox 1133 1497 1925 1537">
    <p class='ocr_par' dir='ltr' id='par_1_60' title="bbox 1133 1497 1925 1537">
     <span class='ocr_line' id='line_1_60' title="bbox 1133 1497 1925 1537; baseline -0.006 -9"><span class='ocrx_word' id='word_1_447' title='bbox 1133 1502 1237 1533; x_wconf 84' lang='grc' dir='ltr'>λάσεως</span> <span class='ocrx_word' id='word_1_448' title='bbox 1251 1501 1305 1537; x_wconf 84' lang='grc' dir='ltr'>πῦρ</span> <span class='ocrx_word' id='word_1_449' title='bbox 1321 1499 1449 1536; x_wconf 73' lang='grc' dir='ltr'><strong>μειζόνως</strong></span> <span class='ocrx_word' id='word_1_450' title='bbox 1462 1500 1638 1532; x_wconf 76' lang='grc' dir='ltr'>ὲξὰπτοντες’</span> <span class='ocrx_word' id='word_1_451' title='bbox 1651 1499 1690 1525; x_wconf 71' lang='grc' dir='ltr'><strong>διὸ</strong></span> <span class='ocrx_word' id='word_1_452' title='bbox 1709 1498 1756 1524; x_wconf 82' lang='grc' dir='ltr'>καὶ</span> <span class='ocrx_word' id='word_1_453' title='bbox 1772 1507 1781 1524; x_wconf 78' lang='lat' dir='ltr'><strong>t</strong></span> <span class='ocrx_word' id='word_1_454' title='bbox 1807 1498 1837 1524; x_wconf 87' lang='grc' dir='ltr'><strong>ὲν</strong></span> <span class='ocrx_word' id='word_1_455' title='bbox 1851 1497 1925 1533; x_wconf 74' lang='grc' dir='ltr'><strong>λύπῃ</strong></span> 
     </span>
    </p>
   </div>
   <div class='ocr_carea' id='block_1_61' title="bbox 299 1540 1084 1594">
    <p class='ocr_par' dir='ltr' id='par_1_61' title="bbox 299 1540 1084 1575">
     <span class='ocr_line' id='line_1_61' title="bbox 299 1540 1084 1575; baseline -0.001 -6"><span class='ocrx_word' id='word_1_456' title='bbox 299 1551 310 1569; x_wconf 80' lang='grc' dir='ltr'>ι</span> <span class='ocrx_word' id='word_1_457' title='bbox 327 1542 353 1569; x_wconf 92' lang='lat' dir='ltr'><strong>in</strong></span> <span class='ocrx_word' id='word_1_458' title='bbox 370 1550 485 1570; x_wconf 67' lang='lat' dir='ltr'><strong>merere</strong></span> <span class='ocrx_word' id='word_1_459' title='bbox 508 1542 664 1575; x_wconf 84' lang='lat' dir='ltr'><strong>dormietis;</strong></span> <span class='ocrx_word' id='word_1_460' title='bbox 684 1551 693 1567; x_wconf 79' lang='grc' dir='ltr'><strong>ι</strong></span> <span class='ocrx_word' id='word_1_461' title='bbox 715 1542 772 1570; x_wconf 89' lang='lat' dir='ltr'><strong>sive</strong></span> <span class='ocrx_word' id='word_1_462' title='bbox 787 1540 934 1568; x_wconf 85' lang='lat' dir='ltr'><strong>secundum</strong></span> <span class='ocrx_word' id='word_1_463' title='bbox 961 1540 1084 1575; x_wconf 84' lang='lat' dir='ltr'><strong>Symma-</strong></span> 
     </span>
    </p>
   </div>
   <div class='ocr_carea' id='block_1_62' title="bbox 1134 1540 1924 1594">
    <p class='ocr_par' dir='ltr' id='par_1_62' title="bbox 1137 1542 1924 1583">
     <span class='ocr_line' id='line_1_62' title="bbox 1137 1542 1924 1583; baseline -0.006 -9"><span class='ocrx_word' id='word_1_464' title='bbox 1137 1547 1337 1583; x_wconf 79' lang='grc' dir='ltr'>κοιμηθήσεσϐε</span> <span class='ocrx_word' id='word_1_465' title='bbox 1349 1555 1356 1561; x_wconf 94' lang='grc'><strong>·</strong></span> <span class='ocrx_word' id='word_1_466' title='bbox 1378 1556 1387 1573; x_wconf 88' lang='grc'><strong>›</strong></span> <span class='ocrx_word' id='word_1_467' title='bbox 1405 1546 1421 1581; x_wconf 85' lang='grc' dir='ltr'>ἢ</span> <span class='ocrx_word' id='word_1_468' title='bbox 1439 1545 1509 1573; x_wconf 77' lang='grc' dir='ltr'>κατὰ</span> <span class='ocrx_word' id='word_1_469' title='bbox 1531 1545 1577 1572; x_wconf 78' lang='grc' dir='ltr'>τὸν</span> <span class='ocrx_word' id='word_1_470' title='bbox 1591 1544 1750 1580; x_wconf 76' lang='grc' dir='ltr'>Σύμμαχον,</span> <span class='ocrx_word' id='word_1_471' title='bbox 1768 1553 1779 1570; x_wconf 87' lang='grc'><em>‹</em></span> <span class='ocrx_word' id='word_1_472' title='bbox 1797 1543 1827 1570; x_wconf 84' lang='grc' dir='ltr'><strong>ὲν</strong></span> <span class='ocrx_word' id='word_1_473' title='bbox 1844 1542 1924 1578; x_wconf 78' lang='grc' dir='ltr'><strong>ὀδύνῃ</strong></span> 
     </span>
    </p>
   </div>
   <div class='ocr_carea' id='block_1_63' title="bbox 297 1588 768 1620">
    <p class='ocr_par' dir='ltr' id='par_1_63' title="bbox 297 1588 768 1620">
     <span class='ocr_line' id='line_1_63' title="bbox 297 1588 768 1620; baseline -0.004 -4"><span class='ocrx_word' id='word_1_474' title='bbox 297 1588 388 1620; x_wconf 81' lang='lat' dir='ltr'><strong>cltum,</strong></span> <span class='ocrx_word' id='word_1_475' title='bbox 407 1597 417 1614; x_wconf 79' lang='grc' dir='ltr'><strong>ι</strong></span> <span class='ocrx_word' id='word_1_476' title='bbox 438 1589 465 1615; x_wconf 92' lang='lat' dir='ltr'><strong>in</strong></span> <span class='ocrx_word' id='word_1_477' title='bbox 481 1589 575 1616; x_wconf 88' lang='lat' dir='ltr'><strong>dolore</strong></span> <span class='ocrx_word' id='word_1_478' title='bbox 592 1588 740 1616; x_wconf 86' lang='lat' dir='ltr'><strong>dormietis.</strong></span> <span class='ocrx_word' id='word_1_479' title='bbox 758 1597 768 1614; x_wconf 84' lang='grc'><strong>›</strong></span> 
     </span>
    </p>
   </div>
   <div class='ocr_carea' id='block_1_64' title="bbox 591 1643 769 1672">
    <p class='ocr_par' dir='ltr' id='par_1_64' title="bbox 591 1643 769 1672">
     <span class='ocr_line' id='line_1_64' title="bbox 591 1643 769 1672; baseline -0.006 0"><span class='ocrx_word' id='word_1_480' title='bbox 591 1643 706 1672; x_wconf 85' lang='lat' dir='ltr'><strong>CAPUT</strong></span> <span class='ocrx_word' id='word_1_481' title='bbox 727 1643 769 1671; x_wconf 87' lang='lat' dir='ltr'><strong>LI.</strong></span> 
     </span>
    </p>
   </div>
   <div class='ocr_carea' id='block_1_65' title="bbox 334 1701 1085 1736">
    <p class='ocr_par' dir='ltr' id='par_1_65' title="bbox 334 1701 1085 1736">
     <span class='ocr_line' id='line_1_65' title="bbox 334 1701 1085 1736; baseline -0.001 -7"><span class='ocrx_word' id='word_1_482' title='bbox 334 1701 414 1730; x_wconf 74' lang='lat' dir='ltr'><strong>Vens.</strong></span> <span class='ocrx_word' id='word_1_483' title='bbox 426 1701 580 1733; x_wconf 74' lang='lat' dir='ltr'><strong>LtAudite,</strong></span> <span class='ocrx_word' id='word_1_484' title='bbox 591 1701 635 1734; x_wconf 88' lang='lat' dir='ltr'><strong>qui</strong></span> <span class='ocrx_word' id='word_1_485' title='bbox 646 1701 837 1736; x_wconf 87' lang='lat' dir='ltr'><strong>persequimini</strong></span> <span class='ocrx_word' id='word_1_486' title='bbox 848 1701 1025 1735; x_wconf 86' lang='lat' dir='ltr'><strong>qnodjustum</strong></span> <span class='ocrx_word' id='word_1_487' title='bbox 1034 1705 1085 1732; x_wconf 87' lang='lat' dir='ltr'><strong>est.</strong></span> 
     </span>
    </p>
   </div>
   <div class='ocr_carea' id='block_1_66' title="bbox 295 1747 1086 1783">
    <p class='ocr_par' dir='ltr' id='par_1_66' title="bbox 295 1747 1086 1783">
     <span class='ocr_line' id='line_1_66' title="bbox 295 1747 1086 1783; baseline -0.003 -8"><span class='ocrx_word' id='word_1_488' title='bbox 295 1753 323 1775; x_wconf 88' lang='lat' dir='ltr'><strong>et</strong></span> <span class='ocrx_word' id='word_1_489' title='bbox 338 1749 383 1783; x_wconf 87' lang='lat' dir='ltr'><strong>qui</strong></span> <span class='ocrx_word' id='word_1_490' title='bbox 398 1748 520 1783; x_wconf 57' lang='lat' dir='ltr'><strong>quaeritis</strong></span> <span class='ocrx_word' id='word_1_491' title='bbox 546 1747 698 1774; x_wconf 86' lang='lat' dir='ltr'><strong>Dominum.</strong></span> <span class='ocrx_word' id='word_1_492' title='bbox 717 1756 727 1773; x_wconf 84' lang='grc'><strong>›</strong></span> <span class='ocrx_word' id='word_1_493' title='bbox 750 1747 816 1780; x_wconf 81' lang='lat' dir='ltr'><strong>Quia</strong></span> <span class='ocrx_word' id='word_1_494' title='bbox 843 1747 953 1774; x_wconf 90' lang='lat' dir='ltr'><strong>immani</strong></span> <span class='ocrx_word' id='word_1_495' title='bbox 973 1747 1086 1774; x_wconf 69' lang='lat' dir='ltr'><strong>stultitia</strong></span> 
     </span>
    </p>
   </div>
   <div class='ocr_carea' id='block_1_67' title="bbox 295 1793 1085 1828">
    <p class='ocr_par' dir='ltr' id='par_1_67' title="bbox 295 1793 1085 1828">
     <span class='ocr_line' id='line_1_67' title="bbox 295 1793 1085 1828; baseline -0.001 -7"><span class='ocrx_word' id='word_1_496' title='bbox 295 1794 424 1822; x_wconf 64' lang='lat' dir='ltr'><strong>obcarcati</strong></span> <span class='ocrx_word' id='word_1_497' title='bbox 438 1793 590 1820; x_wconf 66' lang='lat' dir='ltr'><strong>Judazorum</strong></span> <span class='ocrx_word' id='word_1_498' title='bbox 607 1793 696 1828; x_wconf 89' lang='lat' dir='ltr'><strong>populi</strong></span> <span class='ocrx_word' id='word_1_499' title='bbox 719 1794 889 1828; x_wconf 71' lang='lat' dir='ltr'><strong>unigenitum</strong></span> <span class='ocrx_word' id='word_1_500' title='bbox 903 1793 949 1820; x_wconf 89' lang='lat' dir='ltr'><strong>Dei</strong></span> <span class='ocrx_word' id='word_1_501' title='bbox 969 1793 1085 1820; x_wconf 80' lang='lat' dir='ltr'><strong>Verbum</strong></span> 
     </span>
    </p>
   </div>
   <div class='ocr_carea' id='block_1_68' title="bbox 295 1839 1086 1872">
    <p class='ocr_par' dir='ltr' id='par_1_68' title="bbox 295 1839 1086 1872">
     <span class='ocr_line' id='line_1_68' title="bbox 295 1839 1086 1872; baseline -0.003 -5"><span class='ocrx_word' id='word_1_502' title='bbox 295 1840 324 1867; x_wconf 87' lang='lat' dir='ltr'><strong>in</strong></span> <span class='ocrx_word' id='word_1_503' title='bbox 341 1840 425 1867; x_wconf 81' lang='lat' dir='ltr'><strong>forma</strong></span> <span class='ocrx_word' id='word_1_504' title='bbox 452 1845 556 1872; x_wconf 84' lang='lat' dir='ltr'><strong>nostra,</strong></span> <span class='ocrx_word' id='word_1_505' title='bbox 573 1840 600 1867; x_wconf 84' lang='lat' dir='ltr'><strong>id</strong></span> <span class='ocrx_word' id='word_1_506' title='bbox 615 1844 656 1867; x_wconf 86' lang='lat' dir='ltr'><strong>est</strong></span> <span class='ocrx_word' id='word_1_507' title='bbox 675 1839 810 1867; x_wconf 83' lang='lat' dir='ltr'><strong>hominem</strong></span> <span class='ocrx_word' id='word_1_508' title='bbox 828 1840 928 1866; x_wconf 80' lang='lat' dir='ltr'><strong>factum</strong></span> <span class='ocrx_word' id='word_1_509' title='bbox 953 1840 1086 1871; x_wconf 81' lang='lat' dir='ltr'><strong>videntes,</strong></span> 
     </span>
    </p>
   </div>
   <div class='ocr_carea' id='block_1_69' title="bbox 295 1885 1087 1921">
    <p class='ocr_par' dir='ltr' id='par_1_69' title="bbox 295 1885 1087 1921">
     <span class='ocr_line' id='line_1_69' title="bbox 295 1885 1087 1921; baseline -0.001 -8"><span class='ocrx_word' id='word_1_510' title='bbox 295 1886 354 1920; x_wconf 82' lang='lat' dir='ltr'><strong>ejus</strong></span> <span class='ocrx_word' id='word_1_511' title='bbox 368 1886 524 1921; x_wconf 78' lang='lat' dir='ltr'><strong>mysterium</strong></span> <span class='ocrx_word' id='word_1_512' title='bbox 539 1893 591 1913; x_wconf 90' lang='lat' dir='ltr'><strong>non</strong></span> <span class='ocrx_word' id='word_1_513' title='bbox 604 1885 791 1913; x_wconf 75' lang='lat' dir='ltr'><strong>intellexerunt</strong></span> <span class='ocrx_word' id='word_1_514' title='bbox 807 1885 871 1913; x_wconf 87' lang='lat' dir='ltr'><strong>:sed</strong></span> <span class='ocrx_word' id='word_1_515' title='bbox 884 1886 1001 1913; x_wconf 85' lang='lat' dir='ltr'><strong>amentia</strong></span> <span class='ocrx_word' id='word_1_516' title='bbox 1013 1885 1087 1913; x_wconf 83' lang='lat' dir='ltr'><strong>ducti</strong></span> 
     </span>
    </p>
   </div>
   <div class='ocr_carea' id='block_1_70' title="bbox 288 1931 1088 1966">
    <p class='ocr_par' dir='ltr' id='par_1_70' title="bbox 288 1931 1088 1966">
     <span class='ocr_line' id='line_1_70' title="bbox 288 1931 1088 1966; baseline -0.003 -7"><span class='ocrx_word' id='word_1_517' title='bbox 288 1939 354 1964; x_wconf 79' lang='lat' dir='ltr'><strong>&#39;sna,</strong></span> <span class='ocrx_word' id='word_1_518' title='bbox 367 1932 524 1966; x_wconf 83' lang='lat' dir='ltr'><strong>plerumque</strong></span> <span class='ocrx_word' id='word_1_519' title='bbox 541 1932 628 1966; x_wconf 90' lang='lat' dir='ltr'><strong>ipsum</strong></span> <span class='ocrx_word' id='word_1_520' title='bbox 642 1931 807 1966; x_wconf 81' lang='lat' dir='ltr'><strong>blasphemis</strong></span> <span class='ocrx_word' id='word_1_521' title='bbox 817 1931 898 1958; x_wconf 87' lang='lat' dir='ltr'><strong>dictis</strong></span> <span class='ocrx_word' id='word_1_522' title='bbox 919 1931 1088 1965; x_wconf 85' lang='lat' dir='ltr'><strong>impudenter</strong></span> 
     </span>
    </p>
   </div>
   <div class='ocr_carea' id='block_1_71' title="bbox 294 1975 1087 2011">
    <p class='ocr_par' dir='ltr' id='par_1_71' title="bbox 294 1975 1087 2011">
     <span class='ocr_line' id='line_1_71' title="bbox 294 1975 1087 2011; baseline -0.003 -7"><span class='ocrx_word' id='word_1_523' title='bbox 294 1977 467 2005; x_wconf 82' lang='lat' dir='ltr'><strong>incessebant</strong></span> <span class='ocrx_word' id='word_1_524' title='bbox 484 1986 491 2005; x_wconf 88' lang='lat'><strong>:</strong></span> <span class='ocrx_word' id='word_1_525' title='bbox 508 1985 582 2009; x_wconf 89' lang='lat' dir='ltr'><strong>nam,</strong></span> <span class='ocrx_word' id='word_1_526' title='bbox 599 1984 628 2004; x_wconf 90' lang='lat' dir='ltr'><strong>ut</strong></span> <span class='ocrx_word' id='word_1_527' title='bbox 640 1977 720 2011; x_wconf 85' lang='lat' dir='ltr'><strong>paulo</strong></span> <span class='ocrx_word' id='word_1_528' title='bbox 732 1981 797 2003; x_wconf 74' lang='lat' dir='ltr'><strong>ante</strong></span> <span class='ocrx_word' id='word_1_529' title='bbox 810 1976 1013 2009; x_wconf 78' lang='lat' dir='ltr'><strong>dixi,eximiam</strong></span> <span class='ocrx_word' id='word_1_530' title='bbox 1030 1975 1087 2011; x_wconf 76' lang='lat' dir='ltr'><strong>glo-</strong></span> 
     </span>
    </p>
   </div>
   <div class='ocr_carea' id='block_1_72' title="bbox 296 2022 1087 2058">
    <p class='ocr_par' dir='ltr' id='par_1_72' title="bbox 296 2022 1087 2058">
     <span class='ocr_line' id='line_1_72' title="bbox 296 2022 1087 2058; baseline 0 -9"><span class='ocrx_word' id='word_1_531' title='bbox 296 2024 365 2050; x_wconf 88' lang='lat' dir='ltr'><strong>riam</strong></span> <span class='ocrx_word' id='word_1_532' title='bbox 389 2029 416 2051; x_wconf 91' lang='lat' dir='ltr'><strong>et</strong></span> <span class='ocrx_word' id='word_1_533' title='bbox 444 2024 570 2051; x_wconf 89' lang='lat' dir='ltr'><strong>virtutem</strong></span> <span class='ocrx_word' id='word_1_534' title='bbox 597 2031 672 2050; x_wconf 85' lang='lat' dir='ltr'><strong>suam</strong></span> <span class='ocrx_word' id='word_1_535' title='bbox 700 2023 766 2057; x_wconf 88' lang='lat' dir='ltr'><strong>ipsis</strong></span> <span class='ocrx_word' id='word_1_536' title='bbox 770 2023 933 2058; x_wconf 73' lang='lat' dir='ltr'><strong>_perspicue</strong></span> <span class='ocrx_word' id='word_1_537' title='bbox 957 2022 1087 2054; x_wconf 85' lang='lat' dir='ltr'><strong>declarat,</strong></span> 
     </span>
    </p>
   </div>
   <div class='ocr_carea' id='block_1_73' title="bbox 295 2031 1088 2103">
    <p class='ocr_par' dir='ltr' id='par_1_73' title="bbox 295 2031 1088 2103">
     <span class='ocr_line' id='line_1_73' title="bbox 296 2031 1087 2058; baseline 0 -9"><span class='ocrx_word' id='word_1_538' title='bbox 296 2031 365 2050; x_wconf 82' lang='lat' dir='ltr'><strong>riam</strong></span> <span class='ocrx_word' id='word_1_539' title='bbox 389 2031 416 2051; x_wconf 94' lang='lat' dir='ltr'><strong>et</strong></span> <span class='ocrx_word' id='word_1_540' title='bbox 444 2031 570 2051; x_wconf 78' lang='lat' dir='ltr'><strong>virtutem</strong></span> <span class='ocrx_word' id='word_1_541' title='bbox 597 2031 672 2050; x_wconf 85' lang='lat' dir='ltr'><strong>suam</strong></span> <span class='ocrx_word' id='word_1_542' title='bbox 700 2031 766 2057; x_wconf 88' lang='lat' dir='ltr'><strong>Ipsts</strong></span> <span class='ocrx_word' id='word_1_543' title='bbox 808 2031 933 2058; x_wconf 86' lang='lat' dir='ltr'><strong>ersptcue</strong></span> <span class='ocrx_word' id='word_1_544' title='bbox 957 2031 1087 2054; x_wconf 84' lang='lat' dir='ltr'><strong>uectarat,</strong></span> 
     </span>
     <span class='ocr_line' id='line_1_74' title="bbox 295 2031 1088 2103; baseline -0.003 -7"><span class='ocrx_word' id='word_1_545' title='bbox 295 2073 377 2103; x_wconf 80' lang='lat' dir='ltr'><strong>atque</strong></span> <span class='ocrx_word' id='word_1_546' title='bbox 395 2076 487 2097; x_wconf 87' lang='lat' dir='ltr'><strong>eorum</strong></span> <span class='ocrx_word' id='word_1_547' title='bbox 514 2069 644 2103; x_wconf 85' lang='lat' dir='ltr'><strong>quosdam</strong></span> <span class='ocrx_word' id='word_1_548' title='bbox 662 2077 696 2096; x_wconf 86' lang='lat' dir='ltr'><strong>ne</strong></span> <span class='ocrx_word' id='word_1_549' title='bbox 715 2077 744 2096; x_wconf 86' lang='lat' dir='ltr'><strong>se</strong></span> <span class='ocrx_word' id='word_1_550' title='bbox 756 2031 829 2103; x_wconf 49' lang='grc' dir='ltr'><strong>μένί</strong></span> <span class='ocrx_word' id='word_1_551' title='bbox 845 2069 1023 2100; x_wconf 64' lang='lat' dir='ltr'><strong>aestimarent,</strong></span> <span class='ocrx_word' id='word_1_552' title='bbox 1042 2067 1088 2095; x_wconf 87' lang='lat' dir='ltr'><strong>de-</strong></span> 
     </span>
    </p>
   </div>
   <div class='ocr_carea' id='block_1_74' title="bbox 297 2114 1089 2148">
    <p class='ocr_par' dir='ltr' id='par_1_74' title="bbox 297 2114 1089 2148">
     <span class='ocr_line' id='line_1_75' title="bbox 297 2114 1089 2148; baseline -0.001 -8"><span class='ocrx_word' id='word_1_553' title='bbox 297 2117 380 2141; x_wconf 86' lang='lat' dir='ltr'><strong>terret</strong></span> <span class='ocrx_word' id='word_1_554' title='bbox 403 2115 445 2142; x_wconf 91' lang='lat' dir='ltr'><strong>his</strong></span> <span class='ocrx_word' id='word_1_555' title='bbox 469 2115 569 2146; x_wconf 85' lang='lat' dir='ltr'><strong>verbis,</strong></span> <span class='ocrx_word' id='word_1_556' title='bbox 588 2124 597 2140; x_wconf 71' lang='grc' dir='ltr'><strong>ι</strong></span> <span class='ocrx_word' id='word_1_557' title='bbox 617 2115 747 2142; x_wconf 84' lang='lat' dir='ltr'><strong>Conlidite</strong></span> <span class='ocrx_word' id='word_1_558' title='bbox 772 2115 797 2141; x_wconf 92' lang='lat' dir='ltr'><strong>in</strong></span> <span class='ocrx_word' id='word_1_559' title='bbox 824 2114 954 2146; x_wconf 86' lang='lat' dir='ltr'><strong>Domino;</strong></span> <span class='ocrx_word' id='word_1_560' title='bbox 975 2123 984 2139; x_wconf 71' lang='grc' dir='ltr'>ι</span> <span class='ocrx_word' id='word_1_561' title='bbox 1011 2121 1089 2148; x_wconf 87' lang='lat' dir='ltr'><strong>aper-</strong></span> 
     </span>
    </p>
   </div>
   <div class='ocr_carea' id='block_1_75' title="bbox 296 2159 1087 2195">
    <p class='ocr_par' dir='ltr' id='par_1_75' title="bbox 296 2159 1087 2195">
     <span class='ocr_line' id='line_1_76' title="bbox 296 2159 1087 2195; baseline -0.003 -8"><span class='ocrx_word' id='word_1_562' title='bbox 296 2161 401 2188; x_wconf 72' lang='lat' dir='ltr'><strong>tissime</strong></span> <span class='ocrx_word' id='word_1_563' title='bbox 419 2161 500 2195; x_wconf 79' lang='lat' dir='ltr'><strong>igitur</strong></span> <span class='ocrx_word' id='word_1_564' title='bbox 513 2169 543 2188; x_wconf 86' lang='lat' dir='ltr'><strong>se</strong></span> <span class='ocrx_word' id='word_1_565' title='bbox 560 2161 700 2187; x_wconf 84' lang='lat' dir='ltr'><strong>Dominum</strong></span> <span class='ocrx_word' id='word_1_566' title='bbox 716 2166 743 2188; x_wconf 85' lang='lat' dir='ltr'><strong>et</strong></span> <span class='ocrx_word' id='word_1_567' title='bbox 763 2161 845 2187; x_wconf 89' lang='lat' dir='ltr'><strong>Dcnm</strong></span> <span class='ocrx_word' id='word_1_568' title='bbox 863 2167 922 2187; x_wconf 87' lang='lat' dir='ltr'><strong>csse</strong></span> <span class='ocrx_word' id='word_1_569' title='bbox 940 2160 1014 2192; x_wconf 81' lang='lat' dir='ltr'><strong>dicit,</strong></span> <span class='ocrx_word' id='word_1_570' title='bbox 1031 2159 1087 2193; x_wconf 81' lang='lat' dir='ltr'><strong>qui,</strong></span> 
     </span>
    </p>
   </div>
   <div class='ocr_carea' id='block_1_76' title="bbox 296 2205 1088 2240">
    <p class='ocr_par' dir='ltr' id='par_1_76' title="bbox 296 2205 1088 2240">
     <span class='ocr_line' id='line_1_77' title="bbox 296 2205 1088 2240; baseline -0.003 -7"><span class='ocrx_word' id='word_1_571' title='bbox 296 2207 334 2233; x_wconf 91' lang='lat' dir='ltr'><strong>ttti</strong></span> <span class='ocrx_word' id='word_1_572' title='bbox 348 2207 402 2240; x_wconf 87' lang='lat' dir='ltr'><strong>jam</strong></span> <span class='ocrx_word' id='word_1_573' title='bbox 417 2207 488 2238; x_wconf 78' lang='lat' dir='ltr'><strong>dixi,</strong></span> <span class='ocrx_word' id='word_1_574' title='bbox 505 2206 626 2233; x_wconf 84' lang='lat' dir='ltr'><strong>homines</strong></span> <span class='ocrx_word' id='word_1_575' title='bbox 642 2208 770 2240; x_wconf 83' lang='lat' dir='ltr'><strong>deterret,</strong></span> <span class='ocrx_word' id='word_1_576' title='bbox 789 2215 822 2233; x_wconf 82' lang='lat' dir='ltr'><strong>ne</strong></span> <span class='ocrx_word' id='word_1_577' title='bbox 843 2208 875 2233; x_wconf 88' lang='lat' dir='ltr'><strong>de</strong></span> <span class='ocrx_word' id='word_1_578' title='bbox 896 2213 924 2233; x_wconf 85' lang='lat' dir='ltr'><strong>se</strong></span> <span class='ocrx_word' id='word_1_579' title='bbox 944 2205 1088 2233; x_wconf 82' lang='lat' dir='ltr'><strong>humiliore</strong></span> 
     </span>
    </p>
   </div>
   <div class='ocr_carea' id='block_1_77' title="bbox 294 2252 1084 2287">
    <p class='ocr_par' dir='ltr' id='par_1_77' title="bbox 294 2252 1084 2287">
     <span class='ocr_line' id='line_1_78' title="bbox 294 2252 1084 2287; baseline -0.004 -7"><span class='ocrx_word' id='word_1_580' title='bbox 294 2253 376 2281; x_wconf 85' lang='lat' dir='ltr'><strong>modo</strong></span> <span class='ocrx_word' id='word_1_581' title='bbox 400 2253 515 2280; x_wconf 85' lang='lat' dir='ltr'><strong>sentiant</strong></span> <span class='ocrx_word' id='word_1_582' title='bbox 533 2257 560 2279; x_wconf 84' lang='lat' dir='ltr'><strong>et</strong></span> <span class='ocrx_word' id='word_1_583' title='bbox 575 2253 727 2286; x_wconf 85' lang='lat' dir='ltr'><strong>loquantur.</strong></span> <span class='ocrx_word' id='word_1_584' title='bbox 746 2260 756 2276; x_wconf 74' lang='grc' dir='ltr'><strong>ι</strong></span> <span class='ocrx_word' id='word_1_585' title='bbox 779 2252 917 2287; x_wconf 79' lang='lat' dir='ltr'><strong>Respicite</strong></span> <span class='ocrx_word' id='word_1_586' title='bbox 934 2252 960 2278; x_wconf 92' lang='lat' dir='ltr'><strong>in</strong></span> <span class='ocrx_word' id='word_1_587' title='bbox 980 2252 1084 2278; x_wconf 75' lang='lat' dir='ltr'><strong>lirmam</strong></span> 
     </span>
    </p>
   </div>
   <div class='ocr_carea' id='block_1_78' title="bbox 294 2299 1082 2334">
    <p class='ocr_par' dir='ltr' id='par_1_78' title="bbox 294 2299 1082 2334">
     <span class='ocr_line' id='line_1_79' title="bbox 294 2299 1082 2334; baseline 0 -9"><span class='ocrx_word' id='word_1_588' title='bbox 294 2305 412 2334; x_wconf 82' lang='lat' dir='ltr'><strong>petram,</strong></span> <span class='ocrx_word' id='word_1_589' title='bbox 429 2307 508 2334; x_wconf 80' lang='lat' dir='ltr'><strong>quam</strong></span> <span class='ocrx_word' id='word_1_590' title='bbox 526 2300 673 2329; x_wconf 79' lang='lat' dir='ltr'><strong>excidistis.</strong></span> <span class='ocrx_word' id='word_1_591' title='bbox 690 2306 717 2327; x_wconf 69' lang='lat' dir='ltr'><strong>et</strong></span> <span class='ocrx_word' id='word_1_592' title='bbox 732 2301 757 2327; x_wconf 93' lang='lat' dir='ltr'><strong>in</strong></span> <span class='ocrx_word' id='word_1_593' title='bbox 773 2300 877 2327; x_wconf 82' lang='lat' dir='ltr'><strong>foveam</strong></span> <span class='ocrx_word' id='word_1_594' title='bbox 894 2299 980 2330; x_wconf 86' lang='lat' dir='ltr'><strong>lacus,</strong></span> <span class='ocrx_word' id='word_1_595' title='bbox 1002 2306 1082 2332; x_wconf 83' lang='lat' dir='ltr'><strong>quant</strong></span> 
     </span>
    </p>
   </div>
   <div class='ocr_carea' id='block_1_79' title="bbox 293 2345 1084 2379">
    <p class='ocr_par' dir='ltr' id='par_1_79' title="bbox 293 2345 1084 2379">
     <span class='ocr_line' id='line_1_80' title="bbox 293 2345 1084 2379; baseline 0 -7"><span class='ocrx_word' id='word_1_596' title='bbox 293 2345 434 2372; x_wconf 79' lang='lat' dir='ltr'><strong>eﬂodistis.</strong></span> <span class='ocrx_word' id='word_1_597' title='bbox 453 2354 463 2371; x_wconf 70' lang='grc' dir='ltr'><strong>ι</strong></span> <span class='ocrx_word' id='word_1_598' title='bbox 479 2345 591 2372; x_wconf 86' lang='lat' dir='ltr'><strong>Videtur</strong></span> <span class='ocrx_word' id='word_1_599' title='bbox 602 2346 643 2373; x_wconf 91' lang='lat' dir='ltr'><strong>his</strong></span> <span class='ocrx_word' id='word_1_600' title='bbox 656 2346 829 2374; x_wconf 87' lang='lat' dir='ltr'><strong>subindicare</strong></span> <span class='ocrx_word' id='word_1_601' title='bbox 848 2346 919 2372; x_wconf 82' lang='lat' dir='ltr'><strong>illam</strong></span> <span class='ocrx_word' id='word_1_602' title='bbox 935 2346 1019 2379; x_wconf 81' lang='lat' dir='ltr'><strong>ipsam</strong></span> <span class='ocrx_word' id='word_1_603' title='bbox 1035 2352 1084 2379; x_wconf 86' lang='lat' dir='ltr'><strong>pe-</strong></span> 
     </span>
    </p>
   </div>
   <div class='ocr_carea' id='block_1_80' title="bbox 294 2383 1082 2427">
    <p class='ocr_par' dir='ltr' id='par_1_80' title="bbox 294 2383 1082 2427">
     <span class='ocr_line' id='line_1_81' title="bbox 294 2383 1082 2427; baseline 0.003 -10"><span class='ocrx_word' id='word_1_604' title='bbox 294 2395 365 2418; x_wconf 80' lang='lat' dir='ltr'><strong>tram</strong></span> <span class='ocrx_word' id='word_1_605' title='bbox 377 2411 384 2422; x_wconf 87' lang='lat'><strong>,</strong></span> <span class='ocrx_word' id='word_1_606' title='bbox 396 2399 456 2424; x_wconf 68' lang='lat' dir='ltr'><strong>qua:</strong></span> <span class='ocrx_word' id='word_1_607' title='bbox 472 2390 620 2419; x_wconf 86' lang='lat' dir='ltr'><strong>Salvatoris</strong></span> <span class='ocrx_word' id='word_1_608' title='bbox 635 2383 733 2426; x_wconf 84' lang='lat' dir='ltr'><strong>corpus</strong></span> <span class='ocrx_word' id='word_1_609' title='bbox 746 2392 861 2427; x_wconf 80' lang='lat' dir='ltr'><strong>excepit,</strong></span> <span class='ocrx_word' id='word_1_610' title='bbox 877 2392 903 2419; x_wconf 90' lang='lat' dir='ltr'><strong>in</strong></span> <span class='ocrx_word' id='word_1_611' title='bbox 916 2400 967 2426; x_wconf 90' lang='lat' dir='ltr'><strong>qua</strong></span> <span class='ocrx_word' id='word_1_612' title='bbox 984 2390 1082 2426; x_wconf 84' lang='lat' dir='ltr'><strong>Joseph</strong></span> 
     </span>
    </p>
   </div>
   <div class='ocr_carea' id='block_1_81' title="bbox 294 2435 997 2470">
    <p class='ocr_par' dir='ltr' id='par_1_81' title="bbox 294 2435 997 2470">
     <span class='ocr_line' id='line_1_82' title="bbox 294 2435 997 2470; baseline 0.003 -9"><span class='ocrx_word' id='word_1_613' title='bbox 294 2435 451 2470; x_wconf 85' lang='lat' dir='ltr'><strong>speluncam</strong></span> <span class='ocrx_word' id='word_1_614' title='bbox 465 2437 605 2463; x_wconf 81' lang='lat' dir='ltr'><strong>excavavit</strong></span> <span class='ocrx_word' id='word_1_615' title='bbox 623 2436 648 2463; x_wconf 94' lang='lat' dir='ltr'><strong>in</strong></span> <span class='ocrx_word' id='word_1_616' title='bbox 663 2444 731 2464; x_wconf 87' lang='lat' dir='ltr'><strong>novo</strong></span> <span class='ocrx_word' id='word_1_617' title='bbox 748 2443 924 2464; x_wconf 88' lang='lat' dir='ltr'><strong>monumento</strong></span> <span class='ocrx_word' id='word_1_618' title='bbox 939 2444 997 2464; x_wconf 89' lang='lat' dir='ltr'><strong>suo.</strong></span> 
     </span>
    </p>
   </div>
   <div class='ocr_carea' id='block_1_82' title="bbox 1138 1593 1379 1630">
    <p class='ocr_par' dir='ltr' id='par_1_82' title="bbox 1138 1593 1379 1630">
     <span class='ocr_line' id='line_1_83' title="bbox 1138 1593 1379 1630; baseline -0.012 -9"><span class='ocrx_word' id='word_1_619' title='bbox 1138 1593 1349 1630; x_wconf 77' lang='grc' dir='ltr'>κοιμηοήσεσθε,</span> <span class='ocrx_word' id='word_1_620' title='bbox 1369 1602 1379 1618; x_wconf 69' lang='grc' dir='ltr'><strong>ι</strong></span> 
     </span>
    </p>
   </div>
   <div class='ocr_carea' id='block_1_83' title="bbox 1387 1648 1670 1676">
    <p class='ocr_par' dir='ltr' id='par_1_83' title="bbox 1387 1648 1670 1676">
     <span class='ocr_line' id='line_1_84' title="bbox 1387 1648 1670 1676; baseline -0.007 0"><span class='ocrx_word' id='word_1_621' title='bbox 1387 1648 1584 1676; x_wconf 77' lang='grc' dir='ltr'><strong>ΚΕΦΑΛΑῘΟΝ</strong></span> <span class='ocrx_word' id='word_1_622' title='bbox 1607 1648 1670 1675; x_wconf 78' lang='lat' dir='ltr'><strong>NA’.</strong></span> 
     </span>
    </p>
   </div>
   <div class='ocr_carea' id='block_1_84' title="bbox 1175 1702 1927 1739">
    <p class='ocr_par' dir='ltr' id='par_1_84' title="bbox 1175 1702 1927 1739">
     <span class='ocr_line' id='line_1_85' title="bbox 1175 1702 1927 1739; baseline -0.005 -6"><span class='ocrx_word' id='word_1_623' title='bbox 1175 1717 1183 1732; x_wconf 86' lang='lat' dir='ltr'><strong>I</strong></span> <span class='ocrx_word' id='word_1_624' title='bbox 1211 1706 1367 1738; x_wconf 82' lang='grc' dir='ltr'>Ἀκούσατε,</span> <span class='ocrx_word' id='word_1_625' title='bbox 1384 1707 1408 1732; x_wconf 87' lang='grc' dir='ltr'>οἱ</span> <span class='ocrx_word' id='word_1_626' title='bbox 1423 1706 1566 1737; x_wconf 76' lang='grc' dir='ltr'>διώκοντες</span> <span class='ocrx_word' id='word_1_627' title='bbox 1577 1704 1607 1731; x_wconf 75' lang='grc' dir='ltr'>τὸ</span> <span class='ocrx_word' id='word_1_628' title='bbox 1619 1704 1731 1736; x_wconf 73' lang='grc' dir='ltr'>δίκαιον,</span> <span class='ocrx_word' id='word_1_629' title='bbox 1747 1703 1794 1730; x_wconf 69' lang='grc' dir='ltr'><strong>καὶ</strong></span> <span class='ocrx_word' id='word_1_630' title='bbox 1813 1702 1927 1739; x_wconf 78' lang='grc' dir='ltr'>ζητοῦν-</span> 
     </span>
    </p>
   </div>
   <div class='ocr_carea' id='block_1_85' title="bbox 1136 1749 1927 1788">
    <p class='ocr_par' dir='ltr' id='par_1_85' title="bbox 1136 1749 1927 1788">
     <span class='ocr_line' id='line_1_86' title="bbox 1136 1749 1927 1788; baseline -0.004 -10"><span class='ocrx_word' id='word_1_631' title='bbox 1136 1761 1181 1783; x_wconf 79' lang='grc' dir='ltr'><strong>τες</strong></span> <span class='ocrx_word' id='word_1_632' title='bbox 1191 1752 1236 1778; x_wconf 81' lang='grc' dir='ltr'><strong>τδν</strong></span> <span class='ocrx_word' id='word_1_633' title='bbox 1249 1752 1360 1788; x_wconf 77' lang='grc' dir='ltr'>Κύριον.</span> <span class='ocrx_word' id='word_1_634' title='bbox 1376 1761 1385 1778; x_wconf 73' lang='grc' dir='ltr'><strong>ι</strong></span> <span class='ocrx_word' id='word_1_635' title='bbox 1406 1751 1515 1786; x_wconf 77' lang='grc' dir='ltr'><strong>Ἐπειδὴ</strong></span> <span class='ocrx_word' id='word_1_636' title='bbox 1527 1752 1558 1778; x_wconf 82' lang='grc' dir='ltr'>ὲκ</span> <span class='ocrx_word' id='word_1_637' title='bbox 1574 1750 1673 1786; x_wconf 80' lang='grc' dir='ltr'>πολλῆς</span> <span class='ocrx_word' id='word_1_638' title='bbox 1684 1750 1753 1785; x_wconf 82' lang='grc' dir='ltr'>ἄγαν</span> <span class='ocrx_word' id='word_1_639' title='bbox 1761 1749 1927 1784; x_wconf 75' lang='grc' dir='ltr'>ἁδελτηρίας</span> 
     </span>
    </p>
   </div>
   <div class='ocr_carea' id='block_1_86' title="bbox 1137 1792 1927 1833">
    <p class='ocr_par' dir='ltr' id='par_1_86' title="bbox 1137 1792 1927 1833">
     <span class='ocr_line' id='line_1_87' title="bbox 1137 1792 1927 1833; baseline -0.004 -10"><span class='ocrx_word' id='word_1_640' title='bbox 1137 1797 1161 1823; x_wconf 79' lang='grc' dir='ltr'>οἱ</span> <span class='ocrx_word' id='word_1_641' title='bbox 1175 1797 1229 1823; x_wconf 81' lang='grc' dir='ltr'>τῶν</span> <span class='ocrx_word' id='word_1_642' title='bbox 1247 1792 1379 1823; x_wconf 70' lang='grc' dir='ltr'>Ἰουδαίων</span> <span class='ocrx_word' id='word_1_643' title='bbox 1393 1796 1473 1833; x_wconf 84' lang='grc' dir='ltr'>δῆμοι</span> <span class='ocrx_word' id='word_1_644' title='bbox 1484 1796 1530 1823; x_wconf 80' lang='grc' dir='ltr'><strong>τὸν</strong></span> <span class='ocrx_word' id='word_1_645' title='bbox 1545 1797 1674 1832; x_wconf 82' lang='grc' dir='ltr'>μονογενῆ</span> <span class='ocrx_word' id='word_1_646' title='bbox 1691 1795 1738 1822; x_wconf 80' lang='grc' dir='ltr'>τοῦ</span> <span class='ocrx_word' id='word_1_647' title='bbox 1755 1794 1822 1822; x_wconf 83' lang='grc' dir='ltr'><strong>Θεοῦ</strong></span> <span class='ocrx_word' id='word_1_648' title='bbox 1841 1795 1927 1828; x_wconf 84' lang='grc' dir='ltr'>Λόγον</span> 
     </span>
    </p>
   </div>
   <div class='ocr_carea' id='block_1_87' title="bbox 1137 1841 1926 1879">
    <p class='ocr_par' dir='ltr' id='par_1_87' title="bbox 1137 1841 1926 1879">
     <span class='ocr_line' id='line_1_88' title="bbox 1137 1841 1926 1879; baseline -0.003 -11"><span class='ocrx_word' id='word_1_649' title='bbox 1137 1842 1253 1879; x_wconf 78' lang='grc' dir='ltr'>ὁρῶντες</span> <span class='ocrx_word' id='word_1_650' title='bbox 1270 1843 1298 1869; x_wconf 75' lang='grc' dir='ltr'><strong>ὲν</strong></span> <span class='ocrx_word' id='word_1_651' title='bbox 1316 1842 1379 1869; x_wconf 78' lang='grc' dir='ltr'>εἴδει</span> <span class='ocrx_word' id='word_1_652' title='bbox 1401 1842 1439 1878; x_wconf 83' lang='grc' dir='ltr'>τῷ</span> <span class='ocrx_word' id='word_1_653' title='bbox 1454 1842 1514 1869; x_wconf 73' lang='grc' dir='ltr'>καθ’</span> <span class='ocrx_word' id='word_1_654' title='bbox 1530 1843 1614 1878; x_wconf 75' lang='grc' dir='ltr'>ἠμίς,</span> <span class='ocrx_word' id='word_1_655' title='bbox 1635 1841 1759 1868; x_wconf 82' lang='grc' dir='ltr'><strong>τουτέστι</strong></span> <span class='ocrx_word' id='word_1_656' title='bbox 1781 1841 1926 1876; x_wconf 79' lang='grc' dir='ltr'>γενόμενον</span> 
     </span>
    </p>
   </div>
   <div class='ocr_carea' id='block_1_88' title="bbox 1138 1886 1924 1925">
    <p class='ocr_par' dir='ltr' id='par_1_88' title="bbox 1138 1886 1924 1925">
     <span class='ocr_line' id='line_1_89' title="bbox 1138 1886 1924 1925; baseline -0.006 -9"><span class='ocrx_word' id='word_1_657' title='bbox 1138 1889 1289 1925; x_wconf 77' lang='grc' dir='ltr'>ἄνθρωπον,</span> <span class='ocrx_word' id='word_1_658' title='bbox 1307 1888 1336 1915; x_wconf 74' lang='grc' dir='ltr'>οὐ</span> <span class='ocrx_word' id='word_1_659' title='bbox 1354 1888 1478 1914; x_wconf 84' lang='grc' dir='ltr'>συνίεσαν</span> <span class='ocrx_word' id='word_1_660' title='bbox 1498 1887 1547 1923; x_wconf 80' lang='grc' dir='ltr'><strong>μὲν</strong></span> <span class='ocrx_word' id='word_1_661' title='bbox 1562 1886 1592 1914; x_wconf 79' lang='grc' dir='ltr'>τὸ</span> <span class='ocrx_word' id='word_1_662' title='bbox 1608 1887 1650 1913; x_wconf 75' lang='grc' dir='ltr'><strong>ἐπ’</strong></span> <span class='ocrx_word' id='word_1_663' title='bbox 1667 1886 1740 1922; x_wconf 77' lang='grc' dir='ltr'><strong>αὺτῷ</strong></span> <span class='ocrx_word' id='word_1_664' title='bbox 1757 1886 1905 1921; x_wconf 86' lang='grc' dir='ltr'>μυστήριον</span> <span class='ocrx_word' id='word_1_665' title='bbox 1916 1893 1924 1900; x_wconf 92' lang='grc'>·</span> 
     </span>
    </p>
   </div>
   <div class='ocr_carea' id='block_1_89' title="bbox 1137 1930 1927 1968">
    <p class='ocr_par' dir='ltr' id='par_1_89' title="bbox 1137 1930 1927 1968">
     <span class='ocr_line' id='line_1_90' title="bbox 1137 1930 1927 1968; baseline -0.006 -7"><span class='ocrx_word' id='word_1_666' title='bbox 1137 1934 1329 1966; x_wconf 78' lang='grc' dir='ltr'>ἀσυνετοῧντες</span> <span class='ocrx_word' id='word_1_667' title='bbox 1352 1934 1381 1960; x_wconf 83' lang='grc' dir='ltr'>δὲ</span> <span class='ocrx_word' id='word_1_668' title='bbox 1403 1933 1566 1968; x_wconf 82' lang='grc' dir='ltr'>πλεισταχοῦ</span> <span class='ocrx_word' id='word_1_669' title='bbox 1596 1931 1784 1968; x_wconf 74' lang='grc' dir='ltr'>παλιμφήμοις</span> <span class='ocrx_word' id='word_1_670' title='bbox 1810 1930 1927 1957; x_wconf 72' lang='grc' dir='ltr'>ἐλύπουν</span> 
     </span>
    </p>
   </div>
   <div class='ocr_carea' id='block_1_90' title="bbox 1139 1976 1928 2015">
    <p class='ocr_par' dir='ltr' id='par_1_90' title="bbox 1139 1976 1928 2015">
     <span class='ocr_line' id='line_1_91' title="bbox 1139 1976 1928 2015; baseline -0.006 -8"><span class='ocrx_word' id='word_1_671' title='bbox 1139 1982 1240 2015; x_wconf 76' lang='grc' dir='ltr'>φωναῖς</span> <span class='ocrx_word' id='word_1_672' title='bbox 1254 1979 1369 2011; x_wconf 73' lang='grc' dir='ltr'>ἀναιδῶς</span> <span class='ocrx_word' id='word_1_673' title='bbox 1379 1988 1386 1994; x_wconf 83' lang='grc'><strong>”</strong></span> <span class='ocrx_word' id='word_1_674' title='bbox 1403 1979 1528 2015; x_wconf 75' lang='grc' dir='ltr'>καθάπερ</span> <span class='ocrx_word' id='word_1_675' title='bbox 1545 1978 1599 2015; x_wconf 81' lang='grc' dir='ltr'>γὰρ</span> <span class='ocrx_word' id='word_1_676' title='bbox 1617 1978 1684 2013; x_wconf 68' lang='grc' dir='ltr'>ἔφην</span> <span class='ocrx_word' id='word_1_677' title='bbox 1699 1976 1810 2013; x_wconf 80' lang='grc' dir='ltr'><strong>ἀρτίως,</strong></span> <span class='ocrx_word' id='word_1_678' title='bbox 1824 1976 1928 2012; x_wconf 77' lang='grc' dir='ltr'>ἐναργῆ</span> 
     </span>
    </p>
   </div>
   <div class='ocr_carea' id='block_1_91' title="bbox 1139 2022 1926 2062">
    <p class='ocr_par' dir='ltr' id='par_1_91' title="bbox 1139 2022 1926 2062">
     <span class='ocr_line' id='line_1_92' title="bbox 1139 2022 1926 2062; baseline -0.006 -9"><span class='ocrx_word' id='word_1_679' title='bbox 1139 2027 1298 2062; x_wconf 82' lang='grc' dir='ltr'>καθίστησιν</span> <span class='ocrx_word' id='word_1_680' title='bbox 1315 2025 1406 2056; x_wconf 83' lang='grc' dir='ltr'>αὐτοῖς</span> <span class='ocrx_word' id='word_1_681' title='bbox 1422 2025 1471 2061; x_wconf 88' lang='grc' dir='ltr'><strong>τὴν</strong></span> <span class='ocrx_word' id='word_1_682' title='bbox 1489 2023 1764 2060; x_wconf 82' lang='grc' dir='ltr'>σεμνοπρεπεστάτην</span> <span class='ocrx_word' id='word_1_683' title='bbox 1778 2022 1861 2049; x_wconf 81' lang='grc' dir='ltr'>αὑτοῦ</span> <span class='ocrx_word' id='word_1_684' title='bbox 1881 2023 1926 2049; x_wconf 74' lang='grc' dir='ltr'>δό-</span> 
     </span>
    </p>
   </div>
   <div class='ocr_carea' id='block_1_92' title="bbox 1140 2068 1928 2107">
    <p class='ocr_par' dir='ltr' id='par_1_92' title="bbox 1140 2068 1928 2107">
     <span class='ocr_line' id='line_1_93' title="bbox 1140 2068 1928 2107; baseline -0.006 -8"><span class='ocrx_word' id='word_1_685' title='bbox 1140 2072 1187 2104; x_wconf 79' lang='grc' dir='ltr'><strong>ξαν</strong></span> <span class='ocrx_word' id='word_1_686' title='bbox 1202 2081 1232 2098; x_wconf 81' lang='grc' dir='ltr'><strong>τε</strong></span> <span class='ocrx_word' id='word_1_687' title='bbox 1247 2073 1294 2099; x_wconf 68' lang='grc' dir='ltr'>καὶ</span> <span class='ocrx_word' id='word_1_688' title='bbox 1308 2072 1432 2107; x_wconf 80' lang='grc' dir='ltr'>δύναμιν,</span> <span class='ocrx_word' id='word_1_689' title='bbox 1448 2071 1495 2097; x_wconf 77' lang='grc' dir='ltr'>καὶ</span> <span class='ocrx_word' id='word_1_690' title='bbox 1514 2070 1560 2097; x_wconf 81' lang='grc' dir='ltr'><strong>τοῦ</strong></span> <span class='ocrx_word' id='word_1_691' title='bbox 1577 2070 1662 2106; x_wconf 75' lang='grc' dir='ltr'>μικρὰ</span> <span class='ocrx_word' id='word_1_692' title='bbox 1676 2071 1782 2105; x_wconf 77' lang='grc' dir='ltr'>φρονεῖν</span> <span class='ocrx_word' id='word_1_693' title='bbox 1796 2069 1840 2095; x_wconf 73' lang='grc' dir='ltr'><strong>ἐπ’</strong></span> <span class='ocrx_word' id='word_1_694' title='bbox 1853 2068 1928 2103; x_wconf 84' lang='grc' dir='ltr'>αὐτῷ</span> 
     </span>
    </p>
   </div>
   <div class='ocr_carea' id='block_1_93' title="bbox 1140 2113 1928 2152">
    <p class='ocr_par' dir='ltr' id='par_1_93' title="bbox 1140 2113 1928 2152">
     <span class='ocr_line' id='line_1_94' title="bbox 1140 2113 1928 2152; baseline -0.006 -8"><span class='ocrx_word' id='word_1_695' title='bbox 1140 2117 1281 2152; x_wconf 76' lang='grc' dir='ltr'>βούλεσθαί</span> <span class='ocrx_word' id='word_1_696' title='bbox 1296 2126 1370 2148; x_wconf 83' lang='grc' dir='ltr'>τινας</span> <span class='ocrx_word' id='word_1_697' title='bbox 1382 2116 1555 2152; x_wconf 75' lang='grc' dir='ltr'>ἁποκομίζει,</span> <span class='ocrx_word' id='word_1_698' title='bbox 1578 2115 1674 2150; x_wconf 77' lang='grc' dir='ltr'>λέγων,</span> <span class='ocrx_word' id='word_1_699' title='bbox 1691 2125 1699 2140; x_wconf 85' lang='grc' dir='ltr'><strong>ι</strong></span> <span class='ocrx_word' id='word_1_700' title='bbox 1712 2114 1863 2141; x_wconf 83' lang='grc' dir='ltr'>Πεποίθατε</span> <span class='ocrx_word' id='word_1_701' title='bbox 1881 2113 1928 2140; x_wconf 76' lang='grc' dir='ltr'>ἐπὶ</span> 
     </span>
    </p>
   </div>
   <div class='ocr_carea' id='block_1_94' title="bbox 1139 2160 1929 2199">
    <p class='ocr_par' dir='ltr' id='par_1_94' title="bbox 1139 2160 1929 2199">
     <span class='ocr_line' id='line_1_95' title="bbox 1139 2160 1929 2199; baseline -0.004 -10"><span class='ocrx_word' id='word_1_702' title='bbox 1139 2163 1179 2198; x_wconf 82' lang='grc' dir='ltr'>τῷ</span> <span class='ocrx_word' id='word_1_703' title='bbox 1188 2164 1289 2199; x_wconf 82' lang='grc' dir='ltr'>Κυρίῳ.</span> <span class='ocrx_word' id='word_1_704' title='bbox 1312 2173 1321 2189; x_wconf 75' lang='grc' dir='ltr'><strong><em>ι</em></strong></span> <span class='ocrx_word' id='word_1_705' title='bbox 1343 2163 1543 2198; x_wconf 78' lang='grc' dir='ltr'>Ἐναργέστατα</span> <span class='ocrx_word' id='word_1_706' title='bbox 1557 2162 1589 2197; x_wconf 84' lang='grc' dir='ltr'>δὴ</span> <span class='ocrx_word' id='word_1_707' title='bbox 1599 2160 1644 2189; x_wconf 70' lang='grc' dir='ltr'>οὖν</span> <span class='ocrx_word' id='word_1_708' title='bbox 1658 2161 1758 2197; x_wconf 76' lang='grc' dir='ltr'>Κύριον</span> <span class='ocrx_word' id='word_1_709' title='bbox 1771 2160 1866 2187; x_wconf 79' lang='grc' dir='ltr'>ἑαυτὸν</span> <span class='ocrx_word' id='word_1_710' title='bbox 1881 2160 1929 2187; x_wconf 76' lang='grc' dir='ltr'>καὶ</span> 
     </span>
    </p>
   </div>
   <div class='ocr_carea' id='block_1_95' title="bbox 1141 2207 1928 2244">
    <p class='ocr_par' dir='ltr' id='par_1_95' title="bbox 1141 2207 1928 2244">
     <span class='ocr_line' id='line_1_96' title="bbox 1141 2207 1928 2244; baseline -0.004 -8"><span class='ocrx_word' id='word_1_711' title='bbox 1141 2210 1205 2236; x_wconf 72' lang='grc' dir='ltr'>Θεὸν</span> <span class='ocrx_word' id='word_1_712' title='bbox 1221 2208 1288 2236; x_wconf 77' lang='grc' dir='ltr'>εἶναί</span> <span class='ocrx_word' id='word_1_713' title='bbox 1301 2218 1393 2244; x_wconf 75' lang='grc' dir='ltr'>φησιν,</span> <span class='ocrx_word' id='word_1_714' title='bbox 1405 2208 1590 2244; x_wconf 74' lang='grc' dir='ltr'>ἀποκομίζων,</span> <span class='ocrx_word' id='word_1_715' title='bbox 1610 2208 1647 2240; x_wconf 81' lang='grc' dir='ltr'>ὡς</span> <span class='ocrx_word' id='word_1_716' title='bbox 1664 2207 1741 2243; x_wconf 71' lang='grc' dir='ltr'>ἔφην,</span> <span class='ocrx_word' id='word_1_717' title='bbox 1755 2207 1801 2234; x_wconf 84' lang='grc' dir='ltr'>τοῦ</span> <span class='ocrx_word' id='word_1_718' title='bbox 1824 2215 1928 2242; x_wconf 83' lang='grc' dir='ltr'>χαμαι-</span> 
     </span>
    </p>
   </div>
   <div class='ocr_carea' id='block_1_96' title="bbox 1101 2241 1927 2288">
    <p class='ocr_par' dir='ltr' id='par_1_96' title="bbox 1101 2241 1927 2288">
     <span class='ocr_line' id='line_1_97' title="bbox 1101 2241 1927 2288; baseline -0.001 -10"><span class='ocrx_word' id='word_1_719' title='bbox 1101 2241 1122 2268; x_wconf 80' lang='lat' dir='ltr'><strong>D</strong></span> <span class='ocrx_word' id='word_1_720' title='bbox 1138 2253 1226 2284; x_wconf 79' lang='grc' dir='ltr'>πετῶς</span> <span class='ocrx_word' id='word_1_721' title='bbox 1242 2253 1305 2288; x_wconf 80' lang='grc' dir='ltr'>περὶ</span> <span class='ocrx_word' id='word_1_722' title='bbox 1321 2252 1402 2279; x_wconf 73' lang='grc' dir='ltr'>αὑτοῦ</span> <span class='ocrx_word' id='word_1_723' title='bbox 1420 2251 1561 2287; x_wconf 78' lang='grc' dir='ltr'>βούλεσθαι</span> <span class='ocrx_word' id='word_1_724' title='bbox 1583 2254 1690 2288; x_wconf 68' lang='grc' dir='ltr'>φρονεῖν</span> <span class='ocrx_word' id='word_1_725' title='bbox 1706 2261 1736 2278; x_wconf 86' lang='grc' dir='ltr'><strong>τε</strong></span> <span class='ocrx_word' id='word_1_726' title='bbox 1760 2252 1807 2278; x_wconf 76' lang='grc' dir='ltr'><strong>καὶ</strong></span> <span class='ocrx_word' id='word_1_727' title='bbox 1827 2251 1927 2285; x_wconf 82' lang='grc' dir='ltr'>λέγειν.</span> 
     </span>
    </p>
   </div>
   <div class='ocr_carea' id='block_1_97' title="bbox 1141 2298 1928 2335">
    <p class='ocr_par' dir='ltr' id='par_1_97' title="bbox 1141 2298 1928 2335">
     <span class='ocr_line' id='line_1_98' title="bbox 1141 2298 1928 2335; baseline -0.001 -10"><span class='ocrx_word' id='word_1_728' title='bbox 1141 2308 1150 2325; x_wconf 71' lang='grc' dir='ltr'><strong>ι</strong></span> <span class='ocrx_word' id='word_1_729' title='bbox 1173 2299 1340 2334; x_wconf 70' lang='grc' dir='ltr'>Ἐμῦλέψατε</span> <span class='ocrx_word' id='word_1_730' title='bbox 1358 2300 1396 2330; x_wconf 85' lang='grc' dir='ltr'><strong>εἰς</strong></span> <span class='ocrx_word' id='word_1_731' title='bbox 1412 2298 1461 2334; x_wconf 83' lang='grc' dir='ltr'>τὴν</span> <span class='ocrx_word' id='word_1_732' title='bbox 1480 2298 1591 2333; x_wconf 77' lang='grc' dir='ltr'>στερεὰν</span> <span class='ocrx_word' id='word_1_733' title='bbox 1610 2299 1722 2335; x_wconf 70' lang='grc' dir='ltr'>πέτραν,</span> <span class='ocrx_word' id='word_1_734' title='bbox 1741 2299 1774 2334; x_wconf 84' lang='grc' dir='ltr'>ἣν</span> <span class='ocrx_word' id='word_1_735' title='bbox 1794 2298 1928 2333; x_wconf 78' lang='grc' dir='ltr'>ἐλατομή-</span> 
     </span>
    </p>
   </div>
   <div class='ocr_carea' id='block_1_98' title="bbox 1138 2344 1924 2380">
    <p class='ocr_par' dir='ltr' id='par_1_98' title="bbox 1138 2344 1924 2380">
     <span class='ocr_line' id='line_1_99' title="bbox 1138 2344 1924 2380; baseline -0.003 -8"><span class='ocrx_word' id='word_1_736' title='bbox 1138 2354 1212 2377; x_wconf 79' lang='grc' dir='ltr'>σατε,</span> <span class='ocrx_word' id='word_1_737' title='bbox 1230 2346 1275 2372; x_wconf 71' lang='grc' dir='ltr'><strong>καὶ</strong></span> <span class='ocrx_word' id='word_1_738' title='bbox 1289 2346 1329 2377; x_wconf 77' lang='grc' dir='ltr'><strong>εἰς</strong></span> <span class='ocrx_word' id='word_1_739' title='bbox 1341 2345 1386 2371; x_wconf 75' lang='grc' dir='ltr'><strong>τον</strong></span> <span class='ocrx_word' id='word_1_740' title='bbox 1402 2346 1511 2380; x_wconf 78' lang='grc' dir='ltr'><strong>βόθυνον</strong></span> <span class='ocrx_word' id='word_1_741' title='bbox 1525 2347 1572 2373; x_wconf 79' lang='grc' dir='ltr'>τοῦ</span> <span class='ocrx_word' id='word_1_742' title='bbox 1588 2347 1699 2377; x_wconf 78' lang='grc' dir='ltr'><strong>λάκκου,</strong></span> <span class='ocrx_word' id='word_1_743' title='bbox 1721 2345 1749 2371; x_wconf 83' lang='grc' dir='ltr'><strong>ὃν</strong></span> <span class='ocrx_word' id='word_1_744' title='bbox 1762 2344 1896 2380; x_wconf 75' lang='grc' dir='ltr'>ὠρύξατε.</span> <span class='ocrx_word' id='word_1_745' title='bbox 1914 2353 1924 2370; x_wconf 71' lang='grc' dir='ltr'>ι</span> 
     </span>
    </p>
   </div>
   <div class='ocr_carea' id='block_1_99' title="bbox 1138 2390 1928 2426">
    <p class='ocr_par' dir='ltr' id='par_1_99' title="bbox 1138 2390 1928 2426">
     <span class='ocr_line' id='line_1_100' title="bbox 1138 2390 1928 2426; baseline -0.003 -8"><span class='ocrx_word' id='word_1_746' title='bbox 1138 2393 1245 2418; x_wconf 78' lang='grc' dir='ltr'>Ἔοικεν</span> <span class='ocrx_word' id='word_1_747' title='bbox 1262 2392 1275 2417; x_wconf 82' lang='grc' dir='ltr'>ὁ</span> <span class='ocrx_word' id='word_1_748' title='bbox 1285 2391 1361 2425; x_wconf 70' lang='grc' dir='ltr'>λόγος</span> <span class='ocrx_word' id='word_1_749' title='bbox 1376 2391 1420 2418; x_wconf 75' lang='grc' dir='ltr'><strong>διὰ</strong></span> <span class='ocrx_word' id='word_1_750' title='bbox 1431 2392 1533 2418; x_wconf 81' lang='grc' dir='ltr'>τούτων</span> <span class='ocrx_word' id='word_1_751' title='bbox 1544 2391 1709 2419; x_wconf 79' lang='grc' dir='ltr'>αἰνίττεσθαι</span> <span class='ocrx_word' id='word_1_752' title='bbox 1725 2390 1808 2426; x_wconf 77' lang='grc' dir='ltr'>αὐτὴν</span> <span class='ocrx_word' id='word_1_753' title='bbox 1821 2391 1928 2425; x_wconf 75' lang='grc' dir='ltr'>ἐκείνην</span> 
     </span>
    </p>
   </div>
   <div class='ocr_carea' id='block_1_100' title="bbox 1135 2436 1929 2473">
    <p class='ocr_par' dir='ltr' id='par_1_100' title="bbox 1135 2436 1929 2473">
     <span class='ocr_line' id='line_1_101' title="bbox 1135 2436 1929 2473; baseline -0.001 -10"><span class='ocrx_word' id='word_1_754' title='bbox 1135 2437 1184 2472; x_wconf 82' lang='grc' dir='ltr'><strong>τὴν</strong></span> <span class='ocrx_word' id='word_1_755' title='bbox 1199 2437 1230 2463; x_wconf 77' lang='grc' dir='ltr'><strong>τὸ</strong></span> <span class='ocrx_word' id='word_1_756' title='bbox 1248 2437 1326 2471; x_wconf 81' lang='grc' dir='ltr'>σῶμα</span> <span class='ocrx_word' id='word_1_757' title='bbox 1341 2437 1387 2463; x_wconf 79' lang='grc' dir='ltr'>τοῦ</span> <span class='ocrx_word' id='word_1_758' title='bbox 1402 2438 1527 2473; x_wconf 71' lang='grc' dir='ltr'>Σωτῆρος</span> <span class='ocrx_word' id='word_1_759' title='bbox 1547 2437 1748 2472; x_wconf 75' lang='grc' dir='ltr'>ὑποδεξαμένην</span> <span class='ocrx_word' id='word_1_760' title='bbox 1763 2436 1878 2472; x_wconf 78' lang='grc' dir='ltr'>πέτραν,</span> <span class='ocrx_word' id='word_1_761' title='bbox 1900 2437 1929 2466; x_wconf 78' lang='grc' dir='ltr'>ἐν</span> 
     </span>
    </p>
   </div>
   <div class='ocr_carea' id='block_1_101' title="bbox 294 2480 1239 2520">
    <p class='ocr_par' dir='ltr' id='par_1_101' title="bbox 294 2480 1239 2520">
     <span class='ocr_line' id='line_1_102' title="bbox 294 2480 1239 2520; baseline 0.001 -12"><span class='ocrx_word' id='word_1_762' title='bbox 294 2480 335 2519; x_wconf 58' lang='lat' dir='ltr'><strong>ﬁs</strong></span> <span class='ocrx_word' id='word_1_763' title='bbox 355 2483 453 2518; x_wconf 81' lang='grc' dir='ltr'>Ἰωσὴφ</span> <span class='ocrx_word' id='word_1_764' title='bbox 469 2483 500 2509; x_wconf 77' lang='grc' dir='ltr'>τὸ</span> <span class='ocrx_word' id='word_1_765' title='bbox 514 2484 644 2520; x_wconf 80' lang='grc' dir='ltr'>σπήλαιον</span> <span class='ocrx_word' id='word_1_766' title='bbox 661 2483 765 2520; x_wconf 79' lang='grc' dir='ltr'>ὤρυξεν</span> <span class='ocrx_word' id='word_1_767' title='bbox 787 2485 816 2511; x_wconf 76' lang='grc' dir='ltr'>ὲν</span> <span class='ocrx_word' id='word_1_768' title='bbox 837 2483 876 2519; x_wconf 79' lang='grc' dir='ltr'>τῷ</span> <span class='ocrx_word' id='word_1_769' title='bbox 897 2483 981 2520; x_wconf 83' lang='grc' dir='ltr'>καινῷ</span> <span class='ocrx_word' id='word_1_770' title='bbox 1002 2483 1087 2511; x_wconf 78' lang='grc' dir='ltr'>αὑτοῦ</span> <span class='ocrx_word' id='word_1_771' title='bbox 1103 2484 1239 2520; x_wconf 77' lang='grc' dir='ltr'>μνημείῳ.</span> 
     </span>
    </p>
   </div>
   <div class='ocr_carea' id='block_1_102' title="bbox 334 2538 1081 2577">
    <p class='ocr_par' dir='ltr' id='par_1_102' title="bbox 334 2538 1081 2577">
     <span class='ocr_line' id='line_1_103' title="bbox 334 2538 1081 2577; baseline 0.007 -12"><span class='ocrx_word' id='word_1_772' title='bbox 334 2538 412 2566; x_wconf 67' lang='lat' dir='ltr'><strong>Vens.</strong></span> <span class='ocrx_word' id='word_1_773' title='bbox 430 2539 458 2566; x_wconf 75' lang='lat'><strong>2.</strong></span> <span class='ocrx_word' id='word_1_774' title='bbox 480 2549 489 2565; x_wconf 73' lang='grc' dir='ltr'><strong>ι</strong></span> <span class='ocrx_word' id='word_1_775' title='bbox 504 2540 673 2575; x_wconf 80' lang='lat' dir='ltr'><strong>Rcspicitein</strong></span> <span class='ocrx_word' id='word_1_776' title='bbox 684 2542 820 2569; x_wconf 83' lang='lat' dir='ltr'><strong>Abraham</strong></span> <span class='ocrx_word' id='word_1_777' title='bbox 834 2546 937 2577; x_wconf 91' lang='lat' dir='ltr'><strong>patrem</strong></span> <span class='ocrx_word' id='word_1_778' title='bbox 951 2549 1081 2576; x_wconf 87' lang='lat' dir='ltr'><strong>vestrmn,</strong></span> 
     </span>
    </p>
   </div>
   <div class='ocr_carea' id='block_1_103' title="bbox 294 2586 1088 2623">
    <p class='ocr_par' dir='ltr' id='par_1_103' title="bbox 294 2586 1088 2623">
     <span class='ocr_line' id='line_1_104' title="bbox 294 2586 1088 2623; baseline 0.006 -11"><span class='ocrx_word' id='word_1_779' title='bbox 294 2590 321 2612; x_wconf 87' lang='lat' dir='ltr'><strong>et</strong></span> <span class='ocrx_word' id='word_1_780' title='bbox 333 2586 360 2612; x_wconf 89' lang='lat' dir='ltr'><strong>in</strong></span> <span class='ocrx_word' id='word_1_781' title='bbox 377 2586 471 2613; x_wconf 85' lang='lat' dir='ltr'><strong>Saram</strong></span> <span class='ocrx_word' id='word_1_782' title='bbox 489 2594 548 2621; x_wconf 70' lang='lat' dir='ltr'><strong>qua:</strong></span> <span class='ocrx_word' id='word_1_783' title='bbox 567 2588 709 2621; x_wconf 76' lang='lat' dir='ltr'><strong>parturivit</strong></span> <span class='ocrx_word' id='word_1_784' title='bbox 724 2596 772 2615; x_wconf 87' lang='lat' dir='ltr'><strong>vos</strong></span> <span class='ocrx_word' id='word_1_785' title='bbox 789 2599 795 2616; x_wconf 88' lang='lat'>:</span> <span class='ocrx_word' id='word_1_786' title='bbox 812 2589 873 2622; x_wconf 81' lang='lat' dir='ltr'><strong>quia</strong></span> <span class='ocrx_word' id='word_1_787' title='bbox 891 2597 959 2617; x_wconf 89' lang='lat' dir='ltr'><strong>unus</strong></span> <span class='ocrx_word' id='word_1_788' title='bbox 978 2595 1046 2623; x_wconf 84' lang='lat' dir='ltr'><strong>erat,</strong></span> <span class='ocrx_word' id='word_1_789' title='bbox 1062 2595 1088 2617; x_wconf 88' lang='lat' dir='ltr'><strong>et</strong></span> 
     </span>
    </p>
   </div>
   <div class='ocr_carea' id='block_1_104' title="bbox 295 2631 1088 2665">
    <p class='ocr_par' dir='ltr' id='par_1_104' title="bbox 295 2631 1088 2665">
     <span class='ocr_line' id='line_1_105' title="bbox 295 2631 1088 2665; baseline 0.005 -9"><span class='ocrx_word' id='word_1_790' title='bbox 295 2632 386 2658; x_wconf 83' lang='lat' dir='ltr'><strong>vocavi</strong></span> <span class='ocrx_word' id='word_1_791' title='bbox 400 2639 473 2664; x_wconf 77' lang='lat' dir='ltr'><strong>eunt,</strong></span> <span class='ocrx_word' id='word_1_792' title='bbox 489 2635 515 2658; x_wconf 87' lang='lat' dir='ltr'><strong>et</strong></span> <span class='ocrx_word' id='word_1_793' title='bbox 537 2631 661 2659; x_wconf 73' lang='lat' dir='ltr'><strong>benedixi</strong></span> <span class='ocrx_word' id='word_1_794' title='bbox 677 2632 717 2664; x_wconf 89' lang='lat' dir='ltr'><strong>ei,</strong></span> <span class='ocrx_word' id='word_1_795' title='bbox 733 2638 759 2660; x_wconf 89' lang='lat' dir='ltr'><strong>et</strong></span> <span class='ocrx_word' id='word_1_796' title='bbox 771 2632 852 2660; x_wconf 76' lang='lat' dir='ltr'><strong>dilexi</strong></span> <span class='ocrx_word' id='word_1_797' title='bbox 869 2641 941 2665; x_wconf 90' lang='lat' dir='ltr'><strong>eum,</strong></span> <span class='ocrx_word' id='word_1_798' title='bbox 954 2639 981 2661; x_wconf 90' lang='lat' dir='ltr'><strong>et</strong></span> <span class='ocrx_word' id='word_1_799' title='bbox 997 2634 1088 2662; x_wconf 88' lang='lat' dir='ltr'><strong>multi-</strong></span> 
     </span>
    </p>
   </div>
   <div class='ocr_carea' id='block_1_105' title="bbox 296 2676 1086 2714">
    <p class='ocr_par' dir='ltr' id='par_1_105' title="bbox 296 2676 1086 2714">
     <span class='ocr_line' id='line_1_106' title="bbox 296 2676 1086 2714; baseline 0.006 -12"><span class='ocrx_word' id='word_1_800' title='bbox 296 2676 392 2710; x_wconf 86' lang='lat' dir='ltr'><strong>plicavi</strong></span> <span class='ocrx_word' id='word_1_801' title='bbox 416 2684 488 2705; x_wconf 88' lang='lat' dir='ltr'><strong>eum.</strong></span> <span class='ocrx_word' id='word_1_802' title='bbox 511 2686 520 2703; x_wconf 79' lang='grc' dir='ltr'><strong>ι</strong></span> <span class='ocrx_word' id='word_1_803' title='bbox 547 2678 778 2711; x_wconf 76' lang='lat' dir='ltr'><strong>Quemadmodum</strong></span> <span class='ocrx_word' id='word_1_804' title='bbox 801 2679 883 2714; x_wconf 75' lang='lat' dir='ltr'><strong>igitur</strong></span> <span class='ocrx_word' id='word_1_805' title='bbox 902 2680 928 2706; x_wconf 91' lang='lat' dir='ltr'><strong>in</strong></span> <span class='ocrx_word' id='word_1_806' title='bbox 943 2680 1086 2707; x_wconf 67' lang='lat' dir='ltr'><strong>lAbraham</strong></span> 
     </span>
    </p>
   </div>
   <div class='ocr_carea' id='block_1_106' title="bbox 295 2721 1087 2759">
    <p class='ocr_par' dir='ltr' id='par_1_106' title="bbox 295 2721 1087 2759">
     <span class='ocr_line' id='line_1_107' title="bbox 295 2721 1087 2759; baseline 0.006 -11"><span class='ocrx_word' id='word_1_807' title='bbox 295 2721 348 2748; x_wconf 76' lang='lat' dir='ltr'><strong>{cci</strong></span> <span class='ocrx_word' id='word_1_808' title='bbox 357 2743 365 2757; x_wconf 91' lang='lat'><strong>,</strong></span> <span class='ocrx_word' id='word_1_809' title='bbox 380 2723 418 2750; x_wconf 90' lang='lat' dir='ltr'><strong>sic</strong></span> <span class='ocrx_word' id='word_1_810' title='bbox 428 2730 461 2749; x_wconf 91' lang='lat' dir='ltr'><strong>ne</strong></span> <span class='ocrx_word' id='word_1_811' title='bbox 471 2723 618 2758; x_wconf 86' lang='lat' dir='ltr'><strong>despcretis</strong></span> <span class='ocrx_word' id='word_1_812' title='bbox 632 2732 664 2752; x_wconf 73' lang='lat' dir='ltr'><strong>ex</strong></span> <span class='ocrx_word' id='word_1_813' title='bbox 677 2724 726 2752; x_wconf 92' lang='lat' dir='ltr'><strong>hac</strong></span> <span class='ocrx_word' id='word_1_814' title='bbox 736 2730 821 2759; x_wconf 83' lang='lat' dir='ltr'><strong>petra,</strong></span> <span class='ocrx_word' id='word_1_815' title='bbox 832 2733 911 2759; x_wconf 83' lang='lat' dir='ltr'><strong>quam</strong></span> <span class='ocrx_word' id='word_1_816' title='bbox 924 2733 971 2753; x_wconf 85' lang='lat' dir='ltr'><strong>vos</strong></span> <span class='ocrx_word' id='word_1_817' title='bbox 987 2726 1087 2753; x_wconf 81' lang='lat' dir='ltr'><strong>excidi-</strong></span> 
     </span>
    </p>
   </div>
   <div class='ocr_carea' id='block_1_107' title="bbox 296 2767 1085 2804">
    <p class='ocr_par' dir='ltr' id='par_1_107' title="bbox 296 2767 1085 2804">
     <span class='ocr_line' id='line_1_108' title="bbox 296 2767 1085 2804; baseline 0.004 -9"><span class='ocrx_word' id='word_1_818' title='bbox 296 2767 357 2799; x_wconf 71' lang='lat' dir='ltr'><strong>SIis,</strong></span> <span class='ocrx_word' id='word_1_819' title='bbox 375 2769 517 2802; x_wconf 86' lang='lat' dir='ltr'><strong>quamdam</strong></span> <span class='ocrx_word' id='word_1_820' title='bbox 535 2769 628 2797; x_wconf 88' lang='lat' dir='ltr'><strong>salutis</strong></span> <span class='ocrx_word' id='word_1_821' title='bbox 640 2777 714 2804; x_wconf 86' lang='lat' dir='ltr'><strong>spem</strong></span> <span class='ocrx_word' id='word_1_822' title='bbox 731 2770 856 2797; x_wconf 84' lang='lat' dir='ltr'><strong>omnibus</strong></span> <span class='ocrx_word' id='word_1_823' title='bbox 876 2771 1028 2798; x_wconf 88' lang='lat' dir='ltr'><strong>hominibus</strong></span> <span class='ocrx_word' id='word_1_824' title='bbox 1045 2770 1085 2798; x_wconf 77' lang='grc' dir='ltr'>[ιι-</span> 
     </span>
    </p>
   </div>
   <div class='ocr_carea' id='block_1_108' title="bbox 297 2815 1085 2850">
    <p class='ocr_par' dir='ltr' id='par_1_108' title="bbox 297 2815 1085 2850">
     <span class='ocr_line' id='line_1_109' title="bbox 297 2815 1085 2850; baseline 0.005 -11"><span class='ocrx_word' id='word_1_825' title='bbox 297 2817 385 2840; x_wconf 79' lang='lat' dir='ltr'><strong>turam</strong></span> <span class='ocrx_word' id='word_1_826' title='bbox 398 2821 473 2846; x_wconf 87' lang='lat' dir='ltr'><strong>esse;</strong></span> <span class='ocrx_word' id='word_1_827' title='bbox 487 2815 556 2848; x_wconf 86' lang='lat' dir='ltr'><strong>quod</strong></span> <span class='ocrx_word' id='word_1_828' title='bbox 572 2815 608 2842; x_wconf 89' lang='lat' dir='ltr'><strong>illi</strong></span> <span class='ocrx_word' id='word_1_829' title='bbox 622 2823 673 2843; x_wconf 90' lang='lat' dir='ltr'><strong>non</strong></span> <span class='ocrx_word' id='word_1_830' title='bbox 688 2816 810 2850; x_wconf 89' lang='lat' dir='ltr'><strong>privandi</strong></span> <span class='ocrx_word' id='word_1_831' title='bbox 827 2817 881 2844; x_wconf 89' lang='lat' dir='ltr'><strong>sint</strong></span> <span class='ocrx_word' id='word_1_832' title='bbox 897 2817 941 2843; x_wconf 89' lang='lat' dir='ltr'><strong>illa</strong></span> <span class='ocrx_word' id='word_1_833' title='bbox 950 2816 984 2845; x_wconf 87' lang='lat' dir='ltr'><strong>ad</strong></span> <span class='ocrx_word' id='word_1_834' title='bbox 999 2816 1085 2843; x_wconf 78' lang='lat' dir='ltr'><strong>Abra-</strong></span> 
     </span>
    </p>
   </div>
   <div class='ocr_carea' id='block_1_109' title="bbox 297 2859 1085 2899">
    <p class='ocr_par' dir='ltr' id='par_1_109' title="bbox 297 2859 1085 2899">
     <span class='ocr_line' id='line_1_110' title="bbox 297 2859 1085 2899; baseline 0.005 -12"><span class='ocrx_word' id='word_1_835' title='bbox 297 2859 359 2888; x_wconf 77' lang='lat' dir='ltr'><strong>ham</strong></span> <span class='ocrx_word' id='word_1_836' title='bbox 379 2860 460 2894; x_wconf 82' lang='lat' dir='ltr'><strong>facta,</strong></span> <span class='ocrx_word' id='word_1_837' title='bbox 475 2865 502 2888; x_wconf 87' lang='lat' dir='ltr'><strong>et</strong></span> <span class='ocrx_word' id='word_1_838' title='bbox 529 2869 575 2896; x_wconf 75' lang='lat' dir='ltr'><strong>per</strong></span> <span class='ocrx_word' id='word_1_839' title='bbox 591 2869 632 2890; x_wconf 92' lang='lat' dir='ltr'><strong>me</strong></span> <span class='ocrx_word' id='word_1_840' title='bbox 653 2863 778 2891; x_wconf 89' lang='lat' dir='ltr'><strong>onmibus</strong></span> <span class='ocrx_word' id='word_1_841' title='bbox 800 2863 922 2899; x_wconf 63' lang='lat' dir='ltr'><strong>gintibus</strong></span> <span class='ocrx_word' id='word_1_842' title='bbox 945 2871 993 2898; x_wconf 83' lang='lat' dir='ltr'><strong>per</strong></span> <span class='ocrx_word' id='word_1_843' title='bbox 1007 2863 1085 2899; x_wconf 88' lang='lat' dir='ltr'><strong>hujus</strong></span> 
     </span>
    </p>
   </div>
   <div class='ocr_carea' id='block_1_110' title="bbox 1174 2540 1930 2578">
    <p class='ocr_par' dir='ltr' id='par_1_110' title="bbox 1174 2540 1930 2578">
     <span class='ocr_line' id='line_1_111' title="bbox 1174 2540 1930 2578; baseline -0.001 -10"><span class='ocrx_word' id='word_1_844' title='bbox 1174 2552 1184 2568; x_wconf 72' lang='grc' dir='ltr'>ε</span> <span class='ocrx_word' id='word_1_845' title='bbox 1209 2542 1378 2578; x_wconf 65' lang='grc' dir='ltr'>Ἐμϐλὲῲατε</span> <span class='ocrx_word' id='word_1_846' title='bbox 1394 2543 1434 2573; x_wconf 71' lang='grc' dir='ltr'><strong>εἰς</strong></span> <span class='ocrx_word' id='word_1_847' title='bbox 1453 2541 1578 2577; x_wconf 79' lang='grc' dir='ltr'>’Λϐραὰμ</span> <span class='ocrx_word' id='word_1_848' title='bbox 1592 2541 1638 2568; x_wconf 81' lang='grc' dir='ltr'>τὸν</span> <span class='ocrx_word' id='word_1_849' title='bbox 1653 2541 1760 2577; x_wconf 82' lang='grc' dir='ltr'>πατέρα</span> <span class='ocrx_word' id='word_1_850' title='bbox 1776 2540 1865 2576; x_wconf 80' lang='grc' dir='ltr'>ὑμῶν,</span> <span class='ocrx_word' id='word_1_851' title='bbox 1884 2541 1930 2567; x_wconf 78' lang='grc' dir='ltr'>καὶ</span> 
     </span>
    </p>
   </div>
   <div class='ocr_carea' id='block_1_111' title="bbox 1137 2585 1927 2629">
    <p class='ocr_par' dir='ltr' id='par_1_111' title="bbox 1137 2585 1927 2629">
     <span class='ocr_line' id='line_1_112' title="bbox 1137 2585 1927 2629; baseline -0.005 -13"><span class='ocrx_word' id='word_1_852' title='bbox 1137 2590 1176 2620; x_wconf 77' lang='grc' dir='ltr'>εἰς</span> <span class='ocrx_word' id='word_1_853' title='bbox 1192 2588 1300 2624; x_wconf 78' lang='grc' dir='ltr'>Σάρραν</span> <span class='ocrx_word' id='word_1_854' title='bbox 1309 2589 1357 2624; x_wconf 84' lang='grc' dir='ltr'><strong>τὴν</strong></span> <span class='ocrx_word' id='word_1_855' title='bbox 1365 2587 1512 2614; x_wconf 81' lang='grc' dir='ltr'>ὠδίνουσαν</span> <span class='ocrx_word' id='word_1_856' title='bbox 1531 2587 1618 2622; x_wconf 75' lang='grc' dir='ltr'>ὑμᾶς’</span> <span class='ocrx_word' id='word_1_857' title='bbox 1634 2587 1675 2613; x_wconf 79' lang='grc' dir='ltr'>ὅτι</span> <span class='ocrx_word' id='word_1_858' title='bbox 1691 2585 1731 2618; x_wconf 80' lang='grc' dir='ltr'><strong>εἷς</strong></span> <span class='ocrx_word' id='word_1_859' title='bbox 1744 2585 1788 2622; x_wconf 81' lang='grc' dir='ltr'><strong>ἦν,</strong></span> <span class='ocrx_word' id='word_1_860' title='bbox 1803 2587 1849 2629; x_wconf 66' lang='grc' dir='ltr'>καὶ</span> <span class='ocrx_word' id='word_1_861' title='bbox 1863 2586 1927 2612; x_wconf 71' lang='grc' dir='ltr'>ἐκα-</span> 
     </span>
    </p>
   </div>
   <div class='ocr_carea' id='block_1_112' title="bbox 1135 2630 1930 2666">
    <p class='ocr_par' dir='ltr' id='par_1_112' title="bbox 1135 2630 1930 2666">
     <span class='ocr_line' id='line_1_113' title="bbox 1135 2630 1930 2666; baseline -0.005 -6"><span class='ocrx_word' id='word_1_862' title='bbox 1135 2634 1200 2660; x_wconf 86' lang='grc' dir='ltr'>λεσα</span> <span class='ocrx_word' id='word_1_863' title='bbox 1216 2633 1308 2664; x_wconf 80' lang='grc' dir='ltr'>αὑτὸν,</span> <span class='ocrx_word' id='word_1_864' title='bbox 1330 2633 1377 2659; x_wconf 80' lang='grc' dir='ltr'>καὶ</span> <span class='ocrx_word' id='word_1_865' title='bbox 1398 2632 1534 2666; x_wconf 83' lang='grc' dir='ltr'>εὐλόγησα</span> <span class='ocrx_word' id='word_1_866' title='bbox 1551 2632 1646 2663; x_wconf 74' lang='grc' dir='ltr'>αὑτὸν,</span> <span class='ocrx_word' id='word_1_867' title='bbox 1666 2632 1712 2658; x_wconf 75' lang='grc' dir='ltr'>καὶ</span> <span class='ocrx_word' id='word_1_868' title='bbox 1732 2631 1864 2666; x_wconf 78' lang='grc' dir='ltr'>ἠγάπησα</span> <span class='ocrx_word' id='word_1_869' title='bbox 1880 2630 1930 2656; x_wconf 72' lang='grc' dir='ltr'><strong>αὑ·</strong></span> 
     </span>
    </p>
   </div>
   <div class='ocr_carea' id='block_1_113' title="bbox 1134 2674 1928 2713">
    <p class='ocr_par' dir='ltr' id='par_1_113' title="bbox 1134 2674 1928 2713">
     <span class='ocr_line' id='line_1_114' title="bbox 1134 2674 1928 2713; baseline -0.003 -8"><span class='ocrx_word' id='word_1_870' title='bbox 1134 2679 1190 2711; x_wconf 76' lang='grc' dir='ltr'>τὸν,</span> <span class='ocrx_word' id='word_1_871' title='bbox 1213 2679 1260 2705; x_wconf 77' lang='grc' dir='ltr'><strong>καὶ</strong></span> <span class='ocrx_word' id='word_1_872' title='bbox 1286 2678 1424 2713; x_wconf 79' lang='grc' dir='ltr'><strong>ὲπλήθυνα</strong></span> <span class='ocrx_word' id='word_1_873' title='bbox 1453 2678 1544 2706; x_wconf 78' lang='grc' dir='ltr'>αὐτόν,</span> <span class='ocrx_word' id='word_1_874' title='bbox 1571 2688 1581 2705; x_wconf 73' lang='grc' dir='ltr'><strong><em>ι</em></strong></span> <span class='ocrx_word' id='word_1_875' title='bbox 1607 2679 1710 2713; x_wconf 79' lang='grc' dir='ltr'>’Ὠσπερ</span> <span class='ocrx_word' id='word_1_876' title='bbox 1732 2674 1779 2704; x_wconf 79' lang='grc' dir='ltr'><strong>οὖν</strong></span> <span class='ocrx_word' id='word_1_877' title='bbox 1805 2677 1854 2704; x_wconf 71' lang='grc' dir='ltr'><strong>ἐπὶ</strong></span> <span class='ocrx_word' id='word_1_878' title='bbox 1882 2676 1928 2703; x_wconf 73' lang='grc' dir='ltr'>τὸν</span> 
     </span>
    </p>
   </div>
   <div class='ocr_carea' id='block_1_114' title="bbox 1141 2721 1927 2760">
    <p class='ocr_par' dir='ltr' id='par_1_114' title="bbox 1141 2721 1927 2760">
     <span class='ocr_line' id='line_1_115' title="bbox 1141 2721 1927 2760; baseline -0.005 -9"><span class='ocrx_word' id='word_1_879' title='bbox 1141 2724 1266 2760; x_wconf 73' lang='grc' dir='ltr'>Ἀϐραὰμ</span> <span class='ocrx_word' id='word_1_880' title='bbox 1277 2724 1426 2758; x_wconf 78' lang='grc' dir='ltr'>πεποίηκα,</span> <span class='ocrx_word' id='word_1_881' title='bbox 1442 2722 1528 2755; x_wconf 68' lang='grc' dir='ltr'>οὕτως</span> <span class='ocrx_word' id='word_1_882' title='bbox 1543 2723 1581 2759; x_wconf 85' lang='grc' dir='ltr'>μὴ</span> <span class='ocrx_word' id='word_1_883' title='bbox 1597 2721 1811 2757; x_wconf 77' lang='grc' dir='ltr'>ἀπογινώσκετε,</span> <span class='ocrx_word' id='word_1_884' title='bbox 1828 2722 1866 2753; x_wconf 78' lang='grc' dir='ltr'><strong>ὡς</strong></span> <span class='ocrx_word' id='word_1_885' title='bbox 1880 2721 1927 2748; x_wconf 68' lang='grc' dir='ltr'>καὶ</span> 
     </span>
    </p>
   </div>
   <div class='ocr_carea' id='block_1_115' title="bbox 1138 2768 1924 2807">
    <p class='ocr_par' dir='ltr' id='par_1_115' title="bbox 1138 2768 1924 2807">
     <span class='ocr_line' id='line_1_116' title="bbox 1138 2768 1924 2807; baseline -0.005 -10"><span class='ocrx_word' id='word_1_886' title='bbox 1138 2770 1192 2797; x_wconf 78' lang='grc' dir='ltr'><strong>ἀπὸ</strong></span> <span class='ocrx_word' id='word_1_887' title='bbox 1203 2770 1253 2804; x_wconf 76' lang='grc' dir='ltr'>τῆς</span> <span class='ocrx_word' id='word_1_888' title='bbox 1267 2770 1369 2805; x_wconf 80' lang='grc' dir='ltr'>πέτρας</span> <span class='ocrx_word' id='word_1_889' title='bbox 1380 2769 1492 2805; x_wconf 80' lang='grc' dir='ltr'>ταύτης,</span> <span class='ocrx_word' id='word_1_890' title='bbox 1507 2770 1540 2807; x_wconf 80' lang='grc' dir='ltr'><strong>ἣν</strong></span> <span class='ocrx_word' id='word_1_891' title='bbox 1553 2770 1632 2804; x_wconf 80' lang='grc' dir='ltr'>ὑμεῖς</span> <span class='ocrx_word' id='word_1_892' title='bbox 1643 2768 1718 2795; x_wconf 72' lang='grc' dir='ltr'>αὐτοὶ</span> <span class='ocrx_word' id='word_1_893' title='bbox 1729 2768 1924 2803; x_wconf 77' lang='grc' dir='ltr'>ἐλατομήσατε,</span> 
     </span>
    </p>
   </div>
   <div class='ocr_carea' id='block_1_116' title="bbox 1138 2812 1925 2850">
    <p class='ocr_par' dir='ltr' id='par_1_116' title="bbox 1138 2812 1925 2850">
     <span class='ocr_line' id='line_1_117' title="bbox 1138 2812 1925 2850; baseline -0.005 -8"><span class='ocrx_word' id='word_1_894' title='bbox 1138 2816 1214 2843; x_wconf 80' lang='grc' dir='ltr'>ἔσται</span> <span class='ocrx_word' id='word_1_895' title='bbox 1225 2824 1267 2847; x_wconf 85' lang='grc' dir='ltr'><strong>τις</strong></span> <span class='ocrx_word' id='word_1_896' title='bbox 1282 2815 1359 2847; x_wconf 77' lang='grc' dir='ltr'>ἐλπὶς</span> <span class='ocrx_word' id='word_1_897' title='bbox 1376 2815 1485 2849; x_wconf 82' lang='grc' dir='ltr'>ἁπάσης</span> <span class='ocrx_word' id='word_1_898' title='bbox 1501 2814 1653 2850; x_wconf 77' lang='grc' dir='ltr'>ἀνθρώποις</span> <span class='ocrx_word' id='word_1_899' title='bbox 1669 2813 1815 2849; x_wconf 78' lang='grc' dir='ltr'>σωτηρίας,</span> <span class='ocrx_word' id='word_1_900' title='bbox 1832 2812 1870 2844; x_wconf 85' lang='grc' dir='ltr'>ὡς</span> <span class='ocrx_word' id='word_1_901' title='bbox 1888 2812 1925 2847; x_wconf 77' lang='grc' dir='ltr'>μὴ</span> 
     </span>
    </p>
   </div>
   <div class='ocr_carea' id='block_1_117' title="bbox 1139 2858 1925 2898">
    <p class='ocr_par' dir='ltr' id='par_1_117' title="bbox 1139 2858 1925 2898">
     <span class='ocr_line' id='line_1_118' title="bbox 1139 2858 1925 2898; baseline -0.02 3"><span class='ocrx_word' id='word_1_902' title='bbox 1139 2861 1333 2898; x_wconf 68' lang='grc' dir='ltr'><strong>ἀπολειφθῆναι</strong></span> <span class='ocrx_word' id='word_1_903' title='bbox 1348 2861 1396 2897; x_wconf 74' lang='grc' dir='ltr'><strong>τῆς</strong></span> <span class='ocrx_word' id='word_1_904' title='bbox 1413 2861 1481 2898; x_wconf 74' lang='grc' dir='ltr'>πρὸς</span> <span class='ocrx_word' id='word_1_905' title='bbox 1496 2861 1684 2898; x_wconf 72' lang='grc' dir='ltr'>τὸν.“Ᾱ6ραὰμ</span> <span class='ocrx_word' id='word_1_906' title='bbox 1696 2859 1861 2895; x_wconf 69' lang='grc' dir='ltr'>ἐπαγγελίας</span> <span class='ocrx_word' id='word_1_907' title='bbox 1876 2858 1925 2895; x_wconf 74' lang='grc' dir='ltr'><strong>τὴν</strong></span> 
     </span>
    </p>
   </div>
  </div>
