2061 3215
151 193 206 222 “5

631 190 882 220 COMMENTARIA
900 191 934 220 ΙΝ
953 191 1080 220 ιδΑιΑΜ.
1100 206 1134 212 -
1153 190 1229 221 CAP.
1250 192 1293 222 LI.

1712 195 1771 226 με

150 253 334 292 δοθησομένην
350 253 434 280 ἅπασι
447 254 503 285 τοῖς
515 252 618 280 ἔθνεσιν
629 252 658 287 ἐξ
669 253 734 289 ἐμοῦ
745 254 788 281 διὰ
802 254 851 289 τῆς
864 255 935 291 εἰρη-

986 259 1066 288 petra:
1080 255 1191 289 gratiam
1206 255 1304 288 danda,
1322 255 1507 290 promissione.
1517 254 1595 283 Petra
1612 257 1699 292 itaque
1711 262 1772 287 erat

154 301 238 337 μένης
251 301 352 335 πέτρας
364 300 453 335 χάριν.
470 297 524 326 Ἦν
544 299 593 334 μὲν
609 297 655 326 οὖν
665 300 751 335 πέτρα
766 300 852 327 καὶτὸ
864 302 934 336 σπή-

151 347 227 373 λαιον
240 345 431 380 δ’ἐλατύμησεν
449 346 464 371 ὁ
481 345 578 380 Ἰωσὴφ
593 347 633 377 εἰς
645 347 791 382 μνημεῖον·
807 346 873 373 ἀλλὰ
889 347 935 373 καὶ

151 392 196 418 τὸν
209 391 324 427 Χριστὸν
346 390 426 417 αὑτὸν
449 388 517 417 οἶδεν
537 392 551 417 ὁ
567 390 637 422 θεῖος
653 391 811 423 Ἀπόστολος
833 391 934 427 πέτραν

151 438 305 472 ὀνομάζειν,
330 437 432 472 λέγων,
452 447 461 463 1
484 437 516 464 Ἦ
542 437 570 464 δὲ
596 437 683 473 πέτρα
706 435 903 472 ἦνὸΧριστός.
923 447 932 463 ι

158 483 267 519 Ἐπειδὴ
296 485 389 519 χεῖρας
415 483 588 514 ἐπιϐαλόντες
604 482 634 509 τὺ
659 482 737 518 σῶμα
751 482 798 509 τοῦ
818 483 934 519 Χριστοῦ

152 529 322 565 ἐλωϐήσαντο
339 529 408 556 κατὰ
423 529 453 555 τὸ
467 529 552 560 πάθος
568 529 591 555 οἱ
607 529 653 556 τὸν
667 528 780 556 θάνατον
791 529 935 556 αὐτοῦ’τυ-

155 576 309 611 ρεύσαντες,
335 576 447 607 εἰκότως
465 576 534 611 προς
547 575 645 607 αὐτοὺς
660 576 764 611 εἴρηται
777 575 817 608 τὸ,
842 583 852 601 1
870 576 934 610 Ἐμ-

153 621 267 656 6λέψατε
280 623 319 653 είς
330 622 378 657 τὴν
393 622 505 657 στερεὰν
516 621 626 657 πέτραν,
641 622 673 657 ἣν
686 621 877 656 ὲλατομήσατε,
889 621 936 648 καὶ

152 668 192 699 εἰς
207 667 253 693 τὸν
269 667 378 702 βόθυνον
404 667 451 693 τοῦ
473 667 584 700 λάκκου,
605 667 635 693 ὃν
648 666 781 702 ὠρύξατε.
796 676 805 692 ι
823 667 935 701 Μήποτε

153 710 262 745 βόθυνον
284 711 384 738 λάκκου
411 711 519 746 ᾐνίξατο
542 712 590 747 τὴν
613 711 761 746 τρωθεῖσαν
779 710 826 738 τοῦ
843 710 935 746 σώμα-

150 764 198 788 τος
208 756 289 783 αὐτοῦ
304 756 433 792 πλευρὰν,
449 757 478 790 ἐξ
491 755 525 792 ἧς
535 754 602 792 αἷμα
614 757 661 782 καὶ
673 755 744 792 ’ὕδωρ
756 755 899 791 προῆλθεν,

191 856 201 873 1
219 847 273 873 Καὶ
287 846 316 873 σὲ
335 846 382 874 νῦν
402 847 592 883 παρακαλέσω,
604 847 683 880 Σιὼν,
697 846 744 874 καὶ
762 847 936 882 παρεκάλεσα

152 893 241 919 πάντα
261 892 294 919 τὰ
311 893 400 928 ἔρημα
414 893 496 928 αὐτῆς
508 902 515 908 ι
540 893 586 919 καὶ
603 892 677 928 θήσω
691 892 725 919 τὰ
737 892 825 928 ἔρημα
851 892 936 928 αὐτῆς

986 300 1040 332 illa,
1059 306 1086 327 et
1102 301 1238 334 spelunca,
1258 308 1338 334 quam
1352 300 1448 335 Joseph
1468 302 1708 330 in‘IIIOIIIlllIeltltlm
1721 312 1771 331 ex-

985 345 1099 373 cavavit.
1121 345 1156 372 At
1176 345 1312 372 Christum
1339 347 1419 373 etiam
1439 347 1544 375 divinus
1561 348 1703 382 Apostolus
1724 357 1773 384 pe-

986 396 1053 418 tram
1074 391 1207 426 appellare
1223 393 1306 424 novit,
1326 392 1417 418 dicens
1429 392 1463 424 ³⁷,
1480 401 1489 417 1
1510 392 1587 419 Petra
1601 399 1689 420 autem
1712 399 1772 423 erat

986 437 1117 464 Christus.
1131 446 1141 462 ι
1151 436 1215 469 Quia
1228 437 1332 471 injectis
1346 438 1468 465 manibus
1481 447 1577 473 corptts
1588 438 1686 466 Christi
1703 445 1773 466 tetu-

986 489 1050 516 pore
1074 482 1208 516 passionis
1223 482 1417 515 deformarunt,
1437 485 1480 518 qui
1498 490 1610 511 mortem
1631 485 1688 518 ejus
1711 494 1768 512 nta-

986 527 1084 554 chinati
1101 532 1173 560 sunt,
1187 529 1283 556 merito
1304 529 1401 556 dicitur
1419 530 1494 564 ipsis,
1506 540 1515 556 1
1529 530 1664 566 Respicite
1680 533 1705 558 in
1725 533 1773 559 tiro

986 580 1055 599 mam
1071 577 1185 608 petram,
1201 580 1280 608 quam
1306 575 1455 607 excidistis,
1469 580 1496 602 ct
1518 576 1543 602 itt
1565 575 1668 603 foveam
1685 577 1769 610 lacus.

985 625 1064 652 quam
1076 617 1216 646 etlodistis.
1232 628 1242 644 ›
1256 619 1323 646 Num
1339 620 1419 647 etiam
1433 629 1478 655 per
1493 620 1595 648 foveam
1611 622 1684 650 lacus
1701 623 1770 650 latus

985 663 1106 698 corporis
1117 664 1174 698 ejus
1186 664 1353 692 vulneratum
1370 666 1533 699 subiudicat,
1549 675 1582 694 ex
1597 676 1649 703 quo
1661 669 1771 704 sanguis

985 713 1012 736 et
1025 717 1093 744 aqua
1113 709 1295 745 proﬂuxerunt
1311 711 1323 741 ξ

1023 839 1103 868 VERS.
1116 841 1142 868 5.
1155 851 1164 867 1
1182 841 1213 869 Et
1223 847 1248 869 te
1260 850 1329 870 nunc
1343 843 1513 876 consolabor,
1529 845 1637 878 Sion,ct
1651 847 1772 874 consola-

988 890 1030 912 tus
1042 894 1100 912 sum
1117 888 1205 914 omnia
1229 889 1333 916 deserta
1350 889 1426 923 ejus:
1441 895 1466 917 et
1479 899 1575 925 ponam
1595 893 1698 920 deserta
1715 894 1772 928 ejus

152 937 190 968 ὡς
206 937 378 972 παράδεισον,
395 938 440 964 καὶ
454 937 489 964 τὰ
505 938 573 974 πρὸς
586 938 689 973 δυσμὰς
704 938 787 974 αὐτῆς
800 939 838 970 ὡς
849 939 935 974 παρά-

987 937 1112 966 tauquam
1127 934 1290 968 paradisum,
1311 940 1336 962 et
1359 943 1419 970 qua:
1434 942 1497 963 sunt
1521 938 1553 964 ad
1575 946 1699 967 occasum
1714 940 1772 974 ejus

152 982 240 1009 δεισον
258 983 369 1018 Κυρίου.
392 984 564 1019 Εὐφροσύνην
581 984 627 1010 καὶ
640 984 793 1020 ἀγαλλίαμα
806 986 935 1022 εὑρήσου-

154 1036 196 1054 σιν
209 1029 237 1054 ὲν
247 1029 325 1064 αὐτῇ,
338 1029 527 1065 ἐξομολόγησιν
539 1030 585 1056 καὶ¹
600 1030 689 1066 φωνὴν
701 1031 838 1062 αἰνέσεως.
855 1041 864 1058 ι
892 1032 936 1064 Ὠς

155 1075 186 1100 ὲν
205 1073 354 1109 παραθέσει
369 1074 397 1100 δὲ
416 1074 465 1109 τῆς
490 1074 572 1101 πάλαι
591 1075 705 1110 ἐχούσης
720 1075 765 1102 τὸν
781 1075 874 1111 ἄνδρα,
890 1076 936 1103 νῦν

153 1120 170 1154 ὴ
186 1120 214 1152 ἐξ
240 1119 323 1146 ἐθνῶν
358 1120 503 1155 Ἐκκλησία
533 1119 613 1147 πάλιν
644 1120 745 1156 ἕρημος
773 1121 934 1157 ὠνομάσθη·

152 1164 248 1200 ὥσπερ
264 1163 310 1191 οὖν
330 1165 375 1192 καὶ
394 1166 473 1198 αὐτὸς
489 1167 504 1194 ὁ
524 1168 666 1203 προφήτης
680 1167 811 1200 θεσπίζει,
837 1168 932 1203 λέγων·

155 1219 166 1237 1
181 1211 352 1246 Εὐφράνθητι
379 1212 481 1247 στείρα,
494 1213 510 1248 ὴ
526 1213 556 1238 οὐ
569 1213 696 1240 τίκτουσα
713 1221 719 1228 ·
730 1214 810 1249 ῥῆξον
821 1215 866 1240 καὶ
874 1214 936 1250 βόη-

154 1265 210 1287 σον,
225 1257 241 1291 ὴ
257 1256 306 1283 οὐκ
317 1257 446 1283 ὠδίνουσα
455 1266 461 1273 ·
476 1258 515 1284 ὅτι
524 1257 608 1285 πολλὰ
619 1258 654 1285 τὰ
668 1258 749 1285 τέκνα
759 1259 808 1294 τῆς
819 1259 934 1295 ἐρήμου,

154 1301 254 1336 μᾶλλον
270 1300 287 1334 ἢ
303 1301 353 1336 τῆς
369 1302 482 1337 ἐχούσης
496 1303 542 1329 τὸν
561 1303 655 1338 ἄνδρα.
674 1312 684 1329 ι
703 1303 751 1335 Τίς
762 1303 789 1330 δὲ
802 1301 836 1339 ἦν
854 1305 870 1339 ἡ
891 1304 935 1331 τὸν

151 1347 244 1383 ἄνδρα·
263 1347 361 1382 ἔχουσα
383 1348 439 1375 ἀλλ’
464 1348 481 1383 ἢ
497 1349 513 1384 ή
534 1349 565 1376 τὸ
585 1349 684 1385 βιϐλίον
707 1349 754 1376 τοῦ
771 1349 935 1377 ἀποστασίου

151 1393 324 1429 ποιησαμένη
334 1401 341 1426 ;

192 1448 203 1464 1
226 1438 371 1466 ’Δκούσατέ
389 1448 449 1475 μου,
467 1440 601 1467 ἀκούσατέ
615 1449 675 1476 μου,
689 1441 752 1472 λαός
769 1451 829 1477 μου,
847 1443 893 1470 καὶ
911 1443 935 1469 οί

155 1482 285 1518 βασιλεῖς,
297 1484 365 1519 πρὸς
377 1485 411 1519 μὲ
423 1485 594 1512 ἐνωτίσασθε.
610 1495 620 1512 ι
633 1486 706 1512 Ἔδει
718 1487 772 1522 γὰρ
779 1488 863 1524 καινῷ
879 1488 935 1524 λαῷ

153 1529 202 1556 καὶ
217 1528 245 1561 ἐξ
259 1529 341 1556 ἐθνῶν
354 1531 520 1566 στησομένῳ,
536 1532 582 1558 καὶ
605 1531 686 1567 νόμον
709 1532 817 1569 δοθῆναι
833 1534 934 1571 καινόν.

160 1575 191 1601 '0
209 1575 263 1610 γὰρ
278 1575 321 1602 διὰ
336 1576 456 1607 Μωσέως
474 1576 560 1609 δοθεὶς
587 1577 770 1614 ἀκατάλληλος
787 1577 820 1614 ἦν
833 1581 866 1615 τῇ
881 1580 935 1606 τῶν

154 1620 237 1646 ἐθνῶν
251 1621 382 1657 πολιτείᾳ,
406 1622 494 1648 πᾶσαν
511 1622 687 1658 περιγράφων
705 1623 753 1660 τὴν
777 1625 934 1662 σωματικὴν

153 1665 301 1701 θρησκείαν
316 1667 354 1698 εἰς
370 1666 418 1693 ἕνα
436 1669 517 1695 τόπον
531 1670 586 1701 τοῖς
603 1669 812 1706 Ἰεροσολύμοις·
840 1672 934 1708 διόπερ

152 1712 307 1746 ἀναγκαίως
318 1713 500 1748 αἰνιττόμενος
512 1714 561 1750 τὴν
574 1715 676 1751 Καινὴν
688 1716 836 1753 Διαθήκην,
851 1718 934 1745 καὶτὸ

151 1757 327 1791 εύαγγελικὺν
337 1760 466 1795 κήρυγμα
479 1761 587 1794 φάσκει,
600 1770 609 1787 1
625 1762 684 1788 ’Ότι
700 1763 780 1798 νόμος
792 1765 856 1800 παρ’
867 1765 934 1800 ἐμοῦ

150 1802 338 1837 ἐξελεύσεται,
366 1805 412 1831 καὶ
433 1806 450 1841 ὴ
473 1806 562 1842 κρίσις
584 1815 633 1842 μου
655 1808 695 1839 είς
718 1808 774 1844 φῶς
797 1809 895 1837 ἐθνῶν·
923 1820 933 1837 ι

151 1848 234 1875 πάλιν
257 1849 371 1876 ἐνταῦθα
385 1851 441 1885 φῶς
460 1853 516 1884 τοῖς
540 1851 644 1880 ἔθνεσιν
662 1853 882 1891 ὑπισχνούμενος,
903 1856 935 1883 οὐ

150 1893 209 1930 μὴν
222 1894 261 1929 τῷ
279 1895 394 1931 Ἰσραήλ.

191 1948 201 1964 1
236 1939 354 1974 Ἐγγίζει
379 1941 446 1976 ταχῦ
475 1942 492 1978 ἡ
528 1942 684 1980 δικαιοσύνη
711 1953 782 1980 μου,
810 1946 857 1973 καὶ
890 1946 935 1980 ἐξ·

148 1984 301 2012 ελεύσεται.
311 1986 349 2018 ὡς
365 1986 422 2021 φῶς
436 1988 465 2014 τὸ
481 1989 618 2025 Σωτήριόν
633 1999 683 2025 μου
697 1991 744 2017 καὶ
758 1992 797 2023 είς
811 1992 856 2019 τὸν
871 1992 936 2029 βρα-

150 2031 229 2066 χίονά
240 2041 291 2067 μου
304 2032 366 2067 ἔθνη
381 2033 518 2061 ἐλπιοῦσιν
528 2043 535 2050 ·
551 2036 600 2071 ἐμὲ
612 2037 688 2072 νῆσοι
700 2037 874 2072 ὑπομενοῦσι,
889 2039 937 2065 καὶ

150 2076 192 2107 εἰς
209 2076 253 2102 τὸν
272 2076 400 2112 βραχίονά
418 2087 467 2113 μου
482 2078 613 2107 ὲλπιοῦσι.
632 2089 641 2105 ι
654 2081 780 2117 Δευτεροῐ
795 2081 840 2108 τὸν
859 2081 936 2116 λόγον

149 2122 191 2153 εἰς
208 2121 352 2157 βεϐαίωσιν
369 2123 419 2158 τῆς
435 2124 613 2159 ἐπαγγελίας·
632 2125 803 2162 δικαιοσύνης
818 2126 872 2162 γὰρ
886 2136 935 2154 πε-

149 2168 277 2204 πλήρωτο
293 2170 306 2205 ἡ
319 2170 384 2196 πᾶσι
402 2171 457 2201 τοῖς
470 2170 573 2198 ἔθνεσιν
593 2171 622 2204 ἐξ
636 2172 693 2199 ἴσου
710 2172 866 2209 δωρουμένη
889 2174 937 2208 χά-

150 2222 209 2248 ρις·
226 2214 304 2241 τοῦτο
323 2215 351 2241 δὲ
365 2213 398 2250 ἦν
415 2216 429 2241 ὁ
443 2216 560 2251 Χριστὸς
572 2217 619 2243 τοῦ
637 2217 715 2249 Θεοῦ,
737 2218 766 2245 ὃν
784 2218 872 2246 λαῦὼν
888 2220 938 2245 Συ-

151 2258 225 2294 μεὼν
238 2261 266 2286 ὲν
275 2259 406 2294 ἀγκάλαις
419 2261 623 2296 ἀναγέγραπται
634 2263 767 2298 εἰρηκώς,
780 2273 787 2289 1
801 2264 858 2291 Νὖν
869 2265 936 2290 ἀπο·
954 2275 973 2302 ι)

150 2305 223 2337 λύεις
241 2306 286 2332 τὸν
304 2305 395 2333 δοῦλόν
410 2315 467 2338 σου,
481 2307 613 2340 Δέσποτα,
633 2308 673 2335 ὅτι
688 2307 757 2336 εῐδον
768 2310 792 2336 οί
803 2309 934 2345 ὀφθαλμοί

151 2359 202 2387 μου
213 2351 243 2377 τὸ
255 2352 390 2387 Σωτήριόν
404 2361 461 2385 σου,
482 2363 491 2378 ι
509 2353 601 2380 καὶτὰ
618 2353 691 2389 ἑξῆς.

187 2405 197 2422 1
214 2397 315 2431 Ἄρατε
328 2398 367 2428 είς
379 2397 424 2424 τὸν
442 2398 554 2434 οὐρανὸν
581 2399 643 2430 τοὺς
669 2398 823 2434 ὀφθαλμοὺς
847 2399 934 2435 ὑμῶν,

148 2442 197 2468 καὶ
213 2442 366 2477 ὲμῦλέψατε
382 2444 422 2475 εἰς
431 2444 480 2479 τὴν
494 2444 545 2479 γῆν
561 2445 651 2471 κάτω·
669 2445 707 2471 ὅτι
727 2446 741 2471 ὁ
761 2445 873 2480 οὐρανὸς
897 2445 935 2478 ὡς

149 2488 252 2520 καπνὸς
267 2488 428 2524 ὲστερεώθη,
443 2490 459 2525 ὴ
473 2490 501 2516 δὲ
515 2490 549 2526 γῆ
565 2490 601 2522 ὡς
622 2490 727 2526 ἱμάτιον
745 2491 932 2526 παλαιωθήσε-

148 2542 193 2560 ται
202 2543 209 2548 ·
228 2535 252 2560 οἱ
265 2534 293 2560 δὲ
311 2535 498 2567 κατοικοῦντες
510 2536 604 2572 ὥσπερ
616 2536 701 2563 ταῦτα
722 2536 917 2564 ἀποθανοῦνται
926 2545 934 2552 ’

149 2577 178 2603 τὸ
194 2578 223 2604 δὲ
244 2579 379 2615 Σωτήριόν
403 2589 452 2615 μου
473 2581 512 2612 εἰς
538 2581 583 2608 τὸν
606 2581 692 2608 αἰῶνα
709 2582 801 2609 ἔσται’
824 2583 841 2618 ἡ
858 2583 886 2610 δὲ
899 2584 936 2610 δι-

149 2622 278 2658 καιοσύνη
293 2632 342 2658 μου
355 2624 385 2650 οὐ
402 2624 438 2660 μὴ
452 2624 561 2661 ὲκλείψῃ
572 2634 579 2640 ·
601 2635 610 2652 ι
632 2626 686 2661 τὴν·
698 2626 812 2663 θεότητα
825 2628 872 2654 τοῦ
885 2628 937 2654 Λό-

147 2677 198 2702 γου
219 2670 404 2705 σημαινούσης
418 2671 467 2705 τῆς
486 2672 668 2707 προφητείας·
685 2672 721 2705 ὡς
742 2673 796 2709 γὰρ
815 2674 865 2709 τὴν
890 2675 937 2701 ἀν-

150 2713 312 2750 θρωπότητα
326 2715 420 2750 ἐδήλου
432 2716 475 2742 διὰ
483 2717 528 2743 τοῦ
543 2727 552 2742 1
569 2718 732 2753 Σωτηρίου,ι
743 2719 814 2747 οὕτω
828 2721 874 2748 καὶ
886 2721 935 2757 τὴν

149 2759 264 2796 θεότητα
277 2761 371 2788 τοῦτον
390 2762 499 2798 ᾐνίξατο
515 2763 559 2789 τὸν
572 2764 680 2798 τρόπον.

187 2815 197 2832 1
219 2806 364 2834 Ἀκούσατέ
377 2816 437 2843 μου,
452 2809 476 2835 οἱ
489 2808 589 2841 εἰδότες
603 2810 702 2846 κρίσιν,
718 2811 790 2844 λαὸς,
808 2808 838 2838 οὗ
854 2813 934 2848 νόμος

186 2896 231 2924 "l
254 2896 315 2925 Cur.
337 2905 362 2930 κ,
381 2898 407 2926 4.
446 2899 468 2915 οδ
483 2898 547 2927 Luc.
565 2907 594 2933 tt,
609 2900 654 2928 29.

987 982 1111 1012 tanquam
1127 980 1278 1012 paradisum
1299 980 1414 1009 Domini.
1429 982 1558 1010 Ltetitiatn
1573 989 1601 1011 et
1615 985 1773 1013 exsultatio-

986 1030 1046 1049 nem
1059 1023 1192 1050 invenient
1208 1025 1233 1050 in
1247 1032 1289 1056 ea.
1299 1026 1494 1054 confessionem
1507 1033 1534 1055 et
1549 1036 1641 1056 vocem
1657 1031 1769 1058 laudis»

986 1067 1066 1100 Quasi
1088 1068 1121 1094 ad
1141 1069 1284 1096 discrimen
1303 1070 1359 1104 ejus
1374 1079 1432 1106 qua:
1457 1073 1520 1099 olim
1545 1074 1630 1100 virum
1647 1075 1770 1107 habebat.

985 1121 1056 1141 nunc
1073 1113 1191 1142 Ecclesia
1203 1123 1234 1142 ex
1253 1117 1376 1150 gentibus
1394 1118 1530 1145 desertum
1546 1120 1632 1146 denuo
1649 1126 1770 1152 vocatur.

985 1160 1207 1193 quemadmodum
1222 1162 1291 1189 idem
1308 1163 1436 1197 propheta
1453 1165 1628 1193 vaticinatur:
1639 1176 1647 1191 1
1657 1166 1770 1200 Laetare,

985 1206 1093 1237 sterilis,
1106 1213 1167 1241 qua:
1178 1214 1229 1233 non
1250 1208 1322 1241 paris
1340 1217 1346 1234 :
1364 1216 1474 1243 erumpe
1490 1215 1516 1237 et
1531 1211 1628 1244 clama,
1645 1220 1703 1247 quae
1718 1221 1771 1240 non

986 1251 1113 1285 parturis,
1128 1251 1189 1286 quia
1216 1252 1291 1279 multi
1308 1253 1354 1280 lilii
1379 1253 1503 1287 deserta},
1522 1257 1606 1292 magis
1623 1265 1701 1291 quatn
1714 1259 1772 1292 ejus

986 1303 1043 1329 qua:
1058 1296 1138 1323 habet
1153 1297 1250 1324 virum.
1262 1307 1271 1323 ι
1286 1298 1412 1330 Quaenam
1428 1305 1487 1326 erat
1502 1300 1543 1326 illa
1557 1309 1615 1335 quae
1625 1302 1711 1329 virum
1724 1302 1773 1330 ha-

986 1340 1074 1373 bebat,
1093 1341 1144 1368 nisi
1160 1349 1219 1376 qua:
1238 1341 1358 1369 libellutn
1373 1344 1477 1378 repudii
1490 1345 1597 1372 edidit?

1020 1429 1103 1457 Vens.
1121 1430 1170 1457 4.1
1188 1431 1285 1459 Audite
1299 1439 1352 1465 me,
1373 1433 1463 1460 audite
1486 1442 1539 1467 me,
1559 1435 1654 1470 popule
1674 1436 1724 1470 mi,
1744 1440 1773 1466 et

986 1482 1074 1510 reges,
1089 1475 1121 1503 ad
1136 1483 1178 1502 tne
1188 1478 1329 1505 attendite.
1348 1488 1358 1505 ›
1379 1478 1452 1507 Novo
1472 1481 1542 1507 enim
1567 1482 1676 1516 populo,
1691 1490 1722 1510 ac
1736 1490 1772 1510 ex

985 1522 1110 1555 gentibus
1126 1523 1315 1551 constituendo
1336 1532 1432 1552 novam
1450 1526 1513 1553 dare
1527 1527 1612 1562 legem
1626 1523 1693 1562 o'pus
1702 1534 1770 1557 erat.

985 1565 1051 1593 Nam
1063 1574 1122 1601 quae
1139 1574 1187 1601 per
1200 1568 1318 1603 Moysem
1332 1569 1391 1596 data
1409 1571 1505 1603 fuerat.
1518 1573 1636 1607 gentium
1651 1573 1772 1602 instituto

985 1611 1165 1647 incongruens
1181 1619 1247 1646 erat,
1266 1619 1357 1650 utpote
1371 1623 1430 1650 qua:
1444 1622 1526 1644 totutn
1539 1626 1696 1654 corporeum
1712 1621 1770 1648 cul-

985 1663 1039 1685 tum
1048 1666 1100 1685 uno
1111 1659 1180 1690 loco.
1191 1661 1294 1688 scilicet
1305 1660 1506 1698 Hierosolymis,
1517 1665 1769 1695 circumscriberet:

984 1709 1149 1739 quapropter
1173 1705 1275 1733 Novum
1305 1706 1504 1748 Testamentum
1528 1715 1556 1737 et
1589 1712 1770 1747 evangelicum

985 1750 1201 1784 prmdicationem
1222 1752 1407 1784 subiudicaus,
1425 1755 1578 1782 necessario
1605 1756 1654 1788 ait,
1673 1765 1683 1782 1
1703 1756 1771 1790 Quia

984 1794 1027 1822 lex
1048 1803 1062 1821 a
1082 1803 1124 1823 me
1150 1798 1313 1832 egredietur,
1333 1804 1359 1826 et
1374 1799 1503 1834 judiciqu
1527 1807 1614 1828 meum
1638 1801 1664 1828 in
1680 1801 1768 1830 lucem

984 1840 1119 1875 gentium;
1141 1851 1152 1868 ι
1168 1843 1210 1870 hic
1236 1851 1341 1871 rursum
1366 1844 1453 1873 lucem
1473 1847 1606 1881 gentibus,
1631 1855 1684 1876 non
1708 1856 1771 1877 vero

985 1886 1075 1914 lsraeli
1093 1888 1263 1923 promittens.

1022 1933 1104 1961 Vsus.
1117 1934 1145 1962 5.
1172 1943 1182 1961 1
1207 1935 1412 1971 Appropinquat
1435 1937 1489 1966 cito
1510 1938 1616 1973 iustitia
1641 1947 1720 1974 mea,
1743 1945 1771 1969 et

986 1980 1137 2013 egredietur
1161 1982 1237 2015 quasi
1266 1982 1310 2009 lux
1329 1983 1452 2011 Salutare
1480 1992 1587 2017 meum,
1612 1990 1640 2013 et
1663 1987 1688 2013 in
1705 1987 1770 2014 bra-

986 2026 1076 2053 cbittm
1099 2033 1187 2054 meum
1203 2033 1296 2061 gentes
1317 2029 1464 2063 sperabunt
1478 2037 1485 2057 :
1498 2037 1540 2057 me
1562 2031 1657 2059 insulae
1672 2039 1770 2067 exspe-

986 2071 1116 2103 elabtmt,
1143 2077 1170 2100 et
1195 2073 1222 2099 in
1248 2074 1385 2101 brachium
1415 2083 1502 2102 meum
1527 2077 1683 2111 sperabunt.
1703 2086 1712 2103 ι
1731 2078 1771 2106 Ad

987 2118 1174 2151 promissionis
1191 2120 1424 2148 conﬁrmationem
1445 2123 1578 2156 promissa
1592 2124 1672 2150 iterat
1686 2133 1692 2151 :
1709 2132 1770 2152 nant

984 2163 1095 2197 justitize
1109 2164 1184 2199 plena
1205 2170 1263 2192 erat
1281 2167 1367 2201 gratia
1393 2168 1518 2195 otuuibus
1536 2170 1659 2204 gentibus
1680 2178 1771 2204 aequa-

988 2210 1049 2237 liter
1063 2211 1222 2245 distributa;
1247 2220 1277 2240 ea
1295 2213 1489 2241 cratChristus
1513 2215 1577 2246 Dei.
1601 2224 1679 2250 quem
1696 2218 1768 2244 acci-

989 2257 1064 2291 piens
1092 2258 1208 2293 Sytueon
1234 2258 1261 2285 iu
1291 2259 1369 2286 ulnas
1393 2267 1474 2293 suas,
1503 2261 1604 2288 dixisse
1629 2262 1768 2294 scn'bitur,

990 2313 1000 2329 1
1021 2304 1098 2331 Nunc
1113 2304 1225 2332 dimittis
1238 2313 1344 2332 servum
1361 2311 1432 2333 tuutu
1446 2326 1453 2337 ,
1472 2307 1582 2334 Domine
1596 2327 1603 2339 ,
1619 2308 1680 2341 quia
1694 2308 1768 2335 vide-

989 2354 1051 2376 rttnl
1069 2350 1138 2376 oculi
1156 2351 1206 2378 tuei
1222 2351 1345 2379 Salutare
1359 2356 1432 2379 tuutn
1446 2353 1479 2386 ³⁸,
1497 2363 1506 2379 ι
1527 2359 1554 2380 et
1567 2359 1672 2381 extera.

1025 2394 1107 2423 Vsus.
1123 2395 1149 2423 6.
1179 2406 1188 2422 1
1216 2397 1328 2425 Elevate
1344 2398 1370 2425 in
1385 2399 1483 2426 caelum
1500 2400 1592 2427 oculos
1605 2405 1711 2427 vestros
1725 2421 1733 2434 ,
1745 2407 1769 2428 et

989 2442 1116 2477 respicite
1130 2443 1155 2470 itt
1171 2448 1270 2471 terram
1285 2444 1412 2472 deorsum
1429 2454 1436 2478 ;
1453 2446 1576 2480 quoniam
1593 2447 1691 2473 caelum
1710 2452 1771 2473 latt-

986 2496 1065 2522 quam
1080 2488 1169 2516 fumus
1183 2490 1317 2517 lirmatum
1332 2495 1389 2523 est,
1409 2496 1479 2518 terra
1498 2496 1586 2518 autem
1605 2492 1675 2518 sicut
1691 2493 1769 2519 vcsti-

989 2539 1107 2562 tneuttttn
1123 2541 1293 2564 veterascet:
1309 2537 1354 2571 qui
1369 2543 1457 2563 autem
1482 2537 1632 2564 inhabitant
1643 2545 1701 2563 eam
1717 2538 1768 2564 sic-

990 2585 1019 2607 ut
1034 2581 1085 2609 ista
1101 2582 1250 2609 morientur
1269 2590 1277 2609 :
1294 2582 1418 2609 Salutare
1440 2590 1503 2609 vero
1526 2590 1613 2609 tueuut
1635 2583 1661 2609 iu
1685 2591 1770 2609 saecu-

991 2625 1044 2653 lum
1058 2628 1124 2661 erit;
1148 2626 1253 2662 justitia
1271 2634 1360 2655 autem
1376 2636 1434 2655 mea
1457 2637 1508 2655 nou
1523 2629 1637 2656 deﬁciet.
1655 2638 1664 2654 ι
1680 2629 1770 2656 Deita-

991 2677 1044 2700 tetu
1068 2673 1149 2701 Verbi
1170 2675 1305 2710 signiﬁcat
1329 2675 1470 2710 prophetia
1498 2684 1504 2702 :
1532 2676 1603 2701 sicut
1629 2676 1700 2702 enim
1721 2683 1769 2710 per

988 2719 1052 2747 illud
1065 2740 1073 2752 ,
1093 2729 1102 2746 1
1122 2720 1245 2748 Salutarc
1258 2740 1265 2753 ,
1298 2730 1308 2746 ι
1334 2721 1527 2749 humanitatem
1554 2722 1705 2755 indicabat;
1728 2723 1768 2751 sic

988 2765 1041 2792 isto
1057 2766 1134 2793 modo
1146 2767 1273 2794 deitatem
1292 2767 1446 2795 adumbrat.

1026 2812 1105 2842 Vsus.
1118 2813 1166 2841 7.1
1183 2813 1279 2842 Audite
1295 2814 1402 2850 me,qui
1416 2813 1492 2842 scitis
1503 2812 1642 2850 judicium,
1659 2815 1768 2852 populo,
