2061 3215
342 194 361 220 ι
366 193 396 220 l'l

678 189 812 217 EUSEBH
830 188 1070 217 CESABIENSIS
1088 187 1162 216 OPP.
1182 185 1271 213 PARS
1290 185 1335 213 Ill.
1353 200 1388 206 —
1406 185 1612 213 EXEGETICA.
1898 187 1943 214 με

343 253 420 287 cujus
434 251 475 278 lex
490 257 550 278 mea
565 249 593 276 in
608 249 689 277 corde
704 253 803 277 vestro.
820 258 829 274 ι
848 248 961 275 Videbat
973 247 1044 274 enim
1056 254 1116 274 eos.

1176 252 1226 279 μου
1236 245 1264 270 ὲν
1276 245 1310 280 τῇ
1322 243 1418 279 καρδίᾳ
1431 243 1517 278 ὑμῶν.
1534 252 1544 269 ι
1563 243 1650 278 Ἑώρα
1666 244 1731 278 γὰρ,
1746 243 1784 270 ὅτι
1797 244 1820 270 οἱ
1835 243 1942 277 θέλοντες

342 299 388 332 qui
404 298 446 332 pie
470 297 560 323 vivere
574 295 708 322 voluerint
731 295 756 321 in
773 295 880 322 Christo
893 315 900 327 ,
914 295 1123 330 persecutionem

343 351 482 380 passuros,
496 342 671 370 contumeliis
689 341 852 373 afficiendos.
868 349 899 368 ac
916 341 1080 375 contemptui
1091 341 1124 368 ab

343 391 499 418 hominibus
522 389 661 417 habendos
675 395 752 421 esse;
780 387 897 419 itemque
918 387 1005 414 omnis
1018 386 1124 421 generis

344 437 502 463 vexationes
523 435 736 468 lentationesque
751 441 926 468 perpessuros
942 441 1010 461 esse.
1026 432 1125 466 Quam-

343 484 436 510 obrem
450 502 458 515 ,
486 487 515 509 ut
539 482 610 516 ipsos
628 480 729 507 ntuniat
742 484 770 506 et
788 479 885 509 firmet.
908 479 964 514 jam
981 479 1041 506 hinc
1057 486 1124 513 pra:-

341 528 430 561 cipit,
456 537 466 553 ‹
496 526 536 554 Ne
565 525 680 553 linteatis
711 525 882 560 opprobrium
910 525 1070 558 hominum,
1097 530 1125 553 et

343 579 501 609 Contempto
524 581 620 601 eorum
648 580 683 600 ne
706 571 862 599 vincatnini.
891 580 901 597 ι
931 571 1056 604 Etenim,
1081 571 1123 598 in-

343 621 415 656 quit,
432 620 511 648 finem
531 627 579 648 eos
603 623 775 654 excepturum
790 618 986 646 consideratam
1006 621 1121 652 oportet.

379 714 460 741 Vens.
474 713 501 746 8,
517 713 544 741 9.
563 721 573 738 ι
591 712 657 743 Nam
676 712 747 739 sicut
761 711 960 744 vestimentum,
975 718 990 738 a
1004 715 1125 746 tempore

343 764 530 791 consumetur,
543 763 570 786 et
588 759 658 786 sicut
680 758 751 791 lana,
774 758 927 786 comedetur
940 765 954 784 a
971 758 1039 784 tinea
1058 757 1123 792 :ju-

343 806 417 833 stitia
432 811 522 833 autem
544 813 602 832 mea
620 805 645 831 in
671 805 797 832 stccnlum
815 800 873 831 erit.~
890 814 898 832 :
922 804 1046 831 Saiulare
1060 812 1124 832 vero

342 859 431 878 meum
449 852 475 878 iu
490 851 679 886 generationes
695 851 909 885 gctterationum.
925 851 1060 885 Exsurge,
1073 859 1123 879 ex-

342 906 421 934 surge
435 919 442 930 ,
457 898 606 925 Jerusalem
621 918 627 928 ,
644 903 671 925 et
686 898 798 925 induere
816 898 1000 926 fortitudinem
1017 899 1120 926 brachii

343 946 391 973 tui.
406 945 527 979 Exsurge
550 944 621 971 sicut
634 944 659 971 in
677 945 809 979 principio
822 945 886 977 diei,
900 946 970 972 sicut
984 946 1122 980 generatio

341 991 442 1018 szecttli.
461 1000 470 1016 ι
489 991 545 1018 lloc
559 991 792 1024 additamentum,
811 1000 820 1017 ι
837 991 986 1019 Jerusalem
1000 1013 1007 1024 ,
1027 1002 1036 1019 ι
1053 997 1081 1019 ιιι
1095 993 1121 1020 in

340 1036 472 1064 Hebraica
493 1037 608 1064 lectione
632 1037 731 1068 fertur,
756 1038 782 1065 iu
800 1039 914 1073 reliquis
929 1040 1122 1073 interpretibus

341 1091 394 1110 non
415 1088 568 1118 comparet;
587 1084 634 1111 sed
646 1091 740 1111 omnes
754 1085 793 1112 sic
806 1085 948 1112 ediderunt
965 1095 971 1112 :
991 1095 1001 1111 ι
1020 1086 1122 1112 [Exsur-

340 1137 383 1164 κο,
400 1137 526 1164 exsurge,
539 1130 651 1157 induere
668 1131 861 1162 fortitudinem,
873 1131 1014 1158 brachium
1031 1131 1121 1158 Domi-

339 1175 379 1202 ni.
397 1185 407 1201 ι
426 1176 578 1203 Secundum
595 1184 689 1203 omnes
704 1177 786 1212 igitur
799 1185 851 1204 tton
865 1176 1015 1204 Jerusalem
1032 1185 1122 1204 sermo

337 1221 501 1255 compellat,
519 1222 565 1248 sed
581 1223 722 1249 brachium
739 1223 861 1255 Domini;
876 1224 939 1251 hinc
954 1231 1122 1258 consequen-

336 1270 380 1294 ter
392 1274 441 1301 par
455 1273 496 1294 est
512 1271 540 1294 ut
555 1268 636 1294 etiam
652 1275 701 1295 nos
717 1269 749 1295 ad
768 1267 908 1295 brachium
929 1268 1055 1301 Domini,
1082 1269 1121 1301 ip-

338 1312 396 1339 sitts
422 1312 526 1340 Domini
556 1313 792 1347 compellationem
817 1313 967 1341 referamus
982 1335 989 1346 ,
1009 1315 1042 1341 de
1067 1322 1121 1348 quo

339 1358 464 1392 superius
475 1356 580 1386 dictum
599 1364 662 1392 est,
680 1369 689 1385 ι
707 1360 737 1387 Et
754 1359 779 1387 itt
796 1361 935 1388 brachium
953 1368 1042 1388 meum
1056 1368 1121 1395 gen-

341 1408 381 1431 tes
391 1405 546 1439 sperabunt.
567 1415 576 1431 ι

373 1461 456 1490 Vnus.
474 1463 506 1490 l0
519 1484 526 1495 ,
542 1464 583 1490 li.
604 1473 613 1490 ε
634 1465 727 1492 Nonne
743 1468 770 1490 tu
785 1472 814 1491 es
827 1485 834 1497 ,
852 1472 911 1499 qua:
929 1464 1063 1492 desertum
1082 1464 1120 1492 fe-

337 1507 398 1535 cisti
416 1516 501 1541 mare,
518 1518 601 1544 aquas
620 1511 709 1546 abyssi
724 1511 844 1538 multas?
857 1519 917 1546 qua:
936 1512 1047 1546 posuisti
1059 1519 1120 1546 pro-

336 1553 448 1582 fundum
465 1556 548 1583 maris
562 1557 632 1583 viam
650 1558 781 1584 transitus
797 1558 839 1589 iis,
851 1558 895 1592 qui
913 1557 1017 1584 liberati
1033 1563 1059 1585 et
1074 1565 1116 1584 re-

336 1599 435 1636 :ietrpti
461 1602 591 1630 fuerunt?
613 1604 635 1630 A
660 1604 773 1631 Domino
795 1604 866 1631 enim
891 1604 1062 1636 reducentur,
1090 1609 1117 1631 et

335 1647 444 1674 venient
457 1648 483 1675 in
503 1649 567 1676 Sion
582 1657 642 1676 cum
659 1649 750 1677 lmtitia
765 1654 792 1678 et
812 1650 995 1678 exsultatione
1016 1650 1117 1684 sempi-

335 1697 422 1721 terna.
439 1694 466 1721 ln
479 1696 568 1730 capite
581 1697 651 1723 enim
665 1704 758 1724 eorum
777 1697 836 1724 laus
848 1716 856 1728 ,
874 1701 901 1724 ct
914 1696 1004 1724 lmtitia
1019 1705 1116 1731 appre-

335 1737 436 1767 hemlet
452 1747 498 1768 eos
520 1750 528 1769 :
551 1741 618 1777 fugit
635 1742 712 1770 dolor
725 1747 753 1769 et
769 1750 879 1775 mceror,
895 1747 922 1770 et
941 1743 1057 1778 gemitus
1074 1753 1081 1770 :
1103 1753 1112 1770 ι

333 1787 444 1820 quando
465 1788 536 1815 omni
558 1789 655 1816 timore
670 1789 809 1823 exempti,
828 1796 880 1816 non
899 1789 968 1816 ultra
992 1789 1117 1818 inimicos

337 1836 366 1859 et
382 1833 494 1861 adversa
500 1834 554 1862 rios
565 1835 788 1862 reformidabunt.

367 1889 450 1919 Vens.
465 1890 508 1918 12.
522 1891 587 1918 Nam
607 1901 617 1918 ι
636 1900 669 1919 ex
686 1892 787 1920 rmlesti
801 1892 865 1920 Sion
881 1892 1012 1920 abscessit
1028 1893 1114 1927 dolor,

331 1942 434 1963 mmror
457 1941 484 1964 et
503 1938 629 1972 gemitus.
644 1938 699 1971 Ego
716 1947 787 1972 sum,
804 1946 854 1974 ego
866 1946 936 1971 sum,
956 1939 1000 1974 qui
1018 1946 1116 1967 conso-

332 1980 373 2008 lor
401 1986 437 2010 te.
465 1983 540 2010 Scito
564 1991 624 2018 qua!
651 1984 756 2018 fueris,
779 1989 806 2012 et
822 1985 945 2012 timueris
959 1985 991 2012 ab
1007 1985 1116 2013 homine

333 2027 452 2059 mortali,
464 2033 492 2055 et
505 2036 521 2055 a
539 2029 594 2056 filio
610 2030 736 2061 hominis.
752 2031 795 2065 qni
810 2031 886 2065 quasi
901 2031 991 2058 fenum
1003 2032 1114 2066 arefacti

332 2077 408 2100 eunt.
426 2083 434 2099 ι
451 2073 510 2108 Ipse
523 2083 639 2109 namque
653 2081 695 2103 est
709 2077 862 2110 propitiatio
878 2082 981 2109 nostra,
996 2079 1041 2112 qui
1054 2085 1115 2105 con-

334 2118 440 2145 solatur
462 2120 585 2149 humiles.
611 2121 650 2148 Tu
667 2123 739 2149 enim
764 2122 796 2149 ad
825 2123 970 2157 imaginem
988 2130 1075 2150 meam
1098 2130 1113 2149 a

333 2172 378 2192 me
390 2165 470 2196 facta,
487 2169 605 2194 maximo
621 2169 718 2195 donata
734 2176 763 2195 es
779 2169 893 2201 honore,
909 2169 978 2197 quod
995 2176 1037 2195 tne
1051 2176 1114 2195 con-

331 2210 478 2239 solatorem
494 2213 606 2240 haberes
625 2221 813 2250 :quapropter
827 2216 899 2248 dico,
928 2225 938 2242 ‹
963 2215 1020 2250 Ego
1040 2224 1110 2247 sum,

1174 290 1292 322 εὐσεϐῶς
1307 290 1355 324 ζῇν
1370 291 1399 316 ἐν
1413 289 1522 324 Χριστῷ
1543 289 1734 324 διωχθήσονται
1755 290 1799 316 καὶ
1812 290 1942 326 evastati?)-

1175 344 1275 366 σονται,
1287 335 1334 362 καὶ
1342 335 1567 370 φαυλισθήσονται
1578 335 1631 361 ὑπὸ
1646 335 1805 371 ἀνθρώπων,
1820 335 1943 372 atoma;

1173 390 1202 408 τε
1215 381 1357 413 παντοίους
1372 382 1418 408 καὶ
1440 382 1607 416 πειρασμοὺς
1624 381 1796 417 ὑπομενοῦσι.
1814 382 1858 408 Διὸ
1875 391 1942 417 περι-

1175 429 1300 463 φράττων
1331 429 1428 459 αὐτοὺς
1463 427 1587 454 ἐντεῦθεν
1619 428 1668 464 ἤδη
1702 428 1882 463 παραγγέλλει
1907 429 1943 456 λέ-

1173 482 1239 508 γων’
1261 483 1270 499 ι
1292 474 1336 509 Μὴ
1361 473 1484 508 φοϐεῖσθε
1506 474 1653 509 ὀνειδισμὸν
1676 474 1836 510 ἀνθρώπων,
1854 475 1943 511 καὶτῷ

1173 519 1317 554 φαυλισμῷ
1341 519 1429 546 αὐτῶν
1453 519 1489 555 μὴ
1505 519 1630 554 ἡττᾶσθε.
1650 529 1661 545 ›
1676 520 1736 555 Χρὴ
1757 519 1813 556 γὰρ
1841 521 1943 557 ἀφορᾷν,

1174 565 1250 601 φησὶ,
1267 565 1313 592 ἐπὶ
1327 565 1357 592 τὸ
1367 565 1551 601 διαδεξόμενον
1567 566 1663 598 αὐτοὺς
1679 566 1763 598 τέλος.

1210 723 1220 741 ‹
1246 714 1289 746 Ὠς
1308 714 1362 750 γὰρ
1387 714 1492 749 ἱμάτιον
1517 712 1683 748 βρωθησεται
1703 712 1755 739 ὑπὸ
1779 713 1890 748 χρόνου,
1905 714 1944 740 καὶ

1173 759 1210 792 ὤς
1235 760 1296 795 ἔρια
1328 759 1495 795 βρωθήσεται
1519 759 1571 785 ὑπὸ
1593 759 1681 793 σητός·
1707 760 1724 794 ἡ
1748 759 1776 784 δὲ
1800 759 1942 794 δικαιοσύνη

1173 814 1224 841 μου
1240 807 1279 837 είς
1292 805 1337 832 τδν
1367 805 1452 832 αἰῶνα
1468 805 1553 831 ἔσται·
1574 804 1604 831 τδ
1633 804 1661 831 δὲ
1688 805 1824 840 Σωτήριόν
1851 813 1898 840 μον
1911 806 1945 836 εἰς

1172 851 1268 886 γενεὰς
1301 851 1411 885 γενεῶν.
1441 850 1608 886 Ἐξεγείρου,
1638 849 1783 885 ἐξεγείρου,
1824 851 1945 885 Ἰερουσα-

1172 896 1236 932 λὴμ.
1249 898 1294 923 καὶ
1304 897 1409 923 ἔνδυσαι
1424 896 1472 932 τὴν
1495 897 1569 931 ἰσχὺν
1585 895 1631 922 τοῦ
1660 896 1800 931 βραχίονός
1818 904 1873 922 σου.
1896 896 1946 928 Ἐξ-

1173 943 1282 978 εγείρου
1290 943 1327 974 ὡς
1343 944 1371 970 ὲν
1392 943 1462 978 ἀρχῇ
1482 942 1598 978 ἡμέρας,
1616 941 1654 973 ὡς
1675 942 1754 976 γενεὰ
1774 941 1878 973 αἰῶνος.
1891 951 1899 967 ι
1916 942 1942 968 Ἦ

1174 988 1327 1023 προσθήκη,
1345 997 1354 1013 ι
1377 987 1562 1023 Ἰερουσαλὴμ,
1581 996 1590 1012 ι
1607 986 1644 1018 ὡς
1661 987 1689 1013 ὲν
1703 988 1736 1022 τῇ
1753 987 1881 1023 Ἐὃραῖκῇ
1890 987 1943 1013 ἀνα-

1172 1033 1279 1068 γνώσει,
1297 1033 1358 1060 οὔτε
1383 1034 1412 1060 ἐν
1430 1035 1487 1065 τοῖς
1507 1033 1609 1065 λοιποῖς
1633 1034 1813 1070 ὲρμηνευταῖς
1832 1033 1942 1068 φέρεται,

1172 1080 1238 1106 ἀλλὰ
1255 1080 1352 1112 πάντες
1366 1080 1452 1111 οὕτως
1464 1079 1611 1112 ἐξέδωκαν·
1629 1088 1638 1105 ι
1664 1078 1828 1114 Ἐξεγείρου,
1846 1077 1943 1112 ἐξεγεί-

1173 1136 1230 1163 ρου,
1243 1127 1348 1153 ἔνδυσαι
1362 1127 1470 1162 κράτος,
1491 1126 1608 1162 βραχίων
1628 1126 1740 1160 Κυρίου.
1760 1135 1770 1152 ι
1790 1126 1867 1152 Κατὰ
1884 1125 1942 1151 πάν-

1171 1181 1220 1204 τας
1234 1173 1322 1199 τοίνυν
1343 1173 1373 1198 οὺ
1394 1174 1427 1208 τῇ
1455 1172 1631 1208 Ἰερουσαλὴμ
1655 1171 1668 1197 ὁ
1691 1172 1768 1206 λόγος
1789 1172 1941 1208 προσφωνεῖ,

1171 1217 1238 1244 ἀλλὰ
1254 1217 1292 1252 τῷ
1311 1217 1431 1253 βραχίονι
1455 1218 1566 1253 Κυρίου·
1594 1218 1737 1245 ἀκόλουθον
1756 1217 1779 1245 δ”
1802 1218 1835 1245 ἃν
1849 1218 1888 1252 είη
1904 1217 1942 1243 καὶ

1171 1264 1243 1299 ἡμᾶς
1269 1264 1307 1295 είς
1330 1264 1376 1290 τὸν
1405 1263 1532 1299 βραχίονα
1565 1264 1666 1300 Κυρίου
1693 1265 1743 1300 τὴν
1768 1264 1815 1291 τοῦ
1850 1265 1940 1300 Κυρίου

1171 1309 1361 1344 προσφώνηςιν
1375 1309 1528 1344 ἀναφέρειν,
1550 1310 1612 1344 περὶ
1634 1307 1663 1337 οὗ
1686 1309 1813 1345 ἀνωτέρω
1827 1310 1939 1346 εἴρηται,

1173 1363 1184 1380 ι
1201 1355 1254 1381 Καὶ
1268 1355 1314 1380 ὲπὶ
1328 1354 1372 1382 τὸν
1388 1354 1515 1390 βραχίονα
1531 1363 1582 1391 μου
1592 1355 1654 1391 ἔθνη
1669 1355 1818 1383 ἐλπιοῦσιν.
1835 1365 1844 1382 ι

1207 1474 1217 1491 ι
1234 1465 1272 1492 Οὔ
1288 1466 1320 1492 σὺ
1335 1463 1386 1501 εῐή
1403 1465 1542 1501 ὲρημοῦσα
1564 1465 1708 1497 θάλασσαν,
1732 1466 1806 1502 ὕδωρ
1831 1464 1938 1493 “tit-voti

1169 1511 1285 1545 πλῆθος
1295 1512 1311 1547 ἡ
1323 1510 1398 1538 θεῖσα
1407 1511 1440 1538 τὰ
1453 1511 1520 1546 βάθη
1530 1512 1579 1547 τῆς
1589 1511 1724 1547 θαλάσσης
1736 1512 1793 1538 ὁδὸν
1802 1511 1938 1542 διαϐάσεως

1170 1557 1310 1592 ρυομένοις
1336 1557 1382 1584 καὶ
1409 1557 1637 1593 λελυτρωμένοιςς
1673 1557 1740 1584 Ὑπὸ
1762 1557 1817 1593 γὰρ
1845 1557 1936 1593 Κυρίου

1169 1603 1433 1639 ἀποστραφήσονται,
1450 1604 1497 1630 καὶ⁹
1507 1603 1615 1638 ἥξουσιν
1629 1605 1668 1635 εἰς
1687 1603 1754 1631 Σιὼν
1775 1603 1833 1638 μετ’
1853 1604 1938 1638 είιφρο⁹

1169 1648 1250 1684 σύνης
1265 1649 1312 1676 καὶ
1325 1649 1524 1684 ἁγαλλιάματος
1538 1650 1656 1676 αίωνίου.
1685 1649 1745 1676 Ἐπὶ
1761 1649 1880 1684 κεφαλῆς
1892 1647 1938 1683 γὰρ

1167 1694 1255 1721 αὐτῶν
1271 1695 1382 1726 αἵνεσις,
1401 1695 1447 1721 καὶ
1460 1693 1610 1729 εὐφροσύνη
1631 1693 1814 1729 καταλήψεται
1834 1692 1936 1724 αὐτούς’

1167 1740 1272 1776 ἀπέδρα
1292 1739 1371 1775 ὀδύνη
1395 1740 1442 1767 καὶ
1455 1739 1536 1775 λύπη,
1551 1740 1597 1766 καὶ
1617 1740 1800 1775 στεναγμόςσι
1817 1740 1860 1766 ὅτε
1881 1738 1935 1769 καὶ,

1167 1785 1266 1816 παντὸς
1289 1785 1372 1819 φόϐου
1395 1785 1472 1817 ὲκτὺς
1502 1785 1658 1821 γενόμενοι,
1685 1785 1775 1812 οὐκέτι
1803 1784 1936 1820 πολεμίους

1165 1831 1225 1858 οὐδὲ
1240 1831 1351 1868 ἐχθροὺς
1365 1831 1534 1866 φοϐήσονται.

1203 1907 1213 1924 ι
1235 1898 1280 1924 Ἐν
1299 1907 1308 1924 ι
1325 1897 1378 1933 γὰρ
1397 1907 1406 1924 ι
1422 1899 1455 1934 τῇ
1478 1898 1630 1933 ἐπουρανίῳ
1651 1898 1718 1924 Σιὼν
1743 1899 1849 1934 ἀπέδρα
1866 1896 1934 1931 ὀδύνη

1165 1944 1212 1971 καὶ
1230 1943 1312 1979 λύπη,
1339 1945 1385 1970 καὶ
1415 1944 1572 1979 στεναγμός.
1602 1944 1671 1979 Ἑγὼ
1692 1946 1759 1980 εἰμι,
1779 1945 1834 1978 ἐγώ
1848 1945 1910 1980 εἰμι,
1923 1944 1936 1970 6

1165 1989 1331 2025 παρακαλῶν
1349 1998 1388 2016 σε.
1407 1989 1492 2016 Γνῶθι
1515 1991 1558 2022 τίς
1577 1988 1654 2022 οὖσα,
1675 1990 1811 2026 ἐφοϐήθης
1830 1991 1881 2018 ἀπὸ
1895 1991 1936 2016 ἀν-

1165 2034 1273 2070 θρώπου
1298 2034 1406 2070 θνητοῦ,
1431 2035 1479 2062 καὶ
1503 2035 1557 2062 ἀπὺ
1579 2035 1637 2062 υίοῦ
1663 2036 1817 2072 ἀνθρώπου,
1840 2036 1864 2064 οἱ
1878 2036 1935 2062 ὡσεὶ

1164 2079 1259 2115 χόρτος
1274 2080 1469 2115 ὲξηράνθησαν.
1489 2090 1499 2106 ι
1520 2080 1605 2112 Αὐτὸς
1628 2082 1681 2117 γάρ
1703 2083 1776 2108 ἐστιν
1800 2083 1814 2109 ὁ
1836 2081 1935 2116 ὶλασμὺς

1163 2126 1251 2160 ἡμῶν,
1266 2126 1312 2152 καὶ
1324 2127 1338 2152 ὁ
1351 2126 1515 2161 παρακαλῶν
1528 2128 1590 2158 τοὺς
1601 2127 1751 2159 ταπεινούς.
1770 2128 1806 2155 Σὺ
1828 2128 1875 2163 μὲν
1889 2127 1934 2162 γὰρ

1164 2171 1223 2198 κατ’
1235 2172 1325 2199 εἰκόνα
1339 2173 1470 2207 γενομένη
1490 2174 1555 2207 παρ’
1575 2173 1653 2208 ἐμοῦ,
1681 2173 1812 2209 μεγίστης
1830 2173 1934 2208 ἠξίωσαι

1162 2218 1255 2253 τιμῆς,
1267 2218 1305 2250 ὡς
1319 2218 1533 2254 παρακαλεῖσθαι
1551 2219 1596 2245 ὑπ’
1613 2219 1690 2254 ἐμοῦ·
1703 2219 1742 2246 διό
1754 2228 1835 2255 φημι,
1847 2229 1855 2244 ι
1873 2217 1933 2252 Ἐγώ

331 2258 378 2291 qui
390 2258 516 2286 consolor
530 2264 583 2287 te.»
599 2259 694 2295 lgn’oro
711 2266 799 2288 autem
815 2269 869 2297 quo
886 2266 979 2296 pacto,
996 2262 1111 2296 dignita-

1172 2264 1219 2297 :i9.t
1235 2264 1249 2289 ὁ
1263 2263 1427 2298 παρακαλῶν
1444 2273 1483 2290 σε.
1506 2274 1515 2289 ι
1537 2265 1593 2291 Οὐκ
1612 2263 1669 2292 οἴδα
1685 2265 1712 2291 δὲ
1732 2266 1806 2297 ὅπως
1820 2263 1932 2291 ἐπιλαθο·

330 2303 367 2331 tis
393 2304 535 2333 iutmetnor
561 2311 633 2339 tum,
662 2306 798 2334 formidini
826 2313 852 2334 et
871 2308 968 2334 terrori
992 2308 1110 2343 subjecta

331 2348 426 2378 fueris.
445 2350 508 2378 Haec
523 2359 604 2386 porro
617 2353 681 2379 dicit
693 2354 768 2387 quasi
785 2353 974 2380 formidolosus
997 2359 1024 2380 et
1037 2354 1111 2380 inlir-

331 2397 442 2430 miores,
455 2398 499 2432 qui
522 2399 547 2425 in
570 2399 689 2426 Ecclesia
705 2405 779 2432 suat,
796 2400 935 2434 alloquens
952 2408 959 2427 :
974 2407 1034 2426 nam
1051 2408 1111 2435 per-

328 2441 406 2477 fecti,
423 2450 456 2470 et
472 2445 518 2479 qui
543 2446 665 2480 martyrii
679 2453 779 2472 corona
803 2446 926 2473 exornati
954 2450 1036 2478 sunt,
1052 2447 1110 2481 ejus

328 2494 392 2517 sunt
411 2490 522 2526 gloriam
543 2492 693 2519 consecuti.
718 2493 855 2527 Siquidem
871 2501 931 2520 cttm
954 2501 1002 2528 par
1017 2494 1110 2524 fuisset

329 2539 355 2562 te
369 2541 441 2563 metu
458 2541 485 2564 et
498 2538 678 2565 commotione
696 2546 808 2565 saeuum
824 2546 942 2572 manere,
957 2545 1050 2574 utpote
1063 2549 1110 2576 po-

327 2583 420 2616 pulum
433 2592 532 2618 meunt,
548 2585 582 2612 ad
597 2585 676 2612 finem
694 2586 879 2619 corruptibilis
894 2586 1033 2613 hominum
1049 2587 1110 2614 titan

326 2629 537 2664 respicientem;
562 2636 644 2665 atque
669 2632 777 2658 eosdem
795 2631 869 2666 ipsos
883 2651 890 2663 ,
910 2639 978 2666 quos
995 2633 1109 2660 extime-

325 2677 421 2704 scebas
434 2697 442 2709 ,
462 2686 477 2705 a
493 2678 583 2706 futura
598 2679 719 2714 pernicie
734 2680 869 2713 eximere;
886 2684 912 2706 tu
930 2684 1037 2708 contra.
1049 2679 1108 2707 illos

325 2722 512 2758 reformidans,
755 2724 757 2727 ’

360 2800 499 2829 V£n3.13.
520 2811 529 2828 α
557 2802 663 2832 Oblitus
681 2811 710 2831 es
725 2803 787 2838 Dei,
803 2804 848 2840 qui
874 2805 936 2832 fecit
950 2808 986 2838 te,
1004 2813 1049 2840 qu.
1063 2805 1104 2832 fe—

323 2845 480 2878 citcmlum,
497 2848 544 2882 qui
568 2849 692 2877 fundavit
708 2855 808 2878 terram
825 2856 873 2879 :et
891 2851 1004 2880 timuisti
1030 2859 1100 2880 sem-

324 2899 375 2928 per
397 2892 522 2923 omnibus
544 2895 637 2925 diebus
660 2895 758 2926 faciem
782 2897 829 2926 ine
852 2897 1007 2928 tribulantis
1032 2903 1067 2926 te.
1090 2908 1100 2925 ι

1164 2309 1231 2344 μένη
1244 2310 1293 2344 τῆς
1312 2309 1413 2345 σαυτῆς
1429 2310 1517 2343 ἀξίας,
1536 2311 1620 2346 δειλία
1640 2311 1764 2346 ὑπήχθης
1781 2312 1827 2338 καὶ
1845 2310 1933 2345 ἐφοϐή-

1162 2354 1221 2390 Θης.
1236 2355 1316 2389 Λέγει
1328 2355 1355 2381 δὲ
1371 2355 1457 2382 ταῦτα
1479 2356 1516 2387 ὠς
1541 2355 1607 2391 πρὸς
1627 2356 1690 2387 τοὺς
1710 2356 1871 2391 δειλοτέρους
1892 2354 1932 2381 καὶ

1161 2400 1369 2436 ἀσθενεστέρους
1382 2401 1432 2436 τῆς
1463 2400 1639 2436 Ἐκκλησίας·
1665 2402 1689 2427 oi
1710 2400 1764 2436 γὰρ
1785 2399 1930 2427 τελειωθέν‹

1160 2455 1215 2479 τες,
1230 2447 1276 2474 καὶ
1294 2449 1349 2478 τοῖς
1363 2449 1391 2473 ὲν
1407 2447 1545 2483 μαρτυρίῳ
1561 2446 1702 2481 στεφάνοις
1722 2444 1931 2481 κατακοσμηθέν-

1159 2501 1215 2524 τες,
1228 2492 1321 2528 ἔτυχον
1339 2493 1389 2528 τῆς
1406 2492 1469 2528 παρ’
1484 2492 1564 2519 αὖτοῦ
1586 2492 1672 2526 δόξης.
1690 2492 1753 2518 Δέον
1769 2491 1822 2527 γὰρ
1841 2490 1930 2526 ἄφοὸόν

1161 2546 1191 2563 σε
1204 2538 1250 2564 καὶ
1262 2538 1395 2573 ἀτάραχον
1406 2537 1552 2573 διαμένειν,
1563 2537 1601 2569 ὡς
1611 2537 1643 2564 ἂν
1656 2537 1721 2572 ἐμὸν
1735 2538 1799 2564 ὅντα
1814 2535 1883 2567 λαὸν,
1896 2536 1930 2565 είς

1160 2583 1189 2609 τὺ
1202 2583 1275 2615 τέλος
1299 2584 1441 2619 ἀφορῶντα
1451 2584 1500 2618 τῆς
1513 2583 1634 2618 φθαρτῆς
1648 2583 1701 2609 τῶν
1720 2582 1867 2618 ἀνθρώπων
1886 2580 1929 2614 φύ-

1160 2637 1239 2660 σεως,
1254 2630 1300 2655 καὶ
1313 2628 1360 2655 τοῦ
1378 2629 1518 2664 μέλλοντος
1529 2629 1639 2664 ὀλέθρου
1651 2627 1818 2661 διαδέξασθαι
1828 2627 1928 2656 τούτους

1158 2673 1271 2710 αὐτοὺς..
1302 2673 1349 2705 οὒς
1377 2673 1525 2709 ἐφοϐήθης·
1557 2673 1588 2699 σὺ
1617 2673 1645 2700 δὲ
1667 2673 1776 2704 τούτους
1801 2673 1848 2708 μὲν
1871 2672 1927 2705 ἐφο-

1159 2719 1256 2755 ὃήθης,

1194 2817 1204 2833 ‹
1223 2807 1367 2848 Ἐπελάθου
1383 2807 1412 2834 δὲ
1428 2808 1495 2835 Θεὸν
1511 2808 1555 2835 τδν
1572 2808 1722 2844 ποιήσαντά
1739 2816 1779 2840 σε,
1797 2807 1840 2834 τὺν
1856 2804 1924 2839 ποιή-

1157 2861 1241 2881 σαντα
1256 2853 1301 2880 τὸν
1316 2853 1427 2889 οὐρανὸν
1449 2854 1494 2880 καὶ
1511 2853 1710 2888 θεμελιώσαντα
1730 2853 1779 2888 τὴν
1800 2851 1863 2887 γῆνν
1884 2849 1924 2877 καὶ

1157 2898 1252 2934 ὲφοΰοῦ
1265 2899 1308 2927 ἀεὶ
1325 2898 1414 2932 πάσας
1428 2899 1477 2931 τὰς
1489 2898 1596 2935 ἡμέρας
1617 2898 1646 2926 τὸ
1664 2898 1805 2935 πρόσωπον
1823 2895 1866 2924 τοῦ
1884 2894 1924 2922 θυ-
