2061 3215
141 179 195 208 “9

631 175 883 205 COMMENTABIA
901 176 935 205 IN
955 175 1085 205 ISAIAM.
1105 193 1139 199 —-
1155 176 1232 206 CAP.
1252 177 1295 206 LI.

1708 178 1763 208 I50

142 236 195 275 μοῦ
208 236 255 265 τοῦ
270 236 407 268 θλίϐοντός
418 244 459 263 σε.
481 244 491 262 ι
508 235 554 262 Διὸ
573 234 620 263 καὶ
639 236 702 267 τοὺς
717 235 788 262 κατὰ
802 235 852 271 τῆς
872 236 925 262 Ἐκ-

984 235 1046 263 Ideo
1062 236 1096 263 ad
1124 236 1312 271 probationem
1333 234 1496 265 athletarum
1522 243 1644 264 meorum
1669 238 1762 272 perse-

140 281 257 319 κλησίας
272 282 322 319 τῆς
337 283 405 318 ὲμῆς
425 282 563 317 διωγμοὺς
588 282 627 313 εἰς
648 281 763 318 δοκιμὴν
784 281 838 309 τῶν
854 281 928 318 ἐμῶν

139 329 266 365 ἀθλητῶν
280 327 381 364 ἀφίημι
398 328 445 355 καὶ
455 327 588 363 συγχωρῶ
602 327 735 361 γενεσθαι.

178 386 188 402 ι
212 377 260 403 Ὃν
274 375 373 411 τρόπον
392 375 446 411 γὰρ
465 374 642 400 ὲῢουλεύσατο
665 374 712 400 τοῦ
734 372 799 410 ἆραῐ
818 383 857 406 σε,
881 374 928 401 καὶ

139 422 187 449 νῦν
204 422 257 449 ποῦ
273 422 286 448 ὁ
303 421 387 457 Ουμὸς
401 421 447 447 τοῦ
462 420 597 452 ϐλίϐοντός
619 428 665 452 as;
689 420 732 446 Ἐν
749 421 802 455 γὰρ
818 420 856 455 τῷ
874 420 927 446 σώ-

139 469 233 502 ζεσθαί
248 477 289 500 σε,
305 469 334 494 οὔ
352 468 488 503 στήσεται,
503 467 562 493 οὐδὲ
578 469 690 502 moves?-
709 467 749 493 ὅτι
769 465 824 500 ἐγὼ
837 468 850 492 ὁ
862 466 927 498 Θεός

141 524 200 547 σου,
216 516 230 542 ὁ
240 514 383 550 ταράσσων
394 514 443 548 τὴν
457 513 603 544 Θάλασσαν,
623 513 669 539 καὶ
685 512 758 548 ἠχῶν
773 513 808 538 τὰ
818 512 927 547 κύματα

139 562 234 597 αὐτῆς,
246 560 347 595 Κύριος
365 558 477 586 Σαϐαὼθ
491 560 575 594 ὄνομα
594 568 648 594 μοι,
663 559 744 595 Θήσω
756 560 818 591 τοὺς
834 559 928 592 λόγους

141 616 192 643 μου
207 608 247 638 εἰς
263 607 293 632 τὸ
304 606 391 641 στόμα
406 614 463 635 σου,
481 605 527 631 καὶ⁴
542 606 593 631 ὑπὸ
604 606 652 639 τὴν
671 605 749 631 σκιὰν
764 606 813 641 τῆς
836 605 927 640 χειρός

142 663 191 689 μου
209 653 338 680 σκεπὰσω
355 660 394 683 σε,
410 652 438 678 ὲν
488 651 589 687 ἐστησα
602 650 646 677 τὸν
665 651 777 686 οὐρανὸν
799 651 845 677 καὶ
869 651 928 677 ὲῦε-

142 700 261 736 μελίωσα
275 699 325 734 τὴν
341 699 401 733 γῆν.
425 707 434 723 )
460 697 503 729 Ὠς
520 697 552 724 ἂν
569 697 604 733 μή
621 706 648 723 τι
665 697 760 728 πάθοις
780 697 833 723 τῶν
850 697 926 723 ἐνανα

138 746 205 772 τίων
218 744 270 771 ὑπὸ
285 743 339 770 τῶν
351 742 548 778 πολεμούντων,
567 742 611 769 ἵνα
621 742 649 769 δὲ
665 742 704 768 ἔτι
716 742 813 777 μᾶλλον
827 741 928 778 θαρσα-

139 789 188 816 λέα
206 789 272 824 γένῃ
289 788 335 815 καὶ
343 787 473 823 ἀτρεμὴς,
490 787 537 813 καὶ
554 787 687 819 ἄπτωτος,
706 787 832 822 μάνθανε,
848 787 886 818 ὡς
898 787 927 813 ἐν

139 836 236 871 τῇὲμῇ
254 834 335 869 χειρὶ,
356 830 416 869 ἐνῇ
437 833 538 868 ἕστησα
558 833 603 859 τὸν
627 833 739 869 οὐρανὸν
763 833 810 860 καὶ
829 833 925 867 ὲυεμε-

139 880 224 908 λίωσα
239 881 288 915 τὴν
304 880 365 914 γῆν,
381 879 427 905 καὶ
442 878 487 905 τὸν
501 878 646 914 σύμπαντα
660 878 759 913 κόσμον
777 879 808 905 ἐκ
824 878 871 904 τοῦ
888 878 925 914 μὴ

136 926 215 958 ὖντος
227 927 266 957 εἰς
283 926 313 951 τὸ
329 923 398 951 εἶναι
414 925 582 960 παρήγαγον,
599 925 627 951 ὲν
640 924 724 959 ταύτῃ
739 924 884 950 σκεπάσειν
896 931 926 949 σε

139 972 352 1007 ἐπαγγέλλομαι.
371 971 403 997 Τί
413 970 459 997 οὖν
475 971 527 1006 χρὴ
548 971 666 1006 ἀγωνὶᾷν
686 971 702 1005 ἢ
720 970 859 1005 φοϐεῖσθαι
880 969 927 1004 φό-

139 1019 187 1045 ϐον
209 1017 386 1052 ἀνθρώπινον,
412 1017 470 1044 δέον
495 1017 654 1052 ὑποτρέχειν
672 1016 720 1052 τὴν
746 1016 814 1052 ἐμὴν
837 1017 925 1049 σκιὰν,

139 1064 209 1100 μηδὲ
223 1065 372 1099 ἀναχωρεῖν
385 1063 479 1098 αὐτῆς,
502 1062 570 1089 ἀλλὰ
596 1062 642 1089 καὶ
668 1062 731 1094 τοὺς
755 1062 849 1096 λόγους
876 1071 926 1097 μου

139 1111 254 1138 πάντοτε
266 1111 357 1146 φέρειν
369 1109 412 1136 διὰ
425 1109 555 1144 στόματος
567 1117 574 1141 ;

179 1167 188 1183 ι
206 1157 261 1184 Καὶ
275 1158 332 1191 ὲρεῐ
346 1155 425 1188 Σιὼν,
440 1156 510 1187 Λαὸς
524 1164 573 1191 μου
585 1151 610 1181 εἴ
627 1154 668 1181 σύ.
691 1153 843 1190 Ἐξεγείρου
858 1174 865 1187 ,
884 1156 927 1187 eg-

136 1204 258 1239 εγείρου,
277 1203 419 1238 ἀνάστηθι,
439 1201 625 1237 Ἰερουσαλὴμ,
645 1201 773 1236 ἠπιοῦσα
785 1202 816 1227 ὲκ
837 1202 927 1237 χειρὸς

139 1250 242 1286 Κυρίου
264 1250 294 1276 τὸ
306 1250 434 1285 ποτήριον
455 1248 501 1275 τοῦ
522 1248 607 1284 θυμοῦ
623 1247 719 1274 αὑτοῦ·
744 1248 773 1274 τὺ
799 1249 926 1283 ποτήριον

139 1298 193 1332 γὰρ
209 1297 258 1331 τῆς
278 1296 414 1327 πτώσεως,
432 1295 462 1321 τὸ
480 1295 556 1321 κόνδυ
577 1294 622 1320 τοῦ
647 1293 731 1329 θυμοῦ
753 1293 856 1325 ἐξέπιες
880 1293 926 1320 καὶ

138 1342 317 1375 ὲξεκένωσας.
332 1352 342 1368 ι
358 1342 450 1368 Ἔοικε
466 1341 607 1376 σημαίνειν
621 1340 664 1366 διὰ
677 1339 777 1366 τούτων
786 1339 834 1374 τὴν
847 1339 926 1373 ὲσχὰ-

139 1398 189 1425 την
206 1389 290 1423 αὐτῆς
307 1387 419 1420 πτῶσιν⁷
435 1388 468 1422 ἣν
484 1386 601 1413 πέπονθε
620 1386 687 1421 μετὰ
708 1385 742 1412 τα
758 1385 926 1420 τολμηθέντα

135 1436 169 1462 ἐν
186 1436 253 1470 αὐτῇ
265 1434 334 1462 κατᾶ
347 1434 393 1461 τοῦ
407 1434 531 1469 Σωτῆρος
548 1433 625 1468 ἡμῶν
636 1441 642 1447 ι
659 1432 698 1458 διὸ
716 1432 762 1458 καὶ
779 1432 827 1466 τῆς
842 1432 925 1466 ὀργῆς

136 1482 186 1508 ’τοῦ
201 1481 267 1508 Θεοῦ
284 1480 426 1516 ἐπειράθη.
439 1479 561 1515 Χρηστος
578 1479 604 1505 δὲ
620 1478 656 1504 ὢν
679 1479 693 1504 ὁ
714 1478 791 1511 λόγος
805 1477 850 1504 καὶ
867 1477 927 1512 φιλ-

137 1527 298 1563 άνθρωπος,
333 1525 399 1553 καὶ¹
414 1526 450 1561 μὴ
486 1525 644 1560 βουλόμενος
668 1524 712 1550 τὴν
740 1524 852 1550 θάνατον
877 1523 924 1550 τοῦ

980 282 1103 310 cutiones
1134 288 1227 311 contra
1259 282 1409 310 Ecclesiam
1441 289 1530 310 meam
1558 282 1672 311 excitari
1696 291 1761 319 per—

979 328 1067 356 mitto.

1014 373 1097 402 Vsus.
1115 375 1160 407 Η,
1176 374 1219 403 16.
1237 385 1246 400 ι
1266 374 1342 402 Sicut
1357 374 1429 401 enim
1446 375 1575 409 cogitavit.
1596 375 1690 403 tollere
1717 380 1760 408 te,

978 425 1003 446 et
1020 428 1089 448 ntmc
1101 421 1143 447 ubi
1157 426 1198 448 est
1211 420 1286 448 furor
1298 420 1453 448 tribulantis
1463 422 1504 448 le?
1515 421 1581 448 Cum
1591 422 1664 449 enim
1673 422 1763 448 salva-

979 467 1062 498 ht-ris,
1079 475 1132 493 non
1149 468 1251 500 stabit,
1265 474 1351 501 neque
1364 467 1407 494 diu
1422 468 1589 501 permanebit
1605 477 1612 494 :
1631 469 1692 503 quia
1711 476 1763 502 ego

979 513 1049 540 Deus
1067 518 1137 545 tuus,
1155 514 1199 547 qui
1223 514 1355 540 conturho
1371 521 1456 546 mare,
1469 519 1495 540 et
1519 521 1615 541 sonare
1629 514 1699 541 facio
1713 513 1763 540 flii-

978 564 1036 586 ctus
1051 559 1109 594 ejus
1126 579 1133 591 ,
1150 560 1278 586 Dominus
1304 559 1422 586 Sabaoth
1445 568 1541 587 nomen
1558 561 1635 587 mihi.
1661 560 1761 588 Pouam

977 606 1058 633 verba
1075 613 1134 632 mea
1161 606 1187 632 in
1204 613 1252 632 ore
1268 610 1333 637 tuo,
1350 610 1378 632 et
1393 606 1443 632 sub
1458 606 1552 632 umbra
1571 614 1668 634 manus
1695 614 1762 634 mea:

976 656 1114 686 protegam
1135 656 1170 682 te,
1189 652 1215 678 in
1231 660 1283 686 qua
1299 652 1380 679 statui
1396 652 1492 679 coelum
1506 672 1514 684 ,
1530 657 1558 679 et
1573 652 1682 679 fundavi
1708 657 1762 680 ter-

977 704 1045 723 ram.
1063 706 1072 723 ι
1093 697 1131 724 Ne
1147 697 1212 731 quid
1228 698 1334 724 adversi
1349 698 1460 732 patiaris
1475 699 1508 724 ab
1524 699 1738 733 oppugnantibus
1752 719 1760 734 ,

978 744 1031 770 imo
1045 748 1074 770 ιιι
1089 744 1277 776 confidentior,
1290 744 1471 778 imperterrita
1486 749 1513 771 et
1529 745 1690 772 inconcussa
1702 753 1762 779 per-

977 795 1049 822 stes,
1068 790 1157 817 discas
1175 798 1218 817 me
1234 798 1315 817 manu
1333 798 1391 817 mea
1406 810 1414 822 ,
1431 797 1482 823 qua
1508 790 1589 816 statui
1610 790 1708 817 malum
1735 796 1762 820 et

977 837 1084 864 fundavi
1103 844 1203 865 terram
1220 856 1228 870 ,
1252 843 1279 864 et
1294 837 1451 865 universum
1473 838 1600 863 mundum
1618 844 1651 864 ex
1675 837 1761 866 nihilo

977 883 1008 909 ad
1027 883 1212 910 exsistentiam
1228 884 1353 918 produxi,
1366 889 1392 911 te
1407 887 1592 917 protecturum
1606 891 1666 911 esse
1683 884 1761 919 polli-

977 928 1042 955 ceri.
1060 929 1128 962 Quid
1145 937 1209 964 ergo
1235 929 1343 964 angoris
1357 949 1365 962 ,
1383 933 1430 956 aut
1453 929 1591 956 hominum
1617 930 1762 960 formidine

977 976 1126 1010 occuparis,
1141 984 1202 1003 cum
1223 976 1257 1003 ad
1273 976 1395 1003 umbram
1414 983 1500 1003 meam
1518 976 1684 1012 confugere,
1711 986 1761 1006 nec

978 1022 1011 1048 ab
1027 1029 1057 1048 ea
1072 1022 1198 1050 recedere
1210 1027 1344 1057 oporteat.
1354 1027 1436 1057 atque
1449 1030 1589 1050 sermones
1606 1031 1680 1052 IIICUS
1690 1033 1760 1052 sem-

977 1075 1025 1103 per
1041 1068 1066 1095 in
1084 1076 1131 1095 ore
1145 1069 1216 1095 ferre
1228 1076 1296 1103 opus
1309 1069 1369 1096 sit?

1012 1156 1093 1184 Vens.
1117 1157 1158 1183 Π.
1176 1166 1185 1182 ι
1205 1157 1237 1184 Et
1254 1158 1325 1185 dicet
1352 1157 1428 1189 Sion.
1449 1157 1566 1193 Populus
1580 1168 1655 1188 meus
1673 1166 1756 1191 es'tu.

978 1202 1115 1236 Excitarc,
1130 1204 1260 1237 excitare,
1273 1211 1399 1239 exsurge.
1416 1205 1577 1239 Jerusalem,
1591 1213 1651 1241 qua:
1665 1208 1756 1235 bibisti

976 1249 1009 1276 de
1024 1257 1102 1276 manu
1117 1249 1221 1276 Domini
1238 1251 1349 1277 calicem
1363 1251 1461 1278 furoris
1473 1251 1529 1285 ejus
1546 1252 1674 1279 :ealicem
1685 1254 1757 1280 enim

977 1295 1061 1321 ruinae
1075 1315 1082 1327 ,
1100 1301 1127 1322 et
1149 1296 1272 1330 poculum
1296 1296 1396 1323 furoris
1411 1296 1469 1330 ejus
1483 1298 1589 1325 ebibisti
1605 1303 1632 1325 et
1645 1307 1759 1326 evacua-

976 1341 1021 1368 sti.
1040 1351 1049 1367 ι
1066 1341 1112 1368 llis
1123 1342 1228 1368 videtur
1243 1343 1397 1392 signiﬁcare
1409 1349 1557 1370 extremam
1572 1344 1629 1377 ejus
1640 1345 1755 1376 ruinam,

976 1395 1055 1422 quant
1080 1392 1140 1423 post
1165 1388 1318 1422 perpetr'ata
1342 1388 1441 1415 ibidem
1468 1393 1564 1415 contra
1589 1389 1756 1417 Salvatorem

977 1439 1096 1461 nostrum
1113 1434 1231 1461 facinora
1250 1442 1375 1470 perpessa
1389 1439 1432 1461 est
1446 1444 1452 1460 :
1467 1443 1552 1469 quare
1571 1435 1638 1462 iram
1656 1435 1700 1462 Dei
1711 1443 1758 1462 ex-

976 1484 1049 1514 pt‘rta
1062 1484 1112 1507 est.
1124 1480 1189 1507 Cum
1198 1484 1284 1507 autem
1297 1480 1338 1507 hic
1349 1487 1436 1507 sermo
1447 1480 1501 1515 (40)
1513 1482 1715 1509 mansaetndine
1731 1486 1759 1509 et

976 1526 1144 1553 humanitate
1166 1526 1260 1560 plenus
1283 1526 1337 1558 sit,
1360 1534 1446 1561 neque
1469 1527 1532 1554 velit
1557 1527 1628 1555 Dens
1643 1534 1758 1556 mortem

141 1572 312 1609 ἀμαρτωλοῦ,
335 1573 372 1604 ὡς
384 1572 432 1607 τὴν
452 1571 594 1607 μετάνοιαν
615 1571 707 1602 αὑτοῦ,
735 1571 859 1606 παραινεί
878 1570 925 1596 αὑ-

978 1573 1123 1607 peccatoris
1136 1592 1142 1602 .
1161 1573 1231 1600 sicut
1257 1573 1443 1607 paanitcntiam
1460 1573 1528 1606 ejus,
1545 1574 1668 1601 hortatur
1686 1575 1759 1608 ipsos

136 1621 196 1650 τοῖς
208 1619 330 1646 σπεύδειν
346 1619 385 1650 εἰς
405 1618 558 1653 μετάνοιαν,
574 1618 739 1652 ὑπογράφων
763 1616 867 1650 ἀγαθὰς
883 1616 925 1642 ὲ).-

140 1664 219 1696 πίδας
230 1666 253 1691 εἰ
267 1665 467 1700 μετανοήσειεν.
492 1663 595 1690 Οὐκοῦν
620 1663 795 1699 Ἰερουσαλήμ
814 1663 887 1688 ἐστιν
907 1663 923 1698 ἡ

140 1711 240 1737 πιοῦσα
253 1711 283 1738 τὸ
301 1711 429 1746 ποτήριον
445 1710 492 1744 τῆς
505 1710 598 1745 ὀργῆς.
619 1710 673 1736 Καὶ
691 1709 763 1735 ἔστιν
779 1709 858 1744 ἑτέρα
878 1708 925 1734 Ἱε-

142 1756 291 1791 ρουσαλὴμ,
313 1756 377 1792 περὶ
392 1753 426 1792 ἦς
441 1755 474 1781 τὰ
491 1755 607 1790 μάλιστα
626 1755 757 1786 Οεσπιζει.
783 1754 881 1789 Διόπερ
894 1754 924 1780 οὐ

139 1802 193 1838 χρὴ
211 1802 378 1836 συγχεῖσθαι,
401 1801 461 1828 οὐδὲ
477 1801 596 1836 νομίζειν
619 1802 682 1836 περὶ
708 1800 756 1836 τῆς
780 1801 864 1836 αὐτῆς
883 1800 925 1826 λέ-

140 1849 248 1882 γεσθαι,
263 1848 322 1874 οὐδὲ
334 1848 449 1874 ἐναντία.
469 1847 501 1873 Ἠ
519 1847 568 1882 μὲν
589 1847 641 1882 γάρ
663 1848 736 1873 ἐστιν
755 1847 783 1872 ὲν
806 1846 924 1882 οὐρανῷ,

138 1893 175 1930 ἧς
190 1894 237 1920 καὶ
253 1893 402 1929 βασιλεύειν
416 1893 523 1927 λέγεται
538 1893 551 1918 ὁ
567 1892 643 1924 Θεὸς,
658 1890 691 1928 ἧς
705 1891 758 1918 οὔτ’
779 1892 846 1927 ὀργὴ
865 1892 925 1919 οὗτε

140 1939 228 1975 θυμὸς
252 1939 378 1965 ἅπτεται·
402 1938 505 1973 ἀπέδρα
527 1938 580 1973 γὰρ
603 1936 683 1972 ὀδύνη
706 1937 754 1963 καὶ
777 1936 858 1972 λύπη,
878 1937 926 1963 καὶ

140 1984 293 2020 στεναγμὸς
309 1985 338 2017 ἐξ
359 1984 455 2020 αὐτῆς·
472 1985 488 2019 ἡ
503 1983 531 2009 δέ
555 1984 611 2009 ἐστι
628 1982 783 2009 συνεστῶσα
807 1982 852 2008 ἐπὶ
874 1983 926 2017 γῆς

139 2030 187 2057 τοῦ
202 2029 269 2056 Θεοῦ
282 2030 368 2062 πόλις,
385 2030 417 2056 δι’
438 2028 472 2066 ἧς
488 2029 683 2064 ἁπεδείκνυμεν
701 2028 879 2063 σημαίνεσθαι
895 2029 926 2055 τὸ

140 2075 265 2107 θεοσεϐὲς
284 2076 312 2102 ἐν
330 2075 483 2111 ἀνθρώποις
512 2076 676 2111 πολίτευμα·
700 2075 781 2109 ἑτέρα
796 2074 824 2100 δὲ
851 2075 925 2110 παρὰ

139 2121 242 2153 ταύτας
258 2121 316 2148 ἐστὶ
332 2122 348 2157 ή
366 2121 412 2147 τοῦ
430 2121 516 2157 Θυμοῦ
528 2121 573 2148 τοῦ
589 2121 656 2148 Θεοῦ
676 2121 864 2157 πεπειραμένη
882 2121 925 2149 διὰ

139 2168 190 2203 τῆς
201 2168 254 2195 τῶν
268 2168 418 2203 οἰκητόρων
434 2168 615 2203 παρανομίας.

179 2223 188 2239 ι
208 2214 262 2240 Καὶ
279 2214 328 2241 οὐκ
349 2212 382 2249 ἦν
402 2214 416 2239 ὁ
433 2214 599 2250 παρακαλῶν
617 2224 645 2241 σε
666 2215 720 2242 ἀπο
742 2215 849 2242 πάντων
872 2215 925 2241 τῶν

977 1624 1006 1645 ut
1032 1619 1066 1646 ad
1101 1618 1284 1653 paenitentiam
1318 1618 1448 1654 agendam
1483 1624 1634 1652 maturent,
1661 1620 1758 1648 bonam

977 1665 1041 1700 ipsis
1055 1673 1139 1699 spem,
1155 1666 1176 1692 si
1193 1665 1365 1699 resipiscam,
1387 1665 1538 1692 ascribens.
1563 1664 1657 1700 Itaque
1681 1664 1758 1693 Jeru-

976 1712 1058 1738 salem
1074 1716 1125 1743 est,
1138 1719 1198 1745 qua:
1215 1711 1326 1738 calicem
1341 1711 1387 1738 irae
1401 1711 1494 1738 ebibit.
1510 1711 1611 1745 Estque
1624 1719 1690 1739 sane
1703 1712 1756 1739 alia

975 1756 1137 1790 Jerusalem,
1151 1758 1184 1784 de
1197 1764 1249 1791 qua
1266 1757 1421 1792 frequenter
1439 1758 1612 1785 vaticinatur.
1632 1758 1757 1792 Quapro-
1794 1786 1798 1797 ί

976 1809 1035 1838 pter
1050 1812 1102 1831 non
1120 1808 1227 1838 oportet
1251 1810 1298 1830 eas
1324 1803 1502 1831 commiscere
1522 1809 1549 1831 et
1574 1804 1757 1837 confundere,

976 1857 1060 1884 neque
1074 1857 1169 1884 putare
1181 1849 1214 1876 de
1226 1849 1320 1876 eadem
1337 1849 1474 1876 contraria
1490 1849 1614 1882 proferri.
1629 1848 1694 1876 Nam
1704 1850 1756 1876 alia

976 1896 1002 1923 in
1017 1896 1085 1923 caelo
1102 1900 1153 1927 est,
1170 1896 1195 1922 in
1211 1902 1263 1929 qna
1279 1902 1394 1929 regnare
1416 1894 1515 1921 dicitur
1531 1895 1611 1926 Deus,
1625 1899 1651 1921 et
1663 1896 1758 1922 adver.

976 1950 1021 1969 SIIS
1037 1950 1116 1976 quam
1135 1949 1183 1979 nec
1196 1941 1234 1967 ira
1252 1948 1302 1967 nec
1317 1940 1393 1967 furor
1404 1940 1577 1972 accenditur;
1594 1941 1627 1968 ab
1638 1948 1667 1967 ea
1681 1949 1756 1967 nam-

976 1996 1027 2022 que
1039 1988 1124 2020 dolor,
1138 1995 1238 2014 mceror
1258 1994 1290 2014 ac
1310 1987 1427 2021 gemitus
1450 1986 1601 2020 abscessit;
1620 1987 1670 2014 alia
1691 1995 1757 2014 vero

976 2034 1070 2061 civitas
1086 2034 1132 2060 Dei
1149 2034 1174 2060 in
1190 2037 1262 2060 terra
1281 2033 1433 2060 consistens
1447 2037 1505 2064 est.
1521 2039 1601 2067 quam
1616 2033 1756 2068 signiﬁca-

976 2087 1005 2108 re
1028 2080 1144 2107 diumus
1158 2079 1313 2114 religiosum
1329 2079 1398 2113 apud
1416 2079 1538 2106 homines
1560 2079 1666 2106 vivendi
1682 2079 1758 2106 insti-

977 2132 1062 2153 tntum
1075 2135 1082 2159 ;
1100 2131 1198 2160 praeter
1213 2126 1294 2153 hasce
1306 2132 1369 2152 vero
1381 2124 1432 2151 alia
1447 2125 1575 2157 est,iram
1587 2124 1632 2152 Dei
1646 2129 1757 2163 experta

976 2173 1010 2199 ob
1024 2173 1122 2199 civium
1140 2180 1248 2199 suorum
1266 2172 1448 2206 iniquitatem.

1015 2219 1094 2246 Vsus.
1112 2219 1155 2250 18,
1181 2218 1222 2245 19.
1243 2227 1252 2244 ε
1274 2218 1306 2245 Et
1321 2222 1445 2247 nouerat
1460 2217 1504 2253 qui
1521 2217 1706 2245 consolaretur
1730 2222 1756 2244 te

138 2259 241 2288 τέκνων
258 2269 316 2293 σου,
337 2256 374 2286 ὧν
391 2259 499 2291 ἔτεκες·
518 2260 564 2286 καὶ
586 2260 634 2286 οὐκ
657 2258 691 2295 ἦν
703 2261 717 2286 ὁ
731 2260 925 2295 ἀντιλαμϐανό-

979 2272 1011 2291 ex
1027 2265 1152 2291 omnibus
1168 2264 1229 2291 filiis
1243 2265 1305 2296 tuis,
1323 2273 1392 2300 quos
1406 2265 1533 2300 peperisti
1551 2273 1557 2292 :
1572 2270 1598 2292 et
1624 2273 1675 2292 non
1698 2270 1757 2292 erat

140 2315 221 2343 μενος
235 2307 284 2342 τῆς
296 2306 386 2342 χειρός
395 2315 451 2338 σου,
464 2306 523 2333 οὐδὲ
535 2306 588 2334 ἀπὸ
596 2307 704 2333 πάντων
718 2306 771 2333 τῶν
786 2306 850 2333 υἱῶν
866 2315 924 2339 σου,

138 2351 176 2381 ὧν
191 2354 311 2389 ἱψωσας.
333 2352 378 2379 Διὸ
394 2352 478 2380 ταῦτα
504 2353 678 2388 ἀντικείμενα
698 2361 755 2379 σοι’
772 2353 814 2383 τίς
831 2352 926 2378 συλλυ-

139 2400 292 2436 πηθήσεταί
319 2408 377 2432 σοις
402 2399 506 2435 Πτῶμα
523 2400 756 2438 καὶοσύντριμμα.
779 2399 856 2434 λιμὸς
878 2399 925 2425 καὶ

140 2447 278 2483 μάχαιρα·
295 2446 337 2478 τίς
352 2447 534 2482 παρακαλέσει
549 2455 578 2473 σε
591 2454 598 2479 ;
618 2457 626 2472 ι
645 2447 719 2473 Πίνει
734 2447 762 2473 δέ
777 2455 818 2477 τις
830 2445 861 2472 τὸ
876 2454 924 2471 πο-

136 2493 232 2530 τήριον
248 2492 334 2528 θυμοῦ
347 2493 393 2519 καὶ
408 2493 546 2524 πτώσεως,
559 2493 606 2519 καὶ
627 2492 710 2518 πίνων
723 2491 924 2527 ὲκστραγγίςει,

138 2540 183 2566 ὅτε
196 2540 285 2571 πάσας
301 2540 446 2574 ὑφίσταται
462 2539 511 2571 τὰς
529 2538 662 2574 τιμωρίας
679 2539 725 2564 καὶ
738 2538 786 2569 τὰς
802 2537 925 2567 κολάσεις

137 2586 188 2618 τὰς
200 2586 371 2622 ἐπαγομένας
392 2586 459 2622 ὑπὲρ
477 2583 514 2612 ὧν
532 2585 648 2621 ἔπραξῖν
667 2584 857 2619 ἁτοπημάτων.
882 2583 924 2614 Ὠς

136 2633 166 2659 δὲ
181 2633 279 2669 ἰατρῶν
294 2633 387 2664 παῖδες
401 2634 456 2664 τοῖς
470 2631 632 2667 καχεκτοῦσι
658 2630 756 2665 πικρὰς
773 2629 925 2665 προσάγουη

137 2687 182 2706 σιν
192 2680 350 2711 ἀντιδόσεις,
362 2679 432 2714 ὑπὲρ
444 2678 490 2705 τοῦ
500 2677 617 2713 καθᾶραι
635 2676 684 2712 τὴν
708 2677 737 2703 ὲν
757 2675 796 2711 τῷ
820 2674 924 2710 σώματι

137 2726 322 2762 προκειμένην
339 2718 473 2753 κάκωσιν·
492 2723 563 2750 οὕτω
582 2724 630 2751 καὶ
649 2724 713 2759 περὶ
732 2722 778 2750 τοῦ
792 2721 858 2749 Θεοῦ
881 2721 923 2748 λέ-

137 2772 241 2804 λεκται,
256 2781 265 2798 ι
280 2773 409 2808 Ποτήριον
425 2772 453 2799 ἐν
470 2771 542 2807 χειρὶ
556 2770 668 2806 Κυρίου,
684 2770 755 2797 οἴνου
768 2769 897 2804 ἀκράτου,
909 2779 918 2794 ι

176 2821 201 2836 ’³
218 2819 290 2848 Psal.
311 2828 401 2852 Lxuv,
416 2820 443 2847 9.

979 2311 1023 2345 qui
1049 2311 1262 2345 appreltenderet
1279 2319 1388 2337 manum
1412 2316 1483 2337 tuam
1498 2330 1505 2343 ,
1524 2318 1556 2337 ne
1572 2318 1605 2338 ex
1631 2311 1756 2338 omnibus

978 2356 1085 2390 quidem
1104 2356 1165 2383 ﬁliis
1177 2357 1229 2383 tuis
1241 2375 1248 2388 ,
1265 2364 1332 2391 quos
1346 2356 1482 2383 exaltasti.
1504 2356 1593 2389 Quare
1607 2357 1665 2383 hzee
1687 2365 1755 2385 con-

979 2403 1059 2428 traria
1078 2402 1124 2429 tibi
1149 2409 1156 2428 :
1179 2403 1239 2437 quis
1255 2407 1341 2430 tecum
1360 2403 1591 2430 contristabitur?
1618 2402 1704 2430 Ruina
1728 2408 1755 2430 et

979 2448 1115 2481 contritio,
1133 2447 1217 2474 fames
1230 2452 1256 2475 et.
1273 2449 1393 2482 gladius;
1412 2449 1471 2483 quis
1485 2448 1667 2475 consolahitur
1681 2450 1728 2476 te?
1742 2459 1752 2476 ι

979 2494 1045 2521 Tum
1058 2495 1118 2529 quis
1131 2494 1244 2521 calicem
1272 2495 1318 2521 irae
1332 2500 1359 2522 et
1377 2495 1460 2521 ruina:
1479 2495 1578 2528 ebibit,
1603 2502 1634 2522 ac
1661 2495 1756 2523 bibens

978 2541 1103 2575 guttatim
1124 2541 1226 2573 haurit,
1242 2548 1301 2568 cum
1322 2541 1410 2567 omnia
1427 2540 1555 2575 supplicia
1568 2560 1576 2573 ,
1589 2548 1682 2567 omnes
1699 2541 1757 2567 illa-

979 2587 1162 2614 toscruciatns
1176 2587 1290 2614 sustinet
1304 2594 1352 2621 pro
1362 2587 1506 2613 sceleribus
1516 2586 1650 2614 admissis.
1659 2586 1758 2619 Quem-

977 2634 1119 2660 admodum
1135 2641 1198 2661 vcro
1213 2634 1308 2661 medici
1336 2633 1406 2660 male
1421 2633 1582 2660 habentibus
1602 2633 1697 2660 acerba
1714 2641 1757 2660 rr-

978 2679 1063 2706 media
1086 2678 1222 2711 oﬂ‘crunt,
1246 2684 1275 2706 ut
1297 2678 1488 2713 malignitatem
1504 2678 1530 2705 in
1545 2686 1656 2712 corpore
1681 2678 1756 2706 exsi-

976 2729 1092 2752 stentem
1106 2730 1264 2760 expurgem,
1279 2725 1313 2752 ita
1326 2730 1353 2751 et
1368 2725 1402 2752 de
1418 2725 1470 2752 Deo
1481 2724 1589 2756 dicitur,
1612 2734 1622 2751 ι
1633 2724 1710 2755 ϐαιὴ,
1726 2725 1753 2752 in

976 2780 1055 2800 manu
1072 2774 1187 2806 Domini,
1200 2773 1253 2800 vini
1266 2773 1331 2800 meri
1341 2773 1374 2805 ν’,
1392 2782 1402 2798 ι
1415 2777 1555 2800 et-caetcra.
1571 2772 1677 2800 Atenim
1695 2772 1756 2800 ani-

174 2868 229 2902 (40)
238 2868 320 2895 Forte.
328 2876 379 2894 vox
389 2867 493 2900 Grchn,
505 2868 649 2902 λόγοςψιτο
657 2866 725 2894 Filio
737 2867 782 2895 Dei
799 2868 887 2902 aptius
902 2876 922 2895 SI

979 2873 1063 2900 retur,
1084 2867 1215 2900 siquidem
1229 2866 1272 2894 ille
1290 2866 1367 2901 λόγος
1380 2866 1478 2894 dicitur
1490 2866 1528 2902 μὴ
1538 2865 1696 2902 βουλόμενοῖ
1709 2864 1754 2892 τὸν

139 2901 252 2931 Θάνατον
259 2903 305 2930 τοῦ
316 2903 488 2939 ἀμαρτωλοῦ,
500 2901 569 2939 quad
582 2901 613 2930 de
626 2901 690 2935 Deo,
702 2910 753 2930 non
766 2904 798 2931 de
811 2901 925 2938 Scriptm

983 2905 1016 2932 ici
1030 2905 1107 2932 solet.
1122 2903 1200 2930 Eutr.
