2061 3215
315 183 368 212 451

640 181 778 210 EUSEBII
797 180 1037 210 CESARIENSIS
1055 181 1131 210 OPP.
1151 180 1242 210 PARS
1261 181 1304 209 111.
1323 197 1359 202 --
1378 179 1585 209 EXEGETICA.

1886 179 1936 207 L52

316 249 422 271 marum
443 240 489 269 ille
507 240 629 268 medicus
642 259 650 273 ,
676 238 778 266 morbis
801 239 898 266 animae
923 238 1096 267 insidentibus

1153 239 1199 265 καὶ
1218 239 1252 265 τὰ
1275 238 1347 274 ἑξῆς.
1371 238 1522 272 Ἀναλόγως
1541 246 1596 273 γαρ
1614 237 1670 269 τοῖς
1693 234 1884 273 ὑποκειμένοις
1904 239 1936 273 τῇ

316 294 496 324 congruentes
512 286 714 322 castigationes,
732 285 808 319 quasi
824 285 970 319 quamdam
991 286 1097 313 antido-

316 341 374 363 tum
390 335 422 362 ad
440 333 570 361 medelam
585 337 614 361 et
626 332 813 367 purgationem
825 332 967 366 praesentis
985 331 1099 359 inﬁrmi-

315 383 392 413 tatis,
407 381 519 417 profert.

353 428 434 455 Vens.
450 426 492 454 ΞΟ.
512 435 521 452 ‹
547 425 606 453 Filii
630 426 667 451 tui
685 424 857 459 indigentes,
882 424 1046 452 dormientes
1071 424 1097 451 in

316 475 442 509 compitis
465 474 584 500 omnium
610 472 735 503 viarum,
752 471 824 498 sicut
847 471 909 498 beta
933 471 1097 503 semicocta,

316 522 390 557 pleni
415 521 506 547 furore
533 519 660 551 Domini,
690 517 850 544 deficientes
880 524 928 551 per
957 517 1098 544 Dominum

318 568 411 595 Deum.
437 577 446 593 ι
467 566 620 593 Secundum
647 565 766 599 reliquos
782 565 945 599 interpretes
964 571 1015 598 pro
1032 564 1078 591 illo
1091 584 1098 597 ,

317 623 329 640 ε
350 614 421 642 sicut
445 613 507 640 beta
522 613 684 644 semicocta,
705 621 714 638 ι
732 611 772 639 sic
798 611 907 646 legitur,
937 620 946 638 ι
972 616 1099 646 tanquam

314 669 382 696 oryx
397 660 527 687 irretitus.
548 669 557 684 ι
578 659 650 693 Oryx
665 662 754 685 autent
773 662 815 685 est
830 659 887 684 avis
902 658 942 684 sic
957 657 1099 691 appellata,

313 710 357 734 cui
377 707 446 734 ﬁlios
461 706 611 734 Jerusalem
627 709 777 739 comparat,
791 704 894 730 retibus
910 703 1010 730 diaboli
1031 703 1101 730 irre—

314 755 379 782 titus
392 763 400 781 :
414 753 589 789 quamobrem
609 752 654 779 ira;
671 751 761 778 traditi
779 755 850 777 sunt.

353 844 433 872 Vens.
447 844 493 874 21.
505 844 551 871 22.
566 853 575 870 α
586 844 732 877 Propterea
745 842 819 874 audi,
832 842 970 869 humiliata
980 846 1006 870 et
1016 842 1100 876 ebria,

314 898 371 918 non
384 891 448 918 vino
466 900 473 917 :
498 890 538 917 sic
553 889 619 916 dicit
636 889 766 916 Dominus
786 888 865 919 Deus,
880 888 925 923 qui
937 887 1039 922 judicat
1050 895 1099 923 po—

314 935 406 971 pulum
431 942 510 962 suum
528 934 622 961 :Ecce
647 934 738 968 accepi
757 933 791 961 de
818 941 898 960 manu
916 938 960 960 tua
984 933 1096 961 calicem

316 981 412 1014 ruinze,
426 980 551 1016 poculum
573 981 619 1007 ira:
633 987 715 1009 meae.
731 986 781 1006 nec
795 979 906 1014 adjiciat
922 978 992 1006 ultra
1006 979 1100 1006 bibere

314 1027 391 1055 illud.
422 1035 431 1052 ι
454 1025 648 1060 Hierosolyma:
666 1024 809 1059 pollicetur
832 1025 986 1052 ablaturum
1009 1031 1040 1052 se
1064 1025 1099 1052 ab

311 1079 345 1100 ea
373 1079 434 1099 esse
464 1071 576 1098 calicem
604 1069 722 1102 furoris;
748 1070 770 1097 si
795 1075 885 1097 tamen
912 1070 1098 1105 paenitentiam

311 1124 386 1156 agat.
400 1119 466 1147 Illud
476 1118 547 1146 enim
560 1138 567 1151 ,
581 1127 590 1143 ι
607 1117 675 1144 Ecce
693 1116 751 1149 tuli,
773 1126 782 1142 ι
802 1117 901 1144 dicitur
913 1123 981 1151 pro,
999 1126 1009 1142 ί
1028 1116 1100 1144 acci-

313 1167 396 1202 piant.
415 1175 424 1191 ι
573 1168 578 1175 ‘

350 1213 432 1240 Vens.
449 1212 496 1239 9.5.
514 1220 524 1236 ι
537 1210 571 1237 Ει
582 1210 651 1236 dabo
669 1209 733 1236 illud
747 1208 774 1235 in
787 1215 882 1236 manus
896 1215 1001 1241 eorum,
1014 1208 1060 1243 qui
1074 1212 1099 1236 te

314 1259 461 1288 laeserunt,
485 1260 512 1283 et
537 1255 764 1286 hntniliavcrunt;
781 1254 826 1288 qui
852 1254 980 1280 dixerunt
1002 1254 1099 1280 animat

316 1310 368 1331 tuae
384 1311 391 1330 :
407 1302 540 1330 lnclinare
551 1321 560 1334 ,
572 1304 602 1327 ut
613 1305 803 1335 praetereamus
818 1309 824 1326 :
842 1304 868 1326 et
882 1299 994 1334 posuisti
1007 1307 1100 1333 aequa-

315 1351 350 1377 lia
377 1354 456 1376 terra:
470 1347 556 1374 media
575 1351 619 1373 tua
635 1345 701 1373 foris
717 1345 932 1377 transeuntibus.
959 1354 969 1371 ι
994 1344 1098 1372 Verisi-

316 1395 379 1422 mile
401 1401 481 1430 porro
504 1399 557 1424 est,
573 1393 630 1420 [uec
645 1392 727 1419 etiam
739 1392 772 1419 de
785 1374 948 1418 adverszriis
960 1392 1100 1426 potestati-

315 1443 367 1470 bus
381 1439 550 1476 pronuntiari
565 1459 572 1470 .
587 1438 685 1473 quibus
703 1445 732 1465 se
761 1437 869 1471 subjicit
892 1437 982 1465 omnis
999 1438 1096 1471 ,anima

315 1494 376 1523 qua:
390 1493 405 1513 ι
422 1487 475 1514 Deo
489 1484 643 1519 transfugit.
658 1483 724 1511 Nam
737 1491 797 1518 qua:
819 1484 852 1510 ad
871 1483 953 1511 Deum
971 1485 1075 1512 accedit
1090 1505 1098 1517 ,

315 1537 408 1561 erecta
425 1538 467 1560 est
481 1536 510 1559 et
520 1538 626 1558 sursum
642 1529 789 1564 aspicit,ad
801 1529 943 1563 ipsumque
957 1529 1097 1557 elevatur:

315 1588 378 1616 quae
391 1587 456 1607 vero
472 1586 532 1606 sese
554 1577 678 1612 malignis
703 1576 870 1604 dwmouibus
894 1576 1035 1613 adiungit,
1065 1578 1098 1606 iis
1112 1597 1133 1626 ϐ

316 1629 410 1664 utique
427 1627 580 1662 subjicitur.

613 1671 728 1700 CAPUT
745 1671 798 1699 ιιι.

350 1720 433 1749 Vens.
447 1721 472 1747 1.
488 1729 497 1746 ι
510 1719 635 1746 Excitare
648 1738 656 1751 ,
671 1719 802 1751 excitare,
818 1716 882 1744 Sion
899 1725 906 1743 :
922 1716 1032 1743 induere
1048 1715 1099 1742 for-

316 1769 431 1797 titudiue
445 1772 499 1798 tua,
512 1766 576 1793 Sion
594 1774 601 1791 :
620 1770 647 1791 et
659 1770 686 1791 tu
698 1763 808 1791 induere
823 1762 907 1798 gloria
923 1767 979 1794 tua,
993 1760 1099 1788 Jerusa-

315 1815 366 1842 lem
380 1823 386 1841 ε
403 1813 499 1840 civitas
514 1816 617 1839 sancta.
634 1810 691 1838 Non
711 1810 779 1836 ultra
795 1809 902 1844 adjiciet
923 1808 1037 1835 transire
1052 1815 1099 1842 per

316 1867 344 1889 te
355 1858 561 1888 incircumcisus
576 1862 602 1885 et
620 1856 792 1884 immundus.‘
805 1865 814 1882 ι
832 1855 927 1882 Anima
941 1855 1039 1889 quippe
1054 1862 1097 1880 ra-

315 1906 424 1935 tionalis
441 1906 585 1932 maximam
600 1904 654 1930 vim
672 1907 699 1930 et
724 1902 909 1929 fortitudinem
926 1920 933 1933 ,
960 1908 1098 1935 magnam-

315 1961 367 1989 que
381 1952 492 1988 gloriam
508 1951 597 1983 habet,
616 1953 708 1984 utpote
719 1956 778 1983 quze
791 1948 938 1975 secundum
954 1946 1096 1981 imaginem

316 2001 362 2027 Dei
379 1999 447 2025 facta
459 1998 493 2024 sit
506 2007 512 2024 :
525 2004 605 2032 quant
621 2002 769 2026 resumere,
784 2000 811 2022 et
826 1995 963 2022 civitatem
975 1998 1095 2020 sanctam

316 2044 386 2077 ﬁeri,
403 2045 520 2078 expetit;
540 2048 569 2069 ut
587 2050 640 2069 non
655 2042 726 2069 ultra
739 2049 787 2075 per
804 2048 862 2068 eam
878 2045 997 2067 transeat
1017 2039 1096 2066 incir-

315 2091 450 2118 cumcisus
465 2093 492 2116 et
515 2088 680 2115 immundus.
698 2087 750 2115 Per
767 2086 986 2114 incircumcisum
1014 2086 1096 2120 igitur

316 2136 492 2170 alienigenam
508 2139 535 2161 et
546 2139 704 2161 extraneum
717 2133 869 2168 significat;
888 2141 936 2168 per
959 2132 1094 2167 impurum

315 2187 415 2212 autem,
430 2180 607 2209 idololatram.

350 2251 432 2278 Vnus.
445 2249 473 2276 2.
499 2257 508 2274 ι
524 2248 626 2276 Excute
647 2247 782 2283 pulverem
795 2267 803 2280 ,
819 2252 846 2274 et
863 2254 978 2281 exsurge
994 2255 1002 2273 :
1020 2247 1092 2278 sede,

314 2297 462 2326 Jerusalem
476 2315 484 2329 ,
508 2295 584 2323 solve
607 2295 713 2322 vincula
739 2294 800 2321 colli
825 2294 884 2326 tui,
911 2292 1017 2328 captiva
1038 2293 1091 2320 ﬁlia

315 2345 390 2373 Sion.
419 2353 429 2370 ι
455 2343 520 2370 Nam
537 2350 618 2377 penes
630 2342 702 2368 illam
715 2346 785 2372 erat,
802 2341 949 2375 pulverem,
967 2347 1020 2375 quo
1039 2340 1092 2367 cir-

313 2397 483 2425 cumquaque
499 2396 620 2422 respersa
644 2392 714 2419 erat,
733 2388 887 2421 abstergere
899 2406 907 2418 ,
931 2391 957 2413 et
981 2394 995 2413 a
1014 2387 1090 2413 ruina

313 2446 372 2472 qua:
384 2437 433 2464 sibi
457 2436 607 2469 contigerat
618 2454 625 2466 ,
638 2441 793 2469 emergere,
812 2434 1001 2467 vinculumque
1022 2433 1092 2459 collo

313 2491 362 2511 suo
372 2483 524 2518 impositum
540 2481 661 2512 solvere;
675 2488 727 2514 quo
740 2488 790 2508 ccu
805 2480 901 2514 laqueo
917 2480 1034 2506 animam
1047 2486 1093 2506 ca-

313 2530 384 2557 tenis
414 2533 588 2564 peccatorum
615 2527 794 2562 alligaverant
826 2526 988 2554 adversariae
1016 2531 1092 2561 pote-

312 2581 407 2603 states.

349 2644 428 2672 Vnus.
443 2645 470 2676 5,
486 2643 513 2671 ι.
529 2653 538 2670 ι
556 2642 688 2677 Quoniam
702 2641 761 2669 hate
773 2641 838 2669 dicit
853 2641 983 2669 Dominus
997 2649 1005 2669 :
1021 2640 1091 2668 Gra-

312 2691 348 2718 tis
366 2691 518 2718 venumdati
543 2690 630 2721 estis.
655 2693 682 2716 et
709 2689 768 2715 sine
782 2692 894 2722 argento
910 2687 1088 2715 redimemiui.

312 2736 358 2764 Sic
371 2737 436 2764 dicit
450 2736 596 2764 Dominus:
614 2736 640 2763 ltt
658 2734 803 2770 [Egyptum
823 2734 960 2762 descendit
977 2733 1091 2768 populus

311 2790 387 2810 meus
400 2784 481 2818 prius,
500 2787 528 2809 ut
543 2783 677 2810 habitaret
691 2782 726 2809 ibi
739 2802 747 2813 ,
762 2786 789 2808 et
803 2781 829 2808 in
846 2780 970 2815 Assyrios
984 2780 1088 2807 violen-

312 2834 353 2856 ter
374 2829 425 2855 acti
448 2833 520 2856 sunt.
539 2838 548 2855 ι
565 2828 620 2856 Non
646 2829 718 2856 enim
738 2835 867 2862 corporea
885 2827 1026 2862 captivitas
1041 2825 1086 2853 illa

311 2877 379 2905 erat,
393 2878 422 2900 ut
434 2881 562 2908 corporeo
572 2874 656 2908 pretio
671 2874 821 2902 libertatem
834 2873 1087 2907 obtinerent,quan-

310 2920 453 2956 doquidem
468 2920 555 2955 quoad
568 2921 671 2949 animas
685 2921 783 2949 venditi
801 2925 888 2948 erant.
906 2919 1084 2954 Quamobrem

1147 285 1219 320 ψυχῇ
1244 285 1358 311 πάθεσιν
1383 285 1397 311 ὁ
1418 284 1471 311 τῶν
1494 284 1590 320 ψυχῶν
1616 284 1707 319 [ατρὸς
1731 284 1780 315 τὰς
1803 284 1943 319 τιμωρίας,

1148 331 1215 365 αὐτῇ
1229 331 1370 366 προσάγει,
1391 330 1485 366 ὥσπερ
1503 330 1578 362 τινὰς
1599 330 1752 362 ἀντιδότους
1777 330 1938 366 θεραπευτιδ

1149 376 1199 408 κάς
1213 377 1258 403 ἐπὶ
1275 377 1406 412 καθάρσει
1417 378 1468 412 τῆς
1484 377 1668 413 προκειμένης
1684 377 1794 409 κακίας.

1187 432 1196 448 ι
1215 424 1246 450 Οἱ
1265 424 1316 450 υἱοί
1334 432 1381 450 σου
1401 425 1426 450 οἱ
1448 424 1639 459 ἀπορούμενοι,
1657 424 1682 450 οἱ
1700 422 1876 455 καθεύδοντες
1894 423 1937 450 ἐπ’

1149 469 1232 506 ἄκρου
1247 471 1336 506 πάσης
1350 469 1449 502 ἐξόδου,
1471 470 1508 502 ὡς
1527 470 1646 496 σεύτλιον
1668 469 1811 505 ήμίεφθον,
1831 469 1856 495 οἱ
1875 468 1938 504 πλή-

1150 524 1207 550 ρεις
1238 516 1323 552 θυμοῦ
1347 517 1466 552 Κυρίου,
1497 516 1670 551 ἐκλελυμένοι
1696 516 1740 543 διὰ
1765 515 1869 551 Κυρίου
1891 516 1937 542 τοῦ

1150 563 1226 590 Θεοῦ.
1252 573 1260 589 ι
1283 563 1361 590 Κατὰ
1383 564 1444 595 τοὺς
1469 563 1579 595 λοιποὺς
1600 561 1771 598 ὲρμηνευτὰς
1795 562 1856 588 ἀντὶ
1878 562 1937 595 τοῦ,

1153 619 1162 636 t
1183 611 1220 642 ὼς
1236 610 1356 637 σεύτλιον
1372 609 1515 646 ὴμίεφθον,
1536 619 1546 636 ι
1561 624 1597 630 —
1616 620 1624 635 ι
1645 610 1682 641 ὡς
1698 608 1772 644 δρυξ,
1793 617 1802 633 ι
1819 608 1937 644 εἴρηται,

1153 665 1162 682 t
1181 656 1480 692 ὴμφιῦληστρευμένος.
1500 666 1509 682 ι
1527 657 1638 690 Ὀρνεον
1651 655 1678 682 δέ
1693 656 1766 681 ἐστιν
1777 655 1854 691 δρυξ,
1867 654 1938 681 οὕτω

1151 703 1325 738 καλούμενον.
1338 701 1359 737 ᾦ
1372 703 1539 739 παραϐάλλει
1557 703 1619 734 τοὺς
1635 702 1710 734 υἱοὺς
1729 702 1777 737 τῆς
1804 702 1938 737 Ἰερουσα-

1151 748 1215 784 λὴμ,
1230 750 1429 786 ἀμφιδλήστρῳ
1445 749 1490 776 τοῦ
1507 749 1630 776 διαϐόλου
1650 747 1880 784 περιὸληθέντας·
1899 747 1939 773 διὸ

1151 795 1198 821 καὶ
1214 794 1252 830 τῷ
1266 795 1344 830 θυμῷ
1360 795 1555 831 παρεδόθησαν.

1190 850 1200 866 ‹
1221 841 1269 868 Διὰ
1286 841 1358 868 τοῦτ’
1381 842 1474 873 ἄκουε,
1500 841 1719 877 τεταπεινωμένη
1738 850 1786 868 και
1801 840 1939 876 μεθύουσα

1151 887 1200 914 οὐκ
1216 887 1269 914 ἀπὸ
1282 888 1352 914 οἴνου
1362 895 1369 903 ³
1381 887 1450 914 οὕτω
1458 888 1530 922 λέγει
1539 888 1639 924 Κύριος
1649 889 1662 915 ὁ
1671 888 1736 920 Θεὸς
1749 889 1764 915 ὁ
1778 888 1879 923 κρίνων
1891 887 1938 914 τὸν

1116 924 1136 952 Β
1148 933 1209 960 λαὸν
1228 934 1320 961 αὑτοῦ·
1339 944 1350 960 ι
1371 935 1436 961 ’ἰδοὺ
1451 935 1549 976 εἴληφα
1567 935 1600 961 ὲκ
1618 936 1668 971 τῆς
1681 934 1771 970 χειρός
1788 942 1835 961 σου
1850 933 1882 961 τδ
1894 942 1939 960 πο-

1149 980 1240 1016 τήριον
1257 981 1306 1017 τῆς
1323 980 1462 1013 πτώσεως,
1474 980 1505 1008 τὸ
1519 981 1598 1008 κόνδυ
1609 981 1656 1008 τοῦ
1667 980 1753 1017 θυμοῦ
1768 989 1830 1017 μου,
1844 981 1894 1007 καὶ
1907 980 1937 1006 οὐ

1150 1027 1290 1064 προσθήσῃ
1303 1028 1343 1055 ἔτι
1359 1029 1432 1055 πιεῖν
1446 1027 1521 1055 αὐτό.
1534 1037 1544 1054 ι
1567 1027 1816 1062 Ἐπαγγέλλεταιδὲ
1832 1028 1867 1062 τῇ
1890 1026 1938 1052 Ίε-

1151 1073 1290 1109 ρουσαλὴμ
1302 1074 1317 1100 ὁ
1331 1073 1408 1108 λόγος
1423 1073 1554 1109 λήψεσθαι
1570 1075 1616 1101 ἀπ’
1634 1074 1718 1110 αὐτῆς
1738 1075 1867 1111 ποτήριον
1889 1072 1938 1101 τοῦ

1149 1119 1246 1155 θυμοῦ,
1268 1121 1291 1146 εἰ
1310 1121 1494 1156 μετανοήσειε.
1517 1121 1553 1147 Τὸ
1570 1120 1634 1157 γὰρ,
1655 1120 1741 1147 «Ἰδοὺ
1759 1117 1824 1157 ἦρα,
1849 1129 1860 1146 ι
1877 1120 1939 1147 ἀντὶ

1148 1166 1206 1200 τοῦ,
1221 1175 1231 1192 ‹
1250 1166 1380 1202 λήψομαι,
1403 1176 1411 1192 ι
1429 1168 1546 1203 εἴρηται.

1187 1222 1196 1238 ι
1217 1213 1271 1239 Καὶ
1282 1213 1359 1240 δώσω
1372 1212 1436 1240 αὐτὸ
1451 1215 1491 1246 είς
1507 1213 1556 1246 τὰς
1574 1215 1669 1249 χεῖρας
1681 1215 1735 1241 τῶν
1749 1213 1937 1250 ἀδικησάντων

1149 1266 1177 1285 σε
1199 1260 1244 1286 καὶ
1258 1259 1312 1286 τῶν
1325 1261 1549 1287 ταπεινωσάντων
1564 1269 1604 1292 σε,
1618 1261 1642 1287 οἳ
1657 1258 1736 1287 εἶπαν
1748 1263 1780 1297 τῇ
1790 1261 1862 1297 ψυχῇ
1877 1268 1937 1288 σου⁸

1148 1305 1250 1341 Κῦψον,
1280 1306 1323 1333 ἵνα
1354 1307 1543 1342 παρέλθωμεν·
1572 1307 1618 1334 καὶ
1645 1307 1747 1343 ἔθηκας
1773 1308 1819 1334 ἴσα
1843 1309 1876 1343 τῇ
1900 1309 1935 1343 γῇ

1148 1352 1182 1378 τὰ
1200 1351 1270 1387 μέσα
1289 1361 1334 1380 σου
1350 1352 1401 1385 ἔξω
1418 1354 1474 1385 τοῖς
1489 1354 1768 1389 παραπορευομένοις.
1785 1362 1794 1379 ο
1812 1354 1893 1386 Εἰκὸς
1908 1354 1936 1381 δὲ

1148 1397 1234 1424 ταῦτα
1257 1397 1382 1431 λέγεσθαι
1411 1399 1457 1425 καὶ
1478 1400 1541 1434 περὶ
1564 1400 1758 1435 ἀντικειμένων
1784 1400 1934 1436 δυνάμεων,

1148 1442 1192 1476 αἶς
1211 1445 1358 1471 ὑποτάσσει
1379 1445 1478 1480 ἑαυτὴν
1506 1447 1581 1473 πᾶσα
1601 1446 1673 1482 ψυχὴ
1690 1447 1706 1482 ή
1721 1446 1769 1473 τοῦ
1784 1447 1852 1474 Θεοῦ
1867 1447 1937 1474 ἁπο-

1149 1492 1244 1517 στᾶσα.
1267 1491 1297 1517 ’11
1313 1491 1428 1527 μὲνγὰρ
1446 1492 1485 1528 τῷ
1508 1492 1567 1528 Θεῷ
1590 1493 1739 1527 προσιοῦσα
1763 1493 1852 1530 δρθιός
1875 1494 1934 1521 ἐστι

1149 1537 1195 1563 καὶ
1209 1538 1263 1564 ἄνω
1278 1538 1421 1573 βλέπουσα,
1440 1539 1485 1565 καὶ
1507 1539 1574 1574 πρὸς
1592 1539 1672 1566 αὐτὸν
1692 1540 1852 1576 ἐπηρμένη·
1871 1541 1888 1576 ἠ
1906 1541 1935 1568 δὲ

1150 1585 1290 1620 συνάψασα
1303 1585 1401 1620 ἑαυτὴν
1414 1585 1524 1620 δαίμοσι
1538 1586 1676 1621 πονηροῖς,
1693 1585 1797 1618 τούτοις
1812 1585 1935 1622 δηλονότι

1149 1630 1195 1657 καὶ
1210 1630 1399 1659 ὑποτέτακται,

1402 1676 1599 1704 ΚΕΦΛᾹΑΙΟΝ
1617 1678 1679 1704 NB'.

1185 1729 1194 1746 ι
1217 1721 1379 1757 Ἐξεγείρου,
1393 1721 1541 1757 ἐξεγείρου,
1558 1721 1625 1748 Σιών
1638 1731 1644 1737 ·
1667 1722 1774 1750 ἔνδυσαι
1788 1723 1839 1759 τὴν
1857 1723 1934 1760 ἰσχύν

1148 1774 1205 1800 σου,
1222 1767 1289 1793 Σιών
1299 1775 1306 1783 ·
1320 1769 1367 1794 καὶ
1381 1768 1412 1794 σὺ
1429 1768 1536 1794 ἔνδυσαι
1548 1768 1598 1804 τὴν
1610 1768 1688 1801 δόξαν
1708 1777 1765 1801 σου,
1797 1770 1932 1806 Ἰερουσα-

1146 1812 1212 1847 λὴμ,
1224 1813 1299 1845 πόλις
1311 1814 1327 1848 ὴ
1341 1813 1416 1847 ἁγία.
1427 1813 1526 1840 Οὐκέτι
1539 1814 1751 1850 προστεθήσεται
1763 1816 1877 1843 διελθεῖν
1889 1817 1932 1844 διὰ

1148 1858 1194 1885 σοῦ
1215 1859 1400 1895 ἀπερίτμητος
1419 1860 1466 1886 καὶ
1484 1860 1647 1895 ἀκάθαρτος.
1671 1871 1680 1887 ι
1701 1861 1776 1897 Ἔχει
1797 1862 1851 1898 γὰρ
1872 1871 1932 1889 τινα

1149 1904 1278 1940 μεγίστην
1291 1905 1403 1941 δύναμιν
1414 1906 1461 1932 καλ¹
1481 1907 1555 1941 ίτχὺν
1572 1908 1588 1943 ὴ
1604 1907 1698 1942 λογικὴ
1714 1907 1787 1944 ψυχὴ
1797 1928 1804 1939 ,
1826 1909 1874 1935 καὶ
1888 1909 1931 1936 δό-

1146 1951 1194 1984 ξαν
1205 1951 1260 1987 ἔχει
1275 1952 1405 1987 μεγάλην,
1420 1953 1467 1979 ἅτε
1481 1954 1541 1979 κατ’
1556 1954 1648 1980 εἰκόνα
1666 1954 1712 1980 τοῦ
1733 1954 1799 1980 Θεοῦ
1816 1963 1932 1991 πεποιηο

1148 1997 1225 2032 μένη,
1246 1998 1294 2024 καὶ
1307 1998 1487 2025 ὲπαναλαὸεϊν
1501 1999 1586 2034 αὐτὴν
1601 1999 1722 2034 βούλεται
1742 2000 1790 2026 καὶ
1811 2001 1933 2035 γενέσθαι

1146 2041 1223 2068 πόλιν
1240 2043 1319 2076 ἁγίαν
1329 2051 1336 2057 ·
1354 2043 1391 2074 ὡς
1404 2044 1501 2078 μηκέτι
1517 2043 1663 2070 διαϐαίνειν
1682 2044 1714 2071 δι’
1735 2045 1820 2081 αὐτῆς
1835 2047 1932 2082 ἀπερί-

1145 2095 1256 2122 τμητον,
1267 2088 1335 2123 μηδὲ
1345 2089 1507 2125 ἀκάθαρτον.
1527 2090 1575 2116 Διὰ
1592 2090 1640 2124 μὲν
1657 2088 1702 2118 οὖν
1715 2091 1762 2117 τοῦ
1777 2092 1931 2128 ἀπερίτμη-

1144 2141 1190 2160 του
1207 2133 1251 2160 τὸν
1264 2134 1410 2170 ἀλλόφυλον
1424 2136 1470 2162 xui.
1487 2135 1615 2172 ἀλλογενῆ
1628 2138 1762 2173 σημαίνει,
1778 2138 1822 2165 διὰ
1838 2139 1867 2166 δὲ
1884 2139 1930 2166 τοῦ

1144 2180 1310 2216 ἀκαθάρτου,
1327 2181 1372 2207 τὸν
1389 2182 1595 2218 εἰδωλολάτρην.

1184 2258 1193 2275 ‹
1218 2249 1370 2281 Ἐκτίναξαι
1397 2249 1442 2277 τὸν
1460 2250 1533 2286 χοῦν,
1559 2252 1605 2278 καὶ
1637 2252 1785 2287 ἀνάστηθιδ
1807 2253 1930 2285 κάθιςον,

1151 2295 1337 2331 Ἰερουσαλὴμ,
1354 2296 1463 2323 ἕκδυσαι
1478 2297 1522 2324 τὸν
1536 2297 1633 2333 δεσμὸν
1650 2297 1696 2324 τοῦ
1716 2298 1852 2334 τραχήλου
1873 2307 1930 2331 σου,

1145 2342 1161 2376 ἡ
1177 2341 1348 2376 αἰχμάλωτος
1364 2341 1486 2378 θυγάτηρ
1497 2343 1575 2370 Σιών.
1600 2353 1609 2370 ι
1633 2345 1691 2370 Ἐπ’
1704 2345 1770 2380 αὐτῇ
1787 2345 1841 2380 γὰρ
1852 2343 1887 2381 ἦν
1901 2346 1931 2373 τὺ

1145 2385 1346 2422 ἀποτρίψασθαι
1370 2387 1414 2414 τὸν
1437 2388 1653 2423 περιπλασθέντα
1680 2389 1748 2425 αὑτῇ
1773 2390 1854 2425 χοῦν,
1882 2392 1931 2418 καὶ

1144 2431 1317 2467 διαναστῆναι
1331 2433 1380 2467 τῆς
1394 2430 1583 2470 ὲπισυμὸἀσης
1596 2435 1663 2470 αὐτῇ
1682 2435 1822 2467 πτώσεως,
1841 2437 1888 2463 καὶ
1900 2437 1931 2464 το

1144 2478 1257 2506 ὲκλῦσαι
1270 2478 1315 2505 τὸν
1328 2479 1487 2506 ἐπιτεθέντα
1507 2480 1575 2516 αὐτῇ
1591 2481 1688 2516 δεσμὸν
1709 2481 1755 2508 τοῦ
1775 2482 1912 2518 τραχήλου
1922 2491 1930 2499 ·

1143 2521 1165 2558 ᾧ
1179 2525 1227 2561 τὴν
1239 2525 1327 2561 ψυχὴν
1340 2525 1434 2562 ὥσπερ
1448 2526 1537 2562 βρόχῳ
1553 2527 1704 2562 κατέδησαν
1719 2531 1821 2565 σειραῖς
1840 2531 1932 2566 ἁμαρο

1141 2572 1206 2600 τιῶν
1223 2574 1250 2600 αἱ
1263 2574 1446 2610 ἀντικείμεναι
1461 2574 1597 2611 δυνάμεις.

1178 2651 1187 2668 ι
1208 2642 1268 2669 Ὀτι
1281 2643 1344 2670 τάδε
1357 2642 1430 2677 λέγει
1448 2642 1558 2678 Κύριος·
1577 2643 1685 2678 Δωρεὰν
1708 2643 1857 2680 ὲπράθητε,
1881 2643 1930 2671 καὶ

1139 2686 1170 2712 οὐ
1186 2687 1255 2722 μετὰ
1277 2688 1407 2724 ἀργυρίου
1427 2687 1642 2723 λυτρωθήσεσθε.
1665 2689 1758 2721 Οὕτως
1781 2690 1855 2724 λέγει
1872 2689 1930 2717 Κύ-

1141 2741 1213 2769 ριος·
1227 2734 1274 2765 Εἰς
1292 2735 1427 2768 Αἴγυπτον
1444 2733 1545 2769 κατέϐη
1558 2735 1572 2760 ὁ
1586 2734 1649 2766 λαός
1669 2743 1719 2770 μου
1738 2736 1769 2762 τὸ
1783 2736 1927 2772 πρότερον,

1141 2780 1306 2816 παροικῆσαι
1321 2781 1388 2811 ἐκεῖ,
1405 2780 1451 2807 καὶ
1469 2781 1510 2812 είς
1532 2780 1687 2817 Ἀσσυρίους
1704 2781 1749 2817 βίᾳ
1764 2782 1896 2818 ἤχθησαν.
1914 2792 1925 2809 ι

1141 2827 1177 2853 Οὐ
1194 2827 1248 2862 γὰρ
1263 2824 1296 2862 ἦν
1317 2827 1459 2862 σωματικὴ
1476 2826 1545 2862 αὕτη
1559 2826 1741 2862 αἱχμαλωσία,
1759 2827 1803 2853 ἵνα
1822 2827 1867 2854 διὰ
1881 2827 1927 2854 λύ-

1139 2881 1211 2909 τρων
1228 2873 1391 2909 σωματικῶν
1406 2874 1508 2910 τύχωσι
1523 2874 1573 2909 τῆς
1589 2874 1752 2910 ἐλευθερίας,
1770 2874 1864 2910 ἐπειδὴ
1876 2875 1925 2906 τὰς

1139 2919 1227 2954 ψυχὰς
1238 2917 1308 2955 ἦσαν
1325 2920 1506 2956 πεπραμένοι.
1525 2920 1575 2947 Διὰ
1591 2920 1670 2948 τοῦτο
1688 2920 1737 2948 οὐκ
1754 2921 1783 2948 ὲν
1800 2919 1925 2956 ἀργυρίῳ
