2061 3215
126 174 180 204 835

610 171 858 200 COMMENTARIA
877 170 915 199 1N
933 170 1062 200 lSAlAM.
1081 187 1115 193 -—
1133 171 1210 200 CAP.
1230 171 1284 199 LII.

1695 171 1750 203 45‘

125 229 289 266 λυτροῦσθαι
307 229 430 265 ἔμελλον,
447 227 514 256 ἀλλά
534 227 654 263 δηλονότι
674 227 722 254 τοῦ
742 227 861 264 Χριστοῦ
877 227 915 263 τῷ

966 235 1018 255 non
1038 232 1150 263 argento
1164 226 1314 256 redimendi
1331 229 1427 260 erant,
1450 226 1499 255 ser;
1518 225 1617 255 Christi
1631 228 1749 262 pretioso

125 277 210 313 τιμίῳ
226 268 332 311 αἵματι.
678 295 681 301 .

165 332 175 348 ‹
187 322 241 348 Καὶ
254 321 301 348 νῦν
313 321 338 348 τί
353 321 414 348 ἐστε
432 317 498 352 ὦδες
521 321 590 348 Τάδε
611 320 685 354 λέγει
714 319 831 356 Κύριος·
855 321 914 348 Ὅτι

127 367 231 402 ἐλήφθη
245 368 259 393 ὁ
271 366 333 398 λαός
348 375 398 402 μου
412 366 526 402 δωρεὰν,
538 366 691 401 θαυμάζετε
702 366 751 392 καὶ
763 365 913 397 ὀλολύζετε.

127 413 197 440 Τάδε
214 412 288 447 λέγει
312 412 430 449 Κύριος’
452 414 490 438 Δι’
508 413 579 448 ὑμᾶς
598 413 642 439 διὰ
663 412 762 443 παντὸς
780 412 810 438 ’τὺ
830 411 915 447 ὄνομα

129 468 179 495 μου
196 459 395 494 βλασφημεῖται
409 459 437 485 ὲν
455 459 511 490 τοῖς
531 459 628 485 ἔθνεσι.
648 467 656 484 ι
674 458 804 493 Σημαίνει
824 457 852 484 δὲ
871 457 914 484 διὰ

127 506 228 533 τούτων
241 506 258 540 ή
272 505 424 540 προφητεία
442 505 492 537 τὰς
506 505 577 531 κατά
594 504 712 541 Χριστοῦ
729 504 913 539 βλασφημίας,

128 553 161 584 ἃς
178 552 212 579 δι’
235 553 340 588 ἡμέρας
367 552 474 583 ἁπάσας
496 552 543 578 καὶ
561 551 606 577 διὰ
621 551 720 582 παντὸς
736 550 875 577 ποιοῦνται
889 551 915 576 οἱ

128 598 257 634 ἄρχοντες
270 597 316 624 τοῦ
341 597 472 624 Ἰουδαίων
485 597 589 629 ἔθνους.

166 654 176 670 ι
199 644 248 670 Διὰ
263 643 342 670 τοῦτο
357 643 491 677 γνώσεται
506 644 520 669 ὁ
532 642 594 674 λαός
608 650 660 677 μου
674 641 703 668 τὸ
719 641 804 676 ὄνομά
820 649 870 676 μου
886 641 915 667 ὲν

127 692 160 727 τῇ
176 691 268 725 ἡμέρᾳ.
282 690 382 725 ἐκείνῃ,
399 689 439 715 ὅτι
456 687 510 722 ὲγῶ
526 689 598 723 εἰμι*
616 688 696 720 αὐτὸς
710 689 724 714 ὁ
735 687 822 714 λαλῶν
841 688 913 723 πάρ-

128 745 195 772 ειμι.
221 745 229 761 ι
258 735 325 770 Ποία
348 735 376 761 δὲ
392 735 487 771 ταύτῃ,
505 734 562 761 ἀλλ’
581 735 643 760 ὅταν
663 733 728 768 ἐγὼ,
754 733 846 768 φησὶν,
866 733 915 759 αὺ-

126 784 188 815 τδς,
209 784 224 810 ὁ
249 782 296 809 νῦν
320 782 364 808 διὰ
390 782 444 808 τῶν
477 781 623 817 προφητῶν
649 781 735 808 ταῦτα
762 780 914 815 φθεγγόμε-

127 837 182 860 νος,
202 828 251 864 τὴν
273 827 392 863 ἐμαυτοῦ
409 827 556 862 ποιήσομαι
574 825 724 862 παρουσίαν
747 825 786 856 εις
809 823 914 860 ἀνθρώ-

129 882 196 905 πους
206 881 214 906 ;

165 907 175 944 ἒ
195 919 239 951 Ὥς
251 918 309 955 ὥρα
328 918 375 946 ἐπὶ
401 917 455 945 τῶν
475 917 570 953 ὀρέων,
589 914 626 948 ὡς
646 916 725 949 πόδες
745 913 915 951 εὐαγγελιζο-

129 964 209 1000 μένου
222 964 306 1000 ἀκοὴν
322 964 443 999 εἰρήνης,
454 962 491 994 ὡς
508 961 748 997 εὐαγγελιζόμενος
760 960 859 995 ἀγαθὰ,
873 959 914 986 ὅτι

127 1010 263 1046 ἀκουστὴν
278 1010 382 1045 ποιήσω
401 1009 450 1044 τὴν
466 1008 602 1043 σωτηρίαν
627 1015 685 1040 σου,
705 1006 806 1040 λέγων’
832 1005 914 1038 Σιὼν,

128 1056 280 1092 βασιλεύσει
297 1065 343 1082 σου
363 1057 377 1082 ὁ
392 1055 473 1087 Θεόςε
493 1064 501 1080 ι
520 1054 583 1085 τοὺς
607 1053 799 1088 μακαρισμοὺς
814 1059 915 1085 καταγ-

126 1103 276 1137 γέλλοντες,
293 1102 339 1133 οὒς
351 1103 365 1128 ὁ
379 1101 473 1136 Σωτὴρ
488 1100 571 1127 ἐδίδου
587 1099 631 1126 διὰ
656 1098 704 1134 τῆς
737 1097 916 1132 εὐαγγελικῆς

126 1147 310 1178 διδασκαλίας.
333 1147 456 1181 Ἐλέγετο
471 1146 499 1172 δὲ
519 1146 549 1172 τὸ
572 1146 702 1181 κήρυγμα
721 1145 755 1179 τῇ
775 1143 855 1174 Σιὼν,
869 1143 916 1178 δη-

126 1194 193 1229 λαδὴ
209 1193 246 1229 τῷ
258 1193 377 1219 θεοσεϐεῖ
392 1192 579 1227 πολιτεύματι,
593 1191 641 1218 καὶ
656 1190 695 1226 τῷ
707 1190 779 1225 χορῷ
796 1189 835 1224 τῷ
849 1190 916 1216 άπο-

127 1239 253 1275 σωλικῷ,
270 1239 316 1266 Διὸ
331 1240 380 1274 τὴν
392 1238 528 1274 βασιλείαν
541 1238 594 1264 τῶν
611 1237 731 1273 οὐρανῶν
748 1236 832 1264 ἅπασι
849 1244 917 1263 κατ-

127 1286 260 1322 ήγγελλον
273 1285 321 1312 ἀνθ
327 1284 436 1321 ρώποις.

166 1341 176 1358 ι
194 1333 255 1358 ’Ὁτι
268 1331 344 1367 φωνὴ
355 1330 409 1357 τῶν
429 1329 617 1365 φυλασσόντων
640 1337 669 1356 σε
686 1328 791 1364 ὑψώθη,
816 1328 863 1355 καὶ
883 1329 915 1364 τῇ

129 1379 205 1414 φωνῇ
237 1377 295 1413 ἀμα
323 1376 573 1413 εὐφρανθήσονται·
607 1375 648 1402 ὅτι
683 1374 818 1410 ὀφθαλμοὶ
848 1375 916 1410 πρὸς

127 1425 284 1459 ὀφθαλμοὺς
293 1422 502 1458 ὅψονται,ἡνίκα
514 1422 547 1449 ἂν
555 1421 648 1457 ἐλέησε
658 1421 758 1456 Κύριος
764 1421 812 1456 τὴν
819 1420 896 1447 Σιὼν.
904 1430 914 1447 ι

127 1469 206 1495 Κατά
211 1469 239 1495 δὲ
245 1468 290 1495 τδν
298 1467 472 1500 Θεοδοτίωνα,
485 1476 494 1493 ι
504 1466 582 1502 Φωνὴ
590 1466 644 1493 τῶν
661 1466 770 1493 σκοπῶν
778 1474 824 1492 σου
831 1466 917 1502 ἐπῆρε

126 1515 219 1549 φωνήν
237 1522 244 1528 ·
268 1514 313 1540 ἐπὶ
330 1513 360 1540 τὸ
383 1513 449 1540 αὐτὸ
467 1512 686 1547 ἀγαλλιάσονται,
715 1513 756 1539 ὃτι
779 1512 917 1548 ὀφθαλμὸν

128 1560 159 1585 ἐν
178 1559 326 1594 ὀφθαλμοῖς
349 1557 476 1593 ὄψονταιο
494 1567 503 1583 ι
524 1557 642 1588 σκοποὺς
654 1557 771 1584 ἐνταῦθα
783 1558 847 1589 τοὺς
865 1565 916 1593 μα-

127 1604 211 1639 θητὰς
222 1605 266 1631 καὶ
277 1603 442 1636 ἀποστόλους
456 1603 501 1630 τοῦ
513 1604 638 1639 Σωτῆρος
649 1604 726 1639 ἡμῶν
738 1603 914 1639 ὀνομάζοντος

126 1650 174 1677 τοῦ
187 1650 275 1684 λόγου.
292 1650 397 1684 Ὥσπερ
413 1649 467 1685 γὰρ
489 1649 634 1676 ἐκαλοῦντο
652 1649 748 1676 σκοποὶ
761 1648 808 1676 τοῦ
823 1649 855 1676 ἐκ
868 1657 916 1676 ne-

126 1696 242 1731 ριτομῆς
271 1695 336 1721 λαοῦ
360 1696 385 1721 οἱ
408 1695 474 1730 παρ’
491 1695 583 1726 αὐτοῖς
605 1694 746 1730 γενόμενοι
766 1694 914 1730 προφῆται,

127 1741 198 1768 οὕτω
209 1741 256 1768 καὶ
266 1740 314 1768 νῦν
326 1741 375 1777 τῆς
390 1740 453 1772 νέας
466 1740 513 1767 καὶ
527 1740 623 1775 καινῆς
643 1740 723 1772 Σιὼν,
745 1739 844 1776 δηλαδὴ
867 1740 916 1775 τῆς

133 1787 295 1822 Ἐγκλησίας
311 1786 392 1814 αὑτοῦ
408 1786 457 1813 τοῦ
475 1786 553 1819 Θεοῦ,
567 1786 615 1813 καὶ
628 1785 674 1812 τοῦ
687 1785 827 1817 θεοσεϐοῦς
842 1785 917 1812 πολι-

127 1832 265 1867 τεύματος
285 1839 309 1858 οι
322 1832 368 1858 τοῦ
386 1832 511 1867 Σωτῆρος
531 1832 608 1867 ήμῶν
631 1830 774 1858 ἀπόστολοι
790 1832 916 1866 γεγόνασι

127 1877 227 1904 σκοποὶ
252 1877 299 1903 καὶ
322 1877 453 1910 φύλακες⁸
471 1877 506 1909 οἳ,
527 1877 574 1903 καὶ
608 1876 823 1912 ὀφθαλμοφανῶς
849 1877 916 1903 αὐτ-

126 1922 209 1949 όπται
225 1921 272 1948 καὶ
288 1921 416 1957 αὐτήκοοι
441 1922 488 1948 τοῦ
505 1921 629 1957 Σωτῆρος
638 1921 788 1956 γενόμενοι,
805 1921 915 1955 ὕψωσαν

127 1969 178 2004 τὴν
192 1967 296 1994 ἑαυτῶν
312 1968 414 2003 φωνὴν,
434 1968 471 2000 ὠς
492 1967 654 2001 ἐξάκουστον
680 1967 764 2001 αὐτὴν
791 1967 917 2002 γενέσθαι

127 2016 194 2041 πᾶσι
215 2015 271 2046 τοῖς
288 2014 401 2041 ἔθνεσιν.
423 2015 453 2041 Οἱ
477 2014 499 2040 δ’
516 2014 592 2040 αὐτοὶ
618 2014 708 2048 πάσης
731 2013 918 2048 πνευματικῆς

127 2060 296 2096 εὐφροσύνης
312 2060 487 2096 ἐπληροῦντο,
504 2059 657 2095 ὴλεημένης
671 2059 722 2085 ὑπὸ
730 2058 776 2085 τοῦ
788 2059 854 2085 Θεοῦ
869 2059 918 2094 τῆς

128 2107 304 2142 ἀποδοθείσης
320 2106 385 2143 ἡμῖν
403 2106 481 2139 Σιὼν,
499 2106 546 2134 καὶ¹
570 2106 623 2133 τῶν
640 2106 722 2132 πάλαι
740 2107 850 2142 ἐρήμων
871 2106 918 2132 αὐ-

128 2154 179 2189 τῆς
196 2154 355 2190 σωζομένων
366 2154 409 2180 διὰ
423 2154 472 2190 τῆς
489 2152 623 2188 σωτηρίου
637 2152 866 2188 ἀπολυτρώσεως·
878 2151 918 2178 διό

131 2209 208 2236 φησι·

965 281 1107 309 sanguine.

1001 320 1083 348 Vens.
1101 320 1128 348 5.
1150 329 1160 346 ι
1187 320 1221 348 Ει
1244 328 1316 347 nunc
1333 320 1396 355 quid
1420 320 1485 348 estis
1505 319 1572 348 hic?
1600 319 1662 347 Haec
1684 320 1750 348 dicit

965 368 1115 395 Dominus:
1133 367 1201 400 Quia
1223 367 1329 393 ablatus
1348 370 1389 393 est
1415 366 1530 402 populus
1555 374 1632 393 meus
1644 367 1729 399 gratis
1741 385 1750 398 ,

965 414 1134 441 admiramini
1148 418 1175 439 et
1188 413 1300 440 nlulate.
1317 413 1379 439 llzec
1390 412 1456 439 dicit
1471 412 1600 439 Dominus
1614 432 1620 439 .
1635 411 1750 446 Propter

965 468 1012 487 vos
1029 467 1135 494 semper
1163 465 1261 485 nomen
1289 466 1376 485 meum
1404 457 1606 491 blasphematur
1631 457 1657 483 in
1682 465 1750 492 gen-

966 506 1048 533 tibus.
1077 515 1086 531 I
1113 505 1160 532 llis
1179 505 1319 539 prophetia
1346 504 1447 530 indicat
1471 504 1626 538 hlasphema
1654 508 1750 529 contra

964 553 1100 580 Christum
1117 551 1199 585 dicta,
1211 559 1271 586 quae
1285 550 1421 585 principes
1441 549 1560 577 .ludaica-
1574 550 1664 585 gentis
1679 557 1750 584 quo-

966 599 1030 625 tidie
1045 602 1183 624 evomunt.

999 644 1081 671 Vens.
1106 643 1133 670 6.
1163 652 1172 669 ι
1203 643 1347 677 Propterea
1374 642 1440 668 sciet
1463 641 1575 676 populus
1598 649 1674 669 meus
1699 648 1750 668 no-

965 697 1025 717 men
1040 697 1127 716 meum
1143 690 1168 715 in
1185 689 1228 716 die
1248 689 1292 716 illa
1305 709 1312 720 ,
1329 688 1391 722 quia
1405 696 1455 722 ego
1467 696 1524 715 sum
1540 698 1546 715 :
1563 688 1619 722 ipse
1638 688 1751 722 loquens

966 736 1071 763 adsum.
1093 745 1102 760 ι
1123 735 1180 768 Qua
1194 735 1248 766 die,
1265 735 1315 761 nisi
1334 742 1395 761 cum
1413 742 1463 768 rgo
1481 735 1546 769 ipse,
1561 735 1607 765 ait,
1621 735 1665 769 qui
1680 742 1750 762 nunc

965 789 1013 816 per
1029 781 1175 816 prophetas
1189 788 1264 809 uicos
1283 780 1341 808 haec
1361 780 1468 815 loquor,
1485 781 1517 808 ad
1532 781 1656 809 homines
1669 781 1751 808 adve-

966 826 1039 854 niam
1056 826 1068 853 ἵ

929 907 951 935 Β
1001 904 1084 934 Vens.
1102 906 1129 934 7.
1146 915 1156 932 I
1176 905 1254 934 Sicut
1268 905 1333 934 hora
1351 913 1431 940 super
1446 910 1563 939 montes,
1579 906 1648 934 sicut
1667 906 1749 941 pedes

966 951 1180 987 evangelizantis
1205 952 1324 979 auditum
1353 952 1447 986 pacis,
1471 952 1542 980 sicut
1560 953 1751 987 evangelisans

967 998 1035 1025 bona
1048 1017 1056 1030 ,
1070 998 1132 1032 quia
1151 997 1270 1024 auditam
1283 997 1380 1024 faciam
1393 997 1509 1024 salutem
1527 1002 1600 1024 tuam
1613 1017 1621 1030 ,
1636 998 1749 1026 dicens:

967 1044 1053 1076 Sion,
1072 1043 1195 1079 regnabit
1218 1043 1288 1071 Deus
1311 1049 1391 1070 tuus:
1408 1053 1418 1069 ι
1438 1043 1619 1070 beatitudines
1644 1051 1751 1070 sanun--

967 1091 1063 1118 tiantes
1074 1110 1083 1122 ,
1098 1098 1166 1124 quas
1190 1090 1320 1117 Servalor
1335 1097 1382 1124 per
1397 1089 1577 1124 evangelium
1600 1089 1750 1117 doctrinam

966 1138 1048 1165 dedit.
1072 1134 1232 1164 Praedicatio
1261 1140 1351 1163 autem
1379 1134 1442 1162 Sion
1469 1135 1691 1168 annuntiabatur,
1708 1135 1752 1162 vi-

967 1183 1063 1212 delicet
1082 1183 1213 1218 religiosa;
1239 1182 1301 1209 vitae
1325 1182 1404 1209 metui
1429 1186 1456 1209 et
1480 1181 1628 1216 apostolico
1642 1181 1749 1209 choro:

966 1234 1129 1265 quapropter
1153 1236 1265 1264 regnum
1290 1227 1422 1256 calorum
1444 1227 1570 1255 omnibus
1595 1227 1751 1255 hominibus

921 1278 924 1281 '
966 1275 1160 1310 prmdicabant.

1002 1320 1085 1349 Vens.
1102 1321 1130 1348 8.
1152 1330 1162 1347 ι
1189 1320 1256 1354 Quia
1269 1327 1322 1348 vox
1340 1320 1549 1348 custodientium
1575 1324 1604 1347 te
1631 1319 1751 1348 exaltata

966 1373 1007 1396 est
1020 1388 1028 1400 ,
1043 1373 1070 1396 et
1091 1374 1154 1395 voce
1169 1367 1248 1395 simul
1270 1367 1433 1394 lzetabuntur
1450 1376 1456 1392 :
1470 1366 1532 1401 quia
1550 1366 1620 1394 oeuli
1636 1367 1669 1393 ad
1685 1375 1752 1394 ocu-

967 1416 1008 1443 los
1038 1415 1189 1448 videbunt,
1216 1415 1326 1450 quando
1360 1415 1487 1442 misertus
1517 1414 1599 1441 fuerit
1623 1413 1753 1443 Dominus

968 1461 1044 1489 Sion.
1065 1471 1074 1487 ι
1092 1460 1245 1488 Secundum
1262 1460 1474 1488 Theodotiouem
1488 1467 1553 1488 vero
1566 1480 1573 1492 ,
1590 1469 1599 1486 ι
1617 1460 1675 1488 Vox
1689 1469 1753 1496 spe-

967 1508 1118 1535 culatorum
1148 1511 1253 1534 tuorum
1281 1507 1366 1534 edidit
1386 1514 1477 1534 vocem
1495 1515 1502 1533 :
1520 1506 1546 1533 in
1572 1506 1688 1541 idipsum
1704 1513 1754 1534 ex-

968 1553 1119 1586 sultabant,
1135 1553 1197 1587 quia
1214 1552 1321 1580 oculum
1336 1553 1361 1579 in
1376 1553 1462 1580 oculis
1475 1552 1614 1580 videbunt.
1643 1562 1652 1578 ι
1683 1553 1753 1588 Spe-

966 1598 1102 1627 culatores
1114 1599 1157 1626 hic
1170 1603 1250 1626 vocat
1267 1599 1414 1633 discipulos
1427 1604 1454 1626 et
1469 1599 1605 1634 apostolos
1630 1599 1754 1627 Salvato-

967 1646 1005 1673 ris
1018 1645 1114 1673 nostri.
1132 1645 1363 1678 Quemadmodum
1377 1645 1448 1673 enim
1462 1645 1647 1681 speculatores
1661 1647 1752 1682 populi

966 1701 999 1721 ex
1015 1694 1220 1721 circumcisione
1233 1693 1399 1721 vocabantur
1423 1694 1563 1729 propheta:
1575 1714 1583 1726 ,
1598 1695 1642 1729 qui
1668 1702 1753 1729 penes

967 1739 1026 1767 illos
1044 1744 1140 1773 erant;
1157 1739 1193 1766 ita
1209 1744 1236 1767 et
1253 1747 1325 1767 nunc
1339 1747 1415 1768 novae
1434 1740 1505 1767 illius
1532 1739 1634 1773 Sionis,
1657 1741 1754 1768 videli-

967 1791 1010 1814 cet
1021 1785 1149 1813 Ecclesiae
1163 1786 1209 1813 Dei
1229 1785 1401 1821 religiosique
1420 1791 1523 1819 caelus,
1540 1785 1691 1815 Salvatoris
1704 1794 1754 1817 no-

967 1832 1016 1860 stri
1037 1832 1149 1868 apostoli
1167 1832 1350 1867 speculatores
1365 1831 1452 1859 elIecti
1466 1836 1548 1866 sunt,
1564 1838 1645 1867 atque
1662 1837 1753 1861 custo-

968 1878 1016 1906 des
1031 1887 1039 1906 :
1057 1879 1102 1914 qui
1118 1879 1239 1914 ejusdem
1254 1878 1406 1906 Salvatoris
1421 1878 1520 1905 oculati
1539 1883 1623 1906 testes
1638 1897 1647 1911 ,
1667 1884 1694 1906 et
1707 1887 1755 1907 au-

968 1924 1080 1958 ditores,
1093 1925 1146 1951 alla
1162 1932 1228 1952 voce
1245 1923 1327 1951 locuti
1341 1929 1424 1957 sunt;
1447 1925 1482 1951 ita
1505 1929 1535 1951 ut
1546 1925 1627 1951 etiam
1643 1925 1677 1953 ab
1691 1933 1750 1953 om-

968 1971 1047 1998 nibus
1074 1969 1198 2005 gentibus
1216 1970 1382 1997 audirentur.
1408 1970 1490 1998 lidem
1507 1978 1571 1998 vero
1597 1971 1648 2006 ipsi
1674 1971 1751 2000 omni

968 2015 1100 2052 spirituali
1119 2015 1210 2043 laetitia
1234 2016 1418 2051 replebantur,
1441 2017 1502 2051 quia
1521 2017 1630 2045 Sioncm
1649 2018 1722 2046 illam
1738 2038 1748 2052 ,

968 2062 1001 2089 de
1017 2069 1070 2097 qua
1083 2061 1209 2097 superius
1223 2082 1230 2095 ,
1256 2062 1401 2090 miseratus
1415 2067 1458 2090 est
1472 2063 1544 2091 Deus
1555 2084 1563 2096 ,
1578 2070 1605 2091 et
1617 2065 1679 2099 quia
1705 2065 1751 2094 illa

968 2107 1032 2134 olim
1055 2108 1162 2136 deserta
1177 2108 1248 2142 ejus.
1273 2115 1322 2143 per
1345 2108 1493 2136 salutarem
1515 2110 1728 2146 redemptionem
1741 2131 1752 2146 ,

968 2153 1086 2182 salutare
1098 2157 1178 2182 nacta
1194 2158 1257 2181 sunt
1274 2162 1280 2180 :
1296 2162 1380 2189 quare
1394 2155 1447 2182 ait:

166 2256 175 2272 ι
199 2246 319 2281 Ῥηξάτω
336 2247 505 2283 εὐφροσυνην
520 2246 588 2282 ἅμα,
605 2246 640 2273 τὰ
663 2245 756 2282 ἔρημα
778 2246 915 2281 Ἰερουσα-

1006 2242 1084 2270 Vsus.
1098 2243 1126 2275 9,
1140 2243 1182 2271 to.
1205 2243 1377 2280 tErumpant
1401 2245 1428 2272 in
1455 2245 1575 2273 betitiam
1599 2247 1679 2274 simul
1703 2246 1752 2274 de-

128 2290 201 2326 λήμ·
219 2291 260 2317 ὃτι
272 2291 370 2326 ήλέησε
384 2291 486 2326 Κύριος
502 2291 596 2326 αὐτὴν,
612 2291 659 2317 καὶ
671 2290 805 2326 ἐρρύσατο
818 2289 915 2325 Ἰερου-

129 2336 232 2371 σαλήμ.
257 2337 311 2363 Καὶ
333 2336 504 2371 ἀποκαλύψει
528 2336 630 2372 Κύριος
655 2336 699 2362 τὸν
723 2335 854 2372 βραχίονα
869 2335 915 2362 τὸν

128 2381 205 2414 ἅγιον
220 2381 302 2408 αὐτοῦ
313 2382 427 2408 ἐνώπιον
444 2382 552 2408 πάντων
567 2381 620 2408 τῶν
638 2381 732 2413 ἐθνῶν,
749 2381 796 2407 καὶ
806 2380 915 2415 ὄψονται

129 2427 217 2453 πάντα
235 2426 270 2453 τὰ
286 2427 358 2462 ἄκρα
372 2427 421 2461 τῆς
432 2427 484 2462 γῆς
494 2427 543 2463 τὴν
559 2427 695 2462 σωτηρίαν
711 2427 760 2462 τήν
775 2426 850 2462 παρά
867 2426 914 2453 τοῦ

128 2471 196 2498 Θεοῦ
217 2471 300 2506 ήμῶν,
318 2481 327 2496 ι
347 2471 427 2507 Ὁρᾷς
441 2472 514 2503 ὅπως
524 2467 579 2498 καῖ
588 2471 632 2498 διά
645 2471 746 2498 τούτων
759 2473 814 2502 τοῖς
826 2471 914 2498 ἔθνεσι

128 2517 164 2544 τὰ
175 2516 339 2551 εὐαγγελικά
354 2516 518 2553 κηρύγματα
528 2516 761 2552 ἐπαγγελλόμενος
777 2517 915 2552 ὑπισχνεῖ-

129 2570 192 2594 ται;
206 2561 257 2588 Τὸν
271 2561 325 2596 γὰρ
338 2561 467 2597 βραχίονα
488 2561 531 2588 τὸν
548 2562 624 2596 ἀγιον
640 2561 734 2594 αὐτοῦ,
748 2558 824 2594 οὗτος
841 2562 869 2588 δὲ
880 2560 914 2598 ἦν

130 2608 145 2634 ὁ
161 2607 208 2633 τοῦ
225 2607 293 2634 Θεοῦ
312 2608 406 2641 Λόγος,
423 2607 626 2634 ἀποκαλύπτειν
637 2607 681 2635 τὸν
695 2607 761 2634 Θεόν
772 2616 837 2643 φησι
848 2609 915 2634 πᾶσι

132 2655 188 2685 τοῖς
200 2653 313 2680 ἔθνεσιν.
331 2653 445 2685 Οὐκοῦν,
460 2653 569 2680 ἐπειδὰν
580 2655 726 2690 προσφωνῇ
739 2655 772 2690 τῇ
788 2653 855 2681 Σιὼν
868 2653 915 2681 καὶ

138 2699 326 2735 Ἰερουσαλὴμ,
343 2698 376 2726 τὰ
386 2699 522 2734 λεγόμενα
536 2700 583 2726 ἐπὶ
596 2699 645 2727 τὴν
660 2699 714 2726 τῶν
727 2699 810 2726 ἐθνῶν
822 2699 917 2734 κλῆσιν

131 2745 306 2781 ἀναφέρεται.
668 2736 671 2739 ’

170 2801 180 2818 ι
196 2791 354 2827 Ἀπόστητε,
369 2792 515 2828 ἀπόστητε,
528 2791 650 2825 ἐξέλθετε
665 2781 778 2823 ἐκεῖθεν,
791 2791 842 2818 -καὶ
852 2791 918 2818 ἀκα-

133 2836 232 2870 θάρτου
251 2837 288 2872 μὴ
301 2837 387 2873 ἃψητε
397 2846 404 2853 ·
421 2837 544 2870 ὲξέλθετε
558 2839 589 2864 ἐκ
603 2837 685 2872 μέσον
700 2837 782 2872 αὐτῆς
794 2845 800 2852 ·
813 2847 821 2862 ι
839 2836 918 2871 δῆλον

133 2881 161 2907 δὲ
175 2882 216 2908 ὅτι
233 2883 265 2908 ἐκ
282 2882 329 2908 τοῦ
343 2882 457 2909 ἀπίστου
472 2883 537 2909 λαοῦ
553 2883 601 2909 καὶ
622 2882 785 2918 ἀκαθάρτου.
803 2891 811 2907 ι
839 2882 916 2916 Ἀφα

136 2928 255 2964 ρίσθητε,
284 2929 308 2955 oi
342 2928 469 2964 φέροντες
490 2929 525 2956 τὰ
551 2928 634 2964 σκεύη
662 2929 775 2964 Κυρίου.
795 2938 804 2954 ι
829 2927 915 2963 Σκεύη

968 2293 1039 2316 serta
1055 2288 1204 2316 Jerusalem
1221 2298 1228 2316 :
1248 2290 1311 2324 quia
1330 2290 1456 2318 misertus
1472 2296 1512 2318 est
1527 2290 1658 2319 Dominus
1679 2292 1750 2326 ejus,

967 2339 994 2361 et
1011 2335 1081 2362 eruit
1094 2334 1256 2363 Jerusalem.
1271 2336 1305 2362 Et
1320 2336 1449 2364 revelahit
1466 2337 1594 2364 Dominus
1610 2337 1750 2366 brachium

967 2385 1090 2408 sanctum
1115 2388 1192 2408 suum
1215 2381 1241 2407 in
1264 2387 1408 2415 conspectu
1428 2383 1547 2409 omnium
1566 2383 1695 2417 gentium.
1718 2383 1752 2410 Et

967 2426 1096 2453 videbunt
1108 2433 1201 2453 omnes
1214 2425 1281 2453 lines
1298 2431 1375 2454 terra:
1389 2427 1516 2462 salutem,
1530 2435 1589 2462 qua:
1607 2433 1648 2455 est
1664 2436 1678 2454 ιι
1697 2427 1752 2455 Deo

967 2475 1072 2498 nostra.
1089 2480 1099 2496 ι
1127 2469 1220 2498 Viden‘
1236 2478 1290 2505 quo
1311 2477 1390 2508 pacto
1407 2471 1448 2500 his
1465 2473 1548 2500 etiam
1564 2473 1652 2500 verbis
1665 2481 1750 2500 cvan-

967 2517 1080 2552 gelicam
1101 2517 1319 2551 praedicationem
1340 2519 1466 2553 gentibus
1485 2511 1667 2553 polliceatur?
1685 2518 1750 2546 Ete-

967 2563 1023 2589 nim
1038 2562 1176 2589 brachium
1191 2567 1313 2589 sanctum
1329 2571 1418 2595 suum,
1439 2563 1510 2597 quod
1525 2568 1583 2590 erat
1600 2564 1685 2598 ipsum
1703 2563 1749 2591 Dei

968 2606 1097 2640 Verbum,
1112 2607 1236 2635 omnibus
1251 2607 1374 2642 gentibus
1393 2608 1572 2636 revelaturum
1591 2616 1649 2636 esse
1666 2609 1750 2636 Deum

968 2654 1099 2682 declarat.
1124 2654 1190 2682 Cum
1207 2655 1298 2690 itaque
1310 2654 1375 2681 Sion
1403 2658 1430 2681 et
1455 2653 1603 2682 Jerusalem
1621 2655 1662 2682 sic
1684 2654 1751 2682 allo-

968 2705 1076 2735 quatur,
1090 2700 1149 2728 haec
1162 2701 1195 2728 ad
1208 2701 1327 2736 gentium
1339 2699 1506 2727 vocationem
1521 2698 1662 2727 referenda
1675 2705 1749 2727 sum.

1005 2789 1086 2819 Vens.
1101 2791 1144 2818 Η.
1167 2800 1176 2816 ι
1190 2790 1327 2824 Recedite,
1351 2789 1479 2821 rec-edite,
1501 2789 1658 2825 egredimini
1676 2789 1748 2822 inde,

968 2840 996 2863 et
1009 2836 1174 2863 immundum
1192 2835 1273 2862 nolite
1287 2840 1395 2870 tangere
1409 2846 1414 2862 :
1428 2835 1499 2862 exite
1511 2834 1544 2862 de
1558 2834 1646 2862 medio
1656 2834 1746 2869 ejus;-

969 2881 1091 2908 vitlelicet
1105 2889 1137 2908 ex
1160 2881 1298 2908 incredula
1315 2886 1340 2908 et
1363 2880 1500 2908 immundo
1519 2881 1626 2916 populo.
1645 2890 1654 2907 ι
1666 2880 1749 2914 Sepa-

970 2927 1084 2960 ratuini,
1113 2927 1158 2962 qui
1184 2927 1296 2961 portatis
1317 2934 1378 2954 vasa
1394 2926 1509 2954 Domini.
1524 2935 1534 2953 ι
1559 2926 1627 2955 Vasa
1642 2925 1748 2954 Domini
