2061 3215
167 219 224 249 457

624 223 872 251 COMMENTARIA
892 223 926 251 IN
946 222 1073 250 ISAIMI.
1096 236 1128 240 —-
1149 220 1224 247 CAP.
1247 220 1311 247 LIII.

1704 214 1706 216 ⁷
1726 226 1777 253 εδει

205 286 216 305 ι
234 277 313 306 Ἀλλά
329 278 359 305 τὸ
372 276 440 312 εἶδος
456 279 538 306 αὑτοῦ
553 280 659 316 ἄτιμον,
672 282 718 308 καὶ
733 282 856 308 ἐκλεῖπον
874 290 936 317 παρέ

1035 280 1115 307 Vens.
1129 281 1156 310 3.
1171 279 1198 307 4.
1218 290 1227 306 ι
1241 279 1294 307 Sed
1309 280 1413 314 species
1426 281 1485 315 ejus
1498 281 1656 308 inhonorata
1669 287 1694 309 et
1711 283 1779 310 dett-

165 325 230 357 τοὺς
246 326 320 356 υἱοὺς
333 325 387 352 τῶν
399 326 557 362 ἀνθρώπων.
576 327 735 363 Ἀνθρωπος
753 328 781 354 ὲν
796 328 885 364 πληγῇ
899 327 946 360 ὣν,

167 370 213 398 καὶ
225 370 303 401 σίδὼς
312 370 403 406 φέρειν
413 372 558 406 μαλακίαν,
566 373 607 399 ὄτι
617 373 805 409 ἀπέστραπται
823 373 852 400 τδ
862 374 914 409 πρό
919 383 947 400 σ-

166 423 240 442 ωπον
257 415 349 446 αὐτοῦ.
364 417 512 453 ἡτιμάσθη,
533 418 579 445 καὶ
598 419 648 445 οὐκ
661 418 796 455 ἐλογίσθη.
806 416 888 452 Οὗτος
899 421 946 452 τὰς

166 461 304 496 ἁμαρτίας
317 462 394 497 ἡμῶν
408 462 495 499 φέρει,
516 463 563 490 καὶ
575 464 639 500 περὶ
656 465 733 500 ἡμῶν
746 465 886 492 ὁδυνᾶται·
900 467 946 493 καὶ

165 506 246 542 ἡμεῖς
269 506 448 542 ἐλογισάμεθα
471 507 553 534 αὑτὸν
580 506 650 535 εἶναι
675 509 704 535 ἐν
730 509 820 544 πόνῳ,
851 511 897 536 καὶ
917 511 945 537 ἐν

165 551 266 588 πληγῇ,
282 554 329 580 καὶ
342 554 371 580 ὲν
385 553 515 581 κακώσει.
534 564 542 579 ι
564 555 718 582 Κοινοποιεῖ
731 555 758 582 δὲ
774 557 788 583 6
805 558 945 592 προφήτης

164 598 372 633 συγκαταλέγων
389 599 435 626 καὶ
459 600 554 626 ἑαυτὸν
568 600 610 627 διὰ
622 601 824 637 φιλανθρωπίαν
837 605 892 634 τοῖς
908 604 944 639 μὴ

163 643 352 680 λογισαμένοις
370 645 416 672 τὸν
432 645 562 682 Σωτῆρα·
581 647 638 674 Οὐκ
657 647 837 684 ἐλογισάμεθα
852 650 942 682 αὑτὸν,

162 689 223 716 οὐδὲ
236 690 503 727 προσεποιησάμεθα,
518 692 578 719 οὐδὲ
597 694 761 729 ὲννοήσαμεν
772 694 813 726 τίς
824 703 888 722 ποτε
899 693 941 730 ἦν.

167 736 198 763 '0
205 735 233 763 δὲ
241 734 274 772 ἦν
287 736 341 772 ἀρα
348 738 362 764 6
371 737 425 764 τῶν
436 738 577 775 ἡμετέρων
587 739 679 775 ψυχῶν
692 741 796 777 map.
812 742 943 778 ἰατρεύων

159 780 260 810 αὐτῶν,
278 780 324 806 καὶ
345 780 483 816 καθαίρων
506 783 595 819 πάσης
610 784 756 820 ἁμαρτίας.
779 786 848 813 Ἀλλ’
863 788 942 822 ἡμεῖς

162 824 212 860 μὲν
224 823 268 852 οἷα
279 826 369 861 νήπιοι
380 827 482 863 ταύτην
493 828 601 863 εἴχομεν
617 831 681 866 περὶ
692 831 773 858 αὐτοῦ
788 832 837 867 τὴν
849 832 940 866 δόξαν·

160 871 174 897 6
189 870 218 897 δὲ
231 870 317 898 ταῦτα
330 873 418 899 πάντα
431 872 533 908 ἔπασχε
548 874 580 901 δι’
596 875 685 911 ήμῶν,
710 877 754 904 ἵνα
773 878 847 913 ἡμᾶς
867 879 941 906 ἐλευ-

159 915 267 952 θερώσῃ
280 916 371 953 πάσης
384 917 531 953 ἁμαρτίας.

197 1011 206 1028 t
226 1003 311 1035 Αυτὸς
325 1004 352 1031 δὲ
366 1005 569 1044 ὲτραυματίσθη
584 1007 627 1035 διὰ
641 1008 690 1040 τὰς
705 1009 840 1046 ἁμαρτίας
851 1012 939 1047 ἡμῶν.

158 1048 205 1075 καὶ
230 1049 429 1084 μεμαλάκισται
450 1050 496 1078 διὰ
516 1053 565 1085 τὰς
582 1054 697 1089 ἀνομίας
718 1055 806 1091 ἡμῶν.
829 1057 940 1084 Παιδεία

157 1095 268 1131 είρήνης
287 1097 364 1132 ἡμῶν
380 1099 423 1124 ἐπ’
439 1099 532 1127 αὐτόν·
561 1100 600 1136 τῷ
617 1101 730 1136 μώλωπι
756 1102 838 1129 αὐτοῦ
861 1104 940 1138 ἡμεῖς

159 1140 283 1176 ίάθημεν.
304 1152 312 1168 ι
329 1143 394 1169 Τότε
412 1143 477 1178 γοῦν
494 1145 541 1171 καὶ
557 1147 698 1182 συνετρίϐη
716 1148 761 1175 καὶ
773 1149 939 1184 ὲόεϐηλώθη,

157 1187 228 1214 κατὰ
240 1187 285 1214 τὸν
304 1188 429 1221 Ἀκύλαν,
447 1191 494 1218 καὶ
507 1191 594 1218 πάντα
607 1193 641 1220 τὰ
657 1193 782 1229 χείριστα
799 1195 939 1230 ὑπέμεινε,

155 1233 186 1260 οὐ
201 1234 246 1261 διά
257 1243 329 1266 τινος
344 1235 447 1268 οίκείας
461 1237 607 1273 ἁμαρτίας,
630 1238 674 1265 διὰ
688 1239 715 1266 δὲ
729 1240 778 1272 τὰς
794 1241 938 1277 ἡμετέρας.

155 1278 210 1305 Καὶ
226 1279 336 1313 γέγονεν
351 1280 368 1315 η
385 1280 491 1308 παιδεία
501 1282 550 1316 τῆς
563 1283 672 1319 είρὴνης
691 1285 768 1320 ἡμῶν
783 1286 825 1312 ἐπ’
838 1286 936 1312 αὐτόν·

155 1324 227 1360 ἅπερ
242 1325 296 1361 γὰρ
313 1325 396 1361 ἐχρῆν
410 1327 485 1362 ἡμᾶς
499 1328 596 1355 παθεῖν
607 1329 817 1365 παιδευομένους
834 1331 877 1358 διὰ
890 1332 938 1365 τὰς

154 1370 291 1406 ἁμαρτίας
303 1372 352 1404 τὰς
365 1374 512 1410 ἡμετέρας,
528 1375 605 1402 ταῦτ’
624 1376 668 1403 ἐπ’
685 1376 765 1404 αὐτὸν
773 1375 853 1412 ἦλθεν
870 1378 939 1415 ὑπὲρ

154 1415 204 1451 τῆς
217 1417 352 1454 ἡμετέρας
360 1420 471 1456 εἰρήνης
477 1421 526 1456 τῆς
541 1421 608 1457 πρὸς
615 1421 689 1449 Θεόν.
705 1423 780 1451 Ἐπεὶ
787 1425 833 1451 καὶ
843 1425 937 1460 μώλω-

154 1470 209 1494 πας
231 1463 303 1496 εἰκὸς
323 1461 357 1500 ἧν
371 1465 453 1492 αὐτὸν
475 1466 567 1502 φέρειν
584 1467 654 1494 κατά
674 1468 722 1495 τοῦ
746 1469 871 1505 σώματος
893 1471 938 1498 καὶ

152 1507 307 1542 τραύματα,
325 1511 490 1546 τυπτόμενον
511 1512 558 1539 καὶ
578 1513 805 1549 μαστιγούμενον.
827 1516 938 1549 καὶτὰς

148 1552 228 1587 ὄψεις
240 1554 428 1591 ῥαπιζόμενον,
447 1558 497 1593 τήν
514 1566 543 1584 τε
559 1559 679 1595 κεφαλὴν
692 1560 807 1597 καλάμῳ
823 1562 937 1598 παιόμε-

148 1608 206 1627 -νον,
227 1601 299 1636 Πλὴν
315 1603 339 1628 οε
360 1602 493 1638 μώλωπες
512 1600 584 1631 οὗτοι
608 1605 728 1641 σωτῆρες
754 1603 824 1642 ἦσαν
846 1608 933 1643 ἡμῶν.

150 1655 164 1671 ηι
183 1645 227 1682 Τῷ
242 1656 251 1672 ι
265 1647 319 1683 γὰρ
338 1658 347 1673 ι
370 1648 482 1684 μώλωπι
501 1650 583 1677 αὑτοῦ
598 1651 678 1686 ἡμεῖς
694 1651 817 1688 ίάθημεν.
834 1663 842 1679 ι
858 1653 936 1686 Τίνες

150 1690 178 1717 δὲ
189 1691 269 1727 ἡμεῖς
280 1692 337 1719 ἀλλ’
348 1693 364 1729 ἢ
377 1695 400 1720 οι
415 1694 498 1722 πάλαι
511 1695 699 1731 πλανηθέντες,
713 1698 760 1724 καὶ
777 1698 813 1734 μὴ
828 1698 936 1732 λογισά-

148 1744 225 1771 μενοι
236 1737 327 1771 αὑτὸν,
342 1739 408 1774 μηδὲ
424 1740 558 1773 συνιέντες
573 1740 614 1774 τίς
630 1750 694 1769 ποτε
712 1740 766 1778 ἧν;

189 1855 199 1871 ο
215 1847 320 1880 Πάντες
336 1857 373 1880 ως
387 1849 512 1885 πρόϐατα
526 1851 717 1888 ὲπλανήθημεν
727 1861 734 1868 ·
749 1853 890 1890 ἄνθρωπος
901 1855 934 1889 τῇ

147 1891 202 1928 ὀδῷ
219 1893 301 1920 αὑτοῦ
327 1894 474 1931 ἐπλανήθη.
492 1897 547 1924 Καὶ
560 1897 661 1933 Κύριος
679 1899 836 1934 παρέδωκεν
855 1900 935 1927 αὑτὸν

148 1939 210 1971 ταῖς
222 1939 370 1974 ἁμαρτίαις
383 1941 476 1977 ἡμῶν·
491 1944 538 1970 καὶ
553 1944 632 1976 αὐτὸς
651 1945 696 1972 διὰ
719 1946 749 1972 τὸ
762 1945 934 1973 κεκακῶσθαι

147 1984 198 2011 οὐκ
208 1984 311 2019 ἀνοίγει
324 1986 354 2013 τὸ
366 1987 452 2023 στόμα
463 1988 556 2015 αὑτοῦ·
565 1989 603 2021 ὡς
618 1990 755 2025 πρόϐατον
771 1991 817 2017 ἐπὶ
829 1992 935 2027 σφαγὴν

149 2029 231 2066 ἢχθη,
245 2031 293 2058 καὶ
307 2031 345 2064 ὡς
360 2033 446 2068 ἀμνὸς
462 2034 582 2062 ἐναντίον
601 2035 648 2062 τοῦ
668 2036 804 2071 κείροντος
817 2036 933 2071 ἄφωνος.

148 2076 234 2108 οὕτως
247 2078 297 2104 οὐκ
309 2078 411 2113 ἀνοίγει
427 2079 457 2107 τὸ
471 2083 565 2116 στόμα.
582 2091 592 2108 ι
608 2082 702 2114 ’Λλὶος
717 2083 772 2118 γὰρ
782 2082 863 2119 ἀλλην
874 2084 934 2111 ὁδὸν

150 2121 251 2150 ὥδευσε
277 2123 392 2160 πλάνης,
416 2126 534 2164 διάφορα
562 2129 626 2163 περὶ
647 2129 730 2156 αὑτοῦ
754 2129 802 2156 καὶ
825 2130 933 2157 ἐναντία

148 2167 262 2205 δοξάσης
272 2178 279 2185 ·
296 2170 336 2206 τῷ
353 2171 382 2198 δὲ
405 2173 458 2208 ἄρα
474 2174 525 2201 οὐκ
543 2174 618 2201 ἀθεεὶ
630 2175 734 2209 ἐγίνετο
744 2175 778 2202 τὰ
793 2175 931 2210 γινόμενα.

149 2214 233 2247 Αὐτὸς
244 2215 298 2252 γάρ
310 2217 404 2244 ἑαυτὸν
416 2219 557 2254 παρεδίδου
568 2220 693 2256 ὀΚὺριος
704 2221 774 2257 ὑπὲρ
786 2221 838 2248 τῶν
844 2222 933 2258 ’ἀμαρ-

147 2260 213 2287 τῖῶν
234 2262 322 2296 ἡμῶν,
346 2263 389 2290 ἴνα
410 2264 520 2300 γένηται
541 2266 688 2302 ἀντίψυχον
707 2267 755 2294 καὶ
775 2267 931 2303 ἀντίλυτρον

1002 325 1076 353 ciens
1090 333 1145 359 prte
1158 324 1218 353 ﬁliis
1234 325 1381 353 hominum.
1396 324 1483 353 [Ionio
1500 326 1525 352 in
1539 326 1614 361 plaga
1634 326 1778 361 exsistens.

1001 376 1028 398 et
1043 371 1130 398 sciens
1146 371 1218 398 ferre
1234 370 1417 398 inﬁrmitatem
1435 380 1442 398 :
1458 371 1520 406 quia
1542 379 1653 400 aversus
1667 377 1709 400 est
1721 373 1777 400 vul-

1001 422 1044 443 tus
1055 415 1122 449 ejus,
1139 415 1282 450 despectus
1301 420 1328 442 et
1350 423 1402 442 non
1418 420 1566 450 reputatus.
1590 415 1649 451 Ipse
1669 422 1776 451 peccata

1000 467 1089 489 nostra
1106 466 1214 496 portat,
1230 466 1256 488 et
1272 469 1321 496 pro
1335 462 1411 489 nobis
1425 462 1517 490 dolet:
1531 467 1558 490 et
1577 471 1625 490 nos
1645 464 1777 498 reputavi-

999 513 1058 532 mus
1077 513 1136 532 eum
1160 512 1220 532 esse
1239 507 1264 532 in
1291 505 1391 537 dolore.
1416 511 1443 534 et
1467 507 1493 534 in
1511 507 1596 541 plaga,
1620 511 1647 534 et
1666 507 1691 534 in
1708 507 1776 534 aIIIi-

998 549 1097 577 c.ione.
1114 559 1124 576 ι
1141 549 1168 577 1η
1185 550 1319 578 communi
1335 551 1463 585 propheta
1489 551 1617 586 loquitur,
1642 560 1701 580 sese
1723 561 1776 587 pra:

999 595 1174 623 humanitatis
1195 595 1292 622 aﬂectu
1311 596 1342 623 iis
1356 604 1569 628 connumerans.
1594 599 1639 632 qui
1654 598 1774 626 Salvato-

999 648 1053 668 rem
1083 648 1134 668 11011
1163 645 1382 675 reputaverunt:
1409 640 1466 668 Νοῐι
1493 643 1676 677 repulavimus
1702 651 1775 674 eum.

997 694 1084 721 neque
1100 688 1187 722 ipsum
1201 687 1277 714 nobis
1291 687 1465 720 adscivimus,
1488 696 1576 724 neque
1598 689 1775 724 cogitavimus

996 733 1056 767 quis
1070 737 1150 761 esset.
1169 732 1229 767 Ipse
1241 740 1304 760 vero
1316 732 1467 760 animarum
1483 739 1634 760 nostrarum
1648 733 1772 761 Servata!

995 783 1065 810 erat.
1079 786 1095 806 a
1110 778 1262 806 vulneribus
1277 785 1390 810 curans,
1406 783 1434 806 et
1447 785 1564 812 purgans
1579 779 1611 805 ab
1627 779 1699 805 omni
1715 787 1774 812 pec-

995 828 1064 850 cato.
1095 823 1146 850 Sed
1174 830 1223 850 nos
1249 823 1369 857 quidem,
1397 827 1487 857 utpote
1511 823 1635 855 infantes,
1660 832 1718 849 eam
1743 826 1774 851 de

995 868 1041 896 illo
1056 868 1198 896 habuimus
1221 868 1449 896 existimationem
1471 878 1478 895 :
1501 868 1544 895 ille
1561 876 1625 895 vero
1646 869 1702 896 hac
1717 878 1774 896 οιιι-

995 915 1038 942 nia
1070 922 1118 949 per
1150 922 1199 942 nos
1228 922 1322 949 passus
1356 920 1415 945 est.
1442 919 1470 941 ut
1504 922 1552 942 nos
1582 914 1709 942 liberaret
1740 916 1774 942 ah

956 963 977 990 Β
993 960 1065 986 οιιιιιί
1084 965 1204 994 peccato.

1028 1005 1109 1032 Vsus.
1168 1015 1176 1030 ι
1190 1005 1248 1040 ipse
1260 1010 1350 1033 autem
1365 1005 1520 1032 vulneratus
1536 1010 1575 1032 est
1589 1011 1698 1040 propter
1712 1013 1772 1040 pec-

991 1055 1050 1077 cata
1072 1055 1174 1080 nostra.
1200 1055 1227 1076 et
1254 1050 1405 1077 iulirmatus
1430 1055 1470 1077 cst
1491 1055 1600 1084 propter
1617 1051 1772 1086 iniquitates

991 1099 1106 1122 nostras.
1138 1095 1282 1129 Disciplina
1306 1095 1380 1129 pacis
1402 1100 1498 1122 nostrae
1523 1103 1603 1130 super
1629 1103 1688 1122 eum
1706 1105 1713 1123 :
1731 1098 1771 1123 vi-

991 1141 1049 1168 hice
1073 1141 1133 1175 ejus
1157 1141 1242 1168 sanati
1265 1148 1371 1169 sumus.
1389 1150 1398 1166 ι
1418 1142 1493 1169 Tunc
1507 1141 1587 1176 igitur
1599 1143 1732 1170 contrittts
1743 1147 1771 1170 et

990 1186 1146 1221 profanatus
1173 1193 1232 1218 est,
1263 1187 1408 1214 secundum
1432 1187 1564 1222 Aquilam,
1592 1195 1624 1215 ac
1653 1189 1768 1223 pessima

990 1239 1101 1266 quisque
1115 1239 1259 1267 perpessus
1281 1238 1333 1265 est,
1356 1241 1408 1260 non
1423 1234 1457 1260 ob
1477 1235 1612 1268 proprium
1633 1235 1769 1269 quoddam

990 1283 1139 1312 peccatum.
1153 1279 1198 1306 sed
1215 1278 1250 1306 ob
1271 1284 1378 1314 peccata
1394 1284 1496 1307 nostra.
1519 1280 1550 1306 Et
1566 1280 1615 1306 fuit
1630 1281 1769 1314 disciplina

990 1325 1063 1358 pacis
1083 1330 1182 1352 nostrae
1194 1332 1276 1359 super
1289 1332 1372 1359 eum;
1399 1333 1459 1352 ctnn
1475 1333 1506 1352 ea
1521 1334 1582 1360 qua:
1600 1326 1634 1354 ob
1660 1332 1768 1361 peccata

991 1368 1083 1397 nostra
1100 1377 1149 1397 nos
1170 1371 1271 1404 perpeti
1288 1377 1354 1405 opus
1370 1376 1441 1401 erat.
1456 1371 1512 1398 h:ec
1533 1371 1582 1405 ipsi
1606 1379 1768 1404 supervene-

990 1420 1053 1442 runt
1067 1423 1114 1450 pro
1126 1422 1190 1450 pace
1205 1420 1295 1442 nostra
1309 1423 1370 1443 cum
1384 1415 1440 1443 Deo
1453 1415 1621 1443 stabilienda.
1636 1416 1768 1448 Quoniam

989 1466 1016 1487 et
1032 1461 1163 1488 vibicibus
1188 1465 1215 1488 et
1242 1461 1399 1488 vulneribus
1425 1465 1480 1488 loto
1506 1469 1619 1496 corpore
1643 1467 1768 1488 onustum

989 1505 1072 1533 fuisse
1088 1505 1233 1534 verisimile
1247 1510 1298 1537 est,
1322 1510 1411 1540 tttpole
1433 1506 1479 1541 qui
1499 1513 1652 1540 percussus.
1675 1507 1768 1542 ﬂagel-

990 1551 1070 1583 latus,
1086 1551 1112 1577 in
1136 1551 1202 1578 facie
1217 1551 1337 1585 colaphis
1354 1558 1449 1581 ursus.
1466 1556 1491 1578 et
1513 1551 1538 1578 in
1562 1551 1650 1586 capite
1664 1553 1768 1579 calamo

988 1604 1130 1632 percussus
1158 1597 1248 1624 fuerit.
1273 1597 1405 1624 (ἒςιιιίιιιιιιι
1430 1597 1529 1624 vibices
1549 1597 1700 1633 hujus-modi
1725 1606 1768 1625 sa-

988 1644 1035 1671 luti
1062 1643 1138 1671 nabis
1164 1649 1240 1671 erant
1265 1653 1271 1670 :
1297 1651 1359 1670 nam
1387 1644 1494 1671 «vibice
1520 1644 1577 1678 ejus
1604 1653 1653 1671 nos
1679 1645 1766 1672 sanati

987 1698 1088 1722 sumus.
1106 1700 1114 1716 ι
1136 1689 1189 1717 Nos
1212 1698 1286 1722 vero.
1313 1689 1433 1725 quinam.
1460 1691 1510 1717 nisi
1533 1691 1577 1724 qui
1602 1691 1666 1717 olim
1691 1698 1767 1717 erra-

986 1737 1085 1768 vimus,
1101 1744 1149 1763 nec
1176 1736 1357 1771 reputavimus
1381 1743 1454 1768 eum,
1479 1744 1566 1771 neque
1591 1737 1766 1772 cognovimus

986 1783 1046 1818 quis
1058 1783 1148 1811 esset?

1023 1851 1103 1879 Vsus.
1113 1851 1140 1882 6,
1154 1851 1178 1877 7.
1198 1861 1208 1876 1
1219 1850 1317 1879 Omnes
1331 1850 1407 1885 quasi
1423 1857 1486 1878 ores
1497 1849 1667 1882 erravimus;
1685 1849 1765 1878 homo

986 1898 1013 1926 in
1026 1898 1068 1925 ria
1089 1905 1138 1925 sua
1155 1898 1265 1925 erravit.
1287 1897 1318 1924 Et
1333 1897 1465 1924 Dominus
1485 1896 1596 1923 tradidit
1618 1903 1680 1923 eum
1703 1903 1765 1931 pec-

985 1944 1053 1972 catis
1067 1944 1167 1972 nostris
1182 1952 1189 1970 :
1206 1948 1234 1971 et
1249 1943 1305 1978 ipse
1321 1947 1432 1978 propter
1447 1941 1616 1969 amictionem
1636 1949 1689 1969 non
1701 1949 1765 1976 ape-

986 1989 1022 2016 rit
1049 1997 1080 2016 os
1103 1997 1192 2017 suum.
1207 1988 1286 2017 Sicut
1305 1989 1363 2016 ovis
1375 1988 1409 2015 ad
1424 1988 1587 2016 occisionem
1604 1988 1699 2016 ductus
1711 1993 1763 2021 est,

984 2040 1012 2062 et
1037 2036 1106 2063 sicut
1129 2042 1214 2070 agnus
1232 2042 1323 2062 coram
1345 2033 1470 2061 tondente
1485 2034 1544 2061 sine
1558 2041 1633 2066 voce,
1656 2034 1695 2061 sic
1710 2042 1762 2061 non

984 2081 1071 2116 aperit
1083 2088 1124 2108 os.
1140 2091 1149 2108 ι
1163 2081 1242 2109 Alius
1255 2081 1335 2108 aliam
1350 2080 1411 2108 iniit
1425 2081 1496 2107 viam
1513 2080 1625 2113 erroris,
1646 2081 1708 2116 quia
1731 2082 1764 2109 de

985 2126 1030 2153 illo
1050 2126 1124 2153 varia
1147 2131 1173 2154 et
1192 2126 1327 2154 contraria
1350 2125 1503 2159 sentiebat;
1527 2131 1555 2152 at
1577 2126 1614 2153 illi
1634 2135 1687 2154 non
1703 2127 1763 2155 sine

983 2179 1065 2207 scopo
1088 2177 1115 2200 et
1131 2172 1183 2200 Ilue
1198 2174 1312 2207 quodam
1334 2172 1392 2199 haec
1405 2176 1560 2199 evenerunt.
1579 2172 1636 2207 Ipse
1647 2181 1763 2208 namque

984 2219 1111 2246 Dominus
1129 2225 1189 2246 sese
1203 2218 1311 2245 tradidit
1325 2225 1375 2252 pro
1395 2218 1515 2253 peccatis
1532 2219 1642 2249 nostris,
1663 2223 1692 2245 ut
1713 2226 1762 2253 pro

983 2264 1133 2292 animarum
1155 2268 1310 2291 nostrarum
1333 2264 1517 2298 redemptione
1539 2264 1653 2298 pretitnn
1679 2270 1761 2292 esset.

147 2305 236 2341 ἡμῶν.
249 2307 327 2334 Οὕτω
335 2308 389 2344 γὰρ
402 2309 447 2336 καὶ
468 2311 566 2346 ’Λμνὸς
576 2312 623 2338 τοῦ
638 2312 706 2339 Θεοῦ
719 2313 838 2347 γέγονεν.
847 2314 931 2350 αἴρων

988 2310 1028 2338 Sic
1050 2311 1121 2337 enim
1141 2315 1168 2337 et
1187 2311 1279 2345 Agnus
1295 2310 1340 2338 Dei
1357 2309 1443 2337 Iactus
1457 2314 1509 2342 est,
1534 2310 1578 2344 qui
1596 2309 1663 2336 tollit
1681 2315 1761 2344 atque

148 2351 196 2379 καὶ
213 2353 416 2390 περικαθαίρων
434 2355 483 2390 τὴν
499 2357 635 2393 ἁμαρτίαν
653 2358 700 2385 τοῦ
717 2358 829 2394 κόσμου.
855 2360 883 2386 '0
903 2360 931 2386 δὲ

147 2397 304 2434 Σύμμαχος,
328 2409 338 2426 ι
355 2401 547 2437 Προσηνέχθη,
571 2404 649 2438 φησὶ,
690 2405 735 2431 καὶ
757 2405 838 2437 αὐτὸς
859 2406 930 2441 ὑπή-

146 2452 237 2471 κουσε.
253 2455 262 2471 ι
282 2445 340 2473 Τίνι
354 2447 382 2473 δὲ
395 2447 566 2484 προσηνέχθη
578 2449 635 2476 ἀλλ’
655 2450 671 2486 ἢ
685 2450 724 2486 τῷ
740 2451 861 2487 Πιλάτῳ;
877 2452 930 2479 Καὶ

146 2489 238 2527 ἐπειδὴ
249 2493 484 2528 κατηγορούμενος
499 2494 613 2528 ἐσιώπα,
631 2497 677 2523 καὶ
690 2497 927 2533 ψευδομαρτυρού-

147 2544 226 2571 μενος
239 2538 312 2564 οὐδὲν
324 2539 498 2575 ἀπεκρίνατο,

181 2613 191 2630 ι
218 2605 261 2632 Ἐν
274 2607 308 2641 τῇ
325 2605 443 2634 κακώσει
460 2607 477 2642 ή
495 2607 585 2643 κρίσις
604 2608 686 2635 αὐτοῦ
702 2609 783 2645 ἤρθη.
805 2610 860 2646 Τὴν
879 2620 925 2646 γε-

144 2649 206 2677 νεὰν
220 2651 303 2678 αὐτοῦ
313 2651 354 2683 τίς
368 2652 526 2688 διηγήσεται
539 2661 546 2686 ;
561 2654 620 2681 Ὅτι
633 2654 739 2690 αἴρεται
756 2655 809 2682 ἀπὸ
819 2657 867 2692 τῆς
875 2658 926 2692 γῆς

120 2694 225 2739 ιιῂζωὴ
237 2696 330 2723 αὐτοῦ’
347 2697 401 2724 ἀπὸ
412 2697 465 2724 τῶν
476 2698 594 2734 ἀνομιῶν
604 2700 650 2727 τοῦ
665 2700 730 2727 λαοῦ
748 2710 798 2736 μου
809 2702 877 2739 ἤχθη
887 2705 927 2735 εἰς

133 2738 268 2776 ξοάνατον.
288 2750 298 2767 ι
315 2741 428 2768 Διελθὼν
445 2742 528 2769 αὑτοῦ
544 2743 578 2770 τὰ
596 2744 680 2780 πάθη,
702 2746 857 2781 ἀναπέμπει
877 2747 926 2782 τὴν

133 2784 195 2818 ,τῶν
205 2786 357 2814 ἀκουόντων
373 2787 493 2815 διάνοιαν
510 2789 557 2815 ἐπὶ
573 2790 624 2825 τὴν
634 2790 684 2825 τῆς
699 2791 831 2825 γενέσεως
846 2792 927 2819 αὐτοῦ

145 2832 304 2864 φαντασίαν,
329 2832 477 2867 ἐπιλέγων·
502 2843 512 2859 ‹
533 2834 588 2870 Τὴν
604 2835 698 2869 γενεὰν
720 2835 800 2862 αὑτοῦ
822 2835 865 2868 τίς
886 2836 928 2863 δι-

143 2877 295 2913 ηγήσεται;
316 2887 326 2903 ι
351 2878 418 2904 Τότε
446 2878 500 2914 γὰρ
525 2879 641 2914 μάλιστά
654 2889 695 2912 τις
721 2880 812 2916 μεῖζον
835 2881 926 2909 λοιπὸν

146 2923 260 2960 λήψεται
277 2924 369 2960 θαῦμα
394 2925 444 2959 τῆς
466 2925 520 2951 τῶν
538 2925 673 2952 τοσούτων
695 2927 841 2963 ὑπιιιονῆς,
863 2928 925 2954 ὅταν

303 2983 437 3014 ΡΑτιιοι..
451 2983 632 3015 GnXXIV.

983 2361 1078 2392 purgat
1088 2362 1227 2391 peccatum
1241 2357 1342 2383 mundi.
1355 2356 1533 2392 Symmachus
1545 2361 1645 2386 autent.
1660 2366 1670 2381 ι
1683 2355 1762 2383 Obla-

982 2407 1026 2429 tns
1047 2406 1098 2433 est.
1122 2403 1171 2435 ait,
1196 2408 1223 2429 et
1244 2402 1300 2436 ipse
1317 2403 1446 2430 ohedivil.
1462 2412 1472 2428 ι
1496 2402 1544 2429 Cui
1568 2409 1632 2430 vero
1654 2403 1760 2430 oblatus

980 2453 1032 2481 est,
1050 2449 1100 2475 nisi
1119 2448 1223 2475 Pilato?
1242 2448 1276 2475 Et
1291 2449 1353 2482 quia
1367 2453 1508 2476 accusatus
1523 2449 1614 2480 tacuit,
1637 2455 1664 2475 et
1683 2449 1760 2477 falsis

981 2494 1095 2522 testibus
1108 2494 1174 2522 nihil
1190 2495 1338 2530 respondit,

1015 2605 1098 2634 Vens.
1114 2606 1141 2634 8.
1157 2616 1167 2633 ι
1180 2606 1207 2633 lu
1228 2605 1373 2634 aIIIictione
1391 2607 1519 2641 judicium
1535 2607 1594 2641 ejus
1611 2607 1691 2632 latum
1706 2611 1757 2633 est.

979 2651 1187 2680 Generationem
1208 2652 1267 2686 ejus
1283 2654 1343 2687 quis
1353 2653 1508 2680 enarrabit?
1531 2652 1596 2685 Quia
1612 2652 1712 2679 tollitur
1726 2654 1759 2679 de

979 2704 1051 2727 terra
1068 2700 1120 2727 vita
1135 2699 1203 2734 ejus.
1225 2700 1266 2727 Ab
1284 2700 1471 2734 iniquitatihus
1485 2700 1576 2735 populi
1595 2700 1646 2727 mei
1662 2701 1759 2726 ductus

979 2750 1020 2772 est
1033 2745 1066 2772 ad
1085 2750 1211 2773 mortem.
1229 2755 1239 2770 ι
1262 2745 1404 2780 Postquam
1425 2746 1561 2773 cruciatus
1584 2744 1643 2780 ejus
1666 2751 1759 2772 recen-

978 2791 1043 2823 suit.
1057 2792 1210 2818 auditorum
1227 2796 1343 2819 mentem
1361 2792 1394 2819 ad
1413 2791 1595 2826 generationis
1613 2791 1672 2824 ejus
1683 2791 1757 2825 cogi-

978 2837 1106 2864 tationem
1131 2836 1299 2867 transmittit,
1327 2837 1384 2864 hate
1403 2837 1532 2870 adjicicns
1551 2845 1557 2863 :
1578 2836 1757 2864 «Generatio-

979 2889 1038 2910 nem
1053 2881 1111 2916 ejus
1126 2882 1186 2916 quis
1200 2882 1337 2910 enarrabit
1348 2883 1360 2909 Ἰ
1372 2892 1381 2909 ι
1407 2882 1473 2909 Nam
1491 2887 1546 2909 tum
1565 2882 1681 2910 maxime
1695 2883 1757 2915 qni-

978 2929 1017 2956 vis
1033 2927 1128 2962 majori
1142 2928 1176 2955 ob
1189 2929 1344 2962 patientiam
1362 2929 1419 2963 ejus
1435 2929 1613 2955 admiratione
1626 2929 1756 2963 capietur.

1559 2986 1597 3015 15
