2061 3215
308 185 360 211 ιυδ

638 181 769 211 EUSEBII
789 180 1024 208 CAESARIENSLS
1041 181 1116 208 OPP.
1139 181 1226 208 PARS
1246 181 1288 209 lll.
1305 196 1340 201 —-
1359 180 1564 209 EXEGETICA.

1872 183 1920 210 Mil

309 245 361 274 est,
376 245 484 269 centum
501 241 668 275 longitudine
684 241 835 268 cubitorum
854 243 930 271 erat,
955 240 1088 266 Iatitudim

1144 249 1172 267 τε
1197 241 1242 267 xii.
1262 241 1372 273 πλάτος.
1396 240 1427 267 '[l
1446 241 1495 276 μὲν
1519 240 1572 276 γὰρ
1601 240 1653 267 ὑπὸ
1672 241 1809 273 Musaeo»;
1839 250 1917 268 κατα-

309 296 375 316 vero
395 288 599 322 quinquaginta.
623 286 670 314 llic
691 294 753 312 vero
779 286 834 317 ait,
857 284 894 311 Ne
909 292 990 318 parce
1011 293 1092 319 agas,

283 355 287 366 ι
311 333 398 370 lioque
413 339 439 361 te
453 335 478 361 in
491 339 630 368 augustam
647 340 800 359 mensuram
817 331 937 366 redigas,
954 331 1002 358 sed
1016 331 1094 365 longe

311 381 419 416 lateque
440 385 465 406 te
480 381 608 407 extendas
635 386 666 406 ac
695 384 849 409 constrnas,
865 382 1011 406 etczetera.
1027 377 1093 404 Novi

311 435 390 462 porro
408 428 517 461 hujusce
535 425 699 452 tabernaculi
712 445 719 458 ,
740 425 811 459 quod
839 425 897 451 lixit
923 424 1051 450 Dominus
1067 429 1094 450 et

311 481 364 499 non
382 473 474 503 homo,
496 471 708 506 longitudinem,
735 470 903 497 latitudinem
925 475 952 497 et
967 470 1093 505 amplitu-

310 518 399 544 dinem
428 517 571 551 intelligas,
594 517 615 543 si
642 517 806 552 perpendas,
826 521 957 549 quantum
974 523 1046 544 esset
1061 517 1093 543 il-

311 564 354 591 lud
374 565 422 591 sub
438 563 530 598 Moyse
547 569 732 590 constructum
755 563 973 596 tabernaculum;
991 568 1091 596 quanta

310 614 380 637 esset
399 609 548 637 Jerusalem
574 609 702 643 templum
725 609 827 636 habens
847 609 1015 644 longitudine
1029 609 1091 644 qui-

309 657 369 684 dem
381 656 559 691 quadragiuta
571 655 737 688 cubitorum,
750 655 891 682 latitudine
901 654 1003 690 viginti.
1017 655 1092 688 Quod

309 703 330 730 si
347 701 475 737 templum
490 701 553 728 illud
572 702 597 727 iu
609 708 661 727 uua
676 701 826 728 Palzestiuae
839 701 904 728 urbe
912 701 1092 729 admiratione

309 749 417 784 dignum
433 752 511 780 erat,
529 753 629 782 quanto
646 747 730 782 magis
753 747 886 774 mirabilis
902 747 946 774 illa
968 747 1091 781 frequen-

308 797 355 827 tia,
372 794 527 829 magnitudo
551 799 578 820 et
605 793 774 828 pulchritudo
805 793 980 820 ecclesiarum
1001 793 1046 820 Dei
1065 793 1089 820 iu

308 840 383 867 omni
411 840 470 866 loco
488 839 688 866 excitaturum!
722 847 783 866 nam
808 843 880 867 totus
903 839 976 866 orbis
997 839 1090 874 plenus

308 885 430 913 ecclesiis
444 890 496 912 est.

344 930 424 958 Vsus.
441 931 468 958 3.
486 939 495 956 ι
512 930 605 958 Adhuc
622 938 636 958 a
654 931 756 958 dextris
775 935 802 959 et
822 939 836 958 a
858 931 976 959 sinistris
989 931 1088 964 dilata,

308 981 336 1004 et
349 983 440 1003 seiueu
461 981 535 1002 tuum
550 976 696 1011 pos.~idebit
716 981 819 1011 gentes,
834 982 861 1003 et
874 978 954 1004 urbes
969 978 1090 1005 desertas

309 1022 453 1050 habitabis.
469 1030 479 1047 ›
497 1021 595 1048 Semen
608 1027 697 1048 autent
718 1022 843 1049 Ecclesiae
859 1023 905 1049 Dei
919 1023 1000 1050 fuerit
1011 1032 1090 1050 evan-

307 1068 408 1103 gelicus
424 1075 531 1100 sermo,
548 1069 580 1095 de
603 1076 656 1102 quo
681 1069 790 1100 dicitur,
810 1077 819 1094 ε
841 1069 913 1095 Exiit
936 1070 981 1103 qui
1008 1071 1090 1097 semi-

308 1114 493 1140 ualscutinare
501 1113 521 1144 ‘.
539 1123 547 1139 I
561 1118 597 1145 et,
615 1123 624 1139 ι
643 1114 736 1142 Neune
752 1115 851 1142 bonmn
865 1123 957 1142 semen
972 1117 1090 1143 semina-

307 1160 341 1186 sti
367 1160 392 1186 iu
411 1167 475 1194 agro
488 1160 520 1186 7?
540 1169 550 1185 ι
568 1159 659 1187 Potest
682 1161 744 1187 item
770 1169 862 1188 semen
887 1161 1011 1189 Ecclesia:
1029 1170 1089 1190 esse

307 1207 489 1242 apostolorum
513 1211 540 1233 et
570 1207 762 1240 discipulorum
794 1207 900 1234 Domini
931 1208 1015 1235 nostri
1042 1209 1089 1235 do-

307 1254 393 1280 ctrina
405 1273 412 1285 ,
434 1260 550 1288 quorum
566 1260 647 1286 opera
671 1253 714 1286 pia
738 1253 831 1288 religio
848 1256 874 1280 iu
892 1254 944 1281 illis
958 1255 1020 1281 olim
1041 1256 1087 1282 de-

315 1299 420 1326 iastatis
436 1298 543 1332 Deoque
557 1299 648 1325 vacuis
662 1298 855 1326 solitudinibus
869 1300 1018 1327 constituta
1035 1306 1087 1328 est.

344 1386 424 1414 \‘eus.
437 1387 464 1414 ι,
485 1397 494 1413 ι
513 1386 570 1414 Noli
594 1387 699 1418 timere.
716 1388 776 1422 quia
801 1388 912 1415 confusa
937 1396 986 1416 es:
1003 1397 1089 1423 neque

311 1434 462 1464 erubescas.
476 1433 538 1468 quia
561 1434 751 1468 exprobratum
766 1435 812 1461 tibi
832 1439 873 1462 est
888 1443 894 1461 :
915 1435 976 1470 quia
991 1436 1089 1462 confu-

308 1481 391 1508 sionis
405 1485 539 1515 perpetua:
557 1480 745 1512 oblivisceris,
767 1485 795 1507 et
817 1482 953 1515 opprobrii
971 1481 1087 1508 viduita-

309 1527 343 1554 tis
358 1532 409 1553 tua:
425 1535 478 1553 non
496 1526 681 1554 recordaberis
697 1526 821 1560 amplius.
840 1536 850 1552 ι
871 1526 936 1553 Nam
956 1535 1016 1554 cum
1034 1533 1089 1554 ste-

1145 287 1333 319 σκευασθεῖσα,
1345 287 1453 322 πηχέων
1462 284 1495 322 ἦν
1506 290 1528 322 ρ’
1545 287 1645 322 μῆκος·
1665 286 1763 318 πλάτος
1777 287 1807 312 δὲ
1824 290 1854 313 v.
1868 287 1920 312 Ἐν-

1143 334 1228 360 ταῦθα
1240 334 1268 360 δέ
1281 343 1357 369 φησι,
1372 335 1416 370 Μὴ
1430 334 1510 369 φείσῃ
1523 333 1628 363 τούτου,
1643 333 1710 368 μηδὲ
1723 334 1920 370 στενοχωρήσης

1144 380 1258 415 σεαυτὴν
1281 381 1335 411 τοῖς
1358 379 1550 415 μέτροις·ἀλλ⁴
1567 379 1709 406 ὲκτείνασα
1734 379 1854 414 μακρὰν,
1879 380 1921 406 καὶ

1143 424 1268 455 κτίσασα,
1285 424 1331 450 καὶ
1347 424 1380 450 τὰ
1403 424 1475 459 ἑξῆς.
1498 424 1612 460 Νοήσεις
1628 424 1656 449 δὲ
1676 424 1706 450 τὸ
1729 424 1816 459 μῆκος
1837 425 1882 450 καὶ
1895 425 1921 450 τὺ

1143 469 1252 500 πλάτος,
1270 469 1317 495 καὶ
1331 469 1360 495 τὸ
1376 469 1490 504 μέγεθος
1505 468 1554 504 τῆς
1573 469 1635 500 νέας
1649 468 1749 504 ταύτης
1765 469 1876 504 σκηνῆς,
1892 469 1920 504 ἣν

1142 514 1241 550 ἔπηξεν
1257 515 1271 540 ὁ
1285 514 1385 549 Κύριος
1400 514 1446 540 καὶ
1459 514 1508 540 οὐκ
1523 513 1675 550 ἄνθρωπος,
1690 514 1736 540 ἐπὶ
1749 514 1812 541 νοῦν
1826 514 1920 546 λαϐὼν,

1142 561 1190 596 ὃση
1207 561 1256 596 μὲν
1272 561 1377 596 ὑπῆρχε
1399 562 1454 592 τοῖς
1469 560 1578 596 μέτροις
1598 561 1614 595 η
1631 560 1676 586 ἐπὶ
1692 561 1831 592 Μωῦσέως
1845 570 1922 588 κατα-

1142 607 1331 638 σκευασθεῖσα,
1352 607 1400 643 ὅση
1421 604 1455 642 ἦν
1479 606 1654 642 Ἰερουσαλὴμ
1671 606 1716 632 τὸν
1732 606 1801 632 νεὼν
1819 607 1920 642 ἔχουσα,

1143 654 1245 689 μήκους
1252 651 1285 688 ἧν
1294 652 1388 688 πηχῶν
1396 652 1453 687 (sic)
1466 654 1501 688 μ’,
1510 652 1625 684 πλάτους
1634 655 1668 679 κ’.
1683 653 1726 684 Ὡς
1735 653 1814 688 εἰπερ
1821 650 1854 688 ἦν
1862 652 1921 679 0di-

1143 707 1227 735 ματος
1243 699 1316 731 ἄξιος
1333 699 1347 725 ὅ
1357 707 1387 724 τε
1400 698 1468 730 νεὼς
1483 699 1511 724 ὲν
1527 699 1665 734 μιᾷ-πόλει
1678 700 1727 734 τῆς
1744 698 1921 734 Παλαιστίνης

1141 745 1290 780 ἱδρυμένος,
1318 745 1393 780 πόσῳ
1413 744 1512 780 μᾶλλον
1528 743 1558 771 τὺ
1579 744 1679 779 πλῆθος
1695 745 1741 771 καὶ
1757 744 1792 771 τὰ
1813 745 1919 780 μεγέθη,

1141 791 1187 818 καὶ
1200 791 1233 817 τὰ
1249 791 1332 826 κάλλη
1345 791 1400 817 τῶν
1413 790 1483 818 κατὰ
1498 791 1587 817 πάντα
1600 791 1680 817 τόπον
1699 791 1921 827 ἁνεγηγερμένων

1140 837 1290 872 ἐκκλησιῶν
1308 837 1354 864 τοῦ
1377 837 1462 864 Θεοῦ·
1487 837 1573 873 μεστὴ
1591 837 1645 873 γὰρ
1666 837 1820 864 ὲκκλτεσιῶν
1842 838 1859 873 ἡ
1879 837 1920 864 ὑπ’

1139 883 1262 918 οὐρανόν.

1179 939 1187 955 ι
1200 930 1260 956 Ἔτι
1281 929 1320 960 εἰς
1342 929 1376 956 τὰ
1397 929 1470 961 δεξιὰ
1486 929 1533 956 καὶ
1547 929 1580 956 τὰ
1597 929 1728 964 ἀριστερά
1744 937 1792 956 σου
1808 929 1920 956 ἐκπέτα-

1142 984 1197 1008 σον,
1215 976 1262 1002 καὶ
1278 975 1308 1002 τὸ
1325 975 1433 1010 σπέρμα
1451 984 1496 1002 σου
1510 975 1572 1010 ἔθνη
1589 975 1798 1011 κληρονομήσει,
1817 975 1862 1002 καὶ
1877 975 1921 1001 πό·

1141 1024 1196 1055 λεις
1204 1023 1384 1058 ᾕρεμωμένας
1395 1023 1550 1053 κατοικιεῖς.
1564 1031 1572 1047 r
1585 1022 1697 1056 Σπέρμα
1706 1021 1733 1047 δὲ
1744 1021 1795 1056 τῆς
1811 1021 1920 1055 Ἐκκλη-

1141 1070 1200 1102 σίας
1216 1069 1262 1097 τοῦ
1279 1070 1346 1096 Θεοῦ
1363 1070 1404 1105 εἴη
1422 1070 1455 1096 ἂν
1476 1069 1523 1096 καὶ
1536 1069 1550 1095 ὁ
1570 1068 1744 1103 εὑαγγελικὸς
1757 1069 1847 1102 λόγος,
1862 1068 1920 1103 περὶ

1140 1113 1170 1143 οὒ
1187 1116 1308 1151 λέγεται·
1320 1126 1329 1142 ‹
1346 1116 1472 1151 Ἐξῆλθεν
1481 1116 1495 1142 ὁ
1506 1116 1623 1152 σπείρων
1637 1116 1682 1142 τοῦ
1696 1116 1821 1150 σπεῖραι,
1839 1125 1848 1140 ι
1866 1115 1919 1146 καί.

1143 1172 1152 1187 ι
1165 1163 1230 1197 Οὐχὶ
1247 1162 1328 1189 καλὸν
1348 1162 1457 1198 σπέρμα
1473 1161 1603 1198 ἔσπειρας
1620 1163 1649 1189 ὲν
1666 1162 1705 1198 τῷ
1721 1163 1820 1198 ἀγρῷ;
1839 1172 1848 1188 ›
1870 1162 1919 1189 Καὶ

1141 1209 1221 1234 πάλιν
1237 1208 1347 1235 δύναται
1358 1208 1386 1234 δὲ
1403 1207 1511 1243 σπέρμα
1524 1205 1592 1234 εἶναι
1604 1208 1652 1242 τῆς
1671 1207 1836 1242 Ἑκκλησίας
1850 1207 1919 1242 καὶὴ

1139 1254 1194 1280 τῶν
1209 1254 1362 1280 ἀποστόλων
1372 1254 1419 1280 καὶ
1431 1253 1559 1288 μαθητῶν
1567 1253 1613 1279 τοῦ
1623 1253 1723 1289 Κυρίου
1733 1253 1812 1288 ἡμῶν
1818 1253 1918 1287 διδαχή·

1139 1300 1172 1326 δι’
1186 1297 1223 1326 ὦν
1242 1301 1258 1336 ή
1275 1299 1401 1335 Οεοσεϐὴς
1415 1299 1536 1326 πολιτεία
1557 1300 1585 1326 έν
1604 1301 1662 1330 ταῖς
1675 1299 1759 1326 πάλαι
1773 1299 1920 1335 ἠφανισμέ-

1139 1355 1198 1377 vat;
1213 1346 1259 1372 καί
1273 1345 1340 1372 Θεοῦ
1359 1346 1471 1381 ἐρήμοις
1485 1346 1642 1380 ἐκκλησίαις
1657 1346 1783 1381 συνέστη.

1177 1401 1185 1417 ι
1200 1392 1245 1427 Μὴ
1262 1391 1355 1426 φοϐοῦ,
1371 1392 1410 1418 ὅτι
1427 1392 1625 1428 κατῃσχύνοης,
1643 1392 1709 1427 μηδὲ
1723 1393 1870 1428 ὲντραπῇς.
1883 1392 1919 1419 ὅτι

1138 1437 1308 1473 ὼνειδίσθης·
1325 1438 1366 1464 ὅτι
1382 1437 1511 1472 αἰσχύνην
1525 1437 1633 1464 αἰώνιον
1652 1439 1780 1474 ἐπιλήσῃ,
1793 1440 1840 1465 καὶ
1853 1439 1917 1466 ὄνει-

1138 1485 1182 1516 δος
1192 1485 1240 1519 τῆς
1256 1484 1368 1519 χηρείας
1385 1492 1431 1510 σου
1446 1485 1476 1510 οὐ
1494 1483 1531 1519 μὴ
1546 1484 1687 1520 μνησθήσῃ
1701 1485 1751 1511 ἔτι.
1768 1495 1777 1509 ι
1798 1486 1860 1512 Ὅτε
1873 1485 1918 1520 μὲν

1139 1532 1193 1566 γὰρ
1206 1529 1239 1566 ἦν
1255 1530 1358 1566 στείρα,
1374 1531 1419 1556 καί
1432 1530 1462 1556 οὑ
1475 1529 1613 1561 τίκτουσα,
1626 1530 1685 1556 οὐδὲ
1698 1530 1841 1563 ὠδίνουσα,
1858 1530 1918 1566 μηδὲ

309 1573 368 1601 ritis
380 1579 460 1604 esset,
477 1580 561 1607 neque
578 1577 695 1606 pareret.
712 1579 800 1606 neque
821 1573 980 1606 parturiret,
1002 1581 1087 1608 neque

1139 1577 1182 1603 τὸν
1205 1577 1290 1612 ἄνδρα
1316 1575 1425 1611 ἔχουσα,
1451 1575 1632 1607 ἐπονείδιστος
1659 1573 1693 1612 ἦν
1721 1577 1767 1603 καὶ
1795 1576 1918 1612 αἰσχύνης

308 1620 396 1647 virum
422 1619 540 1651 haberet,
561 1619 730 1646 contumeliis
754 1619 869 1645 obnoxia
886 1624 913 1646 et
929 1619 1088 1647 confusione

307 1665 386 1702 plena
405 1670 483 1698 erat;
505 1669 532 1692 at
553 1672 622 1692 tmuc
658 1665 697 1691 sic
718 1671 777 1691 eam
799 1663 940 1698 compellat
954 1673 961 1691 :
976 1664 1087 1692 Etiamsi

307 1713 372 1741 oiim
388 1711 545 1739 confusione
562 1715 589 1738 et
605 1710 750 1745 opprobrio
765 1710 845 1744 digna
861 1715 936 1745 gesta
950 1711 1093 1744 edideris;

307 1758 423 1792 conﬁde,
439 1768 450 1784 4
471 1758 538 1791 Quia
568 1756 736 1784 confusionis
750 1760 884 1791 perpetum
907 1756 1086 1789 Oblivisceris,

301 1810 334 1834 ct
347 1805 482 1840 opprobrii
501 1803 641 1830 viduitatis
657 1807 708 1829 tua:
730 1810 781 1829 non
800 1802 994 1829 recordaberis.
1014 1812 1024 1829 ι
1043 1803 1089 1830 \‘i-

307 1852 437 1880 duitatem
460 1856 548 1878 autem
577 1851 622 1877 hic
643 1855 721 1876 vocat
744 1849 823 1877 Verbi
849 1850 938 1884 sponsi
957 1850 1087 1884 privatio-

307 1906 391 1926 nem:
413 1897 501 1931 cujus,
520 1897 617 1931 inquit,
632 1904 684 1923 non
702 1895 900 1928 recordaberis,

344 1944 426 1972 Vens.
442 1944 468 1971 5.
486 1954 495 1970 ι
516 1944 583 1977 Quia
600 1943 731 1970 Dominus
747 1944 876 1969 virtutum
892 1947 945 1974 est,
965 1943 1009 1978 qui
1024 1942 1087 1971 fecit

309 1995 345 2024 te,
367 1991 494 2018 Dominus
509 1997 604 2017 nomen
621 1989 669 2021 illi,
691 1993 718 2015 et
730 1989 775 2023 qui
787 1989 858 2015 eruit
880 1994 919 2022 te;
942 1989 999 2023 ipse
1015 1989 1086 2017 Deus

309 2036 389 2064 Israel
407 2041 462 2063 tota
483 2041 552 2062 terra
572 2036 721 2062 vocabitur.
749 2044 758 2060 ι
782 2035 839 2061 Νοη
855 2035 928 2062 enim
949 2043 981 2062 ex
1000 2036 1087 2063 homi-

301 2077 399 2113 Ἅιδης,
423 2089 510 2116 neque
533 2089 582 2116 per
603 2081 742 2108 hominem
764 2081 819 2107 huc
839 2081 985 2108 constituta
1004 2087 1084 2115 sunt,

308 2128 355 2156 sed
369 2136 417 2163 per
430 2128 516 2161 ipsutu
532 2127 686 2154 Dotnittutn.

344 2185 426 2212 Vsus.
442 2184 518 2211 6-10.
537 2192 547 2210 ι
564 2183 620 2210 Non
634 2183 710 2218 quasi
728 2183 867 2211 mulierem
887 2185 1043 2212 derelictam
1059 2191 1083 2213 et

305 2231 504 2268 pusillanimem
519 2230 624 2257 vocavit
640 2234 666 2257 te
685 2230 824 2263 Dominus,
839 2238 925 2265 neque
945 2237 973 2258 ut
993 2232 1085 2259 mulie-

306 2285 365 2306 rem
382 2285 414 2305 ex
432 2277 574 2312 juventute
587 2276 650 2303 odio
672 2276 800 2303 habitam.
822 2277 893 2303 Dixit
919 2277 989 2304 Deus
1011 2282 1083 2309 tuus,

305 2322 440 2358 Tempore
464 2322 570 2350 modico
590 2322 683 2356 reliqui
711 2326 751 2354 te,
773 2327 876 2349 etcum
901 2324 1084 2351 misericordia

307 2377 402 2404 magna
418 2369 568 2396 miserebor
583 2368 632 2400 tui,
657 2369 724 2395 dixit
741 2369 786 2402 qui
809 2369 880 2396 eruit
896 2374 921 2396 te
945 2369 1084 2396 Dominus.

305 2416 348 2443 Ab
362 2423 430 2450 aqua
448 2423 506 2449 quae
520 2417 571 2442 sub
586 2413 641 2441 Noe
661 2413 721 2448 fuit,
736 2415 786 2441 hoc
801 2415 866 2441 mihi
890 2419 942 2446 est,
958 2416 1086 2450 quenuul-

305 2463 415 2491 amilum
436 2461 525 2496 iuravi
547 2462 571 2488 ei
597 2461 623 2488 in
648 2465 767 2495 tempore
787 2461 844 2493 illo,
869 2466 948 2488 terra:
971 2469 1012 2489 me
1034 2470 1086 2489 uou

305 2516 498 2537 succeusurum
522 2515 604 2542 super
622 2512 648 2534 te
669 2508 795 2542 amplius,
821 2515 907 2542 neque
929 2507 954 2535 iu
978 2508 1087 2535 commi-

306 2556 415 2583 natione
433 2560 476 2582 ωτι
494 2559 601 2581 utentes
617 2554 819 2581 transferendos
841 2561 910 2586 esse,
927 2562 1013 2588 neque
1029 2554 1085 2581 col-

266 2626 279 2635 .‘
306 2601 343 2628 les
368 2609 441 2628 tuens
464 2601 706 2628 transmoveudos:
727 2600 766 2627 sic
793 2607 879 2634 neque
901 2601 1084 2628 misericordia

305 2656 364 2676 mea
389 2648 435 2675 tibi
456 2649 582 2680 deﬁciet,
608 2655 694 2683 neque
719 2652 907 2675 testamentum
924 2648 996 2682 pacis
1020 2655 1085 2676 mete

305 2693 442 2722 auferetur
453 2705 459 2722 :
469 2695 536 2722 dixit
549 2695 622 2721 enim
636 2703 644 2723 :
657 2694 790 2729 Propitius
798 2699 839 2722 est
853 2694 899 2720 tibi
915 2694 1055 2721 Dominus.
1073 2704 1081 2719 I

304 2739 364 2767 ('ito
383 2741 454 2766 cnim
479 2747 583 2768 montes
603 2749 616 2767 a
643 2741 758 2775 propriis
784 2741 850 2767 locis
868 2740 1084 2772 transferentur,

305 2789 333 2813 et
349 2786 432 2813 colles
460 2787 640 2815 turbabuntur
655 2787 764 2822 potius,
794 2794 874 2822 quam
899 2786 1083 2814 misericordia

335 2885 345 2899 ‘
374 2883 469 2911 Matth.
487 2893 545 2918 sui,
557 2887 582 2914 5.
620 2888 630 2902 ⁷
645 2885 710 2912 ΗΜ.
727 2882 771 2911 27.

1139 1622 1267 1658 ἔμπλεος·
1286 1622 1353 1649 ἀλλὰ
1373 1622 1420 1648 νῦν
1437 1630 1502 1656 φησι
1526 1622 1593 1657 πρὸς
1609 1622 1706 1657 αὑτήψ
1720 1622 1752 1648 Εἰ
1772 1624 1820 1649 καὶ
1841 1623 1918 1649 πάλαι

1138 1667 1202 1694 ποτὲ
1218 1667 1347 1703 αἰσχύνης
1366 1668 1413 1694 καὶ
1429 1667 1545 1698 ὀνείδους
1563 1667 1696 1702 ἔπραττες
1718 1667 1793 1700 ἄξια,
1812 1667 1916 1703 Θάρσει·

1142 1723 1151 1739 ε
1170 1714 1230 1740 Ὀτι
1249 1714 1378 1748 αἰσχύνην
1403 1712 1510 1739 αἰώνιον
1531 1712 1658 1748 ἐπιλήσῃ,
1682 1713 1729 1739 καὶ
1752 1713 1852 1745 ενειόος
1875 1713 1918 1748 τῆς

1138 1760 1250 1795 χηρείας
1267 1768 1313 1786 σου
1326 1759 1356 1786 οὺ
1374 1759 1411 1794 μὴ
1430 1759 1582 1795 μνησθήσῃ.
1596 1768 1605 1784 ι
1626 1759 1745 1795 Χηρείαν
1767 1759 1797 1786 δὲ
1819 1760 1917 1786 ἀποκα-

1137 1806 1178 1833 λεῖ
1193 1807 1240 1832 καὶ
1262 1805 1377 1833 ἐνταῦθα
1393 1805 1441 1842 τὴν
1464 1805 1590 1842 στέρησιν
1611 1805 1657 1832 τοῦ
1680 1805 1796 1842 νυμφίου
1818 1806 1916 1840 Λόγου·

1137 1851 1171 1890 ἧς
1182 1853 1212 1880 οὺ
1230 1851 1382 1888 μνησθήσῃν
1398 1850 1489 1887 φησὶν.

1175 1953 1183 1968 ι
1203 1943 1264 1969 Ὅτι
1287 1943 1388 1978 Κύριος
1410 1942 1465 1968 τῶν
1488 1941 1629 1977 δυνάμεών
1655 1943 1729 1969 ἐστιν
1743 1943 1757 1969 ό
1777 1942 1861 1969 ποιῶν
1878 1949 1914 1973 σε,

1137 1989 1237 2024 Κύριος
1255 1989 1339 2024 ὖνομα
1357 1987 1441 2023 αὐτῷ,
1462 1988 1509 2015 καὶ
1531 1987 1680 2024 ῥυσάμενος
1700 1997 1744 2015 σε·
1759 1989 1840 2021 αὐτὸς
1856 1987 1916 2020 Θεὸς

1143 2035 1248 2070 Ἰσραὴλ
1263 2036 1336 2071 πάσῃ
1348 2036 1380 2070 τῇ
1397 2036 1432 2070 γῇ
1448 2034 1637 2069 κληθήσεται.»
1655 2035 1692 2061 υὺ
1708 2035 1762 2071 γὰρ
1777 2036 1806 2068 ἐξ
1819 2034 1916 2070 ἀνθρώ-

1137 2092 1204 2114 πων,
1220 2083 1279 2109 οὐδὲ
1297 2082 1330 2108 δι’
1345 2081 1489 2117 ἀνθρώπου
1509 2081 1543 2108 τὰ
1558 2082 1607 2116 τῆς
1632 2081 1788 2112 συστάσεως
1799 2082 1914 2116 γέγονεν,

1136 2129 1203 2156 ἀλλὰ
1215 2129 1246 2155 δι’
1262 2129 1343 2155 αὑτοῦ
1359 2129 1406 2155 τοῦ
1422 2129 1534 2165 Κυρίου.
1761 2126 1767 2132 ’

1174 2196 1182 2212 ι
1199 2187 1254 2222 Οὐχ
1267 2186 1304 2218 ὡς
1316 2188 1433 2221 γυναῖκα
1443 2187 1693 2223 καταλελειμμένην
1706 2187 1751 2214 καὶ⁴
1761 2187 1913 2222 ὁλιγόψυχον

1138 2231 1253 2266 κέκληκὲ
1275 2239 1305 2257 σε
1325 2232 1340 2258 ὁ
1353 2231 1464 2267 Κύριος,
1482 2231 1536 2258 οὐδ’
1553 2232 1590 2264 ὼς
1611 2234 1726 2267 γυναῖκα
1744 2233 1775 2258 ὲκ
1795 2232 1914 2266 νεότητος

1102 2261 1123 2287 D
1139 2261 1335 2313 μεμισημένην.
1353 2261 1435 2305 Εἶπεν
1475 2277 1540 2310 Θεός
1557 2261 1726 2314 σου”’Χρόνον
1743 2278 1840 2314 μικρὸν
1854 2261 1914 2304 ,ἱατ-

1137 2323 1228 2349 έλιπόν
1242 2332 1282 2355 σε,
1302 2323 1349 2351 καὶ
1363 2324 1420 2359 μετ’
1437 2323 1526 2355 ἐλέους
1541 2325 1659 2359 μεγάλου
1672 2325 1775 2360 ὲλεήσω
1791 2334 1830 2357 σε,
1845 2323 1913 2351 εἶπεν

1137 2371 1151 2397 ὁ
1168 2371 1318 2406 ρυσὰμενὸς
1342 2379 1372 2397 σε
1395 2370 1506 2406 Κύριος.
1535 2371 1600 2398 Ἀπὸ
1623 2371 1670 2398 τοῦ
1693 2372 1787 2404 ὓδατος
1805 2371 1849 2398 τοῦ
1872 2371 1912 2397 ἐπὶ

1138 2417 1198 2443 Νῶε
1215 2417 1293 2443 τοῦτό
1307 2417 1352 2452 μοί
1368 2418 1436 2449 ἐστι,
1451 2416 1544 2443 καθότι
1555 2417 1648 2452 ὤμοσα
1658 2417 1731 2453 αὐτῷ
1742 2419 1770 2445 ὲν
1780 2418 1818 2453 τῷ
1832 2417 1913 2453 χρόνῳ
1962 2442 1967 2450 ν

1138 2463 1233 2498 ἐκείνῳ
1251 2465 1284 2498 τῇ
1300 2464 1334 2498 γῇ
1361 2463 1398 2499 μὴ
1424 2463 1632 2499 θυμωθήσεσϐαι
1654 2465 1699 2490 ὲπί
1716 2465 1757 2491 σοὶ
1782 2465 1831 2495 ἔτι,
1852 2461 1913 2498 μηδὲ

1139 2511 1167 2537 ἐν
1184 2511 1282 2546 ἀπειλῇ
1299 2519 1345 2537 σου
1361 2511 1395 2538 τὰ
1408 2511 1458 2547 ὅρη
1482 2511 1706 2546 μεταστήσεσοαι,
1722 2511 1776 2539 οὐδ’
1791 2512 1815 2538 οἰ
1831 2510 1912 2546 βουνοί

1140 2565 1191 2591 μου
1208 2557 1475 2592 μετακινηοήσονται.
1497 2556 1589 2588 Οὕτως
1601 2557 1661 2584 οὐδὲ
1679 2558 1708 2585 τὸ
1722 2558 1786 2593 παρ’
1799 2557 1863 2592 ἐμοῦ
1877 2563 1911 2582 σοι

1139 2602 1212 2633 ἕλεος
1226 2602 1355 2636 ἐκλείψει,
1370 2603 1428 2630 οὐδὲ
1445 2603 1461 2638 ἡ
1476 2603 1591 2639 διαθήκη
1614 2604 1664 2638 τῆς
1688 2605 1797 2639 εἰρήνης
1820 2611 1864 2629 σου
1884 2601 1910 2628 οὐ

1141 2648 1177 2683 μὴ
1196 2649 1330 2683 μεταστῇ’
1348 2646 1407 2674 εἷπε
1425 2648 1489 2683 γάρ’
1506 2648 1597 2681 Ἵλεώς
1612 2658 1652 2676 σοι
1669 2649 1776 2684 Κύριος.
1791 2659 1799 2675 ι
1818 2650 1912 2675 Θᾶττον

1138 2694 1191 2730 γὰρ
1205 2693 1238 2720 τὰ
1257 2694 1308 2729 ἧρη
1333 2695 1544 2729 μεταστήσονται
1561 2695 1614 2721 τῶν
1636 2696 1743 2722 οἰκείων
1758 2696 1855 2727 τόπων,
1869 2693 1912 2721 καὶ

1138 2740 1162 2765 οἱ
1178 2739 1265 2773 βουνοὶ
1286 2739 1511 2775 ταραχοήσονῑαι,
1535 2740 1551 2775 ἢ
1568 2740 1598 2766 τὸ
1619 2741 1683 2776 ὲμὺν
1703 2741 1775 2773 ἔλεος
1796 2741 1849 2768 ἀπὸ
1869 2738 1912 2767 σοῦ

1139 2786 1323 2821 κινηθήσεται.
1340 2787 1393 2813 Καὶ
1407 2787 1492 2815 ταῦτα
1508 2788 1535 2816 δὲ
1551 2788 1589 2823 τῷ
1602 2788 1722 2815 θεοσεϐεῖ
1743 2787 1911 2820 πολιτεύματι
