2061 3215
153 193 206 221 165

153 253 348 288 ἐπαγγέλλεται
366 255 380 280 ὸ
401 253 489 288 λόγος.
503 254 549 281 καὶ
566 253 648 280 πάλαι
664 253 711 288 μὲν
726 251 759 288 ἦν
781 253 855 288 παρὰ
874 253 936 280 ’1ου-

152 299 245 331 δαίοις,
275 299 400 326 διαπεσὸν
429 299 456 326 δὲ
486 299 549 335 παρ’
569 300 667 332 αὐτοῖς,
685 299 730 325 ἐπὶ
745 299 794 334 τὴν
811 298 839 332 ἐξ
853 299 936 326 ἐθνῶν

159 345 320 381 Ἐκκλησίαν
337 344 531 380 μεταϐέϐηκεν.

191 444 200 460 ι
214 433 334 470 Ταπεινὴ
358 434 404 461 καὶ
420 435 615 467 ἀκατάστατος,
626 434 656 461 οὐ
669 435 849 471 παρεκλήθης.
871 435 936 462 Ἰδοὺ

153 479 208 514 ἐγὼ
221 479 357 515 ὲτοιμάξω
373 489 413 507 σοι
434 480 556 517 ἄνθρακα
567 480 611 507 τὸν
627 480 698 508 λίθον
714 489 770 513 σου,
783 481 830 507 καὶ
844 481 877 508 τὰ
893 481 937 508 θε-

154 525 235 561 μέλια
250 534 296 552 σου
314 525 492 562 σάπφειρον.»
507 524 560 552 Ἦν
585 526 639 562 γὰρ
655 526 729 562 παρὰ
751 526 884 559 Ἰουδαίοις
897 526 935 563 τῷ

153 571 209 598 ὄντι
223 572 364 608 ἡταπεινὴ
379 573 521 608 σωματικὴ
537 573 679 608 Θρησκεία,
693 574 710 608 ὴ
724 573 753 599 ὲν
768 573 874 608 σώματι
886 582 935 599 πε-

157 617 262 653 ριτομὴ,
276 618 322 643 καὶ
336 618 365 644 ὲν
379 617 480 649 οὐσίαις
492 616 568 649 ζώων
580 618 625 644 καὶ
638 619 698 649 ταῖς
709 617 808 644 τούτων
820 617 933 650 θυσίαις,

154 664 198 691 καὶ
210 664 265 695 τοῖς
276 663 370 695 ἄλλοις,
377 663 575 699 παραπλησίοις
588 663 765 699 ἐξεταζομένη
776 673 783 679 ·
794 664 833 690 διὸ
843 673 935 691 ταπει-

154 708 200 745 νὴν
213 709 260 735 καὶ
273 708 461 736 ἀκατάστατον
477 709 561 744 αὐτὴν
575 708 723 744 ὠνόμασεν.
733 707 788 736 Εἶτ’
803 709 933 744 ἐπιλέγει,

155 764 164 780 ι
181 755 218 781 Οὐ
243 753 431 790 παρεκλήθης·
444 764 453 780 ι
479 755 565 787 οὐδεὶς
583 755 638 790 γὰρ
650 753 684 790 ἦν
701 755 756 782 τῶν
776 755 933 791 προφητῶν,

154 799 210 826 οὐδὲ
230 799 283 826 τῶν
308 799 438 834 θεοφιλῶν
461 800 565 835 ἀνδρῶν
587 800 722 834 τοσοῦτος,
739 800 776 833 ὡς
791 800 935 828 ἀναλαϐεῖν

152 845 235 882 αὐτὴν
248 846 294 873 καὶ
306 846 515 882 ἀνακτήσασθαι.

192 936 257 962 Ἰδοὺ
273 936 328 970 ἐγὼ
345 937 480 973 ὲτοιμάζω
497 946 537 964 σοι
560 937 685 974 ἄνθρακα.
714 939 759 966 τὸν
778 939 849 966 λίθον
875 948 932 973 σου,

149 983 197 1009 καὶ
210 983 243 1009 τὰ
265 983 377 1019 θεμέλιά
399 994 446 1012 σου
463 986 621 1021 σάπςρειρον.
636 995 645 1012 ι
666 987 735 1014 Ἀνθ“
747 983 777 1014 οὗ
791 988 805 1013 ὁ
819 987 933 1023 Σύμμα-

149 1036 213 1062 χος,
246 1038 255 1054 ι
280 1029 343 1055 Ἰδοὺ
363 1029 429 1064 ἐγὼ,
455 1031 531 1066 φησι,
558 1031 699 1067 συντίθημι
726 1033 843 1069 στιμμίᾳ
869 1033 932 1065 τοὺς

148 1072 239 1105 λίθους
247 1082 293 1100 σου
303 1074 360 1108 (40)
372 1084 381 1099 ι
391 1074 566 1107 ὁΘεοδοτίων,
579 1086 587 1101 ί
602 1077 663 1104 Ἰδοὺ
672 1076 727 1111 ἐγώ
739 1078 795 1112 ειμι
807 1077 932 1113 ἐμϐαλὼν

150 1120 252 1154 στιμμῇ
269 1119 332 1151 τοὺς
344 1119 433 1152 λίθους
453 1129 510 1148 σου,
525 1130 534 1147 ι
566 1122 609 1154 Ὡς
625 1122 678 1158 γὰρ
695 1123 728 1149 ἂν
742 1123 810 1158 γυνὴ
827 1123 932 1150 καλλω-

148 1165 279 1201 πιζομένη
302 1166 469 1201 στιμμίζοιτο
484 1168 546 1200 τοὺς
561 1168 715 1204 ὀφθαλμούς
726 1178 732 1183 ·
752 1169 837 1201 οὕτως
852 1170 932 1202 αὐτὸς

147 1210 213 1244 ἐγὼ,
231 1212 322 1246 φησὶν,
337 1213 406 1248 ὑπὲρ
420 1213 508 1240 πάντα
524 1214 662 1250 ὡραϊσμὸν
679 1215 726 1241 καὶ
741 1215 931 1250 καλλωπισμὸν

147 1256 210 1288 τοὺς
223 1257 273 1292 τῆς
291 1257 340 1292 σῆς
352 1258 493 1294 οἰκοδομῆς
512 1259 602 1291 λίθους
614 1260 741 1296 διαθήσω.

185 1313 194 1328 ‹
211 1304 264 1330 Καὶ
278 1303 351 1339 θήσω
365 1304 414 1336 τὰς
429 1305 553 1337 ἐπάλξεις
567 1314 613 1332 σου
627 1305 730 1337 ἴασπιν,
754 1306 800 1333 καὶ
817 1307 864 1344 τᾲς
881 1306 931 1333 πύ-

148 1348 196 1380 λας
218 1357 264 1376 σου
291 1349 381 1382 λίθους
402 1350 579 1386 κρυστάλλου,
600 1352 646 1378 καὶ
665 1352 709 1378 τὸν
726 1352 866 1388 περίῦολόν
884 1361 930 1379 σου

147 1394 236 1426 λίθους
250 1395 402 1427 ἐκλεκτούς.
415 1406 423 1422 ι
451 1397 572 1423 Τοιοῦτοι
581 1397 603 1423 δ’
617 1398 649 1424 ἂν
664 1396 717 1424 εἷεν
728 1398 757 1424 ὲν
768 1399 801 1434 τῇ
816 1399 930 1435 Ἐκκληη

149 1439 194 1474 σία
209 1440 275 1466 Θεοῦ
288 1440 312 1466 οἱ
328 1441 422 1477 λογικῇ
439 1444 597 1478 παρασκευῇ
613 1443 662 1479 τὴν
678 1443 768 1470 πίστιν
780 1443 930 1480 ὠχυρωμέ-

147 1493 198 1517 νοι,
212 1485 281 1512 ὥστε
297 1487 475 1522 προμαχῶνες
495 1488 570 1520 ὄντες
588 1489 634 1515 τοῦ
650 1489 790 1521 θεοσεϐοῦς
809 1490 932 1517 πολιτεύ-

150 1538 244 1565 ματος,
255 1531 298 1558 διὰ
311 1532 340 1558 τὸ
350 1532 478 1559 δύνασθαι
491 1535 544 1560 πᾶν
558 1533 657 1569 ὖψωμα
673 1535 850 1570 ἐπαιρόμενον
861 1536 931 1563 κατὰ

146 1575 197 1610 τῆς
209 1575 332 1610 γνώσεως
342 1577 387 1603 τοῦ
397 1577 463 1604 Θεοῦ
473 1579 622 1614 καθαιρεῖν,
630 1580 676 1606 καὶ
688 1579 833 1615 διελέγχειν
844 1581 930 1608 πάντα

146 1620 224 1655 λόγον
234 1621 319 1657 ψευδῆ
330 1623 376 1649 τὸν
391 1623 440 1658 τῆς
452 1623 577 1658 ἀληθείας
602 1625 738 1660 πολέμιον.
756 1626 861 1662 Ὥσπερ
878 1627 930 1662 γὰρ

146 1666 192 1692 ἐπὶ
207 1667 261 1694 τῶν
282 1669 380 1703 τειχῶν
397 1670 423 1696 αἱ
449 1669 576 1702 ἐπάλξεις
600 1670 779 1705 προμαχῶνες
799 1671 867 1697 εἰσιν
886 1672 931 1698 ἐπὶ

146 1716 304 1750 παρασκευῇ
327 1714 377 1750 τῆς
405 1715 472 1751 πρὸς
497 1716 560 1747 τοὺς
585 1716 728 1751 πολεμίους
755 1717 931 1753 παρατάξεως

146 1760 414 1794 παρεσκευασμένοι·
430 1760 501 1787 οὕτω
525 1761 571 1787 καὶ
591 1761 641 1796 τῆς
670 1761 830 1797 Ἐκκλησίας
851 1763 875 1789 οἱ
902 1764 931 1789 ἐν

144 1803 216 1839 λόγῳ
245 1805 292 1831 καὶ
315 1807 344 1832 ὲν
367 1806 447 1842 σοφίᾳ
473 1806 596 1839 δυνατοὶ,
619 1806 739 1842 λεχθεῖεν
762 1807 796 1834 ἂν
818 1808 931 1840 εἰκότως

142 1849 282 1882 ἐπάλξεις.
301 1859 310 1876 ι
323 1851 377 1877 Καὶ
398 1852 447 1883 ’τὰς
466 1852 551 1884 πύλας
566 1861 611 1879 σου
625 1853 715 1885 λίθους
730 1854 894 1890 κρυστάλλου
904 1864 927 1879 ἰ

142 1895 177 1921 δι’
194 1892 231 1922 ὧν
244 1895 292 1928 τὰς
307 1896 393 1924 πύλας
407 1897 456 1932 τῆς
479 1897 580 1930 πόλεως
605 1900 750 1934 συστήσας,
765 1899 886 1931 θεσπίζει
900 1900 930 1926 τὸ

142 1941 252 1975 διαυγὲς
268 1942 314 1967 καὶ
331 1942 449 1978 καθαρὸν
465 1943 515 1978 τῆς
535 1944 626 1978 ὑγιοῦς
645 1945 772 1977 πίστεως,
794 1945 930 1980 παριστὰς

143 1986 198 2012 ’τῶν
212 1988 433 2022 πεπιστευμένων
443 1989 491 2024 τὴν
510 1989 621 2025 πρώτην
637 1991 682 2017 καὶ
699 1991 866 2027 στοιχειώδη,
883 1992 929 2018 καὶ

143 2032 300 2068 εἰσακτικὴν
318 2033 499 2061 διδασκαλίαν.
517 2045 526 2060 ι
538 2036 593 2062 Καὶ
606 2036 650 2062 τὸν
670 2036 811 2072 περίϐολόν
828 2045 874 2063 σου
889 2037 929 2063 λί-

143 2077 205 2109 θους
225 2078 377 2111 ἐκλεκτούς.
390 2089 398 2105 ι
421 2079 542 2107 Τοιοῦτοι
564 2081 585 2107 δ’
607 2081 640 2108 ἂν
662 2079 717 2108 εἷεν
733 2082 757 2108 oi
780 2082 929 2118 περιφράτ-

140 2131 242 2156 τοντες,
262 2125 311 2152 καὶ
332 2125 392 2152 ἀντὶ
417 2126 518 2158 παντὸς
539 2126 637 2162 ἕρκους
655 2128 864 2163 ἁσφαλιζόμενοι
886 2128 930 2156 διὰ

140 2170 196 2200 τῶν
212 2171 280 2206 πρὸς
300 2171 346 2198 τὸν
362 2172 427 2198 Θεὸν
446 2172 533 2208 εὐχῶν
554 2173 601 2209 τὴν
617 2174 705 2200 πᾶσαν
723 2175 866 2210 οίκοδομὴν
881 2175 929 2210 τῆς

142 2216 255 2249 πόλεως,
273 2217 378 2253 μεγάλα
390 2218 437 2244 καὶ
455 2218 598 2254 πολυτελῆ,
611 2219 658 2246 καὶ
676 2219 771 2256 ἔντιμα
786 2221 927 2257 οἰκοδομή-

143 2269 226 2296 ματα.

179 2316 188 2331 ι
202 2307 256 2333 Καὶ
272 2309 374 2341 πάντας
389 2309 452 2341 τοὺς
474 2310 547 2342 υἱούς
563 2319 609 2337 σου
626 2311 765 2344 διδακτοὺς
784 2312 861 2343 Θεοῦ,
879 2314 924 2340 καὶ

139 2353 170 2379 ἐν
198 2352 281 2389 πολλῇ
309 2355 402 2391 εἰρήνῃ
427 2356 461 2382 τὰ
484 2356 566 2383 τέκνα
593 2365 669 2384 σου.»
694 2358 838 2390 Διδακτοὺς
857 2359 924 2386 Θεοῦ

139 2399 272 2426 ἀποκαλεῖ
283 2401 343 2432 τοὺς
359 2402 432 2433 υἱοὺς
443 2402 493 2437 τῆς
507 2403 590 2430 πάλαι
611 2403 733 2439 στείρας·
750 2404 818 2431 ἀλλὰ
832 2405 879 2431 καὶ
895 2406 924 2431 ὲν

139 2444 223 2480 πολλῇ
239 2446 333 2482 εζρήνῃ
351 2447 459 2474 ἔσεσθαι
482 2448 567 2484 αὐτῆς
592 2448 627 2475 τὰ
650 2449 733 2476 τέκνα
745 2458 752 2464 ⁸
770 2450 846 2476 τοῦτο
869 2451 924 2486 γὰρ

139 2491 230 2522 αὐτοῖς
245 2492 424 2527 ἐπηγγείλατο
443 2493 543 2520 εἰπών·
565 2504 574 2520 ι
597 2495 715 2530 Εἰρήνην
729 2495 778 2530 τὴν
800 2495 867 2531 ἐμὴν
884 2496 923 2522 δί-

138 2537 210 2573 δωμι
221 2537 295 2572 ὑμῖν,
309 2539 419 2574 εἰρήνην
431 2539 480 2574 τὴν
495 2540 566 2575 ἐμὴν
580 2540 682 2576 ἀφίημι
699 2541 789 2576 ὑμῖν.»

178 2592 188 2607 ι
210 2583 265 2616 Καὶ
288 2584 317 2610 ὲν
342 2583 497 2620 δικαιοσύνῃ
515 2585 724 2622 οίκοδομηθήσῃ.
743 2587 857 2622 Ἀπέχου
881 2588 928 2614 ἀπ’

138 2627 244 2659 ἀδίκου,
267 2630 314 2656 καὶ
339 2630 370 2656 οὐ
400 2630 552 2673 φοϐηθήσῃ,
575 2632 622 2658 καὶ
647 2632 747 2667 τρόμος
766 2633 815 2659 οὐχ
843 2634 930 2668 ὲγγιεῖ

139 2683 212 2701 σοι.ι
235 2674 276 2702 Τὰ
295 2676 344 2711 μὲν
362 2676 417 2712 γὰρ
444 2677 602 2712 ἀνθρώπινα
625 2679 860 2714 ὲπισκευάσματα,
883 2681 929 2707 καὶ

138 2719 170 2752 ἑξ
190 2720 361 2757 ἀνθρωπίνης
382 2721 498 2757 σπουδῆς
527 2724 717 2759 συνιστάμενα,
738 2723 849 2751 τοιαῦτα
867 2733 927 2752 τινα

137 2766 275 2801 τυγχάνει·
304 2766 345 2793 διὸ
371 2767 417 2793 καὶ
440 2767 480 2798 εἰς
499 2767 601 2803 φθορὰν
621 2770 704 2804 χωρεῖ
723 2769 770 2795 καὶ
791 2769 831 2800 εἰς
850 2768 924 2795 ἀπώ-

137 2820 149 2837 ⁶
163 2819 242 2848 Joan.
261 2829 317 2855 xw,
332 2820 378 2849 27.

172 2866 231 2903 (40)
252 2867 279 2895 In
297 2868 351 2896 alio
365 2868 457 2904 codice
475 2869 572 2904 legitur
586 2871 641 2902 τοῖς
655 2870 739 2903 λίθοις
753 2880 811 2898 σου.
827 2871 923 2899 llirro-

136 2909 235 2938 nymua
259 2910 342 2939 vero,
366 2903 435 2938 Ἐγώ
458 2903 515 2941 είμί
538 2904 663 2941 ὲμῆαλὼν
684 2907 712 2934 ὲν
740 2908 836 2943 στίμμι
864 2909 925 2939 τοὺς

609 189 860 220 COMMENTARM
882 189 914 217 IN
936 188 1059 216 ISAIAM.
1079 205 1113 209 —
1132 186 1208 215 CAP.
1229 185 1294 213 LIV.

1716 182 1769 210 488

953 253 972 280 Α
990 257 1050 276 mea
1073 257 1087 275 a
1110 253 1135 276 te
1158 251 1337 275 removeatur.
1353 246 1385 273 Et
1404 245 1461 273 bare
1476 244 1525 280 pia:
1544 242 1663 278 religioni
1678 249 1770 271 sermo

989 295 1138 331 pollicetur,
1158 296 1211 322 imo
1226 295 1306 322 etiam
1324 293 1387 320 olim
1409 300 1490 327 penes
1509 291 1616 319 Judmos
1637 289 1681 317 illa
1699 293 1769 321 erat,

987 342 1033 370 sed
1058 342 1091 370 ab
1112 342 1177 377 ipsis
1192 341 1304 372 decidit,
1323 345 1350 367 et
1368 340 1400 366 ad
1418 337 1566 366 Ecclesium
1589 344 1621 364 ex
1643 335 1769 371 gentibus

987 393 1110 417 mactem
1131 387 1260 415 translata
1276 392 1327 414 est.

1023 435 1104 462 Vens.
1119 435 1163 462 ll.
1185 443 1194 459 (
1212 433 1325 460 llntnilis
1340 436 1367 460 et
1389 430 1539 464 instabilis,
1556 429 1767 458 consolationem

987 490 1039 509 non
1058 482 1152 516 adepta
1179 489 1219 509 es.
1242 480 1312 507 Ecce
1328 486 1378 513 ego
1400 485 1523 513 pra-paro
1542 476 1589 504 tibi
1615 475 1767 504 carbuncu-

986 528 1041 554 lum
1053 527 1168 562 lapidem
1182 531 1267 559 tuum,
1286 531 1314 553 et
1327 524 1501 552 fundamenta
1516 528 1559 551 tua
1572 523 1740 557 sapphirum.
1754 531 1765 548 ι

988 573 1051 600 Erat
1071 573 1142 600 enim
1161 580 1254 599 revera
1277 578 1358 606 penes
1373 570 1479 598 Judmos
1502 570 1622 603 abiectus
1643 569 1687 596 ille
1705 576 1752 596 cor

987 625 1083 653 porcus
1096 618 1200 652 cultus;
1215 618 1242 645 in
1260 618 1383 652 corporis
1406 616 1631 649 circumcisione,
1656 615 1682 643 in
1703 615 1750 643 sub

986 664 1094 691 stantiis
1110 664 1284 696 animalium,"
1308 669 1334 691 et
1356 663 1499 691 sacrilit-iis
1525 670 1638 695 eorum,
1663 670 1767 690 necnon

987 710 1012 737 in
1039 711 1099 738 aliis
1126 711 1275 743 similibus,
1304 711 1428 745 positus:
1452 714 1614 744 quapropter
1638 709 1766 736 humilem

985 760 1013 782 et
1037 756 1191 783 instabilem
1209 761 1287 784 vorat
1310 756 1394 783 illam.
1418 755 1518 783 Deinde
1540 755 1652 790 adjicit,
1673 764 1683 781 ι
1710 754 1767 781 Νοιι

986 802 1198 830 consolationem
1217 803 1311 837 adepta
1333 809 1379 830 es:
1399 811 1408 828 ι
1432 809 1511 829 netno
1531 801 1603 829 enim
1621 801 1767 836 propheta-

986 855 1056 881 rum,
1079 856 1166 883 neque
1192 848 1377 883 religiosorum
1396 848 1515 876 virorum
1532 853 1605 877 erat.
1630 848 1676 875 aui
1693 847 1766 874 illam

985 894 1123 928 suscipere
1137 898 1163 921 ει
1176 899 1327 922 restaurare
1342 898 1441 929 posset.

1024 948 1033 965 ι
1055 939 1125 966 Ecce
1145 946 1194 975 ego
1217 947 1339 974 przrparo
1361 940 1408 967 tibi
1430 939 1621 968 carbunculum
1649 938 1765 973 lapidem

984 988 1070 1018 tuum,
1084 991 1111 1013 et
1125 985 1296 1012 fundamenta
1306 989 1350 1011 tua
1359 985 1543 1020 sapphirum.»
1553 984 1605 1012 l’ro
1617 992 1670 1019 quo
1688 985 1767 1020 Synt-

983 1030 1104 1063 machus,
1125 1039 1134 1057 (
1151 1031 1218 1058 Ecce
1231 1038 1280 1065 ego
1296 1039 1428 1066 compono
1443 1031 1522 1058 stibio
1543 1031 1644 1065 lapides
1661 1037 1740 1064 tuos;
1754 1039 1764 1056 ι

983 1075 1132 1104 Thcodolio
1143 1081 1242 1108 autem,
1262 1086 1270 1102 ‹
1286 1076 1356 1104 Ecce
1365 1083 1414 1111 ego
1426 1076 1566 1104 immittam
1581 1075 1689 1103 stibium
1699 1076 1766 1110 lapi-

983 1122 1061 1150 dibus
1083 1123 1146 1149 tuis.
1161 1132 1170 1148 ι
1186 1122 1413 1156 Quemadmodum
1430 1122 1503 1149 enim
1523 1129 1584 1149 cum
1602 1121 1698 1149 mulier
1709 1143 1717 1154 ,
1737 1127 1767 1148 ut

983 1168 1075 1195 forma:
1097 1169 1221 1196 decorem
1241 1169 1340 1200 addat,
1356 1168 1436 1195 stibio
1461 1168 1520 1195 linit
1542 1168 1650 1200 oculos,
1675 1167 1710 1195 ita
1739 1172 1767 1195 et

982 1221 1049 1249 ego,
1069 1214 1163 1249 inquit,
1175 1214 1248 1242 onmi
1266 1214 1356 1248 specie
1382 1222 1414 1241 ac
1424 1214 1520 1242 decore
1536 1214 1707 1242 furmosiores
1718 1221 1766 1249 po-

983 1268 1044 1287 nam
1069 1265 1212 1288 structurae
1226 1265 1277 1287 tum
1293 1260 1404 1294 lapides.

1020 1305 1099 1333 Vsus.
1117 1306 1159 1333 l2.
1178 1315 1187 1331 ι
1209 1304 1242 1332 Ει
1264 1314 1361 1341 ponam
1386 1305 1583 1340 propugnacula
1608 1310 1654 1332 tua
1664 1305 1764 1340 iaspin,

982 1356 1009 1378 et
1027 1356 1120 1385 portas
1136 1356 1195 1379 tuas
1215 1351 1320 1385 lapides
1350 1351 1482 1386 crystalli,
1498 1357 1524 1379 et
1539 1359 1630 1378 muros
1648 1356 1707 1378 tuos
1731 1350 1767 1376 la-

983 1396 1057 1430 pides
1074 1396 1187 1424 electos.
1210 1397 1290 1424 Tales
1304 1397 1329 1424 in
1344 1397 1464 1424 Ecclesia
1482 1398 1529 1424 Dei
1560 1397 1661 1424 fuerint
1677 1397 1705 1430 ii,
1719 1397 1764 1432 qui

983 1442 1137 1469 rati0uabili
1153 1447 1297 1470 structura:
1322 1448 1452 1477 apparatu
1474 1443 1526 1470 ﬁde
1549 1443 1667 1470 roborati
1690 1448 1764 1474 sunt,

983 1492 1075 1521 utpote
1090 1488 1136 1523 qui
1161 1488 1213 1523 pia:
1230 1488 1369 1524 religionis
1385 1488 1584 1524 propugnacula
1604 1489 1669 1522 sint,
1694 1488 1764 1523 quod

983 1534 1088 1568 possint
1102 1541 1210 1562 omnem
1233 1535 1438 1567 sublimitatem,
1461 1540 1553 1562 contra
1571 1534 1617 1562 Dei
1635 1534 1765 1569 cognitio-

983 1587 1042 1605 nem
1055 1586 1115 1606 sese
1130 1585 1297 1607 exserentem
1308 1600 1316 1613 ,
1336 1580 1368 1607 de
1390 1580 1477 1607 medio
1495 1580 1597 1612 tollere,
1615 1584 1641 1607 et
1657 1586 1764 1606 omnem

950 942 970 968 Β

944 1617 966 1669 ς
983 1623 1079 1651 falsum
1101 1632 1252 1653 sermonem
1269 1626 1393 1653 veritatis
1416 1626 1553 1653 inimicum
1579 1625 1719 1652 eliminare
1738 1630 1765 1652 et

982 1669 1133 1698 confutare.
1157 1669 1234 1697 Sicut
1249 1671 1321 1698 enim
1346 1671 1485 1698 adornatae
1511 1671 1537 1697 in
1560 1671 1645 1698 muris
1665 1671 1762 1705 pinnae,

982 1716 1180 1751 propugnacula
1198 1721 1272 1748 sunt,
1288 1716 1321 1743 ad
1351 1716 1537 1744 instruendum
1553 1722 1647 1744 contra
1671 1716 1766 1743 hostes

982 1761 1081 1789 bellum
1099 1762 1281 1794 concinnata;
1304 1762 1343 1789 sic
1362 1767 1390 1790 et
1411 1763 1439 1794 ii,
1459 1762 1504 1798 qui
1524 1763 1549 1789 in
1570 1762 1687 1790 Ecclesia
1706 1769 1764 1789 ser-

982 1815 1060 1834 mone
1076 1813 1103 1834 et
1129 1807 1261 1842 sapientia
1289 1813 1412 1842 potentes
1438 1812 1511 1840 snut,
1531 1808 1592 1842 jurc
1609 1815 1762 1843 propugna-

981 1853 1041 1880 cula
1063 1853 1196 1881 dicantur.
1215 1863 1223 1879 ι
1244 1853 1277 1880 Et
1293 1858 1384 1888 portas
1400 1858 1460 1881 tuas
1483 1853 1585 1888 lapides
1603 1852 1733 1888 crystalli,
1751 1862 1761 1879 ι

980 1899 1079 1933 quibus
1106 1898 1243 1933 lapidibus
1271 1899 1304 1926 ad
1332 1905 1426 1934 portas
1457 1898 1533 1926 urbis
1559 1899 1763 1926 constituendas

981 1953 1056 1978 usus,
1072 1952 1144 1972 sana:
1159 1945 1221 1972 lldei
1236 1945 1406 1979 splendorem
1426 1950 1453 1972 et
1472 1945 1615 1980 puritatem
1632 1945 1763 1972 vaticina-

982 1996 1035 2021 tur.
1053 1990 1226 2026 declaratque
1250 1991 1364 2026 primani
1380 1991 1583 2023 elementurem,
1606 1995 1688 2025 atque
1713 1990 1763 2017 ini-

981 2036 1071 2062 tialem
1090 2043 1190 2069 rerum,
1206 2043 1265 2070 qua:
1284 2036 1317 2063 ad
1334 2035 1412 2063 ﬁdem
1432 2035 1578 2070 pertinent,
1602 2035 1761 2063 doctrinam.

983 2090 992 2106 ι
1012 2081 1045 2108 l-lt
1061 2089 1152 2108 muros
1173 2086 1233 2109 tuos
1250 2082 1352 2117 lapides
1374 2082 1487 2109 electos.
1505 2091 1514 2108 ι
1535 2080 1690 2114 llujusmodi
1707 2080 1763 2108 l‘ue-

982 2128 1035 2154 riut
1053 2127 1081 2159 ii,
1099 2128 1144 2162 qui
1163 2128 1375 2162 circumquaque
1391 2127 1552 2154 munimenti
1569 2127 1627 2154 loco
1648 2132 1720 2158 sunt,
1737 2132 1764 2153 et

979 2172 1057 2207 quasi
1081 2173 1192 2206 vallum,
1215 2179 1298 2200 totam
1317 2173 1391 2200 uibis
1406 2178 1569 2200 structuram
1596 2180 1643 2206 per
1664 2173 1764 2200 oratio-

980 2227 1028 2245 nes
1055 2219 1086 2245 ad
1119 2219 1201 2246 Deum
1230 2219 1345 2246 emissas
1373 2224 1515 2246 tutantur:
1551 2227 1645 2253 magna
1675 2225 1761 2250 sane.

944 2265 1095 2310 npretiosa
1118 2271 1145 2292 et
1173 2265 1342 2292 honorabilia
1366 2265 1489 2292 aldilleiu.

1019 2310 1098 2338 Vens.
1117 2311 1161 2338 l5.
1180 2321 1189 2337 ι
1208 2311 1241 2338 Et
1256 2320 1352 2339 omnes
1368 2313 1437 2338 lilios
1457 2319 1524 2342 tuos.
1542 2311 1688 2345 discipulos
1704 2310 1760 2341 Dei.

979 2362 1005 2383 et
1031 2358 1056 2383 iu
1079 2358 1162 2384 multa
1186 2365 1253 2392 pace
1271 2358 1318 2385 lilii
1347 2358 1396 2385 tui.
1416 2367 1425 2383 ι
1449 2357 1597 2392 Discipulos
1615 2357 1661 2383 Dei
1686 2361 1762 2384 vocat

978 2403 1049 2430 illius
1065 2403 1128 2430 olim
1155 2403 1255 2431 sterilis
1281 2404 1372 2430 lilios:
1396 2411 1427 2429 ac
1456 2403 1482 2430 in
1509 2403 1590 2429 multa
1615 2410 1681 2438 pace
1701 2409 1761 2430 ver-

979 2453 1086 2476 saturos
1111 2449 1149 2476 ait
1175 2449 1244 2477 ﬁlios
1261 2449 1339 2483 ejus:
1358 2449 1383 2475 id
1398 2449 1470 2475 enim
1488 2449 1552 2484 ipsis
1567 2448 1701 2483 pollicitus
1720 2449 1761 2476 his

980 2495 1070 2522 verbis
1085 2500 1126 2522 cst
1141 2505 1148 2523 :
1170 2504 1179 2521 ι
1199 2495 1297 2523 Pacem
1312 2503 1399 2523 meam
1419 2496 1453 2522 do
1466 2495 1553 2527 vobis,
1567 2502 1659 2530 pacem
1674 2501 1760 2522 meam

979 2541 1100 2575 relinquo
1117 2542 1193 2569 vobis
1207 2542 1228 2569 '.
1248 2551 1257 2567 ι
1782 2541 1789 2574 έ

1014 2587 1097 2615 νειιε.
1113 2588 1155 2615 14.
1169 2597 1179 2613 ‹
1195 2588 1228 2615 Ει
1242 2588 1268 2615 in
1280 2588 1385 2624 iustitia
1398 2587 1585 2615 tedillcabcris.
1600 2586 1711 2614 Abstine
1725 2586 1760 2614 ab

977 2633 1080 2668 iniquo,
1096 2639 1120 2662 et
1145 2642 1197 2662 non
1219 2635 1327 2661 timebis
1341 2654 1348 2666 ,
1374 2639 1401 2661 et
1424 2637 1527 2660 tremor
1543 2640 1594 2659 non
1617 2632 1760 2667 appropin-

977 2680 1072 2712 quabit
1094 2680 1153 2707 tibi.
1181 2689 1190 2707 ι
1221 2679 1360 2715 Siquidem
1389 2679 1499 2707 humani
1532 2678 1569 2705 illi
1594 2683 1758 2712 apparatus,

981 2726 1096 2752 humana
1113 2734 1177 2753 cura
1192 2726 1269 2759 editi,
1286 2725 1439 2760 hujusmodi
1455 2729 1539 2751 Sunt:
1560 2731 1644 2758 quare
1659 2723 1684 2750 in
1699 2731 1760 2751 cor-

979 2773 1132 2806 ruptionem
1145 2777 1172 2800 et
1182 2773 1294 2799 exitium
1308 2771 1463 2799 deveniunt.
1478 2770 1552 2805 Opus
1565 2774 1654 2798 autem
1670 2777 1759 2798 meum

979 2873 1068 2905 λίθους
1085 2882 1141 2900 σου.
1153 2872 1311 2908 Procopius,
1325 2871 1451 2908 ὲμᾷάλλω
1469 2871 1498 2898 ὲν
1518 2871 1618 2908 στίμει.
1632 2871 1759 2907 Quanam

980 2909 1062 2936 let-tiu
1076 2912 1196 2944 placaret,
1212 2905 1261 2936 sub
1277 2905 1547 2941 loco'iitdagabimus.
