2061 3215
308 176 359 203 467
645 175 776 204 EUSEBII
797 175 1030 203 C/ESARIENSIS
1049 175 1123 202 OPP.

308 235 483 270 corruptione
503 242 616 261 vacuum
641 240 701 261 est:
722 242 811 270 neque
829 235 881 262 tale
897 235 1035 270 quidpiam
1061 236 1086 263 in
1103 241 1125 268 Α

307 287 390 313 opere
406 286 466 306 meo
482 279 632 314 reperiatur
646 280 716 314 quod
732 286 888 315 corrumpat
910 286 937 308 et
953 282 1089 316 disperdat

308 325 382 351 illul.

349 381 427 409 Vens.
445 382 538 410 15-17.
554 391 564 408 ι
585 382 652 409 Ecce
667 381 795 416 prosclyti
812 383 940 410 accedent
954 384 986 409 ad
1004 389 1029 410 te
1043 392 1090 416 per

307 435 363 460 me,
384 433 411 454 et
424 428 518 455 incola:
539 428 576 455 tui
592 433 683 460 erunt,
700 434 726 455 ct
743 429 776 455 ad
791 433 816 456 te
831 428 997 464 confugient.
1021 429 1089 457 Ecce

308 481 357 508 ego
373 473 462 500 creavi
489 479 526 507 te,
551 481 604 500 non
629 476 699 501 sicut
718 474 831 502 aararius
852 474 962 502 sufﬂans
979 484 1087 510 pruinis,

307 525 335 545 et
349 519 467 546 edocens
484 526 531 546 vas
547 519 572 546 in
588 526 655 553 opus
670 528 676 545 :
700 527 751 553 cgo
768 524 856 547 autem
875 521 964 548 creari
984 527 1020 553 te,
1037 530 1088 549 non

308 568 335 589 ul
352 563 461 590 interitu
478 563 630 597 perderem.
648 564 734 592 Onme
751 573 808 596 vas,
829 567 899 600 quod
928 566 1027 594 factum
1047 573 1089 595 est

307 613 399 634 contra
420 613 444 634 te
462 628 469 639 ,
493 615 546 635 non
571 615 733 643 prosperare
749 609 861 637 faciam:
883 617 910 638 et
932 613 1020 640 uirtutis
1039 621 1087 639 vox

308 655 426 688 insurget
452 662 532 689 super
553 659 579 682 te
600 655 626 682 in
648 655 790 689 judicium.
808 656 907 686 Omnes
923 666 970 685 eos
985 660 1087 691 vinces.

306 705 332 726 et
350 706 430 728 erunt
445 701 554 728 obnoxii
577 702 615 728 tui
636 702 661 729 in
685 710 729 729 co.
751 713 760 728 ι
783 703 848 730 Post
866 705 1020 739 prrmissos
1038 705 1089 733 Ec-

306 746 395 774 clesiae
408 747 528 780 ordines,
543 748 694 783 proselylus
711 756 757 775 cus
771 757 835 776 esse
848 750 957 781 dixeris.
973 752 1017 785 qui
1031 759 1089 786 ger-

307 791 380 818 mani
397 797 423 819 et
438 792 537 819 sinceri
561 801 612 820 non
636 798 709 825 sunt,
733 803 818 829 neque
838 803 904 830 pure
927 797 953 823 in
969 797 1088 824 multitu-

305 837 369 864 dine
391 841 558 871 procedunt:
580 847 648 874 quius
674 841 903 875 peregrinaturos,
930 850 984 870 non
999 849 1087 870 autem

307 882 477 910 habitaturus
492 891 553 911 esse
572 885 609 911 ait
625 885 651 911 in
669 893 700 911 ea
712 905 719 916 ,
737 887 799 920 quia
823 888 900 921 quasi
925 888 950 915 iu
974 891 1086 916 transitu

304 935 365 954 eam
384 929 506 956 adibunt.
524 939 533 954 ι
550 929 594 957 Est
610 931 752 960 haereditas
768 934 948 961 servientibus
962 934 1087 968 Domino,
1105 922 1124 949 Β

305 978 334 998 et
348 979 396 1000 vos
412 974 490 1001 eritis
503 974 567 1001 mibi
579 975 658 1010 justi,
677 977 742 1004 dicit
759 977 900 1006 Dominus.
919 989 931 1006 ›
947 980 1026 1014 quue
1040 982 1087 1007 ad-

307 1019 415 1046 modum
437 1026 637 1055 congruenter:
659 1031 720 1049 nam
745 1029 805 1058 post
825 1027 962 1059 prmmissa
979 1027 1086 1059 omnia,

306 1063 378 1090 illam
398 1065 424 1091 in
447 1065 535 1094 futuro
559 1068 656 1095 saeculo
672 1071 817 1104 repositam
834 1072 1018 1100 lmreditalem
1032 1082 1088 1101 me-

305 1117 411 1138 morare
427 1119 494 1146 opus
510 1118 579 1140 erat.
593 1114 721 1146 Quaenam
741 1116 784 1142 illa
804 1117 894 1150 fuerit,
907 1119 958 1145 nisi
974 1126 1085 1154 regnum

303 1157 486 1188 οωΙοι-υιιιιοι
507 1160 560 1185 vita
581 1161 701 1187 aeterna?

606 1239 719 1267 CAPUT
743 1241 795 1268 LV.

339 1305 419 1333 Vens.
438 1307 492 1334 1-5.
515 1317 524 1333 ι
543 1308 686 1341 Sitientes,
707 1310 743 1336 ile
757 1311 789 1337 ad
804 1319 914 1345 aquam,
933 1317 960 1339 et
974 1314 1018 1348 qui
1035 1322 1085 1340 non

304 1351 412 1379 habetis
426 1358 581 1387 argentum,
597 1361 692 1382 euntes
707 1357 800 1388 eunte,
818 1363 845 1384 et
867 1359 1000 1386 comedite
1019 1361 1087 1388 abs—

303 1405 356 1431 c1e
385 1404 496 1432 argento
523 1399 614 1426 vinum
637 1406 663 1428 et
684 1402 800 1436 adipem.
825 1403 915 1436 Quare
935 1406 1086 1440 expenditis

304 1449 454 1477 argentm",
481 1449 508 1471 et
529 1445 646 1472 laborem
672 1451 808 1481 vestrum,
831 1457 883 1476 non
908 1451 934 1478 iu
959 1451 1086 1479 saturita-

304 1489 378 1514 ti-m?
394 1489 492 1516 Audite
509 1497 560 1522 me,
585 1496 613 1517 et
630 1491 702 1518 vivet
721 1492 746 1518 iu
770 1493 847 1521 buuis
875 1495 962 1523 anima
984 1504 1085 1530 vestra,

303 1539 330 1560 et
358 1536 523 1563 constituam
549 1538 625 1566 vobis
655 1544 845 1568 teslameutum
870 1543 1084 1578 sempiternum,

302 1585 397 1608 sancta
424 1581 507 1609 David
530 1583 630 1612 fidelia.
653 1585 710 1613 »1η
737 1587 787 1613 alia
813 1588 932 1615 studium
957 1590 1119 1621 confertisC

304 1631 435 1659 γρου-οη),
451 1635 485 1654 cx
498 1629 596 1662 quibus
617 1638 669 1657 non
688 1637 775 1666 potest
795 1632 885 1660 anima
900 1635 1025 1667 enutriri,
1044 1645 1086 1663 nu-

303 1678 355 1704 qne
373 1672 433 1700 cibo
447 1674 480 1700 ad
505 1676 674 1704 saturitatem
699 1677 761 1705 frui.
790 1679 891 1708 Praeter
913 1682 984 1708 enim
1005 1691 1084 1716 supe-

306 1716 362 1742 rius
375 1716 458 1750 dicta,
478 1719 609 1747 bonorum
626 1729 738 1756 operum
752 1731 837 1757 spem,
857 1725 1030 1758 divinumque
1051 1728 1086 1754 ci-

303 1761 384 1794 bum,
407 1763 615 1798 obsequentium
637 1768 734 1794 animis
758 1771 905 1803 repositum
930 1772 1006 1799 dicit.
1026 1772 1083 1799 Non

301 1807 373 1834 enim
387 1811 560 1844 corporibus,
583 1813 645 1844 sed,
665 1818 694 1840 ut
717 1816 891 1850 perspicuum
906 1823 957 1849 est,
983 1818 1084 1845 anima-

303 1855 363 1886 l.us,
379 1854 531 1883 futurorum
555 1858 684 1886 bonorum
707 1868 805 1889 mnnus
821 1863 944 1896 porrigit.

337 1908 418 1938 Vens.
437 1911 464 1943 ιι,
477 1912 503 1940 5.
527 1922 536 1938 ι
557 1913 628 1941 Ecce
643 1917 826 1944 testimonium
845 1919 870 1944 in
884 1919 1009 1953 gentibus
1024 1920 1083 1947 dedi

302 1962 381 1989 cum,
403 1959 552 1992 principem
567 1965 593 1987 et
615 1963 817 1996 praecipientem
832 1965 967 1999 gentibus.
984 1966 1085 1993 Gentes

302 2009 362 2034 qua:
385 2005 542 2031 nesciebant
559 2012 595 2039 te,
621 2008 785 2036 invucabunt
810 2016 854 2043 te;
874 2016 901 2038 et
926 2012 1015 2046 populi
1039 2013 1083 2047 qui

302 2048 428 2080 ignorant
450 2055 486 2083 te,
515 2053 549 2079 ad
574 2058 600 2079 te
618 2055 775 2090 confugient
801 2061 912 2091 propter
943 2057 1083 2085 Dominum

305 2092 391 2120 Deum
408 2099 495 2127 tuum,
516 2103 641 2125 sanctum
656 2099 751 2133 lsrael,
767 2101 831 2136 quia
846 2101 1006 2136 gloriﬁcavit
1017 2108 1053 2130 te.
1069 2112 1079 2129 ι

303 2138 402 2174 Ecquis
429 2148 482 2168 non
508 2146 616 2176 stupeat
639 2146 773 2173 Sermonis
796 2152 933 2179 eVenlum,
958 2148 1051 2175 videns
1068 2157 1083 2175 a

302 2184 412 2212 Christo
430 2186 476 2214 Dei
499 2195 549 2222 per
563 2193 647 2217 totum
671 2192 763 2219 orbem
787 2192 956 2221 Christianos
980 2202 1084 2222 nuncn-

302 2232 384 2266 pari?
396 2232 430 2259 Et
446 2233 498 2261 hoc
513 2234 565 2261 erit
580 2235 632 2263 illis
650 2241 779 2265 aeternum
795 2239 903 2272 salutis,
923 2247 984 2275 qua:
997 2248 1013 2267 a
1030 2241 1085 2268 Deo

300 2283 354 2311 est,
373 2279 493 2314 signum,
515 2282 586 2315 quod
605 2290 704 2310 nomen
719 2283 826 2312 Domini
850 2285 901 2313 sibi
916 2286 1083 2320 adscribet-1,

300 2324 328 2351 in
343 2331 474 2353 aeternum
491 2334 747 2363 perseveraturum,
774 2339 824 2358 nec
845 2340 964 2366 unquam
979 2333 1083 2361 desitu-

302 2379 363 2399 rum
379 2382 386 2399 :
404 2381 468 2401 nam
482 2374 551 2401 dona
570 2375 616 2403 Dei
631 2376 691 2404 sine
710 2379 870 2412 pwnitentia
885 2384 958 2406 sunt.

337 2453 419 2480 Vens.
435 2453 512 2481 6-12.
531 2464 540 2480 ι
552 2455 670 2488 ροιοτίιθ
687 2456 839 2491 Dominum,
852 2462 879 2485 et
896 2466 955 2485 cum
976 2459 1083 2486 iuvene-

301 2498 361 2525 ritis
382 2506 454 2531 enin,
472 2500 607 2528 invocate.
631 2502 746 2535 Quando
771 2510 860 2530 autem
881 2505 1082 2539 appropinqua-

300 2543 370 2570 verit
386 2544 420 2571 ad
433 2552 493 2576 vos,
512 2546 681 2581 derelinquat
704 2548 803 2584 impius
827 2550 884 2576 vias
905 2558 980 2584 suas,
999 2556 1025 2578 et
1042 2552 1082 2578 vir

301 2589 409 2624 iniquus
423 2591 537 2618 consilia
561 2599 609 2619 sua
623 2601 630 2624 ;
646 2598 673 2620 et
686 2599 861 2622 convertatur
877 2596 910 2622 ad
926 2595 1080 2628 Dominum,

300 2641 327 2662 et
343 2636 558 2665 miscricordiam
575 2645 776 2674 consequetur:
799 2642 861 2675 quia
877 2642 977 2670 multus
990 2643 1040 2670 erit
1054 2643 1080 2670 iu

299 2681 466 2710 dimittendis
486 2684 604 2718 peccatis
617 2685 723 2712 vestris.
743 2686 834 2721 Neque
850 2687 923 2714 enim
940 2692 1002 2714 sunt
1017 2695 1081 2715 oon-

300 2727 362 2755 silia
375 2737 446 2762 mea.
460 2731 530 2757 sicut
546 2731 660 2759 consilia
677 2737 775 2765 vestra,
792 2740 843 2760 nec
856 2733 906 2760 via:
920 2741 996 2766 mere,
1012 2734 1083 2761 sicut

301 2776 351 2801 via:
371 2783 478 2811 vesmn,
509 2778 575 2805 dicit
604 2778 745 2806 Dominus.
769 2779 822 2806 Sed
844 2784 973 2814 quantum
1000 2780 1084 2807 distat

299 2819 397 2846 cwlum
411 2830 426 2847 a
442 2826 526 2854 terra,
550 2828 654 2851 tantum
673 2824 716 2851 via
732 2832 791 2852 mea
815 2832 829 2851 a
855 2824 906 2852 viis
929 2826 1035 2858 vestris,
1056 2830 1083 2853 et

302 2865 481 2898 .‘ugitntiouus
505 2875 599 2896 Vcslm:
613 2878 628 2896 a
641 2870 804 2904 cogitatione
820 2878 888 2898 mea.
905 2870 940 2898 Ut
962 2871 1034 2897 enim
1060 2871 1082 2898 si

305 2910 448 2940 descendat
461 2913 549 2947 pluvia
562 2916 595 2942 de
610 2916 690 2950 cwlo,
708 2921 735 2944 et
757 2923 810 2944 non
832 2922 981 2944 revertatur
997 2918 1082 2945 donec

1144 175 1233 203 PARS
1251 175 1296 202 ill.
1321 190 1355 195 —-
1375 174 1579 202 EXEGETICA.
1879 175 1931 203 468

1139 235 1213 260 λειαν
1224 243 1230 249 ι
1247 235 1277 261 τὺ
1290 234 1317 260 δὲ
1332 234 1397 269 ὲμὸν
1412 233 1492 269 ἔργον
1505 234 1666 270 ἀδιάφθορον
1682 235 1799 270 πέφυκε·
1815 235 1861 261 καὶ
1872 231 1930 261 οὑὲὲ

1141 279 1259 306 τοιοῦτον
1273 280 1447 315 εὑρεθήσεται
1472 280 1518 306 ἐπὶ
1535 279 1582 306 τοῦ
1607 279 1675 314 ἐμοῦ
1697 280 1788 315 ἔργου,
1809 280 1929 311 ὠς.δια-

1145 325 1255 360 φθεῖραι
1268 325 1315 352 καὶ
1329 325 1459 352 ἀπολέσαι
1475 325 1541 351 αὑτό

1181 392 1189 407 ι
1213 382 1276 409 Ἰδοὺ
1300 381 1463 417 προσήλυτοι
1490 381 1714 417 προσελεύσονταί
1732 390 1774 409 σοι
1794 382 1828 409 δι’
1850 381 1928 418 ἐμοῦ,

1143 427 1188 453 καὶ
1201 427 1396 462 παροικήσουσί
1425 435 1476 458 σοι,
1503 427 1550 453 καὶ
1570 427 1616 453 ἐπὶ
1646 427 1674 453 σὲ
1702 427 1927 462 καταφεύξονται.

1149 473 1213 500 Ἰδοὺ
1234 471 1288 507 ἐγὼ
1321 472 1415 500 ἐκτισά
1439 481 1478 505 σε,
1502 473 1551 507 οὐχ
1569 473 1606 504 ὡς
1627 473 1744 508 χαλκεὺς
1763 473 1854 508 φυσῶν
1880 473 1929 500 ἀν-

1143 518 1255 554 θρακας,
1268 518 1314 544 καὶ
1324 517 1447 554 ἐκφέρων
1460 518 1555 550 σκεῦος
1568 519 1607 550 εἰς
1621 518 1714 554 ἔργον
1727 518 1782 553 ἐγὼ
1793 519 1814 546 δ’
1833 518 1930 546 ἐκτισά

1143 571 1182 594 σε.
1202 564 1252 590 οὑκ
1266 564 1306 595 εἰς
1320 563 1457 590 ἀπώλειαν
1472 563 1590 599 φθεῖραι,
1602 564 1659 590 Πᾶν
1671 564 1768 595 σκεῦος
1781 563 1928 591 σκευαστὸν

1142 607 1188 632 ἐπὶ
1205 607 1245 638 σε,
1261 606 1310 633 οὑκ
1331 606 1469 633 εὐοδώσω-
1495 608 1542 634 καὶ
1557 608 1629 634 πᾶσα
1649 608 1723 643 φωνὴ
1746 609 1928 643 ἀναστήσεται

1142 652 1187 678 ἐπὶ
1209 653 1238 679 σὲ
1260 653 1299 684 εἰς
1323 652 1421 688 κρίσιν.
1441 653 1548 685 Πάντας
1573 653 1670 684 αὐτοὺς
1686 654 1828 688 ήττήσειςο
1849 655 1875 680 οἱ
1898 654 1928 680 δὲ

1142 699 1227 734 ἔνοχοί
1246 708 1292 725 σου
1313 699 1418 726 ἔσονται
1439 700 1467 726 ὲν
1481 700 1560 735 αὑτῇ.
1577 709 1585 725 ι
1600 700 1693 731 Εῐποις
1707 700 1728 726 δ⁷
1741 699 1774 726 ἂν
1794 700 1929 736 προσηλύ-

1142 753 1203 776 τους
1216 745 1283 780 μετὰ
1294 744 1329 771 τὰ
1341 745 1522 781 προλεχθέντα
1533 746 1583 780 τῆς
1596 745 1755 781 Ἐκκλησίας
1766 746 1926 781 πράγματα,

1142 791 1204 822 τοὺς
1215 791 1244 817 οὑ
1255 791 1391 825 γνησίους,
1406 790 1465 816 οὑδὲ
1478 790 1606 826 καθαρῶς
1617 791 1816 826 προϐάλλοντας
1827 792 1856 817 ὲν
1871 793 1927 823 τοῖς

1143 836 1287 871 πλήθεσιν·
1304 836 1351 868 οὓς
1370 837 1417 862 καὶ
1437 837 1624 871 παροικήσειν,
1645 836 1701 863 ἀλλ’
1713 837 1742 863 οὺ
1755 837 1928 873 κατοικήσειν

1142 884 1224 918 φησὶν
1231 882 1323 918 αὐτὴν,
1331 882 1374 909 διὰ
1386 882 1416 908 τὸ
1430 882 1467 914 ὡς
1475 883 1503 908 ὲν
1511 883 1618 918 παρόδῳ
1626 882 1759 909 ποιεῖσθαι
1768 883 1866 915 αὐτοὺς
1877 884 1926 919 τὴν

1139 928 1249 955 εἴσοδον,
1265 937 1274 954 ι
1290 929 1366 955 Ἔστι
1381 928 1546 964 κληρονομία
1556 930 1611 960 τοῖς
1619 928 1798 965 θεραπεύουσι
1812 929 1926 965 Κύριον,

1139 975 1185 1002 καὶ
1200 976 1277 1008 ὑμεῖς
1289 974 1383 1001 ἔσεσθέ
1397 983 1441 1009 μοι
1457 974 1564 1007 δίκαιοι,
1582 974 1654 1008 λέγει
1673 974 1790 1010 Κύριος*
1802 984 1812 1000 ι
1822 974 1926 1010 σφόδρα

1138 1020 1304 1052 ἀκολούθως·
1323 1020 1391 1055 μετὰ
1410 1020 1464 1056 γὰρ
1479 1019 1512 1046 τὰ
1528 1019 1709 1055 προλεχθέντα
1723 1020 1822 1052 πάντα,
1839 1019 1927 1055 ἐχρῆν

1138 1066 1290 1101 ὑπομνῆσαι
1312 1066 1359 1092 καὶ
1372 1066 1422 1100 τῆς
1438 1065 1599 1100 ἐγκειμένης
1613 1065 1641 1092 ὲν
1656 1065 1695 1101 τῷ
1710 1065 1832 1101 μέλλοντι
1845 1065 1926 1092 αἱῶνι

1137 1111 1326 1147 κληρονομίας,
1347 1111 1395 1142 Τίς
1408 1110 1430 1137 δ’
1445 1110 1477 1137 ἂν
1497 1110 1601 1144 γένοιτο
1616 1111 1684 1146 αὕτη
1698 1111 1755 1138 ἀλλ’
1769 1112 1786 1146 ή
1802 1109 1926 1146 βασιλεία

1137 1157 1190 1183 τῶν
1202 1157 1323 1192 οὐρανῶν
1337 1156 1384 1183 καὶ
1399 1156 1456 1191 ζωὴ
1470 1156 1591 1189 αἰώνιος;

1390 1236 1587 1263 ΚΕΦΑΛΑΙΟΝ
1600 1236 1662 1262 NE’.

1176 1311 1185 1327 ι
1205 1302 1237 1328 Οἱ
1256 1301 1396 1336 διψῶντες,
1422 1301 1568 1338 πορεύεσθε
1583 1301 1625 1335 ἐφ’
1646 1301 1727 1337 ὕδωρ,
1745 1302 1790 1328 καὶ
1815 1302 1872 1328 ὅσοι
1886 1302 1926 1338 μὴ

1137 1347 1212 1382 ἔχετε
1227 1348 1368 1383 ἀργύριον,
1392 1347 1548 1383 βαδίσαντες
1568 1348 1732 1383 ἀγοράσατε,
1758 1348 1804 1374 καὶ
1823 1348 1925 1382 φάγετε

1137 1393 1199 1420 ἀνευ
1213 1394 1344 1430 ἀργυρίου
1362 1391 1432 1420 οἶνον
1453 1393 1500 1420 καὶ
1522 1393 1615 1429 στέαρ.
1632 1393 1689 1419 ’Ὶνα
1704 1393 1730 1419 τί
1746 1393 1860 1428 τιμᾶσθε
1874 1394 1925 1428 ἁρ-

1136 1440 1241 1475 γυρίου,
1256 1440 1302 1466 κα)¹
1325 1440 1370 1466 τὸν
1387 1439 1484 1474 μόχθον
1508 1438 1585 1474 ὑμῶν
1610 1439 1660 1465 οὑκ
1691 1439 1730 1470 είς
1746 1438 1922 1481 πλησμογήκ

1143 1487 1287 1513 Ἀκούσατέ
1305 1496 1367 1522 μου,
1379 1486 1426 1513 καὶ
1436 1485 1548 1520 ζήσεται
1560 1486 1588 1512 ὲν
1599 1485 1710 1519 ἀγαθοῖς
1722 1486 1738 1521 ή
1749 1485 1821 1520 ψυχή
1833 1485 1925 1520 ὑμῶν,

1137 1533 1183 1558 καὶ
1193 1532 1354 1568 διαθήσομαι
1370 1533 1433 1567 ὑμῖν
1447 1531 1578 1567 διαθήκην
1592 1531 1711 1564 αἰώνιον,
1724 1531 1758 1557 τὰ
1770 1532 1829 1557 ὅσια
1841 1531 1925 1557 Δαυῖδ

1136 1578 1170 1605 τὰ
1185 1579 1278 1606 πιστά.
1292 1589 1300 1604 ι
1318 1579 1385 1614 Περὶ
1399 1578 1482 1614 ἕτερα
1496 1577 1700 1613 ἀσχολούμενοι,
1713 1577 1742 1610 ἐξ
1756 1573 1792 1603 ὧν
1802 1577 1852 1603 οὑκ
1863 1577 1923 1603 ἔστι

1135 1624 1221 1659 ψυχὴν
1234 1624 1380 1659 τραφῆναι,
1394 1623 1454 1650 οὐδὲ.
1472 1625 1512 1655 εἰς
1525 1623 1683 1659 πλησμονὴν
1698 1623 1847 1649 ἀπολαῦσαι
1860 1631 1923 1659 tum

1135 1670 1198 1704 φῆς.
1218 1669 1287 1705 Πρὸς
1308 1669 1362 1704 γὰρ
1382 1671 1438 1700 τοῖς
1454 1669 1596 1705 προτέροις
1618 1669 1665 1696 καὶ
1687 1669 1741 1695 τῶν
1756 1668 1842 1704 ἔργων
1855 1669 1923 1702 ἀγα-

1135 1714 1188 1741 θῶν
1199 1715 1302 1747 ἐλπίδα,
1315 1715 1361 1741 καὶ
1372 1715 1473 1750 τροφὴν
1482 1714 1571 1741 ἔνθεον
1583 1714 1776 1750 τεταμιεῦσθαί
1786 1722 1852 1748 φησι
1862 1716 1921 1746 ταῖς

1134 1759 1188 1786 τῶν
1200 1759 1327 1794 ὑπηκόων
1340 1759 1447 1794 ψυχαῖς.
1462 1759 1498 1786 Ού
1513 1759 1567 1794 γὰρ
1577 1761 1633 1790 τοῖς
1644 1758 1761 1794 σώμασι,
1774 1758 1922 1794 διαρρήδην

1134 1805 1162 1832 δὲ
1185 1806 1244 1836 ταῖς
1269 1805 1368 1840 ψυχαῖς
1390 1804 1438 1840 τὴν
1460 1804 1513 1830 τῶν
1537 1804 1687 1839 μελλόντων
1713 1804 1825 1838 ἀγαθῶν
1847 1803 1921 1830 δόσιν

1135 1851 1325 1887 προϐάλλεται.

1171 1917 1179 1932 ι
1201 1907 1265 1933 Ἰδοὺ
1280 1905 1428 1942 μαρτύριον
1442 1907 1470 1932 ἐν
1482 1905 1586 1932 ἔθνεσιν
1598 1905 1686 1932 ἔδωκα
1697 1905 1788 1937 αὑτὸν,
1803 1905 1922 1940 ἄρχοντα

1134 1951 1180 1977 καὶ
1203 1951 1404 1986 προστάσσοντα
1429 1950 1542 1978 ἔθνεσιν.
1568 1950 1652 1985 Ἐθνη
1674 1950 1692 1977 ἀ
1708 1950 1757 1976 οὑκ
1776 1950 1863 1976 οἴδασί
1879 1959 1921 1982 σε,

1133 1998 1337 2025 ἐπικαλέσονταί
1351 2006 1391 2030 σε,
1415 1997 1460 2024 καὶ
1473 1996 1532 2024 λαοὶ
1544 1997 1568 2023 οἳ
1581 1997 1631 2023 οὑκ
1645 1997 1803 2023 ἐπίστανταί
1818 2005 1858 2029 σε,
1874 1998 1921 2024 ἐπῖ

1135 2045 1165 2070 σὲ
1180 2043 1404 2078 καταφεύξονται,
1421 2043 1512 2070 ἕνεκεν
1527 2042 1628 2078 Κυρίου
1645 2041 1691 2068 τοῦ
1705 2041 1772 2068 Θεοῦ
1792 2051 1850 2074 σου,
1872 2043 1919 2069 τοῦ

1134 2089 1210 2122 ἀγίου
1227 2088 1350 2124 Ἰσραὴλ,
1376 2088 1416 2114 ὅτι
1445 2087 1552 2120 eadem
1576 2095 1614 2113 σε.
1635 2097 1644 2112 ι
1671 2087 1724 2113 Καὶ
1751 2087 1792 2119 τίς
1813 2087 1864 2114 οὐκ
1888 2089 1922 2114 ἂν

1134 2134 1282 2169 ὲκπλαγείη
1299 2133 1346 2160 τοῦ
1363 2134 1442 2167 λόγου
1457 2133 1487 2160 τὸ
1500 2133 1682 2168 ἀποτέλεσμα,
1695 2133 1765 2169 ὁρῶν
1784 2133 1844 2160 καθ’
1858 2135 1920 2169 ὅλης

1133 2181 1181 2215 τῆς
1198 2179 1359 2215 οἰκουμένης
1379 2179 1434 2205 ἀπὸ
1455 2179 1573 2214 Χριστοῦ
1594 2179 1640 2205 τοῦ
1655 2179 1722 2206 Θεοῦ
1741 2180 1919 2215 Χριστιανοὺς

1134 2224 1430 2260 προσαγορευομένους;
1453 2223 1508 2249 Καὶ
1529 2223 1606 2249 τοῦτο
1623 2224 1713 2255 αὐτοῖς
1737 2223 1844 2250 ἔσεσθαι
1870 2232 1919 2259 ση-

1101 2266 1122 2293 Ι)
1137 2272 1211 2305 μεῖον
1225 2269 1332 2297 αἰώνιον
1344 2269 1394 2303 τῆς
1408 2269 1483 2304 παρά
1497 2268 1555 2303 Θεῷ
1569 2269 1706 2304 σωτηρίας
1722 2269 1752 2295 τὸ
1768 2269 1919 2305 ἐπιγράφε-

1136 2315 1196 2342 σθαι
1221 2315 1252 2341 τὸ
1267 2315 1314 2341 τοῦ
1330 2314 1431 2349 Κυρίου
1454 2314 1549 2350 ὄνομα,
1571 2314 1640 2350 ὅπερ
1663 2315 1755 2346 αὐτοῖς
1779 2317 1818 2346 εἰς
1833 2316 1918 2342 αἰῶνα

1135 2361 1296 2397 παραμένει,
1313 2362 1360 2388 καὶ
1379 2361 1428 2387 οὑκ
1446 2360 1565 2395 ἐκλείψει
1580 2360 1705 2386 πώποτε·
1725 2361 1918 2397 ἀμεταμέλητα

1134 2407 1188 2443 γὰρ
1202 2407 1236 2433 τὰ
1253 2407 1410 2442 χαρίσματα
1425 2405 1472 2432 τοῦ
1487 2405 1555 2432 Θεοῦ
1572 2406 1709 2441 τυγχάνει.

1173 2471 1181 2486 ι
1196 2462 1334 2497 Ζητήσατε
1346 2461 1391 2488 τὸν
1402 2461 1513 2496 Κύριον,
1525 2461 1572 2488 καὶ
1586 2461 1614 2487 ἐν
1628 2462 1667 2497 τῷ
1678 2462 1815 2498 εὑρίσκειν
1827 2463 1917 2497 αὑτὸν,

1134 2507 1340 2535 ἐπικαλέσασθε.
1364 2506 1459 2533 Ἠνίκα
1470 2506 1492 2533 δ’
1505 2506 1537 2532 ἂν
1553 2506 1650 2543 ἐγγίζῃ
1660 2507 1734 2542 ὑμῖν,
1749 2508 1918 2535 ἀπολειπὲτω

1134 2553 1148 2579 ὁ
1166 2552 1266 2587 ἀσεϐὴς
1279 2552 1328 2583 τὰς
1341 2552 1417 2582 ὁδοὺς
1431 2551 1522 2583 αὑτοῦ,
1536 2552 1582 2578 καὶ
1597 2551 1667 2588 ἀνὴρ
1685 2552 1783 2587 ἄνομος
1797 2553 1846 2585 τὰς
1859 2553 1920 2588 βου-

1135 2597 1183 2628 λὰς
1198 2596 1290 2629 αὑτοῦ,
1317 2597 1363 2623 καὶ
1380 2597 1573 2632 ἐπιστραφήτω
1586 2597 1632 2623 ἐπὶ
1647 2597 1757 2633 Κύριον,
1775 2599 1820 2624 καὶ
1841 2599 1918 2634 €3.51;-

1135 2643 1259 2679 θήσεται·
1285 2643 1326 2670 ὅτι
1344 2643 1390 2670 ἐπὶ
1410 2643 1477 2670 πολὺ
1493 2644 1591 2679 ἀφήσει
1607 2643 1656 2676 τὰς
1677 2644 1813 2680 ἁμαρτίας
1830 2645 1916 2680 ὑμῶν.

1135 2689 1172 2715 Οὑ
1190 2689 1244 2724 γάρ
1257 2689 1324 2715 εἰσιν
1339 2690 1367 2715 αἱ
1381 2689 1473 2723 βουλαί
1487 2697 1548 2724 μου,
1564 2689 1658 2726 ὥσπερ
1673 2691 1700 2716 αἱ
1716 2690 1810 2725 βουλαὶ
1829 2691 1917 2726 ὑμῶν,

1135 2734 1187 2760 οὔδ’
1203 2734 1295 2770 ὥσπερ
1311 2736 1339 2761 αἱ
1356 2734 1409 2761 ὁδοὶ
1428 2735 1514 2770 ὑμῶν,
1533 2736 1560 2762 αἱ
1575 2735 1626 2762 ὁδοί
1642 2744 1703 2771 μου,
1717 2736 1789 2770 λέγει
1805 2737 1916 2773 Κύριος.

1139 2779 1208 2806 Ἀλλ’
1222 2779 1259 2811 ὡς
1274 2780 1371 2814 ἀπέχει
1387 2781 1401 2806 ὁ
1415 2780 1527 2815 οὑρανὸς
1543 2781 1596 2807 ἀπὸ
1609 2781 1658 2815 τῆς
1675 2781 1737 2816 γῆς,
1751 2781 1837 2814 οὕτως
1851 2782 1918 2808 ἀπέ-

1131 2835 1174 2861 χει
1191 2827 1208 2861 ή
1223 2826 1281 2858 ὁδός
1298 2835 1349 2861 μου
1363 2826 1417 2853 ἀπὸ
1435 2827 1488 2853 τῶν
1505 2827 1572 2855 ὁδῶν
1592 2827 1679 2862 ὑμῶν,
1697 2829 1743 2855 καὶ
1758 2829 1792 2855 τὰ
1810 2829 1917 2865 διανοή-

1133 2881 1204 2907 ματα
1219 2872 1294 2908 ὑμῶν
1309 2873 1362 2899 ἀπὸ
1373 2874 1421 2907 τῆς
1433 2873 1550 2904 διανοίας
1563 2882 1623 2909 μου.
1643 2874 1685 2906 Ὠς
1698 2874 1751 2910 γὰρ
1764 2875 1796 2902 ἂν
1808 2877 1913 2911 καταϐῇ

1132 2920 1145 2945 ὁ
1158 2919 1233 2950 ὑετὸς
1251 2919 1282 2946 ἐκ
1306 2919 1352 2946 τοῦ
1368 2919 1493 2955 οὐρανοῦ,
1519 2920 1565 2946 καὶ
1580 2919 1610 2946 οὐ
1630 2919 1667 2956 μή
1685 2921 1846 2958 ἀποστραφῇ
1863 2923 1914 2955 ἓως
1930 2921 1942 2944 1
