2061 3215
178 189 230 217 469

631 188 879 216 COMMENTARIA
898 189 931 216 LV
953 190 1077 219 ISAIAM.
1098 209 1132 214 —
1149 193 1224 220 CAP.
1244 193 1311 221 LVI.

1735 196 1785 223 470

172 246 205 274 ἂν
223 246 326 283 μεθύσῃ
338 247 387 283 τὴν
400 248 460 283 γῆν,
469 248 513 273 καὶ
530 247 640 283 ὲκτέκῃ,
653 248 699 274 καὶ
713 247 895 284 ὲκδλαστήσῃ,
908 249 954 275 καὶ

1007 251 1118 279 inebriet
1141 256 1252 284 terram,
1267 257 1294 279 et
1321 252 1418 287 pariat,
1434 255 1460 279 et
1477 252 1623 286 germinet,
1637 257 1663 279 et
1681 253 1726 280 det
1743 262 1786 280 se-

149 292 209 331 ;δῷ
227 292 335 328 σπέρμα
348 292 388 328 τῷ
403 293 550 328 σπείροντι,
565 293 612 320 καὶ
627 293 707 329 ἄρτον
723 294 763 325 είς
780 293 892 329 βρῶσιν·
911 294 954 320 οὖ-

156 331 225 370 ¹τως
249 337 324 364 ἔσται
346 338 377 364 τὸ
401 338 476 374 ῥῆμά
492 347 554 374 μου,
572 338 586 365 δ
602 338 648 365 ἐὰν
665 338 760 375 ἐξέλθῃ
781 339 813 365 ὲκ
832 339 876 365 τοῦ
894 340 954 366 στό-

173 382 257 418 ματός
275 391 336 418 μου,
352 382 382 408 οὐ
397 383 434 418 μὴ
457 383 629 419 ἀποστραφῇ,
646 383 698 414 ’ἑως
716 383 749 410 ἂν
772 383 884 420 τελεσθῇ
905 385 955 411 ὅσα

172 428 206 456 ἂν
217 428 345 464 ἠθέλησα.
361 429 416 455 Καὶ
429 428 552 455 εὐοδώσω
570 428 620 460 τὰς
634 429 710 461 ὁδούς
725 437 783 461 σου,
799 430 846 456 καὶ
861 430 895 457 τὰ
914 430 956 457 ὲν-

170 473 296 509 τάλματά.
318 482 378 509 μου.
408 475 452 501 Ἐν
468 474 522 510 γὰρ
537 475 691 511 εὐφροσύνῃ
712 475 893 509 ὲξελεύσεσθε,
909 476 955 502 καὶ

171 520 200 546 ἰν
212 520 284 555 χαρᾷ
296 518 497 554 διδαχθήσεσθε.
513 519 553 546 Τὰ
567 520 620 555 γὰρ
633 520 682 556 ὅρη
696 520 743 547 καὶ
762 521 787 547 οἱ
804 520 892 555 βουνοὶ
909 521 954 553 ἐξ·

171 564 296 592 αλοῦνται
310 564 518 601 προσδεχόμενοι
534 565 605 601 ὑμᾶς
619 567 648 592 ἐν
664 567 744 602 χαρᾷ.
759 576 768 593 ι
779 568 817 594 Δι’
831 563 867 594 ὧν
881 565 955 602 οἶμαι

170 610 298 646 δυνάμεις
318 611 516 646 συγχωρούσας
532 612 588 643 τοῖς
604 612 649 638 ἐπὶ
659 612 710 648 γῆς
735 613 892 647 μετανοοῦσι
908 613 949 648 δη-

170 655 292 684 λοῦσθαι.
316 666 324 682 ε
337 658 391 684 Καὶ
406 658 494 685 πάντα
504 659 537 684 τὰ
550 658 614 691 ξύλα
625 658 672 684 τοῦ
685 658 770 694 ἀγροῦ
782 659 956 694 ὲπικροτήσει

168 703 227 734 τοῖς
241 701 356 734 κλάδοις.
371 712 381 728 ι
393 702 464 730 Ξύλα
477 703 505 729 δὲ
516 702 562 729 τοῦ
577 702 661 738 ἀγροῦ
677 703 872 739 ὲπικροτοῦντα
888 703 953 730 κλά-

169 748 226 779 δοις
240 747 309 783 τάχα
326 757 376 774 που
388 749 416 774 αἱ
433 748 600 784 καρποφόροι
614 746 668 775 εἶεν
682 748 714 775 ἂν
729 749 824 784 ψυχαὶ,
843 750 954 784 συγχαί-

172 802 266 829 ρουσαι
281 795 341 826 ταῖς
353 794 406 821 τῶν
422 794 528 830 ἀνόμων
541 794 639 830 ψυχαῖς
651 795 875 830 ὲπιστρεφούσαις
889 795 957 830 πρὸς

171 839 283 876 Κύριον.

208 895 218 912 ‹
236 886 292 912 Καὶν
310 885 370 913 ἀντὶ
391 886 441 921 τῆς
468 887 575 922 στοιϐἦς
591 886 753 922 ἀναδήσεται
776 888 953 923 κυπάρισσος,

1006 304 1066 324 men
1089 298 1240 332 seminanti,
1256 304 1283 325 et
1303 305 1398 332 panem
1423 299 1457 326 ad
1478 299 1657 332 vescendum;
1680 300 1718 326 sic
1735 300 1786 326 erit

1006 343 1114 370 verbum
1129 351 1228 377 meum,
1241 344 1419 380 quodcunque
1433 345 1530 372 exierit
1542 344 1574 372 de
1586 351 1633 372 ore
1646 352 1716 377 meo,
1731 352 1783 372 non

1005 394 1167 423 revertetur,
1180 390 1264 418 donec
1277 391 1450 426 perﬁciantur
1465 398 1632 425 quaecunque
1643 390 1782 418 voluerim.

1006 434 1038 462 Et
1053 443 1194 470 prosperas
1208 436 1305 464 faciam
1323 437 1380 464 vias
1395 441 1453 464 tuas
1474 441 1500 464 et
1516 441 1647 471 praecepta
1667 444 1735 463 mea.
1755 438 1783 463 1n

1005 480 1095 509 laetitia
1107 482 1177 509 enim
1195 483 1389 518 cgrediemini.
1410 487 1437 510 et
1453 483 1478 510 in
1497 483 1594 518 gaudio
1614 483 1783 510 docehimini.

1007 527 1110 556 Montes
1122 528 1192 555 enim
1205 533 1232 555 et
1249 528 1334 556 colles
1348 529 1473 556 exsilient
1485 529 1648 563 excipientes
1665 537 1710 555 vos
1723 536 1783 555 cum

1006 574 1112 609 gaudio.
1134 584 1143 601 ι
1163 574 1244 608 Queis
1271 575 1398 603 existimo
1416 575 1560 610 signiﬁcari
1581 575 1707 607 virtutes,
1726 582 1785 610 qua:

1006 621 1039 648 de
1055 621 1246 655 penitentibus
1270 621 1297 648 in
1320 627 1390 648 terra
1415 622 1548 648 hctantur.
1565 630 1574 647 ε
1601 621 1634 648 Et
1649 622 1737 648 omnia
1754 622 1785 648 li-

1006 674 1057 701 gna
1072 667 1128 702 agri
1145 667 1308 702 applaudent
1324 667 1416 695 ramis.
1439 677 1448 693 ι
1466 667 1548 702 Ligna
1566 667 1622 702 agri
1647 668 1728 694 ramis
1742 675 1788 701 ap-

1006 712 1168 746 plaudentia,
1184 712 1298 740 fortasse
1325 713 1425 741 fuerint
1441 714 1538 741 anima:
1551 713 1707 746 fructiferas,
1730 722 1788 747 quae

1006 757 1039 785 de
1054 758 1196 786 animabus
1209 759 1353 793 impiorum
1371 759 1403 786 ad
1422 759 1562 786 Dominum
1582 760 1785 791 revertentibus,

1007 805 1098 832 laetitia
1114 806 1261 840 replentur.
1801 803 1804 806 ’

1042 884 1122 912 Vens.
1139 884 1182 912 l5.
1199 893 1207 910 t
1225 884 1256 912 Et
1272 893 1319 920 pro
1331 885 1416 913 slosba
1430 887 1556 913 ascendet
1572 887 1736 922 cyparissus,
1761 884 1789 914 et

169 932 231 959 ἀντὶ
244 932 272 958 δὲ
285 932 335 967 τῆς
344 933 457 968 κονύζης
472 933 635 968 ἀναϐήσεται
664 933 790 968 μυρσίνη.
808 933 862 959 Καὶ
880 932 955 959 ἔσται

1007 937 1053 964 pro
1070 937 1168 965 conyza
1188 930 1312 958 ascendet
1328 935 1439 966 myrtus.
1451 931 1484 958 Et
1496 932 1547 960 erit
1563 932 1689 959 Dominus
1703 933 1728 959 in
1742 940 1789 960 no-

171 978 271 1014 Κύριος
287 979 326 1011 είς
337 979 431 1014 Ενομα,
450 980 497 1006 καὶ
512 980 552 1010 εἰς
563 981 673 1014 σημεῖον
694 978 818 1011 αἰώνιον,
835 980 881 1006 καὶ
906 979 955 1006 οὐκ

171 1024 299 1059 ἐκλείψει.
318 1034 327 1050 ι
345 1024 544 1061 Ἀλληγορικῶς
553 1025 581 1051 δὲ
596 1025 640 1051 διὰ
651 1024 752 1051 τούτων
767 1025 887 1060 ᾐνίττετο
907 1024 956 1059 τὴν

170 1070 223 1096 ἀπὸ
237 1069 292 1096 τῶν
302 1069 429 1105 χειρόνων
443 1070 489 1096 ἐπὶ
501 1069 535 1096 τὰ
545 1070 661 1105 κρείττω
677 1069 730 1096 τῶν
746 1069 839 1105 ψυχῶν
852 1077 954 1105 καρπο-

171 1114 284 1150 φορίαν’
302 1115 330 1142 αἳ
347 1115 432 1142 πᾶσαι
450 1115 498 1150 μὲν
514 1113 583 1151 ἦσαν
599 1116 628 1141 ὲν
650 1115 785 1150 ἀθεότητι,
813 1115 888 1141 οὐδὲν
911 1115 956 1149 γό-

170 1169 247 1196 νιμον
261 1160 322 1186 οὐδὲ
334 1161 467 1197 τρόφιμον
483 1160 594 1196 ἔφερον·
610 1161 647 1192 ὡς
677 1162 704 1188 ὲν
735 1162 831 1197 ἐρήμῳ
852 1160 880 1187 δὲ
908 1161 956 1187 καὶ

170 1205 269 1242 χερσῳ,
279 1207 325 1233 καὶ
339 1207 506 1242 ἀγεωργήτῳ
515 1206 601 1242 χώρᾳ,
626 1206 734 1241 στοιϐὴν
747 1206 812 1242 ὕλης
820 1207 955 1242 ἀχρήστου

170 1252 217 1279 καὶ
232 1252 346 1284 κόνυζαν
362 1253 411 1288 τὴν
427 1253 652 1288 δυσσεϐεστάτην,
670 1254 716 1280 καὶ
729 1253 864 1288 ἄχρηστον
890 1261 956 1279 παν-

169 1297 254 1329 τελῶς
272 1298 387 1334 βοτάνην
401 1298 493 1333 ἑφυον.
506 1299 562 1325 Νῦν
574 1299 596 1325 δ’
610 1299 653 1325 ὅτε
669 1299 719 1334 τῆς
735 1299 809 1331 θείας
827 1298 955 1334 μετέσχον

170 1343 289 1379 χάριτος,
309 1343 440 1380 μυρσίνην
458 1344 652 1380 εὑωδεστάτην,
664 1345 711 1371 καὶ
728 1345 776 1380 μὲν
788 1345 956 1380 ὑψηλοτάτην

171 1391 217 1418 καὶ
236 1391 315 1418 πάλιν
335 1391 420 1427 εὐώδη
438 1391 605 1426 κυπάρισσον
633 1390 837 1426 ὲκαρποφόρουν
852 1398 858 1406 ’
887 1389 957 1416 κατὰ

169 1435 199 1463 δὲ
228 1436 275 1463 τὸν
301 1436 467 1472 Σύμμαχον,
494 1445 504 1462 ι
531 1436 602 1463 ’Δντὶ
613 1436 730 1471 ποιὸῆς,
761 1436 852 1471 φησὶν,
893 1435 958 1462 ἀνα-

170 1481 282 1517 ϐήσεται
298 1481 461 1516 βράθυ,ἀντὶ
476 1481 505 1508 δὲ
523 1481 610 1512 mea;
627 1481 791 1516 ὰναόήσεται
810 1480 954 1516 μυρσίνη-ι

171 1525 209 1557 ὡς
225 1527 248 1552 εί
265 1526 428 1562 σαφέστερον
443 1526 566 1560 ἐλέγετο,
590 1525 661 1553 ’Λντὶ
676 1525 773 1557 κακίας
793 1525 957 1561 ἀναϐήσεται

172 1571 337 1607 δικαιοσύνη,
352 1572 399 1598 καὶ
412 1571 472 1598 ἀντὶ
485 1571 632 1602 ἀκολασίας
649 1571 819 1607 σωφροσύνη,
835 1571 881 1598 καὶ
897 1572 957 1598 ἀντὶ

172 1616 287 1652 θράσους
299 1617 418 1653 ἀνδρεία,
435 1618 482 1644 καὶ
492 1618 552 1644 ἀντὶ
579 1617 734 1653 ἀφροσύνης
756 1617 894 1652 φρόνησις,
911 1617 957 1644 καὶ
971 1625 991 1653 ρ

172 1658 336 1695 ἁπαξαπλῶς
350 1661 409 1689 ἀντὶ
426 1662 559 1698 πονηρίας
572 1663 666 1699 ἀρετή.

423 1719 619 1746 ΚΕΦΑΛΛΙΟΝ
637 1720 706 1753 Nq'.

209 1765 304 1797 «Τάδε
331 1765 405 1798 λέγει
429 1764 549 1799 Κύριος·
581 1764 750 1792 Φυλάσσεσθε
784 1765 883 1802 κρίσιν,
910 1766 956 1792 καὶ

171 1810 300 1844 ποιήσατε
315 1809 484 1844 δικαιοσύνην
496 1818 502 1823 ·
519 1809 616 1844 ἧγγικε
639 1809 690 1845 γὰρ
710 1809 739 1835 τὸ
757 1809 889 1845 σωτήριόν
906 1818 956 1844 μου

128 1859 131 1862 “
174 1855 381 1889 παραγίνεσθαι,
405 1855 451 1881 καὶ
483 1856 512 1882 τὸ
543 1856 615 1887 ἔλεός
647 1865 696 1890 μου
723 1855 955 1891 ἀποκαλυφθῆναι.

172 1900 315 1936 Μακάριος
344 1900 411 1936 ἀνὴρ
443 1902 456 1926 ὁ
482 1902 564 1928 ποιῶν
591 1901 686 1928 ταῦτα.
714 1911 723 1926 ι
747 1901 809 1933 Πῶς
839 1902 868 1928 οὐ
904 1910 956 1937 μα-

172 1946 269 1981 κάριος
297 1946 422 1978 τοιαύτας
448 1946 562 1981 εἰληφὼς
586 1947 636 1978 τὰς
664 1946 845 1981 ὲπαγγελίας;
871 1956 880 1971 ι
901 1947 956 1974 Καὶ

171 1991 310 2027 ἄνθρωπος
340 1991 354 2017 ὁ
380 1992 556 2027 ἀντεχόμενος
584 1992 682 2024 αὐτῶν,
704 1993 750 2018 καὶ
767 1992 908 2027 φυλάσσων
923 1993 957 2019 τὰ

171 2038 296 2065 Σάϐϐατα
321 2038 359 2073 μὴ
384 2037 532 2073 βεϐηλοῦν,
559 2038 605 2064 καὶ
640 2037 776 2074 διατηρῶν
810 2038 858 2070 τὰς
903 2040 956 2073 χεῖ-

173 2092 221 2120 ρας
246 2083 328 2110 αὑτοῦ
355 2084 392 2118 μὴ
408 2085 491 2110 ποιεῖν
513 2084 602 2111 ἄδικα.
630 2093 639 2110 ι
665 2084 694 2110 ’0
707 2083 761 2120 γὰρ
773 2083 858 2110 ταῦτα
873 2083 957 2110 ποιῶν

171 2129 218 2156 τοῦ
233 2130 308 2165 παρὰ
332 2129 398 2156 Θεοῦ
418 2131 591 2166 μακαρισμοῦ
617 2129 715 2164 γένοιτ’
745 2129 777 2156 ἂν
794 2130 876 2162 ἄξιος.
904 2129 956 2155 Σὺν

171 2175 274 2207 τούτοις
289 2176 335 2202 καὶ
345 2176 379 2202 τὰ
393 2175 517 2213 Σάϐϐατα
530 2176 565 2211 μὴ
579 2174 707 2211 βεϐηλοῦν
719 2175 864 2209 ἀναγκαῖον
875 2183 881 2190 ’
890 2175 958 2210 ὅπερ

173 2221 247 2248 ἔσται
263 2222 287 2247 εί
304 2221 352 2253 τὰς
368 2221 471 2248 ἑαυτῶν
482 2223 575 2256 χεῖρας
592 2220 713 2256 καθαρὰς
739 2220 828 2254 πάσης
854 2220 955 2246 ἀτόπου

174 2266 298 2300 πράξεως
309 2266 489 2301 διατηρήσητε
501 2274 507 2281 ’
525 2266 549 2292 εί
565 2265 593 2292 δὲ
607 2265 694 2292 ταῦτα
710 2265 748 2301 μὴ
765 2265 958 2300 ποιήσητε,ὲπὶ

175 2299 270 2346 σχολῆς
284 2311 329 2337 καὶ
345 2299 443 2346 ἀργίας
453 2299 597 2346 ’διάγοντες
611 2311 660 2346 τὴν
676 2299 722 2338 τοῦ
738 2299 874 2337 έαδῦἇτου
894 2309 959 2345 ὴμέ-
974 2299 996 2327 D

176 2364 235 2391 ραν,
249 2356 303 2382 ῐστε
322 2357 351 2382 τὸ
367 2357 451 2392 μηθὲν
467 2356 614 2388 ποιοῦντες.

213 2410 223 2426 ί
237 2401 282 2436 Μὴ
304 2401 405 2435 λεγέτω
428 2402 442 2427 ὁ
467 2401 611 2436 ἀλλογενὴς
629 2401 644 2428 ό
673 2401 868 2436 προσκείμενος
892 2399 959 2435 πρὸς

174 2446 287 2482 Κύριονο
308 2447 426 2482 Ἀφοριεῖ
451 2455 484 2481 με
515 2447 570 2483 ἄρα
584 2446 685 2482 Κύριος
701 2446 756 2473 ἀπὸ
774 2446 820 2472 τοῦ
833 2444 897 2472 λαοῦ
911 2445 959 2471 αύ-

172 2492 239 2526 τοῦ;
255 2502 265 2519 ι
281 2492 411 2520 διδάσκων
429 2493 466 2528 μὴ
485 2493 556 2528 μέγα
572 2494 680 2529 φρονεῖν
706 2492 839 2519 Ἰουδαίων
861 2491 957 2522 παῖδας

173 2539 219 2566 ἐπὶ
231 2539 270 2575 τῷ
282 2539 372 2573 γένει,
391 2539 457 2575 μηδὲ
479 2540 526 2566 ἐπὶ
554 2542 610 2571 τοῖς
635 2538 804 2575 προπάτορσι
828 2537 957 2573 σεμνύνε-

175 2585 246 2612 σθαι.
267 2595 277 2611 ι
293 2586 348 2612 Καὶ
377 2586 414 2621 μὴ
436 2585 538 2620 λεγέτω
551 2587 565 2612 ὁ
578 2585 722 2621 εὐνοῦχος,
737 2586 777 2611 ὅτι
797 2584 880 2611 Ξύλον
902 2583 957 2618 ἐγώ

176 2632 234 2666 είμι
255 2631 346 2666 ξηρόν.
370 2641 379 2657 ι

212 2685 221 2702 t
241 2677 312 2704 Τάδε
336 2676 410 2711 λέγει
439 2677 542 2712 Κύριος
561 2679 618 2710 τοῖς
645 2676 800 2712 εὐνούχοιςο
827 2676 904 2702 Ὀσοι
925 2674 959 2702 ἂν

174 2720 343 2756 φυλάξωνται
359 2722 393 2748 τὰ
407 2721 533 2749 Σάϐὃατά
549 2731 598 2758 μου
619 2723 666 2749 καὶ
688 2721 849 2754 ἐκλέξωνται
867 2721 885 2747 δι
905 2720 960 2754 ἐγὼ

175 2767 253 2800 θέλω,
270 2767 317 2794 καὶ
328 2768 492 2803 ὰντέχωνται
504 2768 554 2804 τῆς
574 2768 710 2804 Διαθὴκης
727 2776 778 2803 μου
790 2787 797 2799 ,
814 2767 891 2793 δώσω
910 2767 959 2793 αὑ-

173 2815 230 2845 τοῖς
241 2814 270 2840 ὲν
279 2813 319 2849 τῷ
329 2814 395 2849 οίκῳ
410 2823 472 2848 μου,
487 2814 535 2840 καὶ
546 2815 574 2840 ἐν
589 2813 627 2849 τῷ
637 2814 719 2849 τείχει
736 2822 785 2848 μου
802 2812 883 2839 τόπον
904 2811 960 2838 ὀνο-

177 2859 289 2893 μαστὸν,
305 2859 420 2895 κρείττω
430 2860 496 2886 υἱῶν
506 2859 553 2887 καὶ
565 2859 722 2895 θυγατέρων
733 2868 739 2873 ·
753 2859 837 2893 ὄνομα
853 2856 959 2884 αἰώνιον

175 2904 254 2932 δώσω
268 2906 371 2938 αὐτοῖς’
392 2907 437 2934 καὶ
454 2907 503 2934 οὐκ
517 2906 646 2940 ἐκλείψει.
664 2915 672 2931 ι
693 2904 799 2940 Ἐπειδὴ
810 2904 839 2931 δὲ
851 2905 896 2931 καὶ
912 2904 959 2938 τὴν

1008 981 1067 1001 men
1079 979 1106 1001 et
1128 975 1154 1000 in
1173 975 1280 1009 signum
1306 975 1510 1010 sempiternum,
1534 983 1619 1011 neque
1636 978 1750 1006 deﬁciet.
1776 987 1785 1002 ι

1007 1018 1054 1045 llis
1073 1019 1214 1054 allegorice
1228 1019 1380 1047 subindicat
1406 1021 1556 1048 animarum
1581 1030 1595 1048 a
1614 1023 1736 1057 pessimis
1755 1024 1787 1049 ad

1007 1061 1117 1089 meliora
1146 1062 1337 1090 revertentium
1367 1063 1577 1091 fecunditatem:
1596 1073 1655 1100 qua:
1680 1067 1786 1101 quidem

1006 1106 1070 1133 olim
1090 1114 1183 1135 omnes
1205 1108 1231 1135 in
1259 1108 1397 1142 impietate
1415 1110 1601 1145 versabantur,
1622 1119 1653 1139 ac
1677 1112 1742 1140 nihil
1755 1113 1789 1139 ad

1007 1153 1218 1186 productionem,
1247 1155 1367 1189 nihilque
1383 1158 1415 1182 ad
1439 1163 1528 1183 escam
1557 1157 1621 1183 utile
1649 1157 1788 1191 ferebant;

1006 1196 1054 1224 sed
1068 1197 1144 1231 quasi
1165 1197 1190 1224 in
1210 1195 1315 1225 deserta
1332 1204 1359 1225 et
1381 1199 1455 1227 arida
1479 1208 1565 1235 neque
1578 1200 1647 1228 cultu
1670 1201 1787 1236 regione,

1006 1244 1117 1271 stmbam
1134 1244 1234 1272 inutilis
1255 1246 1373 1274 materia:
1398 1250 1426 1274 et
1449 1254 1578 1281 conyzam
1603 1247 1787 1282 impiissimam

999 1297 1168 1325 'prorsusque
1184 1290 1287 1318 futilem
1299 1291 1408 1319 herbam
1422 1293 1616 1327 germinabant.
1635 1292 1710 1320 Nunc
1727 1302 1789 1321 vero

1007 1339 1147 1370 postquam
1157 1336 1253 1364 divinae
1271 1337 1363 1371 gratiae
1378 1344 1518 1366 consortes
1536 1338 1656 1372 fuerunt,
1672 1344 1788 1374 myrtum

1008 1381 1216 1414 suaveolentem,
1238 1390 1340 1411 necnon
1368 1384 1544 1412 celsissimam
1567 1389 1594 1412 et
1632 1385 1714 1412 odore
1736 1385 1790 1411 fm-

1007 1433 1128 1463 grantem
1151 1429 1316 1464 cyparissum
1339 1431 1518 1463 emittebant;
1537 1431 1681 1457 secundum
1706 1430 1788 1465 Sym-

1009 1475 1132 1501 machum
1148 1467 1236 1502 autem
1254 1475 1362 1508 dicitur,
1382 1486 1391 1502 ι
1409 1476 1462 1504 Pro
1477 1477 1563 1504 stteba
1580 1476 1706 1503 ascendet
1729 1477 1789 1503 bras

1009 1521 1066 1556 thy,
1082 1525 1109 1548 et
1133 1528 1181 1556 pro
1193 1522 1278 1548 urtica
1294 1523 1421 1550 ascendet
1437 1526 1553 1558 myrtus;
1573 1531 1582 1548 ι
1604 1529 1635 1550 ac
1653 1522 1674 1550 si
1691 1522 1790 1549 clarius

1009 1566 1120 1600 diceret,
1137 1566 1187 1594 Pro
1203 1567 1302 1594 malitia
1322 1568 1449 1596 ascendet
1467 1568 1580 1602 justiti-.1,
1599 1573 1626 1596 et
1648 1576 1696 1604 pro
1710 1569 1790 1597 lasci-

1008 1613 1050 1640 via
1066 1614 1250 1648 temperantia,
1278 1622 1326 1649 pro
1349 1614 1460 1642 audacia
1483 1615 1578 1647 virtus,
1607 1622 1655 1649 pro
1673 1615 1790 1642 amentia

1008 1659 1164 1693 prudentia;
1181 1663 1261 1694 atque
1278 1660 1303 1687 in
1325 1668 1439 1693 summa,
1455 1668 1503 1695 pro
1515 1660 1614 1688 malitia
1631 1660 1725 1689 virtus.

1303 1716 1414 1744 CAPUT
1435 1715 1500 1744 LVI.

1042 1762 1121 1789 Vens.
1130 1762 1202 1795 l,2.c
1214 1761 1275 1790 Haec
1283 1763 1347 1790 dicit
1357 1762 1500 1790 Dominus:
1510 1762 1789 1796 Custoditejudicmm,

1008 1812 1034 1836 et
1052 1808 1131 1836 facite
1154 1809 1285 1843 justitiam
1311 1808 1557 1843 :appropinquavit
1582 1809 1653 1836 enim
1675 1809 1790 1836 salutare

1008 1862 1106 1888 meum,
1120 1860 1150 1882 ut
1164 1855 1263 1886 veniat,
1278 1859 1304 1882 et
1315 1855 1499 1882 misericordia
1512 1862 1582 1888 mea,
1598 1859 1628 1882 ut
1642 1854 1787 1882 reveletur.

1007 1901 1105 1929 Beatus
1121 1902 1161 1928 vir
1179 1901 1224 1936 qui
1240 1901 1306 1928 facit
1329 1901 1397 1930 hac.
1415 1910 1425 1927 ›
1449 1901 1499 1934 Qui
1512 1908 1564 1928 non
1586 1901 1680 1928 beatus
1694 1901 1789 1933 fuerit,

1007 1948 1052 1982 qui
1082 1948 1148 1975 tales
1174 1947 1364 1981 promissioncs
1389 1947 1542 1980 acceperit?
1563 1956 1572 1972 ι
1590 1947 1623 1974 Ει
1649 1947 1729 1976 homo
1741 1947 1789 1981 qui

1007 1994 1126 2022 adhaeret
1145 1994 1197 2025 eis,
1211 1998 1237 2019 et
1255 1993 1299 2027 qui
1312 1993 1438 2020 observat
1453 1992 1582 2025 Sabbata,
1608 1997 1637 2019 ut
1660 2000 1713 2019 non
1729 2000 1791 2026 pro-

1008 2041 1082 2068 fanet
1107 2047 1149 2071 ea,
1170 2044 1197 2066 et
1210 2042 1300 2066 servat
1313 2045 1408 2065 manus
1423 2045 1495 2070 suas,
1511 2045 1544 2065 ne
1565 2038 1645 2065 faciat
1662 2038 1761 2072 iniquo.
1779 2047 1788 2063 ›

1007 2086 1073 2113 Nam
1093 2086 1137 2120 qui
1152 2085 1209 2112 htcc
1226 2085 1330 2116 fecerit,
1343 2084 1387 2111 illa
1399 2091 1458 2119 qua:
1477 2091 1491 2110 a
1504 2084 1556 2112 Deo
1573 2088 1615 2111 est
1628 2083 1792 2111 beatitudine

1008 2134 1103 2168 dignus
1118 2140 1182 2159 sane
1201 2131 1290 2158 fuerit.
1316 2130 1357 2157 Ad
1381 2131 1438 2158 haec
1462 2130 1525 2157 item
1551 2130 1731 2158 necessarium
1751 2134 1792 2157 cst

1010 2179 1127 2206 Sabbala
1149 2186 1200 2205 non
1227 2177 1328 2204 violare
1349 2187 1355 2204 ;
1372 2176 1442 2211 quod
1456 2176 1548 2211 utique
1571 2176 1634 2209 erit,
1649 2175 1672 2203 si
1697 2183 1791 2202 manus

1009 2231 1111 2252 vestras
1122 2225 1155 2251 ab
1169 2223 1242 2251 omni
1262 2223 1369 2258 indigna
1384 2222 1490 2249 actione
1512 2229 1592 2256 puras
1605 2220 1790 2252 servaveritis;

1009 2271 1031 2298 si
1048 2278 1112 2298 vero
1126 2271 1182 2297 haec
1196 2277 1246 2297 non
1261 2269 1380 2303 egeritis,
1404 2273 1484 2302 atque
1498 2269 1524 2295 in
1539 2268 1595 2295 otio
1611 2272 1638 2294 et
1655 2267 1792 2294 vacatione

1011 2316 1120 2344 Sabbati
1139 2316 1208 2343 diem
1223 2315 1418 2350 transegeritis,
1434 2322 1481 2342 vos
1497 2314 1562 2341 nihil
1577 2313 1666 2341 facere
1687 2319 1791 2340 certmn

1011 2362 1114 2390 habete.

1047 2408 1128 2436 Vens.
1141 2408 1168 2435 5.
1185 2417 1195 2433 ε
1212 2408 1251 2435 Ne
1270 2408 1341 2435 dicat
1367 2407 1525 2442 alienigena,
1539 2406 1584 2440 qui
1600 2405 1737 2439 appositus
1753 2410 1794 2431 est

1011 2454 1122 2482 Domino
1140 2462 1147 2480 :
1161 2452 1228 2480 Num
1238 2453 1373 2487 separabit
1381 2461 1423 2480 me
1434 2453 1562 2480 Dominus
1572 2460 1586 2478 a
1597 2452 1694 2486 populo
1704 2451 1772 2479 suo?
1781 2460 1790 2476 ι

1010 2500 1109 2527 docens
1123 2498 1228 2526 Judaaos
1246 2507 1279 2527 ne
1295 2499 1327 2527 de
1340 2506 1437 2534 genere
1449 2506 1497 2526 suo
1512 2498 1594 2525 altum
1611 2498 1728 2532 sapiant,
1743 2504 1790 2524 ne.

1010 2553 1062 2579 que
1075 2546 1108 2572 de
1121 2545 1226 2579 proavis
1237 2545 1293 2572 suis
1307 2544 1465 2580 glorientur.
1485 2554 1495 2570 ‹
1510 2544 1544 2571 Ει
1569 2552 1602 2572 ne
1618 2544 1689 2571 dicat
1705 2550 1791 2571 eunu-

1010 2591 1078 2619 chus
1096 2601 1102 2618 :
1119 2591 1231 2627 Lignum
1248 2592 1352 2618 aridum
1368 2598 1417 2625 ego
1432 2598 1500 2618 sum.
1517 2600 1526 2616 ι

1047 2670 1129 2698 Vens.
1146 2670 1173 2703 4,
1190 2670 1216 2697 5.
1234 2679 1243 2695 ι
1262 2668 1325 2696 Haec
1340 2669 1404 2696 dicit
1422 2668 1550 2695 Dominus
1562 2667 1710 2695 eunuchis:
1726 2667 1788 2701 Qui—

1012 2724 1118 2752 cunque
1133 2715 1310 2744 custodierint
1332 2715 1450 2742 Sabbata
1467 2721 1537 2746 mea,
1549 2718 1576 2741 et
1591 2713 1720 2747 elegerint
1731 2719 1791 2748 qua“:

1011 2771 1061 2798 ego
1081 2763 1150 2796 volo,
1165 2767 1192 2790 et
1213 2761 1374 2789 adhaeserint
1392 2759 1564 2788 Testamento
1579 2766 1648 2792 meo,
1668 2759 1737 2786 dabo
1751 2760 1791 2786 eis

1011 2810 1037 2837 in
1050 2810 1130 2837 domo
1152 2816 1209 2836 mea
1231 2813 1259 2836 et
1273 2808 1343 2835 intra
1358 2814 1464 2842 murum
1490 2813 1590 2839 meum,
1606 2805 1692 2833 locum
1705 2806 1791 2833 nomi-

1012 2861 1115 2888 natum,
1132 2855 1269 2883 meliorem
1285 2853 1347 2881 ﬁliis
1364 2858 1390 2881 et
1415 2852 1536 2885 ﬁliabus;
1567 2859 1664 2879 nomen
1693 2851 1791 2885 sempi-

1014 2909 1117 2931 ternum
1131 2902 1199 2930 dabo
1212 2901 1261 2934 eis,
1275 2905 1358 2928 etnon
1372 2899 1485 2927 deﬁciet.
1498 2907 1506 2924 ι
1517 2898 1647 2931 Quoniam
1658 2896 1743 2925 Judaei
1757 2896 1790 2923 li-
