2061 3215
165 173 220 203 473

423 230 620 257 ΚΕΦΔΛΑΙΟΝ
640 229 701 256 ΝΖ¹.

197 284 210 302 ς
229 275 323 308 Ἴδετε,
339 275 377 307 ὡς
389 275 491 308 δίκαιος
507 275 640 306 ἀπώλετο,
655 276 702 302 καὶ
718 275 805 308 οὐδεὶς
818 276 951 311 ἐνδέχεται

162 323 196 357 τῇ
211 320 324 356 καρδίᾳ’
343 321 390 348 καὶ
412 322 506 357 ἄνδρες
518 322 617 348 δίκαιοι
642 322 773 357 αἴρονται,
802 322 848 348 καὶ
866 322 952 354 οὐδεὶς

163 366 299 392 κατανοεῖ.
309 365 375 392 Ἀπὸ
382 366 435 401 γὰρ
444 366 587 401 προσώπου
596 364 788 403 ἀδικίαςῆρται
799 368 812 393 ό
821 367 931 399 δίκαιος.
939 377 948 392 3

162 411 217 438 Καὶ
233 411 291 443 πῶς
304 411 415 447 ἔμελλον
432 414 572 440 κατανοεῖν
587 413 611 439 oi
633 413 682 444 τὰς
699 413 787 448 ψυχὰς
799 412 895 448 τυφλοί
904 422 911 446 ;
927 414 950 439 εἰ

163 456 217 492 γὰρ
235 456 272 492 μὴ
291 456 376 488 οὕτως
407 455 489 492 εἶχον,
518 458 570 485 κᾶν
594 457 686 494 ἑώρων
708 459 753 486 τὸν
770 459 882 491 δίκαιον,
905 459 951 487 καὶ

164 502 291 536 συνίεσαν
301 502 350 538 τὴν
366 503 469 529 ἑαυτῶν
483 503 638 538 οἰκονομίαν
652 512 659 519 ·
678 504 734 531 ἀλλ’
745 505 768 531 ol
794 505 843 540 μὲν
856 505 951 540 τυφλοὶ

163 546 238 578 ὄντες
251 547 297 574 καὶ¹
312 547 390 580 κύνες
404 549 521 581 ἀναιδεῖς
539 558 650 576 τοιαυτα
672 551 741 576 κατά
757 550 811 577 τῶν
839 551 950 578 δικαίων

162 591 282 627 ἐτόλμων
294 601 300 607 ·
314 593 338 619 οι
354 592 381 620 δὲ
394 594 423 620 ὲν
436 594 530 630 εἰρήνῃ
541 594 593 621 ὑπὸ
620 594 667 622 τοῦ
685 594 752 622 Θεοῦ
774 596 950 632 παρελαμϐά-

164 646 239 664 νοντο
242 657 248 664 .

198 692 207 708 ι
226 683 322 710 Ἔσται
339 684 368 710 ἐν
388 684 483 721 εἰρήνῃ
499 685 515 720 ἡ
532 685 603 720 ταφὴ
618 685 710 717 αὐτοῦ,
739 684 820 721 ἦρται
844 688 876 713 ἐκ
902 687 948 714 τοῦ

163 728 258 764 μέσον.
275 739 284 754 3
302 729 379 756 Εἴποι
392 729 414 756 δ’
431 729 463 756 ἄν
478 739 520 762 τις
542 730 670 757 δύνασθαι
699 731 785 758 ταῦτα
806 733 948 767 ἁρμόττειν

161 773 208 800 καὶ
226 772 265 807 τῷ
284 774 390 809 Σωτῆρι
407 775 454 800 καὶ
473 775 529 806 τοῖς
541 774 675 810 μαθηταῖς
698 775 780 802 αὑτοῦ
805 778 861 808 τοῖς
896 777 948 803 ὑπὸ

159 818 208 844 τοῦ
230 819 364 846 Ἰουδαίων
390 819 482 850 ἔθνους
505 820 789 856 ἐπιϐεϐουλευμένοις·
816 823 882 850 ἀλλὰ
903 824 948 850 καὶ

160 863 210 898 τὴν
224 863 371 891 ἀνάστασιν
383 865 429 891 τοῦ
443 865 568 902 Σωτῆρος
579 867 659 902 ἡμῶν
672 868 839 895 αἰνίττεσθαι
858 869 888 895 τὸ
905 869 949 896 λό-

623 172 874 200 COMMENTABIA
894 172 927 200 IN
946 172 1116 200 18ᾹΙΑΜ.-
1137 171 1213 199 CAP.
1233 170 1309 198 LVII.

1732 164 1785 193 ω

1288 227 1401 255 CAPUT
1421 225 1498 253 LVll.

1037 277 1117 304 Vsus.
1129 277 1154 302 l.
1175 285 1184 301 ι
1202 274 1297 302 Videte
1311 272 1445 308 quomodo
1456 272 1546 307 justus
1559 269 1647 305 periit,
1664 273 1690 296 et
1705 275 1784 295 nemo

1001 322 1112 356 suscipit
1125 322 1205 349 corde
1221 329 1228 347 :
1243 323 1270 346 et
1286 319 1335 346 viri
1360 318 1425 352 justi
1445 317 1585 348 tolluntur,
1600 320 1627 342 et
1642 314 1729 341 nullus
1742 317 1782 340 est

1001 368 1045 403 qui
1059 368 1217 394 consideret.
1237 365 1303 392 Nam
1327 373 1341 391 a
1356 364 1422 391 facie
1438 360 1591 397 iniquitatis
1610 360 1731 387 sublatus
1742 362 1783 386 est

997 402 1096 448 justus.
1110 421 1119 438 3
1135 411 1310 446 thuomodo
1329 408 1542 438 considerarent,
1553 405 1598 441 qui
1610 404 1707 431 animis
1720 402 1782 429 caeci

1000 462 1079 485 erant
1095 465 1101 483 :
1119 464 1180 483 nam
1198 455 1219 483 si
1234 464 1286 483 non
1299 455 1335 482 ita
1351 461 1380 481 se
1393 452 1558 484 habuissent,
1574 450 1669 477 saltem
1679 449 1781 482 jttstum

1000 503 1129 530 vidissem
1147 507 1174 529 et
1193 509 1270 529 suam
1292 500 1341 534 ipsi
1368 497 1544 526 (eccnomiam
1565 496 1701 523 novissent
1713 502 1720 520 :
1734 493 1783 521 sed

999 557 1059 577 cum
1072 549 1147 580 caeci,
1157 553 1184 575 ct
1199 553 1281 575 canes
1303 546 1471 579 impudentes
1483 546 1583 574 essent,
1612 541 1673 568 talia
1688 544 1782 567 contra

996 595 1083 629 iustos
1101 593 1209 629 aggredi
1231 591 1371 620 audebant
1388 590 1472 625 :justi
1499 596 1564 616 vero
1584 595 1600 614 a
1612 587 1665 614 Deo
1677 586 1703 613 iu
1717 592 1783 619 pace

998 641 1224 675 suscipiebantur.

1036 687 1117 717 Vens.
1132 689 1159 715 2.
1181 697 1190 714 3
1209 686 1268 714 Erit
1279 686 1305 713 in
1318 692 1383 720 pace
1397 683 1531 718 sepultura
1546 681 1614 716 ejus,
1626 680 1728 708 sublata
1738 683 1781 707 est

997 736 1030 762 de
1049 736 1148 762 medio.
1170 743 1179 760 ι
1201 732 1306 760 Dixerit
1328 731 1461 766 quispiam
1478 730 1534 756 haec
1558 733 1585 756 et
1608 727 1739 755 Salvatori
1753 731 1781 754 et

997 780 1135 815 discipulis
1151 779 1209 813 ejus
1232 783 1402 812 competere,
1430 776 1475 810 qui
1493 783 1507 803 a
1522 774 1630 802 Judaica
1647 778 1725 808 gente
1741 772 1782 800 in-

997 826 1074 853 sidiis
1085 826 1281 860 appetebantur
1297 831 1304 850 :
1322 823 1368 850 sed
1380 822 1460 848 etiam
1484 821 1529 848 hic
1550 819 1698 847 Salvatoris
1713 826 1782 853 quo-s

997 877 1048 905 que
1064 870 1148 897 nostri
1168 868 1401 896 resurrectionem
1424 865 1579 893 adumbrari
1593 863 1782 899 pronuntiave-

160 909 219 944 γιόν
231 918 315 946 φησιο
332 910 379 937 τοῦ
409 911 458 946 μὲν
479 911 594 939 θανάτου
616 913 660 940 διὰ
681 914 731 949 τῆς
745 914 833 950 ταφῆς
864 916 944 942 αὑτοῦ

998 917 1033 943 rit
1052 923 1059 942 :
1076 916 1112 942 ita
1127 919 1157 942 ut
1173 922 1247 942 mors
1260 914 1318 949 ejus
1339 920 1388 948 per
1414 912 1591 947 sepulturam,
1618 909 1781 938 resurrectio

157 955 330 991 δηλουμένου,
344 957 393 992 τῆς
409 958 432 984 δ’
447 959 620 991 ἀναστάσεως
631 959 675 986 διὰ
688 959 746 992 τοῦ,
779 969 789 986 1
809 960 898 996 Ἤρθη
915 962 946 989 ὲκ

159 1001 207 1028 τοῦ
223 1002 307 1037 μέσου
324 1003 422 1039 ήταφὴ
437 1004 530 1031 αὐτοῦ.
553 1014 563 1030 ι
587 1005 705 1041 Ἀφανὴς
726 1006 821 1040 γέγονε
846 1006 889 1034 διὰ
916 1008 946 1035 τὸ

161 1046 199 1083 μὴ
214 1048 357 1084 ἀπομεῖναι
375 1049 456 1076 αὐτὸν
470 1050 498 1076 ὲν
509 1050 548 1086 τῷ
563 1051 613 1086 τῆς
632 1052 722 1087 ταφῆς
734 1052 808 1088 τόπῳ
821 1061 828 1068 ·
856 1052 915 1080 ὅθεν
931 1054 946 1080 ὁ

158 1092 273 1126 ἄγγελος
295 1093 407 1125 ἐπιστὰς
423 1096 481 1126 ταῖς
510 1094 631 1129 γυναιξὶν
658 1096 752 1130 ἐλεγε’
782 1106 791 1122 ι
809 1096 874 1124 Τίνα
900 1097 948 1134 ζη-

157 1139 248 1171 τεῖτε;
277 1139 399 1174 Ἰησοῦν;
422 1140 478 1167 Οὐκ
495 1140 578 1168 -ἐστιν
603 1139 668 1168 ὦδευ
688 1142 774 1175 δεῦτε,
804 1143 871 1170 ἴδετε
900 1145 945 1170 τὸν

158 1182 241 1210 τόπον
254 1184 347 1212 αὑτοῦ.
369 1195 378 1211 3

197 1239 206 1256 ι
225 1230 320 1265 Ὑμεῖς
334 1231 362 1258 δὲ
374 1232 563 1267 προσαγάγετε
581 1229 643 1266 ὧδε,
667 1233 719 1260 υἱοὶ
743 1234 847 1269 ἄνομοι,
863 1234 945 1270 σπέρ-

160 1283 197 1311 μα
211 1277 311 1312 μοιχῶν
326 1278 372 1304 καὶ
387 1279 499 1315 πόρνης.
520 1279 563 1305 Ἐν
588 1279 640 1306 τίνι
660 1281 877 1316 ὲνετρυφήσατε;
898 1281 944 1306 καὶ

158 1323 204 1349 ἐπὶ
227 1323 289 1350 τίνα
311 1324 434 1358 ἠνοίξατε
455 1325 487 1352 τὺ
514 1326 600 1361 στόμα
628 1325 722 1360 ὐμῶν;
749 1327 795 1353 καὶ
819 1327 864 1353 ἐπὶ
886 1327 945 1354 τινα

159 1368 307 1403 ὲχαλάσατε
317 1369 369 1406 τὴν
376 1369 501 1404 γλῶσσαν
517 1372 610 1407 ὑμῶν;
622 1372 677 1407 Οὐχ
697 1372 776 1407 ὑμεῖς
785 1373 847 1399 ὲστε
861 1373 944 1400 τέκνα

157 1413 304 1448 ἀπωλείας,
328 1416 439 1452 σπέρμα
462 1418 591 1453 ᾁνόμων;
617 1428 627 1444 3
655 1418 693 1445 Οὐ
717 1419 771 1454 γὰρ
798 1418 871 1451 ἀξιον
897 1419 943 1446 τοῦ

163 1459 288 1495 ’Δϐραὰμ
302 1462 348 1488 καὶ
364 1462 415 1497 τῆς
428 1463 536 1499 Σάρρας
551 1464 634 1491 τέκνα
645 1464 715 1500 ὑμᾶς
730 1465 821 1492 καλεῖν
833 1473 840 1481 ’
851 1466 875 1492 εί
889 1465 943 1502 γὰρ

156 1506 241 1532 τέκνα
268 1506 314 1533 τοῦ
335 1507 459 1544 Ἀϐραὰμ
483 1506 547 1544 ἦτε,
576 1510 611 1537 τὰ
640 1509 708 1545 ἔργα
736 1510 783 1537 τοῦ
821 1511 944 1547 ’Λϐραὰμ

158 1551 284 1578 ἐποιεῖτε.
299 1553 415 1588 Μοιχοὺς
427 1554 449 1580 δ’
465 1552 533 1580 οἶδεν
550 1555 565 1580 ό
579 1554 657 1590 λόγος
672 1555 764 1582 καλεῖν
779 1556 842 1588 τοὺς
858 1556 942 1583 πάλαι

156 1596 423 1633 εὶδωλολατροῦντας,
436 1599 499 1634 περὶ
518 1596 556 1626 ὧν
579 1600 702 1636 εἴρηται·
722 1610 731 1626 ι
750 1601 805 1627 Kal.
818 1601 942 1636 ἐμοίχευ-

157 1653 206 1671 σαν
220 1646 251 1673 τὸ
267 1646 343 1679 ξύλον
359 1648 406 1674 καὶ
424 1647 469 1674 τὸν
485 1647 576 1675 λίθον·
593 1657 603 1674 3
622 1648 723 1684 πόρνην
733 1648 762 1674 δὲ
782 1649 831 1684 τὴν
846 1649 942 1684 Ἰερου-

156 1689 245 1726 σαλὴμ
258 1691 352 1727 ἐδήλου
368 1691 411 1718 διὰ
431 1691 485 1718 τῶν
501 1691 655 1729 ἔμπροσθεν
673 1693 687 1719 ό
714 1691 806 1726 παρὼν
838 1693 943 1728 προφή-

155 1743 212 1770 της.
229 1736 354 1763 Μάλιστα
365 1736 420 1772 γὰρ
430 1737 518 1763 αὐτῶν
533 1737 582 1772 τὴν
598 1736 722 1770 γλῶσσαν
739 1737 785 1763 καὶ
797 1737 828 1764 τὸ
856 1737 942 1772 στόμα

156 1783 326 1809 καταιτιᾶται
338 1782 383 1809 διὰ
396 1782 445 1814 τὰς
462 1782 531 1809 κατὰ
541 1782 588 1809 τοῦ
601 1783 728 1818 Σωτῆρος
740 1783 841 1818 φωνὰς,
851 1783 897 1810 καὶ
909 1782 942 1815 ἃς

154 1828 239 1855 εἰσέτι
254 1822 361 1855 καῖνῦν
374 1828 434 1855 κατ’
449 1829 531 1855 αὑτοῦ
547 1829 686 1856 ποιοῦνται
699 1829 881 1865 βλασφημίας.
897 1829 942 1855 Διό

155 1882 256 1908 φησιν·
290 1883 300 1900 ε
321 1873 382 1900 Ἐπὶ
412 1874 472 1901 τίνα
491 1874 613 1909 ὴνοίξατε
634 1875 665 1901 τὸ
681 1875 769 1910 στόμα
785 1875 878 1910 ὑμῶν;
895 1875 942 1901 καὶ

155 1918 203 1945 ἐπὶ
214 1919 275 1945 τίνα
297 1919 448 1954 ὲχαλάσατε
462 1919 511 1955 τὴν
532 1919 656 1954 γλῶσσαν
672 1921 763 1956 ύμῶν;
783 1921 838 1956 Οὐχ
865 1921 942 1956 ὑμεῖς

153 1965 217 1991 ἐπε
228 1964 311 1991 τέκνα
326 1965 480 1997 ἀπωλείας;
496 1974 506 1991 3

191 2017 201 2035 ι
218 2010 249 2036 οἱ
271 2009 494 2045 παρακαλοῦντες
518 2010 614 2037 εἴδωλα
645 2011 697 2038 ὑπὸ
722 2011 818 2046 δένδρα
848 2011 940 2044 δασέα,

155 2055 304 2090 σφάζοντες
334 2055 368 2082 τὰ
385 2055 468 2082 τέκνα
493 2056 582 2082 αὐτῶν
606 2057 634 2082 ὲν
648 2058 709 2088 ταῖς
725 2056 859 2092 φάραγξιν
889 2057 941 2084 ἀνὰ

156 2099 237 2133 μέσον
251 2100 305 2127 τῶν
321 2100 438 2136 πετρῶν.
465 2100 571 2137 Έκείνη
588 2110 634 2128 σου
648 2103 665 2137 ὴ
691 2103 778 2138 μερὶς,
796 2099 872 2133 οὗτός
894 2111 941 2128 σου

153 2145 292 2181 ὸκλῆρος·
321 2145 457 2177 κάκείνοις
475 2145 584 2182 ἐξέχεας
615 2147 740 2179 σπονδὰς,
766 2148 812 2174 καὶ
837 2147 941 2186 τούτοις

155 2191 305 2226 ἀνήνεγκας
315 2191 418 2223 θυσίας.
442 2192 503 2218 Ἐπὶ
524 2192 628 2224 τούτοις
644 2191 690 2219 οὖν
717 2193 765 2220 οὺχ
782 2193 941 2229 ὀργισθήσο-

995 966 1095 995 aulem,
1111 961 1154 989 his
1165 960 1266 993 verbis,
1287 968 1297 986 ι
1313 959 1423 986 Sublata
1437 962 1478 985 est
1496 957 1530 984 de
1547 957 1635 985 medio
1645 955 1781 991 sepultura

995 1008 1064 1042 ejus,
1082 1017 1091 1033 3
1110 1007 1255 1035 indicetur.
1285 1006 1323 1033 De
1349 1005 1437 1032 medio
1461 1003 1580 1032 sublatus
1599 1008 1650 1035 est,
1668 1003 1730 1037 quia
1752 1002 1779 1029 in

995 1053 1053 1081 luco
1075 1053 1220 1088 sepulturas
1239 1060 1292 1080 non
1313 1051 1411 1079 mansit
1433 1058 1441 1077 ι
1459 1057 1542 1086 quare
1560 1048 1671 1083 angelus
1686 1047 1780 1075 mulie-

996 1100 1069 1127 ribus
1078 1104 1170 1126 astans
1183 1097 1308 1125 dicebat:
1324 1107 1333 1124 ι
1349 1097 1433 1130 Quem
1448 1095 1586 1131 quaeritis?
1597 1094 1688 1122 Iesum
1700 1092 1780 1120 iNon

994 1149 1035 1172 est
1059 1144 1111 1173 hic.
1130 1143 1231 1177 veuite,
1245 1143 1332 1172 videte
1347 1143 1432 1170 locum
1445 1141 1502 1175 ejus
1516 1141 1537 1168 '.
1558 1150 1567 1166 3

1034 1232 1114 1261 Vens.
1132 1232 1160 1264 3,
1171 1232 1199 1260 4.
1211 1240 1220 1257 ι
1235 1231 1289 1259 Vos
1303 1235 1392 1258 autem
1407 1228 1530 1257 accedite
1544 1228 1606 1261 huc,
1619 1227 1665 1254 lilii
1680 1225 1778 1261 iniqui.

995 1285 1085 1305 semen
1094 1277 1277 1305 adulterorum
1285 1280 1311 1303 et
1319 1275 1479 1303 meretricis.
1490 1274 1516 1300 In
1526 1281 1604 1309 quem
1614 1271 1781 1300 iusultastisi

994 1329 1022 1351 et
1039 1324 1066 1351 in
1081 1331 1160 1359 quem
1173 1322 1317 1358 aperuiStis
1334 1329 1364 1349 os
1376 1320 1513 1348 vestrum?
1524 1325 1551 1347 et
1570 1319 1597 1346 in
1610 1326 1688 1353 quem
1706 1318 1780 1344 laxa-

995 1371 1043 1398 stis
1062 1370 1178 1406 linguam
1195 1373 1311 1396 vestram
1323 1367 1339 1394 ’ἓ
1359 1367 1453 1395 Nonne
1469 1373 1517 1393 vos
1540 1365 1605 1393 estis
1623 1364 1668 1392 ﬁlii
1688 1363 1779 1399 perdi-

997 1416 1085 1449 tionis,
1099 1423 1190 1443 semen
1207 1414 1372 1450 impiorum?
1385 1423 1394 1440 3
1415 1412 1507 1448 Neque
1530 1411 1602 1439 enim
1623 1411 1694 1446 digni
1714 1409 1780 1438 estis

994 1463 1039 1497 qui
1065 1462 1182 1489 Abrahae
1208 1465 1234 1488 et
1259 1460 1332 1488 Sara:
1357 1459 1404 1486 ﬁlii
1428 1457 1582 1486 vocemini:
1602 1464 1661 1483 nam
1688 1455 1710 1483 si
1731 1455 1779 1482 lilii

995 1507 1109 1535 Abrahzc
1128 1507 1236 1538 essetis,
1249 1513 1330 1540 opera
1342 1504 1458 1533 Abrahae
1472 1502 1608 1530 faceretis.
1635 1501 1779 1529 Adulteros

993 1558 1082 1580 autem
1097 1552 1166 1581 solet
1175 1551 1313 1587 Scriptura
1322 1558 1419 1579 vocare
1429 1557 1486 1582 eos,
1495 1549 1539 1584 qui
1548 1548 1611 1576 olim
1621 1547 1780 1575 idololatria:
1806 1552 1810 1554 ‘

993 1600 1077 1627 dediti
1102 1603 1189 1631 erant,
1205 1599 1240 1626 de
1259 1598 1356 1633 quibus
1370 1597 1478 1629 dicitur,
1507 1605 1516 1622 ε
1541 1596 1574 1622 Ει
1593 1594 1780 1622 adulterarum

993 1645 1092 1680 lignum
1108 1649 1134 1671 et.
1142 1644 1254 1680 lapidem
1267 1653 1273 1670 :
1294 1653 1304 1669 3
1318 1642 1485 1670 meretricem
1495 1648 1558 1668 vero
1567 1639 1779 1674 Hierosolymam

993 1692 1036 1719 hic
1057 1691 1186 1726 propheta
1209 1689 1333 1724 superius
1359 1687 1534 1722 nuncupavit.
1559 1685 1658 1712 Eorum
1680 1684 1779 1719 quippe

992 1736 1110 1771 linguam
1127 1740 1154 1762 et
1174 1742 1205 1762 os
1226 1735 1252 1761 in
1278 1734 1380 1762 crimen
1409 1732 1527 1760 maxime
1551 1735 1640 1764 vocat,
1669 1733 1779 1764 propter

993 1781 1052 1809 illas
1071 1786 1164 1808 contra
1177 1780 1344 1808 Salvatorem
1361 1779 1473 1806 emissas
1494 1784 1585 1809 voces,
1605 1780 1632 1803 et
1652 1775 1686 1802 ob
1701 1774 1779 1809 _blas-

992 1827 1088 1862 phema
1114 1826 1205 1858 verba,
1221 1833 1279 1860 quae
1298 1824 1431 1858 hodieque
1450 1822 1577 1849 adversus
1600 1820 1674 1848 illum
1688 1817 1778 1854 prole-

994 1878 1066 1901 runt.
1102 1872 1268 1907 Quapropter
1297 1871 1347 1903 ait,
1376 1878 1386 1895 ι
1412 1869 1441 1895 In
1469 1875 1548 1903 quem
1581 1865 1723 1902 aperuistis
1744 1872 1778 1892 os

991 1924 1123 1950 vestrum,
1147 1923 1174 1945 et
1201 1917 1227 1944 in
1251 1923 1330 1951 queui
1359 1914 1470 1942 laxastis
1497 1913 1616 1947 linguam
1639 1910 1778 1939 vestram?

991 1964 1086 1993 Nonne
1100 1971 1148 1991 vos
1164 1963 1229 1990 estis
1244 1962 1290 1989 ﬁlii
1308 1960 1467 1996 perditionis
1478 1959 1490 1986 ?
1501 1969 1510 1984 3

1028 2009 1109 2036 Vens.
1133 2009 1160 2042 5,
1175 2007 1203 2035 6.
1225 2016 1233 2033 ι
1249 2007 1301 2040 Qui
1324 2005 1462 2033 advocatis
1487 2003 1558 2031 idola
1571 2003 1620 2030 sub
1635 2001 1778 2029 arboribus

991 2054 1093 2090 opacis,
1109 2053 1154 2088 qui
1180 2052 1311 2088 jugulatis
1340 2051 1409 2077 ﬁlios
1433 2053 1537 2076 vestros
1563 2048 1590 2074 in
1608 2047 1734 2079 vallibus,
1749 2045 1778 2074 in

992 2100 1079 2127 medio
1107 2103 1255 2133 petrarum.
1280 2096 1342 2124 Haec
1362 2094 1449 2131 portio
1473 2098 1530 2126 tua,
1545 2093 1602 2120 hzec
1620 2099 1679 2120 sors
1706 2096 1776 2118 tua:

991 2151 1018 2173 et
1031 2146 1084 2172 illis
1095 2144 1211 2172 effudisti
1228 2142 1368 2173 libamina,
1385 2145 1411 2168 et
1430 2141 1484 2168 illis
1498 2138 1619 2167 obtulisti
1631 2137 1775 2165 sacriﬁcia.

992 2191 1078 2226 Super
1087 2191 1130 2218 his
1144 2197 1208 2223 ergo
1224 2197 1276 2216 non
1293 2186 1416 2215 irascar?
1432 2195 1441 2212 3
1469 2185 1516 2213 llis
1540 2184 1613 2213 clare
1627 2183 1776 2211 ostenditur

157 2244 223 2270 μαι;
241 2245 251 2261 ›
268 2235 364 2270 Σαφῶς
380 2236 408 2264 δὲ
424 2236 468 2263 διὰ
485 2236 587 2263 τούτων
613 2237 748 2265 δείκνυται
773 2239 790 2273 ἡ
816 2238 940 2274 παροῦσα

994 2238 1060 2264 hanc
1069 2236 1235 2272 prophetiam
1258 2232 1407 2262 idololatris
1421 2233 1465 2267 qui
1480 2237 1600 2266 tempore
1615 2229 1689 2257 Isaia:
1700 2231 1777 2256 erant

155 2281 306 2317 προφητεία
316 2283 371 2313 τοῖς
387 2281 458 2308 κατὰ
470 2282 533 2313 τοὺς
546 2282 658 2317 χρόνους
674 2283 784 2309 Ἡσαΐου
809 2282 856 2309 τοῦ
873 2292 939 2319 προ-

155 2327 241 2363 φήτου
257 2327 460 2363 εἰδωλολάτραις
476 2328 657 2364 ἁρμόττουσα.

190 2383 200 2399 ι
219 2373 276 2399 Ἐπ’
290 2373 350 2409 ὅρος
363 2373 464 2408 ὑψηλὸν
476 2374 526 2403 καὶ»
535 2374 683 2410 μετέωρον,
693 2375 751 2402 ἐκεῖ
763 2383 809 2401 σου
823 2376 840 2410 ἡ
851 2375 939 2411 κοίτη,

155 2419 202 2446 καὶ
228 2419 285 2445 ἐκεῖ
312 2419 476 2451 ἀνεϐίϐασας
504 2419 599 2451 θυσίας
629 2428 686 2447 σου.
702 2429 711 2446 3
735 2419 813 2446 Κατὰ
837 2418 938 2452 ταῦτα,

154 2464 246 2499 φησιν,
264 2463 413 2498 ἔπραττες,
429 2464 489 2492 οὐδὲ
505 2465 704 2501 κεκρυμμένως
734 2464 851 2497 ἀσεϐῶν,
873 2465 941 2491 ἀλλὰ

153 2509 453 2545 τεεπαρῤησιασμένως·
478 2509 564 2542 οὕτως
576 2510 614 2542 ὡς
630 2511 677 2538 καὶ
705 2510 748 2537 ἐπ’
770 2510 858 2538 αὐτῶν
886 2511 940 2537 τῶν

153 2552 340 2587 ὑψηλοτάτων,
353 2552 424 2588 ὀρῶν
451 2554 584 2582 ἐπιτελεῖν
620 2555 670 2587 τὰς
704 2555 862 2591 δαιμονικὰς
895 2555 941 2582 θυ-

155 2597 224 2629 σίας.

188 2653 197 2668 ι
218 2642 273 2670 Καὶ
286 2643 373 2672 ὀπίσω
386 2645 441 2671 τῶν
455 2645 582 2682 σταθμῶν
597 2647 646 2682 τῆς
668 2647 752 2682 θύρας
768 2656 814 2674 σου
839 2647 940 2683 ἔθηκας

155 2688 315 2724 μνημόσυνά
342 2698 399 2716 σου.
416 2691 491 2725 ᾯου,
513 2692 565 2724 ὅτι,
584 2692 631 2720 ἐὰν
652 2694 699 2720 ἀπ’
715 2692 782 2728 ἐμοῦ
807 2693 938 2729 ἀποστῇς,

154 2734 244 2761 πλεῖόν
261 2743 286 2761 τι
299 2735 380 2768 ἕξεις.
398 2737 559 2773 Ἠγάπησας
581 2739 643 2771 τοὺς
659 2738 846 2775 κοιμωμένους
872 2738 939 2773 μετά

154 2780 212 2814 σοῦ,
233 2781 281 2808 καὶ
310 2782 462 2819 ὲπλήθυνας
477 2784 525 2821 τὴν
553 2785 679 2820 πορνείαν
695 2793 742 2812 σου
767 2785 827 2820 μετ’
841 2784 938 2815 αὐτῶν,

188 2870 200 2886 ⁸
209 2869 291 2897 Marc.
302 2877 359 2903 xw,
371 2869 398 2898 6.

991 2283 1145 2312 convenire.

1028 2374 1110 2402 Vens.
1128 2375 1154 2401 7.
1172 2381 1181 2399 ι
1200 2373 1286 2408 Super
1297 2375 1416 2399 montem
1432 2369 1567 2398 excelsum
1583 2371 1610 2395 et
1629 2366 1724 2398 altum,
1739 2364 1775 2398 ibi

993 2420 1080 2449 cubile
1093 2424 1179 2452 tuum,
1197 2424 1225 2446 et
1241 2418 1304 2445 illuc
1325 2416 1460 2445 adduxisti
1488 2414 1621 2443 sacriﬁcia
1641 2418 1696 2440 tua.
1716 2421 1725 2438 3
1742 2411 1777 2438 Et

993 2467 1060 2500 haec,
1081 2466 1177 2501 inquit,
1204 2465 1283 2500 egisti
1300 2471 1353 2491 non
1374 2463 1444 2490 clam
1458 2461 1541 2496 impie
1555 2467 1647 2494 agens,
1669 2458 1716 2486 sed
1728 2465 1776 2492 pa-

994 2513 1045 2539 iam
1061 2516 1088 2540 et
1103 2511 1281 2542 conﬁdenter,
1301 2510 1336 2536 ita
1350 2512 1378 2535 ut
1397 2508 1478 2535 etiam
1493 2507 1519 2533 in
1533 2504 1688 2533 celsissimis
1699 2510 1776 2531 mon-

994 2558 1059 2586 tium
1075 2557 1261 2585 cacuminibus
1275 2555 1405 2584 diabolica
1419 2551 1551 2581 sacriﬁcia
1570 2550 1692 2578 oll'erres.

1027 2646 1111 2674 Vsus.
1128 2646 1155 2679 8,
1176 2646 1202 2674 9.
1234 2654 1243 2671 ι
1263 2646 1296 2673 Ει
1309 2649 1382 2672 retro
1399 2647 1490 2679 postes
1513 2642 1574 2670 ostii
1603 2641 1640 2668 tui
1661 2640 1774 2676 posuisti

992 2692 1159 2719 memorialia
1175 2696 1230 2718 tua.
1245 2690 1372 2721 Putabas,
1387 2689 1409 2716 si
1425 2696 1440 2715 a
1456 2695 1499 2715 me
1511 2686 1660 2718 recederes,
1682 2690 1707 2712 te
1717 2692 1775 2711 am-

993 2737 1061 2773 plius
1085 2737 1148 2772 quid
1169 2736 1333 2764 habituram.
1357 2733 1479 2762 Dilexisti
1494 2731 1659 2760 dormientes
1673 2736 1774 2763 tecum,
1805 2765 1808 2769 .

992 2789 1020 2812 et
1035 2782 1217 2819 multiplicasti
1243 2781 1433 2810 fornicationes
1448 2784 1506 2808 tuas
1520 2785 1582 2807 cum
1594 2778 1645 2810 eis,
1661 2777 1773 2805 multos-
1803 2777 1811 2805 ὲ
