2061 3215
324 191 376 219 475

660 189 792 217 EUSEBH
810 189 1046 217 CXESARIENSIS
1065 189 1139 217 OPP.
1163 190 1249 217 PARS
1269 190 1311 216 lll.
1332 206 1365 210 —
1385 189 1588 217 EXEGE'HCA.

1885 191 1928 218 £76

325 261 378 288 qn:
389 252 467 287 longe
479 259 494 279 ιι
515 256 540 278 te
556 251 643 278 fecisti
656 251 722 285 (41).
743 260 752 276 ι
775 251 849 278 Multi
866 252 966 286 quippe
979 252 1029 279 viri
1055 253 1109 280 Deo

1161 252 1207 277 καὶ
1225 250 1338 281 πολλοὺς
1351 249 1481 285 ἐποίησας
1495 250 1557 280 τοὺς
1569 250 1677 284 μακρὰν
1690 248 1744 275 ἀπὸ
1760 248 1815 275 σοῦ.
1835 258 1844 274 ι
1871 249 1926 275 Πολι

325 297 436 327 adalicti,
445 296 639 331 Hierosolymis
649 303 678 323 se
691 296 882 330 proripiebant,
897 296 931 324 ob
942 298 1021 332 impia
1036 304 1110 333 gesta

325 351 386 378 (μελε
410 343 445 370 ibi
471 343 708 377 perpetrabantur.
725 352 734 368 ι
754 342 787 369 Et
803 343 900 370 misisti
926 344 1026 379 legatos
1042 345 1110 372 ultra

327 389 457 416 terminos
476 395 548 421 tuos,
559 395 585 416 ct
597 389 735 416 humiliata
753 396 782 416 es
795 396 880 423 usque
897 392 929 417 ad
943 391 1087 418 infernum.
1098 402 1107 418 ι

326 435 389 462 Hac
407 437 497 462 omnia
518 435 597 470 quasi
623 435 656 462 de
680 435 822 462 meretrice
846 436 973 470 loquitur,
984 445 1042 472 quae
1053 438 1110 472 pul—

325 481 474 509 cbritndini
487 487 513 508 et
528 482 619 510 decori
633 484 766 517 studebat,
777 491 808 511 ac
822 483 950 511 nihilnon
964 485 1061 519 agebat
1077 485 1110 512 ad

324 527 489 561 voluptatem
503 535 595 554 corum
609 528 654 562 qui
667 536 758 556 secum
775 529 917 564 degebant.

362 573 443 600 Vens.
456 573 498 599 10.
518 582 526 598 ε
539 573 630 601 Multis
644 574 786 602 itineribus
798 576 849 602 luis
865 576 1003 609 laborasti,
1018 582 1045 604 et
1057 585 1109 604 tton

325 618 428 650 dixisti,
448 619 584 647 Desinant.
600 629 610 646 ι
626 619 684 647 Νοη
696 621 767 648 enim
791 621 817 648 in
835 629 886 648 una
905 622 978 656 regia
1004 624 1045 650 via
1069 624 1109 650 in—

325 664 458 698 cedebas;
482 665 529 692 sed
553 665 577 691 in
591 666 682 693 multis
697 671 725 693 et
740 667 835 694 deviis.
860 677 868 692 ι
883 667 1032 701 lnvaluisti,
1048 670 1109 704 quia

326 710 382 737 haec
401 710 497 744 egisti;
513 711 573 737 ideo
598 719 640 738 me
655 719 706 738 non
723 712 823 746 rogasti
840 722 846 739 :
868 722 877 739 ι
907 714 952 741 sed
967 715 1042 749 quasi
1065 723 1109 742 ro-

325 755 389 783 bore
404 761 431 783 et
447 757 588 789 juventute
606 757 707 790 valens,
723 757 765 785 his
785 759 877 794 pejora
892 761 1036 794 admisisti,
1054 766 1110 788 tur-

325 801 404 836 pibus
423 802 506 836 gestis
518 803 570 829 tuis
585 803 726 832 insistens.

360 888 441 916 Vens.
471 890 563 917 11-15.
594 891 701 924 «Quem
729 893 826 920 timens
856 894 1000 928 perterrita
1021 899 1109 922 cszet

327 937 437 963 mentita
463 944 493 963 es
509 938 585 969 mihi,
600 946 650 964 nec
667 939 812 966 meministi
831 940 901 972 mei,
926 947 976 967 nec
1001 942 1110 975 posuisti

327 990 368 1009 me
384 983 408 1009 in
428 987 518 1010 mente
537 988 597 1015 tua,
621 992 670 1011 nec
694 985 721 1011 in
747 987 828 1012 corde
855 987 922 1013 tuo?
953 986 987 1013 Et
1009 994 1059 1022 ego
1086 992 1111 1014 te

326 1027 428 1058 videns,
444 1028 572 1062 despicio,
586 1033 612 1055 et
625 1037 667 1056 me
682 1037 733 1057 non
753 1030 875 1058 timuisti.
901 1031 933 1058 Et
951 1040 1001 1067 ego
1012 1040 1112 1060 annun-

326 1073 400 1100 tiabo
413 1073 546 1106 justitiam
565 1083 650 1102 meam
663 1081 687 1104 et
706 1076 774 1103 mala
791 1081 847 1111 tua,
861 1083 886 1104 et
900 1086 952 1105 non
965 1080 1111 1113 proderunt

326 1119 384 1145 tibi.
401 1119 466 1146 Cum
483 1120 659 1152 clamaveris.
673 1127 770 1149 eruant
786 1128 811 1150 te
823 1123 848 1150 in
872 1124 1042 1153 tribulatione
1054 1131 1109 1153 tua.

326 1163 379 1191 llos
393 1166 491 1199 quippe
507 1169 602 1194 oritnes
615 1173 711 1195 ventus
731 1167 845 1201 auferet,
860 1175 886 1197 et
907 1175 1049 1205 tempestas
1062 1172 1111 1199 lol—

325 1209 371 1237 let.
385 1210 434 1243 Qui
453 1216 541 1238 autem
557 1213 694 1240 adhaarent
707 1213 773 1240 mihi
786 1233 794 1245 ,
813 1215 983 1249 possidebunt
1011 1222 1109 1246 terrain

324 1261 352 1282 et
363 1255 519 1283 haereditate
533 1258 664 1291 accipient
687 1265 803 1287 montem
827 1267 948 1288 sanctum
975 1270 1073 1291 meum.
1099 1274 1108 1290 ι

326 1301 426 1328 Omnes
451 1303 540 1336 itaque
562 1310 608 1330 eos
621 1305 666 1338 qui
684 1305 850 1338 incttsantur,
873 1312 968 1335 ventus
992 1309 1065 1336 tollet
1084 1315 1111 1336 ct

326 1351 471 1381 tempestas
482 1348 596 1377 auferet.
618 1349 649 1376 Et
666 1350 818 1384 huiusmodi
844 1351 905 1380 ﬁnis
930 1354 1038 1382 invadet
1064 1363 1111 1383 eos

327 1391 372 1426 qui
390 1392 424 1419 ob
443 1394 570 1426 praedicta
591 1395 616 1421 in
631 1395 734 1423 crimen
747 1402 879 1425 vocantur
899 1407 965 1427 :eos
985 1407 1049 1428 vero
1065 1401 1110 1435 qui

327 1434 426 1461 bonam
439 1435 542 1471 elegere
554 1443 665 1470 sortem,
682 1446 723 1466 me
738 1440 841 1468 scilicet
865 1441 961 1476 Deum,
981 1452 1012 1472 ac
1024 1434 1110 1473 since-

327 1487 372 1507 ros
384 1480 443 1508 illos
457 1482 579 1510 homines
596 1485 641 1518 qui
659 1492 726 1520 pure
746 1487 811 1514 mihi
830 1488 1001 1518 adltmrebant
1013 1511 1020 1524 ,
1041 1500 1111 1520 mer-

326 1534 371 1554 ces
386 1534 445 1554 mea
459 1528 584 1564 excipiet.

365 1573 442 1600 Vsus.
469 1574 513 1602 Η.
534 1584 543 1600 ‹
556 1575 587 1602 Ει
601 1576 690 1604 dicent
707 1587 714 1604 :
730 1577 845 1614 Pnrgate
858 1581 914 1609 vias
932 1591 945 1609 τι
960 1584 1027 1613 facie
1042 1587 1108 1622 ejus,

327 1623 354 1645 et
367 1619 450 1646 tollite
464 1619 621 1648 otfendicula
646 1623 679 1649 de
700 1623 742 1650 via
767 1626 857 1660 populi
875 1628 938 1656 mei.
951 1638 960 1655 ›
980 1619 1109 1667 Νιιιυόιιί

329 1669 401 1691 recte
414 1666 483 1699 apud
508 1666 591 1693 Deum
617 1675 646 1695 se
668 1671 746 1703 gerit,
766 1678 819 1699 non
842 1673 936 1702 salutis
962 1678 1040 1705 modo
1057 1666 1111 1706 sua:

327 1717 419 1737 ctu-am
433 1712 550 1742 habebit.
577 1714 623 1741 sed
637 1716 718 1742 etiam
739 1719 837 1752 populo
855 1720 902 1747 Dei
931 1729 991 1750 sese
1017 1725 1109 1752 utilem

328 1758 483 1791 praestabit,
509 1761 668 1795 praecipiens
696 1763 733 1791 illi
762 1769 791 1791 ut
819 1765 888 1792 viam
908 1767 1016 1802 pietatis
1035 1766 1110 1798 com—

327 1803 438 1837 planet,
466 1809 494 1832 et
521 1805 700 1841 oll‘endicula,
726 1810 749 1836 si
778 1819 831 1846 qua
857 1812 1009 1848 videantur,
1034 1824 1108 1844 amo-

327 1854 399 1877 veat.

362 1895 457 1924 Vsas.‘
475 1898 518 1925 l5.
538 1907 546 1924 ι
563 1897 624 1927 Ilaec
639 1900 704 1928 dicit
719 1902 884 1937 Altissimus,
900 1906 944 1939 qui
957 1907 983 1932 in
997 1908 1111 1936 excelsis

327 1941 432 1970 habitat
447 1943 472 1970 in
489 1945 626 1977 saeculum,
643 1947 758 1976 Sanctus
775 1949 800 1976 in
821 1952 922 1977 sanctis
943 1959 1039 1980 nomen
1063 1954 1085 1981 ei
1102 1963 1108 1981 :

327 1987 496 2022 Altissimus,
514 1991 559 2024 qui
578 1992 604 2018 in
623 1994 725 2021 sanctis
752 1996 906 2029 requiescit,
930 2002 956 2025 et
972 1999 1110 2033 pusillani—

329 2034 381 2061 tnis
398 2035 443 2061 dat
456 2037 623 2071 patientiam,
646 2043 672 2065 et
685 2040 732 2066 dat
746 2041 826 2068 vitam
843 2043 968 2070 contritis
981 2045 1072 2073 corde.
1098 2056 1107 2072 ι

329 2077 362 2105 lis
375 2079 401 2105 in
417 2081 512 2114 populo
531 2083 575 2116 qui
589 2084 688 2117 pietate
700 2090 727 2112 et
743 2086 837 2114 timore
850 2089 894 2115 Dei
905 2091 1006 2123 praediti
1021 2098 1109 2125 erant,

329 2124 430 2159 quique
443 2134 614 2159 peccatorum
632 2131 817 2163 paenitentiam
836 2139 957 2168 egerant,
973 2144 1040 2170 quos
1053 2124 1110 2164 haec

330 2170 469 2205 Scriptura
485 2174 616 2202 contritos
641 2177 724 2204 corde
748 2182 775 2205 et
799 2179 984 2212 pusillanimes
1011 2188 1108 2216 vocat,

329 2217 541 2246 consolationem
558 2219 645 2248 alTerl.
659 2222 795 2257 Siquidem
806 2245 814 2256 ,
829 2226 878 2252 etsi
893 2228 970 2261 pauci
987 2237 1107 2262 numero,

330 2263 483 2299 hujustnodi
513 2270 600 2294 tamen
624 2269 744 2295 nonnulli
768 2270 890 2299 aderant.
908 2272 1032 2301 Attamen
1059 2277 1107 2302 viri

330 2309 385 2337 Deo
396 2311 497 2338 addicti
511 2319 606 2346 erant;
632 2322 684 2341 non
706 2319 808 2343 tantum
824 2319 971 2353 prophetaz,
1002 2322 1048 2348 sed
1064 2323 1107 2350 alii

329 2362 421 2383 eorum
440 2357 611 2392 imitatores,
636 2361 681 2395 qui
705 2369 721 2388 a
750 2363 890 2398 prophetis
915 2366 1106 2401 edocebantur,

329 2410 475 2439 eorumque
488 2405 635 2441 disciplina:
652 2408 769 2435 animum
781 2411 955 2440 adhibebant.

365 2544 445 2573 VERS.
483 2547 526 2574 16.
569 2547 651 2576 «Non
678 2549 705 2574 in
729 2555 886 2585 perpetuum
909 2559 956 2579 vos
983 2552 1106 2586 ulciscar,

327 2598 413 2626 neque
435 2600 541 2627 semper
568 2594 670 2622 irascar
694 2596 780 2623 vobis.
803 2596 921 2631 Spiritus
938 2597 1009 2625 enim
1033 2605 1048 2625 a
1065 2607 1107 2625 mc

326 2636 487 2671 egredietur,
501 2643 528 2665 et
544 2639 635 2667 ilatum
650 2648 755 2668 omnem
769 2649 818 2676 ego
834 2642 896 2669 feci.
912 2652 922 2669 ι
944 2643 1011 2670 Nam
1035 2652 1107 2671 curae

327 2682 391 2709 mihi
405 2689 446 2710 est
460 2685 571 2718 spiritus
586 2686 639 2720 ille,
660 2688 731 2722 quia
750 2695 792 2715 me:
809 2688 944 2722 profectus
955 2710 962 2723 ,
989 2691 1015 2717 in
1031 2691 1107 2719 vobis

326 2727 457 2757 habitavit
471 2738 479 2757 :
495 2733 714 2768 quandoquidem
727 2734 815 2762 omnis
834 2735 964 2770 spiritus,
985 2737 1029 2772 qui
1050 2737 1108 2764 lau-

327 2771 393 2801 dare
421 2783 465 2803 me
497 2777 603 2812 valeat,
629 2785 723 2808 auctor
747 2788 824 2815 sutn,
848 2771 1000 2810 secundum
1022 2783 1107 2816 illud,

364 2866 420 2901 (Μ)
438 2867 482 2905 Si};
507 2870 646 2904 vertimus,
667 2873 726 2905 Quia
753 2873 785 2899 ad
807 2873 876 2900 httnc
898 2874 1007 2901 tnodttm
1026 2873 1108 2901 inter-

279 2899 290 2911 "
328 2899 448 2932 prelatur
464 2903 603 2933 Eusebius.
629 2899 712 2934 Verus
734 2912 822 2936 tamen
846 2899 1108 2943 lttljusrloci'scnsus

1161 297 1200 324 λοὶ
1209 297 1262 332 γὰρ
1271 295 1421 332 ἔφυγοντὴν
1435 294 1610 331 Ἰερουσαλὴμ
1623 296 1647 321 οἱ
1657 294 1694 330 τῷ
1707 294 1763 329 Θεῷ
1774 295 1929 330 ἀνακείμενοι

1161 344 1256 379 ἄνδρες
1267 343 1310 370 διὰ
1323 342 1370 373 τὰς
1382 342 1409 367 ἐν
1420 341 1488 377 αὐτῇ
1501 341 1710 375 συντελουμένας
1719 340 1927 376 ἀθέους-πράξεις.

1164 403 1173 418 ι
1192 392 1245 418 Kal.
1259 390 1420 422 ἀπέστειλας
1435 389 1564 425 πρέσϐεις
1580 389 1649 424 ὑπὲρ
1680 389 1714 415 τὰ
1739 389 1800 424 ὅρια
1822 397 1875 422 σου,
1891 391 1929 416 καὶ

1161 437 1345 472 ἑταπεινώθης
1359 436 1411 467 ἕως
1428 435 1500 471 ᾅδου.
1522 445 1531 461 ι
1564 435 1656 461 Ταῦτα
1686 434 1773 460 πάντα
1804 443 1930 469 προσωπο-

1161 485 1233 511 ποιεῖ
1252 484 1289 515 ὡς
1304 483 1371 519 πρὸς
1387 483 1497 518 ἑταίραν
1514 481 1766 516 καλλωπιζομένην,
1785 481 1830 507 καὶ
1855 481 1930 508 πάντα

1163 530 1334 566 πράττουσαν
1348 529 1389 563 ἐφ’
1404 529 1483 564 ἡδονῇ
1498 528 1551 554 τῶν
1563 527 1716 563 προσόντων
1727 527 1805 562 αὐτῇ.

1199 585 1208 601 ί
1224 576 1279 607 Τὰς
1293 575 1434 606 πολυοδίας
1454 583 1502 600 σου
1529 573 1693 605 ὲκοτιίασας,
1716 573 1762 599 καὶ
1789 572 1836 598 οὐκ
1855 571 1930 605 εἶπας,

1162 622 1315 657 Παύσομαι.
1337 631 1345 647 ι
1368 621 1405 647 Οὺ
1432 621 1486 655 γὰρ
1509 620 1571 655 μίαν
1591 619 1688 650 ὥδευες
1702 619 1751 654 τὴν
1764 618 1896 654 βασιλικὴν
1908 620 1930 645 ὸ-

1160 670 1214 701 δὸν,
1232 668 1300 695 ἀλλὰ
1312 667 1410 698 πολλὰς
1439 667 1484 693 καὶ
1511 664 1753 700 πεπλανημένας(
1778 663 1931 699 Ἐνίσχυσας,

1160 718 1198 743 ὅτι
1220 716 1341 752 ἔπραξας
1370 714 1471 741 ταῦτα·
1489 714 1533 740 διὰ
1561 713 1638 739 τοῦτο
1661 713 1691 738 οὐ
1708 712 1870 748 κατεδεήθης
1891 721 1932 747 μου

1162 764 1207 790 σύ·
1228 773 1237 789 ι
1267 762 1323 789 ἀλλ’
1353 761 1446 796 ὥσπερ
1461 760 1590 795 ἰσχύουσα
1611 761 1657 786 καὶ
1676 759 1872 794 νεανιευομένη,
1886 759 1932 793 χεί-

1163 817 1226 844 ρονα
1241 808 1341 834 τούτων
1359 806 1480 843 ἔπραξας
1507 806 1670 842 ἐπιμένουσα
1685 807 1745 837 ταῖς
1758 805 1869 837 οἰκείαις
1882 806 1933 832 ἀτο-

1161 855 1245 886 πίαις.

1198 910 1207 926 ι
1229 901 1296 927 Τίνα
1308 900 1487 935 εὐλαϐηθεῖσα
1501 899 1646 935 ἐφοϐήθης,
1656 900 1703 926 καὶ
1726 899 1832 934 ἐψεύσω
1845 908 1885 934 με,
1895 899 1934 925 καὶ

1164 949 1214 974 οὐκ
1229 947 1367 983 ἐμνήσθης
1385 957 1446 982 μου,
1461 947 1514 974 οὺδ⁴
1529 948 1622 979 έλαΰές
1638 957 1671 982 με
1698 949 1738 979 είς
1756 947 1806 982 τὴν
1821 947 1933 977 διάνοιαν,

1165 994 1221 1020 οὐδ’
1238 995 1277 1026 εἰς
1294 994 1342 1029 τήν
1360 993 1472 1029 καρδίαν
1489 1002 1553 1025 σου;
1569 994 1623 1020 Kal.
1637 992 1692 1027 ἐγώ
1706 1001 1733 1018 σε
1749 992 1810 1019 ἰδὼν
1828 991 1934 1028 παρορῶ,

1164 1041 1210 1067 καὶ
1220 1041 1270 1076 ἐμὲ
1285 1041 1335 1067 οὒκ
1351 1039 1498 1076 ἐφοϐήθης.
1537 1040 1591 1066 Καὶ
1612 1039 1667 1073 ἐγὼ
1683 1039 1832 1073 ἀπαγγελῶ
1847 1039 1890 1073 τὴν
1904 1038 1935 1065 6t-

1165 1086 1308 1121 καιοσύνην
1333 1095 1383 1122 μου
1405 1086 1500 1113 καὶτὰ
1517 1086 1589 1112 κακά
1599 1095 1655 1117 σου,
1673 1086 1719 1112 καὶ
1741 1086 1792 1112 οὑκ
1817 1085 1936 1121 ὠφελήσει

1165 1142 1204 1160 σε.
1223 1134 1305 1159 Ὅταν
1323 1133 1487 1168 ἀναϐοήσῃς,
1504 1132 1686 1165 ὲξελὲσθωσάν
1708 1141 1737 1158 σε
1755 1133 1786 1158 ὲν
1805 1133 1837 1167 τῇ
1862 1131 1936 1166 ϐλέψει

1165 1189 1212 1206 σου
1222 1188 1228 1194 ·
1244 1179 1352 1210 τούτους
1367 1179 1420 1214 γὰρ
1433 1179 1536 1210 πάντας
1549 1178 1648 1213 ἄνεμος
1667 1178 1783 1213 λήψεται
1793 1198 1800 1210 ,
1815 1178 1860 1204 καὶ
1871 1176 1935 1203 ἀποί-

1166 1234 1206 1252 σει
1223 1225 1357 1259 καταιγίς.
1376 1226 1406 1251 Οί
1423 1224 1450 1251 δὲ
1462 1224 1636 1260 ἀντεχόμενοί
1653 1233 1703 1259 μου
1731 1224 1872 1259 κτήσονται
1885 1223 1935 1257 γῆν,

1165 1272 1211 1299 καὶ
1228 1272 1458 1307 κληρονομήσουσι
1472 1271 1502 1296 τὸ
1516 1270 1577 1305 ὅρος
1600 1270 1630 1296 τὺ
1646 1270 1720 1304 ἅγιόν
1733 1278 1796 1305 μου.
1816 1280 1824 1295 ι
1843 1269 1935 1299 Πάντας

1166 1318 1215 1353 μὲν
1226 1316 1272 1345 οὖν
1286 1318 1348 1349 τοὺς
1371 1316 1605 1353 κατηγορηθέντας
1629 1317 1743 1352 λήψεται
1764 1317 1872 1351 ἄνεμος,
1899 1315 1936 1341 καὶ

1164 1366 1271 1392 ἀποίσει
1284 1365 1420 1399 καταιγίς.
1436 1365 1490 1391 Καὶ
1505 1365 1610 1391 τοιοῦτο
1626 1364 1700 1396 τέλος
1715 1365 1873 1400 διαλήψεται
1884 1363 1936 1393 τοὺς

1164 1412 1210 1437 ἐπὶ
1221 1413 1277 1443 τοῖς
1290 1411 1445 1447 εἰρημένοις
1458 1411 1650 1445 διαϐληθέντας
1662 1420 1668 1426 ·
1682 1411 1745 1443 τοὺς
1755 1411 1785 1438 δὲ
1804 1411 1852 1445 τὴν
1865 1409 1937 1443 καλὴν

1164 1458 1360 1493 ἐκλεξαμένους
1383 1458 1489 1493 μερίδα,
1503 1457 1553 1492 ἐμὲ
1569 1457 1668 1493 δηλαδὴ
1682 1458 1728 1484 τὸν
1737 1457 1806 1484 Θεὸν
1823 1457 1867 1484 καὶ
1884 1456 1936 1486 τοὺς

1162 1504 1290 1539 γνησίους
1315 1505 1362 1531 καὶ
1378 1503 1505 1539 καθαρῶς
1520 1504 1713 1540 ἀντεχομένους
1725 1524 1733 1536 ,
1750 1505 1766 1539 ὴ
1796 1505 1857 1539 παρ’
1880 1501 1935 1537 ἐμοῦ

1163 1550 1265 1586 ἀμοιϐὴ
1278 1550 1440 1584 διαδέξεται.

1199 1605 1208 1620 ι
1230 1595 1285 1622 Kal.
1301 1595 1395 1630 ἐροῦσι
1410 1605 1415 1611 ·
1445 1596 1619 1632 Καθαρίσατε
1633 1596 1688 1623 ἀπὸ
1704 1595 1851 1632 προσώπου
1865 1593 1936 1621 αὐτοῦ

1161 1641 1246 1673 ὀδοὺς,
1261 1641 1306 1668 καὶ
1317 1641 1401 1677 ἄρατε
1417 1641 1509 1669 σκῶλα
1524 1642 1578 1670 ἀπὸ
1591 1642 1640 1678 τῆς
1652 1641 1712 1669 ὁδοῦ
1730 1641 1778 1668 τοῦ
1791 1641 1853 1668 λαοῦ
1869 1649 1934 1676 μου.)

1162 1688 1199 1714 Ut‘)
1214 1687 1267 1723 γὰρ
1287 1688 1369 1723 μόνης
1384 1688 1433 1723 τῆς
1461 1688 1596 1724 σωτηρίας
1615 1688 1742 1724 πρόνοιαν
1770 1689 1904 1724 ποιήσεται
1925 1685 1936 1711 ό

1162 1733 1237 1769 παρὰ
1253 1733 1291 1768 τῷ
1307 1733 1366 1768 Θεῷ
1382 1734 1574 1770 κατορθώσας,
1600 1734 1656 1760 ἀλλ’
1680 1734 1729 1770 ἥδη
1756 1734 1805 1760 καὶ
1832 1733 1868 1768 τῷ
1890 1731 1936 1766 λαῷ

1161 1778 1228 1805 Θεοῦ
1242 1779 1377 1815 χρήσιμον
1393 1780 1488 1806 ἑαυτὸν
1503 1780 1615 1816 παρέξει
1635 1781 1812 1817 προστάττων
1827 1778 1935 1815 ἐξομαλί-

1162 1825 1218 1858 ζειν
1229 1825 1304 1861 αὑτῷ
1317 1826 1367 1861 τὴν
1381 1827 1439 1854 ὁδὸν
1455 1828 1503 1863 τῆς
1517 1827 1681 1860 θεοσεϐείας,
1697 1829 1742 1854 καὶ
1763 1829 1800 1855 τὰ
1821 1826 1935 1854 δοκοῦντα

1163 1873 1372 1908 προσκόμματα.

1199 1927 1208 1943 t
1228 1918 1296 1945 Τάδε
1311 1918 1384 1953 λέγει
1403 1920 1417 1946 ὁ
1431 1919 1570 1954 ’Ύψιστος,
1597 1921 1611 1946 ὁ
1635 1921 1664 1946 ἐν
1689 1920 1805 1956 ὑψηλοῖς
1818 1918 1935 1947 κατοικῶν

1163 1965 1203 1996 εἰς
1219 1965 1264 1991 τὸν
1273 1965 1368 1997 αἰῶνα,
1380 1966 1474 1999 ’Ἄγιος
1488 1966 1516 1992 ὲν
1524 1966 1609 1999 ἁγίοις
1620 1966 1703 2000 ὄνομα
1717 1966 1792 2001 αὑτῷ
1801 1975 1808 1981 ·
1820 1965 1935 1999 "Td/mo;

1161 2013 1189 2037 ὲν
1202 2011 1289 2046 ἁγίοις
1305 2011 1520 2046 ἀναπαυόμενος,
1535 2012 1582 2038 καὶ
1603 2012 1772 2046 ὀλιγοψύχοις
1793 2012 1877 2042 διδοὺς
1891 2018 1934 2046 μα-

1161 2057 1321 2093 κροθυμίαν,
1335 2059 1382 2085 καὶ
1391 2057 1476 2089 διδοὺς
1491 2057 1561 2094 ζωὴν
1575 2060 1630 2090 τοῖς
1647 2059 1882 2094 συντετριμμένοις
1894 2057 1935 2091 τὴν

1161 2104 1303 2139 καρδίαν.»
1323 2104 1394 2140 Πρὸς
1405 2105 1467 2136 τοὺς
1484 2105 1513 2131 ἐν
1528 2105 1566 2140 τῷ
1587 2105 1644 2139 λαῷ
1665 2105 1788 2136 εὐλαϐεῖς
1809 2105 1853 2132 καὶ
1866 2102 1934 2138 φόϐον

1162 2148 1228 2175 Θεοῦ
1246 2149 1440 2184 κεκτημένους,
1458 2149 1505 2176 καὶ
1521 2149 1717 2184 μετανοοῦντας
1732 2149 1776 2184 ἐφ’
1794 2147 1834 2181 οἷς
1854 2149 1933 2183 ἥμαρ-

1159 2203 1215 2226 τον,
1230 2194 1304 2229 οὒςὴ
1322 2194 1444 2229 παροῦσα
1460 2194 1532 2228 λέξις
1557 2189 1803 2230 συντετριμμένους
1818 2195 1864 2229 τὴν
1876 2201 1933 2228 καρ-

1160 2240 1218 2266 δίαν
1231 2240 1278 2266 καὶ
1293 2239 1469 2274 ὀλιγοψύχους
1483 2240 1620 2276 ὀνομάζει,
1638 2241 1811 2276 παράκλησιν
1831 2240 1876 2266 καὶ
1891 2246 1933 2264 πα-

1127 2288 1147 2314 υ
1161 2285 1296 2320 ραμυθίαν
1321 2285 1464 2321 προσάγει.
1481 2284 1571 2313 Ἦσαν
1592 2287 1646 2321 γὰρ
1672 2288 1700 2312 ἐν
1723 2287 1824 2318 αὐτοῖς,
1851 2286 1873 2312 εἰ
1894 2283 1932 2310 καὶ

1160 2330 1269 2366 βραχεῖς
1285 2331 1332 2357 xal.
1346 2332 1454 2367 ἀριθμῷ
1464 2332 1569 2367 ληπτοί.
1586 2332 1659 2367 Πλὴν
1671 2333 1745 2367 ὅμως
1760 2330 1838 2368 ἦσαν,
1851 2331 1932 2365 ἄνδρες

1158 2375 1331 2410 ἀνακείμενοι
1348 2376 1387 2411 τῷ
1403 2377 1478 2412 Θεῷ·
1494 2377 1543 2412 οὐχ
1563 2377 1588 2403 οἱ
1612 2378 1747 2413 προφῆται
1764 2377 1852 2412 μόνον,
1873 2373 1931 2401 ἀλλὰ

1158 2421 1205 2447 καὶ
1219 2421 1306 2456 ἕτεροι
1321 2422 1421 2448 τούτων
1438 2422 1565 2457 ζηλωταὶ,
1577 2423 1793 2459 μαθητευόμενοι
1807 2424 1859 2454 τοῖς
1875 2428 1931 2457 προ-

1159 2467 1267 2501 φήταις,
1289 2467 1336 2493 καὶ
1355 2469 1416 2499 ταῖς
1444 2468 1628 2500 διδασκαλίαις
1646 2468 1734 2496 αὐτῶν
1763 2467 1929 2505 προσανέχον-

1158 2520 1212 2543 τες.

1196 2567 1204 2583 ι
1222 2559 1278 2585 Οὐκ
1304 2560 1344 2589 εἰς
1368 2560 1414 2587 τὸν
1443 2560 1528 2587 αἰῶνα
1556 2561 1692 2596 ἐκδικήσω
1715 2562 1795 2596 ὑμᾶς,
1812 2560 1869 2587 οὐδὲ
1891 2558 1928 2585 διὰ

1159 2604 1257 2635 παντὸς
1270 2605 1467 2641 ὀργισθήσομαι
1493 2607 1566 2642 ὑμῖν.
1596 2607 1708 2643 Πνεῦμα
1720 2608 1774 2643 γὰρ
1788 2608 1849 2642 παρ’
1870 2603 1927 2641 ἐμοῦ

1158 2649 1338 2683 ἐξελεύσεται,
1352 2652 1397 2677 καὶ
1410 2652 1492 2687 πνοὴν
1507 2652 1597 2679 πᾶσαν
1616 2652 1670 2687 ἐγὼ
1682 2653 1805 2688 ἐποίησα.
1829 2662 1838 2678 ι
1854 2650 1927 2678 Μέλει

1158 2695 1212 2730 γάρ
1225 2704 1268 2731 μοι
1284 2696 1331 2722 τοῦ
1348 2697 1511 2732 πνεύματος,
1524 2699 1589 2734 ὅπερ
1617 2698 1646 2731 ἐξ
1667 2698 1733 2733 ἐμοῦ
1746 2697 1880 2734 προελθὸν,
1893 2695 1927 2726 είς
1946 2711 1949 2732 γ

1159 2742 1229 2776 ὑμᾶς
1255 2742 1430 2777 κατῴκησεν·
1461 2743 1554 2779 ἐπειδὴ
1578 2745 1626 2770 καὶ
1654 2744 1768 2780 ποιητὴς
1799 2742 1927 2778 τυγχάνων

1161 2787 1251 2822 πάσης
1273 2789 1357 2822 πνοῆς
1382 2788 1431 2822 τῆς
1454 2788 1605 2828 δυναμένης
1629 2798 1663 2825 με
1684 2790 1778 2822 αἰνεῖν,
1804 2789 1871 2816 κατὰ
1891 2785 1926 2817 τὸν

1127 932 1148 958 Β

1162 2876 1206 2902 hic
1221 2883 1281 2903 esse
1299 2881 1403 2916 vtaetnr
1421 2886 1429 2916 ς
1449 2878 1621 2916 ιΜυΙιοεῳιο
1644 2881 1688 2915 qui
1709 2885 1795 2908 tecum
1819 2877 1926 2907 fornica-

1162 2917 1256 2938 rcntur
1267 2912 1360 2946 procul
1373 2914 1505 2942 accivisti.
1517 2924 1526 2940 ι
