2061 3215
169 158 221 186 477

627 161 875 190 COMMENTARIA
896 163 927 190 IN
948 164 1204 192 lSAlAM.—-—CAP.
1226 165 1312 192 LVIII.

1731 171 1783 197 478

171 228 180 244 ι
197 219 275 245 Πᾶσα
292 218 359 254 πνοὴ
378 218 511 245 αίνεσάτω
523 219 569 245 τὸν
593 219 705 254 Κύριον,
727 230 736 246 ι
754 222 799 247 καὶ
820 221 848 247 ὲν
859 223 892 256 τῇ
909 230 954 248 κο-

1009 232 1017 249 ι
1030 223 1123 251 Omnis
1138 224 1249 258 spiritus
1264 224 1545 258 laudetDunirmm”;
1565 221 1637 250 DE:an
1646 229 1783 255 creatione

169 264 299 300 σμοποιίᾳ
314 264 342 291 δὲ
358 265 564 300 ὲμφυσήσαντος
577 264 624 291 τοῦ
635 265 702 292 Θεοῦ
727 267 835 301 ἐγένετο
851 267 954 303 ἀνθρω-

168 318 219 342 ﬁo;
234 310 274 342 είς
290 309 380 345 ψυχὴν
394 309 494 342 ζῶσαν.

204 364 215 382 ι
230 356 269 381 Δι’
285 355 421 390 ἁμαρτίαν
436 355 523 390 βραχύ
537 365 563 382 τι
577 356 699 392 ἐλύπησα
711 357 802 390 αὑτὸν,
820 358 866 384 καὶ
889 358 955 384 ἐπά-

166 401 234 434 ταξα
258 401 349 433 αὑτὸν,
374 400 422 427 καὶ
447 401 607 436 ἀπέστρεψα
628 403 658 429 τὸ
680 403 824 439 πρόσωπόν
842 413 892 439 μου
907 404 954 431 ἀπ’

165 446 260 479 αὐτοῦ,
273 446 320 473 καὶ
344 446 475 482 ἐλυπήθη,
497 448 543 474 καὶ
563 448 697 485 ἐπορεύθη
726 449 836 484 στυγνὸς
853 451 881 476 ὲν
896 452 955 483 ταῖς

168 493 237 525 ὁδοῖς
253 492 348 520 αὑτοῦ.
362 493 420 524 Τὰς
441 493 517 525 ὁδοὺς
538 493 620 520 αὑτοῦ
638 494 757 530 ἑώρακα,
776 495 823 521 καὶ
836 495 954 532 ἰασάμην

138 536 259 590 ξαύτὸν,
274 539 322 567 καὶ
342 539 515 574 παρεκάλεσα
530 539 619 573 αὑτὸν,
633 540 680 567 καὶ
707 540 793 567 ἔδωκα
809 541 883 577 αὐτῷ
902 550 955 568 πα-

168 585 299 622 ράκλησιν
313 585 452 636 ἀληθινὶχν,
465 586 576 622 εἰρήνην
590 587 633 613 ἐπ’
650 587 746 623 εἰρήνῃ
767 589 824 619 τοῖς
848 587 955 623 μακρὰν

146 630 153 671 ξ
167 632 215 660 καὶ
225 633 283 664 τοῖς
296 633 380 667 ἐγγὺς
394 630 463 659 οὖσι.
479 633 534 659 Καὶ
555 631 614 659 εἷπε
629 633 731 669 Κύριος
742 642 749 648 ·
770 634 891 669 ’ἰάσομαι
905 635 954 661 αὑ-

148 674 153 681 ’
166 677 241 708 τούς.
255 678 287 704 Οἱ
300 677 329 704 δὲ
350 677 436 705 ἄδικοι
449 678 720 714 κλυδωνισθήσονται,
736 680 783 706 καὶ
798 680 955 707 ἀναπαύσα-

168 723 230 751 σθαι
240 724 271 750 οὺ
289 723 457 759 δυνήσονται.
477 724 534 752 Οὐκ
549 723 605 750 ἔστι
623 725 726 760 χαίρειν
740 726 797 756 τοῖς
817 725 953 758 ἀσεὸέσιν,

168 769 245 797 εἶπεν
260 771 275 797 ὸ
292 769 368 802 Θεός.
388 779 398 796 ι
415 770 446 796 Ei
462 770 510 796 καὶ
526 770 594 806 πρὸς
611 769 714 806 βραχύν
730 780 790 797 τινα
805 771 900 806 καιρὸν
910 772 955 799 διά

166 824 243 849 τινας
265 815 296 849 ὲξ
311 815 485 852 ἀνθρωπίνης
499 815 640 846 ἀσθενείας
653 816 846 851 ὲπιγενομένας
865 817 953 852 ἀμαρ-

166 863 228 895 τίας
250 862 374 898 ἐλύπησα
397 862 461 893 τοὺς
476 861 671 897 ἡμαρτηκότας
690 861 737 888 καὶ
763 861 895 894 ἐπάταξα,
910 860 955 890 οἷα

1005 270 1107 302 mundi,
1121 269 1274 298 insufflante
1289 272 1352 303 Deo,
1368 271 1453 298 factus
1462 277 1504 298 est
1525 273 1604 299 homo
1621 274 1647 299 in
1662 274 1779 302 animam

1003 321 1147 343 vrveutem.

1041 363 1122 391 Vnns.
1171 364 1262 390 17-21.
1301 373 1310 390 ‹
1330 365 1442 396 Propter
1474 371 1613 400 peccaturo
1648 367 1783 401 paululum

1005 411 1163 437 contristavi
1178 419 1251 442 cum,
1265 417 1290 438 et
1303 413 1422 446 percussi
1440 420 1516 444 cum,
1542 417 1568 440 et
1589 413 1674 440 averti
1689 413 1785 439 facient

1005 463 1092 483 meam
1117 457 1151 484 ab
1176 465 1220 490 eo,
1247 463 1275 484 et
1301 460 1476 486 contristatns
1502 464 1552 493 est,
1582 464 1609 487 et
1639 459 1786 487 ambulavit

1007 503 1092 531 tristis
1110 504 1135 531 in
1150 505 1202 531 viis
1219 505 1284 532 suis.
1300 504 1364 532 Vias
1379 505 1438 540 ejus
1451 506 1514 539 vidi,
1541 511 1568 533 et
1591 506 1683 534 sanavi
1711 513 1784 539 eum,

1005 554 1032 577 el
1045 551 1196 578 consolatus
1209 559 1267 579 sum
1290 558 1349 578 eum
1364 572 1371 584 ,
1399 558 1426 579 et
1444 553 1505 580 dedi
1524 553 1548 581 ei
1574 553 1786 580 consolationem

1005 603 1109 630 veram,
1126 605 1220 632 pacem
1246 605 1327 632 super
1348 606 1439 632 pacem
1463 599 1495 626 iis
1517 599 1563 634 qui
1582 599 1658 634 longe
1690 603 1717 626 ct
1739 597 1785 633 qui

1005 649 1089 677 prope
1100 649 1173 670 sunt.
1203 643 1236 670 Et
1262 645 1332 671 dixit
1348 643 1476 672 Dominus
1492 655 1499 672 :
1519 644 1627 673 Sanabo
1653 653 1700 673 eos
1715 652 1723 671 :
1739 645 1785 679 qui

1005 695 1095 716 autem
1120 690 1203 724 iniqui
1229 695 1292 718 sunt
1320 690 1498 724 fluctuabant,
1526 696 1553 718 et
1580 700 1632 720 non
1659 695 1787 726 poterunt

1005 736 1155 768 quiescere.
1172 736 1229 764 Non
1253 741 1294 764 est
1320 738 1445 773 gaudium
1467 738 1565 773 impiis,
1583 738 1650 764 dixit
1674 738 1754 765 Deus.
1773 746 1784 764 ι

1004 779 1117 809 Etiamsi
1133 782 1166 810 ad
1180 783 1262 811 breve
1278 784 1410 818 quoddam
1429 788 1545 818 tempus,
1562 785 1596 812 ob
1616 784 1737 819 quaedam
1754 788 1787 811 οι

1006 826 1123 856 humana
1155 829 1312 858 inﬁrmitate
1341 831 1462 866 profecta
1488 835 1619 866 peccata,
1643 834 1787 866 peccantes

1005 874 1114 903 tristitia
1137 875 1273 904 aﬂ‘ecerim
1285 882 1312 905 et
1326 878 1503 912 percusserim
1515 897 1522 909 .
1538 878 1614 912 quasi
1631 882 1705 912 paler
1719 876 1788 902 filios

167 908 258 944 πατὴρ
270 909 344 940 υἱοὺς
359 907 503 935 παιδεύων·
523 917 533 933 ι
554 908 602 934 Ὃν
613 917 624 933 ι
639 908 694 944 γὰρ
710 917 720 934 ι
737 908 831 944 ἀγαπᾷ
848 908 958 944 Κύριος,

1011 922 1160 957 corripiens
1173 931 1182 950 :
1194 931 1268 956 nam,
1286 933 1296 949 ι
1309 907 1392 956 Quem
1407 923 1491 958 diligit
1509 907 1647 954 Dominus.
1663 923 1786 957 castigat;

168 953 308 981 παιδεύεν
325 955 453 990 μαστιγοῖ
466 953 494 980 δὲ
506 953 596 981 πάντα
611 953 668 981 υίὺν
684 953 713 981 ὃν
728 954 926 990 παραδέχεταιι
944 964 953 980 ι

167 1001 227 1028 ἀλλ’
243 1000 347 1036 ἐπειδὴ,
363 1000 540 1036 συναίσθησιν
552 1000 678 1032 λαὸόντες
687 1000 736 1036 τῆς
746 1000 816 1036 ὲμῆς
823 1000 956 1033 παιδείας,

168 1046 322 1082 ἰλυπήϐιητε
335 1046 385 1082 τὴν
404 1046 473 1073 κατά
500 1045 567 1073 Θεὸν
590 1045 689 1081 λύπην,
715 1046 764 1073 κα)⁸
792 1047 958 1083 ἐπορεύθητε

169 1093 279 1128 στυγνοι
294 1092 527 1128 μεταμεληθέντες
540 1101 545 1106 ·
561 1091 654 1119 τούτου
668 1092 758 1128 χάριν,
774 1092 822 1128 τὴν
834 1093 958 1128 ἐπιστρο-

168 1139 221 1175 φὴν
234 1139 282 1166 καὶ
295 1138 344 1174 τὴν
361 1139 502 1175 μετάνοιαν
511 1138 587 1174 ὑμῶν
602 1138 769 1174 θεασάμενος
782 1139 828 1165 καὶ
842 1138 891 1171 τὰς
909 1147 958 1174 μεθ

167 1183 202 1210 τὰ
216 1183 305 1212 ταῦτα
330 1182 455 1219 πράξεις,
472 1183 519 1210 καὶ
532 1182 580 1209 τοῦ
598 1183 656 1218 βίου
670 1183 719 1215 τὰς
735 1183 822 1216 ὀδοὺς,
839 1183 958 1219 ἰασάμην

169 1229 243 1264 ὑμᾶς
268 1229 315 1256 καὶ
334 1228 510 1264 παρεκάλεσα
535 1229 596 1260 δοὺς
614 1229 787 1265 παράκλησιν
808 1229 937 1265 ἀληθινήν
949 1237 956 1244 ·

172 1275 261 1302 πάντα
276 1274 331 1310 γὰρ
347 1275 412 1310 παρ’
428 1274 496 1310 ἐμοῦ
511 1275 552 1306 εἰς
567 1275 630 1306 τοὺς
645 1275 728 1311 ἐμοὺς
742 1275 859 1306 οἰκείους
876 1283 959 1310 χορη-

169 1320 291 1356 γούμενα
300 1320 416 1356 ἀληθινὰ
432 1320 569 1356 τυγχάνει.
594 1321 693 1357 Διόπερ
706 1323 762 1352 τοῖς
779 1321 810 1346 ἐκ
827 1321 875 1356 τῆς
890 1322 958 1356 ἐμῆς

171 1365 292 1398 παιδείας
304 1366 510 1401 σωφῳνισοεῖσι
527 1366 698 1402 παράκλησιν
712 1365 839 1401 ἀληθινὴν
856 1366 958 1392 δέδωκα

171 1411 218 1438 καὶ
231 1410 382 1447 εἰρηνικὴν,
399 1411 447 1446 οὐχ
459 1410 547 1446 ἁπλῆν
563 1419 622 1438 τινα
637 1411 683 1438 καὶ
699 1411 876 1447 πρόσκαιρον,
892 1411 959 1438 ἀλλὰ

172 1455 473 1491 πολυπλασιαζομένηνι
498 1455 536 1487 ὡς
556 1456 602 1482 καὶ
621 1456 674 1482 ἀπὺ
698 1456 752 1482 τῶν
778 1457 860 1490 ἐγγὺς
887 1455 958 1491 ἔχειν

171 1500 267 1537 αὐτὴν,
284 1501 331 1528 καὶ
355 1501 410 1528 ἀπὸ
425 1501 480 1528 τῶν
501 1501 596 1537 πόῤῥω
611 1502 657 1527 καὶ
675 1501 782 1536 μακρὰν
799 1502 959 1537 ἀπῳκισμέ-

174 1553 239 1577 νοις.

421 1625 617 1651 ΚΕΦΔΛΑΙΟΝ
635 1624 701 1652 NH’.

208 1678 218 1694 ι
239 1669 403 1706 ’Δναϐόησον
418 1671 446 1696 ὲν
456 1670 538 1705 ἰσχύϊ,
554 1671 600 1696 καὶ
619 1670 656 1705 μὴ
673 1669 764 1706 φείσῃ,
778 1670 815 1702 ὡς
828 1670 956 1704 σάλπιγγι

172 1714 277 1750 ὕψωσαν
291 1715 340 1751 τὴν
357 1718 450 1751 φωνήν
471 1724 528 1748 σου,
544 1715 591 1742 καὶ
601 1715 761 1749 ἀνάγγειλον
777 1715 816 1751 τῷ
829 1715 886 1751 λαῷ
906 1725 956 1751 μου

172 1760 205 1788 τὰ
220 1761 407 1797 ἁμαρτήματα
418 1761 518 1793 αὐτῶν,
535 1760 629 1796 καὶτῷ
646 1761 712 1796 οῐκῳ
728 1761 825 1787 Ἰακὼϐ
839 1760 887 1792 τὰς
901 1761 958 1786 ἀνο-

174 1807 239 1842 μίας
252 1807 350 1834 αὐτῶν.
368 1817 377 1833 ι
395 1808 458 1839 Τοῖς
470 1807 519 1843 μὲν
535 1804 582 1834 οὖν
597 1807 800 1842 εὐαγγελισταῖς
812 1807 858 1834 τοῦ
873 1815 959 1841 σωτη-

176 1853 234 1888 ρίου
248 1853 327 1887 λόγου
340 1853 384 1880 διὰ
395 1853 448 1881 τῶν
475 1854 628 1890 ἔμπροσθεν
651 1854 772 1888 ἐλέγετο·
792 1863 801 1879 ι
823 1854 881 1880 Ἐπ’
897 1853 960 1888 ὅρος

175 1899 276 1935 ὑψηλὸν
300 1899 426 1934 ἀνάϐηθι,
454 1902 467 1926 ὁ
495 1900 736 1935 εὐαγγελιζόμενος
767 1900 958 1936 Ἰερουσαλήμ·

175 1944 313 1980 ὑψώσατε,
333 1944 370 1980 μὴ
390 1945 513 1979 φοϐεῖσθε
525 1954 532 1961 ’
553 1956 562 1972 ›
580 1945 695 1972 ἐνταῦθα
713 1945 740 1971 δὲ
768 1945 817 1971 οὐκ
841 1945 884 1971 ἐπ’
899 1944 961 1977 ὅρος

174 1990 277 2029 ὑψηλὸν
291 1990 444 2017 ἀναϐαίνειν
459 1992 473 2018 ὁ
483 1992 625 2028 προφήτης
641 1991 781 2017 κελεύεται
792 2000 799 2007 ⁸
823 1991 883 2017 οὐδὲ
908 1990 963 2026 γὰρ

174 2033 244 2071 ἦσαν
272 2036 301 2062 ὲν
324 2035 396 2070 ὕψει,
410 2033 450 2067 οἷς
466 2035 550 2062 ταῦτα
577 2036 741 2071 προεφώνει·
766 2035 796 2061 τὸ
819 2034 960 2070 διαϐοῆσαι

177 2083 256 2118 μόνον
270 2083 298 2108 ὲν
314 2082 386 2117 ἰσχύϊ
403 2082 449 2109 καὶ
468 2082 504 2118 μὴ
521 2079 727 2116 φείσασθαι,οἴα
740 2082 779 2112 είς
793 2077 849 2107 ὦτα
865 2080 962 2114 κωφῶν

177 2128 307 2155 λαλοῦντα
319 2128 527 2164 προστάττεται,
539 2128 587 2154 καὶ
601 2128 678 2161 δίκην
695 2127 842 2161 σάλπιγγος
857 2126 963 2161 ὑψῶσαι

177 2175 227 2210 τὴν
245 2175 347 2209 φωνήν.
373 2173 494 2207 Σάλπιγξ
512 2173 539 2200 δὲ
561 2174 678 2209 πολέμου
706 2174 837 2208 οημεῖον’
862 2172 902 2199 διὸ
927 2173 964 2204 ὡς

178 2220 246 2255 πρὸς
260 2219 388 2255 πολέμιον
403 2218 448 2245 τὸν
459 2218 544 2254 ἀσεῦῆ
557 2219 603 2245 καὶ
618 2217 777 2254 ἁμαρτωλὸν
789 2218 821 2253 τῇ
836 2217 883 2252 βοῇ
898 2217 965 2252 χρή-

178 2265 274 2292 σασθαι
293 2264 409 2295 κελεύει,
425 2264 464 2295 ὡς
491 2264 524 2291 ἂν
548 2264 696 2299 καθάψοιτο
711 2263 760 2298 τῆς
786 2263 840 2290 τῶν
858 2262 965 2289 ἀκουόν-
981 2254 1002 2280 ι)

177 2319 231 2337 των
244 2310 370 2343 διανοίας,
387 2311 434 2337 καὶ
449 2309 565 2346 τρώσειν
591 2309 674 2345 αὐτὴν
691 2308 729 2344 τῷ
746 2308 963 2343 πληκτικωτάτῳ

178 2356 258 2391 λόγῳ.

214 2422 224 2438 ι
245 2412 310 2447 Ἐμὲ
331 2412 438 2448 ἡμέραν
464 2411 493 2444 ἐξ
518 2410 623 2446 ἡμέρας
647 2409 767 2445 ζητοῦσι,
792 2409 838 2436 καὶ
860 2407 962 2443 γνῶναί

181 2466 231 2493 μου
245 2458 296 2490 τὰς
308 2458 384 2489 ὀδοὺς
400 2456 573 2492 ἐπιθυμοῦσι,
595 2456 632 2488 ὼς
647 2455 710 2488 λαὸς
726 2454 896 2489 δικαιοσύνην
920 2462 965 2480 πε-

179 2504 311 2539 ποιηκὼς,
324 2503 371 2531 καὶ
386 2504 476 2539 κρίσιν
490 2501 557 2529 Θεοῦ
568 2501 651 2529 αὑτοῦ
670 2501 706 2538 μὴ
721 2499 963 2535 ὲγκαταλελοιπώς.

180 2548 289 2576 Λίτοῦσί
314 2556 347 2584 με
370 2547 416 2574 νῦν
444 2547 533 2583 κρίσιν
558 2546 676 2578 δικαίαν,
695 2546 742 2572 καὶ
768 2544 885 2580 ἐγγίζειν
907 2544 966 2579 Θεῷ

180 2593 354 2630 ἐπιθυμοῦσι.
376 2603 386 2619 ι
400 2594 447 2624 Εἰς
462 2593 622 2628 κατάκρισιν
647 2592 711 2619 λαδν
732 2591 813 2618 αὑτοῦ
825 2590 965 2626 ὀνομάζων

179 2640 229 2667 τὸν
244 2638 415 2675 ἁμαρτωλὸν,
431 2638 461 2665 ὃν
476 2637 531 2673 ἐγὼ
550 2638 608 2673 μὲν,
633 2637 725 2674 φησιν,
743 2636 966 2672 εἰσεποιησάμην,

181 2686 228 2712 καῒ¹
241 2685 271 2712 ὃν
283 2684 439 2720 κατηξίωσα
454 2684 517 2710 λαὸν
530 2684 595 2718 ὲμδν
610 2681 788 2719 χρηματίζειν
798 2691 805 2698 ο
820 2682 845 2708 οἰ
856 2681 884 2707 δὲ
900 2681 967 2716 ἐμά-

181 2740 281 2768 κρυνον
301 2730 414 2762 ἑαυτοὺς
428 2729 506 2764 ἐμοῦ,
523 2730 583 2762 ταῖς
596 2729 699 2756 ἑαυτῶν
717 2728 819 2756 ἔκδοτοι
834 2727 970 2763 δεδομένοι

183 2786 303 2809 κικιαις.

222 2877 242 2892 ‘°
260 2877 356 2903 l‘:alm.
373 2879 456 2908 ct,b‘.
498 2876 515 2891 ¹¹
541 2875 620 2902 ιιοιιτ.
647 2883 694 2908 xu,
710 2875 736 2903 6.

1007 968 1124 1006 flagellat
1136 974 1226 997 autem
1241 977 1348 997 omnem
1367 969 1449 996 filium
1462 976 1560 1007 ,qucm
1572 969 1686 1006 suscipit
1698 968 1728 1002 “;
1742 978 1751 994 ι
1761 972 1789 994 ιιι

1007 1015 1070 1049 quia
1085 1015 1110 1042 in
1134 1015 1320 1051 castigationis
1343 1023 1411 1042 mea:
1436 1023 1544 1042 seusqu
1563 1015 1711 1047 venientes,
1738 1013 1788 1046 illi,

1008 1068 1067 1094 quae
1081 1061 1229 1088 secundum
1248 1062 1331 1088 Deum
1350 1067 1391 1088 est
1403 1081 1410 1093 ,
1429 1061 1546 1088 tristitia:
1569 1069 1616 1087 vos
1636 1059 1787 1092 dedidistis,

1008 1115 1040 1134 ac
1054 1108 1210 1140 patuitentia
1227 1107 1298 1134 ducti
1317 1115 1377 1134 cum
1392 1113 1509 1133 morrore
1528 1105 1706 1138 ambulastis;
1725 1105 1785 1131 ideo

1009 1154 1211 1182 convursionem
1225 1158 1250 1181 et
1262 1154 1449 1188 patuitentiam
1467 1157 1582 1179 vestram
1607 1151 1787 1186 conspicatus,

1009 1208 1112 1228 necnon
1127 1200 1275 1236 posteriora
1291 1203 1365 1234 gesta
1392 1203 1479 1225 vestra
1497 1217 1505 1230 ,
1523 1201 1550 1224 et
1566 1197 1623 1223 vias
1637 1197 1698 1223 vita:
1721 1203 1789 1230 quas

1009 1247 1120 1278 iniistis,
1145 1255 1191 1274 vos
1210 1245 1302 1273 sanavi
1317 1250 1343 1272 et
1358 1243 1513 1271 consolatus
1536 1250 1594 1269 smn
1613 1248 1676 1268 vera
1698 1241 1790 1275 utique

1009 1292 1217 1321 consolatione:
1238 1291 1338 1318 etenim
1380 1289 1470 1317 omnia
1498 1296 1513 1315 a
1546 1295 1589 1315 me
1616 1286 1790 1314 familiaribus

1008 1346 1135 1366 concessa
1153 1337 1221 1365 meis
1232 1344 1294 1364 vera
1306 1340 1379 1364 sunt.
1393 1334 1575 1368 Quamobrem
1601 1332 1634 1359 iis
1644 1352 1651 1365 ,
1675 1332 1721 1367 qui
1744 1339 1791 1365 per

1008 1385 1212 1420 castigationem
1246 1390 1333 1410 meam
1360 1382 1551 1416 resipuerunt,
1580 1378 1791 1407 consolationem

1009 1430 1069 1458 dedi
1083 1437 1175 1457 veram
1184 1433 1212 1457 et
1224 1433 1348 1464 pacatam
1360 1448 1369 1460 ,
1382 1435 1435 1454 non
1450 1432 1540 1454 autem
1548 1425 1684 1461 vulgarent
1698 1428 1795 1460 quatu-

1010 1476 1070 1503 datn
1090 1480 1116 1507 et
1132 1475 1335 1509 temporariam.
1356 1473 1403 1501 sed
1421 1472 1680 1500 abundantissimam
1693 1480 1701 1505 ;
1714 1472 1749 1497 ita
1765 1476 1793 1497 ut

1009 1529 1036 1551 et
1049 1531 1109 1551 cum
1125 1523 1246 1558 proxime
1261 1522 1366 1558 positis,
1383 1525 1410 1549 et
1426 1528 1486 1548 cum
1507 1518 1603 1555 procul
1619 1519 1732 1547 remotis
1749 1518 1793 1545 illa

1009 1570 1142 1598 fruantur.

1292 1615 1406 1644 CAPUT
1427 1615 1516 1644 LVIII.

1043 1663 1123 1690 Vsus.
1146 1663 1171 1690 1.
1193 1672 1201 1688 ι
1216 1661 1307 1689 Clama
1323 1669 1384 1689 cum
1398 1661 1567 1692 fortitudine,
1583 1666 1670 1694 neque
1686 1665 1794 1693 parcas,

1009 1710 1085 1743 quasi
1103 1710 1165 1736 tuba
1182 1708 1274 1736 attolle
1288 1716 1381 1735 vocem
1394 1712 1480 1740 tuam,
1493 1712 1520 1734 et
1537 1705 1670 1733 annuntio
1695 1703 1794 1738 populo

1009 1764 1068 1784 meo
1088 1760 1198 1791 peccata
1222 1762 1327 1787 eorum,
1350 1759 1378 1782 et.
1406 1753 1498 1782 domui
1527 1752 1610 1780 Jacob
1639 1751 1795 1786 iniquitates

1009 1809 1131 1830 eorum.»
1148 1801 1275 1836 Superius
1291 1801 1399 1835 quidem
1424 1799 1550 1826 salutaris
1570 1798 1643 1825 verbi
1665 1796 1794 1832 praedica—

1010 1849 1114 1876 toribus
1126 1848 1281 1876 dicebatur:
1296 1857 1304 1872 ι
1319 1846 1407 1881 Super
1419 1849 1537 1872 montem
1552 1844 1685 1871 excelsum
1699 1849 1794 1869 ascen-

1011 1896 1044 1923 de
1070 1896 1114 1930 qui
1138 1894 1306 1929 evangelizas
1325 1891 1499 1919 Jerusalem:
1518 1889 1636 1917 exaltate
1660 1894 1686 1916 et
1712 1888 1796 1915 nolite

1012 1941 1108 1968 timere
1125 1950 1131 1967 :
1150 1950 1159 1966 ι
1181 1940 1224 1966 hic
1246 1946 1313 1966 vero
1333 1945 1386 1965 non
1413 1945 1494 1971 supra
1523 1942 1640 1963 momem
1658 1934 1794 1962 excelsum

1013 1986 1279 2020 ascenderejubetur
1295 1985 1425 2020 propheta
1442 1993 1448 2010 :
1467 1988 1555 2017 neque
1575 1981 1647 2009 enim
1664 1981 1691 2007 in
1713 1987 1795 2006 cacu-

1014 2035 1086 2062 mine
1096 2033 1176 2068 positi
1188 2036 1266 2059 erant
1277 2032 1305 2064 ii,
1321 2030 1419 2066 quibus
1439 2029 1497 2056 hac
1517 2027 1732 2063 pricnuntiabat;
1748 2025 1795 2054 sed

1013 2085 1117 2108 tantum
1131 2084 1160 2106 ιιι
1180 2086 1241 2106 cum
1256 2077 1415 2105 fortitudine
1430 2076 1546 2108 clamet,
1564 2079 1591 2102 et
1617 2081 1650 2101 ne
1678 2077 1774 2108 parcat
1786 2092 1794 2105 ,

1014 2131 1105 2162 utpote
1121 2126 1166 2160 qui
1184 2124 1217 2152 ad
1230 2131 1309 2151 aures
1323 2123 1465 2151 surdorum
1479 2121 1613 2157 loquatur,
1630 2120 1795 2154 praecipitur,

1014 2177 1041 2200 et
1053 2177 1081 2199 ut
1096 2171 1182 2198 instar
1202 2171 1270 2197 tubae
1280 2169 1391 2196 extollat
1403 2176 1505 2195 vocem.
1520 2167 1594 2194 Tuba
1606 2174 1669 2193 vero
1681 2165 1796 2192 militare

1015 2218 1118 2252 signum
1147 2222 1189 2244 est
1205 2223 1306 2250 :quare
1333 2216 1462 2242 adversus
1480 2213 1592 2247 impium
1617 2216 1644 2239 et
1670 2215 1795 2246 peccato-

1017 2271 1083 2294 rem,
1101 2268 1129 2290 ut
1142 2267 1235 2290 contra
1250 2262 1399 2294 inimicum,
1415 2260 1534 2287 clamore
1548 2258 1586 2286 uti
1601 2257 1687 2291 jubet,
1702 2255 1746 2290 qui
1763 2256 1795 2282 ad

991 2305 994 2307 “
1017 2309 1170 2336 auditorum
1193 2309 1309 2335 mentem
1331 2307 1477 2343 pet-tingat,
1505 2304 1645 2339 ipsamque
1674 2302 1700 2329 vi
1723 2302 1797 2328 vocis

1016 2355 1094 2382 feriat
1107 2360 1133 2382 et
1148 2355 1277 2381 vulneret.

1051 2402 1132 2429 Vens.
1155 2401 1183 2428 2.
1213 2410 1222 2426 ι
1238 2400 1279 2428 Me
1295 2402 1328 2428 de
1340 2400 1382 2427 die
1397 2400 1423 2426 in
1437 2399 1506 2426 diem
1528 2401 1669 2431 quaerunt,
1685 2399 1712 2422 et
1727 2394 1797 2422 scire

1016 2448 1074 2474 vias
1086 2455 1162 2475 meas
1175 2447 1295 2482 cupiunt,
1317 2452 1443 2480 tanquam
1463 2443 1587 2478 populus,
1603 2442 1648 2476 qui
1662 2441 1795 2476 justitiam

1018 2493 1121 2525 fecerit,
1137 2497 1164 2521 et
1175 2493 1304 2526 judicium
1320 2492 1365 2519 Dei
1379 2491 1419 2519 sui
1433 2498 1485 2518 non
1505 2487 1689 2523 dcrcliqnerit.
1701 2487 1797 2513 Petunt

1017 2548 1032 2567 ιι
1048 2547 1091 2567 me
1106 2547 1177 2567 nunc
1190 2539 1317 2574 iudicium
1329 2538 1443 2572 justum,
1467 2541 1492 2563 et
1510 2536 1725 2570 appropinquare
1744 2533 1796 2560 Dc)

1017 2586 1138 2620 cupiunt.
1156 2595 1166 2611 ι
1194 2584 1325 2620 Populum
1345 2591 1423 2612 suum
1446 2583 1479 2610 ad
1498 2582 1582 2616 ipsius
1595 2579 1797 2608 condemnatio-

1017 2639 1077 2659 nem
1113 2637 1281 2667 peccatorem
1310 2633 1564 2664 nuncupatzqucm
1589 2634 1661 2662 ego,
1690 2625 1796 2660 inquit.

1017 2686 1104 2706 meum
1117 2679 1238 2714 ascripsi,
1253 2682 1280 2705 et
1298 2684 1378 2712 quem
1399 2675 1524 2711 populum
1537 2682 1632 2701 vocare
1645 2680 1732 2700 meum
1744 2680 1797 2698 non

1018 2725 1177 2759 dedignatus
1191 2732 1250 2752 sum
1268 2732 1275 2750 :
1293 2723 1330 2750 illi
1345 2730 1411 2750 vero
1426 2721 1534 2750 malitiae
1548 2728 1603 2748 sua:
1621 2719 1702 2748 dediti
1714 2739 1722 2752 ,
1738 2725 1799 2748 stne

1018 2779 1033 2799 a
1048 2779 1090 2800 me
1101 2771 1196 2808 procul
1215 2773 1397 2798 rem0verunt.
