2061 3215
293 191 346 220 G79

632 190 767 219 EUSEBll
787 191 1024 223 CESAR'IENSIS
1043 195 1116 224 OPP.
1139 196 1226 225 PARS
1247 197 1288 224 Ill.
1309 213 1341 218 —
1360 197 1566 226 EXEGETICA.

1866 204 1916 232 480

329 250 411 279 Vens.
426 250 453 277 3.
475 261 484 276 ι
500 251 641 279 Dicentes:
658 252 747 285 Quare
758 253 959 288 jejunavimus,
983 261 1010 284 et
1026 265 1066 284 non

1168 267 1177 283 α
1194 258 1334 292 Λέγοντες·
1353 260 1385 285 Τί
1405 260 1447 286 ὅτι
1469 260 1680 296 ἐνηστεὺσαμεν,
1701 262 1748 289 καὶ
1764 263 1814 290 οὐκ
1830 261 1915 298 εἶδεςς

295 297 403 324 vidisti?
416 297 616 325 humiliavimus
631 299 735 326 animas
747 305 863 334 nostras,
875 307 900 328 et
916 311 968 330 non
980 311 1080 337 cogno-

293 343 375 370 visti?
390 352 400 368 ι
418 342 485 375 Quia
508 343 570 370 talia
588 344 758 378 impudenter
771 346 845 374 elIari
864 349 974 381 audent,
984 358 1078 384 magna

294 393 333 420 tu,
346 389 381 415 mi
394 389 535 423 propheta,
550 397 615 417 voce
630 395 717 423 utens,
732 393 865 425 responde
879 394 942 427 illis,
960 401 987 422 et
1000 403 1079 423 coar-

293 443 344 470 gue
371 442 429 467 eus,
446 437 517 470 quod
542 436 673 470 judicium
702 446 789 466 meum
819 440 1025 475 dereliquerint,
1051 447 1079 469 et

292 481 365 515 quod
381 482 470 508 omnia
497 490 557 516 qum
579 483 731 517 proferunt,
758 493 812 512 non
842 486 949 515 sincere
974 488 1076 516 dicant.

295 536 304 552 ι
320 527 346 553 In
369 527 463 555 diebus
477 529 549 556 enim
568 529 734 564 jejuniorum
764 536 916 560 vestrorum
950 534 1078 562 invenitis

291 573 446 602 voluntates
463 581 578 608 vestras,
602 582 630 604 et
647 585 741 604 omnes
755 578 874 606 subditos
891 585 997 608 vestros
1011 580 1077 607 allii-

292 619 386 654 gitis.»
410 621 439 647 Si
460 629 526 656 ergo
551 622 585 650 de
610 623 655 650 tali
679 624 783 658 jejunio
807 625 968 660 gloriantur,
1000 627 1077 662 longe

291 667 470 700 przestabilius
489 668 554 702 ipsis
571 675 640 703 erat,
657 676 685 697 ut
699 671 785 705 epulis
807 677 937 700 vacarent
950 693 958 704 ,
981 678 1009 701 et
1033 681 1076 700 res

289 711 444 746 hujusmoili
474 722 526 741 non
552 716 770 750 aggrederentur.
799 717 967 752 Quapropter
999 718 1075 745 initio

288 759 436 793 prophetiae
448 761 550 788 dictum
563 766 604 788 est
621 762 672 789 illis
688 772 694 790 :
708 772 718 789 ι
735 763 870 798 Jeinnium
897 769 925 790 et
945 765 1076 791 cessatio-

289 811 350 830 nem
365 809 391 831 et
402 806 587 834 solemnitates
605 813 710 835 vestras
724 810 779 836 odit
791 810 880 836 anima
899 818 968 838 mea.
982 820 991 836 ι
1008 810 1074 837 Nam

285 849 379 883 jejunii
395 851 490 883 otium,
507 860 559 879 non
573 853 599 879 in
617 854 782 887 pcenitentize
803 856 974 883 occasionem
990 857 1074 884 verti-

291 895 324 922 tis
337 915 345 928 ,
361 898 408 924 sed
425 897 471 924 illo
487 899 521 925 ad
536 899 624 926 debila
639 901 772 936 exigenda
796 907 824 929 et
851 903 996 937 repetenda
1021 904 1074 930 uti-

323 989 403 1017 Vzns.
434 990 459 1018 Δ.
485 991 536 1018 «Si
556 992 590 1019 ad
614 992 674 1020 lites
701 999 727 1021 et
746 1002 850 1030 pugnas
873 995 1019 1031 jejunatis,
1046 1001 1073 1023 et

285 1037 381 1068 pugnis
398 1037 538 1071 perctttitis
553 1039 690 1071 humilem,
702 1041 734 1067 ad
750 1042 814 1076 quid
831 1042 896 1069 mihi
908 1042 1068 1076 jujnnatis?»

288 1079 398 1109 Videtur
413 1083 470 1116 ipso
483 1091 590 1119 quoque
611 1087 759 1121 prophetia:
785 1093 905 1123 tempore
927 1089 978 1115 tale
994 1089 1072 1123 quid-

286 1128 357 1161 piam
390 1128 490 1157 factum
514 1138 597 1158 esse:
615 1133 641 1159 id
667 1134 766 1169 quippe
787 1142 876 1162 sermo
901 1136 1069 1163 subiudicat:

288 1182 298 1198 ι
315 1173 347 1200 Ut
362 1174 442 1203 hodie
463 1177 588 1204 audiatur
603 1179 628 1205 in
643 1179 762 1208 clamore
780 1188 830 1208 vox
845 1188 945 1209 vestra.
964 1191 973 1207 ι

322 1220 401 1248 νιςιιε.
431 1221 457 1249 5.
485 1222 563 1250 (Non
593 1231 642 1259 ego
670 1226 803 1260 jejunium
838 1229 909 1255 istud
935 1230 1016 1265 elegi,
1045 1235 1072 1258 et

282 1265 364 1298 diem,
384 1271 412 1292 ut
440 1267 563 1296 humiliet
586 1271 666 1297 homo
689 1273 809 1300 animum
841 1282 930 1303 suam.
961 1276 1018 1303 Non
1048 1277 1070 1305 si

282 1310 467 1340 incurvaveris
486 1315 563 1348 quasi
581 1317 713 1345 circulum
730 1320 828 1346 collunt
854 1326 940 1355 tuum,
966 1327 993 1349 et
1016 1323 1071 1350 cili-

280 1356 353 1383 cium
371 1362 398 1384 et
418 1359 537 1387 cinerem
551 1362 732 1392 substraveris
748 1374 755 1391 ι
772 1373 860 1401 neque
881 1368 921 1394 sic
938 1369 1070 1396 vocabitis

278 1401 410 1437 jejunium
437 1406 613 1440 acceptabile.
632 1419 641 1434 ι
666 1409 742 1442 Quod
762 1412 784 1438 si
797 1412 859 1447 quis
873 1412 937 1439 velit
954 1414 1062 1440 modtttn

280 1449 337 1475 veri
355 1450 474 1485 mihique
490 1453 598 1486 probati
622 1455 719 1490 jejunii
743 1457 876 1491 ediscere.
901 1459 959 1487 hinc
989 1465 1067 1495 agat:

279 1494 320 1522 Ad
334 1495 452 1523 ltetitiam
469 1499 571 1526 vultum
589 1508 745 1537 componat,
762 1508 789 1530 et
804 1505 863 1532 oleo
885 1512 965 1540 caput
988 1494 1068 1533 inun-

279 1547 346 1575 gens
358 1544 506 1570 secundum
525 1545 645 1574 salutare
662 1554 837 1585 prmceptum,
851 1550 982 1585 jeruium
999 1552 1066 1581 clam

278 1587 414 1620 observet,
430 1593 457 1616 et
471 1590 519 1617 soli
535 1591 606 1620 Patri
629 1595 734 1622 occulta
759 1596 859 1624 videnti
888 1598 1066 1627 humilitatem

1132 305 1355 340 ὲταπεινώσαμεν
1380 306 1429 338 τὰς
1449 306 1536 342 ψυχὰς
1553 308 1640 342 ἡμῶν,
1655 308 1702 335 καὶ
1720 309 1769 336 οὐκ
1787 309 1886 344 ἕγνως;
1903 320 1913 337 ι

1138 351 1247 388 Ἐπειδὴ
1271 353 1381 379 τοιαῦτα
1408 352 1496 388 λέγειν
1517 354 1631 386 ἀναιδῶς
1657 355 1787 391 τολμῶσι,
1811 358 1915 394 μεγάλῃ

1132 396 1179 432 βοῇ
1191 398 1361 433 χρησάμενος
1370 399 1401 425 σὺ
1411 399 1496 434 ὁὲμὸς
1501 401 1653 436 προφήτης,
1661 402 1806 438 ἀπόκριναι
1814 403 1915 437 αὐτοῖς,

1130 443 1176 469 καὶ
1189 443 1334 479 ἀπέλεγχε,
1351 445 1424 476 ὅπως
1438 445 1507 481 ἐμὴν
1528 446 1617 481 κρίσιν
1632 446 1852 480 καταλελοίπασι,
1869 450 1916 476 καὶ

1130 489 1209 515 πάνθ’
1233 490 1283 517 ὅσα
1309 492 1468 526 φάσκουσιν,
1492 492 1541 518 οὐκ
1565 492 1672 528 ἀληθῶς
1689 493 1914 522 διαϐεϐαιοῦνται.

1132 543 1141 559 ι
1163 535 1205 561 Ἐν
1225 535 1279 570 γὰρ
1299 537 1357 568 ταῖς
1374 537 1491 572 ἡμέραις
1516 537 1570 578 τῷν
1591 538 1720 573 νηστειῶν
1742 540 1817 574 ὑμῶν
1843 540 1915 577 εὐριι

1131 589 1210 607 σκετε
1225 581 1259 608 τὰ
1277 581 1417 617 θελήματα
1434 583 1521 617 ὑμῶν,
1537 584 1584 610 καὶ
1598 585 1702 616 πάντας
1723 586 1786 617 τοὺς
1804 586 1913 622 ὑποχει-

1131 626 1203 661 ρίους
1217 626 1294 661 ὑμῶν
1305 627 1481 654 ὐπονύσσετε.
1495 638 1505 654 ι
1519 629 1648 656 Είτοίνυν
1663 631 1709 656 ἐπὶ
1730 630 1842 667 τοιαύτῃ
1869 639 1915 657 σε-

1130 672 1274 707 μνύνονται
1290 674 1412 709 νηστείᾳ,
1433 675 1499 701 πολὺ
1517 677 1639 710 κρεῖττον
1656 674 1689 712 ἦν
1712 677 1803 709 αὐτοῖς
1826 680 1914 713 τροςῇ

1130 717 1279 752 σχολάζειν,
1298 720 1344 745 καλ⁸
1361 721 1398 756 μὴ
1412 720 1522 747 τοιαῦτα
1547 721 1657 757 τολμᾷν.
1679 723 1729 749 Διὰ
1746 723 1832 750 ταῦτα.
1847 721 1923 758 γοῦν

1127 765 1187 791 κατ’
1204 765 1291 800 ἀρχῆς
1315 766 1364 801 τῆς
1391 767 1560 803 προφητείας
1578 768 1646 802 πρὸς
1676 769 1774 801 αὐτοὺς
1788 770 1912 804 ὶλέγετο·

1130 821 1138 836 ι
1156 811 1292 845 Νηστείαν
1310 812 1355 838 καὶ
1375 812 1484 846 ἀργίαν,
1506 814 1614 845 καὶτὰς
1631 814 1727 850 ἑορτὰς
1742 815 1818 850 ὑμῶν
1841 818 1916 852 μισεῖ

1125 858 1142 891 ὴ
1157 857 1229 892 ψυχή
1247 866 1308 892 μου.
1332 867 1340 883 ι
1365 858 1420 894 Τὴν
1444 858 1499 894 γὰρ
1521 859 1570 894 τῆς
1595 860 1720 894 νηστείας
1744 860 1841 896 σχολὴν
1863 861 1914 888 οὐκ

1128 902 1254 937 ἀφορμὴν
1272 903 1391 929 ποιεῖσθε
1411 904 1589 939 μεταμελείας
1599 914 1606 919 ·
1622 905 1691 932 ἀλλὰ
1698 905 1799 942 ταύτην
1811 907 1852 938 είς
1864 906 1915 943 τὴν

1129 948 1183 974 τῶν
1201 949 1362 983 ὀφειλόντων
1380 950 1521 986 εἴσπραξιν
1535 951 1704 979 ἀναλίσκετε.

1166 1004 1174 1020 ι
1191 995 1220 1021 El
1235 995 1274 1026 εἰς
1291 995 1396 1030 κρίσεις
1411 997 1456 1023 καὶ
1469 997 1557 1031 μάχας
1571 997 1724 1033 νηστεύετε,
1737 999 1784 1025 καὶ
1797 999 1915 1027 τύπτετε

1125 1042 1246 1075 πυγμαῖς
1268 1042 1404 1072 ταπεινὸν,
1433 1043 1475 1069 ἵνα
1493 1043 1519 1069 τί
1546 1052 1590 1078 μοι
1608 1045 1769 1080 νηστεύετες
1791 1057 1800 1072 ι
1819 1047 1914 1075 Ἐοικε

1124 1088 1170 1114 καὶ
1185 1089 1244 1114 κατ’
1266 1088 1347 1114 αὑτὸν
1366 1089 1411 1116 τὸν
1433 1089 1484 1124 τῆς
1501 1091 1668 1126 προφητείας
1688 1092 1784 1127 καιρὸν
1807 1093 1914 1121 τοιοῦτό

1123 1143 1148 1160 τι
1165 1134 1326 1168 γεγενῆσθαι
1338 1143 1344 1150 ·
1366 1135 1445 1161 τοῦτο
1460 1136 1514 1172 γὰρ
1528 1137 1674 1164 αἰνίττεται
1688 1139 1702 1164 ό
1720 1138 1798 1173 λόγος
1809 1148 1816 1155 ·
1837 1149 1846 1165 ι
1867 1139 1914 1173 Ὦς

1123 1179 1242 1214 σήμερον
1262 1180 1428 1214 ἀκουσθῆναι
1438 1181 1466 1206 ἐν
1480 1183 1587 1217 κραυγῇ
1603 1182 1651 1217 τὴν
1669 1183 1761 1218 φωνὴν
1772 1183 1858 1219 ὑμῶν.

1161 1234 1169 1249 ι
1185 1226 1221 1251 Οὐ
1237 1225 1339 1261 ταύτην
1351 1227 1399 1261 τὴν
1410 1228 1536 1262 νηστείαν
1553 1228 1727 1264 ἐξελεξάμην,
1744 1230 1790 1256 καὶ

1121 1271 1265 1298 ταπεινοῦν
1282 1272 1424 1307 ἄνθρωπον
1441 1273 1489 1308 τὴν
1503 1274 1590 1309 ψυχὴν
1605 1275 1698 1301 αὐτοῦ.
1715 1275 1774 1302 Οὐδ’
1792 1276 1826 1303 ἂν
1836 1276 1912 1312 κάμ-

1120 1316 1174 1352 ψῃς
1199 1317 1236 1348 ὡς
1252 1317 1346 1352 κρίκον
1361 1319 1407 1345 τὸν
1424 1319 1558 1355 τράχηλόν
1579 1329 1635 1352 σου,
1665 1322 1712 1348 καὶ
1732 1322 1833 1349 σάκκον
1864 1324 1912 1350 καὶ

1122 1364 1217 1390 σπόδον
1247 1365 1420 1401 ὑποστρώσῃ,
1449 1367 1502 1393 οὐδ’
1527 1366 1598 1394 οὕτω
1622 1368 1751 1395 καλέσετε
1781 1370 1911 1405 νηστείαν

1119 1410 1225 1446 δεκτήν.
1249 1421 1257 1436 ι
1284 1411 1315 1437 Εἰ
1340 1411 1368 1438 δὲ
1389 1412 1420 1447 δὴ
1437 1412 1522 1440 ἐθέλοι
1549 1421 1592 1445 τις
1610 1414 1709 1449 τρόπον
1728 1415 1846 1451 ἀληθοῦς
1861 1416 1910 1443 καὶ

1119 1455 1180 1489 ἐμοὶ
1200 1456 1238 1491 τῷ
1260 1456 1319 1491 Θεῷ
1343 1457 1462 1492 ἀρεστῆς
1478 1459 1604 1494 νηστείας
1615 1459 1797 1493 διδάσκεσθαι,
1821 1461 1910 1489 ταῦτα

1119 1503 1278 1537 πραττέτω*
1298 1504 1411 1539 Φαιδρὺν
1438 1505 1468 1530 τὸ
1495 1505 1639 1540 πρόσωπον
1659 1508 1844 1542 καταστήσας,
1861 1509 1909 1535 καὶ

1118 1550 1166 1585 τὴν
1182 1550 1300 1586 κεφαλὴν
1327 1551 1438 1585 ἀλείψας
1456 1550 1537 1586 ἐλαίῳ
1551 1552 1621 1578 κατὰ
1642 1552 1690 1588 τὴν
1708 1555 1839 1589 σωτήριον
1857 1563 1909 1581 πα-

1120 1597 1288 1633 ρακέλευσιν,
1304 1598 1352 1632 τὴν
1369 1598 1417 1632 μὲν
1430 1598 1556 1633 νηστείαν
1573 1599 1602 1625 ὲν
1618 1598 1657 1634 τῷ
1673 1599 1784 1635 κρυπτῷ
1805 1599 1907 1633 φυλατ-

279 1633 374 1660 animm
386 1636 509 1663 ostendat
526 1646 532 1664 :
549 1638 574 1665 in
595 1640 702 1674 publico
718 1647 808 1670 autem
825 1645 964 1679 operibus,
982 1646 1066 1680 pieta-

1120 1642 1197 1673 τέτω,
1213 1642 1259 1668 καὶ
1273 1642 1311 1678 τῷ
1336 1643 1424 1678 Πατρὶ
1439 1643 1478 1678 τῷ
1505 1643 1629 1678 βλέποντι
1643 1633 1679 1671 τὰ
1693 1633 1810 1681 κρυπτὰ
1833 1646 1907 1681 μόνῳ

279 1680 313 1706 tis
342 1680 446 1709 fructus
471 1683 624 1714 videntibus
648 1688 776 1717 omnibus
809 1691 958 1725 exhibeat,
984 1699 1065 1720 omne

277 1727 416 1755 vinculum
431 1729 582 1765 iniquitatis
595 1733 733 1762 solvendo.
747 1735 836 1768 Quare
851 1737 888 1764 ait
905 1746 912 1764 :

1117 1687 1166 1722 τὴν
1179 1688 1342 1714 ταπείνωσιν
1359 1689 1407 1723 τῆς
1419 1688 1507 1724 ψυχῆς
1526 1689 1656 1717 δεικνύτω
1668 1699 1675 1706 ο
1695 1692 1735 1723 εἰς
1757 1692 1786 1718 δὲ
1805 1691 1835 1719 τὸ
1854 1700 1907 1726 φα-

1119 1735 1196 1770 νερὸν
1210 1734 1243 1760 δι’
1256 1735 1344 1769 ἔργων
1357 1736 1421 1766 τοὺς
1435 1736 1558 1769 καρποὺς
1571 1736 1619 1771 τῆς
1636 1736 1706 1763 κατὰ
1725 1737 1813 1772 ψυχὴν
1826 1736 1907 1764 εὐλα-

278 1772 355 1805 σείας
368 1777 424 1807 τοῖς
437 1778 520 1803 πᾶσιν
537 1778 620 1814 ὁρῶσι
633 1780 784 1816 παρεχέτω,
804 1782 847 1809 διὰ
857 1784 904 1810 τοῦ
920 1784 993 1811 λύειν
1008 1785 1097 1812 πάντα
1110 1782 1257 1816 σύνδεσμον
1269 1781 1386 1812 ἀδικίας-
1402 1782 1447 1807 Διά
1461 1790 1542 1817 φησιν
1552 1790 1558 1796 ”

312 1819 393 1846 Vens.
411 1820 437 1847 6.
457 1830 466 1846 ι
481 1821 538 1849 Non
562 1823 614 1851 tale
633 1823 766 1858 judicium
782 1826 861 1862 elegi,
880 1828 945 1855 dicit
970 1829 1061 1856 Domi-

275 1873 326 1892 nus
345 1875 352 1893 :
370 1867 415 1892 sed
429 1867 503 1895 solve
517 1876 623 1896 omnem
639 1879 736 1898 nexum
753 1872 922 1907 iniquitatis;
946 1875 1063 1903 dissolve

274 1911 452 1946 obligationes
466 1915 582 1943 violenta
588 1925 646 1943 rutn
659 1919 831 1952 cantionum;
845 1919 950 1948 dimitte
962 1921 1062 1950 fractos

275 1956 301 1983 in
326 1959 526 1993 remissionem;
550 1966 578 1989 et
598 1970 705 1990 omnem
734 1966 917 2001 syngrapham
941 1968 1060 2003 iniquam

274 2005 374 2036 lacera,
387 2014 396 2030 ›
420 2006 520 2033 dictum
534 2007 599 2035 illud
614 2009 768 2038 Servatoris
791 2020 873 2047 opere
887 2015 1057 2049 (perliciens:

277 2059 285 2074 ι
302 2050 330 2076 Si
346 2050 426 2078 ollers
442 2060 538 2080 munus
553 2058 625 2080 tuum
639 2056 673 2082 ad
684 2056 782 2089 altare,
810 2063 837 2085 et
852 2059 888 2086 ibi
901 2061 1059 2089 recordatus

275 2095 368 2127 fueris.
386 2098 447 2132 quin
463 2098 545 2126 frater
562 2105 623 2128 tuus
640 2102 723 2130 habet
743 2104 844 2138 aliquid
858 2105 1001 2134 adversum
1017 2114 1057 2140 te;

274 2143 396 2177 relinque
409 2144 443 2170 ibi
459 2152 556 2173 munus
576 2151 667 2180 tuum,
691 2154 718 2176 et
738 2151 805 2176 vade
822 2151 909 2184 prius.
935 2152 1053 2179 reconci-

271 2188 340 2216 liare
372 2190 448 2217 fratri
475 2196 520 2218 tuo
542 2201 549 2219 :
576 2198 603 2219 et
636 2198 700 2222 tunc
726 2195 841 2222 veniens
868 2196 934 2224 oll‘er
961 2206 1058 2226 ntunus

271 2240 346 2262 tuum
363 2237 394 2263 ¹¹.
411 2246 420 2262 ι

306 2280 390 2309 Vens.
416 2283 442 2311 7.
474 2293 482 2309 ι
498 2284 604 2320 Frange
629 2288 761 2315 esurienti
788 2295 884 2322 panem
915 2294 1005 2323 luunt,
1031 2296 1058 2319 et

268 2335 402 2363 pauperes
419 2334 492 2357 tecto
508 2337 632 2359 carentes
649 2333 730 2360 induc
746 2334 772 2361 in
793 2335 901 2362 domum
917 2340 1000 2364 lnam.
1029 2336 1058 2364 Si

268 2374 370 2402 videris
385 2377 495 2409 nudum,
515 2382 584 2412 tege,
599 2384 626 2406 et
645 2380 810 2408 domesticos
824 2381 936 2409 seminis
958 2383 995 2410 tui
1024 2391 1057 2410 ue

267 2420 435 2455 despexeris.
452 2433 461 2449 ι
480 2423 539 2451 Non
560 2425 632 2452 enini
643 2426 742 2453 desunt
769 2428 839 2461 apud
862 2428 985 2456 homines
1010 2429 1055 2463 qui

266 2466 326 2493 cibo
343 2472 441 2500 egeant
459 2479 465 2496 :
482 2473 564 2504 atque
588 2470 627 2497 sic
642 2471 688 2498 tibi
717 2472 880 2500 abstinentia
903 2481 955 2500 non
980 2474 1055 2502 lucro

265 2512 318 2539 erit
335 2522 342 2539 :
359 2514 406 2541 sed
427 2515 479 2542 alio
497 2516 576 2543 modo
589 2518 706 2544 animam
729 2524 800 2545 tuutn
815 2519 886 2553 ales,
904 2528 965 2547 cum
985 2528 1055 2555 pane

268 2561 311 2585 tuo
327 2559 446 2593 indigum
468 2565 495 2587 et
518 2561 571 2588 cibi
590 2564 703 2596 penuria
719 2562 886 2592 laborantem
907 2566 1053 2594 recreabis.

303 2649 383 2677 Vens.
400 2651 427 2683 8,
449 2651 475 2678 9.
503 2661 512 2677 ‹
527 2651 602 2679 Tunc
632 2657 756 2688 erumpet
777 2653 939 2680 matutinum
965 2653 1053 2681 lumen

266 2699 355 2728 tuum,
370 2701 397 2723 et
411 2698 570 2726 sanationes
591 2703 643 2726 tua:
667 2699 722 2726 cito
741 2699 864 2727 orientur
883 2707 891 2726 :
909 2704 935 2726 et
950 2699 1055 2734 prmibit

265 2745 330 2766 ante
351 2745 376 2767 te
391 2741 498 2775 justitia
514 2748 569 2776 tua,
594 2748 622 2771 et
639 2744 724 2779 gloria
751 2744 799 2772 Dei
816 2744 994 2772 circutndabit
1018 2750 1051 2772 te.

266 2783 342 2810 Tunc
369 2786 507 2820 clamabis,
530 2793 558 2816 et
584 2789 654 2817 Deus
679 2790 806 2820 exaudiet
835 2795 862 2819 te
883 2800 890 2818 :
908 2791 996 2820 adhuc
1028 2795 1054 2819 te

267 2829 397 2864 loquente
413 2833 494 2864 dicet.
513 2833 582 2862 Ecce
600 2836 705 2864 adsunt.
719 2846 729 2863 ›

308 2898 329 2913 ¹²
345 2898 442 2927 Matth.
463 2908 489 2934 ν,
505 2901 540 2928 93

1161 1836 1170 1852 ι
1184 1826 1252 1861 Οὐχὶ
1273 1826 1399 1861 τοιαύτην
1419 1826 1546 1862 νηστείαν
1562 1826 1735 1863 ἐξελεξάμην,
1759 1827 1831 1862 λέγει
1848 1828 1907 1854 Κύ⁶

1119 1881 1193 1909 ριος⁴
1212 1872 1278 1899 ἀλλὰ
1304 1871 1350 1897 λύε
1376 1872 1464 1899 πάντα
1498 1872 1645 1908 σύνδεσμον
1671 1873 1792 1905 ἀδικίας·
1813 1873 1906 1901 διάλυε

1117 1918 1299 1954 στραγγαλιὰς
1312 1917 1404 1953 βιαίων
1429 1918 1658 1953 συναλλαγμάτων
1671 1927 1676 1933 ·
1695 1918 1844 1945 ἀπόστελλε
1857 1927 1902 1945 τε·

1115 1963 1298 1999 Οραυσμένους
1316 1965 1345 1989 ὲν
1358 1963 1469 1998 ἀφέσει·
1494 1964 1540 1990 καὶ
1563 1963 1652 1990 πᾶσαν
1669 1965 1829 2000 συγγραφὴν
1848 1964 1905 1992 ἄδι-

1115 2019 1161 2036 κον
1172 2010 1285 2036 διάσπα·
1304 2020 1313 2035 ι
1327 2010 1393 2036 αὐτὸ
1405 2010 1436 2045 δὴ
1452 2010 1482 2036 τὸ
1493 2010 1652 2045 λελεγμένον
1674 2010 1726 2037 ὑπὸ
1741 2010 1788 2037 τοῦ
1813 2011 1906 2047 Σωτῆ-

1116 2064 1161 2090 ρος
1187 2055 1260 2091 ἔργῳ
1277 2056 1398 2092 πληρῶν,
1420 2057 1462 2082 τό·
1483 2066 1491 2081 ι
1509 2056 1570 2083 Ἐὰν
1592 2057 1750 2093 προσφέρῃς
1764 2058 1794 2084 τὸ
1815 2057 1903 2093 δῶρόν

1115 2111 1172 2133 σου,
1187 2103 1265 2128 κάκεῖ
1278 2102 1409 2138 μνησθῇς,
1427 2103 1468 2128 ὅτι
1489 2102 1544 2138 ἔχει
1558 2104 1572 2129 ὁ
1589 2103 1700 2138 ἁδελφός
1716 2103 1762 2130 σού
1787 2112 1813 2130 τι
1831 2104 1903 2131 κατὰ

1116 2148 1162 2173 σοῦ
1174 2156 1180 2163 ·
1199 2148 1266 2182 ἄφες
1291 2149 1349 2174 ἐκεῖ
1363 2149 1392 2175 τὸ
1409 2149 1493 2184 δῶρόν
1509 2158 1566 2182 σου,
1592 2150 1639 2176 καὶ
1668 2149 1756 2184 ὕπαγε
1781 2149 1900 2186 πρῶτον,

1112 2193 1267 2229 διαλλάγηθι
1281 2194 1319 2230 τῷ
1332 2195 1438 2230 ἀδελφῴ
1449 2204 1494 2222 σου
1506 2204 1512 2210 '
1529 2188 1575 2223 καλ
1588 2197 1647 2223 τότε
1663 2196 1747 2224 ἐλθὼν
1763 2197 1902 2234 πρόσφερε

1077 2260 1099 2287 D
1113 2240 1143 2265 τὸ
1160 2239 1245 2276 δῶρόν
1260 2249 1316 2266 σου.
1333 2250 1342 2266 ι

1151 2295 1160 2310 ι
1176 2285 1328 2321 Διάορυπτε
1346 2287 1474 2314 πεινῶντι
1487 2287 1532 2314 τὸν
1547 2287 1628 2325 ἄρτον
1644 2297 1700 2320 σου,
1712 2288 1758 2315 καὶ
1775 2290 1900 2325 πτωχοὺς

1113 2331 1243 2365 ἁστέγους
1263 2332 1356 2366 εἴσαγε
1368 2333 1407 2364 είς
1418 2333 1463 2360 τὸν
1473 2331 1546 2360 οἶκόν
1562 2342 1619 2360 σου.
1637 2334 1698 2361 Ἐὰν
1713 2335 1771 2370 ῐδῃς
1786 2335 1900 2370 γυμνὸν,

1114 2377 1253 2412 περίϐαλε,
1270 2379 1317 2404 καὶ
1329 2379 1382 2405 ἀπὸ
1399 2380 1452 2406 τῶν
1473 2380 1580 2406 οἰκείων
1599 2380 1646 2407 τοῦ
1671 2380 1828 2416 σπέρματός
1851 2388 1899 2407 σου

1113 2424 1160 2458 οὺχ
1173 2425 1312 2461 ὑπερόψει.
1333 2435 1341 2451 ι
1361 2426 1397 2452 Οὐ
1411 2426 1464 2462 γὰρ
1489 2426 1628 2452 λείπουσιν
1643 2427 1672 2453 ὲν
1696 2426 1850 2462 ἀνθρώποις
1871 2426 1898 2452 οῑ

1111 2472 1213 2507 τροφῆς
1226 2472 1323 2503 ἐνδεεῖς
1336 2481 1342 2487 ’
1360 2473 1406 2499 καὶ
1422 2472 1492 2499 οὕτω
1515 2473 1569 2508 γάρ
1591 2481 1631 2499 σοι
1652 2473 1764 2508 γένηται
1780 2473 1810 2499 οὐ
1828 2473 1898 2509 πρὸς

1111 2517 1221 2552 κέρδους
1245 2519 1261 2552 ἡ
1285 2519 1385 2550 ἀσιτία,
1402 2518 1458 2545 ἀλλ’
1487 2519 1571 2554 ἑτέρῳ
1591 2518 1685 2554 τρόπῳ
1698 2520 1825 2555 τραφήσῃ
1847 2519 1897 2555 τὴν

1109 2562 1196 2598 ψυχὴν
1211 2563 1250 2598 τῷ
1263 2564 1359 2590 σαυτοῦ
1382 2565 1455 2600 ἄρτῳ
1467 2564 1512 2591 τὸν
1528 2564 1604 2600 ὲνδεῆ
1620 2565 1666 2591 καὶ
1678 2565 1782 2600 τροφῆς
1801 2564 1896 2601 δεόμε-

1110 2618 1153 2636 νον
1168 2609 1368 2645 ἀνακτώμενος.
1859 2640 1868 2650 ,

1146 2664 1155 2680 ‹
1173 2655 1238 2681 Τότε
1256 2657 1402 2692 ῥαγήσεται
1413 2656 1537 2692 πρώῖμον
1552 2657 1582 2684 τὸ
1593 2657 1650 2692 φῶς
1666 2665 1722 2689 σου,
1741 2656 1786 2683 καὶ
1798 2655 1834 2683 τὰ
1853 2655 1895 2684 ἰά-

1111 2703 1183 2738 ματά
1202 2711 1247 2729 σου
1261 2705 1328 2739 ταχὺ
1344 2704 1467 2730 ἀνατελεῐ
1479 2713 1485 2719 ·
1501 2705 1547 2731 καὶ
1567 2703 1895 2743 προπορεύσεταιέμπρσ-

1110 2748 1172 2775 σθέν
1194 2757 1240 2775 σου
1268 2750 1285 2785 ή
1308 2750 1463 2786 δικαιοσύνη
1490 2759 1546 2784 σου,
1571 2751 1616 2777 καὶ
1641 2752 1657 2786 ὴ
1681 2750 1744 2784 δόξα
1758 2749 1805 2777 τοῦ
1821 2750 1892 2777 Θεοῦ

1110 2798 1263 2832 περιστελεῖ
1280 2805 1318 2823 σε.
1335 2798 1400 2824 Τότε
1418 2797 1514 2834 βοήσῃ,
1527 2798 1574 2825 καὶ
1591 2799 1606 2825 ὁ
1628 2798 1694 2830 Θεὸς
1703 2797 1891 2826 είσακούοεταί
1918 2805 1923 2839 γ

1110 2850 1168 2869 σου·
1182 2842 1221 2870 ἔτι
1237 2842 1378 2876 λαλοῦντός
1395 2852 1440 2871 σου
1457 2845 1528 2880 ἐρεῖ·
1553 2844 1616 2872 Ἰδοὺ
1628 2844 1753 2880 πάρειμι,
1771 2852 1781 2870 ν
