2061 3215
153 180 200 210 131
605 183 853 212 COMMENTARIA
873 185 906 212 IN
925 184 1051 213 ISMAM.
1071 202 1106 207 —-
1123 186 1199 214 CAP.
1220 185 1311 214 LV'lll.

1714 189 1764 218 489

191 250 202 268 ι
221 241 284 268 Ἐὰν
293 241 394 278 ἀφέλῃς
409 243 463 270 ἀπὸ
477 242 524 269 σοῦ
539 243 695 279 σύνδεσμον,
705 245 751 272 καὶ
758 247 931 282 χειροτονίαν,

1023 256 1032 273 ι
1047 246 1074 274 Si
1090 247 1233 274 abstuleris
1248 254 1262 274 ο
1276 251 1302 274 te
1316 253 1425 280 nexum,
1439 251 1466 274 et
1485 254 1612 274 manuum
1629 238 1767 277 exteitsio-

151 287 200 315 καὶ
214 287 288 322 ῥῆμα
313 288 479 323 γογγυσμοῦ.
499 298 508 314 ι
528 289 556 315 '0
577 290 632 326 γὰρ
642 291 697 317 τῶν
708 291 775 318 ὅλων
790 292 856 325 Θεὸς
873 294 934 325 τοὺς

115 335 130 369 ξ
152 333 202 368 μὲν
212 333 337 369 εὐπορεῖν
353 334 454 369 τροφῆς
471 334 517 360 καὶ¹
539 334 697 370 χρημάτων,
713 336 776 368 τοὺς
792 337 819 363 δὲ
836 337 934 370 ἐνδεεῖς

127 377 130 379 ’
150 377 198 405 καὶ
213 378 331 413 πένητας
344 379 512 414 ὑπεστήσατο
530 381 569 411 εἰς
594 380 708 416 δοκιμὴν
720 381 872 418 ἑκατέρων·
901 383 933 409 ἵν’

116 422 120 427 ”
149 424 175 449 οἱ
189 424 239 458 μὲν
254 423 338 458 ἔχοιεν
355 424 458 459 καρπὸν
473 425 522 459 τῆς
539 425 641 451 ἑαυτῶν
666 426 794 461 εὐπορίας
821 426 865 453 διὰ
885 428 934 462 τῆς

150 470 190 500 είς
205 470 268 500 τοὺς
283 469 380 501 ἐνδεεῖς
397 471 536 505 παροχῆς’
563 472 586 497 οἱ
602 471 630 497 δέ
653 471 883 508 ἐγγυμναζόμενοι
899 475 931 508 τῇ

151 514 232 550 πενία
243 515 305 547 ,ἀντὶ
319 515 495 550 πολυκάρπου
508 515 599 552 χώρας
609 517 658 552 τὴν
676 517 728 544 ἀπὸ
741 518 794 545 τῶν
811 518 932 553 εὐπόρων

148 561 187 588 διε
193 561 314 588 ποιοῦντο
333 562 473 597 χορηγίαν.

186 661 196 677 ι
215 652 270 679 Καὶ
281 652 333 687 δῷς
347 652 472 680 πεινῶντι
491 654 535 680 τὸν
556 654 638 690 ἄρτον
656 654 688 680 ὲκ
702 653 792 689 ψυχῆς
814 662 870 684 σου,
885 654 931 680 καὶ

149 697 236 733 ψυχὴν
254 699 490 734 τεταπεινωμένην
514 699 668 735 ἐμπλήσῃς·
685 699 744 725 τότε
761 700 883 726 ἀνατελΞῖ
903 700 931 726 ἐν

147 743 186 778 τῷ
203 744 294 770 σκότει
309 744 339 770 τὸ
351 744 407 778 φῶς
419 753 476 773 σου.
489 745 536 771 καὶ
550 744 580 771 τὸ
599 745 693 776 σκότος
711 753 756 771 σου
770 745 808 776 ὡς
826 753 892 780 μεση
898 754 931 780 μ·-

147 790 222 826 6ρία.
242 799 250 815 ι
268 790 393 817 Μάλιστα
411 791 460 825 μὲν
469 791 521 826 γὰρ
533 790 566 817 τὰ
582 790 677 826 πρῶτα
690 792 746 822 τοῖς
764 793 830 817 πᾶσι
841 792 930 826 δεήσει

147 837 284 861 κοινωνεῖν
301 835 438 869 ἀφθόνως·
457 836 490 862 τὰ
502 836 530 862 δὲ
549 836 674 871 ἐξαίρετα
690 837 745 867 τοῖς
759 836 867 867 οἰκείοις
882 837 931 871 τῆς

147 881 265 913 πίστεως
277 882 433 916 ἀπονέμειν.
443 882 526 908 Τοῦτο
543 883 597 918 γὰρ
611 883 658 909 καὶ
670 883 685 918 ἡ
700 882 862 918 ἀποστολικὴ
874 883 931 909 διά-

147 927 223 960 ταξις
252 927 481 963 παρεκελεύσατο,
502 928 611 963 φήσασα
637 927 739 960 δεξιοὺς
768 926 836 954 εἶναι
864 927 930 962 πρὸς

146 974 260 1004 πάντας.

186 1028 195 1043 ε
214 1017 268 1044 Καὶ
281 1017 356 1045 ἔσται
367 1018 380 1044 ὁ
393 1018 458 1050 Θεός
476 1027 522 1045 σου
542 1018 609 1054 μετὰ
623 1018 669 1044 σοῦ
679 1017 723 1044 διὰ
740 1018 839 1050 παντός
849 1026 856 1033 ·
884 1018 931 1044 καὶ

146 1064 328 1100 ἐμπλησθήσῃ
342 1064 466 1100 καθάπερ
485 1065 611 1099 ἐπιθυμεῖ
630 1065 646 1099 ἡ
667 1064 739 1100 ψυχή
756 1073 813 1095 σου,
833 1063 879 1090 καὶ
897 1063 931 1090 τὰ

145 1110 214 1137 ὀστᾶ
228 1118 274 1135 σου
291 1109 482 1144 πιανθήσεται·
503 1109 550 1135 καὶ
570 1109 646 1135 ἔσται
660 1108 697 1140 ὡς
712 1109 798 1144 κῆπος
813 1108 928 1143 μεθύων,

146 1156 195 1183 καὶ
220 1156 258 1187 ὼς
282 1155 356 1191 πηγὴ
371 1155 403 1191 ἢν
427 1155 463 1190 μὴ
483 1155 604 1187 ἐξέλιπεν
629 1155 709 1190 ὕδωρ.
731 1165 739 1180 ι
760 1155 863 1190 Δηλαδὴ
882 1154 931 1190 τῆς

145 1202 234 1238 ψυχῆς
252 1203 335 1238 αὐτῆς
363 1202 391 1228 αἱ
419 1201 548 1237 δυνάμεις
582 1201 773 1236 πιανθήσονται
801 1200 853 1227 ὑπὸ
882 1202 930 1236 τῆς

147 1248 337 1283 πνευματικῆς
360 1248 406 1274 καὶ
423 1247 514 1274 ἐνθέου
535 1248 648 1283 τροφῆς.
666 1247 720 1273 Καὶ
741 1247 827 1282 κῆπος
840 1246 930 1273 ἀειθα-

145 1293 194 1329 λὴς
209 1293 258 1325 τὰς
274 1293 303 1326 ἐξ
326 1293 404 1327 ἁγίου
430 1292 586 1328 Πνεύματος
606 1292 786 1327 καρποφορῶν
809 1292 928 1326 φυτείας,

146 1339 194 1365 καὶ
210 1338 243 1365 τὰ
257 1338 340 1365 πάλαι
362 1338 390 1364 δὲ
404 1338 454 1373 τῆς
468 1337 556 1373 ψυχῆς
576 1337 666 1373 ἔρημα
687 1336 929 1372 οἰκοδομηθήσεται

147 1387 176 1412 ἐν
194 1386 245 1417 σοὶ,
270 1385 318 1412 καὶ
332 1383 592 1419 ἀναπληρωθήσεται
620 1383 664 1409 διὰ
695 1382 864 1418 μαθημάτων
884 1383 930 1409 καὶ

145 1431 232 1466 λόγων
247 1431 340 1458 θείων·
356 1430 393 1462 ὡς
407 1431 454 1457 καὶ
470 1430 608 1465 οἰκοδόμον
627 1438 656 1456 σε
675 1428 801 1463 γενέσθαι
823 1428 928 1460 ἑαυτοῦ,

143 1477 329 1508 διδασκαλίαις
345 1476 445 1508 ἐνθέοις
460 1474 649 1510 οἰκοδομοῦντα
669 1475 732 1506 τοὺς
754 1475 782 1501 ἐν
797 1476 830 1510 τῇ
848 1475 929 1501 αὑτοῦ

145 1524 251 1559 διανοίᾳ.
262 1522 415 1558 λογισμούς.
437 1522 505 1557 Ἤδη
517 1521 545 1548 δὲ
557 1522 604 1548 καὶ
627 1521 752 1556 φραγμὸν
775 1521 929 1556 περιδαλεῑς

145 1571 180 1605 τῇ
197 1569 295 1596 σαυτοῦ
309 1570 392 1605 ψυχῇ,
401 1578 432 1596 πε
438 1568 590 1605 ριφράττων
599 1568 682 1603 αὐτὴν
694 1567 870 1602 πανταχόθεν,
882 1567 929 1594 καὶ

146 1614 360 1651 ἀσφαλιζόμενος
376 1615 429 1642 ἀπὸ
449 1614 502 1640 τῶν
525 1613 622 1646 ἔξωθεν
645 1613 777 1648 ὀχληρῶν.
797 1613 877 1639 Ὀστᾶ
902 1613 930 1639 δὲ

146 1662 193 1688 τοῦ
210 1662 273 1689 λαοῦ
289 1660 343 1689 εἷεν
358 1661 390 1688 ἂν
406 1661 431 1687 οί
443 1661 472 1688 ἐν
492 1660 565 1696 αὐτῷ
582 1660 698 1692 δυνατοὶ,
723 1659 753 1686 τὸ
772 1660 825 1686 πᾶν
852 1658 930 1694 σῶμα

149 1708 390 1739 ὑποϐαστάζοντες.

185 1763 195 1779 t
210 1754 264 1780 Καὶ
278 1752 533 1789 οἱκοὸομηθήσονταί
547 1760 592 1778 σου
604 1752 632 1778 αἱ
643 1751 740 1787 ἔρημοι
752 1750 864 1783 αῑώνιοι,
882 1750 930 1776 καὶ

146 1799 224 1826 ἔσται
237 1800 273 1826 τὰ
287 1795 399 1835 θεμέλια
425 1808 471 1826 σου
499 1800 595 1826 αἰώνια
613 1799 713 1833 γενεῶν
734 1799 851 1833 γενεαῖς.
876 1797 930 1824 Καὶ

147 1845 273 1882 κληθήσῃ
286 1846 424 1880 οἰκοδόμος
450 1846 593 1881 φραγμῶν,
617 1844 665 1872 καὶ
689 1844 739 1876 τὰς
760 1844 869 1880 τρίϐους
884 1851 929 1869 σου

145 1892 199 1919 ἀνὰ
216 1892 297 1927 μέσον
311 1891 434 1922 παύσεις.
453 1901 461 1917 ι
476 1892 620 1926 Φραγμοὺς
634 1891 661 1917 δὲ
675 1891 809 1925 οἰκοδομεῖ
827 1891 841 1917 ὁ
854 1898 931 1926 περι-

147 1937 274 1974 φράττων
296 1937 343 1964 καὶ
369 1937 556 1972 περιτειχίζων
578 1936 758 1968 διαλεκτικαίς
779 1936 930 1969 ἀποδείξεσι

146 1982 181 2009 τὰ
193 1982 409 2017 ἐκκλησιαστικὰ
422 1982 558 2016 δόγματα·
579 1982 593 2007 ὁ
605 1982 634 2008 δέ
650 1981 685 2007 τὰ
699 1981 828 2007 δοκοῦντα
843 1990 931 2016 προσ-

148 2028 278 2063 κόμματα
305 2027 338 2053 ὲκ
360 2027 414 2053 τῶν
439 2025 518 2053 θείων
533 2025 753 2060 ἀναγνωσμάτων
780 2023 931 2060 περιαιρῶν

148 2073 192 2100 διὰ
203 2073 249 2100 τοῦ
269 2074 426 2111 σαφηνίζειν
441 2073 475 2100 τὰ
489 2073 631 2108 λεγόμενα,
650 2067 727 2104 οὗτός
747 2071 820 2097 ἐστιν
840 2072 854 2097 ὁ
869 2071 932 2102 τοὺς

149 2118 200 2146 ἀνὰ
210 2119 293 2155 μέσον
307 2119 360 2146 τῶν
377 2118 478 2154 τρίϐων
509 2118 598 2149 λίθους
623 2116 782 2153 περιαιρῶν.
808 2117 863 2152 Τῆς
878 2116 932 2151 γὰρ

149 2165 249 2200 πλάνης
266 2165 315 2196 τὰς
330 2165 467 2200 ἀτραποὺς
480 2165 668 2200 ἀποφράττων,
684 2164 729 2190 καὶ
745 2164 793 2196 τὰς
807 2163 931 2194 τοιαύτας

148 2211 327 2246 ἁποτειχίζων
334 2211 475 2243 διακοπὰς,
494 2211 541 2238 καὶ
553 2211 683 2238 πάντοθεν
698 2211 792 2236 ἑαυτὸν
808 2209 931 2244 τειχίζων

985 299 1058 323 nem,
1073 295 1100 319 et
1121 291 1233 319 verbum
1250 292 1482 320 murmttrationis.
1497 302 1507 319 ι
1533 292 1602 320 Nam
1627 295 1766 322 universo-

985 344 1043 362 rum
1058 337 1138 368 Deus,
1154 337 1220 364 alios
1235 337 1343 372 quidem
1356 337 1423 364 cibis
1440 342 1467 365 et
1479 338 1602 373 pecuniis
1614 339 1766 373 opulentos,

985 381 1051 408 alios
1071 389 1133 408 vero
1146 390 1243 417 egenos
1259 387 1286 410 et
1310 390 1442 418 pauperes
1468 384 1625 416 constituit,
1640 385 1673 412 ad
1692 389 1767 411 ntro-

985 434 1097 462 rumque
1119 429 1322 462 probatiouem;
1351 433 1380 454 ut
1395 429 1422 455 hi
1439 428 1547 463 quidem
1565 437 1598 456 ex
1624 430 1766 464 largitione

983 473 1075 505 egenis
1088 473 1209 505 praebita,
1223 472 1366 506 opulentiae
1383 480 1438 499 sua:
1454 474 1570 499 fructum
1584 474 1764 508 perciperent.

984 516 1028 544 alii
1051 524 1116 543 vero
1146 517 1273 552 pauperie
1299 517 1421 544 aﬂlictati
1447 523 1475 544 et
1505 519 1667 550 exercitati,
1694 519 1765 546 divi-

982 567 1038 590 ttnn
1075 563 1239 597 largitione,
1276 563 1351 597 quasi
1393 563 1560 592 feracissimo
1591 573 1657 600 agro
1691 565 1767 592 frue—

983 612 1085 635 rentur.

1017 653 1100 680 Vsus.
1119 653 1163 680 10.
1184 663 1193 679 ι
1204 653 1237 681 Ει
1252 653 1360 680 dederis
1373 654 1502 681 esurienti
1521 662 1617 689 panem
1627 662 1659 682 ex
1674 655 1766 681 animo

983 703 1039 730 tuo,
1055 705 1083 726 et
1098 700 1216 726 animam
1237 699 1408 726 hun-iliatam
1423 700 1579 735 impleveris
1593 720 1599 732 ,
1617 706 1679 728 tunc
1691 701 1765 728 orie-

983 749 1027 772 tur
1040 745 1066 771 in
1080 745 1302 773 tenebrislumen
1320 751 1405 778 tuum,
1428 751 1455 772 ct
1479 747 1595 773 tenebra:
1619 751 1669 773 tua:
1684 750 1766 774 erunt

981 791 1055 818 velut
1072 792 1207 819 meridies.
1223 801 1232 817 ι
1251 791 1339 818 Prima
1357 798 1423 818 sane
1436 792 1561 818 omnibus
1580 797 1641 819 sunt
1655 792 1767 826 largiter

982 837 1165 864 distribuenda
1175 846 1180 870 ;
1192 839 1325 872 praecipua
1342 845 1404 864 vero
1415 837 1570 865 domesticis
1583 838 1642 865 ﬁdei
1655 838 1764 871 dispen-

981 883 1074 910 sanda.
1092 883 1208 916 ldipsum
1234 883 1305 909 enim
1331 883 1478 917 apostolico
1499 887 1632 917 praecepto
1643 882 1762 917 jubetur.

947 917 966 944 Β
982 929 1084 957 scilicet
1097 928 1231 956 ofﬁciosos
1246 936 1305 956 esse
1321 937 1383 963 erga
1394 936 1499 956 omnes.

1017 1016 1098 1043 VEBS.
1117 1017 1160 1046 Η.
1189 1018 1240 1044 «Et
1256 1018 1309 1045 erit
1324 1017 1394 1045 Deus
1413 1024 1474 1046 tuus
1495 1024 1581 1059 tecum
1598 1027 1714 1054 semper.
1736 1024 1763 1046 et

982 1062 1135 1096 implcberis
1147 1065 1214 1090 sicut
1236 1064 1369 1090 desiderat
1394 1065 1482 1091 anima
1501 1070 1566 1096 tua,
1586 1070 1613 1092 et
1637 1073 1698 1092 ossa
1719 1070 1763 1091 tua

982 1109 1158 1143 pinguescent
1174 1119 1179 1135 ε
1193 1113 1220 1135 et
1236 1109 1288 1136 erit
1301 1109 1377 1143 quasi
1396 1110 1490 1137 hortus
1513 1111 1604 1137 ebrius
1615 1131 1622 1142 ,
1642 1115 1669 1137 et
1693 1111 1764 1138 sicut

982 1153 1051 1184 fons,
1066 1155 1172 1181 cuinon
1191 1155 1282 1181 dclicit
1297 1163 1378 1190 aqua.
1393 1165 1402 1181 ι
1424 1156 1552 1183 Videlicet
1564 1157 1648 1190 ipsius
1667 1157 1764 1183 anitum

981 1200 1097 1226 virtutes
1113 1201 1288 1235 pinguescent
1303 1209 1317 1227 a
1335 1201 1467 1235 spirituali
1483 1207 1510 1229 et
1527 1202 1615 1229 divina
1628 1210 1700 1230 esca.
1730 1201 1765 1229 Et

982 1245 1076 1272 hortus
1089 1253 1196 1280 semper
1220 1247 1310 1273 virens
1323 1247 1388 1278 erit,
1405 1247 1529 1274 arborum
1548 1248 1633 1275 sancti
1646 1248 1763 1282 Spiritus

982 1290 1114 1318 fructibus
1127 1297 1287 1324 exornatus,
1301 1297 1381 1327 atque
1398 1293 1441 1320 illa
1455 1294 1519 1320 olitn
1539 1295 1636 1321 animae
1658 1296 1762 1321 deserta

982 1335 1008 1362 in
1024 1341 1049 1362 te
1066 1337 1279 1370 aediﬁcabat-tur,
1296 1345 1328 1364 ac
1338 1334 1481 1372 disciplina
1497 1338 1648 1372 divinisque
1660 1345 1764 1365 sermo-

982 1381 1061 1408 nibus
1090 1382 1283 1416 replebuntur;
1309 1383 1345 1410 ita
1378 1382 1407 1410 u't
1440 1384 1497 1417 ipse
1528 1384 1565 1410 tui
1592 1387 1764 1410 constructor

982 1428 1107 1456 exsistas.
1132 1427 1312 1462 cogitationes
1340 1428 1437 1455 utentis
1462 1434 1513 1455 tua:
1529 1428 1618 1454 divina
1637 1428 1759 1454 doctrina

981 1472 1162 1499 cxmdiﬁt'aus.
1190 1473 1229 1498 Ad
1245 1473 1301 1499 [nec
1316 1478 1405 1500 anletn
1431 1474 1547 1500 animum
1573 1478 1644 1500 luam
1661 1481 1760 1507 propu-

981 1518 1096 1552 gnaculo
1120 1518 1340 1551 circutntntmics,
1357 1519 1496 1553 ipsamque
1517 1523 1610 1545 contra
1636 1523 1764 1546 exlcrnos

983 1564 1110 1590 tumultus
1135 1564 1253 1598 undique
1275 1565 1362 1598 sepies
1382 1569 1409 1591 et
1438 1564 1581 1590 custodies.
1607 1563 1672 1591 Ossa
1699 1571 1763 1590 vero

982 1610 1070 1644 populi
1084 1609 1184 1636 fuerint
1198 1610 1227 1643 ii,
1240 1611 1285 1645 qui
1297 1610 1366 1644 apud
1380 1610 1452 1636 illum
1467 1610 1602 1644 prawalidi
1617 1617 1648 1636 ac
1659 1609 1761 1636 robusti

980 1663 1052 1687 Slllll,
1071 1656 1107 1682 illi
1123 1661 1151 1682 ut
1166 1660 1249 1682 l0lUlll
1267 1664 1365 1690 COI'pllB
1380 1661 1542 1683 sudentent.

1017 1745 1097 1773 Vsus.
1114 1746 1158 1773 ιε.
1177 1755 1187 1772 ι
1203 1746 1237 1773 Ει
1255 1745 1459 1773 mdiﬁc:2bunlur
1478 1746 1582 1772 deserta
1598 1749 1640 1770 tua
1664 1750 1760 1777 pt-rpc-

981 1796 1036 1823 tua.
1051 1796 1077 1819 et
1089 1797 1169 1819 erunt
1184 1792 1356 1820 fundamenta
1371 1796 1416 1818 tua
1432 1792 1592 1826 sempiterna
1612 1790 1637 1816 in
1649 1796 1763 1824 genera-

981 1839 1068 1866 tiones
1081 1839 1295 1872 generationum.
1314 1839 1345 1865 Et
1358 1838 1496 1865 vocaberis
1512 1837 1659 1864 mdiﬁcator
1675 1842 1763 1862 tnace-

981 1884 1091 1916 riarum,
1106 1888 1134 1910 et
1150 1884 1259 1910 semitas
1275 1888 1343 1915 tuas,
1361 1890 1420 1917 qua:
1442 1886 1504 1908 sunt
1528 1881 1553 1907 in
1574 1881 1670 1910 medio.
1689 1880 1763 1913 qnle-

981 1936 1057 1955 scere
1079 1928 1172 1955 facies.
1185 1938 1194 1954 ι
1216 1927 1299 1962 Sepes
1315 1933 1403 1954 autem
1421 1927 1563 1958 construit,
1580 1927 1625 1960 qui
1640 1925 1766 1952 ecclesia-

980 1974 1047 2001 stica
1058 1974 1182 2008 dogmata
1198 1973 1345 1999 dialecticis
1356 1972 1631 1998 demonstrationibus
1648 1972 1763 1997 cirt'utn-

981 2027 1087 2054 quaque.
1105 2019 1189 2045 tuunit
1214 2023 1240 2044 et
1258 2017 1394 2049 defendit;
1425 2017 1468 2051 qdi
1495 2025 1559 2043 vero
1580 2023 1623 2047 ea,
1651 2023 1709 2050 qua:
1738 2015 1763 2042 in

981 2066 1079 2092 divinis
1098 2065 1257 2091 lectionibus
1279 2063 1438 2090 oﬁendicula
1455 2070 1515 2089 esse
1533 2062 1667 2092 videntur.
1694 2061 1763 2087 dictat

981 2110 1140 2144 explicando
1159 2115 1291 2142 removet,
1318 2109 1340 2135 is
1369 2113 1410 2134 est
1436 2109 1479 2142 qui
1507 2109 1606 2142 lapides
1628 2108 1654 2134 in
1678 2106 1766 2133 medio

982 2156 1137 2184 ειιιιιὶιιιτιιιιι
1156 2156 1258 2191 positos
1271 2156 1408 2182 amolitur.
1434 2155 1501 2182 Nam
1517 2154 1579 2188 quia
1593 2152 1692 2179 erroris
1708 2152 1765 2178 vias

983 2204 1112 2236 obstruit,
1127 2209 1153 2230 ct
1168 2204 1300 2238 ejusmodi
1319 2203 1453 2231 clausulas
1469 2208 1570 2229 tutatur
1588 2209 1618 2228 ac
1633 2201 1764 2232 del'cndit,

149 2258 197 2285 καὶ
212 2258 410 2293 περιφράττων,
426 2257 537 2289 eum;
558 2256 697 2292 οἰκοδόμος
717 2255 851 2291 φραγμῶν
879 2255 931 2281 ὀνο-

983 2258 1097 2284 seseque
1119 2251 1235 2284 undique
1253 2251 1338 2277 tnunit
1354 2255 1381 2277 et
1398 2250 1477 2284 sepit,
1504 2248 1652 2275 aediﬁcator
1673 2253 1763 2272 macc-

173 2303 277 2334 ἅζεται.

193 2312 277 2334 gerat.

152 2312 198 2375 μαι
227 2349 289 2376 Ἐὰν
301 2348 473 2384 ἀποστρέψεις
488 2348 533 2375 τὸν
550 2348 617 2374 πόδα
637 2355 683 2374 σου
700 2347 752 2374 ἀπὸ
764 2347 817 2372 τῶν
828 2345 932 2372 Σύϐα-

149 2404 213 2427 των,
227 2395 272 2423 τοῦ
289 2396 325 2430 μὴ
340 2396 424 2422 ποιεῖν
440 2395 473 2422 τὰ
485 2394 625 2430 θελήματά
639 2402 684 2420 σου
700 2394 728 2420 ἐν
741 2394 774 2428 τῇ
789 2392 881 2437 ήμέρᾳ
896 2393 929 2427 τῇ

151 2442 230 2477 ἀγίαι
250 2441 297 2467 καὶ
321 2441 444 2472 καλέσεις
456 2441 489 2467 τὰ
503 2440 628 2467 Σάϐϐατα
651 2438 783 2475 τρυφερὰ,
808 2438 873 2472 ἅγια
893 2437 931 2472 τῷ

150 2487 222 2522 Θεῴ-
240 2487 289 2514 οὑκ
300 2487 376 2521 ἀρεῖς
391 2486 436 2512 τὸν
448 2486 513 2512 πόδα
525 2494 571 2512 σου
585 2486 627 2511 ἐπ’
642 2485 724 2521 ἔργῳ,
733 2484 792 2510 οὐδὲ
808 2483 933 2518 λαλήσεις

150 2532 228 2567 λόγον
239 2533 267 2558 ὲν
285 2533 352 2567 ὀργῇ
369 2532 400 2559 ὲκ
414 2532 460 2558 τοῦ
476 2531 609 2567 στόματός
626 2540 682 2558 σου.
701 2530 755 2556 Καὶ
775 2529 822 2565 ἔσῃ
838 2537 933 2556 πεποι-

131 2577 204 2613 ⁸ιθὼς
227 2578 273 2604 ἐπὶ
295 2578 412 2613 Κύριον·
434 2577 481 2604 καὶ
496 2577 654 2604 ἀναϐιϐάσει
667 2585 696 2603 σε
716 2575 762 2602 ἐπὶ
785 2575 819 2602 τὰ
845 2574 934 2609 ἀγαθὰ

133 2619 140 2623 “
151 2623 200 2658 τῆς
216 2622 278 2656 γῆς,
296 2623 343 2648 καὶ
354 2622 454 2656 ψωμιεῖ
469 2630 497 2648 σε
513 2622 563 2658 τὴν
575 2621 754 2657 κληρονομίαν
768 2619 864 2647 Ἰακὼὸ
886 2619 932 2645 τοῦ

152 2669 254 2705 πατρός
269 2677 326 2696 σου.
344 2668 380 2695 Τὸ
391 2667 445 2703 γὰρ
459 2667 545 2703 στόμα
561 2667 661 2703 Κυρίου
677 2666 789 2702 ἐλάλησε
811 2665 904 2692 ταῦτα.
921 2674 930 2690 ι

158 2714 319 2742 ’Υποὸάλλει
332 2714 353 2740 δ’
371 2715 386 2740 ὁ
410 2714 488 2748 λόγος
509 2714 546 2749 μὴ
575 2713 714 2749 θελήματα
741 2712 879 2747 πράττειν,
896 2711 933 2742 ὡς

153 2760 263 2792 ἑαυτοὺς
286 2759 381 2795 μέθαις
414 2760 461 2786 καὶ
487 2759 652 2795 κραιπὰλαις
681 2757 873 2794 σχολάζοντας·
905 2757 933 2782 ἐν

154 2806 279 2842 ἁγιασμῷ
293 2806 321 2833 δὲ
332 2806 377 2833 καὶ
389 2806 554 2842 καθαρότητι
570 2804 720 2839 διάγοντας,
733 2803 802 2830 οὕτω
826 2801 872 2828 καὶ
886 2801 934 2836 τὴν

154 2852 258 2889 ἡμέραν
275 2851 553 2888 ἁγιάζειν,τρυφεράν
567 2859 597 2877 τε
617 2850 701 2886 αὐτὴν
716 2849 763 2875 καὶ
776 2847 877 2875 ἄλυπον
892 2846 936 2874 διὰ

153 2898 201 2933 τῆς
214 2899 244 2925 ἐν
258 2898 327 2933 αὐτῇ
337 2898 405 2925 κατὰ
416 2898 484 2925 Θεὸν
497 2896 707 2932 ἐπιτελουμένης
722 2894 820 2930 σχολῆς
836 2893 935 2928 φυλάτ-

987 2298 1086 2324 riarttm
1103 2298 1165 2330 jure
1179 2301 1300 2324 vocatur.

1023 2343 1103 2369 Vsus.
1124 2343 1170 2375 15,
1193 2343 1237 2369 Μ.
1261 2351 1269 2367 t
1283 2342 1311 2368 Si
1337 2341 1468 2368 averteris
1491 2348 1504 2366 a
1526 2338 1650 2366 Sabbatis
1671 2335 1764 2370 pedem

986 2395 1072 2420 tuum.
1102 2395 1130 2416 ut
1144 2397 1195 2416 non
1210 2389 1291 2416 facias
1305 2389 1455 2416 voluntates
1471 2393 1530 2414 tttas
1544 2387 1568 2412 in
1590 2385 1633 2410 die
1648 2386 1740 2408 sant-ta
1757 2388 1764 2406 :

984 2441 1011 2463 et
1028 2436 1139 2462 vocabis
1153 2435 1271 2462 Sabbata
1286 2435 1411 2467 delicata,
1429 2437 1521 2461 sancta
1536 2433 1588 2458 Deo
1601 2439 1608 2462 ;
1626 2437 1677 2455 non
1692 2427 1765 2453 leva-

986 2481 1026 2508 bis
1042 2482 1135 2515 pedem
1151 2486 1223 2508 ttunn
1236 2482 1268 2508 ad
1279 2490 1356 2517 opus,
1373 2488 1458 2515 neque
1482 2477 1598 2512 loqueris
1613 2475 1722 2501 νετιιιιηι
1739 2472 1766 2498 in

987 2526 1026 2553 ira
1042 2527 1074 2554 de
1088 2534 1136 2553 ore
1151 2532 1205 2554 tuo.
1223 2527 1254 2553 Et
1269 2529 1322 2553 eris
1337 2526 1459 2553 ﬁduciam
1474 2524 1574 2550 habens
1587 2521 1612 2547 in
1630 2519 1741 2546 Domino
1757 2524 1765 2542 :

987 2578 1014 2600 et
1025 2573 1119 2600 evellet
1134 2578 1159 2599 te
1173 2573 1206 2598 ad
1223 2573 1291 2599 bona
1307 2577 1395 2601 terrae.
1411 2575 1438 2597 et
1449 2569 1550 2596 cihabit
1567 2574 1591 2593 te
1610 2564 1767 2592 lia-reditatc

984 2619 1067 2647 Jacob
1080 2619 1165 2654 patris
1183 2619 1230 2646 tui.
1245 2619 1281 2646 Os
1291 2619 1362 2645 enim
1379 2617 1482 2644 Domini
1501 2616 1617 2642 locutum
1630 2617 1670 2638 est
1681 2611 1762 2637 Ιιειιικι

986 2664 1034 2691 llis
1063 2664 1249 2691 suliiudicatur
1278 2671 1329 2689 non
1357 2669 1405 2697 pro
1432 2661 1515 2687 lubito
1535 2657 1654 2692 singulos
1685 2661 1766 2689 ager“.

987 2710 1103 2741 debere.
1120 2709 1156 2735 ita
1174 2714 1203 2735 ut
1218 2708 1342 2736 ebrietati
1360 2713 1383 2734 cl
1399 2706 1516 2740 crapulm
1529 2703 1687 2737 intlnlgeant
1699 2710 1706 2733 ;
1720 2703 1767 2727 sed

987 2757 1014 2784 in
1027 2757 1171 2784 sanctitate
1182 2760 1205 2782 et
1219 2754 1337 2790 puritate
1359 2753 1506 2787 degendum
1525 2757 1585 2777 esse
1599 2767 1607 2780 ,
1630 2753 1708 2781 atque
1731 2746 1766 2771 ita

990 2803 1059 2830 diem
1074 2808 1167 2830 sancte
1185 2801 1372 2828 celebrandam
1395 2803 1520 2833 oportere
1536 2805 1543 2822 :
1563 2797 1702 2831 ipsamque
1719 2795 1766 2821 le-

990 2851 1042 2875 tam
1062 2855 1093 2875 ac
1110 2847 1168 2874 sine
1186 2846 1292 2873 tristitia
1303 2866 1314 2878 ,
1330 2846 1364 2872 ob
1379 2845 1463 2871 otium
1477 2843 1539 2870 illud
1556 2843 1608 2869 Deo
1627 2848 1767 2869 conserm-

990 2899 1050 2925 tum.
1072 2892 1219 2924 custodire,
1247 2899 1333 2925 neque
1346 2891 1385 2918 vel
1401 2889 1530 2917 tantitlnm
1547 2891 1643 2923 pcdcm
1661 2893 1769 2914 movere
