2061 3215
273 208 325 235 ὅξζὸ

609 208 741 236 EUSEBII
760 208 859 236 (ΖΕδᾶ
865 207 999 235 RIENSlS
1017 207 1091 235 ΟΡΡ.

1112 208 1201 236 PARS
1222 209 1265 236 Ill.
1286 225 1320 229 -—
1339 208 1542 238 EXEGETICA.
1834 211 1886 238 ιει

272 270 305 295 ad
320 269 371 295 alia
388 276 479 302 opera,
496 276 583 304 neque
595 269 641 308 ‘vel
665 270 826 296 verbotcuns
848 269 914 296 labia
937 270 1053 302 tardare;

1106 277 1171 299 τειν,
1188 270 1253 305 μηδὲ
1270 271 1348 305 μέχρι
1365 270 1410 296 τοῦ
1422 271 1548 306 τυχόντος
1562 271 1685 298 κινοῦντα
1700 272 1745 298 τὸν
1763 272 1828 298 πόδα
1843 272 1888 298 ἐπὶ

272 314 319 342 sed
335 314 383 341 soli
397 315 547 341 divinarmn
564 322 650 342 rerum
665 315 720 342 otio
735 320 788 341 tota
803 315 848 342 die
861 322 969 342 vacare.

1105 316 1236 350 πράξεσιν
1260 316 1378 352 ἑτέραις.
1405 317 1473 352 μηδὲ
1500 317 1581 352 μέχρι
1594 317 1674 351 λόγου
1703 317 1826 352 μολύνειν
1854 318 1890 343 τα

273 360 348 397 χολη
359 370 365 376 ·
385 361 452 398 μόνῃ
465 361 493 386 δὲ
513 362 544 395 τῇ
559 361 638 396 σχολῇ
655 361 708 387 τῶν
719 361 797 387 θείων
810 361 853 388 διὰ
866 361 956 395 πάσης
971 361 1148 396 προσανέχειν
1160 361 1208 395 τῆς
1223 361 1336 396 ἡμέρας.

561 427 672 455 CAPUT
687 427 755 454 LIX.

307 476 389 503 Vsus.
408 476 433 503 l.
449 484 459 500 ι
478 475 572 501 Annon
588 479 676 507 potest
689 482 786 501 manus
799 474 905 501 Domini
920 474 1026 501 salvare
1043 475 1054 501 ’ί

273 521 314 547 An
329 525 472 554 aggravata
490 524 532 545 est
547 519 620 545 auris
637 518 694 552 ejus
706 538 713 550 ,
739 524 768 545 ut
786 527 839 545 non
855 519 983 545 exaudiat
999 520 1010 546 ?
1042 529 1051 545 ι

275 567 418 600 Postquam
434 566 459 592 in
475 565 688 599 przecedeutibus
710 572 769 598 qua:
791 573 806 591 a
830 564 942 592 Judaico
957 565 1054 600 populo

275 613 376 647 agenda
392 617 489 642 erant.
510 611 675 644 przescripsit
688 631 696 643 ,
713 615 793 644 atque
818 611 852 638 iis
877 612 922 645 qui
951 611 1053 645 agenda

274 658 436 692 perfeceriut
451 678 458 690 ,
475 663 654 692 congruentes
669 657 877 691 pollicitationes
892 657 1006 689 obtulit,
1022 664 1055 684 ac

274 705 409 732 contraria
427 703 607 737 deligentibus
623 703 768 736 promerita
784 703 916 736 supplicia
941 704 1054 730 commi-

275 755 354 776 natus
368 754 425 781 est;
440 750 495 783 jam
509 749 551 776 lllS
568 749 657 776 verbis
673 749 744 782 ipsos
759 749 889 783 coarguit,
904 754 997 783 utpote
1007 750 1052 784 qui

274 794 360 829 aliqua
380 794 426 820 Dei
450 794 580 820 voluntati
598 793 734 820 contraria
757 793 928 829 delegerint:
949 802 1001 828 qua
1018 795 1051 821 de

274 848 354 866 causa
378 840 403 866 in
427 840 596 866 calamitates
618 838 719 872 delapsi
745 844 816 866 sunt.
843 839 887 866 Ait
901 847 965 874 ergo
982 840 1052 867 illis:

274 885 450 920 Nequaquam
475 885 539 912 mibi
563 885 617 912 Deo
643 885 808 918 impossibile
830 890 885 912 erat
904 893 950 911 vos
972 885 1053 912 etiatn

1358 428 1555 455 ΚΕΦΔΛΑΙΟΝ
1569 428 1631 456 ΝΘ’.

1143 482 1152 496 ι
1169 473 1214 507 Μὴ
1239 473 1290 499 οὐκ
1317 473 1434 508 ίσχύειὴ
1459 474 1520 509 χεὶρ
1546 473 1648 508 Κυρίου
1666 473 1713 499 τοῦ
1735 473 1836 504 aibant;
1855 472 1890 499 Ἢ

1105 517 1219 553 ἐϐάρυνε
1232 517 1262 544 τὸ
1274 515 1319 550 οὖς
1332 517 1413 545 αὑτοῦ
1426 518 1472 544 τοῦ
1485 519 1522 554 μὴ
1538 518 1711 550 είσακοῦσαι;
1734 528 1743 544 ι
1765 519 1808 550 Ὠς
1821 518 1890 553 πρὸς

1104 563 1150 590 τὸν
1170 564 1222 590 τῶν
1246 564 1378 591 Ἰουδαίων
1401 564 1464 591 λαὸν
1489 565 1704 600 διαστειλάμενος
1725 566 1740 591 ό
1763 564 1842 598 λόγος
1861 565 1891 590 ὲν

1106 611 1161 641 τοῖς
1177 610 1228 645 προ
1240 610 1333 636 τούτου
1351 610 1385 636 τὰ
1406 611 1540 646 πρακτέα,
1555 611 1602 638 καὶ
1617 612 1672 642 τοῖς
1689 611 1738 645 μὲν
1763 611 1797 636 τὰ
1818 619 1891 645 πρα-

1107 655 1172 681 κτέα
1186 655 1219 681 δι’
1234 655 1322 690 ἔργων
1344 656 1514 682 ὲπιτελέσασι
1531 655 1579 687 τὰς
1595 655 1751 691 πρεπούσας
1771 657 1891 690 ἐπαγγε-

1105 699 1165 732 λίας
1181 701 1324 736 παραθεὶς,
1338 703 1394 732 τοῖς
1404 701 1432 728 δὲ
1444 701 1571 728 τάναντία
1583 701 1718 737 ἑλομένοις
1728 701 1778 732 τὰς
1793 702 1892 728 καταλ-

1107 745 1202 780 λήλους
1219 746 1369 781 ἀπειλήσας
1392 745 1540 781 τιμωρίας·
1559 746 1604 772 διὰ
1626 745 1680 771 τῶν
1702 745 1891 781 προκειμένων

1107 791 1214 826 ἔλεγχον
1227 791 1318 821 αὐτοῖς
1334 791 1494 826 προσφέρει,
1511 790 1549 822 ὥς
1559 799 1618 817 τινα
1634 784 1742 817 ἐναντία
1754 790 1890 824 ἑλομένοις

1107 837 1140 870 τῇ
1154 835 1201 861 τοῦ
1219 835 1287 862 Θεοῦ
1314 835 1412 870 βουλῇ·
1432 832 1462 861 οὗ
1479 835 1557 870 χάριν
1571 835 1616 861 καὶ
1633 836 1689 866 τοῖς
1702 835 1795 866 κακοῖς
1815 842 1892 870 περι-

1108 882 1278 908 πεπτώκασι.
1292 882 1375 917 Φησὶν
1398 879 1444 907 οὖν
1463 881 1531 916 πρὸς
1548 880 1657 912 αὐτούς’
1676 880 1732 906 Οὐκ
1745 877 1777 915 ἧν
1793 879 1891 906 ἀδύνα-

274 931 392 964 perditos
408 936 560 957 restaurare
573 950 580 962 ,
595 937 682 964 neque
698 929 804 956 inﬁrma
818 935 860 956 est
877 938 972 957 manus
986 938 1055 960 mea.

1107 937 1152 954 τον
1167 928 1227 963 ἐμοὶ
1242 928 1281 963 τῷ
1301 927 1370 962 Θεῷ,
1387 929 1433 954 καὶ
1456 926 1657 962 ἀπολλυμένους
1676 927 1747 961 ὑμᾶς
1772 926 1892 961 ἀνακτή-

274 982 303 1003 ut
319 984 375 1008 vos,
391 977 512 1011 indignus
527 976 599 1008 licet,
616 984 724 1003 scrvare
742 984 889 1011 nequeam;
908 977 979 1003 auris
993 984 1055 1003 vero

275 1031 344 1053 mea,
357 1031 416 1057 qum
429 1022 517 1048 omnia
532 1022 604 1066 angit
617 1041 624 1054 ,
641 1029 693 1048 non
710 1022 746 1049 ita
768 1026 913 1056 aggravata
931 1026 987 1048 eral
1000 1042 1007 1053 ,
1027 1027 1055 1048 ut

274 1074 326 1093 non
344 1074 448 1101 possem
466 1074 511 1093 vos
526 1066 675 1093 clamantes
688 1067 829 1093 exaudire.

307 1165 389 1194 Vens.
406 1166 433 1193 2.
456 1175 465 1192 (
489 1166 541 1194 Sed
560 1170 670 1200 peccata
691 1171 778 1194 vestra
796 1167 935 1194 dissidinm
951 1167 1054 1194 faciunt

273 1211 342 1239 inter
356 1219 402 1238 vos
417 1216 444 1238 et
459 1212 541 1238 Deum
561 1221 567 1238 :
581 1217 608 1238 et
622 1217 733 1246 propter
749 1217 860 1246 peccata
878 1218 967 1239 vestra
977 1220 1055 1239 aver-

273 1257 305 1285 tit
321 1257 417 1283 faciem
435 1264 450 1283 a
466 1257 542 1283 vobis
556 1276 563 1288 ,
590 1261 619 1283 ut
634 1265 685 1283 non
710 1258 882 1284 misereatur.
905 1267 914 1283 ι
931 1257 1053 1292 lmproba

273 1302 327 1328 vita
343 1307 431 1328 vestra
451 1309 502 1328 non
527 1302 592 1328 sinit
606 1309 652 1328 vos
674 1301 764 1328 divina
788 1301 839 1328 frui
864 1303 1032 1336 providentia
1045 1324 1053 1334 ,

273 1347 335 1382 quia
354 1346 424 1373 Deus
440 1351 580 1380 peccatum
594 1367 601 1379 ,
618 1351 647 1372 ut
671 1354 727 1372 rem
751 1347 871 1380 putidam
884 1367 891 1375 .
910 1352 1013 1382 turpem
1028 1353 1054 1374 et

274 1391 401 1418 infamem
417 1390 598 1417 abominatur.
618 1389 720 1424 l'opulo
734 1390 823 1424 itaque
849 1391 934 1418 rniuze
957 1399 988 1419 ac
1010 1399 1053 1420 re—

274 1436 400 1462 motiouis
413 1443 426 1460 a
443 1435 498 1462 Deo
513 1435 612 1461 nullam
634 1435 714 1461 aliam
729 1435 812 1462 fuisse
831 1443 940 1462 causam
954 1437 1032 1464 docet
1045 1457 1053 1469 ,

272 1489 352 1516 quam
372 1485 481 1515 peccata
499 1487 592 1507 eorum
616 1489 624 1507 :
649 1480 744 1508 horum
769 1488 832 1508 vero
853 1483 956 1516 species
977 1483 1053 1509 dein-

273 1535 336 1562 ceps
349 1531 500 1555 enumerat.

310 1629 389 1655 Vsus.
408 1627 434 1655 5.
456 1637 465 1653 ε
485 1627 579 1655 Manus
595 1627 666 1655 enim
683 1632 779 1654 vestra-
798 1625 906 1661 polluta:
921 1630 984 1652 sunt
994 1633 1053 1652 san-
1067 1596 1089 1625 Ο

272 1674 352 1709 guine
364 1694 372 1706 ,
385 1678 413 1700 et
427 1672 502 1706 digiti
522 1673 604 1700 vestri
619 1673 645 1699 in
666 1672 784 1706 peccatis
799 1681 806 1698 :
821 1671 890 1697 labia
905 1676 995 1698 vestra
1013 1671 1054 1698 lo-

273 1724 334 1746 cuta
351 1724 413 1746 sunt
430 1719 598 1753 iniquitatem
611 1738 619 1750 ,
636 1723 662 1744 et
676 1717 765 1752 lingua
783 1722 872 1744 vestra
894 1717 1052 1751 injuslitiam

274 1765 427 1791 meditatur.
459 1773 467 1789 I
496 1763 529 1790 Et
544 1763 696 1798 perpendas
721 1762 798 1789 velim
821 1769 867 1789 eos
890 1762 934 1789 hic
951 1770 1004 1789 non
1023 1762 1054 1789 de

274 1809 424 1836 idololatria
434 1829 442 1840 ,
458 1814 505 1835 aut
517 1809 550 1835 de
566 1809 618 1835 alio
633 1807 756 1842 improbo
775 1807 896 1835 facinore
911 1810 1035 1835 accusari
1046 1827 1053 1839 ,

272 1857 320 1882 sed
343 1857 375 1883 de
400 1856 473 1883 caede
490 1855 568 1882 labiis
588 1859 743 1889 perpetrata
757 1875 763 1886 ,
783 1860 810 1881 et
825 1855 858 1882 de
872 1854 928 1882 oris
942 1855 982 1881 sui
1000 1855 1054 1882 iui-

274 1902 386 1935 quitate.
406 1900 488 1934 Queis
503 1900 656 1927 Subiudicat
669 1907 762 1927 eorum
776 1904 868 1926 contra
884 1899 1054 1926 Servato‘rem

273 1947 489 1982 conspirationes
499 1966 505 1978 .
527 1951 607 1980 atque
620 1945 732 1973 insidias
745 1946 779 1972 ab
793 1945 834 1972 eis
846 1950 941 1973 contra
957 1945 1055 1980 probos

274 1994 346 2021 viros
359 1998 486 2021 structas.
499 1993 611 2020 Etiamsi
624 2001 688 2020 vero
698 1992 867 2020 Servalorem
879 2000 931 2019 non
948 1991 1055 2026 propria

275 2048 353 2067 manu
364 2039 539 2071 trucidarint;
552 2047 613 2066 cum
628 2044 716 2066 tamen
732 2038 888 2072 sanguinem
905 2037 963 2072 ejus
975 2045 1056 2071 super

274 2093 304 2112 se
319 2090 343 2111 et
371 2092 452 2118 super
479 2084 546 2111 ﬁlios
560 2092 623 2111 suos
640 2085 819 2118 expetierint,
845 2092 876 2110 ac
898 2083 988 2118 impiis
1015 2083 1054 2110 usi

275 2131 329 2156 sint
345 2130 518 2162 clamoribus,
535 2136 627 2163 reapse
643 2130 814 2156 declararunt
828 2137 857 2156 se
882 2136 977 2156 manus
991 2135 1055 2155 san—

275 2176 354 2210 guine
372 2176 485 2202 fcedatas
501 2175 600 2202 habere
612 2196 620 2208 ,
635 2176 704 2203 labia
727 2183 819 2202 eorum
835 2175 1002 2210 iniquitatem
1018 2175 1056 2200 lo-

275 2227 336 2248 cuta
354 2229 434 2252 esse.
460 2226 487 2248 et
513 2221 629 2256 tinguant
647 2229 741 2248 eorum
769 2220 934 2255 impietatem
961 2225 1055 2255 protu-

276 2268 347 2295 lisse.
370 2267 435 2294 Nam
448 2275 507 2294 sese
521 2267 686 2301 dccipientes
702 2267 782 2293 alium
798 2267 936 2294 Christum
957 2273 1054 2300 exspe-

275 2318 348 2340 ctant
360 2333 367 2344 .
386 2313 502 2340 bumana
528 2314 649 2347 quaedam
667 2318 694 2339 et
712 2313 832 2340 fabulosa
858 2312 890 2339 de
918 2312 975 2346 ipso
992 2319 1054 2338 nar-

276 2365 376 2386 rantes.

1070 2276 1092 2304 D

313 2416 393 2442 Vens.
407 2415 433 2447 4,
449 2416 476 2442 5.
494 2425 503 2439 ε
526 2415 609 2442 Nemo
624 2420 742 2450 mqutlnr
761 2416 846 2450 jnsla,
863 2423 912 2443 nec
929 2416 1056 2451 estjudi-

275 2462 345 2487 cium
362 2469 466 2487 rerum.
491 2461 633 2488 Confidam
661 2463 742 2487 rebus
765 2462 851 2492 vanis,
870 2467 896 2488 et
910 2461 1057 2496 loquuntur

277 2506 376 2536 inania.
392 2508 453 2540 quia
470 2507 626 2541 concipiunt
643 2506 772 2539 dolorem,
787 2513 810 2534 et
831 2509 940 2541 pariunt
957 2508 1056 2543 iniqui-

278 2557 368 2579 tatem.
386 2552 439 2580 Ova
461 2553 582 2587 aspidum
609 2553 743 2587 fregerunt
759 2572 767 2585 ,
792 2559 818 2580 et
844 2555 923 2581 telam
951 2563 1058 2582 araneae

278 2602 370 2624 texunt
386 2607 393 2625 :
411 2604 437 2625 et
450 2600 493 2633 qui
510 2601 566 2625 vult
581 2599 615 2626 de
633 2600 691 2626 ovis
706 2607 799 2626 eorum
815 2600 969 2628 comedere.
984 2600 1058 2626 fran-

277 2651 342 2678 gens
356 2644 461 2671 urinnm
477 2644 578 2671 invenit
590 2664 598 2677 ι
614 2650 640 2671 et
656 2644 682 2671 in
700 2645 758 2679 ipso
775 2645 905 2679 regulum.
927 2655 936 2670 ι
955 2645 1057 2672 Adver~

278 2689 410 2716 sariarum
423 2694 584 2724 potestatum
599 2691 701 2716 semina
716 2691 743 2716 in
759 2697 787 2717 se
800 2690 955 2724 parturiunt
974 2698 980 2716 :
995 2697 1058 2724 qua-

278 2741 309 2760 re
326 2734 432 2760 molitia-
445 2735 657 2769 etimprobitatis
672 2743 727 2762 sua:
740 2735 800 2768 ﬁliis
814 2734 981 2767 dicebatur”
996 2735 1058 2760 Fer-

279 2782 390 2812 pantes,
415 2779 546 2812 genimiua
572 2780 735 2813 viperarum.
764 2789 772 2805 ι
789 2779 965 2813 Proportioue
994 2786 1058 2805 vero

279 2822 393 2856 quadam
411 2823 442 2848 ad
459 2823 577 2850 divinum
595 2825 685 2851 sdmeu
711 2824 800 2850 habita
814 2844 822 2855 ,
840 2824 1057 2850 adveisariarum

280 2873 443 2902 potestatum
457 2875 546 2895 semen
562 2889 569 2899 ,
585 2878 632 2896 ova
647 2870 812 2905 appellavit,
830 2869 936 2903 reptilis
949 2869 1057 2902 generis

280 2914 401 2948 exemplo
415 2914 541 2941 insistens
560 2924 565 2941 :
585 2924 646 2943 nam
670 2917 777 2950 aspides
789 2937 796 2949 ,
810 2921 950 2951 serpentes
964 2922 991 2943 et
1003 2916 1053 2942 alia

1107 974 1215 1005 σασοαι,
1229 973 1289 999 οὐδὲ
1305 973 1413 999 ἀσθενεῖ
1424 973 1441 1008 ἡ
1458 973 1511 1008 ἐμὴ
1526 973 1585 1007 χεὶρ
1610 972 1656 998 καὶ
1672 970 1797 1003 ἀναξίους
1811 971 1893 1003 ὄντας

1105 1020 1177 1054 ὑμᾶς
1196 1019 1342 1045 διασῶσαι·
1370 1018 1462 1045 καὶτὸ
1477 1017 1523 1050 οὖς
1545 1018 1573 1044 δὲ
1597 1017 1628 1044 τὸ
1643 1017 1707 1052 ἐμὸν
1730 1018 1759 1044 τὸ
1780 1017 1891 1044 πάντων

1105 1065 1264 1091 ἀκουστικὸν
1281 1065 1328 1098 οὐχ
1338 1063 1424 1095 οὓτως
1439 1061 1473 1099 ἦν
1485 1063 1646 1098 βαρυήκοον,
1659 1063 1697 1094 ὡς
1710 1063 1746 1098 μὴ
1759 1062 1890 1089 δύνασθαι

1107 1110 1182 1144 ὑμῶν
1198 1109 1357 1136 εἰσακοῦσαι
1375 1108 1508 1144 βοώντων.

1142 1176 1151 1190 ι
1167 1164 1245 1191 Ἀλλὰ
1258 1165 1291 1191 τὰ
1303 1165 1489 1200 ἁμαρτήματα
1503 1163 1580 1198 ὑμῶν
1595 1163 1730 1190 διιστῶσιν
1743 1163 1795 1190 ἀνὰ
1807 1163 1892 1199 μέσον

1105 1211 1181 1246 ὑμῶν
1193 1211 1240 1237 καὶ
1253 1210 1306 1237 ἀνὰ
1324 1210 1407 1245 μέσον
1421 1210 1468 1236 τοῦ
1483 1209 1561 1236 Θεοῦ*
1577 1209 1623 1235 καὶ
1637 1209 1681 1235 διὰ
1695 1209 1744 1240 τὰς
1754 1209 1892 1245 ἁμαρτίας

1105 1257 1180 1291 ὑμῶν
1193 1256 1344 1291 ἀπέστρεψε
1357 1256 1388 1282 τὸ
1402 1255 1546 1291 πρόσωπον
1558 1255 1604 1290 ἀφ’
1623 1255 1709 1290 ὑμῶν,
1726 1255 1772 1281 τοῦ
1785 1255 1821 1290 μὴ
1835 1255 1893 1282 ἐλε-

1104 1303 1178 1337 ῆσαι.
1209 1312 1218 1328 ι
1237 1302 1265 1328 ’0
1285 1301 1442 1338 παράνομος
1468 1301 1544 1336 ὑμῶν
1564 1301 1621 1335 βίος
1640 1301 1690 1327 οὐκ
1708 1301 1740 1336 ἐᾷ
1750 1301 1800 1335 τῆς
1816 1300 1892 1332 θείας

1105 1349 1175 1384 ὑμᾶς
1191 1349 1342 1375 ἀπολαῦσαι
1365 1347 1504 1383 προνοίας,
1518 1347 1562 1374 διὰ
1583 1347 1614 1374 τὸ
1636 1346 1824 1382 βδελύττεσθαι
1838 1347 1892 1373 ὥσ-

1104 1403 1157 1430 περ
1172 1395 1275 1430 δυσώδη
1298 1395 1344 1421 καὶ
1365 1393 1480 1430 αἰσχρὰν
1496 1394 1542 1420 καὶ
1559 1394 1654 1428 ἄτιμον
1673 1393 1723 1429 τὴν
1742 1393 1889 1429 ἁμαρτίαν.

1104 1440 1140 1466 Τδ
1157 1441 1205 1476 μὲν
1221 1439 1266 1467 οὖν
1282 1441 1367 1466 αἴτιον
1381 1440 1430 1474 τῆς
1447 1438 1631 1470 ἁποπτώσεως
1640 1438 1685 1465 τοῦ
1698 1439 1762 1465 λαοῦ
1777 1439 1823 1465 καὶ
1840 1439 1891 1474 τῆς

1105 1485 1272 1522 πορρωτάτω
1287 1485 1333 1511 τοῦ
1351 1484 1418 1511 Θεοῦ
1434 1484 1568 1519 ἀποϐολῆς
1590 1483 1671 1510 αὑτοῦ
1696 1484 1772 1510 οὐδὲν
1795 1484 1889 1519 ἕτερον

1104 1530 1173 1558 εἶναι
1197 1530 1315 1563 ἐδίδαξεν
1335 1530 1350 1566 ἦ
1376 1530 1424 1561 τὰς
1439 1530 1588 1565 ἁμαρτίας·
1605 1530 1636 1556 τὸ
1654 1529 1682 1556 δὲ
1696 1529 1796 1556 τούτων
1820 1527 1888 1561 εἶδος

1106 1576 1168 1610 ἑξῆς
1183 1575 1296 1611 καταριο
1300 1577 1399 1611 μεῖται.

1145 1642 1154 1658 t
1172 1633 1205 1659 Al.
1226 1632 1279 1668 γὰρ
1298 1634 1387 1668 χεῖρες
1402 1631 1478 1667 ὑμῶν
1502 1631 1704 1666 μεμολυσμέναι
1721 1632 1825 1666 αἵματι,
1841 1640 1888 1658 και

1106 1681 1130 1706 οἱ
1143 1679 1268 1706 δάκτυλοι
1283 1678 1359 1714 ὑμῶν
1374 1679 1402 1704 ἐν
1416 1677 1561 1713 ἁμαρτίαις
1572 1685 1579 1692 ο
1599 1677 1633 1704 τὰ
1648 1677 1722 1712 χείλη
1739 1677 1815 1712 ὑμῶν
1828 1677 1891 1704 ἐλά-

1107 1727 1190 1761 λησαν
1206 1725 1330 1760 ἀνομίαν,
1344 1724 1391 1751 καὶ
1404 1725 1421 1759 ἡ
1432 1723 1540 1758 γλῶσσα
1555 1723 1631 1758 ὑμῶν
1643 1723 1748 1750 ἀδικίαν
1762 1723 1869 1759 μελετᾷ.
1878 1734 1887 1749 ι

1108 1772 1161 1798 Καὶ
1190 1771 1248 1802 Θὲα,
1264 1770 1301 1802 ὡς
1317 1771 1366 1796 οὐκ
1383 1770 1568 1805 ἐπιμέμφεται
1583 1769 1672 1801 αὐτοῖς
1688 1769 1716 1795 ὲν
1732 1769 1835 1800 τούτοις
1849 1770 1890 1795 εί-

1107 1816 1314 1852 δωλολατρείαν,
1329 1815 1382 1842 οὐδ’
1414 1815 1509 1849 ἑτέραν
1522 1814 1583 1842 τινὰ
1601 1814 1756 1850 παράνομον
1770 1815 1868 1850 πρᾶξιν
1882 1823 1888 1829 ”

1108 1861 1175 1888 ἀλλὰ
1190 1861 1238 1897 τὴν
1251 1861 1295 1888 διὰ
1311 1860 1422 1896 χειλέων
1446 1861 1610 1896 μιαιφονίαν,
1636 1861 1682 1887 καὶ
1698 1861 1746 1896 τὴν
1759 1861 1803 1888 διὰ
1827 1861 1891 1887 στό-

1109 1914 1191 1940 ματος
1208 1906 1389 1941 παρανομίαν.
1405 1906 1442 1931 Δι’
1457 1902 1494 1933 ὧν
1504 1905 1612 1941 ᾐνίξατο
1625 1906 1672 1941 τὴν
1688 1906 1758 1933 κατὰ
1773 1905 1818 1932 τοῦ
1831 1907 1890 1932 Σω-

1107 1951 1187 1986 τῆρος
1202 1951 1383 1978 ἐπανάστασιν
1395 1950 1492 1983 αὐτῶν,
1506 1952 1552 1978 καὶ
1565 1951 1613 1986 τὴν
1629 1951 1698 1978 κατὰ
1712 1951 1766 1978 τῶν
1778 1951 1890 1978 δικαίων

1107 1996 1210 2031 ἀνδρῶν
1222 1996 1379 2031 ἐπιδουλήν.
1395 1996 1426 2022 Εἰ
1439 1996 1467 2022 δὲ
1480 1997 1526 2022 καὶ
1539 1996 1575 2032 μὴ
1590 1997 1745 2032 αὐτόχειρες
1761 1997 1889 2030 γεγόνασι

1107 2041 1154 2067 τοῦ
1168 2041 1303 2077 Σωτῆρος,
1320 2041 1387 2067 ἀλλὰ
1396 2041 1426 2067 το
1438 2038 1506 2075 αἷμα
1522 2041 1602 2067 αὐτοῦ
1615 2042 1650 2067 ἐπ
1671 2042 1768 2073 αὐτοὺς
1784 2044 1829 2068 καὶ
1843 2042 1891 2069 ἐπὶ

1107 2087 1141 2113 τὰ
1154 2087 1236 2114 τέκνα
1261 2087 1350 2113 αὐτῶν
1372 2087 1557 2122 αίτησάμενοι,
1571 2088 1617 2114 καὶ
1634 2088 1708 2122 βοαῖς
1720 2088 1809 2119 ἀθέοις
1823 2096 1892 2125 χρη-

1109 2133 1228 2167 σάμενοι,
1254 2132 1326 2168 ἔργῳ
1348 2133 1522 2168 παρέστησαν
1536 2133 1585 2164 τὰς
1603 2134 1695 2169 χεῖρας
1714 2133 1784 2168 ἔχειν
1807 2142 1891 2169 μεμο-

1108 2178 1242 2214 λυσμένας
1255 2179 1359 2213 αἵματι.
1368 2178 1402 2205 τά
1411 2187 1440 2205 τε
1452 2179 1528 2214 χείλη
1539 2179 1628 2206 αὐτῶν
1639 2179 1813 2215 λελαληκέναι
1827 2180 1890 2206 ἀνο-

1110 2225 1184 2259 μίαν,
1201 2225 1248 2250 καὶ
1261 2223 1309 2259 τὴν
1331 2223 1456 2258 γλῶσσαν
1479 2225 1568 2251 αὐτῶν
1591 2224 1813 2260 μεμελετηκέναι.
1833 2225 1891 2258 Ἑξ-

1108 2269 1265 2301 απατῶντες
1281 2269 1336 2305 γὰρ
1351 2270 1462 2301 ἑαυτοὺς
1474 2270 1566 2306 ἕτερον
1583 2271 1749 2306 προσδοκῶσι
1764 2271 1889 2307 Χριστὸν,

1104 2315 1261 2350 ἀνθρώπινά
1276 2323 1336 2342 τινα
1347 2315 1412 2351 περὶ
1428 2315 1509 2342 αὑτοῦ
1524 2316 1742 2350 μυθολογοῦντες.

1143 2428 1151 2443 ι
1165 2418 1259 2450 Οὺοεὶς
1280 2418 1361 2444 ῧκαλεῐ
1378 2417 1479 2446 δίκαια,
1497 2416 1556 2443 οὑδὲ
1572 2418 1629 2443 ἐστι
1652 2417 1740 2451 κρίσις
1765 2415 1888 2450 ἀληθινή.

1105 2464 1267 2490 Πεποίθασιν
1295 2465 1341 2489 ἐπὶ
1369 2463 1502 2499 ματαίοις,
1535 2463 1581 2489 καὶ
1608 2462 1715 2488 λαλοῦσι
1749 2461 1823 2490 κενὰ,
1849 2462 1890 2488 ὅτι

1111 2508 1204 2534 κύουσι
1226 2509 1315 2540 πόνον,
1340 2509 1386 2534 καὶ
1403 2508 1538 2534 τίκτουσιν
1560 2507 1683 2542 ἀνομίαν.
1704 2507 1749 2533 Ὡὰ
1771 2506 1891 2532 ἀσπίδων

1111 2552 1237 2588 ἑῤῥηξαν,
1253 2553 1299 2579 καὶ
1309 2553 1380 2578 ἱστὸν
1394 2553 1513 2588 ἀράχνης
1526 2552 1682 2587 ὑφαίνουσι·
1703 2553 1750 2578 καὶ
1764 2553 1778 2578 ὁ
1788 2552 1891 2587 μέλλων

1095 2611 1097 2614 -
1110 2598 1163 2623 τῶν
1179 2597 1239 2623 ὠῶν
1258 2598 1347 2624 αὐτῶν
1371 2599 1478 2632 φαγεῖν,
1489 2597 1634 2632 συντρίψας
1648 2597 1737 2632 οὔριον
1753 2594 1826 2632 εὗρε,
1843 2598 1893 2623 καὶ

1111 2643 1139 2668 ἐν
1151 2642 1225 2677 αὐτῷ
1242 2642 1405 2677 βασιλίσκον.
1431 2652 1438 2668 ι
1460 2643 1520 2669 Τῶν
1541 2644 1732 2678 ἀντικειμένων
1752 2643 1893 2677 δυνάμεων

1110 2689 1143 2714 τὰ
1163 2689 1306 2724 σπέρματα
1329 2690 1357 2715 ὲν
1373 2690 1463 2721 αὐτοῖς
1475 2691 1624 2726 κυήσαντες
1635 2699 1641 2704 ·
1653 2690 1693 2716 διὸ
1707 2691 1764 2721 τοῖς
1775 2689 1824 2725 τῆς
1838 2698 1889 2716 au—

1111 2734 1172 2766 χίας
1196 2735 1241 2760 καὶ
1262 2735 1392 2769 πονηρίας
1415 2734 1502 2760 αὐτῶν
1519 2736 1586 2767 υἱοῖς
1610 2735 1734 2769 ἐλέγετο·
1755 2744 1765 2760 ‹
1786 2736 1891 2770 Ὄφεις,

1110 2779 1265 2815 γεννήματα
1282 2780 1401 2815 ἐχιδνῶν.
1421 2789 1430 2805 ι
1447 2780 1596 2814 Ἀναλόγως
1610 2781 1638 2806 δὲ
1654 2780 1692 2815 τῷ
1706 2780 1841 2815 σπέρματι
1853 2780 1892 2814 τῷ

1111 2823 1175 2859 θείῳ
1190 2825 1234 2850 τὸν
1244 2825 1295 2851 τῶν
1307 2826 1497 2860 ἀντικειμένων
1508 2826 1647 2861 δυνάμεων
1658 2826 1756 2860 σπόρον
1769 2825 1809 2852 ὠὰ
1823 2825 1892 2851 ὠνόο

1113 2878 1181 2903 μασε
1201 2870 1244 2898 διὰ
1267 2871 1297 2897 τὸ
1321 2871 1494 2906 παράδειγμα
1516 2872 1561 2898 τοῦ
1589 2872 1751 2906 ἑρπυστικοῦ
1776 2871 1884 2905 γένους·

1109 2916 1220 2947 ἀσπίδες
1234 2918 1280 2943 καὶ
1291 2917 1378 2951 ὕφεις,
1391 2918 1437 2943 καὶ
1445 2918 1476 2943 τὰ
1486 2917 1597 2944 τοιαῦτα
1607 2916 1659 2943 τῶν
1667 2916 1789 2943 ὼοτόκων
1797 2916 1879 2943 ἐστίν.
