2061 3215
141 182 195 211 485

599 181 850 210 COMMENTARIA
868 182 904 211 IN
922 182 1049 211 ISAIAM.
1071 199 1105 204 ——
1125 184 1200 213 CAP.
1222 185 1290 214 LIX.

1712 193 1764 220 ιιιο

149 241 257 277 Ἐπειδὴ
274 242 343 277 μετὰ
356 242 490 276 τοσαύτην
518 242 618 268 κακίαν
645 242 856 276 ἐπαγγέλλονται
883 243 926 278 μὲν

984 244 1152 277 hujusmodi,
1169 252 1218 271 ova
1235 245 1352 279 pariunt.
1371 245 1503 278 Quoniam
1524 252 1584 281 post
1599 252 1698 275 tantam
1717 258 1749 276 ex

142 286 190 318 τὰς
206 286 260 312 ἀπὸ
274 285 354 312 ὑείων
378 286 493 321 Γραφῶν
510 285 693 318 διδασκαλίας,
717 287 879 313 ἐκπίπτουσι
903 288 929 314 δὲ

142 334 181 364 εἰς
192 333 325 368 γραώδεις
343 332 454 368 μύθους,
467 333 514 358 καὶ
533 333 572 364 εἰς
589 332 751 367 παραδόσεις
770 333 929 367 ἀνθρώπιον,

142 379 217 404 οὐδὲν
247 378 322 412 ὑγιὲς
350 379 417 414 μηδὲ
442 378 577 413 ὠφέλιμον
606 378 797 414 περιεχούσας⁴
821 380 931 411 εἰκότως

142 424 282 458 ἐπιλέγει·
303 434 311 449 ι
336 424 391 450 Καὶ
408 424 479 450 ἰστὸν
498 424 619 460 ἀράχνης
635 424 786 458 ὑφαίνουσι,
814 435 822 450 ι
839 425 868 451 τὸ
888 434 931 451 σα-

143 469 206 504 θρὸν
224 470 271 495 καὶ
285 470 381 504 ἄτιμον
396 470 445 504 τῆς
459 470 585 505 τοιαύτης
602 470 690 497 αὐτῶν
706 470 821 506 σπουδῆς
832 471 870 505 τῷ
883 471 931 506 τῆς

133 508 264 549 ίάράχνης
279 515 418 549 ὑφάσματι
435 515 624 550 παραϐάλλων.
640 516 727 542 Ποίων
743 516 770 542 δὲ
785 516 846 542 ὠῶν
863 526 930 552 μνη-

144 560 291 595 μονεύει.ἢ
306 560 367 595 περὶ
380 556 416 586 ὧν
429 560 547 595 εἴρηται·
568 571 576 586 ι
595 561 634 587 Τὰ
651 561 691 588 ὠὰ
713 562 833 589 ἀσπίδων
850 562 930 598 ἔρρη-

143 605 206 637 ξαν;
228 615 236 629 ι
255 606 285 630 Ol
305 605 353 639 μὲν
380 604 425 631 οὖν
448 606 475 631 ἐν
503 606 586 640 κακίᾳ.
606 606 713 636 τέλειοι,
738 606 930 641 διαρρήξαντες

142 651 243 678 τούτων
257 651 310 677 τῶν
323 652 393 683 ὠῶν,
403 651 437 678 τὰ
452 652 680 687 τελεσφορηθέντα
695 654 734 684 εἰς
745 653 857 684 ἑαυτοὺς
881 654 930 679 ὐπ-

144 697 278 730 εδέξαντο·
297 699 320 724 οἰ
341 698 368 723 δὲ
395 698 574 734 ἁτελὲστεροι,
591 699 654 733 πρὶν
683 699 864 734 διαρραγῆναι
883 699 929 725 καὶ

142 743 373 779 τελεσφορηοῆναι
390 745 557 779 ἐμψαγόντες
571 745 669 775 αὐτῶν,
696 745 869 771 ἀπόλλυνται.
886 745 929 771 Διὸ

142 791 212 817 κατὰ
226 792 289 821 τοὺς
303 790 413 822 λοιποὺς
425 791 595 826 ἑρμηνευτὰς
608 791 713 826 εἴρηται
725 800 731 806 ”
753 802 760 816 ι
784 792 811 817 ’0
834 791 929 818 ἐσθίων

143 838 174 862 ἐκ
188 836 241 862 τῶν
252 836 312 862 ὠῶν
330 837 419 863 αὐτῶν
433 837 617 863 ἀποθανεῖται.
640 847 647 861 ι
664 838 694 863 Εἰ
711 837 737 863 δέ
754 847 794 868 τις
806 837 927 872 εὑρεθείη

144 881 252 913 συνετὸς
279 882 348 917 ἀνὴρ
364 883 377 908 ὁ
395 882 548 917 συντρίϐειν
562 883 630 908 αὐτὰ
648 883 794 917 δυνάμενος
816 884 929 918 ἀνατρε-

142 927 231 962 πτικῷ
261 928 307 953 καὶ
333 927 481 963 ὲλεγκτικῷ
509 928 589 963 λόγῳ,
612 926 688 959 οὗτος
709 929 782 964 εὕροι
800 929 831 955 ἂν
852 929 880 954 τὸ
901 930 928 954 ἐν

141 974 233 1004 αὐτοῖς
261 974 401 1008 ἀνεμιαῖον
427 974 473 1000 καὶ
490 974 589 1009 οὗριον,
608 975 655 1001 καὶ
673 975 788 1006 δυσῶδες
804 975 850 1001 καὶ
864 975 927 1008 φοο-

143 1021 261 1055 ριμαῖον,
293 1021 339 1047 καὶ
366 1021 394 1046 ὲν
421 1020 526 1052 τούτοις
554 1022 635 1047 πᾶσιν
672 1021 856 1055 ἰλυσπώμενον
883 1021 928 1047 καὶ

141 1065 371 1101 ὲγκρυπτόμενον,
386 1065 430 1091 τὸν
451 1066 558 1092 πάντων
582 1066 704 1101 ἑρπετῶν
725 1067 770 1092 καὶ
795 1064 824 1097 ἐξ
847 1065 933 1100 οιιζιτοῦΙ

141 1110 187 1137 τοῦ
203 1111 357 1145 βλέμματος
374 1110 561 1142 Θανατοποιὺν,
585 1112 629 1137 τὸν
647 1111 800 1146 βασιλίσκον
812 1111 892 1145 λέγω.

177 1164 187 1181 ι
206 1156 235 1182 '0
255 1156 327 1188 ἱστὸς
342 1156 431 1183 αὐτῶν
453 1157 501 1182 οὒκ
517 1157 593 1183 ἔσται
615 1158 654 1188 εἰς
675 1158 791 1192 ἱμάτιον,
808 1157 866 1183 οὐδὲ
891 1158 926 1192 μὴ

141 1202 340 1236 περιϐάλωνται
369 1203 421 1229 ἀπὸ
441 1203 494 1229 τῶν
508 1203 595 1238 ἔργων
613 1203 717 1229 αὐτῶν
741 1203 774 1229 τὰ
791 1203 857 1237 ἔργα
881 1203 928 1229 αύ-

141 1248 194 1273 τῶν
207 1247 275 1283 ἔργα
289 1247 419 1282 ἀνομίας·
437 1248 461 1273 οἱ
476 1247 503 1274 δὲ
525 1248 602 1279 πόδες
624 1247 712 1273 αὑτῶν
729 1247 774 1273 ἐπὶ
796 1246 927 1281 πονηρίαν

144 1294 278 1330 τρέχουσι,
308 1294 410 1329 ταχινοὶ
432 1295 524 1329 ἐκχέαι
548 1293 627 1329 αἷμα,
650 1294 696 1320 καὶ
709 1295 733 1320 οἰ
759 1292 927 1327 διαλογισμοὶ

142 1340 240 1371 αὐτῶν,
256 1340 426 1375 διαλογισμοὶ
443 1340 496 1366 ἀπὸ
522 1341 618 1374 φόνων.
637 1339 797 1374 Σύντριμμα
816 1338 862 1364 καὶ
879 1347 926 1363 τα-

142 1385 277 1421 λαιπωρία
291 1387 320 1412 ὲν
333 1387 392 1418 ταῖς
406 1386 475 1418 ὁδοῖς
491 1386 591 1417 αὐτῶν,
609 1386 655 1411 καὶ
678 1385 736 1411 ὁδὸν
755 1385 863 1420 εἰρήνης
878 1385 927 1410 οὐκ

140 1430 253 1458 οἴδασιν.
275 1440 284 1457 ι
304 1431 341 1458 Οὐ
355 1431 409 1467 γὰρ
423 1431 602 1466 παρεδέξαντο
614 1431 658 1457 τὸν
675 1431 723 1466 τῆς
736 1431 844 1466 εἰρήνης
860 1430 928 1466 πρύ-

140 1485 227 1509 τανιν,
245 1478 308 1512 περὶ
325 1474 354 1504 οὗ
373 1477 478 1513 εἴρηται
490 1485 496 1492 ’
514 1486 522 1501 ‹
539 1477 623 1508 Αὐτὸς
636 1477 689 1512 γάρ
713 1477 785 1502 ἐστιν
800 1477 816 1511 ἡ
832 1476 926 1511 εἰρήνη

142 1523 236 1558 ἡμῶν·
261 1532 270 1548 ι
287 1523 327 1549 διὸ
350 1523 407 1554 τοῖς
429 1522 510 1550 αὐτοῦ
533 1522 667 1558 μαθηταῖς
688 1522 789 1557 ταύτην
803 1521 928 1557 προξενεῖ

141 1569 242 1602 λέγων·
254 1578 262 1593 ι
276 1569 392 1604 Εἰρήνην
400 1568 449 1604 τὴν
463 1568 531 1604 ἐμὴν
547 1568 642 1603 δίδωμι
661 1568 734 1603 ὑμῖν,
748 1568 858 1603 εἰρήνην
877 1568 926 1603 τὴν

139 1614 208 1649 ἐμὴν
226 1614 325 1649 ἀφίημι
339 1615 413 1649 ὑμῖν.
426 1624 435 1640 ι
449 1629 483 1635 -—
493 1624 501 1639 ι
515 1615 568 1641 Καὶ
581 1615 630 1641 οὐκ
647 1615 704 1641 ἔστι
722 1615 812 1650 κρίσις
825 1615 854 1641 ὲν
869 1616 928 1646 ταῖς

139 1660 208 1691 ὁδοῖς
221 1660 320 1687 αὐτῶν.
333 1661 365 1686 Ai
379 1660 433 1695 γὰρ
450 1661 537 1695 τρίϐοι
553 1660 642 1687 αὐτῶν
655 1660 879 1696 διεστραμμέναι,
893 1661 927 1692 ἃς

140 1705 298 1732 διοδεύουσιο
314 1705 362 1733 καὶ
381 1706 430 1732 οὐκ
450 1705 551 1732 οἴδασιν
576 1706 697 1742 εἰρήνην.
715 1716 724 1731 ι
743 1705 928 1741 Ψηλαφῶντες

140 1751 192 1786 γὰρ
206 1751 253 1783 τὰς
268 1751 343 1783 Θείας
357 1751 479 1787 Γραφὰς,
504 1753 535 1778 οὺ
559 1752 664 1779 συνίασι
678 1752 722 1779 τὸν
746 1753 774 1779 ὲν
790 1752 864 1787 βάθει
875 1754 928 1779 τῶν

140 1796 237 1828 λέξεων
253 1796 498 1832 ἀποκεκρυμμένον
515 1796 577 1823 νοῦν
590 1805 596 1812 '
612 1797 675 1832 περὶ
690 1796 718 1823 δὲ
732 1796 763 1831 δὴ
783 1797 865 1832 μόνην
879 1798 927 1833 τὴν

139 1841 211 1874 λέξιν
225 1842 433 1877 ἀσχολούμενοι,
446 1842 541 1878 ὥσπερ
551 1843 612 1870 τινὰ
624 1845 711 1878 τοῖχον
721 1843 825 1870 ἐοίκασι
839 1843 921 1879 ψηλα-

140 1896 205 1923 ιηᾳν.
217 1922 230 1927 η

204 1932 254 1960 Διὰ
267 1933 344 1960 τοῦτο
356 1935 459 1971 ἀπέστη
471 1936 488 1970 ἡ
508 1934 598 1970 κρίσις
611 1934 657 1961 ἀπ’
672 1934 769 1969 αὐτῶν,
785 1937 832 1963 καὶ
845 1937 875 1963 οὐ
890 1937 927 1973 μὴ

140 1978 281 2016 καταλάϐῃ
301 1981 399 2012 αὐτοὺς
425 1980 597 2016 δικαιοσύνη·
616 1981 819 2013 ὑπομεινάντων
839 1982 927 2008 αὐτῶν

140 2024 209 2059 φῶς,
227 2025 335 2059 ἐγένετο
355 2026 447 2058 αὐτοῖς
470 2026 582 2059 σκότος’
609 2027 750 2062 μείναντες
772 2028 871 2064 αὑγήν,
897 2029 926 2055 ἐν

139 2070 227 2106 διωρίᾳ
237 2072 452 2108 περιεπάτησαν.
476 2073 688 2108 Ψηλαφήσουσιν
702 2073 740 2106 ὡς
762 2074 858 2109 τυφλοὶ
870 2076 926 2101 τοῖ-

139 2125 195 2152 χον,
214 2117 260 2143 καὶ
272 2118 310 2149 ὡς
323 2118 371 2153 οὐχ
387 2119 562 2154 ὑπαρχόντων
570 2119 716 2154 ὀφθαλμῶν
726 2119 924 2156 ψηλαφήσουσι.

139 2162 194 2189 Καὶ
211 2163 354 2190 πεσοῦνται
370 2165 399 2190 ὲν
422 2164 580 2201 μεσημϐρίᾳ
593 2165 630 2197 ὡς
650 2166 679 2192 ἐν
695 2166 870 2202 μεσονυκτίῳ,
888 2166 926 2199 ὡς

139 2207 355 2244 ἀποθνήσκοντες
384 2210 550 2243 στενάξουσι.
571 2220 580 2236 ι
606 2211 684 2238 Κατὰ
710 2211 738 2237 δὲ
762 2212 808 2238 τὸν
830 2212 925 2248 καιρὸν

945 920 966 946 Β

943 1596 963 1624 C

982 289 1094 315 hibitam
1110 290 1310 323 improbitatem
1324 310 1331 323 ,
1347 291 1500 319 divinarum
1519 292 1628 327 quidem
1645 293 1767 328 Scriptu-

983 343 1071 362 rarum
1084 336 1234 363 doctrinam
1250 337 1411 371 proﬁtentur
1422 359 1430 371 ,
1454 339 1481 366 in
1503 339 1588 367 aniles
1603 348 1666 368 vero
1690 341 1766 369 fabu-

981 381 1020 408 las
1035 386 1063 408 et
1078 382 1103 409 in
1122 383 1279 410 traditiones
1297 383 1436 411 hominum
1462 385 1634 418 delabuntur,
1650 395 1709 422 quae
1725 388 1766 415 ui-

981 428 1018 454 hil
1037 435 1149 461 sanum,
1166 429 1231 456 utile
1248 429 1314 456 nihil
1341 430 1461 464 habent;
1478 432 1574 459 merito
1589 433 1689 467 infert,
1707 444 1716 460 (
1733 433 1766 461 Et

983 473 1061 500 telam
1077 482 1185 501 araneae
1209 479 1311 508 texunt,
1335 485 1343 501 ›
1362 477 1485 510 putidum
1503 478 1566 505 illud
1579 486 1673 506 eorum
1690 480 1765 507 inde~

980 526 1127 554 corumque
1157 521 1273 547 Sltltiiltm
1292 520 1351 548 tela:
1366 529 1473 549 aranea:
1487 530 1658 558 comparans.
1670 525 1766 558 Qualia

982 573 1060 599 porro
1071 573 1119 592 ova
1134 571 1274 598 memorat,
1293 567 1343 593 nisi
1360 575 1390 594 ea
1404 567 1436 594 de
1452 569 1548 603 quibus
1564 570 1678 598 dicitur:
1691 581 1700 597 ι
1710 572 1765 599 Ova

982 611 1103 644 aspidum
1119 617 1266 645 eruperunt
1281 613 1292 639 ‘?
1316 622 1325 638 ι
1347 613 1395 646 Qui
1413 614 1494 648 igitur
1506 616 1530 642 in
1546 616 1655 643 malitia:
1671 625 1765 644 cumu-

981 656 1034 683 lutn
1052 657 1225 687 devenerunt.
1245 658 1285 684 his
1301 658 1414 692 diruptis
1433 660 1502 691 ovis,
1522 661 1603 687 fetum
1618 662 1643 688 in
1661 670 1690 689 se
1705 670 1764 688 sus.

981 707 1129 735 ceperunt:
1147 703 1325 736 simpliciores
1348 712 1410 731 vero
1434 710 1578 739 antequam
1611 708 1765 742 dirumpan-

982 752 1024 772 tur
1039 751 1066 772 et
1082 747 1164 773 fetum
1179 748 1271 780 edant,
1290 749 1346 782 ipsa
1362 751 1546 783 comedentes,
1563 752 1766 786 pcreuut.Qua-

981 797 1090 826 propter
1105 794 1250 819 secundum
1269 794 1387 828 reliquos
1403 795 1566 829 interpretes
1582 797 1683 824 dictum
1699 805 1739 826 est
1754 810 1759 827 :

983 848 990 863 ι
1010 838 1058 872 Qui
1075 840 1222 866 comederit
1236 848 1270 867 ex
1287 841 1345 867 ovis
1361 849 1455 868 eorum
1469 861 1476 872 ,
1497 843 1638 870 morietur.
1658 854 1667 870 ι
1688 845 1764 879 Quod

981 885 1002 911 si
1019 885 1078 919 quis
1098 886 1249 920 reperiatur
1268 886 1309 913 vir
1328 887 1445 920 prudens
1459 908 1465 919 ,
1485 888 1529 922 qui
1545 889 1630 922 possit
1645 890 1689 917 illa
1702 895 1765 918 hor-

983 931 1063 957 tando
1079 936 1106 958 et
1124 932 1261 963 arguendo
1284 936 1427 959 conterere
1440 953 1446 964 ,
1467 933 1488 959 is
1515 934 1633 962 inveniet
1651 936 1675 961 in
1695 936 1746 962 illis
1759 958 1765 968 ,

982 977 1055 1003 venti
1073 982 1100 1004 ct
1117 977 1172 1004 lotii
1189 977 1298 1004 odorem
1317 979 1438 1012 ptttidum
1452 983 1534 1013 atque
1553 986 1723 1014 corruptum.
1740 988 1766 1008 ct

983 1024 1008 1050 iu
1025 1024 1067 1050 his
1088 1024 1213 1051 omnibus
1237 1024 1309 1051 laede
1332 1024 1479 1051 volutatum
1493 1031 1520 1052 et
1534 1026 1621 1053 latens
1645 1028 1764 1054 etnuium

982 1068 1117 1102 reptilium
1135 1068 1316 1099 teterrimum,
1338 1068 1380 1095 vel
1396 1068 1453 1095 visu
1467 1068 1524 1095 solo
1540 1069 1706 1098 lethiferuut.
1723 1078 1764 1097 re-

982 1114 1071 1149 gulum
1088 1114 1159 1141 dico.

1018 1159 1099 1186 Vatis.
1113 1160 1129 1186 6
1142 1175 1151 1179 -
1169 1161 1194 1187 8.
1215 1169 1227 1194 «κ
1244 1160 1306 1186 Tela
1323 1167 1415 1187 eorum
1433 1168 1484 1187 non
1508 1161 1558 1187 crit
1580 1161 1605 1187 in
1620 1160 1765 1187 vestimen-

981 1210 1049 1238 tum,
1071 1213 1158 1240 neque
1172 1207 1329 1240 operientur
1341 1206 1468 1240 operibus
1481 1206 1538 1233 suis
1555 1214 1562 1233 :
1576 1214 1657 1241 opera
1673 1214 1765 1233 eorum

981 1258 1061 1285 opera
1079 1251 1230 1286 iniquitatis
1249 1261 1255 1277 :
1273 1252 1353 1285 pedes
1371 1256 1461 1278 autem
1475 1259 1568 1278 eorum
1584 1252 1617 1278 ad
1636 1252 1764 1278 malitiam

982 1301 1103 1328 currunt,
1117 1296 1224 1323 veloces
1238 1297 1271 1323 ad
1288 1296 1478 1324 ell‘undeudum
1499 1297 1668 1331 sanguinem,
1681 1302 1707 1324 et
1720 1304 1766 1324 co-

980 1342 1124 1377 gitationes
1141 1349 1246 1374 eorum,
1262 1342 1441 1376 cogitationes
1457 1349 1471 1368 a
1486 1342 1613 1369 caedibus.
1631 1341 1766 1368 Coutritiu

981 1392 1007 1413 et
1022 1387 1128 1413 miseria
1141 1387 1166 1413 in
1183 1387 1234 1413 viis
1247 1394 1351 1419 eorum,
1370 1392 1395 1413 et
1417 1387 1487 1413 viam
1501 1387 1577 1420 pacis
1591 1395 1642 1413 non
1660 1395 1763 1421 cogno-

981 1437 1086 1460 verunt.
1107 1442 1116 1458 ι
1132 1432 1223 1467 Neque
1236 1432 1307 1459 enim
1324 1433 1398 1466 pacis
1413 1433 1562 1466 principem
1585 1438 1744 1466 receperunt
1757 1452 1764 1464 ,

981 1479 1013 1505 de
1025 1486 1077 1513 quo
1094 1478 1194 1504 dictum
1212 1483 1252 1505 est
1264 1487 1269 1504 :
1283 1487 1292 1502 ι
1314 1477 1373 1512 Ipse
1384 1478 1455 1504 eniut
1471 1484 1512 1505 est
1527 1486 1576 1510 pax
1591 1484 1683 1505 nostra
1694 1479 1732 1505 ¹¹;
1754 1489 1762 1504 ι

981 1530 1144 1558 quapropter
1169 1532 1228 1550 eam
1257 1524 1396 1558 discipulis
1420 1528 1548 1558 procurat
1571 1525 1628 1551 suis
1653 1525 1764 1554 dicens,

983 1581 992 1597 ι
1011 1571 1107 1599 Pacem
1136 1579 1223 1598 tneatn
1240 1571 1274 1598 do
1290 1571 1365 1598 vobis
1378 1591 1386 1603 ,
1406 1578 1498 1605 pacem
1526 1580 1613 1599 meam
1642 1572 1764 1607 relinquo

979 1615 1093 1643 vobis“.
1103 1625 1162 1641 i—c
1178 1616 1210 1642 Et
1220 1623 1271 1642 non
1280 1615 1457 1649 estjudiciunt
1470 1616 1496 1642 in
1508 1616 1558 1642 viis
1565 1624 1668 1642 eorum.
1677 1616 1764 1642 Semi-

980 1667 1012 1687 ta:
1026 1661 1097 1687 enim
1110 1667 1201 1687 eorum
1218 1667 1436 1695 pert'ersat,quas
1451 1666 1653 1695 pertranseuut,
1669 1667 1696 1688 et
1711 1669 1763 1689 ncn

980 1711 1111 1733 noverunt
1126 1714 1230 1740 pacem.
1253 1715 1261 1731 ι
1280 1706 1345 1733 Nam
1359 1714 1419 1732 cum
1432 1706 1537 1733 divinas
1553 1707 1708 1741 Seripturas
1724 1713 1764 1733 at-

979 1753 1101 1787 tingunt,
1116 1752 1141 1778 in
1157 1751 1341 1786 profunditate
1358 1752 1501 1779 verborum
1514 1754 1642 1779 latentem
1657 1758 1763 1779 senten-

979 1798 1043 1824 tiam
1062 1805 1113 1825 non
1128 1798 1283 1832 intelligunt
1300 1807 1306 1822 :
1324 1798 1371 1825 sed
1388 1797 1432 1824 uni
1450 1797 1562 1824 dictioni
1576 1803 1714 1830 vacantes,
1728 1806 1763 1825 w-

978 1845 1074 1871 dentur
1086 1844 1162 1879 quasi
1180 1851 1284 1870 murum
1303 1848 1485 1870 contrectare.

1014 1933 1096 1962 Vsus.
1116 1934 1144 1966 9,
1168 1934 1211 1962 10.
1232 1943 1242 1959 ι
1269 1933 1414 1969 Propterea
1434 1934 1548 1961 recessit
1569 1935 1702 1970 judicium
1729 1936 1763 1962 ιλιι

977 1980 1031 2013 eis,
1048 1988 1097 2007 nec
1121 1980 1305 2015 apprehendet
1329 1987 1376 2007 eos
1397 1980 1519 2015 justitia;
1536 1988 1596 2007 cum
1616 1986 1759 2015 exspecta-

977 2031 1037 2054 rent
1054 2026 1150 2057 luccm.
1168 2026 1247 2053 factae
1261 2030 1324 2053 sunt
1334 2026 1374 2053 eis
1393 2026 1530 2059 tenebraz;
1546 2034 1606 2053 cum
1620 2032 1761 2061 exspecta-

976 2076 1037 2100 rent
1050 2072 1190 2107 fulgorem,
1203 2071 1230 2099 in
1245 2072 1361 2107 caligine
1374 2072 1590 2099 ambulaverunt.
1611 2071 1761 2107 Palpabuut

978 2123 1101 2152 tanquam
1116 2118 1179 2145 catci
1193 2123 1351 2145 tuurum:et
1365 2118 1440 2152 quasi
1456 2118 1549 2145 oculos
1567 2125 1619 2145 non
1633 2118 1763 2152 habeant,

975 2165 1168 2193 attrectabunt.
1185 2164 1217 2191 Et
1229 2164 1328 2192 cadent
1346 2164 1372 2191 in
1393 2164 1507 2192 meridie
1522 2169 1648 2199 tauquam
1665 2165 1691 2191 in
1706 2172 1759 2192 mc-

975 2212 1018 2239 dia
1033 2216 1122 2244 nocte,
1137 2211 1213 2243 quasi
1230 2210 1376 2238 morientes
1390 2210 1576 2246 ingemiscent.
1601 2220 1610 2236 ι
1629 2210 1761 2245 Tempore

138 2252 186 2278 τοῦ
202 2253 254 2279 τῶν
268 2253 351 2280 ὲῦνῶν
374 2255 560 2291 μεσημϐρινοῦ
576 2256 674 2289 φωτὸς,
697 2258 757 2289 ταῖς
781 2258 924 2294 σωτηρίοις

979 2258 1132 2285 meridianze
1145 2257 1263 2293 gentium
1278 2257 1346 2284 lucis
1357 2276 1364 2288 ,
1378 2256 1543 2284 salutaribus
1556 2263 1583 2284 et
1593 2256 1763 2291 etangclicis

138 2297 185 2324 καὶ
209 2298 396 2333 εὐαγγελικαῖς
419 2300 515 2334 αὐγαῖς
532 2302 581 2337 τῆς
601 2302 761 2338 Ἐκκλησίας
782 2303 829 2329 τοῦ
855 2303 922 2330 Θεοῦ

119 2359 122 2361 λ
138 2342 396 2381 καταλαμπομένης,
414 2346 488 2380 μόνοι
505 2346 592 2378 αὐτοὶ,
608 2347 644 2377 ὡς
657 2347 690 2374 ἂν
704 2347 738 2374 τὰ
755 2348 822 2383 πρὸς
843 2347 923 2375 θάνα-

137 2397 184 2416 τον
199 2391 398 2426 ἡμαρτηκότες,
423 2391 593 2424 πεπτώκασι,
624 2393 670 2419 καὶ
692 2393 785 2429 ὥσπερ
799 2395 827 2420 ἐν
842 2402 922 2429 μεσο-

139 2435 239 2470 νυκτίῳ
249 2435 395 2469 διάγουσιν.
791 2432 800 2440 ’

176 2490 185 2507 ι
211 2481 253 2513 Ὠς
271 2482 370 2517 ἄρκτος
391 2482 407 2518 ἢ
430 2482 468 2513 ὡς
487 2483 635 2520 περιστερὰ
658 2484 714 2519 ἅμα
734 2484 919 2520 πορεύσονται.

143 2526 336 2563 ιΔνεμείναμεν
350 2528 450 2564 κρίσιν,
464 2528 511 2555 καὶ
525 2528 574 2555 οὐκ
590 2528 647 2555 ἐστι
660 2530 780 2566 σωτηρία
789 2538 796 2545 ·
815 2530 922 2566 μακρὰν

138 2573 292 2609 ἀφέστηκεν
321 2574 367 2608 ἀφ’
392 2574 480 2609 ἡμῶν.
508 2574 597 2610 Πολλὴ
623 2575 677 2611 γὰρ
692 2576 769 2611 ἡμῶν
788 2578 804 2612 ἡ
825 2577 922 2612 ἀνομία

137 2619 257 2646 ἐναντίον
281 2628 337 2651 σου,
367 2620 414 2646 καὶ
441 2621 468 2646 αἱ
495 2620 627 2656 ἁμαρτίαι
652 2620 730 2656 ὴμῶν
756 2621 921 2656 ἀντέστησαν

137 2665 216 2699 ἡμῖν·
233 2666 261 2691 αἱ
276 2664 330 2701 γὰρ
345 2665 453 2700 ἀνομίαι
470 2666 548 2701 ἡμῶν
559 2667 587 2692 ὲν
607 2667 682 2701 ἡμῖν,
701 2666 748 2693 καὶ
771 2666 805 2693 τὰ
827 2667 921 2703 ἀδική-

139 2719 210 2745 ματα
226 2711 304 2746 ἡμῶν
318 2711 448 2745 ἔγνωμεν.
469 2721 478 2737 ι
494 2712 525 2738 0i
539 2712 592 2748 γὰρ
615 2712 762 2748 στεναγμοὶ
781 2712 879 2744 αὐτῶν,
896 2713 921 2739 εἰ

140 2756 187 2790 μὲν
201 2756 273 2783 κατὰ
284 2756 363 2790 λόγον
378 2756 495 2791 ἐγίνοντο
507 2757 577 2791 ὑπὲρ
595 2753 632 2783 ὧν
649 2757 830 2793 τετολμήκασι
852 2756 921 2784 κατὰ

141 2801 183 2828 τοῦ
198 2802 333 2837 Σωτῆρος,
346 2802 493 2837 ὲπωφελεῖς
508 2802 629 2837 ἐγένοντο
645 2803 686 2831 ἄν.
709 2803 769 2838 Χρὴ
795 2803 848 2838 γὰρ
871 2802 919 2829 αὑ-

171 2902 195 2918 ¹⁸
215 2902 312 2937 Epltcs.
330 2912 359 2935 ιι,
377 2904 419 2931 Η.
460 2905 480 2920 ¹⁵
494 2904 573 2932 .loau.
588 2905 699 2937 “v.27.

977 2302 1058 2329 radiis
1074 2302 1207 2329 illustrata
1227 2302 1347 2329 Ecclesia
1363 2301 1411 2328 Dei
1425 2322 1432 2334 ,
1452 2302 1501 2336 ipsi
1516 2301 1566 2328 soli
1581 2321 1588 2333 ,
1604 2306 1698 2335 utpote
1711 2303 1761 2335 qui-

974 2347 1006 2374 ad
1021 2353 1135 2374 mortetn
1153 2347 1346 2381 peccaverint,
1372 2345 1476 2381 delapsi
1492 2350 1573 2377 sunt,
1595 2351 1622 2372 et
1634 2345 1709 2379 quasi
1732 2345 1759 2371 in

975 2393 1061 2420 media
1080 2398 1158 2420 nocte
1170 2399 1264 2428 agunt.
1282 2422 1285 2424 η

1011 2484 1090 2511 Vsus.
1108 2484 1151 2515 Η,
1168 2484 1211 2511 l2.
1230 2493 1239 2509 ‹
1254 2483 1393 2518 Tanquam
1411 2490 1502 2513 ursus.
1512 2485 1558 2508 aut
1574 2486 1698 2516 tanquam
1711 2488 1757 2506 co-

973 2532 1063 2558 lumba
1080 2531 1160 2558 simul
1179 2530 1315 2558 incedent.
1335 2528 1559 2564 Exspectavimus
1575 2526 1757 2562 judicium,et

973 2585 1024 2604 non
1044 2582 1086 2604 est
1099 2577 1171 2604 salus
1188 2585 1195 2603 :
1213 2576 1292 2611 longe
1310 2575 1422 2602 recessit
1436 2582 1450 2600 a
1470 2573 1558 2601 nobis.
1580 2572 1661 2599 Multa
1682 2571 1754 2599 enim

973 2624 1102 2658 iniquitas
1117 2627 1208 2650 nostra
1229 2622 1255 2649 in
1279 2626 1423 2655 conspectu
1450 2624 1516 2650 tuo,
1534 2623 1560 2644 et
1575 2625 1684 2652 peccata
1706 2625 1755 2644 ηιμ

972 2675 1027 2695 stra
1046 2668 1208 2696 obstiterunt
1231 2667 1320 2693 nobis.
1342 2665 1500 2699 luiquitates
1517 2664 1589 2690 enim
1612 2667 1713 2689 nostra:
1728 2661 1753 2688 in

972 2714 1051 2741 nobis
1077 2718 1139 2740 sunt
1155 2733 1163 2745 ,
1182 2716 1210 2739 et
1235 2710 1381 2745 iujustitias
1404 2714 1510 2737 nostras
1533 2708 1719 2743 cognovimus.
1740 2717 1753 2733 ι

972 2758 1037 2784 Nam
1058 2758 1174 2793 gemitus
1206 2756 1323 2791 ipsorum
1339 2775 1348 2789 ,
1377 2754 1508 2789 siquidem
1529 2754 1633 2780 ratione
1658 2760 1752 2780 eoum

970 2811 1030 2838 qua:
1046 2808 1141 2832 contra
1157 2802 1326 2830 Salvatorem
1341 2801 1400 2828 ausi
1420 2805 1493 2832 sunt,
1513 2799 1605 2827 emissi
1626 2798 1752 2832 fuissent,
