2061 3215
275 2861 288 2884 /

308 206 359 235 487

646 203 781 232 EUSEBII
798 203 1037 232 CAESARIENSIS
1074 204 1149 234 OPP.
1172 205 1261 233 PARS
1281 205 1323 233 Ill.
1344 220 1379 227 —
1398 205 1602 234 EXEGETICA.

1883 208 1932 236 488

308 267 374 302 ipsis
393 273 458 294 sane
473 266 605 293 l'ructuosi
630 264 713 292 futuri
732 270 821 293 erant.
841 265 946 293 Etenim
963 273 1031 301 opus
1049 271 1088 293 est

1142 267 1205 299 τοὺς
1218 268 1264 294 καὶ
1273 267 1380 293 πενθεῖν
1395 267 1440 293 καὶ
1455 267 1603 299 στενάζειν,
1619 268 1666 294 καὶ
1678 267 1870 304 ἀποδύρεσθαι,
1884 269 1928 294 καὶ

308 314 380 348 ipsos
399 312 500 347 lugere,
524 312 718 347 ingemiscere,
739 311 883 340 lamentari
917 318 943 340 et
956 313 1093 348 plangere,

307 358 457 394 sanguinis,
475 365 554 393 quem
573 358 736 390 eli'udcruut,
754 366 845 386 causa.
864 359 960 386 Verum
985 360 1048 394 quia
1065 359 1092 386 id

308 411 388 438 agere
415 412 468 430 non
486 404 629 435 videntur,
652 403 699 430 sed
727 404 819 430 urbem
849 404 923 431 illam
948 405 1092 437 sensilem,

307 449 520 484 Hierosolymam
536 449 608 480 dico,
620 449 772 484 deplorant,
783 455 807 476 et
816 450 920 476 ruinam
930 450 988 484 ejus
999 451 1094 478 stolide

307 494 418 528 lugent,
430 493 492 528 jure
509 494 601 521 bestia:
614 493 678 521 fera:
697 500 898 529 comparamur.
913 494 1093 528 Quamobrem

306 539 424 568 dicitur:
445 550 454 566 ι
476 539 508 566 Et
520 540 696 575 ingemiscent
713 545 839 575 tanquam
855 549 953 573 ursus;
969 550 978 567 ι
994 541 1020 568 in
1033 541 1093 569 aliis

305 593 371 612 vero
397 585 506 618 dicitur,
527 594 538 611 ‹
570 584 648 612 Sicut
667 592 729 611 ursa
756 585 832 618 prole
848 586 954 613 orbata.
975 596 984 611 ι
1006 585 1093 614 Ursus

306 631 396 666 itaque
420 636 563 664 vocantur,
589 631 652 666 quia
672 631 729 658 haec
754 631 810 658 fera
832 632 956 659 homines
971 632 1092 660 devorat.

305 677 526 710 Quandoquidem
555 680 583 703 et
605 676 656 711 ipsi
677 677 800 704 homines
821 676 996 709 devorabam,
1013 678 1093 704 ctcdi-

304 723 356 750 bus
373 728 500 750 vacantes
514 743 522 755 ,
547 727 574 749 et
588 722 734 757 prophetas
747 723 904 750 occidentes
918 731 925 755 ;
942 731 1012 750 ursze
1030 723 1093 750 item

305 769 382 803 prole
397 769 501 796 orbata:
515 768 617 796 similes
632 773 706 802 sunt,
727 769 762 796 ob
776 769 889 796 ﬁliorum
909 777 1018 805 suorum
1037 770 1096 797 exi-

307 815 375 841 lium

343 861 423 888 Vens.
439 860 479 887 15.
500 869 509 886 ι
527 860 609 895 impie
631 860 746 896 egimus.
767 865 794 888 et
813 861 918 888 mentiti
943 869 1052 893 sumus,
1066 865 1094 888 et

304 909 510 936 retrocessimus
529 915 543 934 a
563 908 617 935 Deo
636 912 738 935 nostro.
756 906 848 934 Loculi
874 915 966 934 sumus
989 907 1091 941 iniqua.

1147 312 1284 348 δακρύειν,
1298 310 1335 339 ὧν
1352 313 1458 348 ἐξέχεαν
1478 313 1601 348 αἱμάτων
1613 312 1703 340 ἕνεκα.
1720 314 1796 340 Ἐπεὶ
1811 314 1839 340 δὲ
1854 313 1930 340 τοῦτο

1149 358 1198 394 μὲν
1209 359 1239 384 οὐ
1257 358 1478 395 προσποιοῦνται,
1496 358 1545 394 τὴν
1567 358 1594 384 δὲ
1618 359 1694 385 πόλιν
1718 359 1768 394 τὴν
1790 359 1929 395 αἰσθητὴν,

1147 404 1218 439 λέγω
1246 405 1278 440 δὴ
1303 405 1352 440 τὴν
1373 404 1560 440 Ἰερουσαλὴμ,
1583 404 1786 436 ἀποκλαίονται,
1812 406 1860 432 καὶ
1883 406 1930 440 τὴν

1148 452 1251 479 πτῶσιν
1275 452 1359 486 αὐτῆς
1379 450 1550 483 στενάζουσιν
1570 451 1689 485 ἀλόγως·
1711 451 1822 483 εἰκότως
1844 451 1930 486 ἀγρίῳ

1147 498 1234 534 Θηρίῳ
1242 497 1461 533 παρεὸλήῦησαν.
1471 497 1516 523 Διὸ
1523 497 1657 523 λέλεκται·
1672 507 1680 521 ι
1691 497 1746 524 Καὶ
1760 496 1931 530 στενάξουσιν

1145 545 1183 577 ὡς
1194 545 1307 580 ἄρκτος·
1324 554 1332 570 ι
1350 544 1397 571 καὶ
1419 545 1447 570 ἐν
1468 543 1556 575 ἄλλοις
1569 544 1596 570 δὲ
1611 544 1717 579 εἴρηται
1728 553 1734 558 ·
1751 553 1760 569 ι
1780 544 1822 576 Ὠς
1830 544 1929 579 ἄρκτος

1146 590 1340 626 ἀτεκνουμένη.
1359 601 1367 616 ι
1381 591 1497 626 Ἄρκτος
1517 591 1567 626 μὲν
1582 589 1628 617 οὖν
1647 590 1691 617 διὰ
1709 591 1739 617 τὸ
1762 590 1933 627 ἀνθρωποὸὁ-

1146 645 1192 672 ρον
1203 636 1249 663 τοῦ
1270 636 1351 671 θηρὸς
1361 636 1567 672 ὠνομάσθησαν.
1589 637 1664 664 Ἐπεὶ
1677 638 1723 664 καὶ
1738 637 1817 664 αὐτοὶ
1829 637 1933 673 ἀνθρώ-

1146 692 1213 715 πους
1223 683 1323 718 ἔφαγον
1336 683 1548 718 μιαιφονοῦντες,
1565 684 1612 710 καὶ
1624 684 1687 716 τοὺς
1703 684 1843 720 προφήτας
1857 684 1933 710 ἀναι-

1148 729 1258 765 ροῦντες
1267 738 1273 744 ·
1290 730 1476 765 ἀτεκνουμένῃ
1490 730 1518 756 δὲ
1532 730 1625 766 ἄρκτῳ
1637 729 1873 766 παρωμοιώοησαν
1889 730 1934 757 διὰ.

1144 778 1194 814 τὴν
1204 777 1340 804 ἀπώλειαν
1348 777 1401 804 τῶν
1415 777 1517 804 τέκνων
1531 776 1631 804 αὐτῶν.

1183 877 1191 892 ι
1203 867 1402 903 Ἠσεῦήσαμεν,
1411 868 1458 894 καὶ
1464 866 1646 902 ὲψευσάμεθα.
1654 867 1701 894 καὶ
1708 867 1811 902 ἀπέστη
1816 875 1865 902 μεν
1873 875 1934 893 om-

1147 912 1208 938 σθεν
1222 912 1269 938 τοῦ
1292 912 1360 939 Θεοῦ
1378 912 1464 948 ἡμῶν.
1487 912 1670 948 Ἑλαλήσαμεν
1685 913 1773 941 ἄδικα,
1790 912 1836 938 καὶ
1855 913 1934 946 ἠπει-

304 960 333 982 et
356 954 564 989 inobsequentes
591 952 700 981 fuimus.
726 953 903 988 Concepimus
923 959 950 980 ct
974 954 1084 981 meditat

1145 957 1276 993 θήσαμεν.
1299 957 1439 993 Ἐκύομεν,
1466 958 1512 984 καὶ
1526 957 1729 994 ὲμελετήσαμεν
1752 957 1806 983 ἀπὸ
1820 957 1933 992 καρδίας

304 1007 399 1027 sumus
421 1000 454 1027 de
470 999 551 1026 corde
566 1003 661 1026 nostro
676 999 756 1026 verba
782 999 882 1033 iniqua.
899 1008 909 1025 ι
928 998 990 1025 Harc
1005 1004 1093 1026 autem

303 1046 432 1081 propheta
455 1045 520 1071 dicit
542 1052 574 1071 ex
600 1051 714 1078 persona
736 1043 842 1077 populi,
867 1044 966 1071 docens
986 1051 1050 1076 eos,
1065 1048 1094 1071 ut

303 1091 481 1118 conﬁteantur
497 1089 552 1117 Deo
574 1095 697 1124 peccata,
712 1094 739 1116 et
755 1096 814 1116 sese
834 1094 962 1116 accusent
976 1097 983 1122 ;
1000 1094 1028 1116 ut
1052 1089 1093 1116 vel

303 1137 339 1163 ita
360 1136 454 1163 saltem
480 1135 569 1162 animo
593 1134 766 1169 compuncti,
786 1134 899 1168 gradum
925 1139 1051 1162 revocent
1065 1139 1094 1162 et

302 1185 493 1208 convertantur
508 1179 693 1214 paenitentiam
712 1179 816 1206 edocti.

340 1227 418 1254 Vens.
434 1226 527 1252 14-20.
544 1235 554 1251 ι
573 1225 607 1252 Ει
631 1226 792 1252 abduximus
818 1229 891 1252 retro
910 1225 1050 1259 judicium,
1065 1231 1092 1253 et

299 1275 404 1309 justitia
420 1273 497 1308 longe
512 1271 654 1299 discessit:
670 1271 798 1305 quoniam
823 1276 982 1306 consumpta
1008 1277 1048 1299 est
1064 1271 1090 1299 in

302 1319 354 1346 viis
366 1326 458 1346 eormn
471 1317 582 1349 veritas,
597 1321 625 1344 et
647 1324 694 1351 per
718 1321 822 1343 rectum
838 1317 890 1343 iter
909 1318 1025 1345 transire
1039 1325 1090 1344 non

302 1369 458 1399 potuerunt.
473 1363 507 1390 Et
523 1363 625 1390 veritas
647 1362 751 1389 sublata
776 1368 835 1394 est.
851 1366 878 1389 et
895 1363 1092 1391 transtulerunt

302 1413 431 1439 tuentem,
449 1413 479 1434 ut
500 1415 552 1434 non
567 1406 757 1441 intelligerent.
777 1406 811 1433 Et
829 1407 897 1434 vidit
912 1407 1052 1439 Dominus,
1065 1413 1092 1435 et

302 1461 356 1480 non
373 1452 471 1486 placuit
488 1452 551 1487 ipsi,
568 1452 630 1486 quia
650 1459 703 1478 non
723 1451 936 1486 eratjudicium.
956 1453 989 1480 Et
1014 1454 1089 1486 vidit,

302 1503 330 1525 ct
347 1506 399 1525 non
415 1502 473 1525 erat
490 1498 550 1525 vir:
563 1502 590 1525 et
606 1498 800 1530 consideravit,
813 1502 903 1526 etnon
914 1503 973 1525 erat
986 1500 1031 1534 qui
1042 1500 1090 1526 de-

302 1543 443 1570 fenderet:
458 1547 486 1569 et
498 1542 570 1570 ultus
584 1546 626 1569 est
638 1549 685 1570 eos
697 1542 810 1570 brachio
824 1550 883 1574 suo,
895 1547 923 1571 et
937 1543 1089 1572 misericor-

302 1588 344 1614 dia
365 1587 545 1615 eonﬁrmavit.
564 1587 599 1615 Et
622 1586 854 1622 induitjustitiam
875 1589 953 1623 quasi
967 1588 1087 1623 loricam,

302 1639 329 1662 et
348 1633 540 1669 circumposuit
559 1633 661 1669 galeam
683 1633 809 1661 salutaris
829 1633 854 1660 iu
871 1634 973 1669 capite,
989 1639 1015 1661 et
1037 1635 1091 1662 cir-

302 1680 438 1708 cumdedit
459 1686 488 1707 se
506 1679 668 1706 vestimento
683 1679 793 1706 ultionis
813 1687 821 1705 :
837 1684 865 1706 et
888 1679 1006 1707 amictus
1023 1680 1090 1713 ejus,

301 1724 427 1760 tanquam
441 1724 623 1752 retributurus
635 1724 670 1751 sit
685 1723 902 1755 retributionem,
916 1725 1091 1759 opprobrium

301 1771 475 1798 adversariis.
498 1769 532 1797 Et
554 1769 688 1797 timebunt
708 1768 895 1797 Occidentales
922 1777 1018 1797 nomen
1039 1771 1090 1797 Do-

301 1819 377 1850 mini,
393 1821 421 1845 et
434 1817 479 1852 qui
494 1820 557 1844 sunt
575 1811 615 1843 'ab
631 1820 693 1844 ortu
713 1816 796 1850 solis,
817 1823 915 1843 nomen
933 1816 1090 1851 gloriosum.

302 1863 398 1891 Veniet
407 1863 492 1895 enitn,
509 1862 588 1898 quasi
602 1861 700 1890 ﬂuvius
717 1862 850 1889 violentus
865 1862 904 1888 ira
920 1870 934 1888 a
953 1862 1065 1889 Domino
1081 1876 1089 1894 ε

299 1910 389 1937 veniet
404 1917 464 1937 cum
489 1908 591 1942 furore,
608 1913 634 1936 et
651 1908 742 1935 veniet
758 1912 867 1943 propter
882 1907 946 1935 Sion
962 1908 1006 1942 qui
1025 1907 1091 1935 libe-

299 1960 353 1988 rat,
367 1961 395 1983 et
409 1959 514 1983 avertet
538 1955 690 1989 impietates
707 1962 722 1981 a
746 1953 839 1981 Jacoh.
858 1963 867 1980 ›
887 1953 936 1981 llic
954 1953 1018 1981 item
1042 1961 1090 1988 per

300 2002 365 2029 Sion
382 2002 424 2035 pia
449 2001 543 2036 religio
561 2001 741 2036 signiﬁcatur,
763 2008 843 2035 quam
865 2000 980 2027 diversis
1002 2000 1089 2028 modis

300 2048 448 2076 Ecclesiam
467 2047 514 2075 Dei
542 2054 603 2074 esse
626 2047 828 2081 comprobatum
852 2052 904 2074 est.
932 2046 1014 2081 llnjus
1037 2047 1088 2074 ita-

299 2101 352 2129 que
369 2093 416 2121 Dei
429 2092 547 2121 civitatis
561 2100 643 2120 causa
660 2097 788 2120 venturus
807 2091 935 2120 liberator
946 2100 1005 2120 esse
1019 2093 1087 2120 dici-

299 2145 354 2172 tur,
377 2140 421 2174 qui
440 2139 496 2174 jam
518 2145 601 2173 prope
617 2143 669 2166 est.
692 2137 726 2165 Et
747 2137 812 2172 quid
838 2137 918 2165 faciet
937 2138 950 2165 ?
965 2138 1087 2166 Dimittet

298 2191 408 2223 peccata
425 2185 618 2213 accedentibus
630 2184 664 2212 ad
679 2192 718 2212 se.

1145 1004 1222 1039 ἡμῶν
1242 1004 1337 1038 λόγους
1353 1004 1471 1035 ἀδίκους.
1483 1013 1492 1029 ›
1515 1004 1596 1038 Λέγει
1611 1003 1639 1030 δὲ
1653 1003 1738 1030 ταῦτα
1754 1004 1769 1029 ὁ
1790 1003 1933 1038 προφήτης

1144 1050 1175 1076 ἐκ
1188 1050 1334 1085 προσώπου
1351 1050 1397 1077 τοῦ
1413 1049 1488 1082 λαοῦ,
1506 1050 1638 1076 διδάσκων
1652 1049 1750 1081 αὐτοὺς
1765 1048 1935 1084 ἐξομολογεῖ-

1144 1092 1205 1123 σσαι
1213 1096 1251 1132 τῷ
1263 1096 1320 1132 Θεῷ
1332 1097 1381 1128 τὰς
1391 1096 1526 1132 ἁμαρτίας
1534 1096 1580 1123 καὶ
1587 1097 1747 1131 κατηγορεῖν
1761 1096 1859 1126 αὐτοὺς
1869 1096 1933 1121 ἑαυ-

1142 1141 1208 1174 τῶν,
1217 1141 1259 1168 ἵνα
1267 1142 1317 1168 κᾶν
1328 1141 1424 1174 οὕτως,
1434 1141 1581 1177 πληγέντες
1591 1142 1638 1177 τὴν
1652 1141 1750 1177 ψυχὴν,
1764 1141 1931 1168 ἀνανεύσωσι

1142 1189 1188 1214 καὶ
1204 1189 1398 1224 ὲπιστρέψωσι,
1417 1189 1554 1224 μετανοεῖν
1563 1187 1740 1223 διδαχθέντες.

1180 1244 1189 1259 ι
1203 1234 1258 1260 Καὶ
1280 1234 1472 1269 ἀπεστήσαμεν
1495 1233 1581 1260 ὀπίσω
1602 1234 1650 1269 τὴν
1675 1235 1773 1270 κρίσιν,
1796 1235 1843 1262 καὶ
1859 1234 1928 1270 ἠδι-

1142 1277 1269 1314 καιοσύνη
1280 1278 1388 1314 μακρὰν
1403 1278 1555 1312 ἀφέστηκεν
1564 1287 1570 1292 ·
1583 1278 1624 1305 ὄτι
1637 1278 1812 1314 κατηναλώθη
1827 1279 1855 1305 ὲν
1869 1279 1928 1309 ταῖς

1141 1323 1210 1354 ὁδοῖς
1224 1323 1312 1350 αὐτῶν
1332 1324 1348 1358 ἡ
1370 1322 1491 1358 ἀλήθεια,
1504 1323 1550 1349 καὶ
1569 1322 1601 1349 δι’
1615 1323 1722 1354 εὐθείας
1740 1324 1789 1350 οὐκ
1805 1323 1929 1350 ἐδύναντο

1140 1369 1262 1396 διελοεῖν.
1286 1370 1342 1396 Καὶ
1358 1371 1374 1404 ἡ
1389 1370 1501 1405 ἀλήθεια
1515 1368 1607 1406 ἦρται,
1626 1370 1672 1396 καὶ
1694 1370 1859 1405 μετέστησαν
1880 1369 1928 1405 τὴν

1139 1413 1258 1440 διάνοιαν
1274 1413 1320 1440 τοῦ
1336 1414 1464 1442 συνιέναι.
1480 1415 1535 1441 Καὶ
1548 1413 1600 1441 εἶδε
1617 1414 1726 1450 Κύριος.
1741 1414 1787 1441 καὶ
1804 1414 1853 1441 οὐκ
1866 1415 1929 1450 ἦρε-

1141 1466 1187 1484 σεν
1203 1458 1286 1494 αὐτῷ,
1316 1459 1356 1485 ὃτι
1372 1459 1421 1485 οὐκ
1433 1457 1467 1495 ἦν
1480 1459 1579 1495 κρίσις.
1598 1459 1651 1486 Καὶ
1674 1456 1738 1491 εἶδε,
1761 1459 1808 1486 καὶ
1831 1460 1880 1485 οὐκ
1894 1457 1927 1495 ἧν

1141 1504 1210 1541 ἀνήρ
1223 1513 1229 1520 ·
1245 1506 1290 1532 καὶ
1301 1505 1458 1541 κατενόησε,
1473 1506 1518 1532 καὶ
1531 1506 1581 1532 οὐκ
1593 1503 1626 1541 ἦν
1641 1506 1850 1541 ἀντιληψόμενος
1860 1514 1866 1520 ·
1882 1506 1927 1532 καὶ

1140 1550 1262 1585 ἠμύνατο
1284 1551 1382 1583 αὐτοὺς
1401 1551 1440 1586 τῷ
1460 1551 1580 1587 βραχίονι
1597 1551 1689 1584 αὐτοῦ,
1707 1552 1753 1578 καὶ
1772 1553 1804 1586 τῇ
1818 1551 1928 1587 ἐλεημο-

1144 1594 1209 1630 σύνῃ
1223 1595 1391 1631 ὲστηρίσατο.
1417 1596 1472 1623 Καὶ
1488 1596 1628 1623 ἐνεδύσατο
1643 1595 1813 1632 δικαιοσύνην
1824 1597 1861 1629 ὡς
1876 1596 1925 1623 θώ-

1145 1649 1226 1676 ρακα,
1237 1641 1284 1667 καὶ
1293 1641 1432 1677 περιέθετο
1446 1641 1658 1677 περικεφαλαίαν
1669 1641 1802 1677 σωτηρίου
1818 1642 1865 1668 ἐπὶ
1877 1642 1926 1677 τῆς

1144 1687 1274 1721 κεφαλῆς,
1291 1688 1338 1715 καὶ
1364 1688 1539 1723 περιεϐάλετο
1554 1687 1660 1724 ἱμάτιον
1676 1688 1841 1723 ἐκδικήσεως
1853 1697 1859 1702 ·
1880 1689 1926 1715 καὶ

1142 1731 1172 1758 τὸ
1189 1731 1357 1767 περιϐόλαιον
1370 1733 1462 1764 αὐτοῦ,
1479 1732 1517 1764 ὡς
1529 1731 1723 1759 ἀνταποδώσων
1737 1730 1924 1761 ἀνταπόδοσιν,

1141 1776 1240 1809 δνειδος
1255 1778 1309 1808 τοῖς
1320 1777 1494 1809 ὑπεναντίοις.
1503 1777 1557 1804 Καὶ
1570 1776 1766 1812 φοϐηθήσονται
1779 1776 1803 1802 οἱ
1814 1775 1867 1802 ἀπὸ
1879 1775 1924 1801 δυο

1142 1822 1216 1858 σμῶν
1227 1822 1257 1849 τὸ
1268 1822 1352 1858 δνομα
1366 1824 1478 1859 Κυρίου,
1496 1823 1542 1849 καὶ
1558 1823 1582 1849 oi
1597 1823 1642 1849 ἀπ’
1657 1821 1792 1848 ἀνατολῶν
1808 1821 1882 1857 ἡλίου
1895 1820 1925 1847 τὸ

1140 1868 1223 1903 ὄνομα
1236 1868 1267 1894 τὸ
1282 1868 1394 1900 ἔνδοξον.
1407 1868 1484 1901 ’Ἥξει
1496 1868 1550 1905 γὰρ
1565 1868 1602 1900 ὡς
1616 1867 1736 1903 ποταμὸς
1753 1867 1838 1903 βιαῖος
1853 1869 1869 1901 ἡ
1883 1867 1924 1901 ὀρ-

1139 1912 1174 1949 γὴ
1191 1913 1265 1950 παρὰ
1286 1914 1403 1949 Κυρίου·
1417 1914 1475 1949 ἥξει
1489 1913 1558 1950 μετὰ
1571 1913 1670 1949 Θυμοῦ,
1686 1913 1732 1940 καὶ
1752 1913 1810 1948 ἥξει
1832 1913 1923 1939 ἕνεκεν

1140 1958 1208 1986 Σιὼν
1219 1960 1233 1986 ὁ
1249 1960 1388 1996 ῥυόμενος,
1411 1961 1458 1987 καὶ
1475 1960 1641 1996 ἀποστρέψει
1658 1959 1784 1991 ἀσεϐείας
1798 1959 1852 1985 ἀπὸ
1871 1959 1921 1985 Ἰα-

1139 2004 1205 2032 κώὸ.
1220 2015 1229 2030 »
1248 2005 1331 2032 Πάλιν
1345 2005 1373 2032 δὲ
1390 2006 1436 2032 καὶ
1456 2005 1571 2032 ἐνταῦθα
1586 2005 1617 2031 τὸ
1638 2005 1760 2036 θεοσεϐὲς
1775 2004 1922 2039 πολίτευμα

1139 2050 1299 2084 σημαίνεται
1311 2050 1355 2077 διὰ
1374 2051 1422 2086 τῆς
1434 2049 1513 2082 Σιὼν,
1528 2050 1588 2086 ἣτις
1600 2050 1732 2086 διαφόρως
1748 2049 1922 2076 ἀπεδείκνυτο

1137 2093 1229 2131 οὔσαὴ
1250 2095 1394 2131 Ἐκκλησία
1414 2096 1460 2123 τοῦ
1478 2095 1555 2122 Θεοῦ.
1582 2096 1689 2131 Ταύτης
1705 2093 1751 2122 οὖν
1766 2095 1859 2121 ἕνεκεν
1874 2095 1922 2129 τῆς

1136 2140 1183 2167 τοῦ
1201 2141 1267 2167 Θεοῦ
1284 2142 1386 2173 πόλεως
1402 2141 1476 2177 ἥξειν
1499 2141 1607 2176 λέγεται
1632 2143 1646 2168 ὸ
1661 2142 1790 2178 ῥυόμενος
1805 2142 1820 2168 ό
1846 2142 1922 2176 ἀγχι-

1137 2186 1248 2214 στεύων.
1273 2187 1328 2213 Καὶ
1346 2187 1372 2213 τι
1398 2188 1520 2222 ποιήσεις
1545 2186 1719 2223 Συγχωρήσει
1743 2186 1792 2218 τὰς
1816 2186 1921 2217 ἀδικίας

1135 2234 1192 2264 τοῖς
1206 2232 1363 2268 προσιοῦσιν
1378 2232 1459 2268 αὐτῷ.

336 2274 418 2303 Vens.
431 2275 476 2302 2L
492 2284 502 2301 ι
521 2274 555 2302 Εῑ
577 2275 628 2303 hoc
639 2275 705 2310 ipsis
722 2274 920 2302 Testamentum
935 2282 949 2302 a
965 2282 1007 2302 mc
1033 2279 1083 2308 est,

1175 2288 1183 2303 ι
1197 2278 1251 2304 Kal
1268 2277 1336 2313 αὕτη
1352 2279 1443 2310 αὐτοῖς
1461 2280 1478 2314 ἡ
1494 2279 1558 2314 παρ’
1569 2278 1636 2314 ἐμοῦ
1649 2278 1779 2314 Διαθήκη,
1792 2277 1853 2304 εἷπε
1867 2277 1919 2304 Κύ-

298 2321 367 2348 dixit
384 2321 524 2349 Dominus.
536 2319 652 2355 Spiritus
672 2328 758 2354 meus,
773 2321 817 2356 qui
831 2325 871 2348 est
886 2321 911 2348 in
933 2326 959 2348 te
969 2330 976 2348 :
986 2327 1012 2347 et
1027 2329 1085 2348 ver-

299 2366 345 2400 ba,
359 2374 419 2401 quae
435 2365 497 2393 dedi
513 2365 539 2392 in
557 2373 588 2393 os
603 2370 678 2392 tuum
694 2375 700 2393 :
717 2370 745 2393 et
770 2374 821 2393 non
841 2366 966 2394 deﬁcient
983 2374 1016 2393 ex
1038 2373 1085 2394 ore

298 2417 354 2446 tuo,
369 2420 455 2447 neque
465 2418 511 2439 ex'
523 2419 571 2440 ore
594 2412 707 2440 seminis
718 2413 766 2440 tui.
782 2412 856 2439 Dixit
870 2413 941 2440 enim
956 2413 1085 2440 Dominus

299 2457 396 2484 amodo
414 2461 442 2485 et
466 2465 552 2492 usque
567 2457 594 2485 in
608 2457 746 2485 saeculum.
761 2467 771 2484 ι
788 2457 838 2485 llic
862 2458 951 2493 itaque
968 2458 1084 2492 Spiritus

298 2503 498 2532 Testamentum
512 2508 571 2530 erat
581 2511 589 2530 :
599 2504 776 2538 quamobrem
786 2504 909 2531 Salvator
919 2509 944 2532 et
955 2504 1083 2532 Dominus

298 2554 389 2577 noster
402 2548 479 2577 Jesus
492 2548 615 2576 Christus
636 2549 776 2584 discipulis
790 2550 846 2578 suis
862 2549 990 2584 Spiritum
1010 2551 1082 2578 dedit

296 2595 408 2622 dicens:
424 2603 434 2620 ‹
447 2595 567 2630 Accipite
588 2594 717 2628 Spiritum
731 2600 855 2622 sanctum
872 2603 879 2627 ;
895 2595 918 2622 si
932 2595 1079 2630 cujuspiam

297 2640 455 2668 remiseritis
472 2644 593 2675 peccata,
616 2641 788 2668 remittemur
805 2641 829 2668 ei
846 2641 879 2664 η.
898 2650 906 2666 ι
926 2640 980 2668 lloc
1001 2641 1082 2675 igitur

298 2684 400 2713 Novum
424 2685 626 2713 Testamentum
643 2691 695 2719 est,
710 2691 736 2713 et
751 2691 832 2721 caput
849 2686 980 2721 mysterii,
993 2685 1080 2721 Spiri-

298 2735 340 2758 tus
355 2736 475 2758 sanctus.
487 2731 520 2758 Et
532 2732 623 2763 verba,
638 2739 697 2767 quae
715 2732 775 2759 dedi
792 2732 817 2759 in
830 2740 860 2760 os
880 2737 964 2764 tuum,
974 2737 1001 2759 et
1024 2740 1076 2759 non

296 2776 430 2804 deﬁcient.
451 2787 460 2803 ι
476 2777 584 2806 Manent
596 2779 666 2806 enim
682 2783 710 2806 et
724 2779 750 2806 in
767 2779 893 2813 praesenti
907 2783 934 2806 et
946 2779 972 2805 in
989 2777 1078 2806 futuro

295 2821 392 2849 seculo
405 2822 461 2850 haec
473 2824 573 2856 omnia,
583 2824 730 2852 secundum
749 2824 900 2852 Servatoris
920 2825 1004 2852 nostri
1018 2832 1077 2852 vcr-

329 2906 350 2922 "
364 2906 442 2935 Joan.
460 2917 504 2942 xx,
519 2910 563 2947 2‘2,
579 2913 623 2940 25.

1137 2331 1203 2358 ριος.
1221 2323 1257 2350 Τὸ
1272 2323 1384 2358 Πνεῦμα
1394 2323 1425 2350 τὸ
1437 2323 1512 2360 ὲμὺν,
1527 2324 1541 2350 ὅ
1553 2325 1625 2350 ἐστιν
1639 2324 1684 2350 ἐπὶ
1699 2324 1749 2355 σοὶ,
1767 2323 1813 2350 καὶ
1827 2323 1860 2349 τά
1875 2324 1920 2358 ῥή-

1136 2378 1207 2404 ματα
1224 2369 1242 2396 ἃ.
1260 2369 1347 2396 ἔδωκα
1371 2370 1410 2401 εἰς
1426 2369 1456 2396 τὸ
1471 2369 1556 2404 στόμα
1573 2377 1637 2396 σου·
1661 2369 1708 2396 καὶ
1721 2369 1750 2395 οὐ
1769 2369 1805 2404 μὴ
1822 2368 1920 2404 ἐκλίπῃ

1134 2415 1166 2441 ὲκ
1177 2415 1224 2441 τοῦ
1241 2415 1373 2450 στόματός
1387 2424 1444 2447 σου,
1462 2415 1508 2442 καὶ
1526 2416 1558 2442 ὲκ
1571 2415 1617 2442 τοῦ
1631 2415 1763 2450 στόματος
1775 2414 1820 2441 τοῦ
1838 2414 1907 2448 σπέρ

1135 2460 1219 2493 ματος
1233 2468 1289 2486 σου.
1308 2458 1375 2486 Εἷπε
1393 2459 1447 2495 γὰρ
1464 2459 1564 2496 Κύριος
1576 2459 1629 2486 ἀπὸ
1639 2459 1686 2486 τοῦ
1698 2459 1745 2486 νῦν
1762 2459 1807 2486 καὶ
1824 2459 1862 2490 είς
1875 2458 1919 2484 τὸν

1133 2505 1228 2533 αἰῶνα.
1242 2515 1250 2531 ι
1267 2506 1352 2532 Τοῦτο
1364 2506 1428 2540 γοῦν
1441 2506 1471 2533 τὸ
1488 2506 1624 2542 Πνεῦμα-ὴ
1641 2506 1759 2541 Διαθήκη
1773 2505 1902 2539 ἐτύγχανε

1131 2551 1224 2586 διόπερ
1234 2550 1248 2577 ὁ
1262 2551 1355 2587 Σωτὴρ
1378 2552 1425 2578 καὶ
1441 2552 1542 2588 Κύριος
1553 2551 1632 2588 ήμῶν
1654 2551 1757 2587 Ἰησοῦς
1775 2551 1789 2577 ὁ
1801 2550 1918 2586 Χριστὸς

1131 2597 1186 2627 τοῖς
1200 2595 1295 2622 ἑαυτοῦ
1310 2597 1444 2632 μαθηταῖς
1458 2597 1541 2624 ἐδίδου
1553 2598 1583 2624 τὸ
1596 2597 1707 2632 Πνεῦμα
1722 2596 1822 2630 λέγων’
1842 2604 1851 2620 ι
1863 2595 1905 2623 Δά.

1130 2641 1192 2668 δετε
1216 2641 1328 2677 Πνεῦμα
1343 2643 1429 2676 ἅγιον,
1446 2643 1493 2669 ἐάν
1508 2651 1578 2675 τινος
1592 2643 1678 2678 ἀφῆτε
1695 2641 1745 2673 τὰς
1766 2640 1914 2676 ἁμαρτίας.

1130 2687 1253 2722 ἀφίενται
1268 2687 1351 2723 αὐτῷ.
1364 2697 1373 2714 ι
1391 2688 1465 2724 Αὕτη
1482 2689 1570 2715 τοίνυν
1589 2689 1605 2723 ἡ
1622 2687 1710 2721 Καινὴ
1724 2686 1855 2721 Διαϐήκη,
1869 2686 1915 2712 καὶ

1130 2733 1160 2760 τὸ
1187 2734 1333 2768 κεφάλαιον
1348 2734 1394 2760 τοῦ
1411 2734 1570 2770 μυστηρίου,
1588 2734 1618 2760 τὺ
1642 2733 1753 2768 Πνεῦμα
1777 2731 1808 2758 τὸ
1826 2731 1912 2765 ἅγιον.

1133 2787 1142 2804 ι
1155 2780 1210 2806 Καὶ
1222 2779 1255 2806 τὰ
1272 2780 1383 2815 ῥήματα
1397 2779 1415 2806 ἃ
1431 2780 1518 2806 ἔδωκα
1538 2781 1578 2811 εἰς
1594 2779 1624 2806 τὸ
1639 2777 1685 2810 οῦς
1702 2787 1759 2812 σου,
1773 2778 1820 2805 καὶ
1831 2778 1861 2804 οὐ
1876 2776 1911 2813 μὴ

1129 2825 1236 2861 ἐκλίπῃ.
1251 2835 1260 2851 ι
1285 2825 1368 2852 Μὲνει
1384 2825 1437 2861 γὰρ
1450 2825 1495 2851 καὶ
1511 2826 1550 2857 εἰς
1564 2825 1609 2851 τδν
1627 2825 1746 2861 παρόντα
1763 2824 1850 2851 αῑῶνα
1865 2822 1911 2850 καὶ
