2061 3215
161 169 214 197 489

650 163 903 192 COMMENTARIA
925 164 957 191 IN
977 165 1104 193 ιδΑιΑΜ.
1125 181 1160 185 -
1176 165 1254 194 CAP.
1276 166 1332 194 LX.

1740 166 1794 195 490

161 230 201 260 είς
212 227 259 254 τδν
274 227 405 263 μέλλοντα
427 226 513 253 ταῦτα
531 225 629 257 πάντα,
646 216 721 251 ’κατὰ
743 225 776 251 τὰ
789 225 914 261 -ρήματα,
935 224 952 251 ἃ

1011 233 1036 252 )3
1055 227 1080 252 in
1094 225 1245 261 Evangeliis
1266 226 1362 254 tradita
1390 226 1425 253 ab
1447 225 1507 260 ipso
1519 225 1659 253 Salvatore
1676 225 1794 258 dicente,

161 271 280 305 ἐδίδαξεν
294 273 375 304 αὐτὸς
397 273 412 299 ὁ
428 271 524 307 Σωτὴρ
546 272 574 297 ἐν
586 270 762 305 Εὐαγγελίοις
785 270 869 297 εἰπών
879 279 886 285 ·
905 279 915 295 ι
925 271 954 298 ’0

161 319 275 354 οὐρανὸς
298 318 345 345 καὶ
363 319 379 354 ἡ
400 317 437 353 γῆ
454 316 660 353 παρελεύσεται,
681 316 705 343 οἱ
719 315 747 342 δὲ
764 315 837 350 λόγοι
858 324 908 351 μου
923 316 954 343 οὐ

163 364 201 400 μὴ
213 363 393 400 παρέλθωσιν.
410 372 420 389 ι

430 428 629 457 ΚΕΦᾹΛΔῙΟΝ
647 427 684 454 Ξ’.

199 474 351 508 «Φωτίζου,
365 473 493 509 φωτίζου,
512 472 705 509 Ἱερουσαλήμ’
724 473 787 508 ἥκει
797 473 851 509 γάρ
863 481 910 500 σου
925 472 955 499 τὸ

162 521 230 556 φῶς,
244 521 293 548 καὶ
304 522 321 556 ὴ
333 520 395 553 δόξα
411 520 514 557 Κυρίου
529 520 576 547 ἐπὶ
590 519 620 546 σὲ
642 519 834 546 ἀνατέταλκεν.
846 529 856 545 ι
880 519 955 546 Ἐπεὶ

161 567 250 594 τοίνυν
267 568 281 594 ὁ
296 567 412 603 Χριστὸς
429 566 510 598 αὐτὸς
522 564 556 601 ἦν
572 566 602 592 τὸ
618 565 676 601 φῶς
688 565 735 592 καὶ
752 566 769 601 ἡ
781 564 894 600 ἀλήθεια
910 565 955 591 καὶ

163 613 261 650 ἡοζωὴ,
276 613 322 640 καὶ
336 613 393 648 φῶς
403 614 458 645 τοῖς
473 613 512 644 είς
522 612 567 639 τὸν
581 611 681 646 κόσμον
692 619 699 626 ο
714 610 882 646 είκὸτωςτῆς
896 609 956 637 τού-

163 669 210 686 του
238 659 387 695 παρουσίας
414 658 563 685 ἀπολαύειν
591 659 605 684 ὁ
623 658 700 693 λόγος
722 659 757 693 τῇ
780 656 956 692 Ἰερουσαλὴμ.

165 706 334 742 προσεφώνει
361 705 467 739 λέγων·
494 714 504 730 ί
518 704 648 736 Φωτίζου,
672 702 800 738 φωτίζον,
818 703 952 738 Ἰερουσα-

163 752 220 788 λήμ
230 761 236 767 ·
252 752 314 787 ἥκει
329 751 382 787 γάρ
395 759 441 778 σου
454 751 484 778 τὺ
502 750 567 785 φῶς,
583 759 592 777 t
622 750 713 784 Αὐτῆς
728 749 756 776 δέ
768 747 837 776 εἶναι
854 749 953 783 φάσκει

164 799 195 825 τὸ
205 799 273 833 φῶς,
286 799 330 825 διὰ
339 798 369 825 τὺ
381 798 448 833 αὐτῇ
460 797 509 829 τὰς
522 797 586 834 περὶ
598 796 643 823 τοῦ
658 796 777 832 Χριστοῦ
792 796 956 831 ἐπαγγελίας

165 844 219 870 ὑπὸ
233 843 286 870 τῶν
301 842 447 879 προφητῶν
459 841 635 878 κεκηρύχθαι.
654 841 685 868 Et
698 841 747 877 μὲν
758 840 804 869 οὖν
816 842 956 868 πεισθεῖσα

164 890 204 926 τῷ
219 889 438 925 παραγγέλματι,
460 888 506 916 τοῦ
528 888 616 923 φωτὸς
641 888 807 924 μετειλήφει,
825 889 870 915 τὸν
888 889 956 924 Χρι-
971 909 992 936 Β

166 936 228 963 στὸν
238 935 286 962 τοῦ
302 935 369 962 Θεοῦ
386 934 607 971 παραδεξαμένη,
624 933 757 969 διέμεινεν
770 934 803 960 ἂν
817 934 845 961 ἐν
861 935 958 970 εἰρήνῃ

166 983 248 1020 μέχρι
263 982 366 1014 τέλους.
393 982 429 1008 To
446 981 500 1017 γὰρ
522 980 606 1008 παλαι
626 989 666 1008 σοι
683 980 728 1007 διὰ
742 980 797 1007 τῶν
810 981 957 1016 προφητῶν

165 1028 384 1063 κατηγγελμένον
396 1026 454 1061 φῶς
471 1027 525 1054 ίδοὺ
541 1026 590 1053 νῦν
606 1026 728 1062 ἐλήλυθε.
746 1026 792 1052 Διὸ
808 1025 847 1062 μὴ
866 1025 957 1061 μέλλε,

165 1075 282 1110 φωτίζον
298 1074 336 1108 δέ,
353 1073 482 1108 φωτίζου,
501 1073 548 1100 καὶ
563 1073 613 1108 τῆς
624 1073 735 1109 χάριτος
751 1072 956 1108 μεταλάμὸανε’

166 1120 223 1147 ἐστι
243 1120 298 1156 γάρ
311 1128 351 1146 σοι
367 1117 534 1154 φωτισθείσῃ
549 1117 611 1145 τάδε
628 1118 675 1145 καὶ
688 1117 761 1145 τάδε.

205 1175 213 1192 t
231 1166 295 1192 Ἰδοὺ
313 1165 408 1196 σκότος
430 1163 544 1200 καλύψει
571 1164 623 1199 γῆν
640 1165 687 1190 καὶ
705 1164 801 1198 γνόφος
824 1164 868 1191 ἐπ’
883 1163 957 1199 ἔθνη.

172 1212 233 1238 Ἐπὶ
249 1211 277 1238 δὲ
295 1211 324 1238 σέ
341 1211 490 1246 φανήσεται
509 1209 621 1245 Κύριος,
638 1210 686 1237 καὶ
704 1211 721 1246 ή
737 1210 799 1243 δόξα
816 1210 898 1237 αὐτοῦ
913 1210 960 1236 ἐπὶ

167 1257 197 1283 σὲ
210 1257 369 1292 ὀφθήσεται.
386 1266 395 1282 ι
417 1257 461 1290 Ὠς
479 1256 550 1284 κατὰ
560 1257 610 1292 τὴν
626 1255 737 1292 πρώτην
752 1257 900 1292 παρουσίαν
912 1256 958 1283 τοῦ

166 1303 292 1339 Σωτῆρος
308 1302 387 1338 ἡμῶν
401 1302 531 1330 δύνασθαι
547 1301 634 1330 ταῦτα
648 1301 817 1337 πληροῦσθαι
833 1311 839 1318 ·
857 1302 888 1329 οὐ
906 1303 959 1338 μὴν

166 1349 235 1376 ἀλλὰ
259 1350 306 1376 καὶ
323 1348 393 1376 κατὰ
409 1349 460 1385 τὴν
473 1349 601 1383 δευτέραν
623 1348 670 1376 καὶ
682 1348 785 1382 ἔνδοξον
798 1349 880 1376 αὑτοῦ
900 1349 959 1376 θεο-

167 1395 279 1432 φάνειαν
293 1395 385 1427 τέλους
398 1395 467 1422 αὐτὰ
481 1394 634 1428 τεύξεσθαι.

205 1441 280 1469 (Καὶ
297 1441 475 1479 πορεύσονται
496 1440 614 1476 βασιλεῖς
635 1441 663 1467 ἐν
684 1440 723 1476 τῷ
743 1441 812 1476 φωτί
835 1449 894 1473 σου,
915 1441 960 1468 καὶ

168 1488 233 1523 ἔθνη
244 1489 276 1524 τῇ
291 1487 463 1523 λαμπρότητί
480 1496 538 1515 σου.
551 1496 560 1512 ι
579 1487 616 1513 Οὐ
628 1486 682 1522 γὰρ
692 1487 738 1514 ἐπὶ
751 1487 853 1519 πάντας
868 1488 961 1514 ἀνατε-

168 1533 234 1565 λεῖς,
253 1533 309 1560 ἀλλ’
328 1534 374 1560 ἐπὶ
391 1533 488 1568 μόνους
501 1533 565 1565 τοὺς
584 1533 686 1565 ἀξίους.
701 1533 770 1565 Τοὺς
785 1532 839 1569 γὰρ
853 1532 891 1568 μὴ
907 1541 961 1559 τοι-

1008 281 1016 297 ι
1029 271 1131 299 Caelum
1152 276 1180 298 ct
1199 277 1270 299 terra
1287 272 1449 304 transibunt,
1467 271 1549 299 verba
1564 276 1655 298 autem
1667 277 1727 298 mea
1739 278 1794 299 non

1010 318 1160 346 transibunt
1174 317 1206 344 “.
1218 327 1228 344 ι

1303 428 1417 457 CAPUT
1438 428 1495 456 LX.

1040 475 1122 503 Vsus.
1133 476 1156 503 Ι.
1176 475 1361 510 «illuminare,
1372 475 1535 507 illuminare,
1546 474 1707 507 Jerusalem,
1722 474 1798 502 venit

1004 523 1076 550 enim
1099 523 1187 550 lumen
1213 527 1296 555 tuum,
1312 527 1339 549 et
1358 522 1443 557 gloria
1461 521 1568 548 Domini
1590 528 1672 555 super
1695 525 1722 548 te
1737 524 1797 548 orla

1005 574 1058 596 est.
1073 578 1082 594 ι
1103 568 1235 603 Quoniam
1249 575 1314 604 ergo
1328 568 1386 603 ipse
1400 568 1526 596 Christus
1543 571 1602 595 eral.
1623 567 1666 594 lux
1679 572 1707 594 et
1726 565 1800 594 veri-

1007 620 1048 644 tas
1061 621 1088 643 et
1104 616 1169 648 vita,
1194 615 1239 642 lux
1254 615 1358 642 scilicet
1376 615 1410 641 iis
1419 615 1465 649 qni
1486 614 1510 641 in
1528 614 1627 641 mundo
1644 618 1716 644 sunt,
1737 612 1798 647 ejus

1006 662 1146 696 prasentia
1163 661 1303 688 fruiturum
1318 660 1468 688 Jerusalem
1486 661 1583 688 merito
1598 659 1798 695 prtenuntiahat

1008 709 1049 735 his
1065 708 1164 740 verbis,
1180 717 1190 733 ι
1206 706 1359 734 llluminare
1370 727 1378 740 ,
1396 707 1560 739 illuminare,
1573 706 1735 739 Jerusalem,
1750 714 1798 734 ve-

1006 755 1045 780 nit
1061 754 1135 781 enim
1152 753 1196 780 lux
1210 759 1264 781 tua.
1286 762 1294 778 ι
1312 752 1376 788 Ejus
1392 759 1482 782 autem
1496 761 1555 781 esse
1569 753 1655 780 lucem
1673 753 1720 785 ait,
1733 753 1798 788 quia

1009 800 1060 835 ipsi
1083 800 1186 827 venturi
1199 799 1299 827 Christi
1315 799 1526 834 pollicitationes
1546 808 1560 827 a
1578 800 1717 834 prophetis
1731 807 1798 835 pras-

1007 846 1102 872 dicalae
1115 849 1186 872 sunt.
1202 844 1229 871 Si
1245 845 1326 879 igitur
1341 850 1476 879 pnecepto
1493 846 1637 881 morigera,
1655 844 1722 872 lucis
1734 851 1798 871 con-

1007 899 1066 918 sors
1082 891 1185 924 fuissel,
1204 890 1339 918 Christum
1353 890 1400 918 Dei
1416 891 1598 925 suscipiendo,
1617 898 1703 926 usque
1723 891 1749 918 in
1765 890 1798 917 ti-

1010 946 1069 966 nem
1081 939 1174 973 utique
1186 938 1211 965 in
1224 945 1289 974 pace
1302 938 1456 965 mansisset.
1468 937 1573 965 Etenim
1585 944 1648 964 ecce
1657 937 1714 971 jam
1725 937 1800 964 venit

1008 985 1053 1012 lux
1078 984 1134 1017 illa,
1147 984 1213 1012 olim
1234 983 1280 1011 tibi
1302 992 1350 1019 per
1366 983 1513 1018 prophetas
1525 983 1692 1010 annuntiata.
1710 982 1799 1016 Quare

1008 1039 1042 1059 ne
1056 1031 1202 1063 cunctaris,
1225 1031 1273 1058 sed
1295 1030 1458 1064 illuminare,
1475 1029 1646 1062 illuminare,
1663 1033 1689 1056 et
1704 1029 1799 1064 gratiae

1010 1078 1144 1112 particeps
1156 1082 1232 1111 esto;
1246 1077 1292 1105 tibi
1308 1077 1380 1104 enim
1400 1076 1558 1105 illuminataa
1576 1076 1633 1104 haec
1647 1080 1674 1103 et
1692 1075 1737 1103 illa
1751 1074 1799 1104 ad-

1009 1126 1100 1150 erunt.

1044 1168 1128 1195 Vsus.
1143 1166 1172 1194 2.
1191 1177 1200 1193 t
1217 1167 1286 1195 Ecce
1304 1168 1422 1195 tenebrm
1444 1166 1567 1202 operient
1583 1171 1694 1199 terram,
1709 1169 1737 1193 et
1754 1173 1799 1193 ca-

1010 1214 1065 1248 ligo
1083 1221 1163 1249 super
1180 1218 1286 1249 gentes.
1304 1212 1391 1248 Super
1403 1217 1431 1240 te
1447 1217 1535 1239 autem
1551 1212 1692 1251 apparebit
1708 1210 1800 1238 Domi-

1011 1267 1071 1291 nus,
1089 1262 1116 1285 et
1140 1258 1223 1293 gloria
1239 1257 1298 1291 eius
1319 1258 1344 1284 in
1362 1262 1387 1284 te
1410 1257 1556 1285 videbitur.
1574 1265 1583 1282 ι
1603 1256 1669 1290 Quae
1690 1263 1756 1283 sane
1772 1255 1799 1282 in

1009 1305 1097 1340 primo
1113 1304 1261 1332 Salvatoris
1269 1303 1385 1331 adventu
1398 1303 1527 1330 accidisse
1538 1306 1649 1337 p‘ossunt
1657 1310 1665 1334 ;
1674 1309 1706 1329 ac
1717 1301 1800 1329 etiam

1011 1351 1037 1378 in
1053 1351 1171 1378 secunda
1191 1355 1219 1377 et
1236 1350 1352 1385 gloriosa
1370 1349 1514 1384 divinaque
1528 1349 1585 1384 ejus
1605 1349 1748 1383 presentia
1769 1348 1801 1374 ti-

1010 1404 1073 1423 nem
1090 1395 1220 1430 consequi
1237 1395 1374 1423 valebunt.

1047 1441 1130 1469 Vens.
1146 1442 1171 1468 5.
1184 1451 1194 1467 ί
1205 1441 1237 1468 Ει
1249 1440 1424 1468 ambulabunt
1443 1447 1519 1475 rcges
1534 1440 1560 1467 in
1573 1439 1676 1466 lumine
1696 1443 1753 1470 tuo,
1773 1444 1801 1466 et

1011 1493 1104 1523 gentes
1113 1489 1137 1514 in
1145 1486 1290 1521 splendore
1297 1491 1352 1513 tuo.
1360 1485 1430 1513 ιΝοιι
1439 1485 1564 1514 omnibus
1571 1487 1654 1517 enim,
1661 1486 1706 1514 sed
1713 1485 1801 1520 dignis

1012 1537 1115 1560 tantum
1140 1532 1247 1560 orieris.
1265 1531 1392 1566 lndignos
1407 1532 1505 1567 quippe
1523 1532 1640 1559 tenebrae
1651 1532 1801 1559 exteriores
1837 1529 1841 1535 '

168 1579 264 1611 ούτους
277 1578 436 1615 διαλήψεται
449 1579 478 1605 τὺ
496 1577 627 1614 ἐξώτερον
644 1579 738 1611 σκότος
752 1578 800 1607 καὶ
819 1579 850 1605 τὸ
864 1579 920 1615 πῦρ
931 1579 960 1606 τὸ

1012 1585 1039 1607 et
1052 1579 1121 1614 ignis
1136 1585 1255 1607 aeternus
1279 1578 1425 1613 excipient,
1443 1585 1546 1607 necnon
1562 1578 1614 1605 alia
1632 1579 1722 1606 omnia
1742 1586 1801 1613 qua!

168 1625 285 1658 αἰώνιον,
299 1626 346 1652 καὶ
356 1626 406 1653 ὅσα
417 1625 484 1652 ἄλλα
496 1626 551 1656 τοῖς
567 1624 692 1652 ἀσεϐέσιν
706 1625 861 1661 ἠπείληται.
876 1627 920 1653 Δεῖ
931 1625 961 1653 δὲ

168 1672 299 1707 πρότερον
318 1671 407 1706 φωτὸς
426 1671 473 1698 καὶ
498 1670 630 1706 ἀνατολῆς
644 1672 701 1703 τοῖς
723 1671 863 1707 μέλλουσιν
877 1672 960 1698 αὐτοῦ

167 1717 280 1752 δψεσθαι
295 1718 345 1754 τὴν
359 1717 436 1750 δόξαν
445 1726 453 1733 ·
472 1718 557 1750 ὅπως,
571 1717 600 1743 ἐν
611 1717 703 1753 ἡμέρᾳ
716 1717 806 1745 Θεῖκοῦ
820 1718 908 1753 φωτὸς
919 1726 962 1753 γε-

167 1764 286 1799 νόμενοι,
314 1763 412 1799 θεωροὶ
424 1764 473 1799 τῆς
494 1763 573 1798 δόξης
583 1762 631 1790 τοῦ
649 1763 811 1799 μονογενοῦς
831 1764 896 1791 Υίοῦ
913 1764 960 1792 τοῦ

168 1810 237 1836 Θεοῦ
254 1809 436 1836 καταστῶσιν.

208 1853 307 1890 ιτΑρον
319 1854 412 1890 κύκλῳ
425 1855 487 1886 τοὺς
500 1855 657 1890 ὀφθαλμούς
672 1864 730 1887 σου,
746 1855 793 1883 καὶ
809 1855 848 1883 ίδε
863 1865 962 1892 συνηγ-

170 1900 240 1936 μένα
253 1900 287 1927 τὰ
300 1900 382 1926 τέκνα
397 1909 453 1927 σου.
469 1910 479 1926 ι
498 1901 543 1927 Διὸ
556 1901 656 1933 πάντες
674 1902 698 1927 οὶ
713 1901 742 1934 ἐξ
758 1901 842 1928 ἐθνῶν
858 1903 898 1934 είς
914 1902 961 1929 τὸν

166 1945 235 1973 Θεὸν
250 1945 294 1972 διὰ
316 1945 361 1972 τοῦ
377 1945 498 1981 Χριστοῦ
518 1946 730 1979 πεπιστευκότες
750 1947 913 1981 ἐπαγγελίαν
923 1949 962 1974 εί-

168 1991 287 2026 λήφασιν
310 1991 498 2019 ἀναπαύεσθαι
516 1993 555 2024 είς
574 1993 690 2024 κόλπους
713 1992 837 2028 ’Δϐραὰμ
862 1994 909 2021 καὶ
927 1994 961 2021 'I-

170 2036 242 2063 σαὰκ
255 2037 302 2064 καὶ
321 2036 427 2070 Ἰακὼϐ,
444 2037 523 2064 τοῦτο
536 2037 583 2065 τοῦ
600 2038 725 2073 Σωτῆρος
742 2037 825 2064 αὑτοῦ
842 2037 962 2070 διδάξαν-

169 2091 224 2114 τος.
239 2082 295 2109 Καὶ
305 2083 335 2109 ἐν
345 2082 449 2118 ἑτέροις
463 2082 492 2109 δὲ
507 2083 627 2111 πλείοσιν
640 2084 657 2119 ἡ
671 2083 700 2116 ἐξ
711 2082 796 2110 ἐθνῶν
815 2083 963 2119 Ἐκκλησία

171 2127 292 2164 θυγάτηρ
317 2129 497 2164 ἀνηγόρευται
517 2129 586 2156 Σιὼν
609 2129 656 2157 καὶ
680 2129 802 2165 θυγάτηρ
828 2129 963 2165 Ἰερουσα-

170 2173 235 2209 λήμ.
248 2175 366 2201 «Ἦκασι
382 2175 481 2207 πάντες
492 2176 517 2201 οἱ
532 2175 585 2202 υῑοί
598 2184 645 2202 σου
662 2175 808 2211 μακρόθεν,
816 2175 864 2202 καὶ
873 2176 901 2202 αί
914 2175 961 2202 Ou—

171 2219 285 2255 γατέρες
297 2228 342 2246 σου
358 2221 402 2246 ἐπ’
419 2220 502 2256 ὤμων
516 2221 690 2256 ἁρθήσονται.
704 2231 713 2247 ι
726 2219 764 2248 Ἦ
768 2230 816 2256 μεν
830 2221 883 2257 γὰρ
896 2221 963 2257 πόρε

1012 1626 1102 1660 intpiis
1120 1625 1298 1653 comminatus
1311 1624 1440 1651 Dominus
1456 1628 1507 1664 est.
1529 1623 1595 1651 Nam
1618 1625 1663 1659 qui
1687 1624 1801 1659 gloriam

1011 1671 1070 1706 ejus
1086 1672 1168 1699 visuri
1183 1676 1257 1704 sunt,
1276 1671 1335 1698 luce
1347 1671 1463 1705 primum
1477 1674 1505 1698 et
1517 1675 1576 1698 ortu
1590 1670 1647 1704 ejus
1667 1678 1736 1706 opus
1751 1670 1801 1697 ha-

1011 1718 1092 1752 bent,
1106 1722 1135 1745 ut
1159 1717 1186 1746 in
1203 1717 1248 1745 die
1272 1717 1370 1745 divinae
1391 1716 1470 1749 lucis,
1484 1716 1575 1753 gloria
1591 1717 1722 1752 unigeniti
1738 1716 1800 1745 Filii

1011 1765 1058 1794 Dei
1072 1764 1254 1805 speculatores
1270 1770 1330 1792 esse
1346 1763 1464 1791 valeant.

1047 1856 1129 1884 Vens.
1146 1856 1173 1883 4.
1193 1864 1203 1881 ‹
1228 1855 1299 1882 Leva
1319 1855 1345 1880 in
1364 1853 1480 1881 circuitu
1494 1853 1588 1881 oculos
1602 1857 1672 1885 tuos,
1689 1857 1716 1880 et
1740 1852 1802 1880 vide

1012 1907 1190 1938 congregatos
1210 1901 1279 1928 ﬁlios
1298 1905 1369 1927 tuos.
1389 1909 1399 1926 ι
1421 1899 1602 1933 Quamobrem
1620 1903 1753 1933 quotquot
1767 1907 1802 1926 ex

1011 1949 1136 1985 gentibus
1149 1947 1249 1976 Christi
1260 1954 1342 1982 opera
1357 1947 1383 1974 in
1398 1946 1481 1973 Deum
1492 1945 1675 1977 crediderunt,
1687 1945 1802 1980 promis.

1012 1995 1116 2022 sionem
1143 2000 1282 2029 accepere,
1302 1993 1374 2028 quod
1390 1993 1417 2020 in
1441 1992 1502 2020 sinu
1525 1991 1651 2025 Abrahae,
1669 1991 1752 2019 lsaaci
1774 1996 1802 2020 et

1011 2040 1105 2069 Jacobi
1115 2040 1236 2074 requiem
1258 2039 1376 2067 habituri
1395 2038 1449 2066 sint
1465 2039 1511 2065 :id
1523 2038 1582 2073 ipso
1594 2038 1740 2066 Servatore
1754 2037 1804 2065 do-

1013 2091 1100 2114 cente.
1115 2086 1182 2114 Aliis
1197 2086 1261 2114 item
1287 2085 1312 2113 in
1328 2085 1395 2113 locis
1417 2085 1538 2113 Ecclesia
1559 2093 1593 2113 ex
1610 2085 1733 2120 gentibus
1747 2084 1802 2112 tilia

1013 2132 1077 2160 Sion
1092 2137 1120 2160 et
1136 2133 1189 2160 filia
1215 2131 1364 2160 Jerusalem
1388 2136 1509 2159 vocatur.
1526 2140 1536 2157 ι
1554 2131 1691 2160 Venerunt
1705 2138 1802 2158 omnes

1014 2179 1060 2206 tllii
1084 2179 1121 2206 tui
1139 2180 1172 2207 de
1192 2178 1290 2214 longe,
1309 2183 1337 2205 et
1357 2177 1417 2205 lilia:
1437 2181 1488 2205 tua:
1507 2177 1628 2205 humeris
1657 2176 1803 2212 gestaban-

1013 2229 1067 2252 tur.
1088 2234 1098 2251 ι
1120 2225 1233 2252 Eramns
1244 2225 1343 2259 quippe
1356 2224 1436 2259 longe
1452 2229 1479 2251 et
1493 2214 1586 2258 procul
1600 2221 1680 2257 posili
1697 2229 1711 2248 a
1723 2228 1802 2255 repu~

172 2266 212 2300 ρω
231 2273 281 2291 που
300 2266 345 2292 καὶ
369 2265 477 2302 μακρὰν
496 2266 547 2301 τῆς
565 2266 702 2300 πολιτείας
724 2266 771 2294 τοῦ
793 2267 901 2303 Ἰσραὴλ
916 2267 960 2294 καὶ

1016 2271 1084 2298 blica
1095 2271 1210 2302 lsraelis,
1230 2277 1262 2298 ac
1272 2270 1354 2304 justis
1370 2269 1505 2302 extranei,
1520 2276 1596 2304 spem
1615 2267 1804 2303 promissionis

173 2311 243 2343 ξένοι
253 2311 306 2338 τῶν
321 2312 442 2345 δικαίων,
465 2314 515 2348 τῆς
536 2313 702 2347 ἐπαγγελίας
717 2313 812 2340 ἐλπίδα
836 2313 872 2349 μὴ
887 2313 961 2349 ἕχον-

170 2366 228 2389 τες,
243 2358 291 2384 καὶ
306 2357 379 2385 ἄθεοι
393 2359 422 2385 ἐν
440 2357 478 2394 τῷ
492 2359 597 2394 κόσμῳ.
616 2359 688 2387 Aha
702 2359 758 2395 γὰρ
770 2359 872 2387 ἀπαλαὶ
884 2358 962 2388 οὖσαι

171 2403 257 2438 ψυχαὶ
274 2404 320 2430 καὶ
342 2404 381 2431 ἐτι
396 2405 502 2441 νήπιαι,
519 2405 558 2436 ὡς
576 2405 742 2441 ἀρτιγένητα
762 2404 860 2441 βρέφη,
873 2405 905 2431 τὸ
918 2405 962 2431 λο-

171 2449 248 2484 γικὸν
258 2450 306 2477 καὶ
315 2450 406 2477 ἄδολον
417 2450 488 2484 γάλα
504 2450 663 2477 ἐπιποθοῦσι
673 2459 679 2466 ⁵
693 2450 738 2477 διά
748 2459 778 2477 τε
790 2451 840 2486 τῆς
854 2452 883 2477 ἐν
896 2450 963 2486 Χρι-

173 2494 228 2530 στῷ
247 2495 453 2531 ἁναγεννήοεως
467 2495 612 2531 γενόμεναι
638 2496 722 2523 τέκνα
747 2495 795 2522 τοῦ
827 2495 961 2531 Ἀϐραὰμ,

172 2541 405 2573 ὑποῦαστάξονται
425 2542 467 2567 ἐπ’
483 2541 577 2576 ὤμων,
590 2542 732 2577 αίρόμεναι
749 2542 796 2568 καὶ
815 2541 964 2575 ὑποκουφι-

171 2588 284 2622 ςόμεναι
299 2587 352 2614 ὑπὸ
359 2586 412 2614 τῶν
429 2587 670 2622 χειραγωγούντων
681 2587 765 2619 αὐτὰς
781 2586 962 2614 διδασκάλων

170 2631 226 2666 οἷος
242 2632 276 2670 ἦν
293 2635 307 2660 ὁ
321 2633 427 2665 Παῦλος
443 2633 529 2667 λέγων
540 2642 549 2649 ·
568 2641 577 2659 ι
589 2633 632 2665 Ὠς
647 2633 681 2660 ἂν
700 2633 800 2669 τροφὸς
822 2633 913 2668 θάλπῃ
931 2632 966 2660 τὰ

171 2681 274 2715 ἑαυτῆς
283 2680 376 2713 τέκνα,
386 2679 472 2711 οὕτως
481 2679 648 2714 ἱμειρόμενοι
658 2679 746 2714 ὑμῶν,
758 2688 768 2705 ι
778 2678 868 2705 καὶτὰ
876 2678 949 2713 ἑξῆς.

212 2736 220 2751 ι
235 2726 302 2753 Τότε
323 2725 386 2762 ὄψῃ,
404 2726 451 2752 καὶ
469 2725 628 2762 φοϐηθήσῃφ
639 2726 686 2753 καὶ
701 2727 821 2762 ἐκστήσῃ
841 2727 875 2761 τῇ
898 2726 966 2761 καρ-

173 2772 228 2808 δίᾳ,
252 2774 293 2800 ὅτι
307 2772 461 2808 μεταϐαλεῖ
477 2773 518 2804 εἰς
546 2772 577 2798 σὲ
600 2772 715 2804 πλοῦτος
741 2772 888 2808 θαλάσσης,
918 2772 966 2799 καὶ

213 2887 235 2903 ⁸³
247 2886 342 2915 Matth.
356 2893 430 2919 xxxv,
449 2886 494 2913 55.
543 2885 587 2912 "l
607 2885 704 2912 Thess.
725 2892 756 2917 ιι,
771 2884 800 2913 7.

378 2933 515 2963 Pauor“
540 2932 601 2963 Gn.
622 2931 727 2962 XXIV

1014 2323 1066 2343 non
1091 2315 1232 2347 habentes,
1248 2319 1330 2350 atque
1353 2315 1428 2350 impii
1444 2316 1470 2342 in
1494 2315 1595 2343 mundo
1613 2312 1803 2340 versabamur.

1013 2361 1081 2388 Nam
1097 2365 1196 2388 tenera:
1210 2365 1238 2388 et
1252 2361 1340 2388 adhuc
1357 2360 1476 2388 infantes
1486 2360 1593 2392 animae,
1606 2358 1683 2394 quasi
1696 2357 1805 2392 pueruli

1016 2406 1095 2434 modo
1108 2405 1202 2441 geniti,
1229 2406 1392 2434 rationabile
1406 2411 1434 2434 et
1450 2407 1509 2434 sine
1529 2406 1591 2433 dolo
1608 2404 1649 2432 lac
1671 2403 1805 2437 concupi-

1015 2455 1094 2477 scunt
1107 2458 1114 2476 :
1126 2457 1157 2477 ac
1164 2457 1212 2484 per
1219 2450 1449 2485 regenerationem
1459 2450 1486 2477 in
1496 2448 1615 2481 Christo,
1631 2449 1678 2476 lilii
1689 2447 1806 2476 Abrahae

1016 2495 1135 2528 altealte,
1152 2496 1275 2524 humeris
1304 2500 1446 2531 gestantur
1464 2503 1481 2523 ιι
1500 2495 1636 2530 magistris
1659 2494 1732 2526 suis,
1754 2493 1805 2520 viae

1018 2542 1142 2574 ducibus,
1157 2541 1269 2569 sublatae
1283 2547 1364 2577 atque
1377 2541 1643 2576 sustentalm,qualis
1656 2545 1717 2568 erat
1732 2538 1804 2566 Pau-

1018 2587 1069 2620 lus,
1083 2587 1128 2622 qui
1141 2587 1189 2620 ait,
1205 2596 1214 2613 ι
1226 2587 1365 2622 Tanquam
1382 2587 1403 2614 si
1422 2587 1513 2615 nutrix
1532 2587 1621 2614 foveat
1637 2585 1706 2613 ﬁlios
1722 2591 1802 2618 suos,

1019 2633 1057 2660 ita
1071 2632 1299 2666 desiderantes",
1315 2642 1324 2659 ι
1346 2638 1400 2660 etc.

1054 2724 1137 2754 Vens.
1152 2725 1180 2754 5.
1202 2735 1212 2751 ι
1233 2725 1309 2753 Tunc
1332 2725 1446 2758 videbis,
1469 2728 1496 2752 et
1522 2723 1642 2757 timebis,
1661 2726 1690 2751 et
1712 2723 1807 2751 obstu-

1019 2778 1114 2807 pesces
1128 2771 1220 2806 corde,
1247 2772 1311 2808 quia
1325 2771 1524 2800 transferentur
1538 2771 1563 2801 in
1585 2775 1611 2799 te
1626 2770 1729 2799 divitiae
1746 2778 1807 2798 ma-

1609 2933 1646 2964 16
