2061 3215
285 175 336 204 Μ

612 173 755 202 ἘυδΕΒΙΙ
769 174 1013 203 ιεΕδΑιιιΕΝδιε
1031 174 1069 202 0F

1127 174 1216 202 PARS
1233 174 1279 203 ιιι.
1299 191 1333 196 —-
1352 175 1558 203 EvXEGETlCA.

1860 176 1906 204 Μ

287 235 337 266 ris,
349 236 376 261 et
386 232 505 268 gentium
516 235 544 259 et
552 232 749 267 'popnlorumn
762 233 810 260 Hic
824 240 931 268 quoque
945 233 1069 261 observes

1126 233 1209 261 ὲθνῶν
1222 235 1269 261 καὶ
1283 227 1365 261 λαῶν.
1379 244 1388 261 ι
1416 234 1471 260 Καὶ
1491 233 1607 261 ἐνταῦθα
1628 234 1656 260 δὲ
1677 235 1754 270 τήρει
1771 234 1844 266 ὅπως
1862 234 1907 270 τὴν

286 280 378 311 velim,
398 286 452 313 quo
469 283 548 313 pacto
563 277 763 306 multitudinem
785 278 920 313 ingentem
938 278 1010 306 illam
1026 285 1073 306 eo-

287 333 359 358 rum,
383 324 429 359 qui
458 324 571 351 salutem
599 328 810 359 consequuntur,
838 324 922 351 maris
948 323 1073 352 ﬂuctibus

286 374 436 406 comparet.
454 369 594 397 Fortitudo
610 374 699 397 autem
715 370 834 405 gentium
851 370 868 397 ii
896 369 1006 403 fuerint,
1025 371 1071 406 qui

287 417 365 445 bonis
378 416 507 452 operibus
529 416 623 450 dediti,
648 425 663 443 ο
689 416 837 452 spiritualis
855 416 916 444 vitae
939 424 1021 444 cursu
1046 421 1074 445 et

288 468 381 491 tenore
397 471 448 491 non
466 463 605 490 deﬁciunt.

321 503 403 532 Vens.
419 505 446 538 6,
457 504 485 532 7.
502 514 511 532 ι
535 505 567 532 Ει
581 505 693 533 venient
715 505 763 534 tibi
780 512 876 541 greges
895 505 1072 537 camelorum,

285 556 314 579 et
326 552 451 587 operient
463 556 488 579 te
511 552 605 580 cameli
616 551 738 580 Modiam
751 557 779 580 et
792 552 911 588 Gephar.
925 552 1024 581 Omnes
1039 552 1072 580 de

286 597 356 625 Saba
378 598 497 630 venient,
519 597 638 625 ferentes
666 605 773 632 aurum,
793 602 821 625 et
841 599 903 626 thus
928 598 1027 629 ferent,
1044 602 1071 625 et

285 642 410 670 Salutare
427 641 534 670 Domini
551 643 757 670 annuntiabunt.
774 643 808 671 Et
829 651 925 671 omnes
941 651 1006 671 oves
1019 643 1072 671 Cc-

284 688 336 716 dar
348 688 595 723 congregabuntur,
607 692 634 715 et
652 688 751 716 arietes
767 688 898 717 Nabaioth
910 689 1030 721 venient,
1045 692 1072 716 et

284 733 434 762 oll‘erentur
444 734 619 769 acceptabilia
628 742 710 769 super
719 734 805 762 altare
818 742 918 762 meum.
929 745 938 761 ι
949 734 996 762 His
1007 735 1072 763 sub-

285 779 399 807 indicari
418 784 483 814 puto
501 786 547 807 eos
561 779 606 813 qui
623 779 649 806 in
671 779 789 807 Ecclesia
810 780 910 814 _opibus
925 784 952 807 et
971 779 1071 808 divitiis

284 825 396 853 aillnunt
411 835 418 853 ε
435 826 474 854 sic
485 827 556 854 enim
574 826 700 854 Salvator
716 826 828 854 divitem
847 827 951 854 camelo
961 833 1071 861 compa-

284 880 347 900 rans
361 873 477 906 dicebat,
495 882 504 898 ι
520 872 637 900 Facilius
664 877 706 900 est
723 874 856 900 camelum
881 880 930 908 per
948 872 1069 899 foramen

1124 279 1223 315 πολλὴν
1241 279 1426 315 πολυπληθίαν
1447 279 1502 305 τῶν
1520 279 1682 314 σωζομένων
1699 279 1795 315 πλήθει
1814 279 1907 306 θαλάσ-

1124 333 1174 361 σης
1187 325 1331 353 ἀπείκασε.
1356 325 1475 360 Δύναμις
1488 325 1517 351 δὲ
1536 325 1588 352 τῶν
1602 325 1686 352 ἐθνῶν
1699 326 1724 352 οἱ
1748 326 1906 362 κατορθοῦν-

1122 381 1168 404 τες
1183 370 1237 398 εἷεν
1254 364 1363 408 ἂν”μηδ⁵
1378 371 1607 408 ὲξασθενήσαντες
1624 371 1691 408 πρὸς
1709 372 1756 399 τὸν
1773 373 1850 400 τόνον
1865 373 1908 400 τοῦ

1125 418 1223 454 νοητοῦ
1242 418 1310 454 βίου.

1161 515 1170 532 ι
1182 505 1345 540 Καὶῆξουσῖ
1359 514 1399 532 σοι
1419 505 1514 540 ἀγέλαι
1533 504 1675 541 καμήλων,
1697 505 1744 532 καὶ
1764 505 1910 540 καλύψουσί

1123 559 1153 577 σε
1172 550 1289 587 κάμηλοι
1308 551 1421 587 Μαδιὰμ
1442 551 1488 578 καὶ
1502 551 1604 587 Γεφάρ.
1619 550 1723 583 Πάντες
1744 552 1776 578 ἐκ
1791 552 1865 579 Σάϐα
1879 541 1909 587 ἧ-

1123 597 1208 630 ξουσι,
1220 597 1348 633 φέροντες
1362 597 1482 633 χρυσίον,
1501 596 1548 624 καὶ
1570 596 1677 623 λίϐανον
1691 596 1803 630 οἴσουσι,
1822 598 1868 624 καὶ
1883 598 1910 624 rb

1123 643 1262 678 Σωτήριον
1274 642 1377 678 Κυρίου
1392 642 1620 677 εὖαγγελιοῦνται.
1630 643 1685 670 Καὶ
1696 644 1784 670 πάντα
1800 643 1834 670 τὰ
1847 640 1911 680 1:93-

1122 687 1191 713 ϐατα
1203 686 1298 723 Κηδὰρ
1313 687 1534 723 συναχθήσονται,
1548 687 1595 714 καὶ
1608 688 1680 723 κριοὶ
1692 687 1821 715 Ναϐαιὼθ
1831 688 1910 723 ἥξου-

1122 740 1160 764 σι,
1185 732 1231 758 καὶ
1256 731 1465 767 ἀνενεχθήσεται
1488 731 1571 759 δεκτὰ
1595 732 1642 759 ἐπὶ
1665 732 1695 759 τὸ
1721 733 1910 769 θυσιαστήριόν

1123 786 1184 813 μου.
1198 787 1207 803 ι
1230 777 1398 804 Αἶνίττεσθαι
1421 777 1449 804 δὲ
1474 775 1550 812 οἴμαι
1565 776 1608 804 διὰ
1626 777 1729 804 τούτων
1752 778 1815 810 τοὺς
1839 778 1910 813 ὲντῇ

1128 823 1276 859 Ἐκκλησία
1305 823 1439 859 εὐπόρους
1461 823 1507 849 καὶ
1527 822 1642 850 πλοῦτον
1665 823 1909 859 περιρρεομένους*

1121 868 1192 895 οὕτω
1204 868 1268 903 γοῦν
1284 868 1330 895 καὶ
1345 868 1359 895 ό
1373 869 1468 904 Σωτὴρ
1494 868 1540 895 τὸν
1552 868 1678 896 πλούσιον
1692 869 1809 905 καμήλῳ
1821 878 1910 905 παρα-

284 926 349 945 acus
363 918 566 954 ingredi,quam
587 918 696 946 divitem
710 917 736 945 in
752 925 864 953 regnum
877 917 1006 945 caelorum
1016 917 1068 945 τ’.)

1122 913 1226 940 ϐάλλων
1240 914 1342 948 ἔλεγεν,
1359 921 1368 939 ι
1383 913 1578 950 Εὐκοπώτερόν
1592 915 1648 941 ἐστι
1658 914 1781 950 κάμηλον
1788 915 1832 941 διὰ
1847 924 1911 951 τρυ-

282 964 418 992 Creterum
435 963 595 991 admirabile
611 963 676 991 illud
691 967 760 995 erat,
773 963 837 998 quia
852 964 924 999 quod
942 962 1070 999 impossi-

281 1011 336 1038 bile
355 1011 521 1043 hominibus,
540 1011 656 1045 idipsum
684 1010 739 1037 Deo
768 1009 896 1044 possibile
923 1013 975 1037 est.
998 1008 1070 1042 Qua-

281 1061 392 1091 propter
409 1055 570 1087 .lerusalem,
595 1055 775 1082 admiratione
796 1060 886 1090 capta,
905 1054 1003 1090 gaudio
1027 1062 1070 1083 re-

282 1102 380 1137 pletur,
408 1101 472 1129 dum
498 1101 602 1129 scilicet
626 1101 731 1128 animas
751 1101 864 1128 camelis
887 1105 1068 1136 comparatas,

283 1149 448 1181 immutatas,
469 1151 496 1175 et
511 1147 590 1183 quasi
620 1155 668 1182 per
693 1146 814 1175 foramen
831 1154 906 1179 acus,
940 1154 990 1182 per
1018 1154 1069 1174 an-

281 1200 387 1230 gustam
403 1199 431 1222 et
453 1198 556 1222 arctam
579 1193 650 1221 viam
669 1193 696 1221 in
721 1193 804 1221 vitam
829 1197 959 1232 aeternam
976 1194 1069 1230 ingre—

281 1241 388 1268 dientes
403 1239 548 1275 conspicit.
564 1239 665 1267 Cameli
684 1246 749 1267 vero
777 1246 830 1267 non
859 1238 937 1267 vacui
958 1243 986 1267 et
1009 1239 1070 1268 sine

281 1284 390 1313 sarcina
418 1287 561 1321 venerunt,
585 1284 632 1312 sed
649 1283 720 1312 dona
736 1283 803 1316 Deo,
824 1288 854 1312 ut
871 1291 920 1318 par
934 1289 986 1317 est,
1003 1283 1070 1312 olfe-

282 1335 376 1358 rentes
390 1330 423 1357 ad
441 1329 538 1357 animae
553 1337 609 1357 suae
624 1329 850 1364 redemptionem.
862 1329 959 1364 Itaque
971 1329 1069 1358 cameli

283 1372 407 1402 Salutare
419 1374 523 1402 Domini
535 1374 744 1407 annuntiabunt,
756 1378 902 1409 postquam
917 1379 1069 1402 memorata

282 1421 352 1448 dona
368 1420 531 1452 obtulerint;
554 1420 628 1453 thus,
643 1419 747 1447 scilicet
763 1419 930 1455 spiritualem
945 1427 1070 1448 suavem-

281 1473 336 1501 que
352 1464 493 1500 theologia
507 1465 636 1498 odorem;
660 1472 756 1492 aurum
772 1472 848 1498 vero,
866 1472 1011 1500 corporeas
1028 1465 1070 1493 ni-

280 1513 383 1540 mirum
402 1519 477 1547 opes.
502 1511 620 1538 Nadiam
646 1518 727 1546 porro
750 1515 778 1539 et
799 1511 918 1546 Gephar,
944 1513 1070 1547 regiones

279 1557 458 1586 barbarorum
474 1561 545 1589 sunt,
568 1557 736 1584 camelorum
754 1556 868 1590 feraces,
892 1557 1068 1593 quemadmo-

282 1602 345 1630 dum
362 1607 390 1630 et
409 1602 491 1636 Saba,
517 1610 598 1638 supra
611 1603 738 1630 Arabiam
755 1603 818 1636 sita,
835 1610 919 1639 penes
936 1611 1004 1639 quos
1015 1611 1068 1639 po-

281 1648 359 1684 pulos
369 1649 534 1677 camelorum
549 1656 634 1684 genus
653 1649 754 1684 ingenti
774 1657 887 1677 numero
906 1655 948 1677 est
961 1658 970 1677 :
982 1657 1068 1685 quare

280 1696 380 1724 horum
393 1695 516 1730 exemplo
539 1703 628 1723 sermo
642 1695 738 1722 utitur.
753 1695 785 1722 Et
802 1696 868 1723 mihi
883 1703 950 1724 sane
962 1697 1069 1725 videtur

280 1742 325 1769 his
333 1741 424 1769 verbis
435 1741 776 1776 Scripturam,juvenculas
785 1746 813 1769 et
821 1741 959 1770 infantiles
972 1749 1069 1778 corpo-

281 1795 390 1816 reorum
412 1785 566 1815 Iudaeorum
582 1794 662 1815 aures
689 1786 798 1815 allicere
815 1791 842 1815 et
861 1787 1024 1821 demulcere,
1038 1793 1069 1816 ut

280 1840 328 1860 eas
343 1832 485 1868 pertrahat
497 1837 525 1860 et
541 1833 665 1860 hortetur
678 1833 712 1860 ad
731 1832 813 1860 vitam
826 1831 900 1860 illam
915 1837 944 1860 et
959 1833 1069 1868 religio‘

280 1886 355 1913 nem,
370 1886 428 1914 qua:
446 1878 594 1907 secundum
605 1877 693 1906 ’Deum
712 1882 764 1911 εει,
779 1882 885 1906 mature
910 1877 1068 1907 ineundam.

319 1971 329 1988 ι
341 1961 375 1989 Et
387 1969 481 1990 omnes
493 1969 559 1990 oves
571 1961 668 1989 Cedar.
676 1970 690 1988 ο
709 1961 869 1996 Huiusmodi
880 1962 988 1991 animas
1001 1963 1068 1992 alie-

281 2006 395 2040 nigenas
407 2011 434 2034 et
448 2012 591 2034 extraneas
604 2014 664 2034 esse
676 2007 868 2035 subindicans:
878 2009 1009 2043 siquidem
1020 2016 1070 2044 per

282 2051 537 2087 camelos,opulenti
548 2056 577 2079 et
590 2052 688 2080 divites
696 2052 820 2081 homines
834 2053 1006 2087 indicantur;
1020 2062 1069 2091 per

282 2105 347 2126 oves
367 2102 470 2130 autem,
502 2097 700 2125 mansuetiores
731 2105 764 2126 ac
791 2099 994 2134 simpliciores;
1020 2108 1069 2135 per

283 2143 394 2176 arietes,
416 2143 434 2170 ii
455 2143 572 2170 maxime
589 2151 622 2171 ex
640 2143 765 2178 gentibus
778 2144 824 2178 qui
841 2145 994 2181 principatu
1013 2153 1069 2173 va-

282 2189 370 2217 lentes
390 2187 618 2216 convertcbantur
633 2197 640 2215 :
653 2195 721 2223 quos
733 2189 766 2216 ad
788 2189 874 2217 altare
891 2190 938 2218 Dei
955 2198 1068 2219 munera

281 2235 412 2263 allaturos
433 2241 494 2262 esse
512 2240 602 2262 sermo
618 2233 747 2262 declarat.
768 2235 801 2262 Et
816 2242 881 2262 vero
897 2235 952 2269 jam
972 2236 1067 2271 imple-

278 2288 338 2309 tum
357 2281 497 2309 oraculum
521 2280 614 2308 videre
635 2284 674 2308 est
697 2289 704 2308 :
734 2288 795 2308 cum
823 2287 857 2308 ex
887 2282 1066 2310 conversione

281 2329 414 2364 gentium,
426 2327 577 2363 hujusmodi
591 2326 687 2354 animm
698 2333 758 2354 sese
774 2327 826 2361 pia
838 2326 975 2362 religionis
984 2329 1066 2356 verbo

280 2374 421 2404 dedentes,
445 2377 473 2400 et
492 2372 586 2400 altaris
612 2371 658 2399 Dei
674 2371 827 2400 ministerio
850 2373 1010 2401 assistentes
1025 2373 1067 2401 vi-

281 2421 406 2447 deantur.
423 2418 491 2446 Nam
517 2422 582 2445 tunc
600 2417 718 2446 maxime
734 2425 781 2452 per
800 2419 896 2447 horum
916 2420 1070 2448 conversim

280 2473 342 2492 nem
354 2469 384 2492 et
397 2464 523 2497 salutem,
535 2463 658 2492 Ecclesia
684 2464 733 2492 Dei
747 2464 872 2493 laudibus
892 2465 1044 2493 celebratur
1057 2474 1064 2492 :

280 2518 366 2546 quare
381 2511 508 2545 deinceps
522 2510 644 2538 dicitur:
662 2519 672 2537 ‹
686 2510 723 2538 Et
738 2510 835 2539 domus
851 2511 984 2539 orationis
1000 2518 1068 2539 mea:

282 2556 487 2592 gleriilcabitur.
504 2566 514 2584 ι

318 2635 402 2663 Vsus.
415 2636 442 2663 8.
460 2645 470 2661 ι
487 2635 602 2670 Quinam
626 2636 653 2664 hi
668 2637 748 2667 sunt?
760 2641 794 2664 ut
820 2636 905 2664 nubes
924 2635 1027 2670 volant,
1041 2643 1069 2665 et

283 2682 353 2710 sicut
368 2682 499 2710 columbae
514 2690 575 2710 cum
600 2682 681 2716 pullis
695 2690 776 2718 super
791 2690 843 2710 me.
856 2693 866 2709 ι
888 2683 917 2710 Id
930 2690 1013 2718 porro
1028 2683 1070 2711 in-

285 2728 436 2763 telligemus
455 2729 479 2755 si
505 2729 581 2756 Pauli
609 2735 702 2757 vocem
727 2729 937 2764 perpendamus,
952 2737 1013 2764 quae
1029 2730 1069 2757 sic

285 2773 384 2807 habet:
399 2783 408 2799 ι
425 2774 480 2802 Nos
491 2775 537 2809 qui
555 2775 681 2808 vivimus,
694 2775 739 2810 qui
755 2775 856 2803 residui
867 2783 961 2804 sumus
971 2776 1003 2804 -in
1019 2777 1068 2804 ad-

284 2823 394 2847 ventum
413 2818 526 2853 Christi.
549 2821 686 2856 rapiemur
709 2822 736 2850 in
752 2821 868 2850 nubibus
891 2821 999 2851 obviam
1014 2823 1065 2852 Do-

321 2925 342 2941 "
357 2924 452 2953 Matth.
466 2932 522 2960 xix,
538 2925 583 2952 2t.

1123 959 1222 994 μαλιᾶς
1240 959 1350 995 ῥαφίδος
1372 959 1503 986 εἰσελθεῖν
1522 959 1539 996 ἢ
1562 959 1688 987 πλούσιον
1713 961 1754 992 είς
1766 961 1816 996 τὴν
1837 960 1913 996 βασι.

1120 1004 1195 1032 λείαν
1213 1004 1269 1032 τῶν
1285 1004 1417 1041 οὐρανῶν.
1432 1015 1442 1031 ›
1456 1005 1532 1041 Πλὴν
1544 1004 1612 1033 ἀλλὰ
1630 1006 1661 1033 τδ
1676 1006 1769 1042 θαῦμα
1780 1006 1856 1034 τοῦτ’
1866 1005 1911 1043 ἦν,

1119 1051 1160 1078 ὅτι
1172 1051 1202 1078 τὸ
1217 1051 1293 1088 παρὰ
1303 1051 1456 1089 ἀνθρώποις
1469 1052 1609 1085 ἀδύνατον,
1623 1053 1701 1080 τοῦτο
1714 1054 1826 1081 δυνατὸν
1839 1055 1911 1089 γίνε-

1119 1105 1163 1124 ται
1179 1097 1220 1133 τῷ
1230 1097 1299 1133 Θεῷ.
1316 1096 1362 1124 Διὸ
1376 1098 1423 1125 καὶ
1439 1098 1578 1131 ἐξίσταται
1601 1099 1778 1135 Ἰερουσαλὴμ
1800 1100 1843 1127 διὰ
1864 1100 1911 1128 τοῦ

1118 1143 1208 1179 χαρᾶς
1232 1143 1419 1180 πληροῦσθαι·
1447 1145 1582 1180 καμήλοις
1610 1145 1642 1181 δὴ
1664 1145 1912 1182 ’παραϐεϐλημένας

1117 1188 1207 1223 ψυχὰς
1229 1187 1354 1224 θεωμένη
1378 1189 1593 1225 μεταϐαλούσας,
1615 1190 1662 1217 καὶ
1677 1189 1771 1226 ὥσπερ
1787 1190 1831 1217 διὰ
1848 1200 1912 1227 τρυ-

1120 1231 1218 1267 μαλιᾶς
1235 1232 1347 1268 ῥαφίδος
1361 1232 1405 1259 διὰ
1416 1233 1466 1268 τῆς
1483 1234 1580 1269 στενῆς
1597 1235 1644 1261 καὶ
1658 1234 1840 1271 τεθλιμμένης
1852 1235 1910 1262 όδοῦ

1118 1278 1159 1310 είς
1175 1278 1224 1314 τὴν
1240 1278 1348 1305 αἰώνιον
1373 1278 1445 1314 ζωὴν
1460 1279 1606 1312 εἰσιούσας.
1625 1280 1662 1307 Οὐ
1681 1281 1743 1316 δίχα
1757 1281 1786 1308 δὲ
1802 1282 1910 1317 φορτίου

1118 1323 1266 1359 προσίεσαν
1280 1319 1371 1358 αὗται,
1388 1324 1462 1361 δῶρα
1479 1325 1508 1351 δὲ
1521 1325 1559 1361 τῷ
1577 1325 1636 1361 Θεῷ
1648 1327 1857 1363 προσφέρουσαι
1871 1328 1910 1354 εί-

1118 1370 1205 1402 κότως
1218 1369 1253 1397 τὰ
1265 1369 1351 1406 λύτρα
1365 1371 1415 1406 τῆς
1428 1371 1517 1398 αὐτῶν
1533 1371 1632 1408 ψυχῆς.
1654 1372 1759 1399 Οὐκοῦν
1781 1374 1808 1400 αί
1826 1373 1911 1410 κάμη-

1117 1415 1158 1442 λοι
1182 1416 1213 1442 τὸ
1235 1416 1372 1452 Σωτήριον
1398 1417 1501 1452 Κυρίου
1526 1417 1747 1451 εὖαγγελιοῦνται
1775 1419 1845 1454 μετὰ
1864 1418 1910 1446 τοῦ

1117 1461 1192 1498 δῶρα
1214 1461 1380 1498 προσφέρειν
1404 1461 1438 1489 τὰ
1465 1463 1663 1498 προλεχθέντα·
1687 1463 1796 1491 λίϐανον
1814 1464 1843 1492 δὲ
1862 1466 1911 1501 τήν

1117 1507 1167 1542 τῆς
1188 1505 1327 1541 θεολογίας
1341 1507 1530 1543 πνευματικὴν
1547 1508 1671 1541 εὐωδίαν,
1688 1509 1791 1545 χρυσὸν
1811 1509 1839 1536 δὲ
1863 1511 1912 1546 ἣν

1119 1550 1278 1586 σωματικὴν
1295 1551 1437 1587 εὐπορίαν.
1463 1551 1496 1578 Ἠ
1512 1552 1540 1578 δὲ
1562 1552 1676 1588 Μαδιὰμ
1695 1554 1742 1580 καὶ
1755 1554 1847 1591 Γεφὰρ
1867 1555 1913 1589 γό-

1120 1603 1194 1630 νιμοι
1203 1595 1335 1632 καμήλων
1350 1596 1403 1622 εῑσὶ
1415 1595 1501 1632 χῶραι
1517 1596 1672 1633 βαρϐάρων,
1685 1598 1723 1630 ὡς
1733 1599 1779 1625 καὶ
1795 1600 1812 1635 ή
1827 1599 1910 1634 Σαϐὰ,

1120 1641 1190 1676 ὑπὲρ
1207 1641 1256 1677 τὴν
1277 1641 1407 1677 Ἀραϐίαν
1421 1641 1544 1678 κειμένη,
1561 1644 1626 1679 παρ’
1641 1640 1682 1676 οἷς
1697 1644 1863 1681 πολυπληθεῖ
1882 1646 1911 1673 τδ

1118 1686 1172 1713 τῶν
1189 1687 1319 1723 καμήλων
1329 1687 1416 1722 γένος·
1431 1687 1470 1714 διδ
1485 1690 1518 1725 τῇ
1535 1688 1636 1716 τούτων
1650 1690 1782 1726 κέχρηται
1801 1692 1819 1718 '6
1834 1691 1911 1726 λόγος

1118 1732 1213 1759 εικόνι.
1226 1732 1282 1759 Καί
1300 1741 1345 1769 μοι
1358 1733 1431 1760 δοκεῖ
1447 1733 1491 1760 διὰ
1502 1733 1608 1766 τούτων
1621 1736 1636 1762 ό
1651 1735 1728 1770 λόγος
1749 1735 1854 1771 θέλγειν
1865 1738 1911 1764 καὶ

1118 1777 1310 1812 ὲγγλυκαίνειν
1330 1778 1381 1811 τὰς
1394 1778 1480 1811 ἀκοὰς
1501 1779 1551 1812 τὰς
1565 1780 1711 1816 νηπιώδεις
1725 1781 1779 1809 τῶν
1794 1790 1912 1817 σωματι-

1118 1824 1174 1851 κῶν
1195 1823 1326 1851 Ἰουδαίων
1347 1824 1387 1857 εις
1405 1824 1436 1851 τὸ
1455 1825 1656 1859 ὲφελκύσασθαι
1669 1826 1765 1859 αὑτὰς,
1782 1827 1831 1853 καὶ
1843 1836 1912 1863 προ-

1118 1869 1217 1905 τρέψαι
1239 1870 1364 1897 σπεύδειν
1384 1870 1425 1902 είς
1445 1870 1491 1898 τὸν
1514 1871 1585 1898 κατὰ
1599 1871 1670 1899 Θεὸν
1693 1871 1751 1908 βίον
1773 1872 1822 1899 καὶ
1841 1873 1911 1901 πολι-

1119 1916 1204 1943 τείαν.

1156 1970 1166 1987 ι
1179 1961 1235 1988 Καὶ
1253 1961 1342 1989 πάντα
1356 1962 1392 1990 τὰ
1418 1962 1543 2000 πρόϐατα
1556 1962 1654 1999 Κηδάρ
1665 1972 1672 1979 ·
1686 1973 1695 1990 ι
1720 1964 1751 1991 τὺ
1769 1964 1911 1999 ἀλλογενὲς

1119 2007 1165 2034 καὶ
1179 2007 1328 2043 ἀλλόφυλον
1341 2009 1395 2036 τῶν
1409 2009 1537 2037 τοιούτων
1553 2009 1585 2046 δὴ
1600 2009 1694 2045 ψυχῶν
1715 2011 1908 2046 αἰνιττόμενος.

1118 2054 1168 2081 Διὰ
1191 2053 1240 2089 μὲν
1258 2051 1304 2081 οὖν
1319 2054 1373 2081 τῶν
1395 2055 1525 2090 καμήλων
1541 2056 1566 2082 οί
1589 2055 1700 2092 εὔποροι
1719 2058 1766 2084 καὶ
1789 2057 1911 2085 πλούσιοι

1117 2098 1171 2125 τῶν
1188 2099 1216 2125 ὲν
1232 2099 1386 2134 ἀνθρώποις
1403 2099 1561 2136 ὲδηλοῦντο·
1584 2101 1628 2128 διὰ
1646 2102 1674 2129 δὲ
1693 2102 1747 2129 τῶν
1765 2104 1912 2139 προϐάτιον

1118 2144 1143 2170 οι
1158 2143 1329 2180 ήμερώτατοι
1343 2145 1390 2172 καὶ
1402 2146 1586 2173 ἀπλούστατοι
1595 2155 1603 2162 ·
1619 2147 1663 2174 διὰ
1673 2148 1700 2174 δὲ
1711 2148 1765 2175 τῶν
1777 2150 1874 2185 κριῶν,
1885 2151 1911 2177 οἱ

1118 2188 1300 2224 ἀρχικώτατοι
1322 2190 1375 2217 τῶν
1394 2191 1422 2224 ἐξ
1442 2191 1527 2219 ὲθνῶν
1549 2193 1781 2229 ἐπιστρεφόντων⁶
1800 2195 1847 2227 οὒς
1863 2196 1912 2222 ἀν-

1119 2233 1313 2270 ενεχθήσεσθαι
1326 2235 1400 2271 δῶρα
1412 2235 1459 2262 ἐπὶ
1468 2236 1499 2263 τὸ
1508 2235 1700 2273 θυσιαστήριον
1712 2237 1758 2264 τοῦ
1771 2238 1839 2265 Θεοῦ
1856 2248 1911 2275 φη-

1118 2280 1160 2305 σιν
1174 2278 1285 2314 ό⁶λόγος.
1310 2280 1365 2307 Καὶ
1384 2280 1442 2307 ἐστι
1456 2281 1486 2308 τὸ
1506 2281 1594 2316 λόγιον
1606 2282 1794 2319 ’πληρούμενον
1810 2284 1912 2313 θεάσα-

1119 2323 1180 2351 σθαι
1190 2321 1202 2340 ’”
1215 2325 1324 2352 ἐπειδὰν
1336 2326 1367 2352 ὲκ
1384 2326 1434 2361 τῆς
1445 2326 1499 2353 τῶν
1519 2327 1604 2354 ἐθνῶν
1620 2328 1786 2365 ἐπιστροφῆς
1804 2331 1911 2358 τοιάσδε

1117 2372 1206 2408 ψυχὰς
1228 2373 1277 2400 ῐδοι
1291 2382 1333 2405 τις
1353 2374 1498 2407 ἀναθείσας
1519 2375 1617 2408 ἑαυτὰς
1631 2376 1670 2411 τῷ
1684 2377 1733 2412 τῆς
1753 2376 1912 2409 θεοσεϐείας

1118 2417 1189 2453 λόγῳ
1201 2418 1253 2445 καὶ
1266 2418 1315 2454 τῆς
1329 2418 1499 2455 λειτουργίας
1511 2420 1558 2447 τοῦ
1570 2420 1764 2457 θυσιαστηρίου
1778 2422 1826 2449 τοῦ
1842 2423 1910 2449 Θεοῦ

1120 2462 1366 2498 προσεδρευσάσας.
1383 2464 1450 2491 Τότε
1463 2465 1517 2501 γὰρ
1534 2465 1651 2501 μάλιστα
1663 2466 1707 2494 διὰ
1721 2467 1772 2502 τῆς
1790 2467 1845 2495 τῶν
1857 2477 1912 2495 τοι·

1123 2507 1208 2535 ούτων
1231 2509 1397 2545 ἐπιστροφῆς
1421 2510 1468 2537 καὶ
1488 2511 1624 2547 σωτηρίας
1648 2512 1665 2547 ή
1690 2512 1838 2548 Ἐκκλησία
1862 2513 1911 2540 τοῦ

1123 2552 1191 2579 Θεοῦ
1208 2552 1347 2586 δοξάζεται
1356 2563 1363 2570 ·
1376 2554 1416 2582 διὸ
1431 2555 1553 2583 λέλεκται
1567 2557 1615 2583 καὶ
1628 2556 1691 2592 ἑξῆς
1702 2565 1709 2573 ·
1725 2567 1735 2584 ι
1745 2558 1800 2584 Καὶ
1810 2559 1825 2585 ό
1837 2556 1912 2591 οἶκος

1121 2598 1171 2633 τῆς
1184 2600 1337 2634 προσευχῆς
1354 2609 1404 2635 μου
1417 2600 1620 2637 δοξασθήσεται.
1632 2612 1642 2629 ι

1161 2652 1171 2668 ι
1185 2642 1262 2675 Τίνες
1277 2643 1329 2670 οἵδε
1339 2652 1346 2676 ;
1357 2644 1395 2676 ὼς
1411 2644 1520 2679 νεφέλαι
1538 2645 1678 2679 πέτανται,
1694 2646 1742 2674 καὶ
1754 2646 1820 2673 ὡσεὶ
1834 2655 1912 2683 περι-

1124 2689 1218 2724 στεραὶ
1232 2688 1280 2716 σὺν
1300 2690 1420 2721 νεοσσοῖς
1438 2690 1481 2716 ἐπ’
1494 2690 1555 2726 ἐμέ.
1569 2700 1579 2720 r
1605 2692 1660 2718 Kal
1680 2692 1759 2719 τοῦτο
1772 2692 1801 2718 δὲ
1816 2693 1912 2729 νοήσο-

1125 2741 1173 2769 μεν
1194 2734 1389 2770 ἐπιστήσαντες
1411 2736 1444 2770 τῇ
1461 2735 1566 2762 Παύλου
1589 2737 1664 2773 φωνῇ
1682 2736 1856 2775 διδασκούοῃ,
1872 2738 1911 2770 ὥς

1122 2781 1186 2816 ἄρα,
1209 2790 1218 2807 ι
1231 2781 1324 2817 Ἡμεῖς
1341 2782 1365 2808 οἱ
1386 2781 1495 2815 ζῶντες,
1517 2783 1540 2809 oi
1560 2784 1777 2819 περιλειπόμενοι
1800 2785 1842 2817 είς
1860 2784 1910 2820 τὴν

1122 2826 1272 2862 παρουσίαν
1293 2826 1340 2854 τοῦ
1354 2826 1482 2864 Χριστοῦ,
1503 2828 1718 2865 ἁρπαγησόμεθα
1735 2830 1765 2857 ἐν
1782 2830 1909 2865 νεφέλαις
