2061 3215
144 209 196 237 495

628 207 875 237 COMMENTARIA
892 207 924 236 IN
945 207 1075 236 ISAIAM.
1096 223 1130 228 ——
1148 207 1224 236 CAP.
1245 207 1299 235 LX.

1719 208 1768 237 894

143 268 185 300 είς
195 269 348 303 ἀπαντησιν
364 266 409 294 τοῦ
423 268 524 304 Κυρίου
543 268 583 300 είς
602 268 680 304 ἀέρα,
704 270 750 296 καὶ
766 269 851 302 οὕτως
868 269 934 296 πάν-

988 269 1058 296 ηιίηο
1071 269 1097 296 in
1107 274 1221 296 aera:et
1235 269 1275 296 sic
1287 275 1393 302 semper
1407 275 1468 295 cum
1480 267 1592 295 Domino
1602 267 1702 295 erimus
1711 269 1743 299 |';
1757 278 1767 294 ι

143 322 205 340 τοτε
227 313 275 340 σὺν
290 313 384 349 Κυρίῳ
404 313 539 349 ἐσόμεθα·
550 324 560 341 ι
578 314 759 350 συναφθέντες
772 315 872 351 δηλαδὴ
886 316 932 343 καὶ

146 359 394 394 συγκαταλεγέντες
411 359 450 395 τῷ
468 359 541 396 χορῷ
557 360 612 387 τῶν
626 361 655 386 ἐν
676 360 715 396 τῷ
733 361 858 397 προτέρῳ
876 361 934 397 λαῷ

145 406 375 442 κατωρθωκότων.
399 405 443 432 Διὸ
456 406 696 442 ἁποθαυμάζοντες
709 407 757 443 τὴν
776 408 816 440 εἰς
829 406 934 443 ἀνθρώ-

144 462 212 485 πους
228 452 354 488 χυθεῖσαν
374 453 420 479 τοῦ
440 453 559 488 Χριστοῦ
573 453 652 489 χάριν
669 454 716 480 καὶ
731 453 785 480 τῶν
805 454 835 486 ἐξ
850 453 934 481 ἐθνῶν

144 497 306 534 σωζομένων
325 499 356 526 τὸ
374 499 485 533 πλῆθος,
514 499 564 534 τήν
586 508 616 525 τε
639 500 679 531 είς
697 500 828 536 οὐρανοὺς
846 500 935 526 αὐτῶν

142 544 305 580 ἁνάπτησιν,
322 543 370 580 τὴν
385 544 453 579 μετὰ
467 544 515 579 τὴν
527 544 615 576 ἔξοδον
626 544 672 571 τοῦ
686 544 743 579 βίου
758 545 823 580 φασί
833 553 839 560 '
857 545 934 578 Τίνες

143 589 212 621 οἰδεῖ
239 589 277 621 ὼς
297 589 406 624 νεφέλαι
427 589 569 622 πέτανται,
587 590 634 616 καὶ
654 589 692 621 ὡς
707 590 867 628 περιστεραὶ
887 591 935 618 σὺν

144 636 263 667 νεοσσοῖς
278 636 320 661 ἐπ’
337 635 398 671 ἐμέ.
410 645 420 662 ι

181 690 191 707 ‹
203 681 268 716 Ἐμὲ
275 681 303 708 αί
310 682 385 716 νῆσοι
393 681 552 717 ὑπέμειναν,
560 682 607 709 καὶ
618 681 696 708 πλοῖα
704 681 820 718 Θαρσεῖς
828 682 856 708 ἐν
866 681 936 718 πρώ-

143 735 209 758 τοις,
220 727 333 760 ἀγαγεῖν
343 726 377 753 τὰ
387 725 469 753 τέκνα
482 735 528 753 σου
544 725 689 762 μακρόθεν,
704 726 804 753 καὶτὸν
816 726 935 763 ἄργυρον

144 771 190 798 καὶ
197 771 242 797 τὸν
251 771 350 807 χρυσὸν
362 771 451 798 αὐτῶν
462 772 519 807 μετ’
530 772 630 804 αὐτῶν,
642 772 689 798 καὶ
699 772 742 799 διὰ
752 772 783 799 τὺ
795 772 936 807 ὅνομαΚυ-

146 815 202 851 ρίου
214 816 245 842 τὸ
260 816 347 850 ἅγιον,
359 816 404 843 καὶ
417 817 460 844 διὰ
469 817 500 844 τὺ
514 817 558 844 τὸν
567 817 643 852 ἅγιον
652 817 700 844 τοῦ
714 818 820 854 Ἰσραὴλ
831 818 935 852 ἔνδοξον

144 860 223 889 εἶναι.
236 871 246 887 ι
263 862 318 894 Τὰς
333 862 478 899 ἐκκλησίας
490 862 518 889 δέ
531 863 630 898 νήσους
646 864 693 891 καὶ
706 863 750 891 διὰ
765 864 819 890 τῶν
831 863 934 900 ἐμπροο

144 908 207 935 σθεν
217 909 232 935 ό
242 908 320 943 λόγος
339 909 459 945 ᾐνίττετο
471 910 621 945 σημαίνων.
637 911 712 937 Ἐπεὶ
723 910 813 937 τοίνυν
825 911 874 942 τὰς
885 911 935 936 ἐπ-

983 313 1103 348 adjuucti
1125 314 1230 341 scilicet
1254 320 1282 342 et
1305 314 1474 341 annumerati
1497 314 1581 341 choro
1601 320 1707 346 eorum,
1723 315 1770 348 qui

983 359 1010 386 in
1032 359 1121 394 prisco
1136 359 1181 387 illo
1200 360 1299 395 popqu
1316 361 1400 394 probe
1414 367 1443 388 se
1460 364 1614 396 gesserunt.
1625 359 1769 393 Quocirca.

983 403 1096 431 effusam
1113 403 1214 432 Christi
1245 405 1272 432 in
1301 405 1424 433 homines
1451 406 1566 441 gratiam
1593 406 1770 440 admirantes,

984 457 1090 477 necnott
1112 451 1243 485 gentium,
1259 459 1320 486 qua:
1335 451 1447 479 salutem
1464 451 1599 484 obtinent,
1617 452 1772 480 multitudi-

984 502 1058 528 nem,
1075 503 1223 531 eorumque
1248 501 1309 531 post
1326 502 1440 525 mortem
1468 498 1502 525 ad
1525 498 1624 526 coelum
1639 499 1770 534 volatum,

985 540 1088 571 dicunt,
1103 550 1112 566 ι
1126 540 1241 574 Quinam
1256 543 1282 569 hi
1297 544 1381 570 sunt?
1400 548 1429 570 ut
1441 543 1526 572 nubes
1537 543 1640 578 volant,
1653 549 1681 573 et
1701 545 1770 573 sicut

984 587 1115 615 columbae
1131 595 1192 615 cum
1205 588 1285 623 pullis
1297 597 1377 625 super
1393 597 1445 618 me.
1459 598 1470 616 ι

1020 677 1103 705 Vens.
1126 677 1153 705 9.
1177 686 1187 704 ‹
1212 677 1253 706 Me
1282 678 1376 706 insulae
1405 685 1609 715 exspectarunt,
1639 687 1667 711 et
1690 688 1784 712 nave’r

986 722 1098 751 Tharsis
1113 723 1139 751 in
1156 725 1299 758 primis,ut
1315 724 1450 752 adducant
1469 726 1538 754 tllios
1558 731 1617 755 tuos
1631 728 1665 756 de
1681 728 1782 764 longe,

986 773 1013 796 et
1024 775 1164 805 argentum
1181 775 1209 798 et
1228 778 1323 798 aurum
1339 778 1432 799 eorum
1448 780 1508 799 cum
1529 773 1580 806 eis,
1597 778 1707 808 propter
1725 783 1772 803 no-

986 823 1046 842 men
1061 815 1166 843 Domini
1181 822 1315 851 sanctum,
1331 822 1358 844 et
1372 822 1401 844 ut
1415 823 1527 846 sanctus
1543 818 1625 846 lsrael
1641 819 1772 854 gloriosus

986 861 1031 888 sit.
1053 871 1063 887 ι
1085 861 1221 889 Ecclesias
1235 869 1299 890 vero
1325 863 1352 889 in
1378 864 1593 897 praecedentibus
1610 872 1658 898 per
1671 865 1773 892 insulas

987 905 1142 933 adumbrari
1158 907 1337 941 signiﬁcabat.
1357 908 1424 942 Quia
1440 910 1523 944 igitur
1540 911 1671 945 promissa
1687 912 1773 945 patri-

143 954 314 990 ηγγελμένας
333 955 402 991 πρὸς
420 956 483 988 τοὺς
501 955 621 992 πατέρας
641 956 806 991 ἐπαγγελίας
827 956 855 982 αἱ
885 956 929 983 ἐκ-

988 959 1029 978 )us
1045 951 1114 978 facta
1137 951 1263 980 Ecclesiae
1282 954 1340 986 Dei,
1368 955 1530 989 prophetias-
1542 956 1708 990 evolventes,
1723 965 1773 984 ex-

143 999 254 1035 sul-quiat
268 999 316 1026 τοῦ
329 999 396 1026 Θεοῦ
414 999 465 1032 τὰς
479 1001 647 1037 προφητείας
666 1001 837 1037 διερχόμεναι
851 1009 934 1037 προσ-

143 1045 254 1077 εδόκων,
266 1045 378 1077 είκὸτως
388 1045 500 1081 φησίν·;ι
512 1046 576 1081 Ἐμέ
588 1047 664 1083 νῆσοι
679 1047 837 1083 ὑπέμειναν.
851 1048 935 1075 Ηλοῖα

144 1089 273 1125 Θαρσεῖς·
288 1099 296 1116 ι
311 1090 458 1117 αἰνίττεται
473 1090 508 1117 τὰ
524 1091 637 1126 σώματα
648 1088 688 1124 οἷς
702 1092 866 1129 ἐπενήξαντο
885 1101 934 1120 κα-

144 1135 179 1162 τὰ
193 1136 239 1163 τὸν
257 1136 351 1172 θνητὸν
368 1136 426 1173 βίον
446 1138 474 1164 αἱ
485 1137 578 1173 ψυχαί.
601 1138 717 1173 Θαρσεῖς
739 1138 767 1165 δέ
779 1138 934 1174 ἀλλοφύλων

145 1181 226 1209 πάλιν
241 1182 371 1218 ἐτύγχανε
390 1182 482 1219 χώρα·
500 1183 540 1211 διὸ
560 1183 625 1219 περὶ
642 1184 796 1219 ἀλλοφύλων
813 1185 934 1212 ἀπίστων

145 1228 252 1264 εἴρηταί
265 1237 316 1255 που
326 1237 333 1244 ·
353 1238 363 1255 ‹
375 1229 419 1256 Ἑν
433 1230 567 1265 πνεύματι
592 1230 671 1266 βιαίῳ
689 1231 843 1267 συντρίψεις
856 1231 935 1259 πλοῖα

145 1273 271 1310 Θαρσεῖς.
285 1284 294 1301 ι
318 1274 386 1301 Ἀλλ’
398 1276 486 1302 ἐκεῖνο
505 1276 554 1311 μέν
570 1276 741 1312 συνετρίϐετο
752 1285 759 1293 ”
775 1277 892 1305 ἐνταῦθα
906 1277 935 1305 δὲ

145 1319 180 1346 τὰ
195 1320 277 1347 τέκνα
292 1319 343 1355 τῆς
361 1320 480 1353 παλαιᾶς
501 1321 677 1357 Ἰερουσαλὴμ
689 1322 723 1349 τὰ
741 1322 770 1356 ἐξ
788 1323 872 1350 ἐθνῶν
888 1323 935 1350 αὑ-

144 1366 179 1401 τῇ
197 1366 400 1402 προσγενόμενα
415 1367 507 1398 αὐτοῖς
527 1366 629 1399 πλοίοις
648 1368 784 1404 μακρόθεν
804 1369 872 1404 πρὸς
891 1369 937 1397 αὐ-

144 1410 195 1446 τὴν
210 1410 269 1446 ἥξει
278 1419 285 1426 ·
301 1412 450 1444 τουτέστιν,
463 1412 554 1444 αὐτοῖς
568 1412 692 1449 σώμασιν
705 1415 752 1441 ἐπὶ
766 1415 796 1441 τὸ
813 1416 936 1450 κρεῖττον

147 1456 348 1492 μεταϐληθεῖσι.
363 1457 475 1490 ’Ἦξουσι
497 1459 586 1486 τοίνυν
605 1460 696 1492 αὐτοῖς
709 1462 765 1493 τοῖς
778 1461 899 1497 σώμασιν
911 1463 936 1488 οί

146 1502 340 1538 προλεχθέντες
357 1504 406 1536 τὰς
427 1506 487 1532 κατ’
503 1505 604 1542 ἀρετὴν
626 1505 738 1543 πράξεις
753 1508 872 1544 ἄργυρον
891 1508 937 1535 καὶ

147 1547 247 1582 χρυσὸν
259 1548 460 1586 ὀνομαζομένας
471 1551 645 1588 ἐπαγόμενοι.
663 1552 780 1588 Πράξεις
788 1553 816 1580 δέ
828 1551 880 1580 οἶδε
891 1553 937 1580 τὸν

147 1593 246 1629 χρυσὸν
258 1595 304 1622 καὶ
319 1595 364 1622 τὸν
378 1595 498 1632 ἄργυρον
511 1597 526 1623 ὁ
545 1597 714 1630 Ἀπόστολος.

986 997 1163 1030 spectabant,
1186 997 1249 1033 jure
1274 998 1323 1031 ait,
1348 1008 1357 1024 ι
1378 999 1419 1027 Me
1446 1000 1541 1028 insulae
1568 1007 1773 1036 exspectarunt.

986 1041 1073 1069 Naves
1083 1041 1217 1075 Tharsis;
1235 1052 1244 1069 ι
1262 1043 1304 1071 his
1320 1044 1473 1072 subindicat
1496 1053 1621 1081 corpora,
1633 1046 1660 1073 in
1676 1047 1773 1081 quibus

986 1088 1135 1115 enatabant
1162 1089 1260 1116 animae
1286 1089 1312 1117 in
1337 1090 1388 1117 hac
1406 1091 1512 1118 mortali
1535 1092 1591 1119 vita
1608 1093 1773 1121 constituite.

988 1132 1099 1161 Tharsis
1119 1134 1183 1162 item
1213 1135 1425 1171 alienigenarum
1449 1138 1571 1172 gentium
1594 1138 1668 1173 regio
1692 1144 1773 1167 erat:

990 1185 1075 1212 quare
1088 1179 1121 1206 de
1138 1179 1285 1207 incredulis
1300 1180 1458 1216 alienigenis
1475 1181 1572 1209 alicubi
1588 1183 1697 1215 dicitur,
1721 1192 1731 1209 ι
1745 1183 1773 1210 lit

988 1224 1083 1259 spiritu
1099 1225 1252 1253 vehementi
1268 1232 1392 1254 conteres
1407 1234 1490 1255 naves
1508 1227 1620 1255 Tharsis
1632 1229 1666 1256 ³⁸.
1689 1237 1698 1254 ι
1719 1228 1774 1256 Sed

989 1269 1053 1303 illud
1074 1270 1183 1305 quidem
1207 1272 1420 1299 conterebatur:
1435 1272 1481 1300 hic
1503 1280 1568 1301 vero
1591 1273 1638 1302 lilii
1658 1276 1775 1312 antiqua:

989 1315 1061 1342 illius
1075 1315 1236 1350 Jerusalem,
1252 1317 1298 1352 qui
1315 1325 1350 1344 ex
1373 1318 1499 1352 gentibus
1513 1321 1546 1346 ad
1562 1327 1622 1347 eam
1645 1322 1775 1349 accedent

988 1361 1082 1396 procul
1102 1367 1127 1388 el
1143 1362 1176 1389 ad
1191 1361 1278 1397 ipsam
1294 1363 1429 1397 appellent
1441 1365 1509 1392 vecti
1528 1365 1653 1398 navibus,
1677 1367 1704 1394 id
1722 1373 1774 1402 est,

989 1408 1149 1443 corporibus
1173 1409 1199 1436 in
1216 1409 1313 1449 melius
1329 1411 1512 1438 commutatis.
1543 1412 1610 1440 Cum
1629 1413 1694 1448 ipsis
1709 1421 1776 1450 ergo

989 1454 1148 1489 corporibus
1161 1455 1279 1488 praedicti
1297 1456 1415 1490 venient,
1436 1464 1517 1491 opera
1532 1465 1592 1485 cum
1604 1459 1704 1487 virtute
1718 1460 1777 1487 edi-

989 1505 1027 1533 ta,
1043 1508 1139 1527 aurum
1158 1505 1185 1528 et
1210 1506 1354 1536 argentum
1381 1503 1461 1535 dicta,
1487 1504 1661 1533 advehentes.
1686 1505 1775 1542 Opera

990 1553 1054 1573 vero
1067 1553 1115 1582 pro
1128 1553 1194 1574 auro
1206 1551 1233 1575 et
1249 1552 1360 1582 argento
1371 1548 1470 1583 accipit
1481 1549 1634 1584 Apostolus.

186 1650 195 1667 ι
205 1642 259 1668 Καὶ
277 1642 497 1678 οίκοδομήσουσιν
509 1642 662 1678 ἁλλογενεῖς
675 1644 710 1672 τὰ
729 1645 805 1681 τείχη
819 1654 876 1678 σου,
891 1644 937 1672 καὶ

1024 1648 1107 1676 Vens.
1125 1648 1167 1682 10,
1184 1649 1227 1676 ll.
1247 1657 1256 1675 ι
1274 1648 1307 1677 Et
1320 1648 1492 1678 aediﬁcabant
1509 1651 1667 1686 alienigeme
1683 1660 1775 1680 muros

146 1687 172 1713 οι
188 1687 307 1722 βασιλεῖς
322 1688 412 1715 αὐτῶν
422 1689 644 1725 παραστήσονταί
662 1699 713 1718 σοι.
728 1691 777 1717 Διὰ
790 1691 844 1727 γὰρ
854 1692 939 1728 ὀργήν

149 1742 199 1768 μου
219 1733 342 1766 ἐπάταξα
354 1743 394 1766 σε,
417 1736 464 1762 καὶ
478 1735 522 1763 διὰ
531 1736 604 1763 ἔλεον
618 1736 751 1772 ἠγάπησά
766 1745 806 1764 σε.
822 1737 876 1764 Καὶ
890 1738 938 1765 ἀν-

146 1780 318 1815 οιχθήσονται
331 1780 359 1806 αἱ
370 1779 452 1807 πύλαι
465 1789 511 1808 σου
524 1781 568 1808 διὰ
582 1781 690 1814 παντὸς,
704 1781 810 1817 ἡμέρας
829 1782 876 1809 καὶ
896 1792 940 1810 νυ-

147 1825 212 1857 me;
228 1825 258 1851 οὺ
276 1825 489 1862 κλεισοήσονται,
509 1828 667 1862 εἰσαγαγεῖν
692 1828 760 1864 πρὸς
776 1828 806 1854 σέ
825 1827 939 1865 δύναμιν

148 1870 244 1902 ἐθνῶν,
259 1871 306 1897 καὶ
325 1870 444 1906 βασιλεῖς
457 1873 545 1900 αὐτῶν
558 1874 717 1908 ἀγομένους.
734 1883 744 1900 ι
760 1874 815 1901 Καὶ
828 1874 894 1901 αὐτὸ
906 1875 940 1901 δι’

148 1916 238 1952 ἔργων
257 1917 465 1952 ἐπιτελούμενον
479 1918 538 1954 ὕψει
552 1919 702 1956 ἐπιστήσας
714 1920 759 1948 τὸν
774 1920 846 1954 νοῦν,
859 1921 896 1954 ὡς
910 1921 942 1955 ἐξ

149 1962 302 1997 ἀλλογενῶν
317 1963 364 1990 καὶ
378 1963 533 1999 ἀλλοφύλων
547 1964 631 1992 ἐθνῶν
649 1966 699 2001 τῆς
717 1966 879 2002 Ἐκκλησίας
891 1967 939 1994 τοῦ

149 2007 217 2034 Θεοῦ
240 2008 412 2043 προεστῶτες
429 2009 526 2045 ἄνδρες
543 2010 727 2044 διδασκαλίαις
741 2013 940 2048 περιφράττου-

151 2060 203 2085 σιν,
217 2052 311 2088 ὥσπερ
326 2053 380 2080 τισὶ
394 2054 546 2090 περιϐόλοις
561 2056 608 2082 καὶ
619 2057 739 2092 τείχεσιν
758 2057 939 2093 ἀσφαλιζόμε-

149 2107 192 2126 tm
208 2098 252 2125 τὸν
266 2099 316 2134 τῆς
336 2099 492 2133 θεοσεϐείας
508 2100 596 2136 λόγον,
615 2102 655 2134 εις
671 2102 702 2129 τὸ
724 2102 761 2138 μὴ
780 2103 941 2139 παρεισδύε-

151 2144 212 2172 σθαι
227 2145 292 2177 τοὺς
307 2145 462 2181 ἀλλοτρίους
477 2147 526 2183 τῆς
540 2147 668 2180 πίστεως,
684 2148 752 2184 μηδέ
766 2148 858 2184 χώραν
869 2148 940 2184 ἔχειν

150 2190 295 2227 ἐπιϐουλῆς
309 2191 379 2219 κατὰ
389 2192 442 2218 τῶν
458 2193 508 2228 τῆς
520 2192 649 2228 ἀληθείας
659 2193 812 2230 δογμάτων.
830 2195 862 2222 Οῐ
874 2194 940 2230 γοῦν

150 2236 205 2263 τῶν
222 2237 383 2272 Ῥωμαϊκῶν
403 2239 552 2274 ταγμάτων
567 2239 708 2274 ἄρχοντες,
728 2240 774 2267 καὶ
798 2240 852 2267 τῶν
876 2249 942 2277 κρα-

151 2283 270 2310 τούντων
286 2284 417 2319 βασιλέων
439 2285 454 2311 ὁ
468 2284 549 2319 φόϐος
570 2285 605 2312 τὰ
625 2286 730 2321 μεγάλα
755 2287 938 2322 συμϐάλλεται

152 2329 222 2364 πρὸς
241 2329 394 2365 ἀνατροπὴν
407 2329 461 2356 τῶν
479 2330 664 2358 ἐπιϐουλεύειν
676 2333 709 2368 τῇ
729 2332 876 2369 Ἐκκλησίᾳ
892 2333 938 2360 τοῦ

152 2374 220 2401 Θεοῦ
234 2375 420 2411 πειρωμένων.
433 2376 519 2403 Πύλαι
534 2377 563 2404 δὲ
577 2377 628 2412 τῆς
643 2377 689 2404 τοῦ
701 2378 768 2405 Θεοῦ
784 2378 888 2411 πόλεως
900 2379 942 2406 τί-

150 2429 196 2452 νες
211 2420 244 2447 ἂν
256 2418 310 2448 εἶεν
322 2421 339 2457 ἢ
355 2423 382 2449 αἰ
400 2422 578 2458 στοιχειώδεις
589 2424 637 2451 καὶ
652 2424 805 2451 είσακτικαὶ
818 2425 942 2453 διδασκα-

150 2466 221 2499 λίαι;
236 2467 285 2494 Διὰ
298 2468 394 2500 νυκτὸς
408 2468 455 2495 καὶ
467 2469 586 2505 ἡμέρας,
602 2470 695 2506 φησὶν,
711 2470 846 2506 ὴνεῷχθαι
858 2472 941 2498 πᾶσιν

151 2511 305 2547 ἀνθρώποις
317 2513 384 2549 πρὸς
397 2514 427 2540 τὸ
440 2515 545 2547 πάντας
560 2515 728 2551 εἰσδέχεσθαι
740 2517 802 2549 τοὺς
816 2516 845 2549 ἐξ
859 2517 941 2544 ἀπάν-

149 2566 203 2585 των
225 2557 280 2584 τῶν
302 2558 386 2586 ἐθνῶν
410 2559 544 2587 θεοσεϐεῖν
568 2561 785 2598 προῃρημένους.
807 2563 941 2598 Δυνάμεις

151 2603 199 2638 μὲν
216 2601 263 2631 οὖν
276 2604 330 2631 τῶν
342 2605 426 2631 ἐθνῶν
439 2606 506 2632 εἰσιν
525 2607 550 2633 οί
569 2607 712 2644 δυνάμενοι
727 2608 816 2643 λέγειν
826 2617 832 2624 ·
850 2617 860 2634 t
870 2609 941 2636 Πάν-

148 2657 182 2676 τα
199 2650 285 2685 ίσχύω
301 2651 330 2677 ἐν
346 2650 385 2686 τῷ
402 2651 593 2688 ἐνδυναμοῦντί
613 2662 646 2689 με
657 2662 664 2669 ·
680 2663 689 2680 ι
715 2653 834 2689 βασιλεῖς
847 2654 875 2680 δὲ
891 2655 939 2681 αὑ-

149 2696 205 2722 τῶν
221 2697 246 2722 οί
259 2695 393 2733 ἐξαίρετοι
410 2697 458 2724 καὶ
471 2698 520 2733 τῆς
532 2698 694 2735 ἐπουρανίου
709 2700 846 2736 βασιλείας
857 2699 936 2732 ἄξιοι.

152 2741 223 2777 Ἤδη
236 2742 265 2768 δέ
277 2743 324 2769 καὶ
334 2745 506 2779 σωματικοὺς
523 2744 666 2781 Ῥωμαίων
680 2746 881 2782 αὐτοκράτορας
892 2746 939 2773 καὶ

153 2786 273 2822 βασιλεῖς
286 2788 357 2823 ὁρῶν
371 2797 412 2820 τις
435 2788 633 2825 ὑποτρέχοντας
647 2791 696 2825 τῆς
716 2790 876 2825 Ἐκκλησίας
892 2789 939 2816 τοῦ

153 2832 221 2860 Θεοῦ
234 2833 284 2865 τὰς
291 2833 388 2866 πύλας,
400 2834 513 2863 καὶτῶν
521 2835 587 2861 εἴσω
599 2836 689 2862 πυλῶν
706 2836 861 2872 μυστηρίων
875 2845 940 2863 κατ-

955 2305 978 2333 D

988 1699 1060 1728 tuos.
1077 1700 1106 1723 et
1123 1703 1201 1732 reges
1215 1703 1308 1724 eorum
1331 1697 1459 1725 astabunt
1486 1697 1545 1725 tibi.
1577 1698 1690 1733 Propter
1706 1698 1774 1726 iram

989 1742 1061 1769 enim
1083 1749 1171 1769 meam
1193 1742 1313 1777 percussi
1330 1747 1368 1776 te,
1387 1747 1414 1770 et
1437 1748 1548 1778 propter
1561 1744 1775 1772 misericordiam

989 1787 1070 1815 dilexi
1091 1792 1126 1815 te.
1145 1787 1177 1815 Et
1191 1789 1348 1823 aperientur
1372 1794 1456 1824 porta:
1473 1795 1525 1817 tute
1547 1797 1663 1824 semper,
1676 1791 1720 1818 die
1744 1798 1777 1818 ac

989 1838 1068 1861 nocte
1083 1841 1135 1861 non
1148 1833 1319 1866 claudentur,
1338 1839 1368 1862 ut
1384 1835 1514 1862 inducant
1535 1836 1568 1862 ad
1588 1840 1613 1862 te
1628 1837 1775 1871 potentiam

989 1879 1121 1914 gentium,
1139 1884 1165 1906 et
1184 1887 1262 1914 reges
1281 1887 1374 1907 earum
1395 1880 1489 1908 duces.
1507 1889 1517 1907 ι
1548 1881 1580 1908 Et
1596 1881 1648 1909 hoc
1668 1889 1698 1909 re
1713 1890 1776 1917 per-

990 1929 1080 1951 actum
1101 1925 1202 1958 videas,
1217 1925 1240 1952 si
1252 1925 1344 1953 animo
1361 1926 1497 1958 attendas,
1520 1934 1552 1954 ex
1574 1927 1734 1962 alienigenis
1749 1934 1778 1956 et

990 1970 1124 1998 extraneis
1148 1971 1274 2005 gentibus
1297 1973 1372 1999 viros
1404 1969 1534 2000 Ecclesiae
1560 1973 1606 2000 Dei
1636 1974 1778 2007 praefectos

990 2017 1076 2051 ipsam
1083 2016 1204 2044 doctrina
1219 2017 1444 2053 circummunire,
1454 2019 1504 2053 pia:
1515 2018 1651 2053 religionis
1664 2021 1777 2047 verbum

990 2062 1067 2097 quasi
1079 2067 1155 2098 septo
1174 2067 1201 2090 et
1217 2070 1297 2091 muro
1313 2067 1443 2096 tutantes,
1462 2071 1495 2092 ne
1519 2064 1600 2092 alieni
1619 2073 1632 2091 a
1649 2065 1701 2093 tlde
1718 2067 1778 2094 sub-

991 2111 1096 2142 repant,
1105 2114 1173 2134 neve
1184 2107 1272 2135 locum
1285 2107 1404 2135 habeant
1421 2108 1533 2136 insidias
1545 2113 1641 2138 contra
1654 2110 1779 2138 veritatis

990 2153 1116 2188 dogmata
1133 2153 1257 2188 parandi.
1289 2153 1472 2182 Romanorum
1492 2156 1592 2190 quippe
1609 2156 1777 2183 exercituum

990 2199 1137 2234 principes,
1161 2206 1194 2226 ac
1215 2199 1407 2234 imperantium
1433 2207 1527 2235 regum
1550 2205 1639 2228 metus
1661 2201 1780 2228 maxime

990 2245 1134 2272 conferunt
1159 2244 1192 2272 ad
1208 2244 1396 2280 depellendum
1417 2251 1475 2277 eos,
1505 2245 1551 2279 qui
1579 2245 1706 2274 Ecclesia:
1733 2247 1779 2275 Dei

992 2290 1106 2318 insidias
1120 2294 1237 2318 struunt.
1261 2290 1349 2318 Porta:
1377 2295 1469 2318 autem
1487 2291 1606 2319 civitatis
1629 2291 1687 2324 Dei,
1703 2299 1780 2326 qua:-

991 2344 1054 2363 Iam
1069 2336 1180 2368 fuerint,
1190 2335 1241 2363 nisi
1253 2335 1431 2364 elementares
1443 2336 1495 2364 illa
1503 2341 1531 2364 et
1546 2337 1664 2364 initiales
1676 2337 1762 2365 doctri
1777 2354 1780 2358 ~

991 2382 1049 2409 me?
1063 2381 1146 2409 Nocte
1155 2386 1182 2409 et
1194 2381 1248 2414 die,
1260 2382 1359 2417 inquit,
1373 2382 1498 2410 omnibus
1514 2383 1668 2410 hominibus
1678 2388 1779 2418 aperta:

991 2431 1066 2460 sunt,
1081 2432 1111 2455 ut
1136 2427 1273 2462 excipiant
1288 2434 1335 2456 eos
1362 2436 1396 2455 ex
1415 2429 1542 2456 omnibus
1567 2428 1703 2464 gentibus,
1731 2429 1778 2464 qui

992 2473 1076 2501 Deum
1094 2474 1183 2502 colere
1198 2474 1225 2501 in
1242 2475 1380 2509 proposito
1393 2474 1504 2502 habent.
1519 2474 1642 2503 Potentia
1658 2476 1778 2511 gentium

992 2522 1057 2545 sunt
1073 2518 1090 2546 ii
1105 2519 1149 2553 qui
1164 2519 1254 2547 dicere
1268 2520 1370 2550 valent.
1385 2529 1394 2546 ε
1405 2519 1500 2547 Omnia
1516 2527 1624 2555 possum
1640 2520 1667 2548 in
1681 2527 1714 2548 eo
1731 2521 1778 2555 qui

994 2570 1037 2590 me
1065 2563 1199 2590 confortat
1214 2563 1255 2591 “:
1274 2573 1284 2590 ι
1306 2571 1383 2599 reges
1404 2572 1498 2592 earum
1517 2565 1534 2592 ii
1561 2569 1625 2593 sunt
1644 2565 1689 2600 qui
1713 2572 1778 2600 pm-

993 2608 1137 2636 stautiores
1163 2613 1191 2636 et
1212 2609 1315 2637 caelesti
1339 2617 1422 2645 regno
1449 2609 1522 2645 digni
1549 2610 1692 2638 habentur.
1718 2610 1778 2640 iam

993 2662 1074 2690 vero,
1102 2663 1164 2683 cum
1195 2664 1324 2692 corporeo
1346 2664 1422 2684 more
1446 2661 1572 2691 acceptos
1595 2656 1778 2684 Romanorum

991 2700 1168 2735 imperatores
1182 2702 1298 2729 vidimus
1311 2702 1345 2728 ad
1363 2701 1491 2729 ecclesias
1511 2702 1557 2729 Dei
1574 2706 1778 2734 concurrentes.

991 2749 1019 2773 et
1037 2747 1226 2781 mysteriorum
1241 2754 1301 2781 quae
1321 2746 1390 2774 intra
1401 2746 1499 2781 januas
1512 2751 1679 2782 peraguntur
1693 2746 1784 2782 parti-l'

992 2791 1076 2824 cipes,
1095 2792 1230 2827 quomodo
1258 2791 1378 2820 vaticinii
1398 2791 1540 2820 veritatem
1567 2800 1621 2820 non
1647 2792 1780 2822 conﬁtea-

994 2837 1072 2864 mur?

153 2879 338 2916 αξιουμένους,
357 2878 416 2912 πῶς
434 2880 484 2906 οὐκ
499 2879 626 2916 ἀλήθειαν
646 2882 814 2917 μαρτυρήσει
833 2881 871 2917 τῷ
885 2881 1068 2918 θεσπίσματι;

142 2942 153 2959 ς
193 2926 232 2953 "l
256 2926 349 2955 Thess.
363 2935 398 2961 iv,
415 2926 458 2955 l6.
496 2928 519 2944 '°
530 2927 686 2964 Psal.vau,
701 2928 728 2957 8.
775 2931 795 2946 ¹¹
812 2929 925 2965 Philipp.
943 2938 978 2963 ιν,
993 2931 1034 2958 l5.
