2061 3215
320 199 374 228 495

664 197 800 226 Ευδειιιι
820 196 1059 225 (ΞΔΕΞἈΒΙΕΝΒΒ
1078 195 1153 225 OPP.
1175 196 1265 223 PARS
1285 195 1328 223 ΙΙΙ.
1349 211 1383 215 —
1402 195 1609 224 EXEGETICA.

1892 200 1939 230 ‘96

356 258 438 286 Vens.
464 259 509 290 12,
525 258 568 285 l5.
587 267 596 284 ι
611 257 711 285 Gentes
737 258 809 286 enim
836 263 864 285 et
892 265 979 293 reges,
996 258 1042 293 qui
1059 258 1096 285 tib

1197 267 1206 284 ι
1218 257 1258 284 Τά
1266 257 1320 293 γὰρ
1331 257 1395 293 ἔθνη
1403 257 1450 284 καὶ
1460 258 1483 284 οἱ
1493 257 1623 293 βασιλεῖς,
1630 257 1727 290 οἵτινες
1736 258 1767 284 οὐ
1780 257 1940 288 δουλεύσουσι

322 313 374 332 non
393 305 526 336 servient,
546 304 683 339 peribunt,
713 309 741 330 et
759 309 853 339 gentes
873 304 999 331 vastitate
1018 309 1107 331 vasta-

320 351 431 378 liuntur.
444 349 477 377 Et
490 350 576 384 gloria
597 349 694 377 Libani
718 350 752 377 ad
773 355 800 377 te
815 350 915 383 veniet,
931 351 956 377 in
970 350 1108 385 cyparisso

317 401 345 423 et
357 397 421 431 pinu
435 400 463 424 et
476 396 557 423 cedro
569 395 660 426 simul.
674 395 707 422 ad
724 396 928 430 gloriﬁcandutn
942 397 1031 424 locum
1044 404 1107 424 san-

318 448 391 470 etum
404 450 504 470 meum.
526 452 535 468 ι
553 441 620 469 Nam
648 442 761 469 salutari
779 446 806 469 et
823 442 1003 476 pulcherrima
1017 442 1106 470 servi-

319 492 376 516 tute
392 488 495 515 civitati
512 487 558 515 Dei
576 488 746 515 serviendum
761 488 951 521 cst,videlicet
967 488 1105 522 Ecclesiae,

317 538 345 560 et
361 534 411 568 piae
427 533 560 568 religioni,
575 541 634 568 quae
650 533 676 560 in
690 540 721 560 ea
737 534 846 565 colitur,
863 534 1052 568 pulcherrima:
1078 539 1106 562 et

318 579 476 607 celsissimae
489 577 585 606 Libani
600 578 711 606 arbores
735 579 902 612 deferentur,
920 585 948 607 ut
960 580 1014 608 illis
1029 580 1105 609 locus

317 632 426 654 sanctus
443 633 520 653 meus
535 626 622 660 gloria
641 625 784 654 alliciatur.
794 625 873 653 Tales
884 631 974 653 autem
995 626 1105 660 fuerint,

316 671 414 698 eruditi
430 671 479 698 viri
496 678 529 698 ex
546 671 683 705 gentibus,
698 671 831 706 sapientia
851 672 941 700 saculi
957 672 1036 707 huius
1053 673 1105 701 im-

314 718 384 750 buti,
402 725 471 752 quos
497 718 524 744 in
552 716 673 744 Ecclesia
691 716 738 744 Dei
754 716 893 752 ﬂorentes,
909 726 942 746 ac
969 720 1105 747 sermonis

315 769 445 798 apparatu
461 764 546 798 ipsam
562 768 691 790 ornantes
707 764 891 798 conspicatus,
916 765 1074 800 neutiquaut
1089 772 1105 792 a

315 817 380 837 vero
396 810 518 842 aberres,
544 809 567 837 si
586 809 660 836 dicas
682 817 729 837 eos
755 809 898 846 allegorice
927 818 1012 844 more,
1033 811 1105 846 ligna

314 855 423 888 Libani,
451 857 614 891 cyparissos,
630 856 709 889 pinus
730 861 758 883 et
776 857 872 884 cedros
893 858 984 885 vocari
1002 865 1010 883 :
1027 858 1104 892 queis

314 903 391 930 locus
409 908 520 930 sanctus
535 903 582 930 Dei
605 910 709 930 necnon
730 903 847 938 vestigia
866 904 964 938 pedum
979 904 1046 938 ejus,
1063 904 1102 931 vi-

314 948 410 976 delicet
422 948 555 982 Ecclesia,
568 949 744 984 gloriﬁcatur.

348 1081 429 1110 Vens.
447 1081 492 1108 Η.
508 1089 519 1107 ι
539 1081 573 1108 Et
589 1080 666 1108 ibunt
688 1079 722 1107 ad
740 1085 766 1108 te
782 1080 908 1108 timentes
927 1080 974 1108 lilii
993 1087 1100 1113 eorum,

310 1128 357 1162 qui
379 1133 405 1156 te
421 1127 644 1158 humiliaverunt,
664 1130 692 1153 et
708 1125 882 1154 irritaverunt
896 1136 902 1153 :
916 1131 943 1154 et
960 1127 1101 1154 vocaberis

311 1174 411 1201 civitas
428 1172 506 1205 Sion,
527 1172 614 1200 sancti
634 1171 729 1200 lsrael.
746 1182 756 1198 ι
778 1172 811 1199 Et
831 1179 896 1200 sane
911 1172 1010 1200 multos
1026 1173 1102 1200 novi-

311 1227 372 1247 mus
389 1227 423 1246 ex
439 1219 484 1250 iis,
499 1219 544 1253 qui
561 1218 625 1246 olim
643 1218 670 1245 in
684 1218 834 1246 Ecclesiam
850 1218 1007 1254 blasphcma
1019 1217 1100 1246 verba

311 1264 492 1299 protulerunt,
509 1265 648 1299 ipsamque
664 1265 848 1298 irritaverant,
862 1265 907 1300 qui
923 1265 978 1299 jam
996 1268 1099 1291 mutata

310 1310 454 1344 sententia,
472 1310 556 1338 Deum
575 1311 601 1337 in
618 1317 650 1338 ea
674 1311 816 1338 adoratum
832 1315 974 1338 venerunt.

345 1401 427 1430 Vens.
444 1402 540 1430 -15-17.
564 1411 574 1428 ι
593 1402 661 1436 Quia
677 1401 751 1429 fuisti
776 1400 915 1432 derelicta,
931 1404 959 1426 ct
975 1399 1037 1427 odio
1052 1399 1100 1426 lia-

309 1448 376 1482 bita,
393 1454 421 1476 et
435 1456 488 1476 non
507 1453 566 1476 erat
581 1449 627 1483 qui
651 1447 842 1475 auxiliaretur.
863 1445 897 1473 Et
912 1453 1010 1481 ponam
1031 1445 1099 1472 tein

307 1494 519 1522 exsultationem
546 1494 751 1529 sempiternam,
768 1493 795 1520 in
814 1492 934 1519 lzetitiam
950 1491 1098 1527 generatio-

309 1541 389 1569 nibus
402 1540 622 1576 generationum,
635 1544 663 1568 et
681 1546 762 1575 suges
782 1539 823 1566 lac
838 1538 971 1573 gentium,
989 1541 1016 1565 et
1034 1537 1098 1564 divi-

309 1589 360 1616 tias
371 1595 464 1623 regum
480 1587 616 1616 comedes.
639 1586 673 1614 Et
698 1592 858 1620 cognosces,
881 1584 944 1620 quia
966 1591 1016 1618 ego
1037 1590 1096 1610 sum

1161 311 1212 336 σοι,
1226 302 1401 335 ἀπολοῦνται,
1419 303 1466 329 καὶ¹
1486 303 1521 329 τὰ
1532 302 1596 339 ἔθνη
1610 303 1713 340 ἐρημίᾳ
1729 304 1940 342 ἐρημωθήσεται.

1159 350 1214 376 Kal
1225 350 1241 385 ή
1254 349 1317 382 δόξα
1328 349 1376 376 τοῦ
1391 349 1507 376 Λιϐάνου
1523 350 1591 386 πρὸς
1608 350 1637 376 σὲ
1651 349 1712 385 ἥξει
1732 350 1762 376 ὲν
1778 352 1940 389 κυπαρίσσῳ,

1159 395 1206 422 καὶ
1221 395 1322 432 πεύκῃ,
1349 395 1397 422 καὶ
1424 395 1511 430 κέδρῳ
1537 395 1606 431 ἅμα,
1623 395 1731 428 δοξάσαι
1751 396 1798 423 τὸν
1809 396 1888 425 τόπον
1901 399 1942 426 τὸν

1158 441 1237 475 ἅγιόν
1253 450 1313 477 μου.
1337 450 1346 467 ι
1365 440 1512 468 Δουλεῦσαι
1528 442 1582 478 γὰρ
1609 442 1650 468 δεῖ
1672 441 1721 478 τὴν
1745 443 1876 479 σωτήριον
1900 444 1942 472 καὶ

1158 486 1304 521 καλλίστην
1331 486 1453 513 δουλείαν
1473 487 1505 522 τῇ
1522 485 1569 513 τοῦ
1588 486 1656 513 Θεοῦ
1677 487 1763 520 πόλει,
1780 487 1853 522 λέγω
1868 488 1896 515 δὲ
1912 490 1941 524 τῇ

1164 532 1322 568 Ἐκκλησία,
1339 532 1386 558 καὶ
1406 532 1445 567 τῷ
1465 533 1494 559 ὲν
1506 533 1574 568 αὐτῇ
1588 532 1709 559 θεοσεϐεῖ
1722 533 1897 570 πολιτεύματι
1910 534 1941 562 τὰ

1156 578 1289 605 κάλλιστα
1302 577 1347 604 καὶ
1364 577 1517 612 ὑψηλότατα
1529 577 1582 604 τῶν
1599 578 1627 604 ὲν
1639 577 1679 613 τῷ
1691 578 1800 614 Λιϐάνῳ
1814 579 1884 614 φυτά
1900 588 1940 607 κο-

1158 624 1328 660 μισθήσεται,
1355 624 1395 655 είς
1419 623 1449 650 τὺ
1465 623 1498 650 δι’
1513 623 1602 650 αὐτῶν
1625 623 1787 659 δοξασθῆναι
1804 624 1850 651 τὸν
1865 625 1939 652 τόπον

1155 671 1200 697 τὸν
1212 671 1289 704 ἅγιόν
1301 679 1362 706 μου.
1379 669 1499 696 Τοιοῦτοι
1514 669 1536 695 δ’
1551 669 1584 696 ἂν
1596 667 1649 696 εἷεν
1661 670 1686 696 οἱ
1701 669 1731 703 ἐξ
1745 669 1831 698 ἐθνῶν
1843 670 1939 706 ἐλλόγι-

1157 725 1202 751 μοι
1219 716 1314 751 ἄνδρες
1330 715 1377 742 καὶ
1388 716 1482 750 σοφίας
1495 715 1542 742 τοῦ
1555 715 1653 747 αἰῶνος
1667 715 1764 742 τούτου
1779 710 1946 752 μετεσχηκόέ

1154 770 1200 793 τες
1212 770 1218 776 ·
1235 761 1282 793 οὒς
1292 763 1320 788 ὲν
1337 762 1370 797 τῇ
1388 761 1534 797 Ἐκκλησία
1545 761 1592 788 τοῦ
1606 760 1673 788 Θεοῦ
1685 762 1884 798 διαπρέποντας
1897 762 1940 791 καὶ

1155 807 1326 843 κοσμοῦντας
1342 808 1427 844 αὐτὴν
1443 809 1476 843 τῇ
1494 807 1540 834 τοῦ
1551 807 1630 842 λόγου
1642 809 1806 845 παρασκευῇ
1817 809 1940 845 θεασάμε-

1155 862 1200 886 νος
1217 854 1267 880 οὐκ
1279 853 1311 880 ἀν
1327 853 1460 890 ἁμάρτοις
1472 853 1571 886 αὐτοὺς
1583 851 1653 881 εἶναι
1669 854 1703 881 τὰ
1720 853 1785 887 ξύλα
1802 854 1850 882 τοῦ
1867 855 1939 883 Διδά-

1156 908 1201 927 νου
1215 919 1222 932 ,
1238 899 1407 935 κυπάρισσον
1428 900 1476 926 καὶ
1490 899 1595 932 πεύκας
1612 900 1660 927 καὶ
1676 901 1800 937 κέδρους,
1821 902 1890 929 κατὰ
1903 902 1937 929 v6-

1116 945 1137 973 B
1154 955 1202 981 μον
1223 946 1387 982 ἀλληγορίας
1404 946 1504 973 είττών⁸
1523 946 1556 973 δι’
1580 943 1617 974 ὦν
1641 946 1781 980 δοξάζεται
1803 948 1818 974 6
1833 947 1910 980 τόπος
1924 948 1938 974 6

1154 991 1230 1027 ἆγιος
1244 992 1290 1018 τοῦ
1299 991 1376 1024 Θεοῦ,
1393 992 1440 1019 καὶ
1453 993 1468 1018 ὁ
1477 992 1558 1024 τόπος
1571 992 1625 1020 τῶν
1639 993 1727 1020 ποδῶν
1739 994 1832 1027 αὑτοῦ,
1846 993 1936 1031 δηλαδή

1153 1040 1170 1074 ή
1186 1039 1344 1075 Ἐκκλησία.

1189 1094 1199 1110 ‹
1217 1085 1273 1111 Καὶ
1291 1084 1468 1121 πορεύσονται
1484 1084 1552 1120 πρὸς
1573 1084 1604 1111 σὲ
1618 1083 1766 1117 δεδοικότες
1781 1084 1836 1112 υἱοὶ
1850 1093 1936 1112 ταπει-

1151 1131 1296 1158 νωσάντων
1322 1140 1362 1163 σε,
1383 1131 1431 1158 καὶ
1457 1131 1667 1166 παροξυνάντων
1690 1140 1731 1164 σε,
1756 1132 1805 1159 καὶ
1821 1131 1936 1169 κληθήσῃ

1152 1176 1228 1208 πόλις
1239 1176 1318 1209 Σιὼν,
1341 1176 1418 1211 ἁγίου
1440 1176 1560 1212 Ἰσραήλ.
1578 1185 1587 1202 ι
1602 1175 1658 1202 Kal.
1676 1175 1763 1208 ἄλλως
1777 1175 1807 1203 δὲ
1823 1175 1876 1203 τῶν
1889 1175 1935 1203 πά-

1151 1221 1195 1248 λαι
1209 1221 1463 1258 βλασφημησάντων
1486 1221 1534 1257 τὴν
1560 1220 1733 1257 Ἐκκλησίαν,
1758 1221 1807 1248 καὶ
1827 1220 1934 1257 παροξψ

1151 1268 1253 1295 νάντων
1275 1267 1370 1303 αὐτὴν,
1391 1267 1439 1294 καὶ
1459 1265 1621 1299 διωξάντων,
1639 1266 1754 1299 πολλοὺς
1772 1266 1852 1304 ῐσμεν
1864 1274 1933 1303 μετα-

1152 1313 1294 1345 ϐαλόντας,
1314 1313 1360 1339 καὶ
1378 1313 1424 1340 ἐπὶ
1443 1312 1472 1339 τὸ
1492 1313 1654 1348 προσκυνεῖν
1676 1311 1721 1339 τὸν
1741 1313 1771 1340 ὲν
1788 1313 1857 1349 αὐτῇ
1874 1311 1934 1340 Θσὺν

1152 1359 1324 1395 ἐληλυθότας.

1189 1413 1198 1430 ι
1213 1404 1262 1430 Διά
1273 1404 1303 1431 τὺ
1314 1404 1475 1440 γεγενῆσθαί
1489 1413 1518 1431 σε
1529 1403 1827 1440 ὲγκαταλελειμμένην,
1838 1403 1882 1431 καὶ
1893 1411 1933 1440 με·

1151 1450 1314 1486 μισημένην,
1326 1451 1373 1477 καὶ
1391 1451 1440 1478 οὐκ
1448 1448 1482 1487 ἦν
1495 1451 1510 1478 6
1525 1450 1639 1486 βοηθῶν.
1653 1451 1708 1477 Kal.
1724 1450 1801 1486 θήσω
1814 1459 1844 1478 σε
1857 1449 1932 1485 ἀγα-λ-

1149 1493 1234 1529 λίαμα
1254 1493 1373 1526 αἰώνιον,
1392 1494 1560 1530 εὐφροσύνην
1576 1494 1676 1529 γενεῶν
1692 1496 1811 1530 γενεαῖς,
1829 1495 1874 1522 καὶ
1889 1494 1931 1530 θη-

1149 1538 1242 1572 λάσεις
1255 1539 1325 1574 γάλα
1345 1539 1440 1572 ἐθνῶν,
1461 1540 1508 1567 καὶ
1530 1539 1644 1567 πλοῦτον
1661 1540 1794 1576 βασιλέων
1811 1541 1927 1576 φάγεσαι.

1149 1583 1205 1610 Kal.
1221 1584 1324 1620 γνώσῃ,
1343 1585 1385 1611 ὃτι
1407 1583 1461 1618 εγὼ
1479 1583 1581 1620 Κύριος
1601 1585 1614 1611 6
1632 1584 1725 1617 σώζων
1740 1593 1781 1616 σε,
1803 1585 1849 1611 καὶ
1863 1583 1928 1616 ἐξαι-

300 1622 450 1666 Dominus,
462 1634 507 1669 qui
523 1633 626 1661 salvum
649 1637 675 1660 te
691 1632 774 1663 iacio.
790 1636 818 1659 et
837 1632 882 1666 qui
903 1637 970 1659 eruo
985 1635 1011 1658 te
1025 1629 1096 1657 Deus

1149 1630 1277 1665 ρούμενός
1288 1639 1318 1656 σε
1333 1630 1399 1662 Θεὸς
1422 1630 1541 1665 Ἰσραήλ.
1555 1631 1610 1657 Καὶ
1623 1631 1684 1657 ἀντὶ
1698 1630 1800 1665 χαλκοῦ
1820 1630 1881 1657 οῐσω
1893 1637 1928 1655 σοι

308 1681 401 1709 Israel.
416 1682 450 1708 Et
464 1687 513 1715 pro
526 1687 580 1707 tere
595 1678 705 1706 atl‘eram
737 1677 785 1704 tibi
815 1684 909 1704 aurum
928 1685 936 1705 :
952 1683 1001 1711 pro
1022 1676 1095 1703 ferro

307 1732 397 1754 autem
410 1726 519 1753 aﬂ‘eram
537 1725 583 1752 tibi
602 1729 754 1760 argentum,
767 1731 816 1758 pro
831 1723 911 1757 lignis
922 1721 1034 1749 aﬂ‘eram
1046 1721 1094 1748 tibi

306 1780 353 1806 tes,
368 1777 395 1800 et
411 1780 460 1806 pro
472 1771 606 1806 lapidibus
625 1770 738 1797 ferrum.
750 1769 783 1796 Et
797 1769 866 1796 dabo
881 1767 1018 1804 principes
1034 1771 1094 1794 tuos

305 1820 333 1846 in
356 1826 432 1853 pace,
451 1822 479 1845 et
497 1818 639 1852 episcopos
662 1821 723 1843 tuos
744 1815 771 1842 in
790 1814 905 1850 iustitia.
921 1823 934 1840 ν
950 1813 1008 1841 Hoc
1028 1820 1094 1841 vero

305 1865 369 1900 quid
387 1865 480 1896 fuerit,
496 1863 547 1892 nisi
565 1871 663 1891 novum
686 1863 843 1898 mysterium
867 1860 1032 1896 evangelica:
1046 1860 1094 1887 do-

304 1911 409 1943 ctrinm,
421 1915 448 1938 et
458 1909 633 1937 elementaris
643 1909 688 1936 illa
702 1908 769 1935 Novi
779 1907 945 1936 Testantenti
957 1907 1092 1940 doctrina,

304 1957 382 1991 cujus
396 1961 536 1984 consortes
549 1960 613 1983 sunt
627 1955 643 1982 ii
657 1955 703 1990 qui
720 1954 746 1981 in
761 1953 869 1982 Christo
887 1957 1091 1989 regenerantur,

302 2001 350 2035 qui
368 2000 464 2034 seipsis
483 2000 608 2027 meliores
631 1999 714 2027 futuri
737 2005 811 2034 sunt,
837 2006 869 2027 ac
891 1999 937 2026 Dei
951 2002 1093 2026 structura:

303 2046 437 2076 utiliores,
457 2046 684 2080 quemadmodum
705 2050 732 2072 et
759 2045 851 2080 primi,
871 2046 916 2080 qui
931 2052 981 2080 pro
997 2052 1050 2072 tere
1064 2048 1092 2071 et

304 2090 377 2117 ferro
395 2098 490 2117 aurum
506 2095 533 2117 et
549 2094 689 2124 argentum
714 2089 740 2117 in
764 2090 1002 2117 commutationem
1022 2088 1091 2115 obti-

304 2136 441 2163 nuerunt?

341 2205 421 2232 Vens.
438 2204 481 2232 18.
499 2214 510 2230 ε
534 2205 566 2232 Et
583 2213 636 2232 non
656 2205 781 2232 audietur
800 2204 887 2232 adhuc
905 2203 1035 2238 iniustitia
1063 2203 1089 2231 in

298 2258 376 2278 terra
396 2256 547 2286 tua,neque
561 2250 698 2281 contritio,
720 2257 809 2285 neque
824 2250 932 2277 miseria
951 2250 977 2277 in
991 2249 1089 2277 ﬁnibus

1146 1676 1267 1711 χρυσίον,
1280 1676 1327 1703 καὶ
1339 1676 1399 1702 ἀντὶ
1412 1675 1520 1712 σιδήρου
1535 1676 1601 1703 οἴσω
1614 1685 1654 1703 σοι
1666 1676 1798 1712 ἀργύριον
1809 1685 1816 1691 ·
1834 1675 1891 1703 ἀντὶ
1904 1674 1928 1701 δὲ

1146 1721 1231 1754 ξύλων
1253 1722 1319 1749 οἴσω
1336 1731 1376 1748 σοι
1390 1722 1498 1758 χαλκὸν,
1517 1723 1578 1750 ἀντὶ
1597 1723 1625 1750 δὲ
1638 1722 1730 1756 λίθων,
1747 1723 1865 1759 σίδηρον.
1879 1720 1927 1748 Kal

1143 1767 1222 1794 δώσω
1237 1768 1300 1800 τοὺς
1316 1768 1450 1804 ἄρχοντάς
1466 1777 1512 1796 σου
1522 1770 1551 1796 ὲν
1564 1770 1673 1806 εἰρήνῃ,
1687 1769 1734 1796 καὶ
1747 1769 1811 1801 τοὺς
1826 1766 1926 1795 ἐπισκό-

1145 1822 1212 1845 πους
1229 1821 1276 1840 σου
1292 1813 1321 1839 ὲν
1336 1813 1503 1851 δικαιοσύνῃ.
1522 1825 1531 1841 ι
1553 1815 1637 1842 Τοῦτο
1651 1815 1679 1842 δὲ
1694 1815 1720 1842 τί
1732 1815 1792 1841 ποτ’
1808 1815 1840 1841 ἂν
1855 1813 1894 1848 εἴη
1905 1813 1925 1839 εί

1145 1859 1183 1895 μὴ
1210 1859 1240 1886 τὸ
1256 1860 1348 1887 καινὸν
1365 1860 1513 1896 μυστήριον
1534 1861 1584 1896 τῆς
1605 1861 1787 1896 εὐαγγελικῆς
1808 1861 1924 1887 διδασκα-

1143 1904 1213 1936 λίας,
1231 1904 1278 1931 καὶ
1297 1905 1315 1940 ὴ
1338 1905 1511 1942 στοιχειώδης
1526 1906 1684 1933 διδασκαλία
1698 1906 1748 1941 τῆς
1759 1906 1863 1942 Καινῆς
1874 1906 1924 1931 Δια-

1143 1952 1238 1989 θήκης,
1252 1950 1286 1989 ἧς
1304 1952 1461 1988 μετέχουσιν
1479 1954 1503 1980 οἱ
1523 1953 1553 1981 ὲν
1576 1953 1685 1990 Χριστῷ
1706 1953 1922 1989 ἀναγεννώμενοι,

1144 1998 1263 2034 βελτίους
1282 1999 1331 2034 μὲν
1352 1999 1456 2026 ἑαυτῶν
1477 2000 1653 2036 γενησόμενοι
1670 2000 1717 2027 καὶ
1731 1999 1922 2036 χρησιμώτεροι

1141 2046 1174 2080 τῇ
1197 2044 1244 2071 τοῦ
1266 2044 1333 2072 Θεοῦ
1357 2045 1485 2081 οἰκοδομῇ
1503 2045 1574 2072 κατὰ
1587 2045 1649 2077 τοὺς
1669 2045 1806 2080 πρώτους,
1827 2045 1850 2071 οἳ
1870 2042 1922 2070 ἀντὶ

1141 2091 1241 2126 χαλκοῦ
1256 2092 1302 2119 καὶ
1314 2092 1425 2128 σιδήρου
1440 2091 1540 2128 χρυσοῦ
1553 2101 1582 2119 τε
1596 2092 1643 2118 καὶ
1654 2092 1775 2128 ἀργύρου
1791 2091 1869 2127 τιμὴν
1881 2090 1921 2118 ἀν·

1140 2137 1371 2173 τικατηλλάξαντο
1380 2146 1388 2170 ;

1179 2215 1189 2231 ι
1207 2206 1262 2232 Kal.
1282 2206 1332 2232 οὐκ
1345 2205 1543 2242 ἀκουσθήσεται
1561 2205 1602 2232 ἔτι
1615 2205 1708 2232 ἀδικία
1727 2205 1756 2231 ἐν
1772 2205 1805 2240 τῇ
1821 2203 1854 2239 γῇ
1867 2210 1918 2233 σου»

1140 2251 1200 2278 οὐδὲ
1212 2251 1379 2287 σύντριμμα,
1389 2251 1448 2278 οὐδὲ
1462 2250 1634 2286 ταλαιπωρία
1649 2251 1679 2277 ὲν
1693 2251 1750 2282 τοῖς
1765 2249 1848 2285 ὁρίοις
1862 2253 1917 2273 σοιν

297 2297 438 2325 41ιίεέωά
460 2297 628 2324 vocabuntur
644 2295 770 2323 Salutare
796 2296 866 2323 muri
885 2296 935 2328 tui,
952 2300 980 2323 et
999 2300 1087 2330 porta:

1147 2297 1207 2325 ἱλλά
1223 2297 1388 2334 κληθήσεται
1403 2298 1539 2333 Σωτήριον
1553 2297 1590 2324 τὰ
1599 2296 1676 2332 τείχη
1690 2305 1748 2330 σου,
1766 2296 1814 2323 καὶ
1834 2295 1860 2321 ai
1874 2292 1919 2319 πύ-

302 2348 364 2375 tuaa,
383 2343 529 2377 sculptura.
548 2352 557 2369 ι
582 2342 634 2370 Pro
655 2342 711 2374 illo,
733 2350 743 2368 ι
766 2342 903 2375 Salutare,
926 2342 940 2368 f
954 2342 1086 2370 Hebraica

301 2388 447 2423 scriptura,
467 2397 476 2414 ‹
489 2387 581 2416 Jesum
603 2397 614 2413 ι
632 2388 752 2423 prmfert,
783 2387 927 2422 ipsissimis
944 2387 1087 2415 elementis

300 2439 328 2462 et
346 2433 560 2465 characteribus,
574 2433 653 2468 queis
673 2433 730 2468 ipse
746 2432 873 2460 Salvator
886 2433 1032 2465 scribitur;
1049 2433 1085 2460 ita

299 2485 330 2509 ut
344 2480 403 2516 ipsa
419 2480 504 2508 virtus
520 2479 671 2507 Salvatoris
687 2479 772 2507 nostri
799 2478 862 2508 Jesu
872 2500 880 2512 ,
903 2487 953 2514 pro
969 2485 1046 2515 septo
1060 2484 1087 2508 et

299 2535 376 2556 muro
389 2527 469 2556 ﬁrmo
486 2528 519 2556 iis
536 2528 580 2563 qui
600 2527 655 2556 Deo
668 2527 741 2561 digni
759 2528 868 2562 iuerint,
882 2528 971 2556 futura
986 2529 1033 2556 sit.
1080 2531 1091 2548 ε’

335 2642 418 2670 Vens.
436 2642 479 2669 l9.
496 2651 506 2667 ‹
523 2641 556 2668 Ει
573 2648 625 2668 non
641 2640 693 2667 erit
707 2639 754 2667 tibi
765 2638 881 2675 amplius
897 2638 938 2666 sol
952 2638 978 2666 in
997 2636 1085 2665 lucem

298 2687 362 2720 diei,
379 2695 467 2722 neque
487 2692 563 2714 ortus
578 2687 647 2714 luna:
671 2685 834 2713 illuminabit
856 2689 963 2712 noctem
991 2689 1083 2711 tuam:

298 2733 344 2760 sed
369 2733 421 2760 erit
435 2733 482 2760 tibi
500 2733 628 2761 Dominus
644 2732 688 2760 lux
704 2732 879 2766 sempiterna,
891 2735 919 2758 et
934 2730 1015 2764 Deus,
1034 2730 1088 2766 glo-

293 2777 338 2817 ria
353 2782 410 2805 tua.
430 2788 439 2804 ι
457 2778 510 2806 Sed
531 2778 656 2807 columna
676 2778 799 2812 quaedam
825 2777 924 2804 divinae
951 2776 1020 2804 lucis
1036 2777 1088 2803 erit

285 2819 293 2841 ί
301 2824 486 2859 resplendens,
498 2824 602 2853 scilicet
614 2832 713 2859 corpus
727 2831 880 2858 resurgens,
896 2823 969 2859 quod
987 2822 1088 2851 dicitur

300 2871 489 2898 vestimentum
500 2869 642 2898 Salutaris.
658 2869 716 2897 Non
731 2869 804 2897 enim
817 2869 885 2897 ultra
901 2876 1001 2904 corpus
1013 2875 1087 2896 mor-

301 2917 336 2946 tis
351 2916 414 2952 erit,
428 2916 508 2952 quale
524 2915 626 2946 Paulus
641 2916 797 2945 declarabat
818 2915 860 2944 his
874 2915 976 2948 verbis,
997 2924 1006 2942 ι
1020 2914 1085 2948 Quis

1138 2343 1194 2375 λαι,
1207 2343 1330 2380 γλύμμα.
1347 2353 1356 2370 ι
1376 2343 1449 2371 Ἀντὶ
1460 2343 1490 2370 δὲ
1502 2343 1560 2376 τοῦ,
1575 2352 1585 2369 ι
1599 2343 1748 2379 Σωτηρίου,
1763 2352 1773 2369 ι
1786 2343 1804 2378 ή
1822 2341 1915 2377 Ἐϐραῖν

1138 2389 1174 2426 κὴ
1185 2390 1338 2424 ἀνάγνωσις
1350 2389 1395 2416 τὸν
1405 2399 1416 2416 ι
1427 2389 1531 2426 Ἰησοῦν
1542 2399 1552 2415 ι
1562 2389 1643 2416 αὐτόν
1654 2397 1684 2416 τε
1699 2389 1821 2424 περιέχει
1831 2387 1914 2417 αὐτοῖς

1139 2436 1281 2472 στοιχείοις
1290 2436 1336 2463 καὶ
1348 2435 1544 2472 χαρακτῆρσιν,
1556 2435 1624 2467 οἵοις
1640 2436 1654 2462 6
1666 2434 1760 2470 Σωτὴρ
1774 2436 1790 2470 ἡ
1795 2434 1851 2470 μῶν
1860 2433 1916 2460 ἀνσ-

1137 2482 1287 2518 γράφεται-
1309 2481 1348 2514 ὡς
1360 2481 1410 2518 τὴν
1425 2481 1508 2508 αὐτοῦ
1519 2481 1632 2517 δύναμιν
1646 2481 1694 2508 τοῦ
1709 2481 1834 2516 Σωτῆρος
1847 2478 1916 2514 ἡμῶν

1144 2527 1232 2564 Ἰησοῦ
1244 2528 1305 2555 ἀντὶ
1315 2527 1457 2563 περιϐόλου
1470 2527 1519 2554 καὶ
1530 2527 1636 2562 τείχους
1651 2526 1764 2563 στερροῦ
1776 2527 1831 2558 τοῖς
1839 2523 1916 2558 ἀξίοις

1138 2573 1186 2600 τοῦ
1200 2572 1269 2600 Θεοῦ
1280 2573 1415 2607 γενέσθαι.

1176 2650 1186 2667 ι
1204 2641 1260 2668 Kal.
1275 2641 1324 2668 οὐκ
1337 2641 1412 2668 ἔσται
1433 2640 1472 2668 ἔτι
1494 2649 1534 2668 σοι
1549 2641 1564 2668 6
1583 2640 1658 2677 ἣλιος
1675 2641 1715 2672 εἰς
1732 2639 1788 2675 φῶς
1807 2638 1913 2675 ἡμέραςν

1139 2687 1198 2714 οὐδὲ
1215 2687 1329 2723 ἀνατολὴ
1358 2687 1471 2723 σελήνης
1497 2688 1594 2722 φωτιεῖ
1619 2695 1665 2713 σου
1685 2686 1735 2722 τὴν
1747 2685 1846 2712 νύκτα·
1864 2681 1913 2709 ἀλλ’

1139 2732 1213 2760 ἔσται
1227 2742 1267 2760 σοι
1280 2733 1380 2769 Κύριος
1392 2733 1449 2768 φῶς
1464 2732 1581 2767 αἰώνιον,
1595 2733 1664 2761 καὶὸ
1675 2732 1751 2764 Θεὸς,
1760 2731 1822 2763 δόξα
1837 2737 1888 2756 σου.
1902 2735 1910 2752 ι

1137 2779 1225 2815 Στήλη
1236 2779 1263 2806 δέ
1279 2788 1320 2810 τις
1335 2779 1410 2806 ἔσται
1423 2779 1482 2814 φῶς
1492 2779 1725 2816 ἀπαστράπτουσα
1737 2778 1817 2809 θεῖον,
1829 2775 1857 2802 τὸ
1871 2772 1911 2800 σῶ-

1137 2833 1176 2861 μα
1188 2826 1237 2862 τῆς
1252 2825 1435 2859 ἀναστάσεως,
1448 2826 1478 2852 τὺ
1493 2826 1637 2862 λεγόμενον
1653 2825 1758 2861 ίμάτιον
1774 2821 1908 2858 Σωτηρίου-

1136 2871 1233 2899 Οὐκέτι
1247 2871 1300 2907 γὰρ
1315 2871 1430 2899 θανάτου
1447 2872 1536 2908 σῶμα,
1549 2870 1605 2899 οἷον
1624 2871 1639 2897 6
1656 2870 1760 2902 Παῦλος
1773 2868 1860 2904 ἐδήλου
1872 2864 1909 2891 λέ-

1135 2925 1208 2951 γων’
1227 2926 1236 2943 ι
1252 2917 1301 2949 Τίς
1315 2925 1349 2953 με
1364 2917 1476 2954 ῥύσεται
1494 2918 1526 2944 ἐκ
1542 2916 1588 2945 τοῦ
1604 2916 1728 2952 σώματος
1747 2913 1791 2943 τοῦ
1806 2910 1908 2941 θανάτου
