2061 3215
165 167 215 195 ιθΊ

645 165 893 194 COMMENTARIA
913 165 945 193 IN
965 164 1093 192 lSAlAllL
1113 180 1147 185 ——
1166 164 1242 192 CAP.
1263 164 1343 192 ιλιι.

1742 163 1792 190 498

168 226 274 258 τούτου;
294 235 302 252 ι
318 226 394 254 ἔσται
418 227 527 254 κάκεῖνο
546 228 687 262 σωτήριον.
704 227 840 262 Σωτήριον
853 228 882 254 δέ
896 227 950 263 ἱμά-

1010 234 1051 254 me
1066 226 1191 255 liberabit
1208 226 1240 253 de
1253 232 1368 260 c0rpore
1385 225 1480 252 mortis
1501 224 1579 258 hujus
1591 224 1631 250 "?
1649 234 1657 250 ι
1680 223 1726 251 sed
1741 225 1794 251 erit

165 281 220 299 τιον
240 273 274 307 τῇ
293 271 366 308 ψυχῇ
381 272 568 308 περιθήσεται,
588 273 635 299 καὶ
647 273 750 308 χιτῶνα
768 273 952 308 εὐφροσύνης’

165 319 278 350 ἕκαστος
305 319 360 354 γὰρ
388 320 447 351 ταῖς
476 319 573 346 ἑαυτοῦ
603 319 719 355 πράξεσι
741 320 800 351 ταῖς
820 319 890 346 κατὰ
914 321 954 347 δι-

164 364 311 400 καιοσύνην
328 365 536 401 πεπραγμέναις
560 366 606 393 τὸν
635 365 733 392 ἑαυτοῦ
754 365 856 400 κόσμον
880 364 954 391 ἐνδύ-

163 419 252 438 σεται.

202 467 211 482 ί
231 457 269 484 Οὐ
281 457 336 493 γὰρ
352 457 460 484 δύσεταί
472 466 512 484 σοι
522 458 536 484 ὁ
547 457 623 493 ἥλιός
637 466 687 491 σοι,
703 458 750 485 καὶ
765 459 782 493 ἡ
800 457 899 494 σελήνη
913 466 955 484 σοι

163 500 214 527 οὐκ
231 500 369 536 ἐκλείψει·
400 501 477 528 ἔσται
501 502 555 538 γάρ
578 511 619 529 σοι
641 502 744 539 Κύριος
761 503 819 538 φῶς
835 502 954 536 αἰώνιον,

165 546 212 572 καὶ
229 546 507 583 ἁναπληρωθήσονται
531 547 559 574 αι
583 548 685 584 ἡμέραι
705 549 752 576 τοῦ
767 549 880 581 πένθους
896 557 953 575 σου.

165 591 220 618 Καὶ
240 591 254 618 ό
274 591 337 623 λαός
356 600 402 619 σου
415 593 469 624 πᾶς
482 592 596 626 δίκαιος,
616 593 650 620 δι’
668 593 765 626 αἰῶνος
787 593 956 630 κληρονομή-

166 645 242 664 σουσι
258 637 308 673 τὴν
321 638 383 673 γῆν,
409 638 553 673 φυλάσσων
575 638 606 665 τὸ
627 639 752 675 φύτευμα
774 638 842 675 ἔργα
857 639 956 675 χειρῶν

164 682 247 709 αὐτοῦ
264 684 303 715 είς
315 683 403 717 δόξαν.
425 684 453 711 '0
468 683 605 718 ὀλιγοστὸς
621 684 697 711 ἔσται
711 686 751 716 είς
760 685 892 719 χιλιάδας,
908 685 955 712 καὶ

164 730 178 756 ὁ
193 729 344 764 ἐλάχιστος,
362 730 401 762 εἰς
416 729 492 761 ἔθνος
510 730 591 766 μέγα.
613 729 683 765 Ἐγὼ
697 730 798 766 Κύριος
813 731 883 758 κατὰ
897 739 956 758 και-

166 775 212 810 ρδν
223 774 329 807 συνάξω
346 776 453 807 αὐτούς.

418 822 616 850 ΚΕΦΑΛΑΙΟΝ
647 822 707 849 ΞΑἌ

203 874 212 892 ι
234 865 345 901 Πνεῦμα
370 866 473 902 Κυρίου
488 867 531 893 ἐπ’
551 868 611 903 ἐμὲ.
634 864 665 894 οὗ
685 867 789 894 εἵνεκεν
804 867 895 903 ἐχρισέ
908 861 969 904 με,-

164 910 390 945 ιὺαγγελίσασθαι
406 914 522 947 πτωχοῖς
533 913 687 940 ἀπέσταλκὲ
814 922 824 939 ι

424 958 623 986 ΚΕΦΛΔΑΙΟΝ
638 958 697 986 EB’.

202 1010 212 1027 ι
233 1002 281 1029 Διὰ
299 1003 367 1030 Σιὼν
390 1004 420 1030 οὐ
438 1005 622 1040 σιωπήσομαι,
648 1006 694 1032 καὶ
711 1005 755 1032 διὰ
777 1005 954 1041 Ἰερουσαλὴμ

163 1048 214 1074 οὐκ
229 1049 332 1084 ἀνήσω,
347 1049 399 1082 ἕως
411 1050 444 1077 ἂν
459 1042 555 1087 ἐξέλθῃ
568 1051 606 1083 ὡς
620 1051 677 1086 φῶς
729 1051 885 1088 δικαιοσύνη
905 1053 951 1079 αὒ-

163 1093 232 1129 τῆς·
261 1095 292 1121 τὸ
307 1095 335 1122 δὲ
357 1097 495 1133 Σωήριὸν
521 1106 577 1133 μου
589 1097 626 1130 ὡς
647 1097 757 1133 λαμπὰς
774 1098 951 1134 καυθήσεται.

165 1140 221 1166 Kal
237 1140 347 1176 ἃψονται
360 1142 395 1169 τὰ
410 1142 473 1179 ἔθνη
487 1142 535 1178 τὴν
548 1143 721 1180 δικαιοσύνην
739 1153 796 1178 σου,
812 1145 860 1172 καὶ
875 1145 951 1181 βασι-

163 1185 229 1219 λεῖς,
245 1187 295 1222 τὴν
313 1187 391 1220 δόξαν
410 1197 466 1215 σου.
483 1189 537 1215 Καὶ
548 1189 655 1216 καλεσει
671 1198 700 1216 σε
710 1190 741 1217 τὸ
752 1191 835 1225 ὄνομα
849 1191 878 1217 τὸ
890 1200 952 1217 και-

163 1233 219 1265 νὸν,
247 1233 261 1259 ὃ
276 1235 291 1260 ὁ
306 1233 408 1269 Κύριος
431 1235 557 1270 ὀνομάσει
577 1235 652 1262 αὐτό.
674 1236 729 1263 Καὶ
751 1236 799 1273 ἐσῃ
824 1237 953 1272 στέφανος

163 1280 276 1311 κάλλους
291 1281 320 1307 ὲν
339 1281 410 1317 χειρὶ
428 1280 543 1317 Κυρίου,
567 1281 614 1308 καὶ
633 1277 751 1317 διάδημα
770 1282 908 1317 βασιλείας
923 1284 952 1310 ἐν

163 1327 234 1363 χειρὶ
263 1326 331 1353 Θεοῦ
356 1336 412 1354 σου.
434 1336 443 1353 ι
467 1328 514 1354 Ὃν
539 1327 707 1364 ἀπολήψεται
730 1329 789 1355 τότε
815 1329 950 1364 λέγουσα·

166 1381 175 1398 t
194 1373 245 1400 Τὸν
263 1373 345 1400 καλὸν
355 1372 510 1409 ἠγώνισμαι
525 1374 629 1408 ἀγῶνα,
642 1374 688 1400 τὸν
697 1374 797 1410 δρόμον
811 1375 946 1404 τετέλεκα,

163 1418 212 1454 τὴν
226 1419 317 1446 πίστιν
331 1420 470 1455 τετήρηκα
482 1428 488 1435 ·
503 1420 595 1448 λοιπὸν
608 1421 750 1449 ἀπόκειταί
771 1423 840 1458 μοιό
854 1422 903 1458 τῆς
914 1423 952 1450 δι-

163 1464 309 1501 καιοσύνης
321 1466 460 1500 στέφανος.
481 1475 491 1492 ι
513 1467 546 1493 Ἦ
564 1467 593 1494 δὲ
611 1467 689 1504 αὐτὴ,
708 1468 801 1504 νύμφη
825 1477 868 1501 τις
884 1467 951 1497 οὖσι-ι

163 1510 210 1537 τοῦ
226 1509 339 1546 νυμφίου
351 1511 437 1546 Λόγου
452 1513 499 1539 καὶ
510 1512 544 1540 τὰ
555 1514 620 1549 παρ’
636 1513 718 1541 αὐτοῦ
730 1514 875 1551 σπέρματα
887 1516 952 1544 ὐπο-

162 1556 306 1592 δεξαμένη,
324 1559 446 1594 καρποὺς
460 1559 576 1595 ὡραίους
594 1560 640 1587 καὶ
659 1560 782 1593 εὐανθεῖς
794 1562 948 1590 ἀποδίδωσι.

164 1602 246 1629 Πάλιν
259 1603 288 1629 δέ
306 1603 444 1630 κάνταῦθα
464 1604 494 1631 τὸ
513 1604 637 1638 θεοσεῦὲς
650 1605 799 1642 πολίτευμα
819 1606 850 1634 τὸ
866 1607 949 1635 πάλαι

163 1649 289 1680 συνεστὸς
310 1649 385 1685 παρὰ
407 1649 545 1683 Ἰουδαίοις
568 1651 653 1686 δηλοῖ.
680 1653 816 1688 Στέφανος
838 1654 892 1690 γὰρ
913 1654 951 1687 ὡς

162 1693 270 1728 ἀληθῶς
292 1694 410 1730 Χριστοῦ
438 1695 538 1735 πάντες
555 1697 580 1723 οἱ
599 1697 633 1723 δι’
651 1697 732 1724 αὐτοῦ
755 1699 950 1735 κατορθοῦντες

162 1739 334 1774 τυγχάνουσι,
357 1740 404 1766 καὶ
415 1740 532 1777 διάδημα
543 1741 681 1778 βασιλείας
696 1742 749 1770 εἰσὶ
763 1744 812 1779 τῆς
827 1744 911 1771 αὐτοῦ
926 1747 950 1773 οἱ

161 1786 218 1816 τοῖς
231 1785 302 1820 ὐπέρ
320 1785 402 1812 αὐτοῦ
420 1786 597 1823 ἐνηθληκότες
619 1788 733 1823 ἀγῶσιν,
751 1790 776 1816 οἱ
790 1789 862 1825 ἅγιοι
879 1791 950 1826 μάρ-

162 1838 254 1865 τυρες,
272 1830 318 1862 οὓς
331 1832 364 1866 τῇ
381 1825 476 1875 ἐαυτοῦ
491 1833 562 1869 χειρὶ
579 1835 593 1860 ὀ
609 1834 703 1871 Πατὴρ
720 1825 899 1872 ἐκλεξάμενος

163 1875 221 1911 Υίῷ
235 1873 399 1911 περιτίθησι,
412 1873 556 1911 ’στεφανῶν
574 1879 654 1906 αὐτὸν
671 1880 717 1907 καὶ
735 1881 881 1918 διαδήματι
903 1882 951 1918 βα-

162 1923 259 1960 σιλικῷ
273 1924 360 1960 τιμῶν
374 1923 405 1951 τὸ
421 1924 522 1961 πλῆθος
536 1926 591 1953 τῶν
606 1926 639 1953 δι’
653 1927 735 1954 αὐτοῦ
751 1929 798 1955 καὶ
810 1929 856 1956 ὑπ’
867 1929 949 1956 αὐτοῦ

161 1971 351 2008 σεσωσμένων.

199 2028 210 2045 ‹
230 2019 285 2046 Καὶ
300 2019 407 2047 καλέσει
425 2029 455 2047 σε
467 2020 552 2056 ὄνομα
568 2021 670 2055 καινὸν,
683 2021 697 2048 ὃ
708 2022 722 2049 ὸ
736 2023 838 2059 Κύριος
852 2010 965 2061 ὄνομά-ς

161 2072 201 2091 σει
215 2064 282 2091 αὐτὸ
291 2073 298 2079 ·
317 2074 326 2091 ι
344 2065 476 2099 τουτέστι,
491 2066 562 2093 κατὰ
575 2066 606 2093 τὸ
617 2066 722 2102 θέλημα
737 2068 767 2096 τὸ
778 2069 843 2104 ἐμὸν
852 2069 950 2106 ὀνομα-

162 2109 302 2146 σθήσεται.

198 2164 207 2180 ι
225 2157 281 2183 Kal
300 2156 391 2184 οὐκέτι
413 2157 537 2196 κληθήσῃ
549 2159 795 2196 καταλελειμμένῃ,
809 2161 856 2188 καὶ
873 2161 890 2196 ἡ
912 2160 948 2197 γῆ

162 2209 209 2227 σου
225 2202 254 2228 οὐ
270 2202 434 2238 κληθήσεται
455 2203 494 2230 ἐτι
509 2204 626 2241 ἐρημος”
645 2206 686 2233 σοὶ
702 2206 757 2242 γὰρ
772 2206 947 2242 κληθήσεται,

964 1583 986 1612 C

1005 278 1032 301 et
1043 273 1105 300 illud
1120 273 1246 300 salutare.
1264 272 1386 299 Salutare
1396 279 1478 307 porro
1491 270 1682 298 vestimentum
1698 270 1793 297 animm

1005 315 1278 354 circumponetnr,‘et
1296 318 1385 345 tunica
1399 316 1623 352 lmtitirezsinguli
1640 316 1711 342 enim
1729 323 1793 350 ope-

1007 367 1082 394 ribus
1092 366 1150 393 suis
1168 373 1228 393 cum
1247 363 1353 399 iustitia
1364 364 1444 392 editis
1457 367 1555 392 ornatu
1569 370 1619 390 suo
1636 361 1791 390 induentur.

1041 456 1124 484 Vens.
1135 455 1231 483 20-22.
1245 464 1254 481 ι
1268 454 1326 482 Non
1342 454 1414 482 enim
1427 454 1532 481 occidet
1547 453 1587 481 sol
1607 453 1666 487 tibi,
1685 458 1714 481 et
1730 453 1791 479 luna

1005 502 1055 530 tibi
1083 509 1138 530 non
1167 501 1364 529 deﬁciet:erit
1391 501 1489 535 quippe
1514 499 1561 527 tibi
1589 499 1720 526 Dominus
1746 498 1790 525 lux

1005 543 1180 584 sempiterna,
1196 551 1224 575 et
1250 546 1432 581 implebantur
1454 546 1512 573 dies
1527 545 1615 572 luctus
1630 544 1678 572 tui.
1693 544 1726 572 Et
1742 551 1791 579 po—

1005 595 1083 631 pulus
1100 598 1161 622 tuus
1179 593 1268 622 omnis
1289 592 1390 628 justus,
1409 592 1435 619 in
1447 591 1576 620 saeculum
1590 590 1792 619 haereditabunt

1004 643 1106 667 terram
1127 647 1134 666 :
1154 638 1308 666 custodiens
1329 637 1522 673 plantationem
1549 644 1631 671 opera
1661 643 1791 663 manuum

1005 675 1107 719 ejus-in
1124 683 1247 719 gloriam.
1266 683 1317 716 Qui
1332 690 1415 718 parvo
1436 689 1561 714 numero,
1575 681 1627 709 erit
1646 681 1674 708 in
1687 680 1788 713 millia;

1004 735 1032 757 et
1042 728 1087 765 qui
1103 730 1242 762 minimus,
1261 730 1286 756 in
1302 733 1408 765 gentem
1426 735 1559 763 magnam.
1591 727 1648 762 Ego
1661 727 1792 755 Dominus

1005 775 1032 803 in
1049 779 1170 810 tempore
1188 775 1357 810 congregabo
1372 781 1429 801 eos.
1447 783 1456 801 ι

1294 819 1408 847 CAPUT
1425 820 1493 849 LXI.

1040 867 1124 896 Vens.
1142 868 1168 895 l.
1186 877 1195 894 ι
1217 867 1332 903 Spiritus
1351 866 1459 894 Domini
1485 875 1566 902 super
1594 873 1648 900 me,
1672 873 1704 894 eo
1720 865 1795 901 quod.

970 905 990 933 Β
1006 913 1116 941 unxerit
1131 921 1174 941 me
1186 912 1390 949 :'evangelizare
1401 913 1564 947 pauperibus
1576 913 1648 940 misit
1660 920 1759 941 me.....
1778 921 1789 938 ι

1294 959 1408 988 CAPUT
1428 959 1506 988 LXll.

1042 1006 1123 1034 Vens.
1141 1007 1198 1034 1-5.
1219 1016 1228 1033 ς
1243 1006 1356 1042 Propter
1369 1006 1432 1034 Sion
1450 1014 1502 1034 non
1519 1006 1622 1039 tacebo,
1637 1010 1663 1033 et
1681 1009 1790 1040 propter

1004 1052 1153 1080 Jerusalem
1175 1060 1230 1080 non
1248 1053 1396 1088 quiescam,
1412 1053 1496 1080 donec
1514 1052 1669 1087 egrediatur
1687 1056 1717 1078 ut
1742 1050 1787 1077 lux

1002 1098 1108 1134 justitia
1137 1098 1197 1134 ejus
1214 1107 1220 1124 :
1237 1098 1362 1127 Salutare
1392 1104 1482 1126 autem
1515 1105 1606 1126 meum
1635 1102 1664 1125 ut
1689 1097 1792 1131 lampas

1006 1146 1180 1173 accendetur.
1194 1145 1227 1173 Et
1241 1145 1372 1174 videbunt
1389 1150 1482 1181 gentes
1505 1144 1639 1179 justitiam
1665 1148 1748 1176 luam,
1762 1147 1790 1170 et

1006 1199 1082 1227 reges
1105 1191 1217 1227 gloriam
1236 1196 1320 1219 tuam.
1342 1192 1376 1219 Et
1398 1191 1505 1219 vocabit
1532 1195 1559 1218 te
1583 1190 1692 1217 nomine
1708 1197 1790 1222 novo,

1005 1238 1076 1272 quod
1091 1237 1223 1265 Dominus
1247 1237 1409 1266 nominabit.
1425 1237 1459 1265 Et
1473 1237 1528 1265 eris
1546 1243 1645 1265 corona
1671 1235 1792 1270 pulchri-

1006 1284 1108 1312 tudinis
1125 1284 1151 1311 in
1167 1291 1248 1311 manu
1264 1283 1382 1317 Domini,
1394 1288 1421 1310 et
1432 1283 1559 1311 diadema
1574 1282 1650 1317 regni
1663 1281 1689 1308 in
1707 1288 1789 1308 manu

1004 1329 1053 1356 Dei
1085 1329 1134 1356 tui.
1147 1339 1157 1356 ι
1178 1329 1264 1363 Quam
1290 1334 1353 1358 tunc
1385 1329 1496 1365 recipiet
1530 1330 1622 1357 dicens
1641 1337 1648 1355 :
1664 1338 1673 1355 ι
1686 1328 1790 1356 Bonum

1004 1381 1146 1403 certamen
1160 1376 1274 1409 certavi,
1289 1383 1398 1404 cursum
1415 1374 1614 1409 consummavi,
1635 1375 1714 1402 iidem
1729 1382 1789 1402 ser-

1005 1421 1088 1448 vavi:
1105 1421 1131 1448 in
1158 1421 1262 1456 reliquo
1287 1423 1405 1456 reposita
1429 1425 1470 1449 est
1496 1420 1563 1448 mihi
1586 1428 1688 1448 corona
1709 1419 1791 1454 justi-

1005 1467 1048 1494 tiae
1059 1467 1092 1494 ".
1106 1476 1116 1493 ι
1135 1467 1236 1495 Eadem
1253 1474 1329 1500 vero,
1341 1474 1402 1494 cum
1418 1467 1510 1502 sponsi
1524 1466 1605 1494 Verbi
1623 1473 1722 1501 sponsa
1743 1465 1790 1498 sit,

1004 1517 1032 1540 et
1046 1513 1106 1548 ejus
1125 1514 1229 1541 semina
1244 1513 1407 1548 susceperit.
1423 1513 1563 1549 speeiosos
1577 1517 1605 1540 et
1617 1512 1680 1540 boni
1699 1512 1798 1539 odoris.

1005 1558 1110 1587 (ructus
1126 1559 1235 1587 emittit.
1254 1559 1303 1588 Hic
1320 1563 1410 1587 autem
1426 1566 1520 1587 rursus
1539 1559 1612 1594 piam
1628 1558 1786 1593 religionem

1003 1605 1067 1633 olim
1092 1606 1162 1641 apud
1184 1605 1293 1634 Iudaeos
1309 1607 1446 1643 vigentem
1470 1606 1615 1641 signiﬁcat.
1640 1605 1708 1634 Nam
1724 1613 1797 1634 vere

1001 1650 1105 1678 Christi
1126 1658 1226 1679 corona
1242 1656 1306 1680 sunt
1321 1655 1455 1686 quotquot
1477 1659 1526 1687 per
1543 1659 1606 1679 eum
1620 1651 1690 1678 bona
1706 1659 1801 1686 opera.

1001 1697 1095 1730 edunt,
1111 1701 1140 1725 et
1160 1697 1286 1725 diadema
1308 1699 1386 1734 regni
1409 1698 1469 1734 ejus
1485 1702 1558 1731 sunt,
1573 1698 1620 1733 qui
1634 1698 1788 1726 certamina

1001 1741 1058 1776 ejus
1071 1749 1153 1769 causa
1164 1748 1354 1778 susceperunt,
1365 1743 1452 1771 sancti
1464 1748 1608 1778 martyres,
1621 1751 1690 1778 quos
1706 1750 1799 1770 manu.

1001 1793 1050 1814 sua
1068 1787 1148 1815 Pater
1164 1788 1296 1824 deligens,
1313 1793 1341 1816 ut
1353 1796 1480 1817 coronam
1491 1788 1561 1816 Filio
1574 1796 1622 1816 suo
1634 1788 1789 1823 circumpo-

1002 1833 1050 1866 nit,
1064 1838 1092 1861 et
1116 1834 1191 1869 regio
1212 1835 1367 1863 diademate
1387 1833 1588 1862 multitudinem
1608 1839 1724 1862 exornat
1737 1841 1786 1862 eo-

1001 1889 1071 1914 rum,
1089 1881 1135 1917 qui
1153 1889 1203 1917 per
1221 1881 1308 1918 ipsum
1329 1885 1358 1910 et
1376 1881 1411 1909 ab
1421 1880 1496 1921 "ipso
1509 1881 1624 1909 salutem
1643 1885 1707 1909 sunt
1720 1888 1798 1909 con-7

1000 1928 1084 1956 secuti

1040 2019 1092 2047 «Et
1104 2019 1212 2047 vocabit
1228 2022 1253 2047 te
1270 2026 1381 2047 nomine
1397 2027 1479 2052 novo,
1496 2021 1569 2056 quod
1592 2021 1722 2049 Dominus
1736 2028 1789 2049 no-

1000 2063 1129 2098 minabit;
1143 2074 1153 2091 ι
1169 2065 1196 2092 id
1210 2069 1262 2099 est,
1278 2065 1428 2094 secundum
1448 2065 1616 2094 voluntatem
1633 2074 1721 2095 meam
1738 2075 1787 2095 no-

1000 2111 1156 2139 minabitur.

1035 2156 1122 2185 Vcns.
1133 2158 1160 2191 ι,
1175 2157 1201 2185 5.
1222 2165 1232 2183 ‹
1244 2158 1277 2185 Et
1290 2165 1344 2185 non
1356 2158 1498 2187 vocaberis
1513 2159 1586 2187 ultra
1602 2158 1746 2192 derelicta,
1758 2163 1791 2187 et-

1003 2207 1077 2233 lerra
1098 2209 1144 2232 tua
1164 2213 1218 2232 non
1236 2205 1379 2233 vocabitur
1396 2205 1466 2233 ultra
1489 2206 1599 2234 deserta
1617 2215 1629 2233 ε
1643 2205 1786 2234 vocaberis

161 2246 267 2282 θέλημα
281 2248 346 2283 ἐμόν
356 2257 362 2263 -
377 2249 423 2275 καὶ
437 2250 455 2284 ή
468 2249 502 2285 γῆ
517 2258 574 2284 σου,
590 2251 745 2287 οἰκουμένη·
766 2252 807 2278 ὅτι
820 2252 948 2288 εὐδόκησε

1002 2249 1071 2276 enim
1094 2249 1219 2277 voluntas
1238 2257 1316 2282 mea;
1335 2254 1363 2277 et
1388 2254 1546 2284 terra,tua,
1570 2250 1705 2282 habitata,
1721 2249 1786 2284 quia

161 2292 264 2328 Κύριος
278 2294 306 2320 ἐν
316 2295 367 2327 σοὶ,
380 2295 427 2322 καὶ
441 2296 457 2331 ἠ
469 2295 505 2331 γῆ
522 2305 569 2323 σου
587 2298 833 2334 συνοικισθήσεται.
844 2299 899 2325 Kal
911 2299 949 2331 ὠς

160 2339 291 2367 συνοικῶν
305 2341 444 2373 νεανίσκος
457 2342 592 2379 παρθένῳ.
612 2343 683 2370 οὕτω
701 2345 908 2381 κατοικήσουσιν
923 2345 949 2371 si

160 2383 214 2410 υῐοι
226 2393 281 2411 σου.
300 2386 354 2412 Kal
366 2386 439 2413 ἐσται
449 2387 478 2413 ὃν
490 2388 589 2423 τρόπον
605 2388 821 2425 εὐφρανθήσεται
832 2390 948 2426 νυμφίος

159 2429 206 2456 ἐπὶ
220 2430 323 2466 νύμφῃ,
341 2431 427 2464 οὕτως
450 2433 664 2469 εὐφρανθήσεται
680 2434 782 2470 Κύριος
799 2435 846 2462 ἐπὶ
864 2435 915 2462 σοι.
936 2445 946 2462 ι

166 2474 210 2501 Ἐν
223 2475 261 2511 τῷ
278 2476 363 2512 καινῷ
379 2477 456 2504 αίῶνι
473 2478 521 2514 τῆς
532 2479 650 2514 Χριστοῦ
663 2480 801 2515 βασιλείας
815 2482 948 2518 συστήσε-

158 2528 214 2551 ται,
231 2521 330 2556 μόνους
344 2522 442 2555 ἕξουσα
458 2524 602 2561 οἰκήτορας
621 2526 684 2558 τοὺς
703 2527 758 2554 τῶν
777 2527 949 2563 ἐπαγγελιῶν

159 2566 205 2592 τοῦ
221 2566 288 2594 Θεοῦ
304 2568 602 2605 καταξιωθήσομένους,
622 2572 646 2599 οἳ
659 2573 706 2600 καὶ
721 2574 750 2600 ἐν
766 2574 885 2611 τοσαύτῃ
901 2574 949 2601 θυ-

159 2611 242 2648 μηδίᾳ
264 2612 313 2639 καὶ
329 2612 483 2650 εὐφροσύνῃ
498 2614 642 2648 διάξουσιν,
666 2617 705 2648 ὡς
725 2617 797 2644 ἔοικε
815 2618 948 2654 νεανίσκῳ

158 2656 229 2692 ἁγιῳ
250 2658 327 2693 ἀνδρὶ
346 2659 451 2686 συνόντι
471 2660 597 2697 παρθένῳ
621 2662 737 2699 καθαρᾷ,
759 2664 882 2699 οὐδαμῶς
897 2664 948 2700 μὲν

159 2703 245 2739 αὐτῆς
269 2704 319 2740 τὴν
346 2704 494 2742 παρθενίαν
522 2707 674 2735 σπιλοῦντι·
697 2711 730 2745 τῇ
749 2710 777 2736 δέ
798 2710 893 2746 ἁγνείᾳ
912 2713 945 2748 τῇ

159 2750 309 2786 παρθενικῇ
327 2752 375 2778 καὶ
390 2753 422 2788 τῇ
441 2752 548 2789 καθαρᾷ
563 2755 747 2792 συνδιατριϐῇ,
767 2757 813 2784 καὶ
830 2758 947 2785 συνοικεί¹

160 2796 289 2832 χαίροντι.
302 2797 358 2824 Kal
370 2798 394 2824 oi
410 2798 458 2834 μὲν
470 2799 522 2825 υἱοί
537 2808 584 2826 σου
597 2799 684 2832 οὕτως
698 2801 929 2838 εὐῳρανθήσονται
938 2812 944 2819 ο

194 2887 217 2905 ’⁸
229 2889 307 2918 Rom.
327 2898 374 2925 vn,
388 2890 433 2919 24.
503 2891 526 2908 ¹⁸
541 2891 561 2920 ll
578 2891 647 2920 Tim.
666 2900 703 2925 tv,
721 2893 747 2920 7.

1001 2295 1164 2330 complacuit
1181 2295 1234 2323 sibi
1254 2295 1386 2323 Dominus
1396 2294 1425 2322 in
1439 2299 1475 2329 te,
1485 2301 1512 2323 et
1527 2291 1598 2323 terra
1613 2299 1658 2322 tua
1677 2294 1786 2322 inhabi-

1001 2342 1118 2369 tabitur.
1133 2341 1167 2368 Et
1191 2341 1262 2369 sicut
1280 2341 1385 2369 habitat
1399 2341 1506 2376 juvenis
1529 2349 1590 2369 cum
1615 2340 1733 2376 virgine,
1747 2341 1788 2369 sic

1001 2387 1162 2416 habitabunt
1171 2387 1218 2415 lilii
1235 2387 1286 2415 tui.
1302 2387 1335 2415 Et
1354 2388 1417 2421 erit,
1436 2387 1664 2423 quemadmodum
1680 2386 1788 2414 laetabi-

1001 2438 1044 2462 tur
1066 2441 1183 2469 sponsus
1206 2441 1288 2469 super
1314 2440 1424 2468 sponsa,
1439 2433 1479 2461 sic
1502 2432 1639 2460 lzetabitur
1655 2431 1794 2460 Dominus

1001 2480 1027 2508 in
1047 2484 1082 2507 te.
1096 2489 1106 2506 ι
1126 2479 1167 2507 Ea
1182 2479 1208 2507 in
1226 2487 1295 2507 novo
1310 2480 1409 2507 saeculo
1427 2478 1504 2514 regni
1521 2478 1623 2506 Christi
1637 2479 1786 2506 constitue-

1001 2529 1054 2559 tur,
1071 2532 1172 2560 eosque
1186 2530 1290 2553 tantum
1307 2524 1412 2553 incolas
1427 2525 1548 2559 habebit,
1562 2525 1607 2559 qui
1628 2524 1786 2559 promissio-

1000 2578 1064 2599 num
1089 2571 1136 2600 Dei
1157 2571 1258 2608 dignati
1279 2571 1399 2605 fuerint;
1420 2572 1466 2607 qui
1489 2572 1517 2599 in
1542 2576 1616 2600 tanto
1641 2572 1740 2607 gaudio
1759 2577 1787 2600 et

1000 2618 1093 2646 laetitia
1122 2618 1316 2651 versabuntur,
1336 2622 1366 2645 ut
1385 2617 1537 2652 comparari
1563 2618 1671 2653 possint
1692 2617 1786 2652 juveni

1001 2669 1028 2692 et
1042 2669 1136 2692 sancto
1150 2665 1208 2692 viro
1223 2671 1283 2691 cum
1299 2671 1365 2698 pura
1381 2664 1486 2699 virgine
1499 2665 1618 2699 degenti,
1636 2671 1686 2692 nec
1697 2669 1786 2691 tamen

1000 2710 1058 2745 ejus
1079 2718 1194 2745 unquam
1209 2711 1390 2746 virginitatem
1417 2711 1572 2743 temeranti,
1594 2709 1641 2738 sed
1658 2710 1685 2738 in
1705 2709 1788 2737 casti-

1001 2762 1055 2786 tate
1081 2758 1216 2793 virginali,
1234 2763 1261 2786 et
1276 2766 1341 2793 pura
1357 2758 1580 2791 conversatione,
1591 2766 1653 2786 cum
1670 2762 1726 2785 tota
1742 2757 1786 2786 do-

1002 2813 1044 2833 mo
1068 2804 1205 2840 gaudenti.
1228 2804 1261 2832 Et
1280 2804 1326 2832 lilii
1347 2804 1456 2840 quidem
1473 2804 1511 2832 tui
1536 2804 1572 2832 ita
1601 2804 1788 2838 laetabuntur;
