2061 3215
315 202 368 231 499

649 194 786 224 EUSEBil
804 190 1042 220 CASSARIENSIS
1060 190 1107 218 ΟΡ]

1158 188 1248 216 ΡΑΠὸ
1266 186 1310 214 lll.
1331 201 1364 206 --
1384 183 1589 213 EXEGETICA.

1881 179 1932 210 500

316 262 373 295 Ipse
398 263 463 285 vero
488 254 620 282 Dominus
631 257 684 284 est.
699 251 745 286 qui
759 256 784 279 te
803 254 924 278 sanctam
937 248 1102 281 Ecclesiam,

1156 244 1234 276 αὐτὸς
1246 243 1274 270 δὲ
1288 243 1302 269 ὁ
1317 241 1418 277 Κύριος
1432 241 1482 277 τὴν
1498 238 1595 267 ἑαυτοῦ
1612 238 1719 274 νύμφην
1738 235 1890 269 ἀπολαϐὼν,
1902 238 1930 264 οὶ

315 302 444 340 perfectis
474 299 604 327 membris
633 301 818 329 constantem,
833 303 867 323 ex
892 295 984 330 prisco
1007 299 1104 328 nempe

318 349 418 385 populo
432 352 460 375 et
478 347 529 374 hoc
550 351 620 372 novo
638 351 672 371 ex
692 342 817 378 gentibus
836 340 956 373 coeunti,
976 340 1001 366 in
1019 347 1103 374 spon-

316 405 373 425 sam
392 395 507 429 accepit.
528 392 629 420 Deinde
654 390 803 418 Ecclesiam
827 389 913 424 ipsam
930 387 1097 422 alloquitur:

316 441 401 476 llujus
426 440 473 467 filii
500 438 647 467 secundum
666 443 775 464 carnem
797 434 907 462 fuerunt
921 433 1004 460 divini
1018 432 1101 460 disci-

315 487 382 524 puli,
398 487 443 523 qui
465 491 599 513 summam
623 489 690 517 erga
713 482 800 517 ipsam
825 480 990 508 charitatem
1007 484 1101 505 serva-

316 539 396 567 runt;
423 533 460 560 ita
488 536 518 559 ut
546 530 590 557 illa
615 528 726 557 dilectio
747 526 846 555 similis
867 526 992 553 videatur
1011 524 1036 552 ei
1049 531 1102 559 qua

315 579 427 606 alTectus
442 581 484 604 est
497 575 606 612 juvenis
617 581 678 602 cum
695 572 800 607 virgine
812 571 949 599 habitans.
965 569 1011 597 Sic
1028 569 1104 596 laeta-

315 625 390 652 bitur
419 622 550 650 Dominus
576 627 659 655 super
679 623 718 651 te,
743 616 971 652 quemadmodum
989 621 1103 650 sponsus

315 677 397 705 super
415 674 526 703 sponsa.
544 665 652 693 Etenim
666 664 700 691 de
724 663 796 691 cutio
811 661 952 690 descendit
978 661 1103 696 unigeni-

316 721 373 743 tum
394 714 442 742 Dei
457 712 587 744 Verbum,
603 715 633 738 ut
648 710 819 738 frnctiferam
834 708 991 736 ostenderet
1008 707 1103 735 Eccle-

315 762 396 795 siam,
419 766 500 795 quam
526 758 583 793 ipse
607 757 659 785 sibi
684 756 818 791 virginem
847 759 951 783 castam
971 754 1102 786 admovit,

315 815 370 836 non
385 806 531 834 habentem
545 803 680 831 maculam
703 809 790 837 neque
808 801 933 834 sordem,
946 800 1000 828 imo
1016 800 1103 835 potius

318 856 440 880 sanctam
454 855 482 877 et
500 848 712 877 immaculatam.
736 847 778 874 Ab
795 846 841 873 illo
859 845 943 881 igitur
955 845 1103 880 evangelici

319 897 438 926 instituti
458 896 562 924 semina
580 894 729 928 accipiens,
746 892 933 926 spiritualibus
959 891 1102 919 sacriﬁciis

317 949 345 972 ct
365 943 468 972 sanctis
483 942 610 978 operibus
622 940 767 975 fulgentem
781 946 908 974 sponsam
922 937 1054 966 exhibuit.

352 1032 435 1060 Vsus.
452 1031 512 1059 6-8.
531 1031 586 1058 «Et
610 1037 691 1065 super
714 1035 808 1057 muros
837 1033 911 1061 tuos,
939 1027 1103 1061 Jerusalem,

316 1074 444 1105 constitui
459 1075 585 1103 custodes
600 1079 655 1102 tota
672 1074 716 1101 die
740 1080 768 1101 et
785 1079 840 1102 tota
861 1077 951 1105 nocte.
971 1073 1017 1109 qui
1035 1081 1105 1100 nun-

315 1130 397 1159 quam
419 1122 557 1154 tacebunt,
579 1127 714 1148 memores
737 1119 853 1147 Domini.
885 1118 944 1147 Non
968 1122 1010 1146 est
1031 1117 1104 1146 enim

315 1169 396 1197 vobis
414 1168 524 1201 similis,
539 1167 562 1194 si
580 1166 712 1201 corrigat,
730 1170 758 1193 et
769 1164 852 1192 faciat
868 1163 1021 1192 Jerusalem
1039 1171 1105 1199 gau—

315 1215 390 1243 dium
403 1214 433 1241 in
447 1218 527 1241 terra.
544 1211 650 1239 Iuravit
670 1210 800 1238 Dominus
816 1217 866 1245 per
886 1209 1001 1245 gloriam
1015 1216 1104 1241 suam,

316 1263 345 1286 et
360 1264 408 1292 per
422 1255 608 1283 fortitudinem
624 1254 730 1282 brachii
743 1254 794 1281 sui.
806 1263 815 1280 ι
830 1253 900 1281 Olim
917 1254 1017 1289 quippe
1030 1259 1105 1288 gesta

317 1308 382 1331 sunt
398 1301 462 1334 ista,
476 1308 537 1328 cum
562 1299 680 1327 fructum
695 1306 774 1326 suum
790 1299 819 1326 in
832 1298 924 1326 cibum
939 1298 1038 1326 darent
1055 1299 1105 1326 ini-

318 1347 401 1375 micis
424 1347 481 1380 Dei,
505 1347 532 1374 id
552 1350 673 1382 agentes,
694 1345 721 1373 id
746 1350 885 1380 curantes,
902 1350 932 1373 ut
956 1350 1031 1381 gesta
1057 1353 1105 1373 sua

318 1393 490 1422 dmmonibus
512 1399 575 1420 esca
604 1395 706 1419 essent.
731 1390 791 1419 Jam
814 1399 880 1418 vero
901 1391 943 1423 iis,
961 1392 1006 1426 qui
1032 1399 1106 1430 povo

318 1438 419 1467 saeculo
444 1438 563 1466 donandi
582 1442 609 1465 et
623 1437 756 1473 promissa
774 1438 913 1473 accepturi
941 1442 1015 1472 sunt,
1029 1438 1105 1465 iura-

317 1489 410 1514 mento
422 1484 552 1512 Dominus
560 1484 686 1516 aﬂirmat,
696 1490 726 1511 se
739 1491 791 1511 non
801 1484 916 1518 amplius
932 1484 1049 1511 inimicis
1060 1484 1107 1511 da-

319 1536 409 1558 turum
425 1537 485 1565 esse
504 1530 610 1558 fructus
625 1537 729 1562 eorum,
751 1530 799 1558 sed
824 1530 900 1564 ipsos
920 1530 954 1557 iis
976 1529 1107 1557 fruituros

320 1583 393 1604 esse.
410 1575 478 1602 Nam
501 1582 563 1603 cum
584 1575 700 1610 probam
716 1575 798 1602 vitam
823 1580 902 1610 agant
928 1582 959 1602 ac
980 1574 1106 1610 religiose

318 1627 478 1654 versentur.
497 1629 604 1657 atquum
624 1629 689 1649 sane
709 1626 751 1649 est
775 1626 805 1649 ut
825 1607 944 1657 propriis
972 1607 1106 1657 gaudeant
1120 1607 1141 1636 (ί

320 1668 464 1696 fructibus.
484 1677 494 1694 ‹
509 1669 538 1696 Si
551 1669 622 1695 ultra
639 1668 741 1696 dedero
756 1668 878 1696 triticum
900 1671 987 1701 tuum,
1002 1671 1031 1694 et
1054 1667 1106 1694 ali-

321 1719 413 1743 menta
425 1719 471 1743 tua
484 1715 602 1742 inimicis
615 1714 679 1747 tuis,
690 1718 719 1742 et
732 1714 754 1741 si
770 1714 841 1741 ultra
852 1713 949 1742 bibant
961 1713 1011 1741 filii
1024 1713 1106 1742 alieni

320 1762 413 1789 vinum
429 1765 518 1795 tuum,
532 1761 560 1789 in
573 1768 628 1797 quo
642 1760 772 1789 laborain
785 1768 794 1787 :

357 1851 440 1880 Vsus.
458 1851 485 1880 9.
510 1860 520 1878 ε
533 1850 586 1880 Sed
606 1850 653 1887 qui
676 1850 850 1886 collegerint,
862 1850 1004 1878 comedent
1018 1857 1065 1883 ea,
1080 1854 1108 1878 et

319 1897 469 1924 laudabunt
484 1896 642 1929 Dominum,
655 1901 682 1925 et
696 1896 743 1931 qui
759 1896 998 1932 congregaverint,
1014 1896 1107 1924 bibent

323 1950 355 1970 ea
367 1943 394 1970 in
411 1943 489 1970 atriis
505 1943 609 1971 sanctis
630 1943 708 1970 meis.
720 1952 730 1969 ι
748 1942 812 1970 Haec
823 1949 889 1970 vero
902 1942 1003 1970 fuerint
1016 1942 1107 1971 multa

326 1988 380 2016 illa:
392 1989 548 2017 mansiones
563 1989 634 2024 apud
653 1989 772 2017 Patrem.

359 2034 440 2063 Vsus.
460 2035 505 2062 10.
525 2044 535 2061 ‹
550 2036 588 2063 lte
604 2043 653 2070 per
663 2041 758 2070 portas
772 2043 856 2063 meas.
869 2045 879 2062 ι
894 2036 942 2064 His
958 2043 1040 2071 porro
1055 2043 1105 2064 no—
1139 2045 1144 2051 ·

320 2079 365 2108 bis
379 2081 604 2108 considerandam
620 2080 701 2108 offert
724 2081 866 2109 caelestem
884 2081 933 2108 Dei
955 2081 1106 2114 civitatem,

321 2124 434 2159 ejusque
451 2129 544 2159 portas
559 2132 567 2150 :
582 2132 643 2159 qua:
666 2124 757 2152 omnia
781 2124 809 2151 in
836 2124 892 2156 illo,
912 2124 983 2159 quod
999 2124 1108 2159 pollice-

321 2175 378 2204 tur,
393 2170 493 2198 saculo
513 2170 603 2205 dignis
616 2171 780 2205 pandentur,
797 2178 829 2198 ac
844 2171 970 2198 dicetur:
990 2180 999 2196 ε
1009 2170 1047 2198 Ite
1059 2178 1108 2205 per

319 2220 416 2252 portas
432 2223 519 2249 meas,
530 2220 557 2243 et
572 2217 643 2244 viam
660 2215 740 2243 facite
757 2215 854 2251 populo
867 2223 937 2248 meo,
952 2215 1108 2251 lapidesque

320 2263 355 2290 de
368 2263 410 2290 via
422 2261 555 2297 projicite.
571 2262 679 2289 Elevats
692 2262 797 2297 signum
816 2263 841 2289 in
860 2267 963 2297 gentes.
976 2271 987 2288 ›
999 2262 1107 2289 Nullum

321 2308 403 2338 enim.
418 2307 517 2343 inquit,
533 2307 766 2343 impedimentum,
783 2307 871 2334 nullus
885 2307 955 2335 obex
969 2306 1033 2339 erit,
1055 2313 1109 2334 non

320 2354 435 2387 invidia,
447 2361 499 2381 non
513 2354 593 2386 livor,
609 2361 661 2381 non
669 2358 815 2388 praetextus
828 2354 975 2389 quispiam,
989 2361 1042 2381 non
1055 2353 1110 2381 daa-

325 2407 398 2433 mon,
414 2407 466 2427 non
485 2400 598 2435 spiritus
621 2399 766 2434 malignus.
784 2407 837 2427 non
853 2400 1011 2428 adversaria
1034 2405 1111 2436 pote-

320 2452 377 2474 stas
396 2446 484 2473 oberit
510 2445 606 2481 populo
625 2453 696 2479 meo,
718 2446 861 2482 quominus
880 2446 906 2474 in
923 2454 1037 2482 regnum
1052 2454 1110 2474 cce-

321 2491 411 2520 iorum
434 2493 613 2527 ingrediatur.
629 2492 693 2521 Haec
708 2497 800 2521 autem
819 2493 983 2528 quibusdam
1008 2493 1111 2528 angeli-

322 2538 364 2566 cis
380 2538 526 2566 virtutibus
542 2539 677 2566 dicentur.

360 2627 442 2656 Vens.
455 2629 500 2662 Η,
514 2628 558 2657 η.
574 2638 584 2654 ι
596 2628 665 2656 Ecce
676 2629 748 2656 enim
760 2628 890 2657 Dominus
904 2629 1025 2656 auditum
1046 2628 1110 2656 fecit

324 2680 412 2706 usque
431 2673 464 2700 ad
484 2679 637 2700 extremum
654 2678 743 2706 terrm,
762 2674 849 2701 Dicite
866 2674 927 2701 filiae
948 2673 1025 2705 Sion,
1043 2674 1112 2700 Ecce

324 2716 450 2745 Salvator
465 2719 511 2746 tibi
527 2719 600 2746 venit
612 2720 715 2747 habens
731 2720 882 2747 mercedem
903 2727 991 2751 suam,
1004 2724 1031 2746 et
1044 2725 1112 2753 opus

323 2768 485 2792 euum‘ante
502 2764 598 2792 faciem
621 2773 709 2794 suam.
730 2766 760 2794 Et
782 2766 891 2794 vocabit
905 2774 966 2793 eum
983 2765 1110 2800 populum

325 2813 463 2841 sanctum,
481 2811 650 2846 redemptum
679 2821 693 2839 a
720 2812 845 2849 Domino.
863 2812 902 2840 Tu
920 2817 1009 2839 autem
1028 2819 1110 2839 voca-

326 2851 400 2879 beris
417 2853 546 2887 requisita
561 2855 670 2889 civitas,
684 2862 711 2884 et
735 2865 786 2884 non
820 2857 925 2884 relicta.
940 2866 949 2882 ι
964 2855 1002 2884 Ne
1018 2856 1113 2884 existi-

325 2902 383 2925 met
409 2898 555 2932 quispiam,
574 2901 620 2934 ait,
646 2902 702 2931 haec
724 2904 756 2931 de
781 2903 893 2932 Iudaico
920 2903 1019 2939 popqu
1037 2903 1111 2931 dici:

1153 290 1202 326 τὴν
1217 289 1298 324 ἁγίαν
1314 287 1486 323 Ἐκκλησίαν,
1514 288 1546 313 ὲκ
1562 285 1671 312 τελείων
1699 283 1785 319 μελῶν
1802 283 1929 310 συνεστῶ-

1153 344 1213 367 σαν,
1241 335 1273 362 ἐκ
1288 343 1317 362 τε
1341 333 1388 360 τοῦ
1409 331 1542 368 προτέρου
1563 330 1628 358 λαοῦ
1650 329 1759 357 καὶτοῦ
1771 329 1832 356 νέου
1851 328 1931 362 τοῦὲξ

1152 382 1246 409 ἐθνῶν.
1261 378 1327 408 Εἶτα
1352 379 1399 407 καὶ
1418 378 1487 415 πρὸς
1503 378 1553 413 τὴν
1570 376 1732 412 Ἐκκλησίαν
1747 376 1864 402 ποιεῖται
1875 374 1930 407 τοὺς

1152 427 1247 461 λόγους
1256 435 1264 441 ·
1274 425 1375 460 ταύτης
1388 423 1532 458 γεγόνασιν
1548 422 1602 448 υἱοὶ
1619 420 1688 447 κατὰ
1701 420 1790 455 σάρκα
1804 420 1829 445 ot
1843 417 1932 445 θεσπέ-

1154 481 1205 499 σιοι
1221 470 1349 507 μαθηταὶ,
1360 469 1409 505 τὴν
1419 468 1561 503 είς.ἇκραν
1572 467 1657 502 αὐτῆς
1670 465 1802 498 σώζοντες
1813 464 1916 499 ἀγάπην
1924 473 1932 480 ν

1153 517 1222 544 diem
1251 517 1339 543 δοκεῖν
1366 514 1416 550 τὴν
1442 512 1591 548 γενομένην
1606 509 1806 546 φιλοστοργίαν,
1821 507 1865 536 οἶά
1888 518 1933 545 περ

1152 563 1286 599 νεανίσκῳ
1306 560 1475 597 συνῳκηκότι
1491 558 1626 594 παρθένῳ.
1645 556 1738 588 Οὕτως
1756 555 1932 591 εὐφρανθήσε-

1152 618 1197 636 ται
1214 608 1316 644 Κύριος
1328 604 1376 633 ἐπὶ
1389 605 1441 637 σοὶ,
1455 603 1581 640 καθάπερ
1594 602 1688 638 ἀμέλει
1708 601 1754 628 καί
1768 600 1882 636 νυμφίος
1895 600 1934 626 ἐπὶ

1153 655 1257 691 νύμφῃ.
1273 652 1417 687 Καθήκετο
1435 651 1489 687 γὰρ
1515 649 1544 683 ἐξ
1559 648 1682 684 οὐρανῶν
1701 647 1716 673 ὁ
1732 645 1878 682 μονογενὴς
1894 644 1936 672 τοῦ

1153 700 1219 728 Θεοῦ
1236 700 1332 734 Λόγος,
1349 697 1382 724 ἵν’
1398 697 1536 732 ἔγκαρπον
1558 694 1685 730 ἀποφήνῃ
1699 692 1750 729 τὴν
1769 691 1934 726 Ἐκκλησίαν,

1154 747 1187 783 ἧν
1198 745 1278 778 αὐτὸς
1291 744 1380 780 ἑαυτῷ
1396 743 1553 779 παρέστησε
1565 740 1697 777 παρθένον
1711 739 1809 774 ἁγνὴν,
1823 738 1860 774 μὴ
1869 737 1935 773 ἔχου-

1155 801 1204 820 σαν
1223 792 1315 819 σπίλον
1334 791 1351 826 ἢ
1370 790 1477 826 ῥυτίδα·
1501 788 1581 822 ἁγίαν
1595 787 1623 813 δὲ
1640 785 1739 822 μᾶλλον
1757 785 1805 812 καὶ
1818 785 1933 820 ἄμωμον.

1153 837 1292 873 Δεξαμένη
1311 835 1400 862 τοίνυν
1417 834 1483 870 παρῗ
1502 832 1582 860 αὑτοῦ
1604 831 1653 866 τῆς
1672 829 1854 864 εύαγγελικῆς
1866 828 1934 855 πολι-

1153 884 1228 915 τείας
1249 882 1285 908 τὰ
1304 881 1459 916 σπέρματα,
1476 877 1672 913 πνευματικαῖς
1685 875 1793 906 θυσίαις
1810 875 1857 901 καὶ
1869 875 1937 908 άγιο·

1117 932 1140 961 Β
1157 929 1275 966 πρεπέσι
1288 925 1482 962 κατορθώμασι
1494 924 1543 960 τὴν
1565 922 1675 959 νύμφην
1687 921 1881 948 ὲκλάμπουσαν
1893 920 1936 947 ἀπ-

1153 975 1195 1001 te:
1200 974 1261 1007 ιξεν.
1928 990 1931 992 .

1192 1029 1202 1047 ι
1222 1020 1278 1047 Καὶ
1296 1019 1343 1046 επὶ
1358 1017 1412 1045 τῶν
1425 1015 1522 1051 τειχῶν
1535 1023 1593 1047 σου,
1609 1011 1798 1050 Ἰερουσαλὴμ,
1814 1011 1938 1046 κατέπη-

1155 1076 1189 1094 σα
1201 1066 1326 1102 φύλακας
1343 1064 1407 1099 ὃλην
1425 1063 1474 1098 τὴν
1488 1061 1594 1097 ἡμέραν
1612 1059 1660 1087 καὶ
1672 1059 1735 1095 ὃλην
1748 1058 1800 1094 τὴν
1812 1057 1903 1089 νύκτα,
1915 1056 1938 1083 οἱ

1154 1114 1198 1141 διὰ
1210 1113 1303 1145 τέλους
1314 1111 1344 1138 οὒ
1361 1109 1589 1145 σιωπηθήσονται,
1603 1105 1820 1142 μιμνησκόμενοι
1832 1103 1936 1142 Κυρίου.

1156 1161 1213 1187 Οὐκ
1227 1159 1285 1186 ἔστι
1299 1158 1353 1193 γὰρ
1367 1157 1430 1192 ὑμῖν
1443 1155 1545 1190 ὅμοιος,
1562 1153 1609 1180 ἐὰν
1621 1151 1766 1188 διορθώοῃ,
1785 1150 1833 1177 καὶ
1848 1149 1937 1184 ποιήσῃ

1160 1204 1339 1241 Ἰερουσαλὴμ
1354 1201 1498 1238 γαυρίαμα
1513 1199 1563 1226 ἐπὶ
1584 1199 1634 1234 τῆς
1654 1199 1716 1234 γῆς,
1730 1197 1834 1232 Ὠμοσε
1847 1195 1938 1231 Κύριος

1155 1251 1226 1279 κατὰ
1235 1251 1286 1287 τῆς
1298 1249 1377 1285 δόξης
1394 1246 1488 1278 αὐτοῦ,
1501 1246 1547 1273 καὶ
1561 1245 1631 1272 κατὰ
1646 1245 1696 1280 τῆς
1709 1243 1802 1279 ἰσχύος
1817 1241 1863 1269 τοῦ
1878 1242 1937 1278 βρα-

1156 1298 1244 1333 χίονος
1259 1294 1352 1322 αὑτοῦ.
1370 1303 1380 1320 ›
1400 1292 1488 1319 Πάλαι
1509 1292 1557 1328 μὲν
1572 1291 1627 1327 γὰρ
1642 1289 1727 1317 ταῦτα
1743 1289 1864 1323 ἐγένετο,
1877 1289 1938 1322 όπη-

1156 1345 1220 1371 νίκα
1232 1343 1278 1370 τδν
1287 1341 1391 1369 ἑαυτῶν
1405 1341 1509 1378 καρπὸν
1521 1339 1620 1376 βρῶμα
1631 1339 1760 1374 παρεῖχον
1770 1338 1829 1368 τοῖς
1843 1336 1938 1372 ἐχθροῖς

1155 1389 1202 1416 τοῦ
1222 1387 1301 1420 Θεοῦ,
1320 1385 1432 1412 τοιαῦτα
1455 1385 1618 1421 πράττοντες
1642 1383 1689 1409 καὶ
1707 1382 1882 1417 ἐνεργοῦντες
1905 1379 1938 1411 ὡς

1156 1434 1301 1470 δαιμονίων
1313 1432 1437 1468 γίνεσθαι
1446 1430 1549 1467 τροφὴν
1564 1429 1612 1461 τὰς
1624 1428 1728 1456 ἑαυτῶν
1743 1427 1858 1464 πράξεις
1867 1435 1874 1442 ο
1887 1425 1938 1453 νυνὶ

1156 1480 1185 1507 δὲ
1201 1481 1257 1511 τοῖς
1270 1479 1317 1506 τοῦ
1333 1478 1394 1505 νέου
1411 1476 1508 1508 αἰῶνος
1523 1473 1818 1509 καταξιωθησομένοις,
1835 1470 1938 1499 καὶτῶν

1157 1524 1371 1562 ἐπηγγελμένων
1391 1522 1572 1558 τευξομένοις,
1589 1521 1664 1557 ὅρκῳ
1682 1519 1797 1556 ὄμνυσιν
1817 1520 1832 1546 ὁ
1848 1518 1938 1554 Κύριος

1160 1573 1258 1610 μηκέτι
1271 1571 1366 1599 δώσειν
1382 1570 1489 1606 ἐχθροῖς
1502 1568 1566 1599 τοὺς
1579 1566 1702 1602 καρποὺς
1713 1564 1815 1597 αὐτῶν,
1832 1563 1885 1591 ἀλλ’
1898 1563 1939 1589 αὺ-

1158 1609 1221 1649 τούς
1237 1616 1327 1644 αὐτῶν
1343 1614 1499 1642 ἀπολαύειν.
1523 1611 1729 1648 Κατορθοῦντας
1753 1610 1811 1647 γὰρ
1830 1610 1875 1636 τὸν
1886 1609 1938 1636 κατ’

1159 1663 1259 1700 ἀρετὴν
1273 1662 1329 1698 βίον
1339 1662 1387 1689 καὶ
1401 1659 1533 1691 θεοσεϐῶς
1543 1658 1694 1692 διάγοντας,
1709 1656 1815 1684 δίκαιον
1833 1655 1883 1682 τῶν
1899 1654 1939 1681 ol-

1159 1709 1242 1736 κιείων
1256 1707 1403 1736 ἀπολαύειν
1414 1705 1538 1742 καρπιῖιν.
1557 1714 1567 1731 ι
1580 1705 1612 1731 Εἰ
1624 1702 1746 1730 tuatim
1754 1703 1802 1729 τὸν
1810 1701 1879 1728 σῖτόν
1887 1708 1938 1733 σου,

1159 1756 1206 1783 καὶ
1223 1755 1256 1782 τὰ
1271 1753 1403 1790 βρώματά
1417 1761 1464 1779 σου
1474 1753 1530 1784 τοῖς
1542 1750 1649 1787 ἐχθροῖς
1662 1758 1720 1782 σου,
1729 1749 1778 1776 καὶ
1790 1749 1830 1776 ἑτι
1844 1748 1938 1774 πίονται

1161 1802 1214 1829 υιοὶ
1224 1801 1359 1836 ἀλλότριοι
1388 1799 1434 1826 τὸν
1455 1797 1527 1826 οἶνόν
1548 1807 1608 1830 σου,
1631 1793 1707 1832 ὲφίἶ)
1723 1795 1891 1831 ἐμόχθησας·

1199 1847 1267 1875 Ἀλλ’
1289 1847 1315 1874 οἱ
1333 1845 1532 1880 συναγαγόντες
1552 1843 1684 1878 φάγονται
1700 1840 1783 1874 αὐτὰ,
1807 1840 1853 1868 καὶ
1877 1837 1939 1866 αἰνέ-

1161 1903 1236 1922 σουσι
1250 1893 1362 1930 Κύριον,
1385 1891 1433 1919 καὶ
1450 1892 1474 1918 οἱ
1497 1889 1695 1924 συναγαγόντες
1712 1888 1821 1914 πίονται
1834 1886 1899 1930 αὑτά
1914 1885 1938 1911 ὲν

1159 1941 1218 1972 ταῖς
1245 1927 1376 1966 ἐπα-ύλεσι
1394 1938 1454 1969 ταῖς
1475 1936 1567 1971 ἁγίαις
1594 1944 1656 1970 μου.
1672 1943 1682 1960 ι
1704 1931 1766 1961 Εἶεν
1783 1933 1806 1960 δ’
1821 1932 1853 1960 ἂν
1869 1927 1938 1957 αὗται

1159 1986 1188 2013 αί
1201 1985 1295 2013 πολλαὶ
1309 1984 1389 2021 μοναὶ
1401 1984 1429 2010 αἱ
1444 1982 1520 2019 παρὰ
1529 1981 1567 2017 τῷ
1580 1980 1677 2017 Πατρί.

1200 2041 1210 2058 r
1227 2030 1378 2068 Πορεύεσθε
1395 2029 1440 2056 διὰ
1451 2028 1506 2056 τῶν
1521 2027 1613 2054 πυλῶν
1629 2035 1690 2062 μου.
1711 2035 1721 2053 ι
1737 2026 1819 2053 Νοεῖν
1838 2024 1866 2052 δὲ
1883 2022 1940 2058 ἡμῖν

1160 2078 1275 2114 παρέχει
1291 2076 1336 2104 διὰ
1350 2075 1453 2103 τούτων
1471 2074 1520 2110 τὴν
1535 2072 1695 2108 ἐπουράνιον
1713 2071 1760 2099 τοῦ
1778 2071 1846 2098 Θεοῦ
1862 2069 1938 2100 πόλιν,

1161 2124 1268 2156 καὶτὰς
1284 2119 1368 2158 αὐτῆς
1384 2121 1471 2152 πύλας
1480 2128 1486 2135 ·
1502 2119 1520 2147 ἃ
1532 2119 1564 2154 δὴ
1575 2118 1664 2146 πάντα
1676 2118 1746 2145 κατὰ
1758 2117 1805 2144 τδν
1815 2113 1936 2151 ἐπηγγελ-

1163 2170 1241 2206 μένον
1265 2169 1351 2196 αὶῶνα
1376 2167 1628 2202 άναπετασθήσεται
1649 2166 1705 2196 τοῖς
1722 2163 1810 2196 ἀξίοις
1837 2161 1880 2189 καὶ
1903 2159 1940 2186 λε-

1160 2216 1301 2251 χθήσεταιο
1324 2224 1334 2241 ι
1348 2213 1499 2250 Πορεύεσθε
1514 2213 1556 2240 διὰ
1569 2212 1623 2239 τῶν
1638 2211 1730 2238 πυλῶν
1746 2219 1809 2246 μου,
1831 2209 1875 2236 καὶ
1889 2207 1939 2233 ὁδο-

1162 2262 1294 2298 ποιήσατε
1314 2261 1354 2296 τῷ
1374 2260 1431 2296 λαῷ
1449 2269 1511 2296 μου,
1531 2259 1577 2287 καὶ
1595 2259 1658 2290 τοὺς
1672 2257 1762 2288 λίθους
1779 2256 1813 2283 ἐκ
1825 2256 1873 2290 τῆς
1886 2251 1937 2280 όδοῦ

1161 2308 1330 2345 διαρρίψατε.
1350 2306 1481 2343 Ἐξάρατε
1497 2305 1636 2341 σύσσημον
1648 2305 1688 2336 είς
1700 2303 1734 2330 τὰ
1744 2302 1820 2337 ἔθνη.
1836 2311 1844 2327 ι
1859 2298 1938 2334 Μηδὲν

1161 2355 1227 2391 γὰρ,
1243 2354 1335 2390 φησιν,
1352 2353 1428 2379 ἔσται
1442 2352 1566 2388 κώλυμα,
1585 2350 1652 2386 μηδὲ
1667 2349 1805 2385 ἐμπόδιον,
1826 2346 1892 2384 μηδέ
1903 2351 1938 2391 τις

1162 2389 1356 2435 φθόνοςξμηδὲ
1369 2398 1511 2434 βάσκανος,
1529 2397 1566 2433 μὴ
1586 2395 1722 2432 πρόφασίς
1741 2403 1782 2427 τε,
1811 2393 1875 2429 μηδὲ
1889 2389 1939 2417 δαί-

1164 2455 1234 2483 μων,
1255 2446 1292 2482 μὴ
1309 2445 1417 2480 πνεῦμα
1441 2443 1569 2479 πονηρὸν,
1589 2443 1626 2478 μὴ
1645 2442 1759 2477 δύναμις
1776 2436 1938 2483 ἀντικὲιμέγη

1163 2481 1335 2520 θιακωλυέτω
1348 2491 1392 2518 τὸν
1408 2490 1471 2518 λαὸν
1483 2489 1527 2516 τὸν
1543 2488 1608 2524 ὲμὺν
1626 2489 1665 2520 εἰς
1678 2487 1728 2523 τὴν
1743 2485 1877 2522 βασιλείαν
1891 2481 1939 2508 τῶν

1162 2538 1284 2574 οὐρανῶν
1310 2537 1433 2564 εἰσιέναι.
1455 2535 1548 2562 Ταῦτα
1562 2534 1591 2561 δὲ
1614 2533 1681 2570 πρός
1704 2540 1780 2565 τινας
1803 2527 1938 2566 ἀγγελικεις

1163 2583 1322 2620 λεχθήσεται
1336 2582 1474 2618 δυνάμεις.

1203 2618 1213 2656 ὲ
1232 2618 1297 2657 ’ἰδοὺ
1309 2628 1365 2665 γὰρ
1380 2627 1483 2663 Κύριος
1498 2627 1626 2663 ἐποίησεν
1640 2624 1773 2654 ἀκουστὸν
1793 2623 1845 2655 ἕως
1868 2618 1939 2655 ἐσχά-

1164 2684 1211 2703 του
1225 2675 1275 2711 τῆς
1285 2675 1348 2710 γῆς·
1361 2674 1463 2701 Εἴπατε
1488 2674 1521 2709 τῇ
1544 2673 1658 2709 θυγατρὶ
1673 2671 1741 2698 Σιών
1750 2679 1758 2686 ο
1785 2669 1849 2697 Ἰδοὺ
1863 2668 1876 2694 ὁ

1163 2722 1216 2758 τήρ
1231 2709 1273 2748 σοι
1288 2709 1475 2756 παραγέγονεν
1491 2719 1560 2753 ἔχων
1574 2718 1619 2745 τὸν
1632 2717 1728 2745 ἑαυτοῦ
1743 2716 1847 2753 μισθὸν,
1859 2712 1902 2741 καὶ
1912 2709 1938 2758 τὸ

1165 2755 1245 2802 ἔργον
1262 2755 1343 2793 αὐτού
1361 2764 1415 2801 πρὸ
1429 2763 1573 2800 προσώπου
1591 2762 1684 2789 αὐτοῦ.
1702 2761 1758 2788 Καὶ
1773 2759 1878 2788 καλέσει
1895 2755 1935 2802 ati-

1164 2800 1210 2840 τόν
1238 2813 1301 2840 λαὸν
1323 2812 1410 2846 ἅγιον,
1433 2809 1635 2846 λελυτρωμένον
1658 2808 1710 2835 ὑπὸ
1731 2807 1843 2843 Κυρίου.
1868 2800 1937 2830 Σὺδὲ

1166 2856 1289 2894 κληθήσῃ
1301 2854 1502 2890 ἐπιζητουμένη
1515 2854 1593 2886 πόλις
1614 2853 1661 2880 καὶ
1681 2853 1731 2880 οὐκ
1745 2849 1937 2887 ἐγκαταλελειμ-

1167 2902 1245 2938 μένη.
1265 2911 1274 2928 ›
1289 2901 1335 2936 Μὴ
1348 2900 1401 2936 γὰρ
1413 2899 1544 2936 νομιζέτω
1557 2908 1607 2933 τις,
1628 2899 1719 2935 φησὶν,
1742 2898 1804 2934 περὶ
1819 2895 1862 2924 τοῦ
1881 2895 1938 2921 Ἰουο
