  <div class='ocr_page' id='page_1' title='image "/cluster/home/n/w/nwhite01/storage/ocr_20150623/24/njp.32101077772513/258.png"; bbox 0 0 2061 3215; ppageno 0'>
   <div class='ocr_carea' id='block_1_1' title="bbox 174 153 1810 193">
    <p class='ocr_par' dir='ltr' id='par_1_1' title="bbox 174 153 1810 193">
     <span class='ocr_line' id='line_1_1' title="bbox 174 153 1810 193; baseline 0.007 -11"><span class='ocrx_word' id='word_1_1' title='bbox 174 154 223 183; x_wconf 68' lang='grc'><strong>501</strong></span> <span class='ocrx_word' id='word_1_2' title='bbox 653 153 905 184; x_wconf 78' lang='lat' dir='ltr'><strong>COMMENTARIA</strong></span> <span class='ocrx_word' id='word_1_3' title='bbox 923 156 958 184; x_wconf 82' lang='lat' dir='ltr'>IN</span> <span class='ocrx_word' id='word_1_4' title='bbox 977 157 1103 186; x_wconf 75' lang='lat' dir='ltr'><strong>ISAIAM.</strong></span> <span class='ocrx_word' id='word_1_5' title='bbox 1123 174 1159 179; x_wconf 92' lang='lat'><strong>——</strong></span> <span class='ocrx_word' id='word_1_6' title='bbox 1175 159 1250 188; x_wconf 82' lang='lat' dir='ltr'><strong>CAP.</strong></span> <span class='ocrx_word' id='word_1_7' title='bbox 1271 159 1362 188; x_wconf 76' lang='lat' dir='ltr'>LXIII.</span> <span class='ocrx_word' id='word_1_8' title='bbox 1750 165 1810 193; x_wconf 61' lang='grc' dir='ltr'><strong>δοῖ</strong></span> 
     </span>
    </p>
   </div>
   <div class='ocr_carea' id='block_1_2' title="bbox 173 211 961 257">
    <p class='ocr_par' dir='ltr' id='par_1_2' title="bbox 173 211 961 253">
     <span class='ocr_line' id='line_1_2' title="bbox 173 211 961 253; baseline 0.005 -13"><span class='ocrx_word' id='word_1_9' title='bbox 173 212 257 240; x_wconf 76' lang='grc' dir='ltr'>δαίων</span> <span class='ocrx_word' id='word_1_10' title='bbox 270 211 335 240; x_wconf 79' lang='grc' dir='ltr'>λαοῦ</span> <span class='ocrx_word' id='word_1_11' title='bbox 348 211 432 240; x_wconf 82' lang='grc' dir='ltr'>ταῦτα</span> <span class='ocrx_word' id='word_1_12' title='bbox 443 213 568 249; x_wconf 78' lang='grc' dir='ltr'>εἰρῆσθαι</span> <span class='ocrx_word' id='word_1_13' title='bbox 576 222 583 229; x_wconf 73' lang='grc' dir='ltr'><strong><em>ο</em></strong></span> <span class='ocrx_word' id='word_1_14' title='bbox 598 214 748 252; x_wconf 81' lang='grc' dir='ltr'><strong>ἐπειδήπερ</strong></span> <span class='ocrx_word' id='word_1_15' title='bbox 760 216 848 243; x_wconf 86' lang='grc' dir='ltr'>πάντα</span> <span class='ocrx_word' id='word_1_16' title='bbox 859 217 892 244; x_wconf 78' lang='grc' dir='ltr'><strong>τὰ</strong></span> <span class='ocrx_word' id='word_1_17' title='bbox 901 217 961 253; x_wconf 69' lang='grc' dir='ltr'>ἔθνη</span> 
     </span>
    </p>
   </div>
   <div class='ocr_carea' id='block_1_3' title="bbox 1012 211 1802 257">
    <p class='ocr_par' dir='ltr' id='par_1_3' title="bbox 1017 214 1802 257">
     <span class='ocr_line' id='line_1_3' title="bbox 1017 214 1802 257; baseline 0.005 -10"><span class='ocrx_word' id='word_1_18' title='bbox 1017 220 1144 254; x_wconf 88' lang='lat' dir='ltr'><strong>quoniam</strong></span> <span class='ocrx_word' id='word_1_19' title='bbox 1159 228 1254 249; x_wconf 87' lang='lat' dir='ltr'><strong>omnes</strong></span> <span class='ocrx_word' id='word_1_20' title='bbox 1270 225 1363 257; x_wconf 76' lang='lat' dir='ltr'><strong>gentes</strong></span> <span class='ocrx_word' id='word_1_21' title='bbox 1376 221 1482 257; x_wconf 80' lang='lat' dir='ltr'><strong>signum</strong></span> <span class='ocrx_word' id='word_1_22' title='bbox 1496 214 1586 250; x_wconf 81' lang='lat' dir='ltr'><strong>Ievare</strong></span> <span class='ocrx_word' id='word_1_23' title='bbox 1598 223 1686 256; x_wconf 83' lang='lat' dir='ltr'><strong>jubet,</strong></span> <span class='ocrx_word' id='word_1_24' title='bbox 1705 228 1731 251; x_wconf 89' lang='lat' dir='ltr'><strong>et</strong></span> <span class='ocrx_word' id='word_1_25' title='bbox 1742 232 1802 251; x_wconf 91' lang='lat' dir='ltr'><strong>om-</strong></span> 
     </span>
    </p>
   </div>
   <div class='ocr_carea' id='block_1_4' title="bbox 173 258 961 304">
    <p class='ocr_par' dir='ltr' id='par_1_4' title="bbox 173 258 961 304">
     <span class='ocr_line' id='line_1_4' title="bbox 173 258 961 304; baseline 0.006 -19"><span class='ocrx_word' id='word_1_26' title='bbox 173 258 204 304; x_wconf 73' lang='grc' dir='ltr'>τὸ</span> <span class='ocrx_word' id='word_1_27' title='bbox 233 259 349 304; x_wconf 71' lang='grc' dir='ltr'>σημεῖον</span> <span class='ocrx_word' id='word_1_28' title='bbox 366 259 490 296; x_wconf 84' lang='grc' dir='ltr'>αῐρεσθαι</span> <span class='ocrx_word' id='word_1_29' title='bbox 510 262 684 296; x_wconf 83' lang='grc' dir='ltr'><strong>προστάττει,</strong></span> <span class='ocrx_word' id='word_1_30' title='bbox 715 263 763 289; x_wconf 77' lang='grc' dir='ltr'>καὶ</span> <span class='ocrx_word' id='word_1_31' title='bbox 785 263 890 295; x_wconf 81' lang='grc' dir='ltr'><strong>πάντας</strong></span> <span class='ocrx_word' id='word_1_32' title='bbox 913 263 961 296; x_wconf 68' lang='grc' dir='ltr'>ἕως</span> 
     </span>
    </p>
   </div>
   <div class='ocr_carea' id='block_1_5' title="bbox 1012 258 1789 304">
    <p class='ocr_par' dir='ltr' id='par_1_5' title="bbox 1015 267 1789 304">
     <span class='ocr_line' id='line_1_5' title="bbox 1015 267 1789 304; baseline 0.005 -10"><span class='ocrx_word' id='word_1_33' title='bbox 1015 267 1096 295; x_wconf 85' lang='lat' dir='ltr'><strong>nibus</strong></span> <span class='ocrx_word' id='word_1_34' title='bbox 1113 275 1201 303; x_wconf 87' lang='lat' dir='ltr'><strong>usque</strong></span> <span class='ocrx_word' id='word_1_35' title='bbox 1219 268 1252 295; x_wconf 89' lang='lat' dir='ltr'><strong>ad</strong></span> <span class='ocrx_word' id='word_1_36' title='bbox 1278 273 1429 297; x_wconf 78' lang='lat' dir='ltr'><strong>extremum</strong></span> <span class='ocrx_word' id='word_1_37' title='bbox 1447 274 1526 298; x_wconf 68' lang='lat' dir='ltr'><strong>terrae</strong></span> <span class='ocrx_word' id='word_1_38' title='bbox 1543 270 1671 304; x_wconf 66' lang='lat' dir='ltr'><strong>praedicta</strong></span> <span class='ocrx_word' id='word_1_39' title='bbox 1698 277 1789 298; x_wconf 84' lang='lat' dir='ltr'><strong>annun</strong></span> 
     </span>
    </p>
   </div>
   <div class='ocr_carea' id='block_1_6' title="bbox 173 301 961 350">
    <p class='ocr_par' dir='ltr' id='par_1_6' title="bbox 173 301 961 350">
     <span class='ocr_line' id='line_1_6' title="bbox 173 301 961 350; baseline 0.01 -22"><span class='ocrx_word' id='word_1_40' title='bbox 173 301 373 350; x_wconf 45' lang='lat' dir='ltr'><strong>Euxinum-iii</strong></span> <span class='ocrx_word' id='word_1_41' title='bbox 397 304 448 339; x_wconf 85' lang='grc' dir='ltr'><strong>γῆς</strong></span> <span class='ocrx_word' id='word_1_42' title='bbox 482 304 686 340; x_wconf 76' lang='grc' dir='ltr'><strong>εὐαγγελίζεται</strong></span> <span class='ocrx_word' id='word_1_43' title='bbox 715 307 749 334; x_wconf 81' lang='grc' dir='ltr'><strong>τὰ</strong></span> <span class='ocrx_word' id='word_1_44' title='bbox 772 308 961 344; x_wconf 82' lang='grc' dir='ltr'>προλεχθέντα.</span> 
     </span>
    </p>
   </div>
   <div class='ocr_carea' id='block_1_7' title="bbox 1012 301 1805 350">
    <p class='ocr_par' dir='ltr' id='par_1_7' title="bbox 1018 301 1805 350">
     <span class='ocr_line' id='line_1_7' title="bbox 1018 301 1805 350; baseline 0.003 -10"><span class='ocrx_word' id='word_1_45' title='bbox 1018 313 1076 340; x_wconf 89' lang='lat' dir='ltr'><strong>tiat.</strong></span> <span class='ocrx_word' id='word_1_46' title='bbox 1094 301 1165 341; x_wconf 82' lang='lat' dir='ltr'><strong>Olim</strong></span> <span class='ocrx_word' id='word_1_47' title='bbox 1182 314 1290 349; x_wconf 81' lang='lat' dir='ltr'><strong>quidem</strong></span> <span class='ocrx_word' id='word_1_48' title='bbox 1313 314 1343 342; x_wconf 91' lang='lat' dir='ltr'><strong>in</strong></span> <span class='ocrx_word' id='word_1_49' title='bbox 1364 315 1452 350; x_wconf 90' lang='lat' dir='ltr'><strong>primo</strong></span> <span class='ocrx_word' id='word_1_50' title='bbox 1466 322 1515 342; x_wconf 89' lang='lat' dir='ltr'><strong>suo</strong></span> <span class='ocrx_word' id='word_1_51' title='bbox 1535 301 1653 342; x_wconf 78' lang='lat' dir='ltr'><strong>adventu</strong></span> <span class='ocrx_word' id='word_1_52' title='bbox 1671 315 1727 350; x_wconf 88' lang='lat' dir='ltr'><strong>ipse</strong></span> <span class='ocrx_word' id='word_1_53' title='bbox 1743 315 1805 342; x_wconf 84' lang='lat' dir='ltr'><strong>Sal-</strong></span> 
     </span>
    </p>
   </div>
   <div class='ocr_carea' id='block_1_8' title="bbox 172 346 961 396">
    <p class='ocr_par' dir='ltr' id='par_1_8' title="bbox 172 346 961 396">
     <span class='ocr_line' id='line_1_8' title="bbox 172 346 961 396; baseline 0.009 -21"><span class='ocrx_word' id='word_1_54' title='bbox 172 348 263 396; x_wconf 69' lang='grc' dir='ltr'>Πάλαι</span> <span class='ocrx_word' id='word_1_55' title='bbox 280 348 329 396; x_wconf 78' lang='grc' dir='ltr'>μὲν</span> <span class='ocrx_word' id='word_1_56' title='bbox 343 346 390 376; x_wconf 80' lang='grc' dir='ltr'>οὖν</span> <span class='ocrx_word' id='word_1_57' title='bbox 410 350 481 376; x_wconf 86' lang='grc' dir='ltr'>κατά</span> <span class='ocrx_word' id='word_1_58' title='bbox 495 351 544 396; x_wconf 60' lang='grc' dir='ltr'>τῂν</span> <span class='ocrx_word' id='word_1_59' title='bbox 557 351 668 388; x_wconf 75' lang='grc' dir='ltr'>πρώτην</span> <span class='ocrx_word' id='word_1_60' title='bbox 681 353 764 381; x_wconf 80' lang='grc' dir='ltr'>αὑτοῦ</span> <span class='ocrx_word' id='word_1_61' title='bbox 779 355 936 392; x_wconf 33' lang='grc' dir='ltr'>,παρουσίαν</span> <span class='ocrx_word' id='word_1_62' title='bbox 951 355 961 381; x_wconf 70' lang='grc' dir='ltr'>ἐ</span> 
     </span>
    </p>
   </div>
   <div class='ocr_carea' id='block_1_9' title="bbox 1012 346 1804 396">
    <p class='ocr_par' dir='ltr' id='par_1_9' title="bbox 1016 346 1804 396">
     <span class='ocr_line' id='line_1_9' title="bbox 1016 346 1804 396; baseline 0.004 -10"><span class='ocrx_word' id='word_1_63' title='bbox 1016 363 1104 393; x_wconf 86' lang='lat' dir='ltr'><strong>vatur,</strong></span> <span class='ocrx_word' id='word_1_64' title='bbox 1118 366 1167 395; x_wconf 90' lang='lat' dir='ltr'><strong>per</strong></span> <span class='ocrx_word' id='word_1_65' title='bbox 1188 346 1219 388; x_wconf 80' lang='lat' dir='ltr'><strong>ea</strong></span> <span class='ocrx_word' id='word_1_66' title='bbox 1233 368 1294 396; x_wconf 75' lang='lat' dir='ltr'><strong>qua:</strong></span> <span class='ocrx_word' id='word_1_67' title='bbox 1307 369 1356 396; x_wconf 91' lang='lat' dir='ltr'><strong>pro</strong></span> <span class='ocrx_word' id='word_1_68' title='bbox 1364 346 1491 389; x_wconf 39' lang='lat' dir='ltr'><strong>Ibumano</strong></span> <span class='ocrx_word' id='word_1_69' title='bbox 1503 369 1606 396; x_wconf 77' lang='lat' dir='ltr'><strong>genere</strong></span> <span class='ocrx_word' id='word_1_70' title='bbox 1622 346 1688 389; x_wconf 73' lang='lat' dir='ltr'><strong>fecit</strong></span> <span class='ocrx_word' id='word_1_71' title='bbox 1703 366 1730 389; x_wconf 90' lang='lat' dir='ltr'><strong>et</strong></span> <span class='ocrx_word' id='word_1_72' title='bbox 1742 369 1804 396; x_wconf 84' lang='lat' dir='ltr'><strong>per-</strong></span> 
     </span>
    </p>
   </div>
   <div class='ocr_carea' id='block_1_10' title="bbox 173 392 961 442">
    <p class='ocr_par' dir='ltr' id='par_1_10' title="bbox 173 392 961 442">
     <span class='ocr_line' id='line_1_10' title="bbox 173 392 961 442; baseline 0.009 -22"><span class='ocrx_word' id='word_1_73' title='bbox 173 393 256 442; x_wconf 65' lang='grc' dir='ltr'>αὐτδς</span> <span class='ocrx_word' id='word_1_74' title='bbox 274 392 314 442; x_wconf 61' lang='grc' dir='ltr'>ᾖν</span> <span class='ocrx_word' id='word_1_75' title='bbox 449 395 482 422; x_wconf 85' lang='grc' dir='ltr'>δι’</span> <span class='ocrx_word' id='word_1_76' title='bbox 507 394 545 424; x_wconf 81' lang='grc' dir='ltr'>ὧν</span> <span class='ocrx_word' id='word_1_77' title='bbox 569 397 671 434; x_wconf 76' lang='grc' dir='ltr'>ἔπραξε</span> <span class='ocrx_word' id='word_1_78' title='bbox 690 400 737 426; x_wconf 76' lang='grc' dir='ltr'>καὶ</span> <span class='ocrx_word' id='word_1_79' title='bbox 749 400 882 426; x_wconf 83' lang='grc' dir='ltr'><strong>πέπονθεν</strong></span> <span class='ocrx_word' id='word_1_80' title='bbox 895 400 961 436; x_wconf 61' lang='grc' dir='ltr'>ὑπὲρ</span> 
     </span>
    </p>
   </div>
   <div class='ocr_carea' id='block_1_11' title="bbox 1012 392 1804 442">
    <p class='ocr_par' dir='ltr' id='par_1_11' title="bbox 1016 408 1804 442">
     <span class='ocr_line' id='line_1_11' title="bbox 1016 408 1804 442; baseline 0.003 -9"><span class='ocrx_word' id='word_1_81' title='bbox 1016 413 1109 441; x_wconf 83' lang='lat' dir='ltr'><strong>pessus</strong></span> <span class='ocrx_word' id='word_1_82' title='bbox 1124 411 1175 440; x_wconf 86' lang='lat' dir='ltr'><strong>est,</strong></span> <span class='ocrx_word' id='word_1_83' title='bbox 1192 414 1251 434; x_wconf 89' lang='lat' dir='ltr'><strong>eam</strong></span> <span class='ocrx_word' id='word_1_84' title='bbox 1270 415 1329 442; x_wconf 64' lang='lat' dir='ltr'><strong>quae</strong></span> <span class='ocrx_word' id='word_1_85' title='bbox 1342 416 1358 434; x_wconf 92' lang='lat' dir='ltr'><strong>a</strong></span> <span class='ocrx_word' id='word_1_86' title='bbox 1373 408 1429 436; x_wconf 87' lang='lat' dir='ltr'><strong>Deo</strong></span> <span class='ocrx_word' id='word_1_87' title='bbox 1445 413 1490 436; x_wconf 88' lang='lat' dir='ltr'><strong>est</strong></span> <span class='ocrx_word' id='word_1_88' title='bbox 1513 408 1630 436; x_wconf 91' lang='lat' dir='ltr'><strong>salutem</strong></span> <span class='ocrx_word' id='word_1_89' title='bbox 1649 408 1676 435; x_wconf 93' lang='lat' dir='ltr'><strong>in</strong></span> <span class='ocrx_word' id='word_1_90' title='bbox 1694 415 1723 435; x_wconf 86' lang='lat' dir='ltr'><strong>se</strong></span> <span class='ocrx_word' id='word_1_91' title='bbox 1744 415 1804 435; x_wconf 91' lang='lat' dir='ltr'><strong>cre-</strong></span> 
     </span>
    </p>
   </div>
   <div class='ocr_carea' id='block_1_12' title="bbox 172 440 961 490">
    <p class='ocr_par' dir='ltr' id='par_1_12' title="bbox 172 440 961 482">
     <span class='ocr_line' id='line_1_12' title="bbox 172 440 961 482; baseline 0.008 -15"><span class='ocrx_word' id='word_1_92' title='bbox 172 440 219 467; x_wconf 83' lang='grc' dir='ltr'>τοῦ</span> <span class='ocrx_word' id='word_1_93' title='bbox 252 441 306 468; x_wconf 84' lang='grc' dir='ltr'><strong>τῶν</strong></span> <span class='ocrx_word' id='word_1_94' title='bbox 337 441 488 478; x_wconf 84' lang='grc' dir='ltr'>ἀνθρώπων</span> <span class='ocrx_word' id='word_1_95' title='bbox 518 443 612 478; x_wconf 84' lang='grc' dir='ltr'><strong>γένους</strong></span> <span class='ocrx_word' id='word_1_96' title='bbox 638 445 688 481; x_wconf 86' lang='grc' dir='ltr'>τὴν</span> <span class='ocrx_word' id='word_1_97' title='bbox 718 446 793 482; x_wconf 75' lang='grc' dir='ltr'>παρὰ</span> <span class='ocrx_word' id='word_1_98' title='bbox 818 446 865 473; x_wconf 82' lang='grc' dir='ltr'>τοῦ</span> <span class='ocrx_word' id='word_1_99' title='bbox 897 446 961 473; x_wconf 71' lang='grc' dir='ltr'>Θεοῦ</span> 
     </span>
    </p>
   </div>
   <div class='ocr_carea' id='block_1_13' title="bbox 1012 440 1805 490">
    <p class='ocr_par' dir='ltr' id='par_1_13' title="bbox 1016 440 1805 490">
     <span class='ocr_line' id='line_1_13' title="bbox 1016 440 1805 490; baseline 0.004 -12"><span class='ocrx_word' id='word_1_100' title='bbox 1016 440 1142 481; x_wconf 77' lang='lat' dir='ltr'><strong>dentibus</strong></span> <span class='ocrx_word' id='word_1_101' title='bbox 1156 440 1328 486; x_wconf 82' lang='lat' dir='ltr'><strong>conciliabat,</strong></span> <span class='ocrx_word' id='word_1_102' title='bbox 1340 453 1411 481; x_wconf 86' lang='lat' dir='ltr'><strong>unde</strong></span> <span class='ocrx_word' id='word_1_103' title='bbox 1426 453 1505 483; x_wconf 84' lang='lat' dir='ltr'><strong>Jesus</strong></span> <span class='ocrx_word' id='word_1_104' title='bbox 1524 453 1676 490; x_wconf 85' lang='lat' dir='ltr'><strong>appellatus</strong></span> <span class='ocrx_word' id='word_1_105' title='bbox 1692 457 1745 488; x_wconf 89' lang='lat' dir='ltr'><strong>est,</strong></span> <span class='ocrx_word' id='word_1_106' title='bbox 1764 461 1805 481; x_wconf 90' lang='lat' dir='ltr'><strong>se-</strong></span> 
     </span>
    </p>
   </div>
   <div class='ocr_carea' id='block_1_14' title="bbox 174 487 961 533">
    <p class='ocr_par' dir='ltr' id='par_1_14' title="bbox 174 487 961 529">
     <span class='ocr_line' id='line_1_14' title="bbox 174 487 961 529; baseline 0.009 -16"><span class='ocrx_word' id='word_1_107' title='bbox 174 487 312 523; x_wconf 81' lang='grc' dir='ltr'>σωτηρίαν</span> <span class='ocrx_word' id='word_1_108' title='bbox 323 489 380 520; x_wconf 80' lang='grc' dir='ltr'>τοῖς</span> <span class='ocrx_word' id='word_1_109' title='bbox 392 489 432 520; x_wconf 78' lang='grc' dir='ltr'>εἰς</span> <span class='ocrx_word' id='word_1_110' title='bbox 443 488 524 516; x_wconf 80' lang='grc' dir='ltr'>αὑτὸν</span> <span class='ocrx_word' id='word_1_111' title='bbox 539 490 696 518; x_wconf 84' lang='grc' dir='ltr'>πιστεύουσι</span> <span class='ocrx_word' id='word_1_112' title='bbox 708 492 856 528; x_wconf 78' lang='grc' dir='ltr'>προξενῶν,</span> <span class='ocrx_word' id='word_1_113' title='bbox 868 493 933 529; x_wconf 88' lang='grc' dir='ltr'>παρ’</span> 
     </span>
    </p>
   </div>
   <div class='ocr_carea' id='block_1_15' title="bbox 1012 487 1458 533">
    <p class='ocr_par' dir='ltr' id='par_1_15' title="bbox 1017 497 1458 533">
     <span class='ocr_line' id='line_1_15' title="bbox 1017 497 1458 533; baseline 0.005 -9"><span class='ocrx_word' id='word_1_114' title='bbox 1017 497 1135 525; x_wconf 89' lang='lat' dir='ltr'><strong>cundum</strong></span> <span class='ocrx_word' id='word_1_115' title='bbox 1158 498 1245 533; x_wconf 74' lang='lat' dir='ltr'><strong>angeli</strong></span> <span class='ocrx_word' id='word_1_116' title='bbox 1263 498 1458 526; x_wconf 85' lang='lat' dir='ltr'><strong>testimonium.</strong></span> 
     </span>
    </p>
   </div>
   <div class='ocr_carea' id='block_1_16' title="bbox 173 533 966 575">
    <p class='ocr_par' dir='ltr' id='par_1_16' title="bbox 173 533 966 575">
     <span class='ocr_line' id='line_1_16' title="bbox 173 533 966 575; baseline 0.009 -16"><span class='ocrx_word' id='word_1_117' title='bbox 173 533 227 559; x_wconf 80' lang='grc' dir='ltr'>καὶ.</span> <span class='ocrx_word' id='word_1_118' title='bbox 237 533 341 570; x_wconf 77' lang='grc' dir='ltr'>Ἰησοῦς</span> <span class='ocrx_word' id='word_1_119' title='bbox 351 534 509 570; x_wconf 81' lang='grc' dir='ltr'><strong>ὠνομάσθη,</strong></span> <span class='ocrx_word' id='word_1_120' title='bbox 528 536 599 563; x_wconf 82' lang='grc' dir='ltr'>κατὰ.</span> <span class='ocrx_word' id='word_1_121' title='bbox 608 536 658 573; x_wconf 83' lang='grc' dir='ltr'>τὴν</span> <span class='ocrx_word' id='word_1_122' title='bbox 669 537 716 564; x_wconf 85' lang='grc' dir='ltr'>τοῦ</span> <span class='ocrx_word' id='word_1_123' title='bbox 731 538 845 573; x_wconf 83' lang='grc' dir='ltr'><strong>ἀγγέλου</strong></span> <span class='ocrx_word' id='word_1_124' title='bbox 864 547 966 575; x_wconf 80' lang='grc' dir='ltr'>μαρτυ-</span> 
     </span>
    </p>
   </div>
   <div class='ocr_carea' id='block_1_17' title="bbox 174 579 245 615">
    <p class='ocr_par' dir='ltr' id='par_1_17' title="bbox 174 579 245 615">
     <span class='ocr_line' id='line_1_17' title="bbox 174 579 245 615; baseline 0.028 -9"><span class='ocrx_word' id='word_1_125' title='bbox 174 579 245 615; x_wconf 83' lang='grc' dir='ltr'>ρίαν.</span> 
     </span>
    </p>
   </div>
   <div class='ocr_carea' id='block_1_18' title="bbox 1297 629 1519 659">
    <p class='ocr_par' dir='ltr' id='par_1_18' title="bbox 1297 629 1519 659">
     <span class='ocr_line' id='line_1_18' title="bbox 1297 629 1519 659; baseline -0.005 0"><span class='ocrx_word' id='word_1_126' title='bbox 1297 630 1411 659; x_wconf 81' lang='lat' dir='ltr'><strong>CAPUT</strong></span> <span class='ocrx_word' id='word_1_127' title='bbox 1429 629 1519 659; x_wconf 84' lang='lat' dir='ltr'>LXIII.</span> 
     </span>
    </p>
   </div>
   <div class='ocr_carea' id='block_1_19' title="bbox 1052 675 1806 713">
    <p class='ocr_par' dir='ltr' id='par_1_19' title="bbox 1052 675 1806 713">
     <span class='ocr_line' id='line_1_19' title="bbox 1052 675 1806 713; baseline 0.004 -10"><span class='ocrx_word' id='word_1_128' title='bbox 1052 675 1135 704; x_wconf 78' lang='lat' dir='ltr'><strong>Vens.</strong></span> <span class='ocrx_word' id='word_1_129' title='bbox 1150 677 1176 704; x_wconf 87' lang='lat' dir='ltr'><strong>I.</strong></span> <span class='ocrx_word' id='word_1_130' title='bbox 1195 686 1204 703; x_wconf 82' lang='grc' dir='ltr'><strong>ι</strong></span> <span class='ocrx_word' id='word_1_131' title='bbox 1220 676 1286 711; x_wconf 84' lang='lat' dir='ltr'><strong>Quis</strong></span> <span class='ocrx_word' id='word_1_132' title='bbox 1300 681 1341 705; x_wconf 86' lang='lat' dir='ltr'><strong>est</strong></span> <span class='ocrx_word' id='word_1_133' title='bbox 1353 678 1405 706; x_wconf 87' lang='lat' dir='ltr'><strong>iste</strong></span> <span class='ocrx_word' id='word_1_134' title='bbox 1417 678 1463 713; x_wconf 88' lang='lat' dir='ltr'><strong>qui</strong></span> <span class='ocrx_word' id='word_1_135' title='bbox 1477 678 1552 706; x_wconf 92' lang='lat' dir='ltr'><strong>venit</strong></span> <span class='ocrx_word' id='word_1_136' title='bbox 1566 678 1599 706; x_wconf 87' lang='lat' dir='ltr'><strong>de</strong></span> <span class='ocrx_word' id='word_1_137' title='bbox 1613 678 1707 711; x_wconf 88' lang='lat' dir='ltr'><strong>Edom,</strong></span> <span class='ocrx_word' id='word_1_138' title='bbox 1723 677 1806 706; x_wconf 87' lang='lat' dir='ltr'><strong>rubor</strong></span> 
     </span>
    </p>
   </div>
   <div class='ocr_carea' id='block_1_20' title="bbox 1017 724 1798 758">
    <p class='ocr_par' dir='ltr' id='par_1_20' title="bbox 1017 724 1798 758">
     <span class='ocr_line' id='line_1_20' title="bbox 1017 724 1798 758; baseline 0.001 -8"><span class='ocrx_word' id='word_1_139' title='bbox 1017 724 1241 752; x_wconf 86' lang='lat' dir='ltr'><strong>vestimentorum</strong></span> <span class='ocrx_word' id='word_1_140' title='bbox 1259 724 1293 753; x_wconf 91' lang='lat' dir='ltr'><strong>de</strong></span> <span class='ocrx_word' id='word_1_141' title='bbox 1305 724 1406 752; x_wconf 89' lang='lat' dir='ltr'><strong>Bosor?</strong></span> <span class='ocrx_word' id='word_1_142' title='bbox 1418 724 1458 752; x_wconf 87' lang='lat' dir='ltr'><strong>sic</strong></span> <span class='ocrx_word' id='word_1_143' title='bbox 1473 724 1607 753; x_wconf 81' lang='lat' dir='ltr'><strong>formosus</strong></span> <span class='ocrx_word' id='word_1_144' title='bbox 1619 725 1645 753; x_wconf 91' lang='lat' dir='ltr'><strong>in</strong></span> <span class='ocrx_word' id='word_1_145' title='bbox 1656 725 1724 753; x_wconf 89' lang='lat' dir='ltr'><strong>stola</strong></span> <span class='ocrx_word' id='word_1_146' title='bbox 1738 733 1798 758; x_wconf 87' lang='lat' dir='ltr'><strong>sua,</strong></span> 
     </span>
    </p>
   </div>
   <div class='ocr_carea' id='block_1_21' title="bbox 427 628 708 657">
    <p class='ocr_par' dir='ltr' id='par_1_21' title="bbox 427 628 708 657">
     <span class='ocr_line' id='line_1_21' title="bbox 427 628 708 657; baseline 0.007 -2"><span class='ocrx_word' id='word_1_147' title='bbox 427 629 627 656; x_wconf 79' lang='grc' dir='ltr'><strong>ΚΕΦΑΔΑΙΟΝ</strong></span> <span class='ocrx_word' id='word_1_148' title='bbox 649 628 708 657; x_wconf 74' lang='grc' dir='ltr'><strong>ΞΡ.</strong></span> 
     </span>
    </p>
   </div>
   <div class='ocr_carea' id='block_1_22' title="bbox 210 680 967 725">
    <p class='ocr_par' dir='ltr' id='par_1_22' title="bbox 210 680 967 725">
     <span class='ocr_line' id='line_1_22' title="bbox 210 680 967 725; baseline 0.007 -15"><span class='ocrx_word' id='word_1_149' title='bbox 210 692 222 710; x_wconf 71' lang='grc' dir='ltr'><em>α</em></span> <span class='ocrx_word' id='word_1_150' title='bbox 239 683 288 716; x_wconf 89' lang='grc' dir='ltr'>Τίς</span> <span class='ocrx_word' id='word_1_151' title='bbox 305 680 382 717; x_wconf 78' lang='grc' dir='ltr'>οὗτος</span> <span class='ocrx_word' id='word_1_152' title='bbox 402 686 417 712; x_wconf 86' lang='grc' dir='ltr'><strong>ό</strong></span> <span class='ocrx_word' id='word_1_153' title='bbox 434 687 654 723; x_wconf 81' lang='grc' dir='ltr'>παραγενόμενος</span> <span class='ocrx_word' id='word_1_154' title='bbox 667 687 697 720; x_wconf 72' lang='grc' dir='ltr'><strong>ἐξ</strong></span> <span class='ocrx_word' id='word_1_155' title='bbox 717 687 824 723; x_wconf 85' lang='grc' dir='ltr'>Ἐδὼμ,</span> <span class='ocrx_word' id='word_1_156' title='bbox 840 687 967 725; x_wconf 79' lang='grc' dir='ltr'>ἐρύθημα</span> 
     </span>
    </p>
   </div>
   <div class='ocr_carea' id='block_1_23' title="bbox 172 729 965 771">
    <p class='ocr_par' dir='ltr' id='par_1_23' title="bbox 172 729 965 771">
     <span class='ocr_line' id='line_1_23' title="bbox 172 729 965 771; baseline 0.009 -15"><span class='ocrx_word' id='word_1_157' title='bbox 172 729 289 766; x_wconf 75' lang='grc' dir='ltr'><strong>ἱματίων</strong></span> <span class='ocrx_word' id='word_1_158' title='bbox 310 732 343 758; x_wconf 85' lang='grc' dir='ltr'>ὲκ</span> <span class='ocrx_word' id='word_1_159' title='bbox 369 732 470 768; x_wconf 86' lang='grc' dir='ltr'>Βοσόρ;</span> <span class='ocrx_word' id='word_1_160' title='bbox 489 733 574 766; x_wconf 76' lang='grc' dir='ltr'>οὕτως</span> <span class='ocrx_word' id='word_1_161' title='bbox 595 734 696 770; x_wconf 82' lang='grc' dir='ltr'><strong>ὡραῖος</strong></span> <span class='ocrx_word' id='word_1_162' title='bbox 719 735 748 762; x_wconf 82' lang='grc' dir='ltr'>ὲν</span> <span class='ocrx_word' id='word_1_163' title='bbox 766 735 845 771; x_wconf 83' lang='grc' dir='ltr'>στολῇ</span> <span class='ocrx_word' id='word_1_164' title='bbox 864 736 945 763; x_wconf 82' lang='grc' dir='ltr'>αὑτοῦ</span> <span class='ocrx_word' id='word_1_165' title='bbox 957 745 965 753; x_wconf 87' lang='grc'><strong>·</strong></span> 
     </span>
    </p>
   </div>
   <div class='ocr_carea' id='block_1_24' title="bbox 173 764 961 817">
    <p class='ocr_par' dir='ltr' id='par_1_24' title="bbox 173 764 961 817">
     <span class='ocr_line' id='line_1_24' title="bbox 173 764 961 817; baseline 0.006 -14"><span class='ocrx_word' id='word_1_166' title='bbox 173 764 219 811; x_wconf 74' lang='grc' dir='ltr'>βία</span> <span class='ocrx_word' id='word_1_167' title='bbox 236 776 306 812; x_wconf 82' lang='grc' dir='ltr'>μετὰ</span> <span class='ocrx_word' id='word_1_168' title='bbox 328 764 523 813; x_wconf 70' lang='grc' dir='ltr'>ίσχύος.”Εγὼ</span> <span class='ocrx_word' id='word_1_169' title='bbox 545 764 706 816; x_wconf 71' lang='grc' dir='ltr'>διαλέγομαι</span> <span class='ocrx_word' id='word_1_170' title='bbox 723 764 897 817; x_wconf 63' lang='grc' dir='ltr'>δικαιοσύνην</span> <span class='ocrx_word' id='word_1_171' title='bbox 919 783 961 809; x_wconf 82' lang='grc' dir='ltr'>καΊ</span> 
     </span>
    </p>
   </div>
   <div class='ocr_carea' id='block_1_25' title="bbox 1012 764 1807 817">
    <p class='ocr_par' dir='ltr' id='par_1_25' title="bbox 1017 770 1807 807">
     <span class='ocr_line' id='line_1_25' title="bbox 1017 770 1807 807; baseline 0.003 -10"><span class='ocrx_word' id='word_1_172' title='bbox 1017 770 1147 798; x_wconf 75' lang='lat' dir='ltr'><strong>violentia</strong></span> <span class='ocrx_word' id='word_1_173' title='bbox 1172 778 1233 798; x_wconf 91' lang='lat' dir='ltr'><strong>cum</strong></span> <span class='ocrx_word' id='word_1_174' title='bbox 1247 771 1422 799; x_wconf 76' lang='lat' dir='ltr'><strong>fortitudine.</strong></span> <span class='ocrx_word' id='word_1_175' title='bbox 1436 770 1494 807; x_wconf 76' lang='lat' dir='ltr'><strong>Ego</strong></span> <span class='ocrx_word' id='word_1_176' title='bbox 1507 771 1604 807; x_wconf 88' lang='lat' dir='ltr'><strong>loquor</strong></span> <span class='ocrx_word' id='word_1_177' title='bbox 1621 771 1756 806; x_wconf 82' lang='lat' dir='ltr'><strong>justitiam</strong></span> <span class='ocrx_word' id='word_1_178' title='bbox 1779 776 1807 800; x_wconf 92' lang='lat' dir='ltr'><strong>et</strong></span> 
     </span>
    </p>
   </div>
   <div class='ocr_carea' id='block_1_26' title="bbox 171 815 961 862">
    <p class='ocr_par' dir='ltr' id='par_1_26' title="bbox 171 815 961 862">
     <span class='ocr_line' id='line_1_26' title="bbox 171 815 961 862; baseline 0.008 -15"><span class='ocrx_word' id='word_1_179' title='bbox 171 821 263 857; x_wconf 83' lang='grc' dir='ltr'>κρίσιν</span> <span class='ocrx_word' id='word_1_180' title='bbox 276 822 423 858; x_wconf 84' lang='grc' dir='ltr'>Σωτηρίου.</span> <span class='ocrx_word' id='word_1_181' title='bbox 441 833 451 849; x_wconf 73' lang='grc' dir='ltr'><strong><em>ι</em></strong></span> <span class='ocrx_word' id='word_1_182' title='bbox 466 815 675 860; x_wconf 77' lang='grc' dir='ltr'>Προσωποποιέῖ</span> <span class='ocrx_word' id='word_1_183' title='bbox 694 827 708 852; x_wconf 90' lang='grc' dir='ltr'><strong>ό</strong></span> <span class='ocrx_word' id='word_1_184' title='bbox 723 825 802 860; x_wconf 87' lang='grc' dir='ltr'><strong>λόγος</strong></span> <span class='ocrx_word' id='word_1_185' title='bbox 816 815 961 862; x_wconf 76' lang='grc' dir='ltr'>ἐρωτήσεις</span> 
     </span>
    </p>
   </div>
   <div class='ocr_carea' id='block_1_27' title="bbox 1012 815 1807 862">
    <p class='ocr_par' dir='ltr' id='par_1_27' title="bbox 1015 815 1807 853">
     <span class='ocr_line' id='line_1_27' title="bbox 1015 815 1807 853; baseline 0.001 -9"><span class='ocrx_word' id='word_1_186' title='bbox 1015 815 1148 852; x_wconf 79' lang='lat' dir='ltr'><strong>judicium</strong></span> <span class='ocrx_word' id='word_1_187' title='bbox 1174 817 1340 845; x_wconf 69' lang='lat' dir='ltr'><strong>Salutaris.»</strong></span> <span class='ocrx_word' id='word_1_188' title='bbox 1364 817 1570 853; x_wconf 73' lang='lat' dir='ltr'><strong>Interrogantes</strong></span> <span class='ocrx_word' id='word_1_189' title='bbox 1592 817 1696 846; x_wconf 87' lang='lat' dir='ltr'><strong>inducit</strong></span> <span class='ocrx_word' id='word_1_190' title='bbox 1711 825 1807 853; x_wconf 84' lang='lat' dir='ltr'><strong>perso-</strong></span> 
     </span>
    </p>
   </div>
   <div class='ocr_carea' id='block_1_28' title="bbox 170 862 961 907">
    <p class='ocr_par' dir='ltr' id='par_1_28' title="bbox 170 866 961 907">
     <span class='ocr_line' id='line_1_28' title="bbox 170 866 961 907; baseline 0.009 -15"><span class='ocrx_word' id='word_1_191' title='bbox 170 866 252 892; x_wconf 87' lang='grc' dir='ltr'>τινῶν</span> <span class='ocrx_word' id='word_1_192' title='bbox 269 866 395 903; x_wconf 83' lang='grc' dir='ltr'>ὁρώντων</span> <span class='ocrx_word' id='word_1_193' title='bbox 408 867 454 895; x_wconf 80' lang='grc' dir='ltr'><strong>τὸν</strong></span> <span class='ocrx_word' id='word_1_194' title='bbox 467 867 584 904; x_wconf 80' lang='grc' dir='ltr'>Χριστὸν</span> <span class='ocrx_word' id='word_1_195' title='bbox 599 870 740 906; x_wconf 85' lang='grc' dir='ltr'><strong>πολεμικῷ</strong></span> <span class='ocrx_word' id='word_1_196' title='bbox 758 871 877 907; x_wconf 85' lang='grc' dir='ltr'>σχήματι</span> <span class='ocrx_word' id='word_1_197' title='bbox 900 871 961 898; x_wconf 90' lang='grc' dir='ltr'>θεω-</span> 
     </span>
    </p>
   </div>
   <div class='ocr_carea' id='block_1_29' title="bbox 1012 862 1807 907">
    <p class='ocr_par' dir='ltr' id='par_1_29' title="bbox 1017 862 1807 898">
     <span class='ocr_line' id='line_1_29' title="bbox 1017 862 1807 898; baseline 0 -8"><span class='ocrx_word' id='word_1_198' title='bbox 1017 870 1066 891; x_wconf 84' lang='lat' dir='ltr'><strong>nas</strong></span> <span class='ocrx_word' id='word_1_199' title='bbox 1082 862 1213 898; x_wconf 85' lang='lat' dir='ltr'><strong>quasdam</strong></span> <span class='ocrx_word' id='word_1_200' title='bbox 1233 862 1376 891; x_wconf 85' lang='lat' dir='ltr'><strong>Christum</strong></span> <span class='ocrx_word' id='word_1_201' title='bbox 1402 863 1500 890; x_wconf 89' lang='lat' dir='ltr'><strong>bellico</strong></span> <span class='ocrx_word' id='word_1_202' title='bbox 1523 863 1618 891; x_wconf 87' lang='lat' dir='ltr'><strong>habitu</strong></span> <span class='ocrx_word' id='word_1_203' title='bbox 1644 867 1673 891; x_wconf 89' lang='lat' dir='ltr'><strong>et</strong></span> <span class='ocrx_word' id='word_1_204' title='bbox 1689 867 1807 890; x_wconf 89' lang='lat' dir='ltr'><strong>cruento</strong></span> 
     </span>
    </p>
   </div>
   <div class='ocr_carea' id='block_1_30' title="bbox 172 909 961 954">
    <p class='ocr_par' dir='ltr' id='par_1_30' title="bbox 172 911 961 954">
     <span class='ocr_line' id='line_1_30' title="bbox 172 911 961 954; baseline 0.009 -16"><span class='ocrx_word' id='word_1_205' title='bbox 172 911 304 947; x_wconf 85' lang='grc' dir='ltr'>ρούμενον</span> <span class='ocrx_word' id='word_1_206' title='bbox 320 913 367 940; x_wconf 71' lang='grc' dir='ltr'>καὶ</span> <span class='ocrx_word' id='word_1_207' title='bbox 378 913 427 949; x_wconf 84' lang='grc' dir='ltr'>τὴν</span> <span class='ocrx_word' id='word_1_208' title='bbox 443 915 590 950; x_wconf 78' lang='grc' dir='ltr'>περιϐολὴν</span> <span class='ocrx_word' id='word_1_209' title='bbox 604 917 764 952; x_wconf 79' lang='grc' dir='ltr'>ᾑμαγμένον</span> <span class='ocrx_word' id='word_1_210' title='bbox 776 925 783 932; x_wconf 74' lang='grc' dir='ltr'><strong>ο</strong></span> <span class='ocrx_word' id='word_1_211' title='bbox 795 918 820 944; x_wconf 81' lang='grc' dir='ltr'>οἳ</span> <span class='ocrx_word' id='word_1_212' title='bbox 834 917 880 944; x_wconf 74' lang='grc' dir='ltr'>καὶ</span> <span class='ocrx_word' id='word_1_213' title='bbox 896 917 961 954; x_wconf 82' lang='grc' dir='ltr'>πρὸς</span> 
     </span>
    </p>
   </div>
   <div class='ocr_carea' id='block_1_31' title="bbox 1012 909 1805 954">
    <p class='ocr_par' dir='ltr' id='par_1_31' title="bbox 1018 909 1805 946">
     <span class='ocr_line' id='line_1_31' title="bbox 1018 909 1805 946; baseline 0 -9"><span class='ocrx_word' id='word_1_214' title='bbox 1018 910 1118 937; x_wconf 86' lang='lat' dir='ltr'><strong>amictu</strong></span> <span class='ocrx_word' id='word_1_215' title='bbox 1141 909 1264 938; x_wconf 84' lang='lat' dir='ltr'><strong>videntes</strong></span> <span class='ocrx_word' id='word_1_216' title='bbox 1278 917 1284 934; x_wconf 91' lang='lat'><strong>:</strong></span> <span class='ocrx_word' id='word_1_217' title='bbox 1298 917 1360 944; x_wconf 65' lang='lat' dir='ltr'><strong>qua</strong></span> <span class='ocrx_word' id='word_1_218' title='bbox 1383 910 1516 945; x_wconf 88' lang='lat' dir='ltr'><strong>stupendo</strong></span> <span class='ocrx_word' id='word_1_219' title='bbox 1543 910 1642 938; x_wconf 88' lang='lat' dir='ltr'><strong>vestitu</strong></span> <span class='ocrx_word' id='word_1_220' title='bbox 1661 910 1805 946; x_wconf 76' lang='lat' dir='ltr'><strong>perculsrc,</strong></span> 
     </span>
    </p>
   </div>
   <div class='ocr_carea' id='block_1_32' title="bbox 171 955 961 998">
    <p class='ocr_par' dir='ltr' id='par_1_32' title="bbox 171 955 961 998">
     <span class='ocr_line' id='line_1_32' title="bbox 171 955 961 998; baseline 0.009 -16"><span class='ocrx_word' id='word_1_221' title='bbox 171 955 300 992; x_wconf 80' lang='grc' dir='ltr'>ἀλλήλους</span> <span class='ocrx_word' id='word_1_222' title='bbox 313 959 378 992; x_wconf 82' lang='grc' dir='ltr'>φασὶ</span> <span class='ocrx_word' id='word_1_223' title='bbox 390 958 421 985; x_wconf 81' lang='grc' dir='ltr'>τὸ</span> <span class='ocrx_word' id='word_1_224' title='bbox 435 957 509 991; x_wconf 80' lang='grc' dir='ltr'>ξένον</span> <span class='ocrx_word' id='word_1_225' title='bbox 518 959 565 986; x_wconf 84' lang='grc' dir='ltr'>τοῦ</span> <span class='ocrx_word' id='word_1_226' title='bbox 578 962 719 997; x_wconf 86' lang='grc' dir='ltr'>σχήματος</span> <span class='ocrx_word' id='word_1_227' title='bbox 731 961 945 998; x_wconf 78' lang='grc' dir='ltr'>ἐκπληττόμενοι</span> <span class='ocrx_word' id='word_1_228' title='bbox 954 971 961 978; x_wconf 84' lang='grc'><em>’</em></span> 
     </span>
    </p>
   </div>
   <div class='ocr_carea' id='block_1_33' title="bbox 1012 955 1807 998">
    <p class='ocr_par' dir='ltr' id='par_1_33' title="bbox 1018 955 1807 992">
     <span class='ocr_line' id='line_1_33' title="bbox 1018 955 1807 992; baseline 0.001 -9"><span class='ocrx_word' id='word_1_229' title='bbox 1018 956 1055 984; x_wconf 87' lang='lat' dir='ltr'><strong>ita</strong></span> <span class='ocrx_word' id='word_1_230' title='bbox 1069 961 1162 984; x_wconf 92' lang='lat' dir='ltr'><strong>mutuo</strong></span> <span class='ocrx_word' id='word_1_231' title='bbox 1176 956 1371 992; x_wconf 89' lang='lat' dir='ltr'><strong>colloquuntur</strong></span> <span class='ocrx_word' id='word_1_232' title='bbox 1388 965 1394 983; x_wconf 94' lang='lat'>:</span> <span class='ocrx_word' id='word_1_233' title='bbox 1415 966 1424 982; x_wconf 84' lang='grc' dir='ltr'><strong>ι</strong></span> <span class='ocrx_word' id='word_1_234' title='bbox 1439 955 1505 990; x_wconf 83' lang='lat' dir='ltr'><strong>Quis</strong></span> <span class='ocrx_word' id='word_1_235' title='bbox 1527 961 1570 984; x_wconf 90' lang='lat' dir='ltr'><strong>est</strong></span> <span class='ocrx_word' id='word_1_236' title='bbox 1591 956 1653 991; x_wconf 84' lang='lat' dir='ltr'><strong>iste,</strong></span> <span class='ocrx_word' id='word_1_237' title='bbox 1667 957 1713 992; x_wconf 88' lang='lat' dir='ltr'><strong>qui</strong></span> <span class='ocrx_word' id='word_1_238' title='bbox 1731 957 1807 985; x_wconf 83' lang='lat' dir='ltr'><strong>venit</strong></span> 
     </span>
    </p>
   </div>
   <div class='ocr_carea' id='block_1_34' title="bbox 173 999 961 1042">
    <p class='ocr_par' dir='ltr' id='par_1_34' title="bbox 173 999 961 1042">
     <span class='ocr_line' id='line_1_34' title="bbox 173 999 961 1042; baseline 0.006 -15"><span class='ocrx_word' id='word_1_239' title='bbox 173 1010 184 1027; x_wconf 78' lang='grc' dir='ltr'>ι</span> <span class='ocrx_word' id='word_1_240' title='bbox 204 1001 253 1033; x_wconf 89' lang='grc' dir='ltr'>Τίς</span> <span class='ocrx_word' id='word_1_241' title='bbox 271 999 348 1034; x_wconf 77' lang='grc' dir='ltr'>οὗτος</span> <span class='ocrx_word' id='word_1_242' title='bbox 369 1003 383 1029; x_wconf 81' lang='grc' dir='ltr'>ὁ</span> <span class='ocrx_word' id='word_1_243' title='bbox 407 1004 630 1040; x_wconf 87' lang='grc' dir='ltr'>παραγενόμενος</span> <span class='ocrx_word' id='word_1_244' title='bbox 649 1004 680 1037; x_wconf 77' lang='grc' dir='ltr'><strong>ἐξ</strong></span> <span class='ocrx_word' id='word_1_245' title='bbox 711 1005 810 1041; x_wconf 84' lang='grc' dir='ltr'>Ἐδὼμ,</span> <span class='ocrx_word' id='word_1_246' title='bbox 836 1006 961 1042; x_wconf 72' lang='grc' dir='ltr'>ἐρύθημα</span> 
     </span>
    </p>
   </div>
   <div class='ocr_carea' id='block_1_35' title="bbox 1012 999 1814 1042">
    <p class='ocr_par' dir='ltr' id='par_1_35' title="bbox 1018 1001 1814 1034">
     <span class='ocr_line' id='line_1_35' title="bbox 1018 1001 1814 1034; baseline 0.001 -5"><span class='ocrx_word' id='word_1_247' title='bbox 1018 1002 1051 1029; x_wconf 89' lang='lat' dir='ltr'><strong>de</strong></span> <span class='ocrx_word' id='word_1_248' title='bbox 1068 1001 1164 1034; x_wconf 83' lang='lat' dir='ltr'><strong>Edom,</strong></span> <span class='ocrx_word' id='word_1_249' title='bbox 1189 1002 1273 1030; x_wconf 91' lang='lat' dir='ltr'><strong>rubor</strong></span> <span class='ocrx_word' id='word_1_250' title='bbox 1292 1002 1515 1029; x_wconf 85' lang='lat' dir='ltr'><strong>vestimentorum</strong></span> <span class='ocrx_word' id='word_1_251' title='bbox 1535 1009 1569 1030; x_wconf 81' lang='lat' dir='ltr'><strong>ex</strong></span> <span class='ocrx_word' id='word_1_252' title='bbox 1594 1002 1699 1031; x_wconf 78' lang='lat' dir='ltr'><strong>Bosor?</strong></span> <span class='ocrx_word' id='word_1_253' title='bbox 1713 1013 1723 1029; x_wconf 74' lang='grc' dir='ltr'><strong><em>ι</em></strong></span> <span class='ocrx_word' id='word_1_254' title='bbox 1737 1002 1814 1030; x_wconf 84' lang='lat' dir='ltr'><strong>Nam.</strong></span> 
     </span>
    </p>
   </div>
   <div class='ocr_carea' id='block_1_36' title="bbox 171 1047 961 1088">
    <p class='ocr_par' dir='ltr' id='par_1_36' title="bbox 171 1047 961 1088">
     <span class='ocr_line' id='line_1_36' title="bbox 171 1047 961 1088; baseline 0.008 -15"><span class='ocrx_word' id='word_1_255' title='bbox 171 1047 288 1082; x_wconf 69' lang='grc' dir='ltr'>ἱματίων</span> <span class='ocrx_word' id='word_1_256' title='bbox 304 1049 336 1075; x_wconf 78' lang='grc' dir='ltr'>ὲκ</span> <span class='ocrx_word' id='word_1_257' title='bbox 351 1049 454 1085; x_wconf 85' lang='grc' dir='ltr'>Βοσύρ;</span> <span class='ocrx_word' id='word_1_258' title='bbox 479 1059 488 1076; x_wconf 72' lang='grc' dir='ltr'><strong><em>ι</em></strong></span> <span class='ocrx_word' id='word_1_259' title='bbox 518 1050 626 1086; x_wconf 85' lang='grc' dir='ltr'>Ἐπειδὴ</span> <span class='ocrx_word' id='word_1_260' title='bbox 647 1050 706 1087; x_wconf 82' lang='grc' dir='ltr'><strong>γὰρ</strong></span> <span class='ocrx_word' id='word_1_261' title='bbox 721 1052 738 1087; x_wconf 85' lang='grc' dir='ltr'><strong>ή</strong></span> <span class='ocrx_word' id='word_1_262' title='bbox 767 1049 857 1087; x_wconf 86' lang='grc' dir='ltr'>Ἐδὼμ</span> <span class='ocrx_word' id='word_1_263' title='bbox 879 1051 927 1078; x_wconf 72' lang='grc' dir='ltr'><strong>καὶ</strong></span> <span class='ocrx_word' id='word_1_264' title='bbox 947 1052 961 1088; x_wconf 80' lang='grc' dir='ltr'>ἡ</span> 
     </span>
    </p>
   </div>
   <div class='ocr_carea' id='block_1_37' title="bbox 1012 1047 1804 1088">
    <p class='ocr_par' dir='ltr' id='par_1_37' title="bbox 1017 1047 1804 1085">
     <span class='ocr_line' id='line_1_37' title="bbox 1017 1047 1804 1085; baseline 0 -10"><span class='ocrx_word' id='word_1_265' title='bbox 1017 1047 1080 1083; x_wconf 83' lang='lat' dir='ltr'><strong>quia</strong></span> <span class='ocrx_word' id='word_1_266' title='bbox 1095 1047 1180 1075; x_wconf 91' lang='lat' dir='ltr'><strong>Edom</strong></span> <span class='ocrx_word' id='word_1_267' title='bbox 1202 1053 1230 1075; x_wconf 92' lang='lat' dir='ltr'><strong>et</strong></span> <span class='ocrx_word' id='word_1_268' title='bbox 1249 1047 1335 1076; x_wconf 83' lang='lat' dir='ltr'><strong>Bosor</strong></span> <span class='ocrx_word' id='word_1_269' title='bbox 1347 1048 1562 1085; x_wconf 80' lang='lat' dir='ltr'><strong>alienigenarum</strong></span> <span class='ocrx_word' id='word_1_270' title='bbox 1576 1049 1700 1085; x_wconf 75' lang='lat' dir='ltr'><strong>regiones</strong></span> <span class='ocrx_word' id='word_1_271' title='bbox 1716 1054 1804 1083; x_wconf 89' lang='lat' dir='ltr'><strong>erant,</strong></span> 
     </span>
    </p>
   </div>
   <div class='ocr_carea' id='block_1_38' title="bbox 169 1091 961 1132">
    <p class='ocr_par' dir='ltr' id='par_1_38' title="bbox 169 1091 961 1132">
     <span class='ocr_line' id='line_1_38' title="bbox 169 1091 961 1132; baseline 0.005 -13"><span class='ocrx_word' id='word_1_272' title='bbox 169 1091 257 1129; x_wconf 70' lang='grc' dir='ltr'>Βοσὸρ</span> <span class='ocrx_word' id='word_1_273' title='bbox 270 1093 321 1129; x_wconf 81' lang='grc' dir='ltr'>τῆς</span> <span class='ocrx_word' id='word_1_274' title='bbox 340 1093 393 1122; x_wconf 88' lang='grc' dir='ltr'><strong>τῶν</strong></span> <span class='ocrx_word' id='word_1_275' title='bbox 408 1095 563 1130; x_wconf 79' lang='grc' dir='ltr'>ἀλλοφύλων</span> <span class='ocrx_word' id='word_1_276' title='bbox 577 1095 670 1132; x_wconf 86' lang='grc' dir='ltr'>χώρας</span> <span class='ocrx_word' id='word_1_277' title='bbox 684 1097 732 1124; x_wconf 83' lang='grc' dir='ltr'>καὶ</span> <span class='ocrx_word' id='word_1_278' title='bbox 748 1096 792 1124; x_wconf 76' lang='grc' dir='ltr'><strong>ἀεὶ</strong></span> <span class='ocrx_word' id='word_1_279' title='bbox 810 1096 865 1123; x_wconf 85' lang='grc' dir='ltr'><strong>τῶν</strong></span> <span class='ocrx_word' id='word_1_280' title='bbox 886 1096 961 1124; x_wconf 87' lang='grc' dir='ltr'>πολε-</span> 
     </span>
    </p>
   </div>
   <div class='ocr_carea' id='block_1_39' title="bbox 1012 1091 1805 1132">
    <p class='ocr_par' dir='ltr' id='par_1_39' title="bbox 1018 1094 1805 1130">
     <span class='ocr_line' id='line_1_39' title="bbox 1018 1094 1805 1130; baseline 0.001 -8"><span class='ocrx_word' id='word_1_281' title='bbox 1018 1094 1110 1122; x_wconf 81' lang='lat' dir='ltr'><strong>Israeli</strong></span> <span class='ocrx_word' id='word_1_282' title='bbox 1130 1102 1238 1130; x_wconf 84' lang='lat' dir='ltr'><strong>semper</strong></span> <span class='ocrx_word' id='word_1_283' title='bbox 1258 1094 1377 1129; x_wconf 69' lang='lat' dir='ltr'><strong>inieslae;</strong></span> <span class='ocrx_word' id='word_1_284' title='bbox 1395 1094 1439 1122; x_wconf 86' lang='lat' dir='ltr'><strong>his</strong></span> <span class='ocrx_word' id='word_1_285' title='bbox 1461 1095 1618 1123; x_wconf 87' lang='lat' dir='ltr'><strong>nominibus</strong></span> <span class='ocrx_word' id='word_1_286' title='bbox 1632 1095 1805 1123; x_wconf 70' lang='lat' dir='ltr'><strong>adversaria:</strong></span> 
     </span>
    </p>
   </div>
   <div class='ocr_carea' id='block_1_40' title="bbox 172 1138 961 1178">
    <p class='ocr_par' dir='ltr' id='par_1_40' title="bbox 172 1138 961 1178">
     <span class='ocr_line' id='line_1_40' title="bbox 172 1138 961 1178; baseline 0.005 -12"><span class='ocrx_word' id='word_1_287' title='bbox 172 1138 241 1174; x_wconf 77' lang='grc' dir='ltr'>μίων</span> <span class='ocrx_word' id='word_1_288' title='bbox 260 1140 308 1167; x_wconf 80' lang='grc' dir='ltr'>τοῦ</span> <span class='ocrx_word' id='word_1_289' title='bbox 334 1139 442 1177; x_wconf 85' lang='grc' dir='ltr'>Ἰσραὴλ</span> <span class='ocrx_word' id='word_1_290' title='bbox 455 1142 644 1178; x_wconf 77' lang='grc' dir='ltr'>τυγχάνουσιν,</span> <span class='ocrx_word' id='word_1_291' title='bbox 664 1143 776 1176; x_wconf 81' lang='grc' dir='ltr'>εἰκότως</span> <span class='ocrx_word' id='word_1_292' title='bbox 797 1143 842 1170; x_wconf 81' lang='grc' dir='ltr'><strong>διὰ</strong></span> <span class='ocrx_word' id='word_1_293' title='bbox 863 1142 961 1170; x_wconf 83' lang='grc' dir='ltr'>τούτων</span> 
     </span>
    </p>
   </div>
   <div class='ocr_carea' id='block_1_41' title="bbox 1012 1138 1805 1178">
    <p class='ocr_par' dir='ltr' id='par_1_41' title="bbox 1017 1141 1805 1175">
     <span class='ocr_line' id='line_1_41' title="bbox 1017 1141 1805 1175; baseline 0 -8"><span class='ocrx_word' id='word_1_294' title='bbox 1017 1144 1166 1175; x_wconf 81' lang='lat' dir='ltr'><strong>potestates</strong></span> <span class='ocrx_word' id='word_1_295' title='bbox 1193 1145 1375 1175; x_wconf 77' lang='lat' dir='ltr'><strong>congruenter</strong></span> <span class='ocrx_word' id='word_1_296' title='bbox 1402 1141 1525 1174; x_wconf 89' lang='lat' dir='ltr'><strong>indicat,</strong></span> <span class='ocrx_word' id='word_1_297' title='bbox 1552 1149 1584 1169; x_wconf 90' lang='lat' dir='ltr'><strong>ac</strong></span> <span class='ocrx_word' id='word_1_298' title='bbox 1612 1141 1805 1168; x_wconf 85' lang='lat' dir='ltr'><strong>vestimentum</strong></span> 
     </span>
    </p>
   </div>
   <div class='ocr_carea' id='block_1_42' title="bbox 169 1184 961 1224">
    <p class='ocr_par' dir='ltr' id='par_1_42' title="bbox 169 1184 961 1224">
     <span class='ocr_line' id='line_1_42' title="bbox 169 1184 961 1224; baseline 0.008 -14"><span class='ocrx_word' id='word_1_299' title='bbox 169 1184 224 1211; x_wconf 82' lang='grc' dir='ltr'><strong>τῶν</strong></span> <span class='ocrx_word' id='word_1_300' title='bbox 239 1184 380 1220; x_wconf 81' lang='grc' dir='ltr'>ὀνομάτων</span> <span class='ocrx_word' id='word_1_301' title='bbox 391 1186 441 1219; x_wconf 83' lang='grc' dir='ltr'>τὰς</span> <span class='ocrx_word' id='word_1_302' title='bbox 456 1187 648 1223; x_wconf 79' lang='grc' dir='ltr'>ἀντικειμένας</span> <span class='ocrx_word' id='word_1_303' title='bbox 661 1188 793 1224; x_wconf 85' lang='grc' dir='ltr'>δυνάμεις</span> <span class='ocrx_word' id='word_1_304' title='bbox 804 1189 961 1221; x_wconf 73' lang='grc' dir='ltr'><strong>αἰνίττεται1</strong></span> 
     </span>
    </p>
   </div>
   <div class='ocr_carea' id='block_1_43' title="bbox 1012 1184 1804 1224">
    <p class='ocr_par' dir='ltr' id='par_1_43' title="bbox 1018 1186 1804 1222">
     <span class='ocr_line' id='line_1_43' title="bbox 1018 1186 1804 1222; baseline 0 -9"><span class='ocrx_word' id='word_1_305' title='bbox 1018 1193 1096 1213; x_wconf 88' lang='lat' dir='ltr'><strong>suum</strong></span> <span class='ocrx_word' id='word_1_306' title='bbox 1109 1193 1241 1213; x_wconf 73' lang='lat' dir='ltr'><strong>ctesorum</strong></span> <span class='ocrx_word' id='word_1_307' title='bbox 1257 1193 1289 1214; x_wconf 85' lang='lat' dir='ltr'><strong>ac</strong></span> <span class='ocrx_word' id='word_1_308' title='bbox 1304 1186 1490 1222; x_wconf 74' lang='lat' dir='ltr'><strong>Jugulatorum</strong></span> <span class='ocrx_word' id='word_1_309' title='bbox 1506 1194 1603 1215; x_wconf 88' lang='lat' dir='ltr'><strong>cruore</strong></span> <span class='ocrx_word' id='word_1_310' title='bbox 1618 1187 1693 1222; x_wconf 86' lang='lat' dir='ltr'><strong>quasi</strong></span> <span class='ocrx_word' id='word_1_311' title='bbox 1707 1194 1804 1222; x_wconf 79' lang='lat' dir='ltr'><strong>purpu~</strong></span> 
     </span>
    </p>
   </div>
   <div class='ocr_carea' id='block_1_44' title="bbox 170 1229 961 1271">
    <p class='ocr_par' dir='ltr' id='par_1_44' title="bbox 170 1229 961 1271">
     <span class='ocr_line' id='line_1_44' title="bbox 170 1229 961 1271; baseline 0.006 -14"><span class='ocrx_word' id='word_1_312' title='bbox 170 1229 218 1257; x_wconf 75' lang='grc' dir='ltr'>καὶ</span> <span class='ocrx_word' id='word_1_313' title='bbox 236 1230 291 1258; x_wconf 85' lang='grc' dir='ltr'>τῶν</span> <span class='ocrx_word' id='word_1_314' title='bbox 313 1231 506 1268; x_wconf 81' lang='grc' dir='ltr'>ἀνῃρημένων,</span> <span class='ocrx_word' id='word_1_315' title='bbox 530 1235 578 1261; x_wconf 76' lang='grc' dir='ltr'>καὶ</span> <span class='ocrx_word' id='word_1_316' title='bbox 594 1234 715 1270; x_wconf 81' lang='grc' dir='ltr'>ὡσπερεὶ</span> <span class='ocrx_word' id='word_1_317' title='bbox 731 1235 961 1271; x_wconf 82' lang='grc' dir='ltr'>κατεσφαγμένων</span> 
     </span>
    </p>
   </div>
   <div class='ocr_carea' id='block_1_45' title="bbox 1012 1229 1806 1271">
    <p class='ocr_par' dir='ltr' id='par_1_45' title="bbox 1018 1232 1806 1269">
     <span class='ocr_line' id='line_1_45' title="bbox 1018 1232 1806 1269; baseline 0.003 -10"><span class='ocrx_word' id='word_1_318' title='bbox 1018 1236 1107 1259; x_wconf 88' lang='lat' dir='ltr'><strong>ratum</strong></span> <span class='ocrx_word' id='word_1_319' title='bbox 1121 1238 1182 1259; x_wconf 85' lang='lat' dir='ltr'><strong>esse</strong></span> <span class='ocrx_word' id='word_1_320' title='bbox 1197 1232 1273 1260; x_wconf 91' lang='lat' dir='ltr'><strong>dicit.</strong></span> <span class='ocrx_word' id='word_1_321' title='bbox 1292 1232 1358 1259; x_wconf 93' lang='lat' dir='ltr'><strong>Cum</strong></span> <span class='ocrx_word' id='word_1_322' title='bbox 1380 1237 1470 1260; x_wconf 85' lang='lat' dir='ltr'><strong>autem</strong></span> <span class='ocrx_word' id='word_1_323' title='bbox 1492 1233 1579 1268; x_wconf 89' lang='lat' dir='ltr'><strong>ipsum</strong></span> <span class='ocrx_word' id='word_1_324' title='bbox 1602 1240 1617 1260; x_wconf 84' lang='lat' dir='ltr'><strong>a</strong></span> <span class='ocrx_word' id='word_1_325' title='bbox 1637 1237 1746 1269; x_wconf 87' lang='lat' dir='ltr'><strong>sumpto</strong></span> <span class='ocrx_word' id='word_1_326' title='bbox 1772 1234 1806 1261; x_wconf 84' lang='lat' dir='ltr'><strong>de</strong></span> 
     </span>
    </p>
   </div>
   <div class='ocr_carea' id='block_1_46' title="bbox 169 1275 961 1318">
    <p class='ocr_par' dir='ltr' id='par_1_46' title="bbox 169 1275 961 1318">
     <span class='ocr_line' id='line_1_46' title="bbox 169 1275 961 1318; baseline 0.008 -15"><span class='ocrx_word' id='word_1_327' title='bbox 169 1275 214 1310; x_wconf 69' lang='grc' dir='ltr'>τὸν</span> <span class='ocrx_word' id='word_1_328' title='bbox 235 1276 384 1312; x_wconf 73' lang='grc' dir='ltr'>ἱματισμὸν</span> <span class='ocrx_word' id='word_1_329' title='bbox 406 1278 489 1305; x_wconf 77' lang='grc' dir='ltr'>αὐτοῦ</span> <span class='ocrx_word' id='word_1_330' title='bbox 513 1288 580 1315; x_wconf 79' lang='grc' dir='ltr'>φησι</span> <span class='ocrx_word' id='word_1_331' title='bbox 604 1281 788 1315; x_wconf 82' lang='grc' dir='ltr'>πεφοινίσθαι,</span> <span class='ocrx_word' id='word_1_332' title='bbox 813 1282 919 1318; x_wconf 80' lang='grc' dir='ltr'>Σφόδρα</span> <span class='ocrx_word' id='word_1_333' title='bbox 935 1282 961 1308; x_wconf 88' lang='grc' dir='ltr'>δὲ</span> 
     </span>
    </p>
   </div>
   <div class='ocr_carea' id='block_1_47' title="bbox 1012 1275 1806 1318">
    <p class='ocr_par' dir='ltr' id='par_1_47' title="bbox 1017 1278 1806 1314">
     <span class='ocr_line' id='line_1_47' title="bbox 1017 1278 1806 1314; baseline 0.003 -9"><span class='ocrx_word' id='word_1_334' title='bbox 1017 1278 1107 1314; x_wconf 86' lang='lat' dir='ltr'><strong>impiis</strong></span> <span class='ocrx_word' id='word_1_335' title='bbox 1124 1278 1257 1314; x_wconf 88' lang='lat' dir='ltr'><strong>supplicio</strong></span> <span class='ocrx_word' id='word_1_336' title='bbox 1270 1278 1347 1306; x_wconf 87' lang='lat' dir='ltr'><strong>valde</strong></span> <span class='ocrx_word' id='word_1_337' title='bbox 1366 1279 1536 1306; x_wconf 88' lang='lat' dir='ltr'><strong>immutatum</strong></span> <span class='ocrx_word' id='word_1_338' title='bbox 1553 1283 1677 1312; x_wconf 86' lang='lat' dir='ltr'><strong>cernant,</strong></span> <span class='ocrx_word' id='word_1_339' title='bbox 1695 1287 1729 1306; x_wconf 93' lang='lat' dir='ltr'><strong>ne</strong></span> <span class='ocrx_word' id='word_1_340' title='bbox 1742 1279 1806 1314; x_wconf 81' lang='lat' dir='ltr'><strong>qui-</strong></span> 
     </span>
    </p>
   </div>
   <div class='ocr_carea' id='block_1_48' title="bbox 171 1322 961 1362">
    <p class='ocr_par' dir='ltr' id='par_1_48' title="bbox 171 1322 961 1362">
     <span class='ocr_line' id='line_1_48' title="bbox 171 1322 961 1362; baseline 0.008 -13"><span class='ocrx_word' id='word_1_341' title='bbox 171 1322 251 1350; x_wconf 81' lang='grc' dir='ltr'>αὐτὸν</span> <span class='ocrx_word' id='word_1_342' title='bbox 266 1323 370 1351; x_wconf 81' lang='grc' dir='ltr'>ἀλλοῖον</span> <span class='ocrx_word' id='word_1_343' title='bbox 384 1325 502 1361; x_wconf 83' lang='grc' dir='ltr'>ὁρῶντες</span> <span class='ocrx_word' id='word_1_344' title='bbox 519 1327 551 1353; x_wconf 80' lang='grc' dir='ltr'>ἐκ</span> <span class='ocrx_word' id='word_1_345' title='bbox 572 1327 622 1362; x_wconf 88' lang='grc' dir='ltr'>τῆς</span> <span class='ocrx_word' id='word_1_346' title='bbox 637 1326 707 1354; x_wconf 81' lang='grc' dir='ltr'>κατὰ</span> <span class='ocrx_word' id='word_1_347' title='bbox 723 1327 778 1354; x_wconf 85' lang='grc' dir='ltr'><strong>τῶν</strong></span> <span class='ocrx_word' id='word_1_348' title='bbox 794 1328 900 1355; x_wconf 78' lang='grc' dir='ltr'>ἀσεϐῶν</span> <span class='ocrx_word' id='word_1_349' title='bbox 922 1337 961 1356; x_wconf 86' lang='grc' dir='ltr'>τι-</span> 
     </span>
    </p>
   </div>
   <div class='ocr_carea' id='block_1_49' title="bbox 1012 1322 1806 1362">
    <p class='ocr_par' dir='ltr' id='par_1_49' title="bbox 1018 1324 1806 1360">
     <span class='ocr_line' id='line_1_49' title="bbox 1018 1324 1806 1360; baseline 0 -8"><span class='ocrx_word' id='word_1_350' title='bbox 1018 1325 1077 1352; x_wconf 89' lang='lat' dir='ltr'><strong>dem</strong></span> <span class='ocrx_word' id='word_1_351' title='bbox 1086 1332 1166 1352; x_wconf 84' lang='lat' dir='ltr'><strong>nosse</strong></span> <span class='ocrx_word' id='word_1_352' title='bbox 1179 1325 1315 1358; x_wconf 87' lang='lat' dir='ltr'><strong>videntur,</strong></span> <span class='ocrx_word' id='word_1_353' title='bbox 1328 1331 1408 1360; x_wconf 90' lang='lat' dir='ltr'><strong>quem</strong></span> <span class='ocrx_word' id='word_1_354' title='bbox 1422 1325 1523 1357; x_wconf 78' lang='lat' dir='ltr'><strong>laetum,</strong></span> <span class='ocrx_word' id='word_1_355' title='bbox 1541 1324 1715 1360; x_wconf 89' lang='lat' dir='ltr'><strong>tranquillum</strong></span> <span class='ocrx_word' id='word_1_356' title='bbox 1731 1332 1806 1355; x_wconf 62' lang='lat' dir='ltr'><strong>mane</strong></span> 
     </span>
    </p>
   </div>
   <div class='ocr_carea' id='block_1_50' title="bbox 171 1369 961 1411">
    <p class='ocr_par' dir='ltr' id='par_1_50' title="bbox 171 1369 961 1411">
     <span class='ocr_line' id='line_1_50' title="bbox 171 1369 961 1411; baseline 0.006 -15"><span class='ocrx_word' id='word_1_357' title='bbox 171 1369 288 1405; x_wconf 81' lang='grc' dir='ltr'>μωρίας,</span> <span class='ocrx_word' id='word_1_358' title='bbox 302 1370 362 1398; x_wconf 76' lang='grc' dir='ltr'>οὐδὲ</span> <span class='ocrx_word' id='word_1_359' title='bbox 379 1371 523 1407; x_wconf 80' lang='grc' dir='ltr'>γνωρίζειν</span> <span class='ocrx_word' id='word_1_360' title='bbox 539 1372 658 1400; x_wconf 77' lang='grc' dir='ltr'>ἐοίκασιν</span> <span class='ocrx_word' id='word_1_361' title='bbox 676 1373 770 1407; x_wconf 77' lang='grc' dir='ltr'>αὑτὸν,</span> <span class='ocrx_word' id='word_1_362' title='bbox 788 1374 900 1411; x_wconf 81' lang='grc' dir='ltr'>φαιδρὸν</span> <span class='ocrx_word' id='word_1_363' title='bbox 915 1375 961 1402; x_wconf 71' lang='grc' dir='ltr'>καὶ</span> 
     </span>
    </p>
   </div>
   <div class='ocr_carea' id='block_1_51' title="bbox 1012 1369 1806 1411">
    <p class='ocr_par' dir='ltr' id='par_1_51' title="bbox 1017 1370 1806 1407">
     <span class='ocr_line' id='line_1_51' title="bbox 1017 1370 1806 1407; baseline 0 -9"><span class='ocrx_word' id='word_1_364' title='bbox 1017 1375 1178 1406; x_wconf 77' lang='lat' dir='ltr'><strong>suetamque</strong></span> <span class='ocrx_word' id='word_1_365' title='bbox 1196 1378 1256 1399; x_wconf 84' lang='lat' dir='ltr'><strong>esse</strong></span> <span class='ocrx_word' id='word_1_366' title='bbox 1275 1371 1400 1399; x_wconf 85' lang='lat' dir='ltr'><strong>sciebant</strong></span> <span class='ocrx_word' id='word_1_367' title='bbox 1415 1379 1422 1397; x_wconf 88' lang='lat'><strong>:</strong></span> <span class='ocrx_word' id='word_1_368' title='bbox 1439 1371 1616 1407; x_wconf 86' lang='lat' dir='ltr'><strong>quamobrem</strong></span> <span class='ocrx_word' id='word_1_369' title='bbox 1629 1370 1806 1398; x_wconf 83' lang='lat' dir='ltr'><strong>sciscitantur</strong></span> 
     </span>
    </p>
   </div>
   <div class='ocr_carea' id='block_1_52' title="bbox 170 1415 961 1454">
    <p class='ocr_par' dir='ltr' id='par_1_52' title="bbox 170 1415 961 1454">
     <span class='ocr_line' id='line_1_52' title="bbox 170 1415 961 1454; baseline 0.005 -10"><span class='ocrx_word' id='word_1_370' title='bbox 170 1415 286 1452; x_wconf 81' lang='grc' dir='ltr'>γαληνὸν</span> <span class='ocrx_word' id='word_1_371' title='bbox 306 1417 353 1444; x_wconf 71' lang='grc' dir='ltr'>καὶ</span> <span class='ocrx_word' id='word_1_372' title='bbox 370 1418 477 1454; x_wconf 72' lang='grc' dir='ltr'>ἥμερον</span> <span class='ocrx_word' id='word_1_373' title='bbox 495 1419 577 1446; x_wconf 83' lang='grc' dir='ltr'>αὐτὸν</span> <span class='ocrx_word' id='word_1_374' title='bbox 593 1419 780 1454; x_wconf 77' lang='grc' dir='ltr'>ἐπιστάμενοι·</span> <span class='ocrx_word' id='word_1_375' title='bbox 798 1420 839 1447; x_wconf 82' lang='grc' dir='ltr'>διὸ</span> <span class='ocrx_word' id='word_1_376' title='bbox 859 1421 961 1448; x_wconf 87' lang='grc' dir='ltr'>πυνθά-</span> 
     </span>
    </p>
   </div>
   <div class='ocr_carea' id='block_1_53' title="bbox 1012 1415 1806 1454">
    <p class='ocr_par' dir='ltr' id='par_1_53' title="bbox 1016 1416 1806 1453">
     <span class='ocr_line' id='line_1_53' title="bbox 1016 1416 1806 1453; baseline -0.001 -8"><span class='ocrx_word' id='word_1_377' title='bbox 1016 1417 1060 1446; x_wconf 88' lang='lat' dir='ltr'><strong>his</strong></span> <span class='ocrx_word' id='word_1_378' title='bbox 1073 1417 1163 1446; x_wconf 83' lang='lat' dir='ltr'><strong>verbis</strong></span> <span class='ocrx_word' id='word_1_379' title='bbox 1176 1425 1183 1444; x_wconf 84' lang='lat'>:</span> <span class='ocrx_word' id='word_1_380' title='bbox 1196 1427 1206 1444; x_wconf 84' lang='grc'><em>‹</em></span> <span class='ocrx_word' id='word_1_381' title='bbox 1221 1417 1286 1452; x_wconf 81' lang='lat' dir='ltr'><strong>Quis</strong></span> <span class='ocrx_word' id='word_1_382' title='bbox 1305 1421 1346 1445; x_wconf 88' lang='lat' dir='ltr'><strong>est</strong></span> <span class='ocrx_word' id='word_1_383' title='bbox 1357 1418 1407 1445; x_wconf 86' lang='lat' dir='ltr'><strong>iste</strong></span> <span class='ocrx_word' id='word_1_384' title='bbox 1421 1417 1467 1453; x_wconf 90' lang='lat' dir='ltr'><strong>qui</strong></span> <span class='ocrx_word' id='word_1_385' title='bbox 1483 1418 1557 1445; x_wconf 89' lang='lat' dir='ltr'><strong>venit</strong></span> <span class='ocrx_word' id='word_1_386' title='bbox 1571 1418 1604 1445; x_wconf 87' lang='lat' dir='ltr'><strong>de</strong></span> <span class='ocrx_word' id='word_1_387' title='bbox 1615 1416 1806 1451; x_wconf 70' lang='lat' dir='ltr'><strong>Edom,rubon</strong></span> 
     </span>
    </p>
   </div>
   <div class='ocr_carea' id='block_1_54' title="bbox 169 1460 961 1502">
    <p class='ocr_par' dir='ltr' id='par_1_54' title="bbox 169 1460 961 1502">
     <span class='ocr_line' id='line_1_54' title="bbox 169 1460 961 1502; baseline 0.008 -14"><span class='ocrx_word' id='word_1_388' title='bbox 169 1469 261 1489; x_wconf 86' lang='grc' dir='ltr'>νονται</span> <span class='ocrx_word' id='word_1_389' title='bbox 287 1462 430 1497; x_wconf 85' lang='grc' dir='ltr'>λέγοντες;</span> <span class='ocrx_word' id='word_1_390' title='bbox 450 1473 460 1490; x_wconf 84' lang='grc'><strong>(</strong></span> <span class='ocrx_word' id='word_1_391' title='bbox 479 1465 527 1496; x_wconf 86' lang='grc' dir='ltr'>Τίς</span> <span class='ocrx_word' id='word_1_392' title='bbox 543 1460 621 1497; x_wconf 75' lang='grc' dir='ltr'>οὗτος</span> <span class='ocrx_word' id='word_1_393' title='bbox 652 1465 667 1492; x_wconf 81' lang='grc'>6</span> <span class='ocrx_word' id='word_1_394' title='bbox 688 1466 910 1502; x_wconf 84' lang='grc' dir='ltr'>παραγενόμενος</span> <span class='ocrx_word' id='word_1_395' title='bbox 933 1467 961 1501; x_wconf 81' lang='grc' dir='ltr'><strong>ἐξ</strong></span> 
     </span>
    </p>
   </div>
   <div class='ocr_carea' id='block_1_55' title="bbox 1012 1460 1804 1502">
    <p class='ocr_par' dir='ltr' id='par_1_55' title="bbox 1017 1462 1804 1499">
     <span class='ocr_line' id='line_1_55' title="bbox 1017 1462 1804 1499; baseline -0.004 -7"><span class='ocrx_word' id='word_1_396' title='bbox 1017 1464 1240 1492; x_wconf 83' lang='lat' dir='ltr'><strong>vestimentorum</strong></span> <span class='ocrx_word' id='word_1_397' title='bbox 1252 1465 1286 1492; x_wconf 91' lang='lat' dir='ltr'><strong>de</strong></span> <span class='ocrx_word' id='word_1_398' title='bbox 1304 1464 1388 1492; x_wconf 89' lang='lat' dir='ltr'><strong>Bosor</strong></span> <span class='ocrx_word' id='word_1_399' title='bbox 1398 1464 1411 1491; x_wconf 74' lang='grc' dir='ltr'><strong>τ</strong></span> <span class='ocrx_word' id='word_1_400' title='bbox 1427 1473 1488 1491; x_wconf 76' lang='grc' dir='ltr'>ι-ι</span> <span class='ocrx_word' id='word_1_401' title='bbox 1501 1462 1677 1499; x_wconf 75' lang='lat' dir='ltr'><strong>Propugnans</strong></span> <span class='ocrx_word' id='word_1_402' title='bbox 1692 1472 1702 1490; x_wconf 73' lang='grc' dir='ltr'><strong>ι</strong></span> <span class='ocrx_word' id='word_1_403' title='bbox 1718 1463 1804 1496; x_wconf 88' lang='lat' dir='ltr'><strong>enim,</strong></span> 
     </span>
    </p>
   </div>
   <div class='ocr_carea' id='block_1_56' title="bbox 177 1506 961 1548">
    <p class='ocr_par' dir='ltr' id='par_1_56' title="bbox 177 1506 960 1548">
     <span class='ocr_line' id='line_1_56' title="bbox 177 1506 960 1548; baseline 0.008 -15"><span class='ocrx_word' id='word_1_404' title='bbox 177 1506 275 1542; x_wconf 81' lang='grc' dir='ltr'>Ἐδὼμ,</span> <span class='ocrx_word' id='word_1_405' title='bbox 286 1507 411 1544; x_wconf 80' lang='grc' dir='ltr'>ἐρύθημα</span> <span class='ocrx_word' id='word_1_406' title='bbox 419 1509 533 1544; x_wconf 76' lang='grc' dir='ltr'>ἱματίων</span> <span class='ocrx_word' id='word_1_407' title='bbox 541 1510 678 1546; x_wconf 78' lang='grc' dir='ltr'>ὲκΒοσόρ;</span> <span class='ocrx_word' id='word_1_408' title='bbox 691 1520 753 1537; x_wconf 73' lang='grc' dir='ltr'><strong>ι-σ</strong></span> <span class='ocrx_word' id='word_1_409' title='bbox 763 1511 960 1548; x_wconf 74' lang='grc' dir='ltr'>’Υπερμαχῶνι</span> 
     </span>
    </p>
   </div>
   <div class='ocr_carea' id='block_1_57' title="bbox 1012 1506 1813 1548">
    <p class='ocr_par' dir='ltr' id='par_1_57' title="bbox 1017 1506 1813 1546">
     <span class='ocr_line' id='line_1_57' title="bbox 1017 1506 1813 1546; baseline -0.003 -8"><span class='ocrx_word' id='word_1_410' title='bbox 1017 1511 1166 1538; x_wconf 90' lang='lat' dir='ltr'><strong>secundum</strong></span> <span class='ocrx_word' id='word_1_411' title='bbox 1185 1511 1389 1546; x_wconf 85' lang='lat' dir='ltr'><strong>Symmachum,</strong></span> <span class='ocrx_word' id='word_1_412' title='bbox 1403 1518 1451 1546; x_wconf 89' lang='lat' dir='ltr'><strong>pro</strong></span> <span class='ocrx_word' id='word_1_413' title='bbox 1466 1510 1511 1543; x_wconf 85' lang='lat' dir='ltr'><strong>iis,</strong></span> <span class='ocrx_word' id='word_1_414' title='bbox 1527 1510 1572 1545; x_wconf 90' lang='lat' dir='ltr'><strong>qui</strong></span> <span class='ocrx_word' id='word_1_415' title='bbox 1589 1506 1624 1537; x_wconf 85' lang='lat' dir='ltr'><strong>ab</strong></span> <span class='ocrx_word' id='word_1_416' title='bbox 1640 1508 1813 1537; x_wconf 21' lang='lat' dir='ltr'><strong>adversariis.</strong></span> 
     </span>
    </p>
   </div>
   <div class='ocr_carea' id='block_1_58' title="bbox 171 1551 961 1593">
    <p class='ocr_par' dir='ltr' id='par_1_58' title="bbox 171 1551 961 1591">
     <span class='ocr_line' id='line_1_58' title="bbox 171 1551 961 1591; baseline 0.009 -13"><span class='ocrx_word' id='word_1_417' title='bbox 171 1551 235 1588; x_wconf 85' lang='grc' dir='ltr'>γὰρ,</span> <span class='ocrx_word' id='word_1_418' title='bbox 251 1552 321 1580; x_wconf 86' lang='grc' dir='ltr'>κατὰ</span> <span class='ocrx_word' id='word_1_419' title='bbox 337 1553 382 1580; x_wconf 77' lang='grc' dir='ltr'>τὸν</span> <span class='ocrx_word' id='word_1_420' title='bbox 396 1554 555 1591; x_wconf 83' lang='grc' dir='ltr'>Σύμμαχον,</span> <span class='ocrx_word' id='word_1_421' title='bbox 572 1555 626 1582; x_wconf 85' lang='grc' dir='ltr'>τῶν</span> <span class='ocrx_word' id='word_1_422' title='bbox 640 1556 740 1589; x_wconf 86' lang='grc' dir='ltr'>ἀδίκως</span> <span class='ocrx_word' id='word_1_423' title='bbox 753 1557 805 1584; x_wconf 81' lang='grc' dir='ltr'><strong>ὑπὸ</strong></span> <span class='ocrx_word' id='word_1_424' title='bbox 820 1557 875 1584; x_wconf 82' lang='grc' dir='ltr'>τῶν</span> <span class='ocrx_word' id='word_1_425' title='bbox 890 1558 961 1585; x_wconf 82' lang='grc' dir='ltr'>ἀντι-</span> 
     </span>
    </p>
   </div>
   <div class='ocr_carea' id='block_1_59' title="bbox 1012 1551 1805 1593">
    <p class='ocr_par' dir='ltr' id='par_1_59' title="bbox 1016 1556 1805 1593">
     <span class='ocr_line' id='line_1_59' title="bbox 1016 1556 1805 1593; baseline -0.003 -8"><span class='ocrx_word' id='word_1_426' title='bbox 1016 1557 1196 1592; x_wconf 86' lang='lat' dir='ltr'><strong>potestatibus</strong></span> <span class='ocrx_word' id='word_1_427' title='bbox 1219 1556 1419 1593; x_wconf 78' lang='lat' dir='ltr'><strong>aﬂligebantur,</strong></span> <span class='ocrx_word' id='word_1_428' title='bbox 1448 1557 1508 1585; x_wconf 87' lang='lat' dir='ltr'><strong>illos</strong></span> <span class='ocrx_word' id='word_1_429' title='bbox 1529 1557 1638 1592; x_wconf 88' lang='lat' dir='ltr'><strong>quidem</strong></span> <span class='ocrx_word' id='word_1_430' title='bbox 1664 1561 1695 1584; x_wconf 92' lang='lat' dir='ltr'><strong>ut</strong></span> <span class='ocrx_word' id='word_1_431' title='bbox 1710 1556 1805 1584; x_wconf 84' lang='lat' dir='ltr'><strong>hostes</strong></span> 
     </span>
    </p>
   </div>
   <div class='ocr_carea' id='block_1_60' title="bbox 170 1598 961 1639">
    <p class='ocr_par' dir='ltr' id='par_1_60' title="bbox 170 1598 961 1639">
     <span class='ocr_line' id='line_1_60' title="bbox 170 1598 961 1639; baseline 0.009 -15"><span class='ocrx_word' id='word_1_432' title='bbox 170 1598 305 1634; x_wconf 78' lang='grc' dir='ltr'>κειμένων</span> <span class='ocrx_word' id='word_1_433' title='bbox 320 1599 462 1636; x_wconf 85' lang='grc' dir='ltr'>δυνάμεων</span> <span class='ocrx_word' id='word_1_434' title='bbox 486 1603 748 1638; x_wconf 81' lang='grc' dir='ltr'>καταπονουμένων,</span> <span class='ocrx_word' id='word_1_435' title='bbox 766 1603 830 1636; x_wconf 78' lang='grc' dir='ltr'>τοὺς</span> <span class='ocrx_word' id='word_1_436' title='bbox 853 1604 902 1639; x_wconf 83' lang='grc' dir='ltr'>μὲν</span> <span class='ocrx_word' id='word_1_437' title='bbox 925 1604 961 1637; x_wconf 85' lang='grc' dir='ltr'>ὼς</span> 
     </span>
    </p>
   </div>
   <div class='ocr_carea' id='block_1_61' title="bbox 1012 1598 1804 1639">
    <p class='ocr_par' dir='ltr' id='par_1_61' title="bbox 1015 1601 1804 1637">
     <span class='ocr_line' id='line_1_61' title="bbox 1015 1601 1804 1637; baseline 0 -8"><span class='ocrx_word' id='word_1_438' title='bbox 1015 1601 1171 1635; x_wconf 82' lang='lat' dir='ltr'><strong>invadebat,</strong></span> <span class='ocrx_word' id='word_1_439' title='bbox 1189 1601 1239 1631; x_wconf 89' lang='lat' dir='ltr'><strong>hos</strong></span> <span class='ocrx_word' id='word_1_440' title='bbox 1255 1607 1347 1630; x_wconf 90' lang='lat' dir='ltr'><strong>autem</strong></span> <span class='ocrx_word' id='word_1_441' title='bbox 1368 1603 1455 1631; x_wconf 87' lang='lat' dir='ltr'><strong>salute</strong></span> <span class='ocrx_word' id='word_1_442' title='bbox 1472 1602 1601 1637; x_wconf 84' lang='lat' dir='ltr'><strong>donabat,</strong></span> <span class='ocrx_word' id='word_1_443' title='bbox 1620 1602 1655 1630; x_wconf 85' lang='lat' dir='ltr'><strong>ab</strong></span> <span class='ocrx_word' id='word_1_444' title='bbox 1677 1601 1804 1630; x_wconf 54' lang='lat' dir='ltr'><strong>inimico:</strong></span> 
     </span>
    </p>
   </div>
   <div class='ocr_carea' id='block_1_62' title="bbox 169 1645 964 1688">
    <p class='ocr_par' dir='ltr' id='par_1_62' title="bbox 169 1645 964 1688">
     <span class='ocr_line' id='line_1_62' title="bbox 169 1645 964 1688; baseline 0.009 -17"><span class='ocrx_word' id='word_1_445' title='bbox 169 1645 284 1681; x_wconf 76' lang='grc' dir='ltr'>ἐχθροὺς</span> <span class='ocrx_word' id='word_1_446' title='bbox 302 1647 469 1683; x_wconf 86' lang='grc' dir='ltr'>μετήρχετο,</span> <span class='ocrx_word' id='word_1_447' title='bbox 485 1648 550 1680; x_wconf 83' lang='grc' dir='ltr'>τοὺς</span> <span class='ocrx_word' id='word_1_448' title='bbox 565 1648 593 1676; x_wconf 83' lang='grc' dir='ltr'>δὲ</span> <span class='ocrx_word' id='word_1_449' title='bbox 619 1649 720 1681; x_wconf 75' lang='grc' dir='ltr'>ἔσωζεν</span> <span class='ocrx_word' id='word_1_450' title='bbox 741 1649 892 1686; x_wconf 76' lang='grc' dir='ltr'>ἐλευθερῶν</span> <span class='ocrx_word' id='word_1_451' title='bbox 914 1652 964 1688; x_wconf 87' lang='grc' dir='ltr'>τῆς</span> 
     </span>
    </p>
   </div>
   <div class='ocr_carea' id='block_1_63' title="bbox 170 1690 593 1728">
    <p class='ocr_par' dir='ltr' id='par_1_63' title="bbox 170 1690 593 1728">
     <span class='ocr_line' id='line_1_63' title="bbox 170 1690 593 1728; baseline 0.012 -11"><span class='ocrx_word' id='word_1_452' title='bbox 170 1690 222 1717; x_wconf 78' lang='grc' dir='ltr'><strong>ὑπὸ</strong></span> <span class='ocrx_word' id='word_1_453' title='bbox 236 1692 292 1724; x_wconf 85' lang='grc' dir='ltr'>τοῖς</span> <span class='ocrx_word' id='word_1_454' title='bbox 304 1692 411 1728; x_wconf 73' lang='grc' dir='ltr'>ἐχθροῖς</span> <span class='ocrx_word' id='word_1_455' title='bbox 422 1693 593 1726; x_wconf 86' lang='grc' dir='ltr'>δυναστείας.</span> 
     </span>
    </p>
   </div>
   <div class='ocr_carea' id='block_1_64' title="bbox 162 1737 965 1778">
    <p class='ocr_par' dir='ltr' id='par_1_64' title="bbox 162 1737 965 1778">
     <span class='ocr_line' id='line_1_64' title="bbox 162 1737 965 1778; baseline 0.01 -16"><span class='ocrx_word' id='word_1_456' title='bbox 162 1745 165 1759; x_wconf 71' lang='lat' dir='ltr'><strong>t</strong></span> <span class='ocrx_word' id='word_1_457' title='bbox 206 1746 216 1762; x_wconf 74' lang='grc' dir='ltr'><strong>ι</strong></span> <span class='ocrx_word' id='word_1_458' title='bbox 233 1737 283 1764; x_wconf 87' lang='grc' dir='ltr'>Διὰ</span> <span class='ocrx_word' id='word_1_459' title='bbox 298 1737 325 1764; x_wconf 88' lang='grc' dir='ltr'><strong>τί</strong></span> <span class='ocrx_word' id='word_1_460' title='bbox 343 1746 388 1764; x_wconf 85' lang='grc' dir='ltr'><strong>σου</strong></span> <span class='ocrx_word' id='word_1_461' title='bbox 410 1739 513 1776; x_wconf 78' lang='grc' dir='ltr'>ἐρυθρὰ</span> <span class='ocrx_word' id='word_1_462' title='bbox 526 1739 561 1766; x_wconf 84' lang='grc' dir='ltr'><strong>τὰ</strong></span> <span class='ocrx_word' id='word_1_463' title='bbox 582 1740 688 1776; x_wconf 77' lang='grc' dir='ltr'>ἱμάτια,</span> <span class='ocrx_word' id='word_1_464' title='bbox 705 1741 753 1768; x_wconf 74' lang='grc' dir='ltr'>καὶ</span> <span class='ocrx_word' id='word_1_465' title='bbox 773 1742 809 1769; x_wconf 87' lang='grc' dir='ltr'>τὰ</span> <span class='ocrx_word' id='word_1_466' title='bbox 828 1741 965 1778; x_wconf 77' lang='grc' dir='ltr'>ὲνδύματά</span> 
     </span>
    </p>
   </div>
   <div class='ocr_carea' id='block_1_65' title="bbox 171 1784 962 1825">
    <p class='ocr_par' dir='ltr' id='par_1_65' title="bbox 171 1784 962 1825">
     <span class='ocr_line' id='line_1_65' title="bbox 171 1784 962 1825; baseline 0.009 -16"><span class='ocrx_word' id='word_1_467' title='bbox 171 1791 218 1810; x_wconf 87' lang='grc' dir='ltr'><strong>σου</strong></span> <span class='ocrx_word' id='word_1_468' title='bbox 233 1784 272 1815; x_wconf 83' lang='grc' dir='ltr'><strong>ὡς</strong></span> <span class='ocrx_word' id='word_1_469' title='bbox 286 1784 339 1810; x_wconf 68' lang='grc' dir='ltr'><strong>ἀπὸ</strong></span> <span class='ocrx_word' id='word_1_470' title='bbox 352 1785 472 1820; x_wconf 86' lang='grc' dir='ltr'>πατητοῦ</span> <span class='ocrx_word' id='word_1_471' title='bbox 486 1786 582 1822; x_wconf 81' lang='grc' dir='ltr'>ληνοῦ;</span> <span class='ocrx_word' id='word_1_472' title='bbox 599 1789 709 1825; x_wconf 84' lang='grc' dir='ltr'>Πλήρης</span> <span class='ocrx_word' id='word_1_473' title='bbox 726 1788 931 1824; x_wconf 82' lang='grc' dir='ltr'>πεπατημένης.</span> <span class='ocrx_word' id='word_1_474' title='bbox 951 1800 962 1816; x_wconf 71' lang='grc' dir='ltr'><strong>ι</strong></span> 
     </span>
    </p>
   </div>
   <div class='ocr_carea' id='block_1_66' title="bbox 171 1828 962 1870">
    <p class='ocr_par' dir='ltr' id='par_1_66' title="bbox 171 1828 962 1870">
     <span class='ocr_line' id='line_1_66' title="bbox 171 1828 962 1870; baseline 0.013 -17"><span class='ocrx_word' id='word_1_475' title='bbox 171 1828 243 1864; x_wconf 85' lang='grc' dir='ltr'>Ὅρα</span> <span class='ocrx_word' id='word_1_476' title='bbox 260 1828 289 1855; x_wconf 80' lang='grc' dir='ltr'>δὲ</span> <span class='ocrx_word' id='word_1_477' title='bbox 304 1829 364 1861; x_wconf 81' lang='grc' dir='ltr'>πῶς</span> <span class='ocrx_word' id='word_1_478' title='bbox 378 1829 484 1866; x_wconf 74' lang='grc' dir='ltr'>εἴρηται</span> <span class='ocrx_word' id='word_1_479' title='bbox 500 1831 579 1867; x_wconf 78' lang='grc' dir='ltr'>ληνὸν</span> <span class='ocrx_word' id='word_1_480' title='bbox 593 1834 782 1869; x_wconf 81' lang='grc' dir='ltr'>πεπατηκέναι</span> <span class='ocrx_word' id='word_1_481' title='bbox 799 1834 962 1870; x_wconf 88' lang='grc' dir='ltr'>μονώτατος.</span> 
     </span>
    </p>
   </div>
   <div class='ocr_carea' id='block_1_67' title="bbox 170 1873 963 1916">
    <p class='ocr_par' dir='ltr' id='par_1_67' title="bbox 170 1873 963 1916">
     <span class='ocr_line' id='line_1_67' title="bbox 170 1873 963 1916; baseline 0.011 -17"><span class='ocrx_word' id='word_1_482' title='bbox 170 1873 254 1909; x_wconf 82' lang='grc' dir='ltr'>Μόνῳ</span> <span class='ocrx_word' id='word_1_483' title='bbox 269 1874 323 1910; x_wconf 84' lang='grc' dir='ltr'>γὰρ</span> <span class='ocrx_word' id='word_1_484' title='bbox 337 1875 411 1911; x_wconf 65' lang='grc' dir='ltr'>αυτῷ</span> <span class='ocrx_word' id='word_1_485' title='bbox 424 1876 473 1912; x_wconf 86' lang='grc' dir='ltr'>τὴν</span> <span class='ocrx_word' id='word_1_486' title='bbox 487 1877 578 1910; x_wconf 79' lang='grc' dir='ltr'>κρίσιν</span> <span class='ocrx_word' id='word_1_487' title='bbox 589 1878 705 1907; x_wconf 86' lang='grc' dir='ltr'>δέδωκεν</span> <span class='ocrx_word' id='word_1_488' title='bbox 717 1880 732 1907; x_wconf 91' lang='grc' dir='ltr'><strong>ό</strong></span> <span class='ocrx_word' id='word_1_489' title='bbox 748 1880 854 1916; x_wconf 81' lang='grc' dir='ltr'>Πατὴρ,</span> <span class='ocrx_word' id='word_1_490' title='bbox 871 1881 921 1916; x_wconf 81' lang='grc' dir='ltr'>τὴν</span> <span class='ocrx_word' id='word_1_491' title='bbox 934 1880 963 1907; x_wconf 81' lang='grc' dir='ltr'>δὲ</span> 
     </span>
    </p>
   </div>
   <div class='ocr_carea' id='block_1_68' title="bbox 170 1920 964 1959">
    <p class='ocr_par' dir='ltr' id='par_1_68' title="bbox 170 1920 964 1959">
     <span class='ocr_line' id='line_1_68' title="bbox 170 1920 964 1959; baseline 0.006 -13"><span class='ocrx_word' id='word_1_492' title='bbox 170 1920 225 1947; x_wconf 83' lang='grc' dir='ltr'>τῶν</span> <span class='ocrx_word' id='word_1_493' title='bbox 243 1921 451 1958; x_wconf 83' lang='grc' dir='ltr'>ἁμαρτημάτων</span> <span class='ocrx_word' id='word_1_494' title='bbox 466 1922 598 1959; x_wconf 75' lang='grc' dir='ltr'>ἔκπραξιν</span> <span class='ocrx_word' id='word_1_495' title='bbox 610 1923 691 1959; x_wconf 80' lang='grc' dir='ltr'>ληνὸν</span> <span class='ocrx_word' id='word_1_496' title='bbox 704 1924 784 1952; x_wconf 73' lang='grc' dir='ltr'>εἴωθε</span> <span class='ocrx_word' id='word_1_497' title='bbox 801 1926 909 1953; x_wconf 84' lang='grc' dir='ltr'>καλεϊν”</span> <span class='ocrx_word' id='word_1_498' title='bbox 922 1925 964 1952; x_wconf 85' lang='grc' dir='ltr'><strong>διὺ</strong></span> 
     </span>
    </p>
   </div>
   <div class='ocr_carea' id='block_1_69' title="bbox 169 1967 963 2008">
    <p class='ocr_par' dir='ltr' id='par_1_69' title="bbox 169 1967 963 2008">
     <span class='ocr_line' id='line_1_69' title="bbox 169 1967 963 2008; baseline 0.008 -15"><span class='ocrx_word' id='word_1_499' title='bbox 169 1967 199 1993; x_wconf 73' lang='grc' dir='ltr'>ἐν</span> <span class='ocrx_word' id='word_1_500' title='bbox 221 1968 278 1999; x_wconf 81' lang='grc' dir='ltr'>τοῖς</span> <span class='ocrx_word' id='word_1_501' title='bbox 297 1967 412 2003; x_wconf 88' lang='grc' dir='ltr'>Θρήνοις</span> <span class='ocrx_word' id='word_1_502' title='bbox 446 1967 580 2004; x_wconf 83' lang='grc' dir='ltr'>Ἱερεμίας</span> <span class='ocrx_word' id='word_1_503' title='bbox 602 1970 687 2005; x_wconf 83' lang='grc' dir='ltr'>φησί·</span> <span class='ocrx_word' id='word_1_504' title='bbox 706 1979 723 1999; x_wconf 73' lang='grc' dir='ltr'>ε.</span> <span class='ocrx_word' id='word_1_505' title='bbox 737 1971 824 2007; x_wconf 83' lang='grc' dir='ltr'>Δηνδν</span> <span class='ocrx_word' id='word_1_506' title='bbox 843 1971 963 2008; x_wconf 78' lang='grc' dir='ltr'>ἐπάτησε</span> 
     </span>
    </p>
   </div>
   <div class='ocr_carea' id='block_1_70' title="bbox 168 2011 964 2051">
    <p class='ocr_par' dir='ltr' id='par_1_70' title="bbox 168 2011 964 2051">
     <span class='ocr_line' id='line_1_70' title="bbox 168 2011 964 2051; baseline 0.006 -13"><span class='ocrx_word' id='word_1_507' title='bbox 168 2011 272 2047; x_wconf 82' lang='grc' dir='ltr'>Κύριος</span> <span class='ocrx_word' id='word_1_508' title='bbox 292 2012 420 2048; x_wconf 82' lang='grc' dir='ltr'>παρθένῳ</span> <span class='ocrx_word' id='word_1_509' title='bbox 442 2013 558 2049; x_wconf 75' lang='grc' dir='ltr'>θυγατρὶ</span> <span class='ocrx_word' id='word_1_510' title='bbox 584 2014 686 2041; x_wconf 84' lang='grc' dir='ltr'>Ἰούδα·</span> <span class='ocrx_word' id='word_1_511' title='bbox 715 2015 762 2042; x_wconf 76' lang='grc' dir='ltr'><strong>ἐπὶ</strong></span> <span class='ocrx_word' id='word_1_512' title='bbox 782 2015 887 2048; x_wconf 86' lang='grc' dir='ltr'>τούτοις</span> <span class='ocrx_word' id='word_1_513' title='bbox 908 2016 964 2051; x_wconf 85' lang='grc' dir='ltr'><strong>ὲγὼ</strong></span> 
     </span>
    </p>
   </div>
   <div class='ocr_carea' id='block_1_71' title="bbox 169 2057 964 2098">
    <p class='ocr_par' dir='ltr' id='par_1_71' title="bbox 169 2057 964 2098">
     <span class='ocr_line' id='line_1_71' title="bbox 169 2057 964 2098; baseline 0.006 -14"><span class='ocrx_word' id='word_1_514' title='bbox 169 2057 264 2085; x_wconf 88' lang='grc' dir='ltr'>κλαίω.</span> <span class='ocrx_word' id='word_1_515' title='bbox 281 2068 291 2085; x_wconf 72' lang='grc' dir='ltr'><strong><em>ι</em></strong></span> <span class='ocrx_word' id='word_1_516' title='bbox 309 2059 413 2095; x_wconf 85' lang='grc' dir='ltr'>Ὥσπερ</span> <span class='ocrx_word' id='word_1_517' title='bbox 423 2059 482 2095; x_wconf 69' lang='grc' dir='ltr'><strong>δὲή</strong></span> <span class='ocrx_word' id='word_1_518' title='bbox 501 2060 548 2086; x_wconf 80' lang='grc' dir='ltr'><strong>ἐπὶ</strong></span> <span class='ocrx_word' id='word_1_519' title='bbox 563 2060 593 2087; x_wconf 78' lang='grc' dir='ltr'>τὸ</span> <span class='ocrx_word' id='word_1_520' title='bbox 609 2060 675 2087; x_wconf 83' lang='grc' dir='ltr'>αὐτὸ</span> <span class='ocrx_word' id='word_1_521' title='bbox 685 2059 740 2088; x_wconf 84' lang='grc' dir='ltr'><strong>τῶν</strong></span> <span class='ocrx_word' id='word_1_522' title='bbox 754 2062 964 2098; x_wconf 83' lang='grc' dir='ltr'>ἁμαρτημάτων</span> 
     </span>
    </p>
   </div>
   <div class='ocr_carea' id='block_1_72' title="bbox 169 2103 964 2144">
    <p class='ocr_par' dir='ltr' id='par_1_72' title="bbox 169 2103 964 2144">
     <span class='ocr_line' id='line_1_72' title="bbox 169 2103 964 2144; baseline 0.006 -14"><span class='ocrx_word' id='word_1_523' title='bbox 169 2103 279 2140; x_wconf 77' lang='grc' dir='ltr'>εὐθύνη,</span> <span class='ocrx_word' id='word_1_524' title='bbox 296 2105 348 2132; x_wconf 72' lang='grc' dir='ltr'>καὶ</span> <span class='ocrx_word' id='word_1_525' title='bbox 360 2106 375 2132; x_wconf 83' lang='grc' dir='ltr'>ὁ</span> <span class='ocrx_word' id='word_1_526' title='bbox 388 2104 498 2141; x_wconf 73' lang='grc' dir='ltr'>ἐλεγχος</span> <span class='ocrx_word' id='word_1_527' title='bbox 514 2106 558 2133; x_wconf 72' lang='grc' dir='ltr'><strong>ἐπ’</strong></span> <span class='ocrx_word' id='word_1_528' title='bbox 572 2107 673 2139; x_wconf 77' lang='grc' dir='ltr'>αὐτοῖς,</span> <span class='ocrx_word' id='word_1_529' title='bbox 690 2107 708 2143; x_wconf 79' lang='grc' dir='ltr'>ἦ</span> <span class='ocrx_word' id='word_1_530' title='bbox 725 2116 755 2134; x_wconf 81' lang='grc' dir='ltr'><strong>τε</strong></span> <span class='ocrx_word' id='word_1_531' title='bbox 773 2106 904 2144; x_wconf 74' lang='grc' dir='ltr'>ἐκπραξις</span> <span class='ocrx_word' id='word_1_532' title='bbox 916 2108 964 2135; x_wconf 78' lang='grc' dir='ltr'>καὶ</span> 
     </span>
    </p>
   </div>
   <div class='ocr_carea' id='block_1_73' title="bbox 170 2149 962 2188">
    <p class='ocr_par' dir='ltr' id='par_1_73' title="bbox 170 2149 962 2188">
     <span class='ocr_line' id='line_1_73' title="bbox 170 2149 962 2188; baseline 0.006 -12"><span class='ocrx_word' id='word_1_533' title='bbox 170 2149 187 2185; x_wconf 82' lang='grc' dir='ltr'><strong>ἠ</strong></span> <span class='ocrx_word' id='word_1_534' title='bbox 201 2150 321 2186; x_wconf 85' lang='grc' dir='ltr'>τιμωρία</span> <span class='ocrx_word' id='word_1_535' title='bbox 334 2150 414 2187; x_wconf 80' lang='grc' dir='ltr'>ληνὸς</span> <span class='ocrx_word' id='word_1_536' title='bbox 427 2151 584 2187; x_wconf 84' lang='grc' dir='ltr'>ὠνόμασται</span> <span class='ocrx_word' id='word_1_537' title='bbox 595 2160 602 2168; x_wconf 87' lang='grc'><em>”</em></span> <span class='ocrx_word' id='word_1_538' title='bbox 619 2152 691 2179; x_wconf 79' lang='grc' dir='ltr'>οὕτω</span> <span class='ocrx_word' id='word_1_539' title='bbox 710 2153 756 2180; x_wconf 74' lang='grc' dir='ltr'>καὶ</span> <span class='ocrx_word' id='word_1_540' title='bbox 775 2153 832 2180; x_wconf 85' lang='grc' dir='ltr'>τῶν</span> <span class='ocrx_word' id='word_1_541' title='bbox 852 2153 962 2188; x_wconf 83' lang='grc' dir='ltr'>ἀγαθῶν</span> 
     </span>
    </p>
   </div>
   <div class='ocr_carea' id='block_1_74' title="bbox 169 2196 963 2236">
    <p class='ocr_par' dir='ltr' id='par_1_74' title="bbox 169 2196 963 2236">
     <span class='ocr_line' id='line_1_74' title="bbox 169 2196 963 2236; baseline 0.005 -14"><span class='ocrx_word' id='word_1_542' title='bbox 169 2196 283 2231; x_wconf 78' lang='grc' dir='ltr'>καρπῶν</span> <span class='ocrx_word' id='word_1_543' title='bbox 303 2197 335 2223; x_wconf 73' lang='grc' dir='ltr'>ἐκ</span> <span class='ocrx_word' id='word_1_544' title='bbox 351 2196 401 2232; x_wconf 81' lang='grc' dir='ltr'>τῆς</span> <span class='ocrx_word' id='word_1_545' title='bbox 421 2197 527 2233; x_wconf 83' lang='grc' dir='ltr'>ἀγαθῆς</span> <span class='ocrx_word' id='word_1_546' title='bbox 547 2197 672 2233; x_wconf 81' lang='grc' dir='ltr'>ἀμπέλου</span> <span class='ocrx_word' id='word_1_547' title='bbox 686 2199 870 2235; x_wconf 84' lang='grc' dir='ltr'>τρυγωμένων</span> <span class='ocrx_word' id='word_1_548' title='bbox 887 2199 963 2236; x_wconf 81' lang='grc' dir='ltr'>ληνοὶ</span> 
     </span>
    </p>
   </div>
   <div class='ocr_carea' id='block_1_75' title="bbox 1015 1648 1347 1685">
    <p class='ocr_par' dir='ltr' id='par_1_75' title="bbox 1015 1648 1347 1685">
     <span class='ocr_line' id='line_1_75' title="bbox 1015 1648 1347 1685; baseline 0.003 -9"><span class='ocrx_word' id='word_1_549' title='bbox 1015 1656 1074 1676; x_wconf 90' lang='lat' dir='ltr'><strong>rum</strong></span> <span class='ocrx_word' id='word_1_550' title='bbox 1089 1648 1209 1685; x_wconf 89' lang='lat' dir='ltr'><strong>potentia</strong></span> <span class='ocrx_word' id='word_1_551' title='bbox 1229 1653 1347 1685; x_wconf 88' lang='lat' dir='ltr'><strong>ereptos.</strong></span> 
     </span>
    </p>
   </div>
   <div class='ocr_carea' id='block_1_76' title="bbox 1052 1727 1803 1763">
    <p class='ocr_par' dir='ltr' id='par_1_76' title="bbox 1052 1727 1803 1763">
     <span class='ocr_line' id='line_1_76' title="bbox 1052 1727 1803 1763; baseline -0.003 -7"><span class='ocrx_word' id='word_1_552' title='bbox 1052 1727 1134 1757; x_wconf 75' lang='lat' dir='ltr'><strong>Vens.</strong></span> <span class='ocrx_word' id='word_1_553' title='bbox 1150 1728 1177 1756; x_wconf 80' lang='grc'><strong>2.</strong></span> <span class='ocrx_word' id='word_1_554' title='bbox 1200 1738 1209 1755; x_wconf 77' lang='grc' dir='ltr'><strong>ι</strong></span> <span class='ocrx_word' id='word_1_555' title='bbox 1221 1728 1310 1763; x_wconf 81' lang='lat' dir='ltr'><strong>Quare</strong></span> <span class='ocrx_word' id='word_1_556' title='bbox 1326 1729 1410 1757; x_wconf 88' lang='lat' dir='ltr'><strong>rubra</strong></span> <span class='ocrx_word' id='word_1_557' title='bbox 1427 1729 1590 1758; x_wconf 84' lang='lat' dir='ltr'><strong>vestimenta</strong></span> <span class='ocrx_word' id='word_1_558' title='bbox 1604 1732 1659 1761; x_wconf 87' lang='lat' dir='ltr'><strong>tua,</strong></span> <span class='ocrx_word' id='word_1_559' title='bbox 1678 1732 1706 1756; x_wconf 90' lang='lat' dir='ltr'><strong>et</strong></span> <span class='ocrx_word' id='word_1_560' title='bbox 1723 1727 1803 1755; x_wconf 83' lang='lat' dir='ltr'><strong>indu-</strong></span> 
     </span>
    </p>
   </div>
   <div class='ocr_carea' id='block_1_77' title="bbox 1014 1775 1803 1811">
    <p class='ocr_par' dir='ltr' id='par_1_77' title="bbox 1014 1775 1803 1811">
     <span class='ocr_line' id='line_1_77' title="bbox 1014 1775 1803 1811; baseline 0 -9"><span class='ocrx_word' id='word_1_561' title='bbox 1014 1780 1106 1803; x_wconf 89' lang='lat' dir='ltr'><strong>menta</strong></span> <span class='ocrx_word' id='word_1_562' title='bbox 1124 1780 1168 1803; x_wconf 90' lang='lat' dir='ltr'><strong>tua</strong></span> <span class='ocrx_word' id='word_1_563' title='bbox 1194 1778 1273 1811; x_wconf 88' lang='lat' dir='ltr'><strong>quasi</strong></span> <span class='ocrx_word' id='word_1_564' title='bbox 1296 1784 1311 1804; x_wconf 92' lang='lat' dir='ltr'><strong>a</strong></span> <span class='ocrx_word' id='word_1_565' title='bbox 1335 1777 1438 1805; x_wconf 89' lang='lat' dir='ltr'><strong>calcato</strong></span> <span class='ocrx_word' id='word_1_566' title='bbox 1458 1776 1608 1804; x_wconf 78' lang='lat' dir='ltr'><strong>torculari?</strong></span> <span class='ocrx_word' id='word_1_567' title='bbox 1624 1775 1724 1803; x_wconf 87' lang='lat' dir='ltr'><strong>Plenus</strong></span> <span class='ocrx_word' id='word_1_568' title='bbox 1737 1783 1803 1803; x_wconf 87' lang='lat' dir='ltr'><strong>con-</strong></span> 
     </span>
    </p>
   </div>
   <div class='ocr_carea' id='block_1_78' title="bbox 1014 1820 1804 1859">
    <p class='ocr_par' dir='ltr' id='par_1_78' title="bbox 1014 1820 1804 1859">
     <span class='ocr_line' id='line_1_78' title="bbox 1014 1820 1804 1859; baseline -0.003 -8"><span class='ocrx_word' id='word_1_569' title='bbox 1014 1821 1131 1851; x_wconf 88' lang='lat' dir='ltr'><strong>culcata.</strong></span> <span class='ocrx_word' id='word_1_570' title='bbox 1146 1833 1156 1849; x_wconf 83' lang='grc' dir='ltr'><strong>ι</strong></span> <span class='ocrx_word' id='word_1_571' title='bbox 1169 1823 1237 1851; x_wconf 83' lang='lat' dir='ltr'><strong>Vide</strong></span> <span class='ocrx_word' id='word_1_572' title='bbox 1257 1824 1391 1859; x_wconf 86' lang='lat' dir='ltr'><strong>quomodo</strong></span> <span class='ocrx_word' id='word_1_573' title='bbox 1407 1823 1480 1851; x_wconf 81' lang='lat' dir='ltr'><strong>solus</strong></span> <span class='ocrx_word' id='word_1_574' title='bbox 1495 1821 1616 1850; x_wconf 87' lang='lat' dir='ltr'><strong>torcular</strong></span> <span class='ocrx_word' id='word_1_575' title='bbox 1628 1820 1804 1849; x_wconf 84' lang='lat' dir='ltr'><strong>conculcasse</strong></span> 
     </span>
    </p>
   </div>
   <div class='ocr_carea' id='block_1_79' title="bbox 1014 1870 1802 1913">
    <p class='ocr_par' dir='ltr' id='par_1_79' title="bbox 1014 1870 1802 1913">
     <span class='ocr_line' id='line_1_79' title="bbox 1014 1870 1802 1913; baseline -0.001 -15"><span class='ocrx_word' id='word_1_576' title='bbox 1014 1871 1129 1899; x_wconf 87' lang='lat' dir='ltr'><strong>dicatur.</strong></span> <span class='ocrx_word' id='word_1_577' title='bbox 1151 1870 1206 1906; x_wconf 84' lang='lat' dir='ltr'><strong>Ipsi</strong></span> <span class='ocrx_word' id='word_1_578' title='bbox 1233 1876 1353 1905; x_wconf 86' lang='lat' dir='ltr'><strong>namque</strong></span> <span class='ocrx_word' id='word_1_579' title='bbox 1375 1870 1426 1897; x_wconf 87' lang='lat' dir='ltr'><strong>soli</strong></span> <span class='ocrx_word' id='word_1_580' title='bbox 1449 1870 1581 1904; x_wconf 84' lang='lat' dir='ltr'><strong>judicium</strong></span> <span class='ocrx_word' id='word_1_581' title='bbox 1604 1871 1680 1913; x_wconf 81' lang='lat' dir='ltr'><strong>dedit</strong></span> <span class='ocrx_word' id='word_1_582' title='bbox 1697 1870 1802 1898; x_wconf 83' lang='lat' dir='ltr'><strong>Pater:</strong></span> 
     </span>
    </p>
   </div>
   <div class='ocr_carea' id='block_1_80' title="bbox 1013 1916 1802 1953">
    <p class='ocr_par' dir='ltr' id='par_1_80' title="bbox 1013 1916 1802 1953">
     <span class='ocr_line' id='line_1_80' title="bbox 1013 1916 1802 1953; baseline 0.001 -8"><span class='ocrx_word' id='word_1_583' title='bbox 1013 1922 1187 1953; x_wconf 86' lang='lat' dir='ltr'><strong>peccatorum</strong></span> <span class='ocrx_word' id='word_1_584' title='bbox 1203 1923 1268 1944; x_wconf 89' lang='lat' dir='ltr'><strong>vero</strong></span> <span class='ocrx_word' id='word_1_585' title='bbox 1282 1916 1412 1944; x_wconf 83' lang='lat' dir='ltr'><strong>ultionem</strong></span> <span class='ocrx_word' id='word_1_586' title='bbox 1426 1917 1545 1944; x_wconf 88' lang='lat' dir='ltr'><strong>torcular</strong></span> <span class='ocrx_word' id='word_1_587' title='bbox 1556 1917 1692 1953; x_wconf 84' lang='lat' dir='ltr'><strong>appellare</strong></span> <span class='ocrx_word' id='word_1_588' title='bbox 1708 1918 1777 1946; x_wconf 86' lang='lat' dir='ltr'><strong>solet</strong></span> <span class='ocrx_word' id='word_1_589' title='bbox 1793 1926 1802 1946; x_wconf 86' lang='lat'><strong>:</strong></span> 
     </span>
    </p>
   </div>
   <div class='ocr_carea' id='block_1_81' title="bbox 1013 1962 1803 1999">
    <p class='ocr_par' dir='ltr' id='par_1_81' title="bbox 1013 1962 1803 1999">
     <span class='ocr_line' id='line_1_81' title="bbox 1013 1962 1803 1999; baseline 0 -8"><span class='ocrx_word' id='word_1_590' title='bbox 1013 1971 1100 1999; x_wconf 90' lang='lat' dir='ltr'><strong>quare</strong></span> <span class='ocrx_word' id='word_1_591' title='bbox 1115 1964 1143 1991; x_wconf 89' lang='lat' dir='ltr'><strong>in</strong></span> <span class='ocrx_word' id='word_1_592' title='bbox 1162 1962 1279 1991; x_wconf 87' lang='lat' dir='ltr'><strong>Threnis</strong></span> <span class='ocrx_word' id='word_1_593' title='bbox 1295 1962 1332 1990; x_wconf 86' lang='lat' dir='ltr'><strong>ait</strong></span> <span class='ocrx_word' id='word_1_594' title='bbox 1344 1962 1497 1990; x_wconf 80' lang='lat' dir='ltr'><strong>Jeremias:</strong></span> <span class='ocrx_word' id='word_1_595' title='bbox 1513 1972 1524 1989; x_wconf 69' lang='grc' dir='ltr'>α</span> <span class='ocrx_word' id='word_1_596' title='bbox 1537 1963 1669 1991; x_wconf 86' lang='lat' dir='ltr'><strong>Torcular</strong></span> <span class='ocrx_word' id='word_1_597' title='bbox 1687 1963 1803 1991; x_wconf 83' lang='lat' dir='ltr'><strong>calcavit</strong></span> 
     </span>
    </p>
   </div>
   <div class='ocr_carea' id='block_1_82' title="bbox 1014 2009 1806 2046">
    <p class='ocr_par' dir='ltr' id='par_1_82' title="bbox 1014 2009 1806 2046">
     <span class='ocr_line' id='line_1_82' title="bbox 1014 2009 1806 2046; baseline -0.001 -9"><span class='ocrx_word' id='word_1_598' title='bbox 1014 2010 1143 2038; x_wconf 84' lang='lat' dir='ltr'><strong>Dominus</strong></span> <span class='ocrx_word' id='word_1_599' title='bbox 1154 2010 1252 2045; x_wconf 77' lang='lat' dir='ltr'><strong>virgini</strong></span> <span class='ocrx_word' id='word_1_600' title='bbox 1270 2010 1331 2038; x_wconf 77' lang='lat' dir='ltr'><strong>ﬁlia:</strong></span> <span class='ocrx_word' id='word_1_601' title='bbox 1343 2009 1412 2037; x_wconf 80' lang='lat' dir='ltr'><strong>Juda</strong></span> <span class='ocrx_word' id='word_1_602' title='bbox 1427 2019 1434 2037; x_wconf 87' lang='lat'><strong>:</strong></span> <span class='ocrx_word' id='word_1_603' title='bbox 1447 2018 1528 2046; x_wconf 85' lang='lat' dir='ltr'><strong>super</strong></span> <span class='ocrx_word' id='word_1_604' title='bbox 1546 2010 1589 2038; x_wconf 93' lang='lat' dir='ltr'><strong>his</strong></span> <span class='ocrx_word' id='word_1_605' title='bbox 1600 2018 1649 2046; x_wconf 76' lang='lat' dir='ltr'><strong>ego</strong></span> <span class='ocrx_word' id='word_1_606' title='bbox 1659 2010 1736 2046; x_wconf 89' lang='lat' dir='ltr'><strong>ploro</strong></span> <span class='ocrx_word' id='word_1_607' title='bbox 1748 2009 1781 2039; x_wconf 75' lang='lat'><strong>“.</strong></span> <span class='ocrx_word' id='word_1_608' title='bbox 1790 2019 1806 2036; x_wconf 73' lang='grc' dir='ltr'>»ι</span> 
     </span>
    </p>
   </div>
   <div class='ocr_carea' id='block_1_83' title="bbox 1013 2056 1802 2092">
    <p class='ocr_par' dir='ltr' id='par_1_83' title="bbox 1013 2056 1802 2092">
     <span class='ocr_line' id='line_1_83' title="bbox 1013 2056 1802 2092; baseline 0 -8"><span class='ocrx_word' id='word_1_609' title='bbox 1013 2057 1247 2090; x_wconf 78' lang='lat' dir='ltr'><strong>Ouemadmodum</strong></span> <span class='ocrx_word' id='word_1_610' title='bbox 1274 2060 1364 2084; x_wconf 87' lang='lat' dir='ltr'><strong>autem</strong></span> <span class='ocrx_word' id='word_1_611' title='bbox 1391 2056 1532 2084; x_wconf 80' lang='lat' dir='ltr'><strong>confertim</strong></span> <span class='ocrx_word' id='word_1_612' title='bbox 1559 2057 1660 2084; x_wconf 69' lang='lat' dir='ltr'>IlanltB</span> <span class='ocrx_word' id='word_1_613' title='bbox 1676 2061 1802 2092; x_wconf 88' lang='lat' dir='ltr'><strong>peccato-</strong></span> 
     </span>
    </p>
   </div>
   <div class='ocr_carea' id='block_1_84' title="bbox 1013 2103 1803 2139">
    <p class='ocr_par' dir='ltr' id='par_1_84' title="bbox 1013 2103 1803 2139">
     <span class='ocr_line' id='line_1_84' title="bbox 1013 2103 1803 2139; baseline 0 -8"><span class='ocrx_word' id='word_1_614' title='bbox 1013 2112 1072 2131; x_wconf 89' lang='lat' dir='ltr'><strong>rum</strong></span> <span class='ocrx_word' id='word_1_615' title='bbox 1089 2111 1187 2139; x_wconf 72' lang='lat' dir='ltr'><strong>poante,</strong></span> <span class='ocrx_word' id='word_1_616' title='bbox 1206 2103 1371 2138; x_wconf 73' lang='lat' dir='ltr'><strong>redargutio,</strong></span> <span class='ocrx_word' id='word_1_617' title='bbox 1383 2103 1450 2130; x_wconf 81' lang='lat' dir='ltr'><strong>ultio</strong></span> <span class='ocrx_word' id='word_1_618' title='bbox 1474 2109 1502 2130; x_wconf 93' lang='lat' dir='ltr'><strong>et</strong></span> <span class='ocrx_word' id='word_1_619' title='bbox 1518 2103 1679 2138; x_wconf 88' lang='lat' dir='ltr'><strong>supplicium</strong></span> <span class='ocrx_word' id='word_1_620' title='bbox 1711 2108 1803 2131; x_wconf 87' lang='lat' dir='ltr'><strong>torcu-</strong></span> 
     </span>
    </p>
   </div>
   <div class='ocr_carea' id='block_1_85' title="bbox 1013 2147 1802 2182">
    <p class='ocr_par' dir='ltr' id='par_1_85' title="bbox 1013 2147 1802 2182">
     <span class='ocr_line' id='line_1_85' title="bbox 1013 2147 1802 2182; baseline 0 -7"><span class='ocrx_word' id='word_1_621' title='bbox 1013 2148 1054 2176; x_wconf 84' lang='lat' dir='ltr'><strong>lar</strong></span> <span class='ocrx_word' id='word_1_622' title='bbox 1067 2155 1220 2182; x_wconf 85' lang='lat' dir='ltr'><strong>vocantur;</strong></span> <span class='ocrx_word' id='word_1_623' title='bbox 1237 2148 1275 2176; x_wconf 89' lang='lat' dir='ltr'><strong>ita</strong></span> <span class='ocrx_word' id='word_1_624' title='bbox 1290 2152 1318 2176; x_wconf 90' lang='lat' dir='ltr'><strong>et</strong></span> <span class='ocrx_word' id='word_1_625' title='bbox 1333 2148 1465 2176; x_wconf 85' lang='lat' dir='ltr'><strong>bonorum</strong></span> <span class='ocrx_word' id='word_1_626' title='bbox 1479 2147 1615 2176; x_wconf 77' lang='lat' dir='ltr'><strong>fructuum</strong></span> <span class='ocrx_word' id='word_1_627' title='bbox 1630 2157 1663 2176; x_wconf 78' lang='lat' dir='ltr'><strong>ex</strong></span> <span class='ocrx_word' id='word_1_628' title='bbox 1675 2149 1744 2176; x_wconf 88' lang='lat' dir='ltr'><strong>bona</strong></span> <span class='ocrx_word' id='word_1_629' title='bbox 1760 2149 1802 2175; x_wconf 86' lang='lat' dir='ltr'><strong>vi-</strong></span> 
     </span>
    </p>
   </div>
   <div class='ocr_carea' id='block_1_86' title="bbox 1013 2193 1801 2230">
    <p class='ocr_par' dir='ltr' id='par_1_86' title="bbox 1013 2193 1801 2230">
     <span class='ocr_line' id='line_1_86' title="bbox 1013 2193 1801 2230; baseline -0.001 -8"><span class='ocrx_word' id='word_1_630' title='bbox 1013 2201 1063 2222; x_wconf 87' lang='lat' dir='ltr'><strong>nea</strong></span> <span class='ocrx_word' id='word_1_631' title='bbox 1075 2194 1275 2230; x_wconf 88' lang='lat' dir='ltr'><strong>decerptorum,</strong></span> <span class='ocrx_word' id='word_1_632' title='bbox 1291 2193 1346 2221; x_wconf 89' lang='lat' dir='ltr'><strong>Deo</strong></span> <span class='ocrx_word' id='word_1_633' title='bbox 1359 2193 1486 2220; x_wconf 86' lang='lat' dir='ltr'><strong>amabilia</strong></span> <span class='ocrx_word' id='word_1_634' title='bbox 1499 2197 1526 2220; x_wconf 91' lang='lat' dir='ltr'><strong>et</strong></span> <span class='ocrx_word' id='word_1_635' title='bbox 1540 2193 1637 2228; x_wconf 86' lang='lat' dir='ltr'><strong>placita</strong></span> <span class='ocrx_word' id='word_1_636' title='bbox 1652 2193 1801 2221; x_wconf 84' lang='lat' dir='ltr'><strong>toreularia</strong></span> 
     </span>
    </p>
   </div>
   <div class='ocr_carea' id='block_1_87' title="bbox 170 2238 961 2286">
    <p class='ocr_par' dir='ltr' id='par_1_87' title="bbox 170 2240 961 2280">
     <span class='ocr_line' id='line_1_87' title="bbox 170 2240 961 2280; baseline 0.005 -12"><span class='ocrx_word' id='word_1_637' title='bbox 170 2240 299 2276; x_wconf 78' lang='grc' dir='ltr'>θεοφιλεῖς</span> <span class='ocrx_word' id='word_1_638' title='bbox 324 2243 371 2269; x_wconf 70' lang='grc' dir='ltr'>καὶ</span> <span class='ocrx_word' id='word_1_639' title='bbox 397 2242 456 2278; x_wconf 85' lang='grc' dir='ltr'><strong>Θεῷ</strong></span> <span class='ocrx_word' id='word_1_640' title='bbox 477 2243 593 2279; x_wconf 76' lang='grc' dir='ltr'>άρεσταὶ</span> <span class='ocrx_word' id='word_1_641' title='bbox 619 2243 756 2278; x_wconf 86' lang='grc' dir='ltr'>γίνονται·</span> <span class='ocrx_word' id='word_1_642' title='bbox 780 2244 824 2280; x_wconf 72' lang='grc' dir='ltr'><strong>ἐφ’</strong></span> <span class='ocrx_word' id='word_1_643' title='bbox 847 2243 892 2277; x_wconf 73' lang='grc' dir='ltr'><strong>αἷς</strong></span> <span class='ocrx_word' id='word_1_644' title='bbox 914 2246 961 2273; x_wconf 75' lang='grc' dir='ltr'>καὶ</span> 
     </span>
    </p>
   </div>
   <div class='ocr_carea' id='block_1_88' title="bbox 1012 2238 1804 2286">
    <p class='ocr_par' dir='ltr' id='par_1_88' title="bbox 1013 2238 1804 2275">
     <span class='ocr_line' id='line_1_88' title="bbox 1013 2238 1804 2275; baseline -0.003 -8"><span class='ocrx_word' id='word_1_645' title='bbox 1013 2244 1144 2275; x_wconf 86' lang='lat' dir='ltr'><strong>parantur</strong></span> <span class='ocrx_word' id='word_1_646' title='bbox 1157 2247 1164 2266; x_wconf 88' lang='lat'><strong>:</strong></span> <span class='ocrx_word' id='word_1_647' title='bbox 1177 2247 1229 2274; x_wconf 88' lang='lat' dir='ltr'><strong>qua</strong></span> <span class='ocrx_word' id='word_1_648' title='bbox 1244 2239 1276 2267; x_wconf 90' lang='lat' dir='ltr'><strong>de</strong></span> <span class='ocrx_word' id='word_1_649' title='bbox 1289 2246 1370 2267; x_wconf 82' lang='lat' dir='ltr'><strong>causa</strong></span> <span class='ocrx_word' id='word_1_650' title='bbox 1387 2238 1478 2273; x_wconf 91' lang='lat' dir='ltr'><strong>hymni</strong></span> <span class='ocrx_word' id='word_1_651' title='bbox 1494 2247 1503 2264; x_wconf 78' lang='grc' dir='ltr'><strong>ι</strong></span> <span class='ocrx_word' id='word_1_652' title='bbox 1523 2239 1577 2265; x_wconf 91' lang='lat' dir='ltr'><strong>Pro</strong></span> <span class='ocrx_word' id='word_1_653' title='bbox 1593 2238 1774 2266; x_wconf 83' lang='lat' dir='ltr'><strong>torcularibus</strong></span> <span class='ocrx_word' id='word_1_654' title='bbox 1788 2248 1804 2265; x_wconf 60' lang='grc' dir='ltr'>ιτ</span> 
     </span>
    </p>
   </div>
   <div class='ocr_carea' id='block_1_89' title="bbox 173 2286 960 2327">
    <p class='ocr_par' dir='ltr' id='par_1_89' title="bbox 173 2286 960 2327">
     <span class='ocr_line' id='line_1_89' title="bbox 173 2286 960 2327; baseline 0.006 -14"><span class='ocrx_word' id='word_1_655' title='bbox 173 2286 342 2324; x_wconf 75' lang='grc' dir='ltr'>ιῈπιλήνιοι</span> <span class='ocrx_word' id='word_1_656' title='bbox 363 2297 372 2314; x_wconf 81' lang='grc'><strong><em>›</em></strong></span> <span class='ocrx_word' id='word_1_657' title='bbox 392 2288 471 2324; x_wconf 82' lang='grc' dir='ltr'>ὕμνοι</span> <span class='ocrx_word' id='word_1_658' title='bbox 487 2290 608 2325; x_wconf 85' lang='grc' dir='ltr'>εῐρηνται</span> <span class='ocrx_word' id='word_1_659' title='bbox 621 2290 650 2317; x_wconf 77' lang='grc' dir='ltr'>ὲν</span> <span class='ocrx_word' id='word_1_660' title='bbox 665 2290 722 2322; x_wconf 86' lang='grc' dir='ltr'>τοῖς</span> <span class='ocrx_word' id='word_1_661' title='bbox 733 2290 868 2327; x_wconf 81' lang='grc' dir='ltr'>Ψαλμοῖς.</span> <span class='ocrx_word' id='word_1_662' title='bbox 883 2300 893 2317; x_wconf 73' lang='grc' dir='ltr'><strong>ι</strong></span> <span class='ocrx_word' id='word_1_663' title='bbox 911 2291 960 2318; x_wconf 83' lang='grc' dir='ltr'>Διὰ</span> 
     </span>
    </p>
   </div>
   <div class='ocr_carea' id='block_1_90' title="bbox 168 2331 960 2372">
    <p class='ocr_par' dir='ltr' id='par_1_90' title="bbox 168 2331 960 2372">
     <span class='ocr_line' id='line_1_90' title="bbox 168 2331 960 2372; baseline 0.006 -14"><span class='ocrx_word' id='word_1_664' title='bbox 168 2331 196 2358; x_wconf 87' lang='grc' dir='ltr'><strong>τί</strong></span> <span class='ocrx_word' id='word_1_665' title='bbox 215 2340 261 2359; x_wconf 84' lang='grc' dir='ltr'><strong>σου</strong></span> <span class='ocrx_word' id='word_1_666' title='bbox 282 2333 386 2370; x_wconf 75' lang='grc' dir='ltr'>ἐρυθρὰ</span> <span class='ocrx_word' id='word_1_667' title='bbox 407 2333 442 2360; x_wconf 85' lang='grc' dir='ltr'>τὰ</span> <span class='ocrx_word' id='word_1_668' title='bbox 459 2333 565 2369; x_wconf 68' lang='grc' dir='ltr'>ἱμάτια,</span> <span class='ocrx_word' id='word_1_669' title='bbox 582 2334 630 2362; x_wconf 73' lang='grc' dir='ltr'>καὶ</span> <span class='ocrx_word' id='word_1_670' title='bbox 652 2334 688 2361; x_wconf 87' lang='grc' dir='ltr'><strong>τὰ</strong></span> <span class='ocrx_word' id='word_1_671' title='bbox 702 2335 841 2372; x_wconf 77' lang='grc' dir='ltr'>ὲνδύματά</span> <span class='ocrx_word' id='word_1_672' title='bbox 857 2345 904 2363; x_wconf 90' lang='grc' dir='ltr'><strong>σου</strong></span> <span class='ocrx_word' id='word_1_673' title='bbox 921 2336 960 2368; x_wconf 84' lang='grc' dir='ltr'><strong>ὡς</strong></span> 
     </span>
    </p>
   </div>
   <div class='ocr_carea' id='block_1_91' title="bbox 167 2377 960 2418">
    <p class='ocr_par' dir='ltr' id='par_1_91' title="bbox 167 2377 960 2418">
     <span class='ocr_line' id='line_1_91' title="bbox 167 2377 960 2418; baseline 0.005 -13"><span class='ocrx_word' id='word_1_674' title='bbox 167 2377 222 2406; x_wconf 79' lang='grc' dir='ltr'>ἀπὺ</span> <span class='ocrx_word' id='word_1_675' title='bbox 239 2379 359 2414; x_wconf 78' lang='grc' dir='ltr'>πατητοῦ</span> <span class='ocrx_word' id='word_1_676' title='bbox 375 2379 474 2415; x_wconf 74' lang='grc' dir='ltr'>ληνοῦς</span> <span class='ocrx_word' id='word_1_677' title='bbox 490 2379 601 2416; x_wconf 80' lang='grc' dir='ltr'>Πλήρης</span> <span class='ocrx_word' id='word_1_678' title='bbox 618 2382 821 2418; x_wconf 84' lang='grc' dir='ltr'>πεπατημένης.</span> <span class='ocrx_word' id='word_1_679' title='bbox 844 2392 854 2408; x_wconf 75' lang='grc' dir='ltr'><strong><em>ι</em></strong></span> <span class='ocrx_word' id='word_1_680' title='bbox 871 2381 960 2409; x_wconf 84' lang='grc' dir='ltr'>Μολύ-</span> 
     </span>
    </p>
   </div>
   <div class='ocr_carea' id='block_1_92' title="bbox 167 2424 958 2464">
    <p class='ocr_par' dir='ltr' id='par_1_92' title="bbox 167 2424 958 2464">
     <span class='ocr_line' id='line_1_92' title="bbox 167 2424 958 2464; baseline 0.006 -13"><span class='ocrx_word' id='word_1_681' title='bbox 167 2432 207 2452; x_wconf 81' lang='grc' dir='ltr'><strong>νει</strong></span> <span class='ocrx_word' id='word_1_682' title='bbox 224 2424 253 2451; x_wconf 76' lang='grc' dir='ltr'>δὲ</span> <span class='ocrx_word' id='word_1_683' title='bbox 271 2424 308 2451; x_wconf 78' lang='grc' dir='ltr'>τὰ.</span> <span class='ocrx_word' id='word_1_684' title='bbox 328 2424 463 2461; x_wconf 73' lang='grc' dir='ltr'>ἐνδύματα</span> <span class='ocrx_word' id='word_1_685' title='bbox 481 2426 582 2459; x_wconf 83' lang='grc' dir='ltr'>αὐτοῦ,</span> <span class='ocrx_word' id='word_1_686' title='bbox 600 2426 695 2463; x_wconf 83' lang='grc' dir='ltr'>ὥσπερ</span> <span class='ocrx_word' id='word_1_687' title='bbox 712 2427 815 2464; x_wconf 65' lang='grc' dir='ltr'>ἐρυθρά</span> <span class='ocrx_word' id='word_1_688' title='bbox 831 2428 958 2463; x_wconf 83' lang='grc' dir='ltr'>γενέσθαι</span> 
     </span>
    </p>
   </div>
   <div class='ocr_carea' id='block_1_93' title="bbox 167 2470 958 2510">
    <p class='ocr_par' dir='ltr' id='par_1_93' title="bbox 167 2470 958 2510">
     <span class='ocr_line' id='line_1_93' title="bbox 167 2470 958 2510; baseline 0.006 -14"><span class='ocrx_word' id='word_1_689' title='bbox 167 2470 237 2496; x_wconf 79' lang='grc' dir='ltr'>αὐτὰ</span> <span class='ocrx_word' id='word_1_690' title='bbox 248 2470 356 2505; x_wconf 78' lang='grc' dir='ltr'>λέγεται</span> <span class='ocrx_word' id='word_1_691' title='bbox 368 2471 576 2508; x_wconf 80' lang='grc' dir='ltr'>προσωποποιίᾳ</span> <span class='ocrx_word' id='word_1_692' title='bbox 589 2472 727 2508; x_wconf 75' lang='grc' dir='ltr'>ἐμφατικῇ</span> <span class='ocrx_word' id='word_1_693' title='bbox 737 2480 743 2488; x_wconf 65' lang='grc'><em>⁸</em></span> <span class='ocrx_word' id='word_1_694' title='bbox 758 2472 853 2510; x_wconf 81' lang='grc' dir='ltr'>ὥσπερ</span> <span class='ocrx_word' id='word_1_695' title='bbox 869 2474 914 2500; x_wconf 80' lang='grc' dir='ltr'>καὶ</span> <span class='ocrx_word' id='word_1_696' title='bbox 927 2474 958 2501; x_wconf 89' lang='grc' dir='ltr'><strong>τὺ</strong></span> 
     </span>
    </p>
   </div>
   <div class='ocr_carea' id='block_1_94' title="bbox 167 2512 957 2555">
    <p class='ocr_par' dir='ltr' id='par_1_94' title="bbox 167 2512 957 2555">
     <span class='ocr_line' id='line_1_94' title="bbox 167 2512 957 2555; baseline 0.005 -13"><span class='ocrx_word' id='word_1_697' title='bbox 167 2513 237 2551; x_wconf 73' lang='grc' dir='ltr'>αἷμα</span> <span class='ocrx_word' id='word_1_698' title='bbox 252 2515 307 2542; x_wconf 82' lang='grc' dir='ltr'><strong>τῶν</strong></span> <span class='ocrx_word' id='word_1_699' title='bbox 323 2515 439 2551; x_wconf 71' lang='grc' dir='ltr'>ἐχθρῶν,</span> <span class='ocrx_word' id='word_1_700' title='bbox 456 2516 520 2552; x_wconf 68' lang='grc' dir='ltr'>περὶ.</span> <span class='ocrx_word' id='word_1_701' title='bbox 535 2512 565 2542; x_wconf 77' lang='grc' dir='ltr'>οὖ</span> <span class='ocrx_word' id='word_1_702' title='bbox 589 2525 655 2552; x_wconf 85' lang='grc' dir='ltr'>φησι</span> <span class='ocrx_word' id='word_1_703' title='bbox 665 2525 674 2532; x_wconf 64' lang='grc' dir='ltr'><strong>ι</strong></span> <span class='ocrx_word' id='word_1_704' title='bbox 699 2527 708 2543; x_wconf 84' lang='grc' dir='ltr'><strong>ι</strong></span> <span class='ocrx_word' id='word_1_705' title='bbox 730 2518 786 2546; x_wconf 77' lang='grc' dir='ltr'>Καὶ</span> <span class='ocrx_word' id='word_1_706' title='bbox 801 2519 957 2555; x_wconf 81' lang='grc' dir='ltr'>κατήγαγον</span> 
     </span>
    </p>
   </div>
   <div class='ocr_carea' id='block_1_95' title="bbox 165 2557 957 2600">
    <p class='ocr_par' dir='ltr' id='par_1_95' title="bbox 165 2557 957 2600">
     <span class='ocr_line' id='line_1_95' title="bbox 165 2557 957 2600; baseline 0.006 -14"><span class='ocrx_word' id='word_1_707' title='bbox 165 2559 197 2586; x_wconf 81' lang='grc' dir='ltr'><strong>τὺ</strong></span> <span class='ocrx_word' id='word_1_708' title='bbox 215 2557 286 2596; x_wconf 72' lang='grc' dir='ltr'>αἷμα</span> <span class='ocrx_word' id='word_1_709' title='bbox 306 2559 396 2587; x_wconf 83' lang='grc' dir='ltr'>αὐτῶν</span> <span class='ocrx_word' id='word_1_710' title='bbox 413 2560 453 2592; x_wconf 77' lang='grc' dir='ltr'>εἰς</span> <span class='ocrx_word' id='word_1_711' title='bbox 462 2561 524 2596; x_wconf 85' lang='grc' dir='ltr'>γῆν.</span> <span class='ocrx_word' id='word_1_712' title='bbox 544 2569 553 2587; x_wconf 74' lang='grc' dir='ltr'><strong><em>ι</em></strong></span> <span class='ocrx_word' id='word_1_713' title='bbox 568 2561 605 2587; x_wconf 86' lang='grc' dir='ltr'><strong>Οὐ</strong></span> <span class='ocrx_word' id='word_1_714' title='bbox 619 2560 673 2597; x_wconf 85' lang='grc' dir='ltr'><strong>γὰρ</strong></span> <span class='ocrx_word' id='word_1_715' title='bbox 688 2562 720 2598; x_wconf 84' lang='grc' dir='ltr'>δὴ</span> <span class='ocrx_word' id='word_1_716' title='bbox 744 2563 871 2599; x_wconf 76' lang='grc' dir='ltr'>αἰσθητὸν</span> <span class='ocrx_word' id='word_1_717' title='bbox 887 2561 957 2600; x_wconf 74' lang='grc' dir='ltr'>αἷμα</span> 
     </span>
    </p>
   </div>
   <div class='ocr_carea' id='block_1_96' title="bbox 166 2603 871 2644">
    <p class='ocr_par' dir='ltr' id='par_1_96' title="bbox 166 2603 871 2644">
     <span class='ocr_line' id='line_1_96' title="bbox 166 2603 871 2644; baseline 0.007 -12"><span class='ocrx_word' id='word_1_718' title='bbox 166 2606 276 2642; x_wconf 80' lang='grc' dir='ltr'>νοητέον</span> <span class='ocrx_word' id='word_1_719' title='bbox 295 2603 366 2632; x_wconf 74' lang='grc' dir='ltr'>εἶναι</span> <span class='ocrx_word' id='word_1_720' title='bbox 384 2606 449 2641; x_wconf 68' lang='grc' dir='ltr'>περὶ</span> <span class='ocrx_word' id='word_1_721' title='bbox 463 2606 513 2638; x_wconf 84' lang='grc' dir='ltr'>τὰς</span> <span class='ocrx_word' id='word_1_722' title='bbox 527 2607 718 2643; x_wconf 82' lang='grc' dir='ltr'>ἀντικειμένας</span> <span class='ocrx_word' id='word_1_723' title='bbox 731 2608 871 2644; x_wconf 84' lang='grc' dir='ltr'>δυνάμεις.</span> 
     </span>
    </p>
   </div>
   <div class='ocr_carea' id='block_1_97' title="bbox 203 2651 957 2690">
    <p class='ocr_par' dir='ltr' id='par_1_97' title="bbox 203 2651 957 2690">
     <span class='ocr_line' id='line_1_97' title="bbox 203 2651 957 2690; baseline 0.008 -12"><span class='ocrx_word' id='word_1_724' title='bbox 203 2661 214 2678; x_wconf 72' lang='grc' dir='ltr'><strong>ε</strong></span> <span class='ocrx_word' id='word_1_725' title='bbox 238 2652 294 2679; x_wconf 69' lang='grc' dir='ltr'><strong>Καὶ</strong></span> <span class='ocrx_word' id='word_1_726' title='bbox 313 2652 367 2679; x_wconf 82' lang='grc' dir='ltr'><strong>τῶν</strong></span> <span class='ocrx_word' id='word_1_727' title='bbox 383 2651 468 2679; x_wconf 74' lang='grc' dir='ltr'>ἐθνῶν</span> <span class='ocrx_word' id='word_1_728' title='bbox 480 2653 530 2679; x_wconf 77' lang='grc' dir='ltr'>οὐκ</span> <span class='ocrx_word' id='word_1_729' title='bbox 547 2652 620 2680; x_wconf 80' lang='grc' dir='ltr'>ἔστιν</span> <span class='ocrx_word' id='word_1_730' title='bbox 635 2654 706 2689; x_wconf 84' lang='grc' dir='ltr'>ἀνὴρ</span> <span class='ocrx_word' id='word_1_731' title='bbox 725 2655 783 2690; x_wconf 86' lang='grc' dir='ltr'>μετ’</span> <span class='ocrx_word' id='word_1_732' title='bbox 802 2655 880 2690; x_wconf 78' lang='grc' dir='ltr'>ἐμοῦ.</span> <span class='ocrx_word' id='word_1_733' title='bbox 902 2657 957 2684; x_wconf 81' lang='grc' dir='ltr'>Καὶ</span> 
     </span>
    </p>
   </div>
   <div class='ocr_carea' id='block_1_98' title="bbox 121 2697 959 2735">
    <p class='ocr_par' dir='ltr' id='par_1_98' title="bbox 121 2697 959 2735">
     <span class='ocr_line' id='line_1_98' title="bbox 121 2697 959 2735; baseline 0.004 -9"><span class='ocrx_word' id='word_1_734' title='bbox 121 2725 128 2729; x_wconf 82' lang='grc'><strong>,</strong></span> <span class='ocrx_word' id='word_1_735' title='bbox 165 2698 345 2735; x_wconf 70' lang='grc' dir='ltr'>κατεπάτησα</span> <span class='ocrx_word' id='word_1_736' title='bbox 359 2698 458 2729; x_wconf 79' lang='grc' dir='ltr'>αὐτοὺς</span> <span class='ocrx_word' id='word_1_737' title='bbox 471 2699 499 2724; x_wconf 84' lang='grc' dir='ltr'>ὲν</span> <span class='ocrx_word' id='word_1_738' title='bbox 513 2697 591 2734; x_wconf 86' lang='grc' dir='ltr'>θυμῷ</span> <span class='ocrx_word' id='word_1_739' title='bbox 608 2707 670 2734; x_wconf 82' lang='grc' dir='ltr'>μου,</span> <span class='ocrx_word' id='word_1_740' title='bbox 683 2699 731 2726; x_wconf 75' lang='grc' dir='ltr'>καὶ</span> <span class='ocrx_word' id='word_1_741' title='bbox 743 2700 895 2728; x_wconf 82' lang='grc' dir='ltr'>κατέθλασα</span> <span class='ocrx_word' id='word_1_742' title='bbox 909 2703 959 2729; x_wconf 76' lang='grc' dir='ltr'><strong>αὖ·</strong></span> 
     </span>
    </p>
   </div>
   <div class='ocr_carea' id='block_1_99' title="bbox 1012 2283 1802 2318">
    <p class='ocr_par' dir='ltr' id='par_1_99' title="bbox 1012 2283 1802 2318">
     <span class='ocr_line' id='line_1_99' title="bbox 1012 2283 1802 2318; baseline -0.001 -5"><span class='ocrx_word' id='word_1_743' title='bbox 1012 2286 1139 2313; x_wconf 82' lang='lat' dir='ltr'><strong>dicuntur</strong></span> <span class='ocrx_word' id='word_1_744' title='bbox 1162 2285 1189 2313; x_wconf 94' lang='lat' dir='ltr'><strong>in</strong></span> <span class='ocrx_word' id='word_1_745' title='bbox 1215 2284 1341 2313; x_wconf 85' lang='lat' dir='ltr'><strong>Psalmis.</strong></span> <span class='ocrx_word' id='word_1_746' title='bbox 1356 2294 1365 2311; x_wconf 76' lang='grc' dir='ltr'><strong>ι</strong></span> <span class='ocrx_word' id='word_1_747' title='bbox 1380 2285 1470 2318; x_wconf 82' lang='lat' dir='ltr'><strong>Quare</strong></span> <span class='ocrx_word' id='word_1_748' title='bbox 1485 2283 1566 2311; x_wconf 87' lang='lat' dir='ltr'><strong>rubra</strong></span> <span class='ocrx_word' id='word_1_749' title='bbox 1587 2284 1758 2317; x_wconf 77' lang='lat' dir='ltr'><strong>vestimenta,</strong></span> <span class='ocrx_word' id='word_1_750' title='bbox 1773 2289 1802 2312; x_wconf 83' lang='lat' dir='ltr'><strong>et</strong></span> 
     </span>
    </p>
   </div>
   <div class='ocr_carea' id='block_1_100' title="bbox 1011 2330 1805 2368">
    <p class='ocr_par' dir='ltr' id='par_1_100' title="bbox 1011 2330 1805 2368">
     <span class='ocr_line' id='line_1_100' title="bbox 1011 2330 1805 2368; baseline -0.001 -8"><span class='ocrx_word' id='word_1_751' title='bbox 1011 2332 1170 2360; x_wconf 88' lang='lat' dir='ltr'><strong>indumenta</strong></span> <span class='ocrx_word' id='word_1_752' title='bbox 1196 2337 1241 2360; x_wconf 92' lang='lat' dir='ltr'><strong>tua</strong></span> <span class='ocrx_word' id='word_1_753' title='bbox 1268 2333 1345 2368; x_wconf 75' lang='lat' dir='ltr'><strong>quasi</strong></span> <span class='ocrx_word' id='word_1_754' title='bbox 1367 2340 1382 2360; x_wconf 88' lang='lat' dir='ltr'><strong>a</strong></span> <span class='ocrx_word' id='word_1_755' title='bbox 1406 2331 1511 2360; x_wconf 87' lang='lat' dir='ltr'><strong>calcato</strong></span> <span class='ocrx_word' id='word_1_756' title='bbox 1536 2330 1685 2358; x_wconf 76' lang='lat' dir='ltr'><strong>torculari?</strong></span> <span class='ocrx_word' id='word_1_757' title='bbox 1701 2330 1805 2359; x_wconf 74' lang='lat' dir='ltr'><strong>Plenus</strong></span> 
     </span>
    </p>
   </div>
   <div class='ocr_carea' id='block_1_101' title="bbox 1011 2377 1797 2414">
    <p class='ocr_par' dir='ltr' id='par_1_101' title="bbox 1011 2377 1797 2414">
     <span class='ocr_line' id='line_1_101' title="bbox 1011 2377 1797 2414; baseline -0.004 -8"><span class='ocrx_word' id='word_1_758' title='bbox 1011 2378 1178 2407; x_wconf 71' lang='lat' dir='ltr'><strong>conculcata.</strong></span> <span class='ocrx_word' id='word_1_759' title='bbox 1193 2388 1203 2405; x_wconf 78' lang='grc' dir='ltr'><strong>ι</strong></span> <span class='ocrx_word' id='word_1_760' title='bbox 1225 2379 1398 2407; x_wconf 79' lang='lat' dir='ltr'><strong>Vestimenta</strong></span> <span class='ocrx_word' id='word_1_761' title='bbox 1411 2386 1494 2414; x_wconf 90' lang='lat' dir='ltr'><strong>porro</strong></span> <span class='ocrx_word' id='word_1_762' title='bbox 1505 2377 1638 2412; x_wconf 84' lang='lat' dir='ltr'><strong>inquinat,</strong></span> <span class='ocrx_word' id='word_1_763' title='bbox 1657 2377 1693 2404; x_wconf 90' lang='lat' dir='ltr'><strong>ita</strong></span> <span class='ocrx_word' id='word_1_764' title='bbox 1707 2382 1736 2403; x_wconf 93' lang='lat' dir='ltr'><strong>ut</strong></span> <span class='ocrx_word' id='word_1_765' title='bbox 1748 2385 1797 2403; x_wconf 91' lang='lat' dir='ltr'><strong>ru-</strong></span> 
     </span>
    </p>
   </div>
   <div class='ocr_carea' id='block_1_102' title="bbox 1010 2425 1798 2461">
    <p class='ocr_par' dir='ltr' id='par_1_102' title="bbox 1010 2425 1798 2461">
     <span class='ocr_line' id='line_1_102' title="bbox 1010 2425 1798 2461; baseline -0.005 -8"><span class='ocrx_word' id='word_1_766' title='bbox 1010 2426 1076 2453; x_wconf 86' lang='lat' dir='ltr'><strong>bore</strong></span> <span class='ocrx_word' id='word_1_767' title='bbox 1102 2426 1251 2461; x_wconf 72' lang='lat' dir='ltr'><strong>tinganturI</strong></span> <span class='ocrx_word' id='word_1_768' title='bbox 1281 2433 1460 2461; x_wconf 66' lang='lat' dir='ltr'><strong>prosopopuaa</strong></span> <span class='ocrx_word' id='word_1_769' title='bbox 1484 2433 1550 2454; x_wconf 86' lang='lat' dir='ltr'><strong>usus</strong></span> <span class='ocrx_word' id='word_1_770' title='bbox 1578 2425 1738 2459; x_wconf 87' lang='lat' dir='ltr'><strong>aptissima;</strong></span> <span class='ocrx_word' id='word_1_771' title='bbox 1768 2428 1798 2450; x_wconf 80' lang='lat' dir='ltr'><strong>ut</strong></span> 
     </span>
    </p>
   </div>
   <div class='ocr_carea' id='block_1_103' title="bbox 1009 2471 1795 2507">
    <p class='ocr_par' dir='ltr' id='par_1_103' title="bbox 1009 2471 1795 2507">
     <span class='ocr_line' id='line_1_103' title="bbox 1009 2471 1795 2507; baseline -0.003 -9"><span class='ocrx_word' id='word_1_772' title='bbox 1009 2471 1093 2498; x_wconf 86' lang='lat' dir='ltr'><strong>etiam</strong></span> <span class='ocrx_word' id='word_1_773' title='bbox 1121 2477 1182 2498; x_wconf 89' lang='lat' dir='ltr'><strong>cum</strong></span> <span class='ocrx_word' id='word_1_774' title='bbox 1199 2471 1233 2499; x_wconf 83' lang='lat' dir='ltr'><strong>de</strong></span> <span class='ocrx_word' id='word_1_775' title='bbox 1259 2472 1392 2507; x_wconf 75' lang='lat' dir='ltr'><strong>sanguine</strong></span> <span class='ocrx_word' id='word_1_776' title='bbox 1412 2473 1585 2500; x_wconf 88' lang='lat' dir='ltr'><strong>inimicorum</strong></span> <span class='ocrx_word' id='word_1_777' title='bbox 1601 2472 1638 2500; x_wconf 92' lang='lat' dir='ltr'><strong>ita</strong></span> <span class='ocrx_word' id='word_1_778' title='bbox 1654 2471 1795 2506; x_wconf 89' lang='lat' dir='ltr'><strong>loquitur:</strong></span> 
     </span>
    </p>
   </div>
   <div class='ocr_carea' id='block_1_104' title="bbox 1012 2516 1799 2553">
    <p class='ocr_par' dir='ltr' id='par_1_104' title="bbox 1012 2516 1799 2553">
     <span class='ocr_line' id='line_1_104' title="bbox 1012 2516 1799 2553; baseline 0.001 -10"><span class='ocrx_word' id='word_1_779' title='bbox 1012 2525 1023 2543; x_wconf 70' lang='grc' dir='ltr'><strong>ι</strong></span> <span class='ocrx_word' id='word_1_780' title='bbox 1038 2516 1070 2544; x_wconf 90' lang='lat' dir='ltr'><strong>Et</strong></span> <span class='ocrx_word' id='word_1_781' title='bbox 1086 2516 1187 2544; x_wconf 74' lang='lat' dir='ltr'><strong>deduxi</strong></span> <span class='ocrx_word' id='word_1_782' title='bbox 1204 2519 1364 2553; x_wconf 76' lang='lat' dir='ltr'><strong>sanguinem</strong></span> <span class='ocrx_word' id='word_1_783' title='bbox 1386 2525 1482 2546; x_wconf 86' lang='lat' dir='ltr'><strong>eorum</strong></span> <span class='ocrx_word' id='word_1_784' title='bbox 1500 2519 1526 2546; x_wconf 91' lang='lat' dir='ltr'><strong>in</strong></span> <span class='ocrx_word' id='word_1_785' title='bbox 1549 2523 1660 2546; x_wconf 82' lang='lat' dir='ltr'><strong>terram.</strong></span> <span class='ocrx_word' id='word_1_786' title='bbox 1675 2526 1685 2544; x_wconf 83' lang='grc'><strong>›</strong></span> <span class='ocrx_word' id='word_1_787' title='bbox 1703 2516 1799 2551; x_wconf 83' lang='lat' dir='ltr'><strong>Neque</strong></span> 
     </span>
    </p>
   </div>
   <div class='ocr_carea' id='block_1_105' title="bbox 1009 2563 1799 2599">
    <p class='ocr_par' dir='ltr' id='par_1_105' title="bbox 1009 2563 1799 2599">
     <span class='ocr_line' id='line_1_105' title="bbox 1009 2563 1799 2599; baseline 0 -10"><span class='ocrx_word' id='word_1_788' title='bbox 1009 2563 1081 2590; x_wconf 87' lang='lat' dir='ltr'><strong>enim</strong></span> <span class='ocrx_word' id='word_1_789' title='bbox 1104 2563 1130 2590; x_wconf 94' lang='lat' dir='ltr'><strong>in</strong></span> <span class='ocrx_word' id='word_1_790' title='bbox 1154 2563 1318 2591; x_wconf 83' lang='lat' dir='ltr'><strong>adversariis</strong></span> <span class='ocrx_word' id='word_1_791' title='bbox 1346 2564 1526 2598; x_wconf 83' lang='lat' dir='ltr'><strong>potestatibus</strong></span> <span class='ocrx_word' id='word_1_792' title='bbox 1552 2563 1710 2599; x_wconf 75' lang='lat' dir='ltr'><strong>sanguinem</strong></span> <span class='ocrx_word' id='word_1_793' title='bbox 1736 2569 1799 2590; x_wconf 86' lang='lat' dir='ltr'><strong>esse</strong></span> 
     </span>
    </p>
   </div>
   <div class='ocr_carea' id='block_1_106' title="bbox 1008 2611 1246 2646">
    <p class='ocr_par' dir='ltr' id='par_1_106' title="bbox 1008 2611 1246 2646">
     <span class='ocr_line' id='line_1_106' title="bbox 1008 2611 1246 2646; baseline 0.004 -9"><span class='ocrx_word' id='word_1_794' title='bbox 1008 2611 1181 2646; x_wconf 77' lang='lat' dir='ltr'><strong>cogitandum</strong></span> <span class='ocrx_word' id='word_1_795' title='bbox 1194 2615 1246 2638; x_wconf 88' lang='lat' dir='ltr'><strong>est.</strong></span> 
     </span>
    </p>
   </div>
   <div class='ocr_carea' id='block_1_107' title="bbox 1044 2655 1799 2690">
    <p class='ocr_par' dir='ltr' id='par_1_107' title="bbox 1044 2655 1799 2690">
     <span class='ocr_line' id='line_1_107' title="bbox 1044 2655 1799 2690; baseline 0 -7"><span class='ocrx_word' id='word_1_796' title='bbox 1044 2656 1127 2685; x_wconf 78' lang='lat' dir='ltr'><strong>Vens.</strong></span> <span class='ocrx_word' id='word_1_797' title='bbox 1142 2656 1168 2684; x_wconf 72' lang='grc'><strong>5.</strong></span> <span class='ocrx_word' id='word_1_798' title='bbox 1190 2667 1200 2684; x_wconf 78' lang='grc' dir='ltr'><strong>ι</strong></span> <span class='ocrx_word' id='word_1_799' title='bbox 1213 2657 1247 2685; x_wconf 85' lang='lat' dir='ltr'><strong>Et</strong></span> <span class='ocrx_word' id='word_1_800' title='bbox 1262 2657 1294 2685; x_wconf 90' lang='lat' dir='ltr'><strong>de</strong></span> <span class='ocrx_word' id='word_1_801' title='bbox 1310 2656 1434 2690; x_wconf 77' lang='lat' dir='ltr'><strong>gentibus</strong></span> <span class='ocrx_word' id='word_1_802' title='bbox 1451 2664 1505 2685; x_wconf 92' lang='lat' dir='ltr'><strong>non</strong></span> <span class='ocrx_word' id='word_1_803' title='bbox 1521 2661 1562 2684; x_wconf 88' lang='lat' dir='ltr'><strong>est</strong></span> <span class='ocrx_word' id='word_1_804' title='bbox 1580 2656 1621 2683; x_wconf 85' lang='lat' dir='ltr'><strong>vir</strong></span> <span class='ocrx_word' id='word_1_805' title='bbox 1633 2663 1749 2683; x_wconf 90' lang='lat' dir='ltr'><strong>mecum.</strong></span> <span class='ocrx_word' id='word_1_806' title='bbox 1765 2655 1799 2683; x_wconf 83' lang='lat' dir='ltr'><strong>Et</strong></span> 
     </span>
    </p>
   </div>
   <div class='ocr_carea' id='block_1_108' title="bbox 1008 2702 1795 2738">
    <p class='ocr_par' dir='ltr' id='par_1_108' title="bbox 1008 2702 1795 2738">
     <span class='ocr_line' id='line_1_108' title="bbox 1008 2702 1795 2738; baseline -0.003 -7"><span class='ocrx_word' id='word_1_807' title='bbox 1008 2703 1164 2731; x_wconf 75' lang='lat' dir='ltr'><strong>conculcari</strong></span> <span class='ocrx_word' id='word_1_808' title='bbox 1187 2710 1234 2731; x_wconf 88' lang='lat' dir='ltr'><strong>eos</strong></span> <span class='ocrx_word' id='word_1_809' title='bbox 1261 2702 1286 2730; x_wconf 94' lang='lat' dir='ltr'><strong>in</strong></span> <span class='ocrx_word' id='word_1_810' title='bbox 1313 2702 1406 2730; x_wconf 88' lang='lat' dir='ltr'><strong>furore</strong></span> <span class='ocrx_word' id='word_1_811' title='bbox 1427 2710 1496 2735; x_wconf 83' lang='lat' dir='ltr'><strong>meo,</strong></span> <span class='ocrx_word' id='word_1_812' title='bbox 1511 2707 1538 2730; x_wconf 89' lang='lat' dir='ltr'><strong>et</strong></span> <span class='ocrx_word' id='word_1_813' title='bbox 1557 2702 1676 2738; x_wconf 80' lang='lat' dir='ltr'><strong>confregi</strong></span> <span class='ocrx_word' id='word_1_814' title='bbox 1700 2709 1749 2730; x_wconf 90' lang='lat' dir='ltr'><strong>eos</strong></span> <span class='ocrx_word' id='word_1_815' title='bbox 1768 2702 1795 2729; x_wconf 89' lang='lat' dir='ltr'><strong>in</strong></span> 
     </span>
    </p>
   </div>
   <div class='ocr_carea' id='block_1_109' title="bbox 165 2743 961 2784">
    <p class='ocr_par' dir='ltr' id='par_1_109' title="bbox 165 2743 950 2783">
     <span class='ocr_line' id='line_1_109' title="bbox 165 2743 950 2783; baseline 0.005 -12"><span class='ocrx_word' id='word_1_816' title='bbox 165 2744 229 2777; x_wconf 78' lang='grc' dir='ltr'>τοὺς</span> <span class='ocrx_word' id='word_1_817' title='bbox 241 2745 279 2777; x_wconf 85' lang='grc' dir='ltr'><strong>ὼς</strong></span> <span class='ocrx_word' id='word_1_818' title='bbox 287 2745 349 2781; x_wconf 83' lang='grc' dir='ltr'>γῆν,</span> <span class='ocrx_word' id='word_1_819' title='bbox 362 2744 411 2772; x_wconf 79' lang='grc' dir='ltr'>καὶ</span> <span class='ocrx_word' id='word_1_820' title='bbox 424 2745 580 2780; x_wconf 83' lang='grc' dir='ltr'>κατήγαγον</span> <span class='ocrx_word' id='word_1_821' title='bbox 593 2745 624 2772; x_wconf 85' lang='grc' dir='ltr'>τὸ</span> <span class='ocrx_word' id='word_1_822' title='bbox 640 2743 709 2782; x_wconf 77' lang='grc' dir='ltr'>αἷμα</span> <span class='ocrx_word' id='word_1_823' title='bbox 718 2746 807 2773; x_wconf 77' lang='grc' dir='ltr'>αὐτῶν</span> <span class='ocrx_word' id='word_1_824' title='bbox 816 2748 856 2779; x_wconf 82' lang='grc' dir='ltr'><strong>είς</strong></span> <span class='ocrx_word' id='word_1_825' title='bbox 866 2748 927 2783; x_wconf 85' lang='grc' dir='ltr'>γῆν.</span> <span class='ocrx_word' id='word_1_826' title='bbox 941 2759 950 2774; x_wconf 72' lang='grc' dir='ltr'><strong><em>ι</em></strong></span> 
     </span>
    </p>
   </div>
   <div class='ocr_carea' id='block_1_110' title="bbox 1012 2743 1794 2784">
    <p class='ocr_par' dir='ltr' id='par_1_110' title="bbox 1012 2749 1794 2784">
     <span class='ocr_line' id='line_1_110' title="bbox 1012 2749 1794 2784; baseline -0.003 -8"><span class='ocrx_word' id='word_1_827' title='bbox 1012 2753 1121 2782; x_wconf 88' lang='lat' dir='ltr'><strong>lerram,</strong></span> <span class='ocrx_word' id='word_1_828' title='bbox 1136 2753 1164 2777; x_wconf 89' lang='lat' dir='ltr'><strong>et</strong></span> <span class='ocrx_word' id='word_1_829' title='bbox 1187 2749 1287 2776; x_wconf 81' lang='lat' dir='ltr'><strong>deduxi</strong></span> <span class='ocrx_word' id='word_1_830' title='bbox 1306 2749 1465 2784; x_wconf 76' lang='lat' dir='ltr'><strong>sanguinem</strong></span> <span class='ocrx_word' id='word_1_831' title='bbox 1493 2755 1586 2776; x_wconf 90' lang='lat' dir='ltr'><strong>eorum</strong></span> <span class='ocrx_word' id='word_1_832' title='bbox 1605 2749 1632 2776; x_wconf 93' lang='lat' dir='ltr'><strong>in</strong></span> <span class='ocrx_word' id='word_1_833' title='bbox 1655 2753 1765 2776; x_wconf 80' lang='lat' dir='ltr'><strong>terram.</strong></span> <span class='ocrx_word' id='word_1_834' title='bbox 1783 2757 1794 2774; x_wconf 79' lang='grc'>›</span> 
     </span>
    </p>
   </div>
   <div class='ocr_carea' id='block_1_111' title="bbox 172 2789 961 2831">
    <p class='ocr_par' dir='ltr' id='par_1_111' title="bbox 172 2789 954 2828">
     <span class='ocr_line' id='line_1_111' title="bbox 172 2789 954 2828; baseline 0.004 -10"><span class='ocrx_word' id='word_1_835' title='bbox 172 2789 281 2826; x_wconf 77' lang='grc' dir='ltr'>Ἐπειδὴ</span> <span class='ocrx_word' id='word_1_836' title='bbox 298 2790 353 2827; x_wconf 81' lang='grc' dir='ltr'><strong>γὰρ</strong></span> <span class='ocrx_word' id='word_1_837' title='bbox 367 2791 476 2818; x_wconf 75' lang='grc' dir='ltr'>ἐδόκουν</span> <span class='ocrx_word' id='word_1_838' title='bbox 492 2791 523 2818; x_wconf 80' lang='grc' dir='ltr'><strong>τὸ</strong></span> <span class='ocrx_word' id='word_1_839' title='bbox 538 2790 669 2827; x_wconf 72' lang='grc' dir='ltr'>πρότερον</span> <span class='ocrx_word' id='word_1_840' title='bbox 684 2792 866 2826; x_wconf 74' lang='grc' dir='ltr'>ἀνυπότακτοι</span> <span class='ocrx_word' id='word_1_841' title='bbox 883 2802 954 2828; x_wconf 88' lang='grc' dir='ltr'>τινες</span> 
     </span>
    </p>
   </div>
   <div class='ocr_carea' id='block_1_112' title="bbox 1012 2789 1796 2831">
    <p class='ocr_par' dir='ltr' id='par_1_112' title="bbox 1012 2794 1796 2831">
     <span class='ocr_line' id='line_1_112' title="bbox 1012 2794 1796 2831; baseline -0.003 -7"><span class='ocrx_word' id='word_1_842' title='bbox 1012 2796 1076 2824; x_wconf 85' lang='lat' dir='ltr'><strong>Nam</strong></span> <span class='ocrx_word' id='word_1_843' title='bbox 1099 2796 1160 2831; x_wconf 88' lang='lat' dir='ltr'><strong>quia</strong></span> <span class='ocrx_word' id='word_1_844' title='bbox 1189 2795 1262 2831; x_wconf 86' lang='lat' dir='ltr'><strong>prius</strong></span> <span class='ocrx_word' id='word_1_845' title='bbox 1292 2802 1344 2823; x_wconf 93' lang='lat' dir='ltr'><strong>non</strong></span> <span class='ocrx_word' id='word_1_846' title='bbox 1370 2795 1463 2823; x_wconf 88' lang='lat' dir='ltr'><strong>domiti</strong></span> <span class='ocrx_word' id='word_1_847' title='bbox 1489 2802 1558 2830; x_wconf 85' lang='lat' dir='ltr'><strong>esse,</strong></span> <span class='ocrx_word' id='word_1_848' title='bbox 1577 2801 1627 2823; x_wconf 88' lang='lat' dir='ltr'><strong>uec</strong></span> <span class='ocrx_word' id='word_1_849' title='bbox 1650 2794 1796 2823; x_wconf 86' lang='lat' dir='ltr'><strong>victoriam</strong></span> 
     </span>
    </p>
   </div>
   <div class='ocr_carea' id='block_1_113' title="bbox 203 2861 491 2913">
    <p class='ocr_par' dir='ltr' id='par_1_113' title="bbox 203 2861 491 2913">
     <span class='ocr_line' id='line_1_113' title="bbox 203 2861 491 2913; baseline -0.01 -5"><span class='ocrx_word' id='word_1_850' title='bbox 203 2861 226 2896; x_wconf 58' lang='grc' dir='ltr'>ίδ</span> <span class='ocrx_word' id='word_1_851' title='bbox 242 2879 376 2913; x_wconf 77' lang='grc' dir='ltr'>Ϊίπεη.ι,</span> <span class='ocrx_word' id='word_1_852' title='bbox 396 2882 434 2912; x_wconf 74' lang='lat' dir='ltr'>I5,</span> <span class='ocrx_word' id='word_1_853' title='bbox 455 2880 491 2906; x_wconf 84' lang='lat'><strong>16.</strong></span> 
     </span>
    </p>
   </div>
  </div>
