2061 3215
266 169 315 199 505

598 165 734 196 EUSEBII
750 167 993 196 ειΕεΑιιιΕΝδιδ
1012 166 1055 196 0P

1109 166 1200 195 PARS
1224 166 1269 194 Ill.
1288 180 1322 187 -—
1336 164 1541 195 EXEGETICA.

1838 168 1892 197 50f

266 231 414 260 concedere
431 230 604 261 videbantur,
623 228 684 263 jure
699 227 821 255 devictos
836 227 897 254 illos
917 234 950 254 ac
972 225 1044 261 deje-

1107 224 1167 253 “.th
1180 226 1227 253 καὶ
1247 225 1329 262 μηδὲν
1347 225 1576 262 παραχωροῦντες
1590 226 1640 260 τῆς
1658 225 1745 262 νίκης,
1765 226 1894 260 είκότωςν

266 283 324 306 ctos
340 276 530 307 subiudicaus,
544 274 583 301 ait
598 273 624 300 in
638 277 739 300 terram
757 273 890 307 deiectam
908 272 993 300 fuisse
1010 272 1049 299 vi-

265 324 378 352 ctoriam
393 329 497 349 eorum.
517 329 526 346 ‹
540 319 574 346 Ει
591 318 713 354 confregi
728 325 776 345 eos
788 318 815 345 in
829 323 940 351 terram,
957 322 984 345 et
1000 318 1048 345 de-

264 369 330 396 duxi
345 368 503 403 sanguinem
521 373 617 395 eorum
632 365 658 392 in
673 369 783 394 terram.
798 373 811 391 ι

301 447 389 485 Vens;
403 457 430 484 4.
451 467 461 483 σ
473 457 534 484 Dies
550 455 621 483 enim
642 454 830 482 retributionis
858 455 932 481 venit
957 453 1006 485 eis,
1024 458 1051 481 et

265 511 353 532 annus
370 501 564 537 redemptionis
585 501 672 528 adest.
690 510 699 526 ι
720 500 858 534 Siquidem
874 507 926 527 uno
946 499 1051 527 eodem-

265 555 317 582 que
341 553 462 582 tempere
490 553 554 574 suos
576 545 710 578 redimet;
726 545 786 572 aliis
814 552 878 572 vero
907 545 1049 575 retribuet,

265 596 346 627 prout
366 592 436 626 apud
457 591 569 627 Moysen
596 590 730 625 scriptum
755 595 819 617 est:
839 590 894 617 «Et
921 590 1052 617 retribuet

263 640 410 668 vindictam
436 639 575 677 inimicis,,
594 643 620 666 et
641 639 798 666 odieutibus
824 646 854 666 se
870 638 1022 665 retribuet:
1039 648 1049 664 ι

265 686 491 721 quemadmodum
509 685 543 712 iis
554 704 561 718 ,
573 685 619 719 qui
636 685 766 719 pietatem
780 684 932 718 coluerunt,
950 684 1049 711 Serva-

244 740 245 743 ‘
265 737 309 760 tor
325 740 386 760 cum
411 731 536 759 mercede
562 738 610 758 sua
627 731 736 758 venisse
762 730 876 762 diciturr
890 735 918 757 nt
941 730 1051 765 przemia

264 779 407 811 tribueret,
421 782 448 805 et
460 777 553 804 bravia
569 783 692 810 superna:
707 776 855 805 vocationis
878 776 911 803 iis
935 777 980 811 qui
1003 783 1053 811 pro

264 825 365 860 pietate
392 823 575 856 certaverint;
594 822 631 849 ita
657 827 685 850 et
713 822 804 857 impiis
836 826 863 850 et
884 822 1052 849 contrariam

264 859 338 898 viam
363 869 482 897 emensis
503 859 560 904 ipse
575 870 656 896 timor
684 868 800 900 accedit,
818 873 846 896 et
860 873 972 895 ventura
986 868 1052 896 ultio

1099 274 1149 309 τὴν
1168 270 1253 309 ἧτταν
1270 273 1315 299 καὶ
1329 271 1378 307 τὴν
1394 271 1558 299 ταπείνωσιν
1575 271 1666 299 αὐτῶν
1678 273 1893 308 αἱνιτττόμενος,

1101 319 1199 354 φάσκει
1215 320 1255 350 εἰς
1268 319 1321 353 γῆν
1333 318 1542 353 κατενηνοχέναι
1560 317 1590 344 τὸ
1604 319 1677 349 νῖκος
1691 318 1792 345 αὐτῶν.
1808 328 1818 345 ‹
1835 320 1890 346 Καὶ

1100 365 1277 400 κατεπάτησα
1291 364 1389 396 αὐτοὺς
1404 364 1442 396 ὡς
1455 364 1518 400 γῆν,
1535 364 1583 390 καὶ
1599 364 1755 400 κατήγαγον
1769 365 1800 391 τὸ
1819 363 1889 401 αἷμα

1100 411 1190 438 αὐτῶν
1209 411 1249 443 εις
1264 410 1326 446 γῆν.
1349 420 1359 437 ι

1138 466 1148 483 ι
1175 456 1280 493 Ἡμέρα
1295 456 1350 492 γὰρ
1373 456 1579 488 ἀνταποδόσεως
1598 455 1716 493 ἐπῆλθεν
1734 457 1827 489 αὐτοῖς
1845 458 1891 485 καὶ

1101 504 1223 536 ἐνιαυτὸς
1240 503 1400 540 λυτρώσεως
1417 503 1544 538 πάρεστι.
1564 513 1574 529 ι
1597 503 1640 530 Ἐν
1655 504 1746 539 ταυτῷ
1760 503 1816 540 γὰρ
1827 505 1891 536 τοὺς

1104 550 1153 586 μὲν
1165 550 1282 582 οἰκείους
1305 549 1482 586 λυτρῶσεται,
1501 550 1557 581 τοῖς
1572 549 1600 576 δὲ
1612 549 1806 582 ἀνταποδώσει,
1821 550 1892 577 κατά

1101 596 1132 622 τὸ
1145 595 1288 632 εἰρημένον
1302 595 1377 632 παρὰ
1392 595 1505 631 Μωῦσῆ·
1521 605 1530 622 ι
1541 595 1597 622 Καὶ
1617 594 1800 622 ἀνταποδώσει
1813 596 1892 631 δίκην

1102 643 1158 675 τοῖς
1187 642 1309 678 ἐχθροῖς,
1338 642 1385 669 καὶ
1407 642 1465 674 τοῖς
1494 641 1619 677 μισοῦσιν
1653 641 1850 668 ἀνταποδώσει.
1878 651 1888 669 ι

1105 690 1209 725 Ὥσπερ
1229 690 1285 722 τοῖς
1302 689 1492 726 κατορθώσασι
1514 689 1565 725 τὴν
1587 689 1741 716 θεοσέϐειαν
1763 689 1778 715 ὸ
1796 689 1893 725 Σωτὴρ

1103 735 1211 770 ἐλέγετο
1229 735 1396 771 ἐληλυθέναι,
1413 735 1483 771 ἔχων
1496 735 1541 762 τὸν
1557 733 1655 762 ἑαυτοῦ
1671 734 1777 770 μισθὸν,
1795 734 1835 767 ὡς
1859 734 1896 762 ἂν

1104 781 1153 813 τὰς
1165 781 1281 816 ἀμοιϐὰς
1294 781 1386 816 ἀποδῷ
1400 782 1448 808 καὶ
1459 781 1494 807 τὰ
1507 781 1622 817 βραϐεῖα
1640 781 1688 815 τῆς
1702 781 1759 808 ἄνω
1770 780 1893 816 κλήσεως

1104 828 1160 860 τοῖς
1180 827 1250 863 ὑπὲρ
1268 827 1408 859 εὐσεϐείας
1426 827 1637 862 ἠγωνισμένοις·
1655 827 1727 853 οὕτω
1746 827 1804 858 τοῖς
1828 827 1893 853 ἀσε-

1105 873 1164 900 ϐέσι
1180 873 1226 900 καὶ
1241 873 1291 908 τὴν
1305 873 1428 900 ἐναντίαν
1439 873 1496 900 ὁδὸν
1510 872 1702 909 πορευομένοις
1713 873 1727 899 ὁ
1741 872 1822 904 αὐτός
1836 873 1894 912 ἐστι

264 915 431 951 pratdicitur.
460 915 518 942 «Et
542 914 677 942 retribuet
707 913 853 940 vindictam
882 913 1011 946 inimicis,
1027 919 1054 941 ct

1107 918 1186 953 φόϐος
1207 918 1253 945 καὶ
1273 917 1303 944 τὸ
1321 917 1507 954 τιμωρητικὸν
1525 917 1600 953 ἥξειν
1617 917 1782 949 Θεσπίζεται.
1809 927 1818 943 ι
1839 917 1899 943 Καὶ

264 963 421 991 odientibus
434 969 463 989 se
479 961 621 989 retribuet.

300 1052 384 1080 Vens.
398 1052 426 1084 5,
442 1051 469 1078 6.
486 1060 495 1077 ο
508 1050 542 1078 Et
565 1051 670 1086 aspexi,
686 1055 714 1078 et
738 1058 792 1078 non
807 1055 866 1088 erat
885 1051 1050 1079 auxiliator:

264 1102 292 1126 et
316 1097 498 1130 considerari,
528 1102 556 1125 et
584 1097 673 1125 nullus
699 1101 768 1129 erat,
783 1097 829 1132 qui
854 1097 1006 1132 adjuvaret.
1020 1097 1052 1124 Et

264 1143 336 1172 eruit
354 1151 402 1171 eos
421 1143 564 1171 brachium
582 1151 682 1176 meum,
709 1148 736 1170 et
761 1142 836 1171 l‘uror
860 1151 936 1171 meus
954 1144 1050 1171 adfuit.

264 1189 299 1217 Et
313 1189 470 1217 conculcavi
483 1197 531 1217 eos
550 1190 577 1216 in
593 1191 634 1217 ira
646 1197 716 1223 mea,
733 1196 761 1217 et
781 1189 879 1218 deduxi
892 1192 1052 1224 sanguinem

266 1243 361 1263 eorum
377 1235 404 1263 in
420 1239 531 1263 terram.
548 1244 558 1261 ι
578 1234 633 1263 Cur
646 1236 704 1263 hac
717 1235 846 1263 dicantur
859 1236 1051 1271 intelligemus,

265 1282 289 1310 si
301 1281 512 1317 perpendamus,
533 1282 667 1316 quomodo
688 1282 746 1317 ipse
767 1281 842 1310 solus
857 1289 917 1310 sese
937 1290 1052 1310 evacua-

263 1328 346 1360 verit,
371 1327 459 1355 forma
481 1327 551 1357 servi
575 1333 697 1362 accepta,
729 1335 760 1355 ae
785 1335 845 1357 sese
869 1328 1054 1356 humiliaverit

265 1373 357 1401 factus
379 1373 510 1401 obediens
530 1380 618 1408 usque
636 1373 670 1401 ad
691 1378 819 1406 mortem,
834 1379 948 1401 mortem
963 1379 1052 1401 autem

267 1419 366 1447 crucis.
392 1418 459 1446 Nam
487 1426 546 1454 qua:
563 1419 653 1447 nullus
680 1427 798 1455 unquam
826 1420 978 1453 hominum,
1003 1427 1054 1448 nec

268 1465 438 1501 angelorum,
455 1473 506 1493 nec
523 1466 675 1493 divinarum
697 1467 827 1494 virtutum
839 1467 979 1500 sustinuit,
997 1467 1054 1502 ipse

266 1511 342 1540 Solus
360 1519 410 1548 pro
436 1511 526 1539 salute
538 1517 629 1540 nostra
641 1513 754 1540 exhibet
767 1522 776 1541 :
793 1521 826 1541 ae
841 1513 892 1549 ipsi
906 1513 956 1541 soli
972 1513 1053 1541 Pater

267 1567 365 1588 nomen
380 1559 464 1591 dedit,
478 1560 550 1594 quod
566 1564 608 1588 est
630 1567 714 1595 super
730 1568 810 1589 omne
824 1568 933 1592 nomen,
950 1569 982 1589 ac
995 1569 1054 1588 om-

1106 962 1288 990 ἀνταποδώσει
1311 963 1387 999 δίκην
1406 965 1462 996 τοῖς
1486 963 1602 999 ἐχθροῖς,
1625 963 1672 990 καὶ
1692 964 1748 995 τοῖς
1769 962 1901 998 μισοῦσιν

1105 1008 1299 1036 ἀνταποδὼσει.
1319 1019 1328 1034 ι

1143 1065 1153 1081 ι
1174 1055 1229 1082 Καὶ
1254 1055 1400 1090 ἐπέϐλεψα,
1420 1056 1469 1082 καὶ
1488 1055 1538 1082 οὐκ
1558 1052 1593 1090 ἦν
1616 1054 1725 1090 βοηθός·
1745 1055 1794 1081 καὶ
1812 1056 1897 1090 προσ-

1106 1097 1214 1134 ενόησα,
1229 1098 1276 1125 καὶ
1289 1098 1376 1130 οὐδεὶς
1383 1099 1609 1135 ἀντελαμϐάνετο.
1628 1100 1683 1126 Καὶ
1696 1099 1832 1135 ἐρρύσατο
1847 1099 1897 1126 αύ-

1106 1144 1168 1176 τοίις
1183 1145 1197 1171 ὁ
1213 1144 1333 1180 βραχίων
1352 1153 1414 1180 μου,
1433 1146 1480 1172 καὶ
1502 1146 1516 1172 ὁ
1532 1145 1618 1181 θυμός
1634 1154 1684 1180 μου
1705 1145 1819 1181 ἐπέστη.
1842 1145 1900 1172 Καὶ

1106 1189 1284 1225 κατεπάτησα
1301 1189 1400 1222 αὐτοὺς
1411 1191 1445 1226 τῇ
1461 1190 1529 1226 ὀργῇ
1549 1199 1611 1225 μου,
1628 1190 1676 1216 καὶ
1691 1190 1849 1226 κατήγαγον
1865 1190 1902 1216 τὸ.

1106 1234 1176 1270 αἷμα
1188 1235 1281 1263 αὐτῶν
1291 1236 1331 1268 εἰς
1349 1237 1410 1272 γῆν.
1433 1245 1443 1261 ι
1460 1236 1602 1272 Νοήσομεν
1615 1235 1642 1262 δὲ
1665 1235 1724 1267 πῶς
1739 1237 1754 1263 ὁ
1765 1235 1843 1271 λόγος
1857 1235 1897 1262 εῖ-

1107 1290 1198 1317 ρηται,
1215 1282 1412 1318 ἐπιστήσαντες
1426 1281 1485 1313 πῶς
1502 1282 1581 1318 μόνος
1595 1282 1676 1314 αὐτὸς
1687 1282 1820 1309 ἐκένυκιεν
1832 1282 1901 1308 ἐαυ-

1105 1327 1151 1354 τδν
1169 1328 1275 1363 μορφὴν
1299 1326 1392 1354 δούλου
1414 1326 1503 1363 λαϐᾡν
1514 1347 1521 1359 ,
1539 1326 1587 1353 καὶ
1601 1326 1784 1353 ἐταπείνωσεν
1801 1325 1897 1353 ἑαυτὸν

1106 1362 1226 1408 ὑπήκοος
1240 1372 1386 1409 γενόμενος
1401 1362 1482 1408 μέχρῖ
1500 1372 1626 1405 θανάτου,
1638 1371 1753 1399 θανάτου
1769 1371 1798 1398 δὲ
1814 1378 1896 1402 σταυ-

1107 1421 1165 1456 ροῦ.
1183 1421 1217 1446 ‘A
1230 1419 1284 1456 γὰρ
1297 1419 1383 1451 οὐδεὶς
1394 1418 1504 1446 πώποτε
1517 1418 1680 1455 ἀνθρώπων,
1688 1418 1749 1445 οὐδὲ
1761 1417 1897 1452 ἀγγέλων,

1106 1466 1167 1493 οὐδὲ
1180 1466 1234 1493 τῶν
1250 1466 1329 1493 θείων
1343 1466 1483 1501 δυνάμεων
1500 1465 1615 1500 ὑπέστη.
1636 1464 1714 1500 μόνος
1731 1464 1812 1495 αὐτὸς
1826 1463 1898 1499 ὑπὲρ

1107 1512 1157 1548 τῆς
1169 1512 1306 1548 ἡμετέρας
1317 1511 1505 1538 ἀναδείκνυται
1517 1511 1664 1546 σωτηρίας,
1679 1510 1725 1537 καὶ
1737 1510 1810 1545 μόνῳ
1821 1509 1898 1544 αὐτῷ

1106 1561 1120 1587 ὁ
1136 1559 1230 1595 Πατὴρ
1246 1559 1393 1595 ἐχαρίσατο
1410 1558 1441 1585 τὸ
1454 1558 1539 1594 ΰνομα
1553 1559 1583 1585 τὸ
1597 1557 1668 1593 ὑπὲρ
1684 1558 1738 1584 πᾶν
1750 1557 1835 1592 δνομα
1851 1556 1898 1582 καὶ

267 1606 342 1634 nium
372 1605 424 1641 ipsi
449 1605 581 1640 judicium
610 1607 729 1634 tradidit.
751 1607 800 1635 llle
821 1615 897 1640 vero,
912 1612 1023 1643 accepta
1038 1615 1052 1634 a

1107 1606 1155 1642 τὴν
1167 1605 1237 1632 κατὰ
1254 1606 1363 1633 πάντων
1379 1604 1470 1641 ¹λιερίσιν
1483 1605 1657 1640 ἐνεχείρισεν·
1672 1604 1686 1630 ό
1697 1603 1737 1636 δὲ,
1753 1603 1802 1639 τὴν
1820 1602 1901 1639 παρὰ

266 1652 350 1681 Patre
373 1657 522 1688 potestate,
549 1652 618 1680 alios
636 1653 745 1688 quidem
770 1653 854 1686 eruit,
870 1661 939 1689 quos
965 1653 1054 1680 salute

267 1698 395 1732 donavit;
414 1699 538 1726 inimicos
562 1703 654 1726 autem
672 1703 700 1726 et
723 1700 894 1728 adversarios
911 1700 937 1727 iu
964 1699 1053 1735 fugam

268 1745 336 1772 verti
343 1750 361 1772 ι.

302 1792 422 1824 Ἶειιε.7.
432 1792 459 1820 8.
474 1791 680 1820 «Misericordia:
695 1791 801 1819 Domini
813 1792 971 1820 recordatus
985 1800 1054 1825 sum,

268 1839 399 1867 virtutum
422 1838 528 1866 Domini
548 1838 577 1866 in
596 1838 735 1869 omnibus,
744 1845 804 1872 quae
824 1838 950 1866 retribuit
966 1838 1054 1866 nobis.

271 1885 403 1912 Dominus
417 1883 501 1918 iudex
518 1884 606 1911 bonus
628 1883 720 1911 domui
737 1882 832 1916 Israel,
850 1883 961 1910 adducit
978 1883 1056 1910 nobis

268 1930 419 1958 secundum
436 1928 654 1957 misericordiam
671 1935 759 1961 suam,
774 1932 801 1955 et
816 1927 963 1956 secundum
987 1928 1056 1955 mul-

268 1976 412 2005 titudinem
434 1975 547 2009 iustitia:
567 1982 632 2002 suae.
646 1974 680 2001 Et
695 1974 764 2001 dixit
781 1973 859 2002 :Non
876 1975 993 2009 populus
1008 1982 1057 2010 po-

268 2022 348 2058 pulus
376 2029 453 2048 meus
480 2021 553 2048 :l‘tlii
578 2027 749 2055 nequaquam
780 2020 991 2056 repudiaverim.
1024 2021 1058 2048 Et

270 2067 358 2095 factus
373 2071 414 2094 est
430 2067 497 2101 ipsis
525 2067 551 2094 in
578 2066 726 2094 Salutem.»
749 2065 823 2098 llaec,
850 2066 950 2101 inquit,
965 2067 1056 2094 omnia

269 2112 446 2144 recordabar,
459 2112 671 2146 magnitudinem
681 2111 810 2138 bonitatis
824 2118 880 2138 sua:
891 2119 1035 2140 recensens
1048 2119 1059 2138 ι

270 2160 342 2187 hanc.
361 2166 426 2186 vero
443 2158 559 2186 maxime
580 2157 696 2192 gratiam
712 2157 843 2192 elargitus
857 2162 910 2190 est,
928 2163 957 2184 ut
971 2166 1056 2193 popu~

272 2205 327 2232 lum
343 2204 414 2232 ﬁlios
429 2208 539 2231 vocaret
556 2211 631 2236 suos,
646 2203 670 2231 si
685 2208 774 2230 tamen
800 2203 837 2230 illi
850 2203 965 2238 gratiam
979 2211 1056 2233 suam

272 2259 326 2280 non
342 2251 556 2286 repudiaverim.

307 2297 388 2325 Vens.
407 2296 484 2324 9-16.
506 2295 565 2324 «Ex
590 2295 663 2323 omni
688 2294 858 2323 tribulatione
888 2303 981 2324 eorum
1004 2305 1057 2326 non

271 2344 393 2379 legatus,
416 2350 469 2371 nou
493 2341 604 2376 angelus
616 2360 624 2374 ,
645 2340 693 2368 sed
718 2340 776 2375 ipse
790 2340 904 2368 salvavit
921 2348 978 2373 eos,
996 2342 1059 2376 quia

272 2388 402 2425 diligebat
420 2395 478 2421 eos,
491 2392 518 2415 et
531 2388 662 2422 parcebat
685 2387 734 2414 eis.
751 2387 809 2421 Ipse
827 2387 942 2414 redemit
959 2395 1018 2420 eos,
1032 2393 1060 2416 et

272 2436 403 2471 suscepit,
420 2440 449 2463 et
463 2434 593 2462 exultavit
615 2441 663 2460 eos
688 2433 816 2460 omnibus
842 2433 937 2461 diebus
955 2434 1058 2461 saeculi.

272 2481 325 2516 ipsi
340 2486 428 2508 autem
447 2489 501 2508 non
512 2479 696 2511 crediderunt,
714 2484 741 2506 el
756 2479 989 2507 exacerbaverunt
1001 2481 1059 2515 spi—

273 2529 355 2555 ritum
373 2532 497 2555 sanetum
508 2526 567 2560 ejus
584 2533 591 2551 :
610 2531 638 2553 et
660 2533 808 2553 conversus
825 2531 865 2552 est
881 2526 946 2560 ipsis
962 2527 989 2553 in
1010 2527 1061 2554 iui-

273 2575 404 2603 micitiam
417 2582 423 2601 :
435 2574 492 2609 ipse
503 2573 665 2608 oppugnavit
677 2573 772 2600 eos.Et
781 2573 936 2601 recordatus
950 2579 991 2602 est
1004 2575 1063 2602 dic-

274 2629 335 2648 rum
352 2626 526 2648 atomorum.
545 2619 595 2647 Ubi
608 2619 705 2652 estqui
729 2619 823 2646 eduxit
837 2619 870 2646 de
885 2620 952 2646 mari
975 2626 1064 2654 pasto-

274 2674 331 2695 rem
355 2667 466 2694 ovium?
482 2666 534 2694 Ubi
555 2670 595 2693 est
615 2666 660 2700 qui
683 2665 773 2700 posuit
795 2673 820 2691 In
850 2665 914 2700 ipsis
931 2665 1061 2700 Spiritum

274 2713 418 2739 sanctum?
435 2714 479 2747 qui
512 2712 605 2739 eduxit
632 2711 744 2738 dextera
770 2711 893 2745 Moysen,
921 2713 1061 2739 brachium

275 2758 366 2793 gloriae
379 2759 437 2792 eius
448 2759 459 2785 ’ἰ
472 2758 615 2785 Praevaluit
626 2766 695 2793 aqua
711 2766 726 2785 a
742 2757 814 2785 facie
825 2759 895 2792 ejus,
913 2764 940 2785 ut
962 2757 1065 2785 faceret

276 2803 326 2830 sibi
345 2811 441 2831 nomen
459 2804 666 2838 sempiternum.
691 2804 774 2832 Duxit
790 2813 837 2832 eos
854 2813 902 2839 per
924 2806 1062 2840 abyssum,

277 2854 406 2883 tanquam
434 2857 531 2883 equum
559 2857 607 2884 per
630 2850 816 2883 solitudinem,
838 2859 926 2885 neque
956 2852 1062 2878 labora-

279 2900 354 2928 runt,
368 2901 395 2924 et
414 2901 541 2930 tanquam
567 2895 688 2930 iumenta
707 2906 755 2933 per
780 2905 895 2932 .ampum
924 2898 1065 2927 descendit

1106 1652 1212 1688 Πατρδς
1233 1651 1322 1679 λαϐὼν
1336 1651 1472 1686 ἐξουσίαν,
1492 1652 1557 1684 τοὺς
1575 1651 1624 1687 μὲν
1641 1651 1763 1687 ἐρρύετο,
1777 1650 1824 1682 οὓς
1843 1658 1882 1677 σω

1105 1698 1202 1734 τηρίας
1224 1698 1310 1732 ἠξίου,
1330 1698 1393 1730 τοὺς
1409 1698 1438 1724 δὲ
1461 1697 1608 1734 πολεμίους
1628 1698 1676 1724 καὶ
1694 1697 1758 1729 τοὺς
1783 1696 1897 1732 ἐχθροὺς

1106 1746 1135 1772 ἐτ
1140 1744 1266 1781 ροποῦτο.

1144 1801 1153 1818 ι
1176 1790 1228 1818 Τὺν
1243 1791 1316 1817 ἐλεον
1331 1791 1433 1827 Κυρίου
1450 1791 1599 1827 ἐμνήσθην,
1614 1790 1665 1822 τὰς
1679 1791 1780 1826 ἀρετὰς
1793 1789 1900 1826 Κυρίου·

1106 1838 1135 1864 ἐν
1148 1838 1241 1869 πᾶσιν,
1255 1834 1296 1868 οἷς
1307 1837 1372 1876 ἡμῖν
1385 1837 1590 1864 ἀνταποδίδωσι.
1607 1837 1709 1873 Κύριος
1723 1836 1818 1872 κριτὴς
1830 1836 1898 1870 ἀγαε

1107 1884 1153 1916 θὺς
1167 1883 1206 1920 τῷ
1218 1883 1285 1919 οἴκῳ
1305 1883 1426 1919 Ἰσραὴλ,
1439 1883 1537 1918 ἐπάγει
1549 1884 1616 1919 ἡμῖν
1631 1883 1704 1910 κατὰ
1717 1883 1748 1909 τὸ
1764 1882 1837 1914 ἔλεος
1849 1882 1897 1908 αύ-

1106 1930 1164 1962 τοῦ,
1179 1929 1226 1957 καὶ
1242 1929 1313 1957 κατὰ
1325 1927 1357 1956 τὸ
1372 1929 1474 1964 πλῆθος
1487 1929 1538 1964 τῆς
1549 1928 1722 1964 δικαιοσύνης
1736 1928 1829 1955 αὐτοῦ.
1843 1927 1900 1955 Καὶ

1107 1974 1197 2002 εἶπεν
1216 1975 1272 2011 Οὐχ
1284 1976 1299 2002 ὁ
1315 1974 1378 2007 λαὸς
1392 1975 1455 2006 λαός
1469 1983 1530 2010 μου·
1541 1975 1625 2002 τέκνα
1637 1974 1669 2001 οὑ
1683 1975 1719 2010 μὴ
1734 1973 1896 2010 ἀθετήσωσι.

1107 2022 1162 2049 Καὶ
1182 2022 1291 2056 ἐγένετο
1313 2021 1404 2053 αὐτοῖς
1424 2021 1463 2052 είς
1479 2021 1626 2057 σωτηρίαν.
1651 2029 1661 2047 ι
1681 2019 1773 2047 Ταῦτα
1796 2019 1901 2051 τοίνυντ

1108 2068 1184 2104 φησὶ,
1203 2067 1291 2094 πάντα
1307 2067 1456 2103 ἀναμνήσω
1478 2066 1513 2093 τὰ
1536 2067 1628 2103 πλήθη
1646 2066 1898 2101 καταριθμούμενος

1107 2117 1157 2151 τῆς
1177 2115 1357 2150 ἀγαθωσύνης
1373 2114 1474 2148 αὑτοῦ,
1494 2115 1523 2141 ἐν
1548 2112 1589 2146 οἷς
1608 2115 1657 2142 καὶ
1673 2114 1753 2141 τοῦτο
1771 2114 1902 2150 μέγιστον

1108 2163 1264 2199 ἐδωρήσατο
1281 2163 1421 2198 χάρισμα,
1439 2160 1610 2194 καταξιώσας
1627 2162 1711 2189 τέκνα
1735 2161 1817 2188 αὑτοῦ
1837 2162 1897 2188 ὀνο-

1111 2210 1196 2245 μάσαι
1209 2209 1255 2236 τὸν
1269 2208 1343 2242 λαὸν,
1361 2209 1386 2236 εί
1402 2208 1439 2244 μὴ
1455 2208 1577 2236 ἁθετοῖεν
1589 2208 1640 2244 τὴν
1653 2208 1735 2236 αὑτοῦ
1754 2208 1844 2244 χάριν.

1149 2313 1161 2330 ι
1187 2303 1234 2330 Ἐκ
1247 2302 1337 2337 πάσης
1351 2301 1465 2337 θλίψεως
1479 2301 1568 2328 αὐτῶν
1582 2301 1612 2328 οὺ
1629 2300 1760 2337 πρέσϐυς,
1777 2300 1838 2327 οὐδὲ
1851 2300 1901 2334 ᾶγ-

1110 2349 1198 2383 γελος,
1215 2348 1272 2374 ἀλλ’
1288 2347 1369 2379 αὐτὸς
1386 2347 1489 2374 ἔσωσεν
1503 2346 1610 2379 αὐτοὺς,
1624 2346 1669 2373 διὰ
1682 2346 1712 2373 eo
1730 2346 1840 2381 ἀγαπᾷν
1853 2346 1903 2372 αὑ-

1110 2394 1173 2426 τοὺς
1185 2394 1232 2420 καὶ
1242 2392 1381 2428 φείδεσθαι
1393 2392 1493 2419 αὐτῶν.
1509 2392 1596 2424 Δὺτδς
1607 2391 1778 2428 ἐλυτρώσατο
1791 2392 1898 2422 αὐτοὺς,

1111 2440 1159 2467 καὶ
1173 2439 1302 2467 ἀνέλαϐεν
1315 2439 1425 2471 αὐτοὺς,
1443 2439 1491 2466 καὶ
1513 2437 1620 2474 ὕψωσεν
1633 2438 1732 2470 αὐτοὺς
1746 2437 1838 2469 πάσας
1853 2438 1900 2469 τὰς

1112 2484 1218 2521 ἡμέρας
1233 2484 1279 2511 τοῦ
1297 2485 1403 2516 αἰῶνος.
1426 2483 1508 2510 Αὐτοὶ
1523 2483 1552 2510 δὲ
1573 2483 1734 2518 ἠπείθησαν,
1758 2483 1806 2510 καὶ
1829 2491 1900 2519 παρ-

1113 2530 1217 2563 ώξυναν
1228 2530 1259 2556 τὸ
1271 2530 1384 2566 Πνεῦμα
1391 2530 1421 2556 τὸ
1431 2529 1506 2564 ἅγιον
1519 2529 1611 2556 αὐτοῦ’
1624 2529 1671 2556 καὶ
1682 2528 1802 2565 ὲστράῳη
1811 2528 1901 2560 αὐτοῖς

1113 2577 1154 2608 εἰς
1166 2575 1266 2611 ἔχθραν
1277 2584 1287 2591 τ
1300 2576 1381 2608 αὐτὸς
1395 2575 1565 2610 ἐπολέμησεν
1581 2574 1688 2607 αὐτούς.
1704 2575 1759 2602 Καὶ
1780 2574 1901 2610 ἐμνήσθη

1115 2621 1226 2657 ἡμερῶν
1238 2622 1365 2648 αἰωνίων.
1380 2621 1437 2648 Ποῦ
1451 2622 1466 2647 ὁ
1478 2621 1647 2653 ἀναϐιϐάσας
1663 2622 1694 2648 ἐκ
1705 2621 1755 2656 τῆς
1766 2620 1902 2655 θαλάσσης

1114 2669 1160 2695 τὸν
1173 2668 1288 2704 ποιμένα
1302 2668 1357 2695 τῶν
1377 2667 1537 2704 προϐάτων;
1554 2667 1610 2694 Ποῦ
1626 2669 1700 2694 ἐστιν
1711 2668 1725 2694 ὁ
1741 2666 1797 2698 θεὶς
1811 2667 1840 2693 ἐν
1856 2665 1902 2693 αὺ-

1114 2716 1169 2746 τοῖς
1181 2714 1211 2741 τὸ
1221 2714 1333 2750 Πνεῦμα
1343 2714 1479 2748 τὸ.ἀγιον;
1491 2714 1505 2740 ὁ
1515 2713 1629 2748 ἀγαγὼν
1637 2715 1670 2749 τῇ
1684 2713 1759 2749 δεξιᾷ
1770 2713 1901 2748 Μωῡσῆν.

1113 2761 1128 2787 ὁ
1147 2761 1266 2797 βραχίων
1287 2761 1337 2796 τῆς
1353 2759 1430 2796 δόξης
1452 2760 1552 2794 αὐτοῦς
1569 2760 1742 2795 Κατίσχυσεν
1760 2758 1834 2794 ὕδωρ
1850 2758 1904 2785 ἀπο

1113 2807 1257 2842 προσώπου
1285 2806 1384 2838 αὑτοῦ,
1415 2807 1527 2842 ποιῆσαι
1555 2806 1645 2841 ἐαυτῷ
1670 2805 1756 2841 δνομα
1782 2804 1902 2832 αἰώνιον.

1116 2853 1236 2886 Ἤγαγεν
1260 2852 1358 2884 αὐτοὺς
1377 2852 1410 2878 δι’
1427 2852 1557 2884 ἀϐύσσου,
1571 2851 1609 2883 ὡς
1628 2852 1711 2878 ῐππον
1735 2851 1770 2878 δι’
1786 2850 1903 2886 ἐρήμου..

1114 2897 1159 2924 καὶ
1173 2897 1223 2924 οὐκ
1239 2897 1397 2933 ἐκοπίασαν,
1415 2898 1461 2924 καὶ
1476 2897 1513 2929 ὡς
1529 2897 1615 2932 κτήνη
1629 2895 1674 2924 διὰ
1688 2896 1780 2923 πεδίου
1800 2893 1903 2929 κατέϐη
