2061 3215
159 137 215 166 505·

618 139 869 169 COMMENTARIA
888 142 922 170 ΙΝ
942 143 1070 174 ΙΞΑΙΑΜ.
1089 161 1123 167 -
1141 145 1217 174 CAP.
1235 145 1327 175 LXIII.

1737 152 1790 181 506

160 198 271 232 Πνεῦμα
292 196 366 232 παρὰ
381 197 494 233 Κυρίου,
511 198 558 223 καὶ
577 198 719 233 ὡδήγησεν
734 200 841 232 αὐτοὺς.
860 202 946 234 Οὕτως

1005 203 1122 239 Spiritus
1144 213 1159 233 a
1179 206 1304 240 Domino,
1323 211 1351 235 et
1365 207 1478 235 deduxit
1490 215 1547 236 eos.
1562 207 1607 235 Sic
1622 210 1722 238 duxisti
1739 220 1787 246 po-

159 246 262 280 ἤγαγες
283 243 328 270 τὸν
345 243 408 270 λαόν
430 251 487 274 σου,
504 244 616 279 ποιῆσαι
634 245 739 280 σεαυτῷ
759 246 844 281 δνομα
860 247 947 283 δόξης.

164 290 344 325 Ἑπίστρεψον
363 291 395 316 ἐκ
417 289 463 316 τοῦ
483 290 609 325 οὐρανοῦ,
636 291 682 318 καὶ
702 292 739 318 ἴδε
759 292 790 318 ὲκ
811 293 858 319 τοῦ
875 293 949 320 οἴκου

159 336 205 364 τοῦ
224 337 301 370 ἁγίου
319 346 376 364 σου.
394 337 449 363 Ποῦ
473 337 545 363 ἐστιν
565 338 578 364 ὁ
600 337 680 372 ζῆλος
698 348 744 365 σου
766 340 813 365 καὶ
832 341 848 375 ὴ
874 340 949 375 ἰσχύς

159 391 206 409 σου
218 392 224 415 ;
240 383 294 409 Ποῦ
314 384 371 409 ἐστι
385 382 415 409 τὸ
429 383 529 417 πλῆθος
542 383 589 409 τοῦ
611 384 703 416 ἐλέους
716 393 775 418 σου,
791 386 838 411 καὶ
849 387 950 422 οἰκτιρ-

159 428 218 462 μῶν
247 434 304 458 σου,
328 427 368 454 δτι
397 427 510 461 ἀνέσχον
535 428 631 463 ἡμῶν;
659 429 695 456 Σὺ
726 429 781 465 γὰρ
808 429 833 456 εἶ
856 431 949 467 Πατὴρ

157 473 247 508 ἡμῶν,
264 474 304 500 ὅτι
327 473 452 508 Ἀϐραὰμ
466 474 516 500 οὐκ
528 473 598 507 ἔγνω
616 476 699 509 ἡμᾶς,
715 476 762 502 καὶ
777 477 886 512 Ἰσραὴλ
901 478 950 505 οὐκ

157 518 265 552 ἐπέγνω
279 519 361 553 ἡμᾶς.
382 519 461 545 Ἀλλὰ
475 520 518 551 σὺ,
534 518 629 555 Κύριε,
648 520 743 556 Πατὴρ
762 520 851 556 ἡμῶν,
870 522 950 556 ῥῦσαι

158 565 241 599 ἡμᾶς,
258 564 304 590 ἀπ’
320 564 407 599 ἀρχῆς
421 564 451 590 τὸ
464 565 549 600 ὄνομα
565 574 611 592 σου
626 566 668 600 ἐφ’
683 567 757 601 ἡμᾶς
769 567 838 593 ἐστι.
854 578 863 593 ι
880 568 948 604 Ἤδη

158 610 213 646 γὰρ
231 611 278 637 καὶ
293 610 386 637 ἄλλοτε
408 611 537 643 πολλάκις
563 612 778 647 ἁμαρτησάντων
802 614 881 650 ἡμῶν
902 616 949 641 ἀν-

159 657 249 691 ἐσχου·
262 656 309 682 καὶ
325 656 401 683 οὐδὲν
415 657 580 692 Θαυμαστὸν,
591 658 682 694 ἐπειδὴ
694 659 765 693 ἅπαξ
779 661 949 696 κατηξίωσας

159 702 245 728 εἰπεῖν
257 710 263 717 ·
288 711 297 727 ι
327 702 355 728 '0
374 702 437 734 λαός
455 712 505 738 μου
524 704 616 737 τέκνα,
638 706 685 731 καὶ
704 707 718 732 ὁ
735 706 798 737 λαός
821 715 872 741 μου
898 707 950 733 υίοὶ

158 747 235 773 εἰσιν.
254 756 263 772 ι
285 747 328 778 Ὠς
344 745 391 774 οὖν
407 748 497 783 πατὴρ
506 748 608 776 τέκνων
622 750 668 776 καὶ
680 750 812 786 πρότερον
824 751 948 786 ἀνέσχου,

158 793 205 819 καὶ
226 792 275 819 νῦν
291 793 374 819 πάλιν
389 794 521 829 ἀνέσχον⁸
538 795 569 822 οὑ
591 796 646 831 γὰρ
668 796 793 832 Ἀϐραὰμ
809 795 843 832 ἦν
859 798 949 833 πατὴρ

156 838 253 873 ἡμῶν,
271 839 295 864 εί
321 839 367 865 καὶ
389 840 571 867 διακονεῖσθαι
596 843 628 877 τῇ
656 842 726 868 κατὰ
755 842 843 878 σάρκα
870 843 949 878 ἡμῶν

158 883 230 917 ἔδοξε
244 884 358 919 γενέσει.
381 886 488 922 Ἀληοεῖ
503 887 531 913 δὲ
549 887 621 923 λόγῳ
638 889 670 915 σὺ
686 889 780 924 Πατὴρ
801 889 889 924 ἡμῶν,
907 888 950 917 οἷα
964 889 986 915 Β

158 931 251 966 πατὴρ
274 931 382 958 πάντων
400 934 562 968 πνευμάτων
585 934 731 969 ὑπάρχων,
749 936 796 961 καὶ
819 936 872 962 τῶν
889 937 948 962 κατ’

157 977 249 1003 ιικόνα
263 978 455 1013 πεποιημένων
468 979 571 1013 ψυχῶν.
586 980 631 1005 Διὸ
644 979 775 1015 ῥύσασθαι
789 981 863 1015 ἡμᾶς
875 981 948 1007 ἀντι-

157 1023 297 1058 δολοῦμεν·
319 1034 328 1049 ι
341 1024 399 1051 Ἀπ’
412 1025 499 1060 ἀρχῆς
512 1025 542 1051 τὸ
554 1025 639 1060 ὄνομά
652 1034 697 1051 σου
711 1027 753 1060 ἐφ’
767 1027 839 1062 ἡμᾶς
850 1027 917 1053 ἐστι.
935 1036 945 1053 ι

195 1078 205 1094 ι
226 1070 258 1096 Τί
272 1070 427 1106 ὲπλάνησας
443 1072 532 1106 ἡμᾶς,
552 1071 637 1107 Κύριε
649 1092 656 1104 ,
672 1072 726 1098 ἀπὸ
743 1072 792 1108 τῆς
805 1073 865 1099 ὁδοῦ
884 1082 947 1106 σου;

158 1117 327 1152 ὶσκλήρυνας
349 1118 398 1149 τὰς
419 1118 531 1154 καρδίας
552 1119 648 1153 ἡμῶν,
669 1118 717 1145 τοῦ
749 1119 786 1154 μὴ
807 1120 947 1153 φοϐεῖσθαί

158 1171 206 1196 as;
230 1163 410 1199 Ἐπίστρεψον
426 1164 470 1190 διΞι
487 1164 549 1195 τοὺς
565 1165 674 1195 δούλοκ
691 1174 748 1196 σου,
764 1165 808 1191 διὰ
828 1166 877 1197 τὰς
898 1176 948 1201 φυ-

155 1208 205 1240 λὰς
217 1209 266 1244 τῆς
282 1209 464 1245 κληρονομίας
481 1219 537 1236 σου.
559 1220 569 1236 ι
593 1211 621 1237 '0
639 1212 782 1247 προφήτης
799 1212 886 1239 πάντα
902 1213 947 1239 ἐπὶ

154 1254 280 1281 τὺν”Θεὸν
296 1256 426 1291 ὰναψέρει
438 1265 445 1272 ·
461 1256 509 1291 οὐχ
526 1256 563 1288 ὡς
577 1257 622 1283 τοῦ
638 1257 706 1283 Θεοῦ
722 1257 810 1284 αἰτίου
826 1259 891 1294 ἡμῖν
906 1267 947 1292 γι-

154 1300 268 1335 νομένου
282 1300 328 1327 τοῦ
346 1302 514 1337 ἁμαρτάνειν
524 1322 531 1333 ,
547 1302 604 1328 ἀλλ’
616 1303 763 1335 ἐνδιδόντος
776 1304 823 1330 καὶ
839 1313 946 1339 συγχω-

158 1346 266 1382 ροῦντος
284 1347 377 1374 ἐκεῖνα
399 1348 527 1384 πράττειν
543 1348 560 1375 ὃ.
578 1348 609 1374 ἄν
633 1357 674 1380 τις
699 1349 826 1384 αἱρῆται’
841 1350 879 1381 ὡς
897 1350 947 1385 τὴν

157 1392 206 1427 μὲν
222 1393 311 1420 αἰτίαν
327 1393 399 1429 ἔχειν
414 1394 443 1426 ἐξ
457 1394 547 1429 ἡμῶν,
565 1394 614 1430 τὴν
634 1394 661 1420 δὲ
685 1395 825 1430 ἀναφορὰν
841 1396 886 1422 ἐπὶ
901 1396 946 1422 τὸν

155 1438 233 1464 Θεόν.
250 1448 259 1464 ‹
282 1439 341 1466 Ἵνα
356 1440 453 1475 μικρὸν
470 1440 719 1476 κληρονομήσωμεν
736 1440 782 1467 τοῦ
803 1441 882 1477 ὅρους
900 1441 946 1468 τοῦ

155 1483 234 1518 ἁγίου
256 1493 322 1511 σου·
346 1495 355 1511 ι
372 1485 438 1511 ὡσεὶ
461 1486 697 1520 καταλειφθέντων
713 1487 814 1518 αὐτῶν,
839 1487 885 1513 καὶ
908 1487 945 1523 μὴ

1005 250 1098 285 pulum
1117 255 1202 285 tuum,
1219 256 1247 279 ut
1264 252 1370 281 faceres
1387 253 1436 281 tibi
1448 261 1545 281 nomen
1562 254 1662 290 gloriae.
1675 257 1789 286 Conver-

1005 302 1062 325 tere
1075 299 1109 326 de
1124 300 1204 331 ctelo,
1219 304 1246 326 et
1259 300 1321 328 vide
1341 299 1375 328 de
1390 301 1470 328 domo
1485 306 1577 328 sancta
1603 307 1658 330 tua.
1677 303 1726 331 Ubi
1748 311 1790 333 est

1004 343 1078 371 zelus
1102 349 1164 371 tuus
1183 350 1209 371 et
1224 344 1356 373 fortitudo
1379 346 1444 372 tua?
1461 345 1512 374 Ubi
1525 351 1568 374 est
1582 347 1725 376 multitudo
1740 351 1791 377 mi-

1004 390 1159 417 sericordia:
1175 395 1237 421 tuae,
1254 396 1282 418 et
1299 391 1504 419 miserationum
1524 396 1642 425 tuarum,
1660 395 1789 428 quoniam

1004 436 1156 463 sustinuisti
1170 436 1238 463 nos?
1248 436 1287 463 Tu
1312 437 1385 464 enim
1397 445 1427 464 es
1440 437 1522 465 Pater
1539 443 1643 470 noster,
1662 439 1789 473 quoniam

1004 482 1141 510 Abraham
1159 490 1211 509 non
1231 483 1306 510 novit
1322 491 1380 516 nos,
1395 488 1422 510 et
1435 483 1518 511 Israel
1536 484 1741 520 nos‘ignoravit.
1755 484 1793 511 At-

1004 534 1043 562 tu,
1058 529 1181 561 Domine,
1194 529 1274 557 Pater
1289 534 1391 561 noster,
1408 530 1493 558 libera
1517 538 1577 562 nos,
1593 532 1626 557 ab
1650 531 1726 558 initio
1742 539 1790 558 tto-

1003 583 1064 603 men
1085 580 1159 603 tuum
1179 584 1261 609 super
1292 584 1341 603 nos
1370 581 1421 604 est.
1439 586 1448 602 ι
1466 576 1526 603 Jam
1545 577 1618 604 enim
1643 585 1713 611 sa'pe
1739 586 1788 605 nos

1003 629 1148 656 peccantes
1169 622 1301 654 tolerasti,
1326 623 1447 657 nihilque
1462 623 1570 655 mirum,
1586 624 1692 658 quando
1706 624 1789 651 semel

1003 668 1092 694 dicere
1107 668 1234 703 dignatus
1251 675 1280 695 es
1295 676 1301 693 :
1318 676 1327 693 ι
1342 667 1459 703 Populus
1485 676 1561 696 meus
1580 669 1681 703 proles,
1702 674 1729 696 et
1743 677 1790 704 po-

1002 714 1081 748 pulus
1095 722 1170 742 meus
1187 714 1245 741 ﬁlii.
1259 724 1268 740 ι
1285 713 1320 741 Ut
1336 719 1414 749 pater
1427 715 1516 750 itaque
1547 715 1615 742 ﬁlios
1629 716 1693 743 olim
1708 717 1789 742 susti-

1004 761 1097 794 nuisti,
1122 766 1147 789 et
1163 761 1219 796 iam
1237 762 1356 789 sustittes
1369 769 1376 789 :
1389 770 1443 789 non
1460 762 1532 790 enint
1557 762 1693 789 Abraham
1713 767 1789 797 pater

1002 812 1095 834 noslcr
1118 813 1188 840 erat,
1207 808 1258 835 etsi
1289 814 1382 836 nostro
1406 808 1553 835 secundum
1576 815 1686 835 carnem
1717 809 1789 836 ortui

1002 853 1158 880 ministrare
1172 853 1247 881 visus
1260 853 1304 880 sit.
1319 845 1372 881 Sed
1390 861 1484 881 revera
1503 858 1529 881 tu
1548 854 1626 881 Pater
1642 861 1733 882 noster
1747 862 1788 888 es,

1001 899 1087 932 utqui
1106 899 1226 926 omnium
1245 900 1388 933 spirituum
1421 903 1447 926 et
1465 900 1618 926 animarum
1640 899 1672 926 ad
1690 900 1726 927 lui
1749 900 1788 927 si—

1001 944 1180 972 militudinem
1204 945 1335 972 factarum
1352 949 1428 979 pater
1446 945 1494 972 sis.
1509 944 1598 978 Quare
1611 953 1736 981 rogamus
1750 950 1787 977 te,

1000 998 1050 1018 nos
1067 998 1146 1018 eruas
1163 999 1170 1017 :
1190 990 1244 1017 «Ab
1262 991 1339 1018 initio
1352 998 1448 1017 nomen
1469 995 1541 1018 tuum
1554 998 1635 1023 super
1652 998 1701 1018 nos
1717 995 1786 1018 est.»

1034 1081 1116 1108 Vens.
1134 1082 1176 1115 l7,
1192 1081 1234 1109 18.
1253 1091 1265 1107 ι
1278 1082 1332 1110 Cur
1347 1089 1439 1109 errare
1455 1090 1504 1110 nos
1520 1082 1619 1115 fecisti,
1637 1081 1760 1115 Domine,
1772 1091 1787 1110 ιι

1000 1128 1040 1155 via
1060 1129 1127 1155 tua?
1145 1128 1278 1155 ludurasti
1300 1131 1382 1155 corda
1398 1133 1502 1161 nostra,
1518 1133 1546 1156 ut
1561 1137 1613 1156 non
1631 1129 1789 1158 timeremus

1000 1178 1035 1200 te.
1053 1174 1217 1201 Convertere
1242 1178 1353 1209 propter
1368 1181 1461 1201 servos
1477 1178 1552 1206 tttos,
1567 1178 1594 1202 et
1609 1179 1718 1209 propter
1737 1175 1787 1202 tri—

998 1219 1048 1246 bus
1070 1219 1237 1247 lmreditatis
1264 1225 1324 1247 tute.
1345 1230 1355 1246 ι
1379 1220 1474 1248 Omnia
1499 1221 1532 1248 ad
1552 1220 1635 1248 Deum
1657 1221 1788 1255 propheta

998 1265 1081 1293 refert
1094 1266 1171 1294 :'uon
1186 1266 1255 1300 quod
1269 1266 1339 1293 Deus
1354 1266 1432 1293 nobis
1447 1267 1575 1300 peccandi
1595 1273 1676 1294 causa
1695 1266 1786 1299 fuerit,

998 1311 1045 1339 sed
1061 1312 1132 1346 quod
1148 1312 1302 1347 permiserit
1326 1316 1353 1339 et
1376 1313 1542 1339 concesserit
1557 1312 1601 1339 illa
1619 1320 1709 1348 agere,
1726 1320 1792 1348 quas

998 1358 1086 1392 quivis
1099 1358 1229 1393 elegerit;
1249 1358 1285 1385 ita
1302 1362 1331 1385 ut
1347 1359 1451 1393 peccati
1467 1365 1550 1385 causa
1567 1365 1650 1392 penes
1670 1366 1718 1386 nos
1732 1360 1786 1386 sit:

997 1404 1044 1430 sed
1061 1408 1151 1431 tamen
1169 1404 1201 1431 ad
1225 1404 1309 1431 Deum
1326 1404 1470 1432 referatur.
1487 1413 1496 1429 ι
1519 1404 1554 1432 Ut
1576 1405 1709 1431 modicum
1727 1413 1789 1439 pos-

998 1450 1133 1477 sideamus
1146 1450 1245 1477 montis
1261 1450 1347 1477 sancti
1372 1450 1421 1477 tui.
1437 1460 1447 1477 ι
1464 1451 1546 1483 Quasi
1563 1451 1628 1486 ipsis
1641 1452 1789 1484 derelictis,

999 1502 1048 1521 nec
1066 1502 1209 1529 resurgere
1223 1495 1376 1522 valentibus
1395 1495 1429 1522 ob
1453 1495 1569 1523 inﬂictas
1595 1496 1707 1531 plagas,
1727 1505 1790 1532 qua:

156 1529 373 1565 ἁνατελλομένων
389 1531 434 1558 διὰ
449 1532 560 1568 πληγῶν
572 1531 626 1558 τῶν
640 1532 804 1558 κωλυουσῶν
820 1533 945 1568 ἁμαρτά-

1000 1541 1073 1575 ipsos
1088 1548 1102 1568 a
1119 1541 1254 1575 peccando
1268 1541 1409 1569 arcebant.

155 1585 221 1603 νειν.

193 1631 203 1649 ι
241 1622 407 1659 Ἐγενόμεθα
427 1624 465 1656 ὡς
487 1623 518 1651 τὸ
543 1624 590 1651 ἀπ’
608 1624 695 1660 ἀρχῆς
717 1624 762 1652 ὅτε
785 1624 835 1652 οὒκ
857 1622 945 1661 ἦρξας

153 1667 244 1704 ἡμῶν,
265 1669 326 1696 οὐδὲ
340 1669 441 1706 ἐκλήθη
456 1669 487 1696 τδ
500 1669 586 1705 δνομά
600 1678 647 1696 σου
666 1670 708 1705 ἐφ’
721 1670 804 1706 ἡμᾶς.
823 1679 833 1696 ι
852 1669 896 1702 Ὠς
912 1672 945 1697 ὲκ

155 1713 299 1750 προσώπου
315 1714 363 1741 τοῦ
375 1714 440 1742 λαοῦ
455 1715 541 1742 ταῦτά
552 1723 644 1751 φησιν.
661 1715 770 1751 Ὥσπερ
778 1715 833 1752 γὰρ
847 1715 945 1751 ἐσκλή-

157 1768 238 1795 ρυνας
250 1761 366 1788 πάντοτε
380 1760 430 1797 τὴν
442 1761 555 1797 καρδίαν
565 1761 613 1788 τοῦ
623 1760 732 1796 Φαραὼ,
746 1761 816 1788 οὕτω
829 1761 875 1788 καὶ
885 1761 943 1800 νῦν,

154 1805 249 1840 φησὶν,
270 1806 343 1841 ἡμᾶς
360 1805 548 1841 ὲσκλήρυνας,
562 1805 688 1839 ἀναξίους
706 1802 776 1832 εἶναι
788 1803 883 1841 κρίνας
896 1804 944 1832 τοῦ

154 1849 239 1884 φόϐου
253 1858 315 1876 σου·
335 1850 403 1877 ἀλλὰ
419 1851 466 1877 καὶ
484 1850 639 1886 ἐπλάνησας
659 1852 733 1886 ἡμᾶς
750 1851 782 1878 σὺ
804 1851 895 1883 αὐτὸς,
921 1847 945 1877 ὧ

153 1896 252 1932 Κύριε,
268 1895 316 1922 τοῦ
333 1895 370 1931 μὴ
384 1896 517 1932 γνωρίσαι
533 1896 582 1931 τὴν
602 1897 661 1923 ὁδόν
676 1906 732 1924 σου.
749 1897 823 1933 Πλὴν
846 1897 903 1924 ἀλλ’
919 1898 944 1923 ει

152 1943 202 1970 καὶ
214 1943 297 1978 ἡμεῖς
310 1939 437 1974 τοιοῦτοι,
453 1942 485 1969 σὺ
508 1942 573 1976 γοῦν
595 1942 633 1974 ὡς
648 1943 723 1975 Θεὸς,
740 1943 785 1969 διὰ
803 1943 866 1974 τοὺς
883 1943 944 1970 δού-

152 1988 215 2021 λους
232 1996 279 2015 σου
297 1988 382 2023 (είκὸς
402 1988 457 2024 γὰρ
472 1985 541 2015 εἶναί
558 1996 634 2020 τινας
654 1988 683 2015 ὲν
695 1989 733 2024 τῷ
748 1989 845 2025 πλήθει
857 1988 945 2016 τοιού-

153 2034 258 2069 τους),
279 2033 453 2069 ὲπίστρεψον.
477 2033 532 2061 Καὶ
557 2034 651 2070 ἐπειδὴ
672 2034 772 2070 κλῆρός
792 2043 838 2062 σου
858 2044 944 2071 κατη-

154 2078 292 2115 ξιώθημεν
309 2078 502 2115 ὀνομάζεσθαι,
520 2079 697 2115 ἱκετεύομεν(
709 2079 886 2115 Ἐπιστρέψαι
901 2080 947 2107 διὰ

153 2126 217 2157 τοὺς
228 2125 338 2157 δούλους
351 2134 409 2157 σου,
423 2125 471 2152 καὶ
483 2124 528 2152 διὰ
540 2125 589 2157 τὰς
601 2125 688 2160 φυλὰς
701 2126 749 2161 τῆς
762 2125 945 2161 κληρονομίας

153 2179 211 2198 σου.
237 2180 247 2198 ι
269 2171 432 2206 Δυνηθῶμεν
447 2171 494 2197 καὶ
507 2171 587 2206 ἡμεῖς
599 2171 624 2197 οί
639 2170 743 2203 ἀνάξιοι
759 2172 859 2206 μικρᾶς
872 2179 945 2203 τινος

1030 1620 1113 1647 Vna.
1132 1619 1177 1647 19.
1200 1628 1209 1645 ι
1228 1619 1303 1647 Facti
1332 1627 1425 1648 sumus
1447 1620 1522 1647 velut
1548 1620 1583 1647 ab
1609 1621 1696 1654 initio.
1723 1629 1785 1650 eum

994 1672 1049 1693 non
1076 1665 1257 1693 dominareris
1284 1665 1390 1698 nostri,
1421 1673 1507 1700 neque
1534 1666 1706 1694 invocaretur
1735 1675 1786 1694 no-

995 1720 1057 1740 men
1071 1717 1145 1739 tuum
1162 1720 1243 1747 super
1259 1720 1319 1740 nos.
1336 1721 1346 1738 ι
1380 1712 1461 1746 Quasi
1487 1720 1521 1740 ex
1545 1721 1661 1748 persona
1693 1713 1783 1748 populi

995 1758 1053 1785 haac
1065 1757 1171 1786 effatur.
1195 1758 1274 1786 Sicut
1295 1758 1380 1790 enim,
1401 1759 1450 1791 ait,
1472 1765 1519 1786 cor
1538 1758 1688 1786 Pharaonis
1712 1767 1786 1787 scm-

994 1812 1044 1839 per
1075 1803 1225 1837 indurasti,
1258 1804 1295 1831 ita
1323 1810 1394 1831 nunc
1420 1811 1528 1839 quoque
1560 1812 1609 1832 nos
1641 1805 1787 1838 indurasli,

996 1850 1123 1886 indignos
1138 1850 1264 1885 judicans
1287 1850 1384 1878 timore
1408 1855 1473 1878 tuo:
1488 1851 1639 1886 quinetiam
1663 1857 1691 1879 tu
1716 1846 1784 1887 ipse,

994 1897 1118 1928 Domine,
1137 1903 1231 1924 errare
1247 1903 1296 1924 nos
1318 1896 1419 1929 fecisti,
1435 1901 1465 1924 ut
1485 1897 1557 1924 viam
1579 1902 1653 1925 tuam
1677 1898 1787 1933 ignora-

994 1950 1096 1970 remus.
1108 1943 1244 1970 Caaterum
1256 1942 1361 1970 etiamsi
1375 1950 1425 1970 nos
1439 1942 1508 1971 tales
1518 1943 1615 1976 sin-us,
1636 1948 1664 1970 tu
1681 1949 1785 1977 tanton,

994 1993 1089 2023 utpote
1105 1988 1187 2021 Deus,
1203 1992 1315 2023 propter
1339 1995 1434 2016 servos
1458 1992 1519 2016 tuos
1538 1988 1612 2024 (nam
1635 1989 1788 2017 veris'tmie

994 2039 1036 2062 est
1051 2035 1077 2061 in
1093 2034 1170 2063 turba
1194 2035 1324 2068 quosdam
1339 2033 1494 2069 hujusmodi
1520 2034 1594 2070 esse)
1607 2040 1781 2063 convertere.

996 2080 1029 2108 Et
1042 2081 1106 2115 quia
1122 2080 1196 2116 digni
1214 2080 1298 2108 habiti
1316 2087 1410 2108 sumus
1421 2080 1466 2115 qui
1483 2080 1628 2108 haereditas
1644 2086 1688 2108 tua
1704 2089 1785 2109 voca-

996 2135 1097 2159 remur,
1111 2127 1171 2154 ideo
1185 2134 1339 2162 precamur,
1358 2134 1369 2152 I
1383 2126 1550 2154 Convertere
1569 2132 1680 2162 propter
1692 2135 1787 2156 servos

997 2178 1067 2207 tuos,
1080 2178 1108 2201 et
1134 2178 1244 2209 propter
1269 2173 1356 2201 tribus
1375 2173 1543 2201 hereditatis
1566 2178 1627 2201 ture.
1649 2183 1661 2200 ι
1683 2173 1716 2201 Ει
1735 2181 1787 2202 nos

152 2218 259 2250 ἐλπίδος
282 2219 375 2253 τυχεῖν
398 2219 427 2244 ὲν
449 2217 489 2253 τῷ
513 2214 711 2254 ἐπηγγελμένῳ
734 2217 788 2243 ὑπὸ
814 2216 860 2244 σοῦ
887 2217 944 2253 ὕρει

998 2228 1104 2255 quoque
1117 2220 1254 2247 valeamus
1266 2239 1275 2252 ,
1291 2219 1359 2247 licet
1379 2219 1504 2254 indigni,
1527 2221 1661 2247 modicam
1686 2220 1788 2246 saltem

152 2264 237 2300 ἁγίῳ·
255 2260 287 2291 οὗ
308 2263 447 2296 παντελῶς
460 2263 508 2291 νῦν
532 2263 769 2298 ὲκπεπτώκαμεν”
787 2263 902 2299 ἐπείπερ
920 2264 945 2290 οί

153 2311 308 2338 ὑπεναντίοι
325 2311 403 2347 ἡμῶν
423 2311 617 2346 κατεπάτησαν
633 2310 664 2337 τδ
678 2309 801 2345 ἀγίασμά.
816 2318 877 2336 σου·
896 2309 945 2336 καὶ

152 2357 224 2384 τοῦτ’
244 2357 365 2393 ἔπραξαν
382 2357 426 2384 διὰ
441 2357 471 2384 τὸ
487 2357 517 2383 σὲ
539 2357 747 2394 ἀποστραφῆναι
764 2356 847 2391 ἡμᾶς.
865 2355 942 2382 Οὕτω

152 2402 218 2437 τοῦν
245 2403 470 2437 καταλειφθέντες
496 2402 595 2438 ἔρημοι
623 2403 673 2438 τῆς
703 2402 753 2437 σῆς
778 2401 941 2436 ἐπισκοπῆς,

152 2449 266 2475 τοιοῦτοι
280 2448 327 2475 νῦν
347 2450 442 2484 ἐσμεν,
458 2450 545 2476 ὁποῖοι
563 2448 610 2475 καὶ
630 2447 694 2484 πρίν
709 2456 738 2474 σε
755 2448 833 2483 ἡμῶν
852 2446 944 2483 ἄρξαι.

155 2495 201 2528 Ὠς
221 2496 273 2532 γὰρ
290 2494 324 2532 ἦν
345 2504 410 2522 ποτε
433 2496 545 2531 χρόνος,
563 2495 608 2522 ὅτε
626 2494 690 2521 οὔτε
710 2495 863 2530 προφήτας,
882 2493 944 2520 οὔτε

153 2542 254 2577 ἱερέας,
275 2541 336 2569 οὔτε
354 2541 483 2577 βασιλεῖς.
499 2540 560 2568 οὔτε
580 2550 606 2568 τι
620 2541 675 2568 τῶν
693 2541 746 2568 σῶν
769 2542 945 2577 χαρισμάτων

150 2588 273 2623 εἴχομεν·
291 2588 337 2614 τὸν
357 2587 438 2613 αὐτὸν
452 2587 552 2623 τρόπον
568 2588 614 2614 καὶ
630 2588 677 2615 νῦν
691 2589 732 2619 εἰς
753 2587 860 2623 ἐκείνην
881 2595 946 2614 κατ-

150 2633 270 2670 έστημεν
289 2634 338 2670 τὴν
357 2634 485 2669 ἐρημίαν.
508 2634 600 2661 Ταῦτα
620 2634 709 2661 πάντα
730 2633 818 2660 ἔοικεν
842 2634 943 2668 ἀναφέ-

152 2680 247 2716 ρεσθαι
263 2681 310 2707 ἐπὶ
330 2679 377 2706 τὸν
392 2680 486 2714 καιρὸν
504 2679 549 2706 τὸν
571 2680 638 2715 μετὰ
658 2680 708 2716 τὴν
723 2679 874 2715 παρουσίαν
897 2679 942 2706 τοῦ

150 2726 277 2762 Σωτῆρος
302 2726 396 2762 ἡμῶν·
416 2726 445 2752 ὲν
465 2722 487 2760 ᾧ
504 2725 643 2758 παντελῶς
659 2725 874 2761 κατελείφθησαν
896 2725 940 2752 διὰ

150 2771 184 2798 τὰ
204 2772 274 2799 κατὰ
289 2771 336 2798 τοῦ
350 2772 477 2807 Σωτῆρος
489 2770 568 2807 ἡμῶν
587 2771 755 2807 τολμηθέντα
769 2771 869 2803 αὐτοῖς.
885 2771 941 2798 Νῦν

150 2816 204 2852 γὰρ
215 2817 253 2849 ὡς
265 2817 371 2853 ἀληθῶς
384 2816 499 2844 τοιοῦτοι
512 2816 668 2851 γεγόνασιν,
685 2817 723 2848 ὡς
737 2816 767 2843 τὸ
780 2817 826 2843 ἀπ’
842 2816 938 2852 ἀρχῆς,

151 2862 195 2890 ὅτε
213 2864 263 2890 οὑκ
278 2861 362 2900 ἦρχεν
381 2863 470 2891 αὐτῶν
489 2865 503 2890 ὁ
522 2863 599 2897 Θεὸς,
616 2863 686 2890 ὥστε
696 2863 824 2891 δύνασθαι
840 2863 938 2898 λέγειν’

999 2275 1074 2302 spem
1092 2266 1221 2301 consequi
1238 2266 1265 2294 in
1282 2270 1373 2294 monte
1387 2270 1481 2294 sancto
1500 2270 1555 2299 tuo,
1579 2272 1659 2301 quem
1675 2265 1787 2300 pollice-

997 2313 1035 2341 ris
1048 2322 1056 2340 :
1070 2320 1103 2341 ex
1117 2321 1171 2348 quo
1184 2313 1239 2348 jam
1254 2320 1367 2348 prorsus
1379 2312 1549 2345 excidimus;
1561 2311 1623 2346 quia
1636 2310 1787 2338 adversarii

996 2359 1083 2387 nostri
1098 2359 1328 2386 conculcaverunt
1341 2357 1528 2385 Sanctuarium
1543 2361 1630 2390 tuum,
1641 2356 1721 2392 idque
1743 2356 1787 2384 fe-

996 2409 1103 2439 cerunt,
1124 2405 1186 2440 quia
1210 2409 1350 2432 aversatus
1366 2412 1415 2432 nos
1431 2411 1471 2431 es.
1502 2402 1547 2430 Sic
1568 2402 1651 2438 igitur
1662 2402 1784 2430 derelict'r

997 2456 1024 2478 et
1037 2450 1193 2479 visitatione
1210 2455 1255 2478 tua
1270 2449 1368 2485 privati
1381 2469 1389 2482 ,
1407 2449 1474 2477 tales
1488 2448 1543 2483 jam
1561 2456 1655 2476 sumus
1666 2468 1673 2480 ,
1690 2447 1786 2482 quales

997 2503 1107 2524 eramus
1122 2501 1266 2531 antequam
1282 2498 1433 2531 imperares
1449 2495 1537 2522 nobis.
1552 2494 1785 2528 Quemadmodum

997 2543 1068 2570 enim
1081 2548 1187 2578 tempus
1198 2543 1262 2570 olim
1278 2543 1337 2575 l'uil,
1348 2550 1409 2569 cum
1423 2548 1510 2576 neque
1522 2541 1680 2576 prophetas,
1695 2546 1787 2574 neque

998 2590 1166 2622 sacerdotes,
1183 2596 1270 2624 neque
1283 2596 1370 2624 reges,
1387 2595 1475 2621 neque
1489 2587 1561 2614 aliud
1576 2586 1712 2622 quidpiam
1724 2594 1739 2613 a
1757 2591 1788 2613 te

998 2642 1096 2663 munus
1117 2634 1290 2667 haberemus,
1317 2634 1356 2661 sic
1370 2638 1398 2661 et
1415 2640 1486 2660 nunc
1500 2632 1623 2660 eamdem
1645 2632 1671 2659 in
1685 2632 1782 2659 solitu-

997 2680 1086 2708 dinem
1099 2685 1125 2707 et
1140 2681 1323 2708 conditionem
1338 2679 1493 2706 rec'tdimus.
1508 2677 1571 2705 Haec
1584 2677 1673 2704 omnia
1686 2676 1786 2704 referri-

995 2726 1123 2754 videntur
1137 2726 1170 2753 ad
1186 2731 1301 2761 tempus,
1317 2725 1389 2760 quod
1407 2725 1551 2751 adventum
1569 2723 1719 2750 Salvatoris
1733 2730 1782 2749 no-

994 2772 1044 2799 stri
1058 2771 1232 2799 subsecutum
1246 2776 1288 2798 est
1301 2779 1308 2798 :
1326 2778 1380 2806 quo
1393 2777 1503 2805 prorsus
1516 2769 1637 2797 derelicti
1651 2773 1713 2796 sunt
1723 2789 1730 2801 ,
1746 2769 1785 2796 ob

994 2817 1096 2845 scelera
1110 2822 1203 2845 contra
1223 2816 1347 2844 eumdem
1365 2815 1533 2843 Salvatorem
1548 2815 1583 2843 ab
1597 2815 1663 2850 ipsis
1682 2822 1776 2849 ρει-ρξ’

995 2868 1075 2892 trata.
1091 2863 1166 2892 Nunc
1186 2864 1256 2892 cnint
1280 2871 1373 2892 revera
1393 2863 1460 2891 tales
1475 2867 1549 2896 sunt,
1563 2862 1657 2898 quales
1671 2866 1750 2891 erant
1763 2868 1783 2888 δ
