2061 3215
302 143 354 171 507

652 139 787 168 EUSEBll
806 138 1042 168 CESARIENSIS
1061 138 1136 168 OPP.
1158 138 1248 167 PARS
1267 137 1562 167 lll.—EXEGETICA.

1860 138 1918 167 508‘

301 201 444 238 principio.
461 208 522 228 cum
535 200 651 228 nondum
666 201 731 235 ipsis
744 201 814 228 Deus
829 201 1012 228 dominaretur
1025 220 1032 233 ,
1049 205 1077 228 ut

1131 210 1140 227 ι
1162 200 1326 235 Ἐγενόμεθα
1339 201 1379 231 ὡς
1388 198 1419 225 τὸ
1430 198 1478 225 ἀπ’
1491 197 1588 233 ἀρχῆς,
1604 205 1647 223 ,τε
1659 205 1709 223 ουκ
1719 193 1805 232 ἦρξας
1822 197 1910 232 ἡμῶν,

301 248 392 276 dicere
409 247 516 274 valeam
533 256 540 273 :
557 255 566 272 ‹
584 246 658 273 Facti
680 253 771 274 sumus
783 246 855 277 velut
870 246 904 273 ab
924 246 1001 273 initio
1017 252 1079 273 cntn

302 302 354 321 non
370 292 548 321 dominareris
568 292 652 320 nostri
663 299 771 326 ,‘neque
793 292 962 319 invocaretur
983 299 1080 319 nomen

300 343 376 368 tuum
391 345 473 373 super
487 345 546 365 nos.
564 346 575 364 ›

579 381 691 410 CAPUT
711 381 801 409 LXIV.

335 429 416 456 Vens.
432 428 458 455 ί.
476 437 486 454 ι
508 427 535 454 Si
556 427 663 462 aperias
679 427 778 454 ct'elum
790 446 798 459 ,
816 431 918 454 tremor
931 427 1080 462 apprehen-

299 473 345 500 det
359 481 373 500 a
393 477 419 500 te
443 477 567 504 montes,
583 476 610 499 et
627 471 784 506 liquescent.
806 480 815 497 I
843 471 975 499 Caeterum
998 472 1080 507 probe

300 519 423 546 novimus
440 523 466 545 et
478 524 635 552 persuasum
652 516 798 548 habemus,
812 517 834 544 si
849 517 966 544 volueris
979 517 1079 545 caelum

299 563 425 597 aperire,
445 567 537 596 utpote
568 561 638 588 Deus
663 561 849 596 omnipotens.
874 567 1018 589 tremorem
1043 562 1079 589 tui

299 613 405 635 montes
432 608 662 643 appreltcnsurum
680 614 756 638 esse,
771 606 896 634 videlicet
912 607 1080 634 adversarias

298 658 456 689 potestates,
483 661 541 687 qua:
560 657 654 680 contra
675 652 854 687 cognitionem
875 653 912 679 tui
929 652 1079 687 eriguntur.

336 700 413 726 Vens.
431 698 459 731 2,
476 699 503 725 5.
520 708 529 724 ‹
549 697 625 725 Sicut
637 705 698 725 cera
722 705 737 724 a
760 697 829 725 facie
853 698 924 732 ignis
942 698 1080 732 liquescit,

297 751 326 774 et
339 745 479 772 comburet
497 744 566 779 ignis
581 748 640 771 tuos
654 743 833 775 adversarios,
861 748 889 771 et
910 743 1080 771 manifestu-

299 791 351 818 erit
368 797 464 816 nomen
490 794 564 816 tuum
588 789 773 816 adversariis:
793 796 807 815 a
830 788 899 816 facie
922 794 966 816 tua
990 793 1081 824 gentes

300 835 488 862 turbabuntur.
503 843 512 860 ι
525 834 596 862 Sane
609 843 618 859 ι
633 835 714 861 Deum
724 841 802 861 nemo
813 833 880 861 vidit
890 841 1006 868 unquam
1015 835 1037 850 “
1047 843 1055 868 ;
1067 843 1077 860 ι

1131 246 1191 273 οὐδὲ
1204 246 1303 282 ἐκλήθη
1319 245 1349 272 τὸ
1361 243 1446 280 δνομά
1461 252 1506 271 σου
1518 243 1560 278 ἐφ’
1573 243 1655 278 ἡμᾶς.
1674 251 1684 268 ι

1385 375 1581 405 ΚΕΦᾹΛᾹΙΟΝ
1600 375 1658 402 ΞΝ.

1170 434 1181 451 ι
1207 424 1268 452 Ἐὰν
1277 423 1386 459 ἀνοίξῃς
1400 423 1446 450 τὸν
1464 422 1591 458 οὐρανὸν,
1612 420 1712 457 τρόμος
1721 420 1838 456 -λήψεται
1861 419 1913 447 ἀπὸ

1133 470 1180 497 σοῦ
1197 470 1258 506 ὄρη,
1273 470 1320 497 καὶ
1341 469 1516 504 τακὴσονται.
1537 477 1546 493 ι
1569 467 1642 502 Πλὴν
1662 466 1720 494 ἀλλ’
1737 466 1815 501 ἴσμεν
1836 466 1913 500 ἀκρι-

1132 515 1187 548 6ὦς
1207 516 1252 542 καὶ
1272 513 1451 550 πεπείσμεθα,
1470 513 1521 546 ὅτι,
1542 512 1588 539 ἐὰν
1609 512 1723 547 θελήσῃς
1750 510 1853 544 ἀνοῖξαι
1869 511 1913 537 τὸν

1131 561 1244 596 οὐρανὸν
1257 560 1322 592 Θεὸς
1336 559 1373 587 ὢν
1394 559 1441 586 καὶ
1461 559 1549 586 πάντα
1571 558 1735 593 δυνάμενος,
1753 558 1854 593 τρόμος
1869 557 1915 592 λή-

1131 607 1211 642 ψεται
1225 605 1278 633 ἀπὸ
1289 606 1336 633 σοῦ
1350 605 1410 642 δρη,
1422 605 1470 637 τὰς
1478 604 1668 640 ἀντικειμένας
1677 603 1776 639 δηλαδὴ
1788 602 1915 638 δυνάμεις

1132 652 1182 684 τὰς
1197 651 1379 688 ἐπαιρομένας
1394 651 1464 678 κατὰ
1479 651 1529 686 τῆς
1545 649 1671 685 γνώσεώς
1686 658 1744 676 σου.

1171 706 1181 724 ι
1210 696 1254 728 Ὦς
1270 696 1353 732 κηρὸς
1371 696 1425 723 ἀπὸ
1447 694 1592 731 προσώπου
1615 695 1700 731 πυρὸς
1723 695 1847 730 τήκεται,
1869 695 1916 722 καὶ

1133 742 1298 769 κατακαύσει
1313 741 1368 778 πῦρ
1377 742 1441 773 τοὺς
1453 741 1637 773 ὑπεναντίους,
1651 741 1699 767 καὶ
1712 741 1828 777 φανερὸν
1839 741 1916 767 ἔσται

1132 788 1163 815 τὸ
1177 787 1262 823 θνομά
1277 796 1324 814 σου
1342 789 1398 819 τοῖς
1417 787 1594 819 ὑπεναντίοις,
1617 787 1683 814 Ἀπὸ
1705 787 1851 822 προσώπου
1870 795 1916 813 σω

1134 832 1196 869 ἔθνη
1207 833 1433 870 ταραχθὴσονται.
1450 842 1459 859 ι
1471 833 1526 860 Kal
1542 833 1594 869 μὴν
1607 843 1616 859 ι
1629 833 1694 860 Θεὸν
1709 833 1795 864 οὐδεὶς
1808 832 1915 868 ἑώρακε

300 885 338 913 et,
358 890 368 906 ί
387 880 470 908 Nemo
484 881 585 907 videbit
600 880 693 908 faciem
709 887 806 913 meam,
818 884 846 907 et
862 880 934 907 vivet
945 880 980 907 ".
1000 889 1010 906 ι
1029 879 1077 907 Sed

1133 880 1252 912 πώποτε,
1273 889 1282 906 ι
1301 881 1358 912 καὶ,
1377 888 1387 906 ι
1409 881 1502 912 Οὐδεὶς
1519 879 1613 915 Qte-cal
1633 888 1684 915 μου
1705 879 1736 905 τὸ
1757 879 1915 915 τιρόσωτιίονὶι

299 925 343 953 liis
359 925 466 953 videtur
479 926 560 953 Deum
573 926 756 958 subindicare,
770 926 815 960 qui
832 926 857 953 in
873 925 983 952 deserto
996 924 1080 961 Moysi

298 972 408 1000 oracula
429 972 514 1003 dedit,
527 975 554 998 et
569 972 612 1006 qui
627 972 662 998 ab
682 971 754 999 omni
777 971 874 1006 populo
887 971 960 1000 visus
977 976 1018 999 est
1034 979 1082 1006 per

299 1018 412 1053 gloriam
438 1017 564 1044 omnibus
581 1021 766 1052 apparentem,
783 1017 816 1044 de
837 1025 891 1052 qua
907 1018 1008 1045 dictutn
1023 1021 1080 1045 est:

302 1072 312 1089 ι
328 1063 362 1091 Et
376 1062 441 1090 vidit
453 1062 542 1091 omnis
559 1063 674 1099 populus
688 1062 801 1099 gloriam
815 1062 920 1091 Domini
936 1064 970 1090 ".
988 1072 998 1090 ι

334 1149 414 1177 Vens.
429 1149 487 1177 ιϐ.
509 1159 520 1176 ε
535 1150 601 1178 Cum
621 1150 718 1179 feceris
731 1151 858 1186 gloriosa,
875 1156 976 1179 tremor
989 1151 1026 1178 tui
1039 1151 1081 1178 in-

298 1196 378 1222 vadet
391 1200 506 1223 montes.
520 1195 541 1222 Δ
556 1191 654 1224 saeculo
667 1204 720 1224 non
731 1197 894 1229 audii/imus.
909 1205 996 1232 neque
1008 1198 1078 1225 oculi

299 1240 384 1268 nastri
398 1240 522 1268 viderunt
534 1241 627 1274 Deum,
641 1246 738 1276 praeter
757 1246 793 1274 te,
807 1247 834 1269 et
851 1249 931 1277 opera
945 1247 1006 1276 tua,
1021 1250 1080 1278 qua:

299 1286 384 1313 facies
396 1287 614 1320 exspectantibus
629 1287 852 1315 misericordiam.
864 1288 994 1316 Occurret
1007 1285 1078 1316 enim

299 1331 333 1359 iis
357 1331 402 1365 qui
427 1330 529 1358 faciunt
548 1331 691 1366 justitiam,
705 1336 732 1360 et
744 1333 847 1360 viarum
871 1337 977 1360 tuarum
991 1341 1079 1361 recor-

299 1376 446 1404 dabuntur.
461 1377 531 1404 Ecce
556 1381 582 1404 tu
606 1377 691 1405 iratus
715 1385 761 1410 es,
779 1383 807 1406 et
828 1386 878 1406 nos
898 1379 1078 1414 peccavimus.

299 1421 402 1450 Idcirco
416 1423 582 1455 erravimus,
603 1428 630 1451 et
646 1423 710 1450 facti
735 1431 828 1451 sumus
849 1425 928 1459 quasi
950 1424 1079 1452 immundi

299 1475 393 1495 omnes
407 1476 475 1496 nos:
493 1473 622 1504 tanquam
640 1476 746 1504 pannus
767 1469 886 1498 sedentis
898 1470 986 1498 omnis
999 1470 1079 1505 justi-

300 1513 338 1539 tia
350 1518 453 1541 nostra.
470 1523 480 1540 ι
496 1514 573 1548 Quod
585 1514 607 1542 si
622 1522 674 1549 qua
690 1515 759 1549 apud
775 1523 823 1542 nos
846 1515 958 1550 reperiri
971 1520 1078 1550 putetur

1132 927 1180 954 καὶ
1193 926 1302 962 ζήσεται
1312 935 1320 942 ο
1340 936 1350 952 ι
1365 926 1421 953 ἀλλ’
1439 926 1510 953 ἔοικε
1523 925 1567 952 τὸν
1581 925 1646 952 Θεὸν
1659 924 1702 952 διὰ
1717 924 1819 951 τούτων
1832 924 1916 951 αἰνίτ-

1131 973 1224 1000 τεσθαι
1235 972 1280 999 τὸν
1293 972 1341 999 καὶ
1353 972 1400 998 ἐπὶ
1410 972 1459 1008 τῆς
1469 972 1571 1008 ἐρήμου
1585 971 1791 1007 χρηματίσαντα
1800 970 1915 1005 Μωῦσῆ,

1129 1018 1170 1053 τῷ
1187 1026 1216 1044 τε
1236 1018 1317 1044 παντὶ
1334 1017 1391 1052 λαῷ
1410 1016 1558 1053 ἑωραμένῳ
1577 1016 1623 1042 διὰ
1644 1016 1693 1051 τῆς
1714 1014 1917 1050 ἐμφαινομένης

1130 1065 1186 1095 τοῖς
1208 1064 1276 1090 πᾶσι
1289 1063 1368 1099 δόξης
1385 1063 1448 1100 περὶ
1462 1060 1496 1098 ἧς
1510 1062 1630 1098 εἴρηται·
1648 1070 1658 1088 ι
1671 1061 1726 1088 Kal
1746 1060 1820 1097 ἐώρα
1838 1061 1891 1092 πᾶς
1903 1061 1917 1087 ό

1130 1110 1194 1142 λαὸς
1209 1109 1258 1146 τὴν
1273 1109 1349 1142 δόξαν
1372 1109 1484 1145 Κυρίου.
1501 1118 1517 1134 r

1169 1165 1179 1182 ι
1196 1156 1280 1183 ὀταν
1296 1156 1375 1191 ποιῇς
1390 1155 1424 1181 τὰ
1440 1153 1543 1186 ἔνδοξα,
1556 1153 1657 1190 τρόμος
1672 1152 1785 1189 λήψεται
1800 1151 1855 1179 ἀπὸ
1869 1151 1915 1178 σοῦ

1129 1201 1191 1237 ὅρη.
1212 1200 1279 1227 Ἀπὸ
1298 1200 1343 1227 τοῦ
1357 1200 1452 1231 αἰῶνος
1463 1199 1513 1226 οὑκ
1526 1198 1692 1234 ἠκούσαμεν,
1710 1198 1770 1225 οὐδὲ
1783 1197 1916 1232 ὀφθαλμοὶ

1129 1246 1208 1282 ἡμῶν
1219 1243 1287 1273 εἶδον
1299 1246 1364 1272 Θεὸν
1385 1245 1455 1282 πλήν
1469 1254 1525 1278 σου,
1544 1245 1591 1272 καὶ
1607 1245 1642 1272 τὰ
1656 1244 1724 1281 ἔργα
1745 1253 1802 1276 σου,
1821 1244 1838 1271 ἃ
1854 1252 1917 1272 ,ποι-

1129 1292 1206 1327 ήσεις
1223 1293 1278 1324 τοῖς
1293 1291 1472 1327 ὑπομένουσιν
1485 1291 1566 1318 ἔλεον.
1580 1291 1777 1326 Συναντὴσεται
1792 1289 1847 1325 γάρ
1860 1290 1916 1321 tot:

1129 1337 1235 1364 ποιοῦσι
1246 1337 1277 1364 τὸ
1288 1337 1401 1370 δίκαιον,
1418 1336 1465 1364 καὶ
1481 1337 1534 1364 τῶν
1554 1336 1620 1363 ὀδῶν
1643 1344 1688 1363 σου
1707 1335 1914 1372 μνησθήσονται.

1136 1383 1200 1410 Ἰδοὺ
1218 1383 1250 1410 σὺ
1262 1382 1410 1419 ὡργίσθης,
1430 1383 1476 1409 καὶ
1491 1382 1571 1418 ἡμεῖς
1586 1381 1754 1417 ἡμάρτομεν.
1770 1380 1820 1407 Διὰ
1837 1379 1916 1408 τοῦτο

1129 1428 1320 1466 ἐπλανήθημεν
1335 1429 1381 1457 καὶ
1406 1428 1572 1465 ἐγενήθημεν
1592 1428 1629 1460 ὠς
1645 1427 1794 1463 ἀκάθαρτοι
1816 1427 1915 1458 πάντες

1129 1474 1222 1509 ἡμεῖς·
1238 1473 1276 1506 ὡς
1297 1474 1380 1509 ῥάκος
1399 1473 1610 1509 ἀποκαθημένης
1629 1472 1703 1499 πᾶσα
1725 1473 1742 1507 ἡ
1760 1471 1914 1506 δικαιοσύνη

1128 1518 1216 1554 ἡμῶν.
1243 1527 1253 1544 ι
1270 1518 1302 1545 El
1317 1518 1345 1545 δὲ
1360 1518 1406 1545 καί
1419 1527 1460 1551 τις
1473 1519 1502 1546 ἐν
1521 1518 1587 1553 ἡμῖν
1600 1515 1728 1552 ἐνομίσθη
1742 1514 1914 1551 εὑρίσκεσθαι

297 1558 402 1593 iustitia
419 1559 543 1594 actioque
558 1560 653 1595 proba.
670 1567 703 1588 ea
725 1561 850 1589 sordibus
868 1561 946 1597 plena
958 1567 985 1590 et
999 1562 1077 1591 inde-

1128 1563 1283 1600 δικαιοσύνη
1299 1565 1346 1591 καὶ
1359 1563 1458 1600 πρᾶξις
1472 1563 1574 1597 δικαία,
1587 1562 1768 1599 ἐρῤυπωμένη
1784 1562 1831 1589 καὶ
1846 1562 1915 1597 αὑτὴ

299 1612 362 1632 cora
379 1613 441 1633 esse
455 1606 675 1641 deprehenditur.

338 1651 417 1679 \‘sns.
439 1652 517 1679 ’1-12.
533 1661 543 1677 ι
559 1652 592 1679 Et
608 1652 767 1682 deﬂuximus
786 1653 862 1688 quasi
883 1653 945 1681 folia
971 1659 1079 1690 propter

299 1698 456 1734 iniquitates
474 1703 596 1726 nostras:
610 1699 650 1726 sic
666 1705 763 1728 ventus
780 1700 883 1728 auferet
907 1708 972 1732 nos,
984 1706 1012 1729 et
1026 1708 1078 1729 non

298 1750 341 1773 est
358 1746 402 1780 qui
422 1744 528 1773 invoeet
551 1752 647 1772 nomen
671 1749 764 1778 tuum,
789 1753 838 1773 nec
854 1746 899 1780 qui
925 1747 1078 1775 recordatus

298 1791 484 1825 apprehendat
498 1795 544 1819 te:
561 1790 689 1826 quoniam
709 1791 829 1820 avertisti
853 1792 952 1831 l'aciem
977 1797 1049 1829 tuam
1063 1801 1078 1820 a

300 1837 388 1869 nobis,
403 1842 431 1864 et
453 1837 585 1865 tradidisti
600 1845 649 1866 nos
664 1843 776 1873 propter
790 1838 946 1874 iniquitates
959 1843 1076 1867 nostras.

298 1881 422 1915 Etnunc.
439 1882 560 1916 Domine.
577 1883 657 1922 fater
676 1889 768 1912 noster
785 1889 825 1917 tu,
838 1893 888 1912 nos
899 1893 963 1913 vero
980 1886 1077 1918 lutum,

297 1935 365 1963 opus
388 1936 514 1956 manuum
531 1934 638 1957 tuarum
661 1937 766 1963 omnes,
790 1938 824 1958 ne
849 1931 976 1958 irascaris
1001 1931 1078 1959 nobis

298 1974 386 2006 valde,
413 1982 500 2009 neque
526 1975 552 2002 in
577 1979 699 2010 tempore
727 1976 882 2004 memineris
900 1977 1072 2011 iniquitatutn

300 2024 464 2046 nostrarutn.
480 2020 512 2047 Et
529 2027 602 2047 nunc
616 2021 732 2052 intuere,
751 2021 872 2055 Domine,
888 2022 1014 2056 quoniam
1028 2030 1078 2057 po-

299 2063 377 2098 pulus
392 2070 452 2091 tuus
473 2072 567 2092 omnes
582 2073 641 2092 nos.
657 2066 758 2093 Civitas
780 2067 866 2094 sancti
885 2067 922 2094 tui
944 2067 1014 2094 facta
1037 2072 1078 2095 est

300 2109 404 2136 deserta
419 2109 483 2136 Sion
501 2118 508 2136 :
527 2115 556 2137 ut
571 2110 707 2138 desertum
721 2111 791 2138 facta
805 2116 848 2138 est
860 2111 1021 2143 Jerusalem,
1049 2112 1076 2139 in

300 2154 517 2183 ntaledictionem
535 2157 641 2188 domus,
659 2160 781 2182 sanctum
798 2161 931 2189 nostrum,
952 2161 979 2183 et
992 2156 1075 2191 gloria

299 2201 342 2228 cui
356 2200 551 2228 benedixerunt
565 2206 656 2236 patres
670 2201 766 2234 nostri,
780 2202 841 2236 igne
853 2201 1002 2234 combusta,
1018 2209 1076 2229 om-

298 2246 397 2280 niaque
413 2246 528 2281 gloriosa
541 2251 633 2274 nostra
648 2247 834 2275 conciderunt.
849 2248 936 2282 Atque
949 2248 975 2275 in
992 2248 1075 2275 omni-

298 2292 349 2319 bus
367 2292 425 2319 istis
440 2292 604 2326 sustinuisti,
622 2292 745 2325 Domine,
760 2297 789 2320 et
813 2293 930 2326 tacuisti,
944 2298 972 2321 et
988 2293 1077 2321 humi-

299 2337 372 2364 liasti
388 2345 437 2365 nos
452 2337 540 2364 valde.
557 2346 567 2364 ι

576 2382 692 2410 CAPUT
708 2382 790 2411 LXV.

333 2426 413 2455 Vens.
434 2428 489 2455 1-3.
509 2437 519 2454 ι
535 2428 652 2464 Apparui
668 2437 720 2456 non
737 2429 893 2465 rogantibus
904 2437 967 2457 me:
981 2430 1075 2458 inven—

296 2476 340 2501 tus
352 2481 412 2501 sum
425 2473 459 2500 ab
472 2474 505 2501 iis
519 2475 565 2509 qui
588 2482 631 2502 me
655 2482 708 2502 non
724 2475 890 2510 quaerebant.
910 2475 967 2503 Dixi
984 2483 992 2502 :
1007 2476 1075 2504 Ecce

296 2520 402 2551 adsum,
419 2519 491 2554 genti
516 2527 577 2554 quat
604 2527 657 2547 non
686 2520 825 2548 invocavit
848 2528 946 2548 nomen
973 2528 1073 2549 meum.

298 2563 418 2597 Expandi
435 2571 530 2591 manus
550 2571 624 2592 meas
637 2569 691 2592 tota
709 2565 751 2592 die
764 2566 796 2592 ad
810 2565 936 2600 populum
951 2572 1004 2592 non
1024 2565 1074 2593 ob-

296 2612 502 2643 temperantem,
516 2612 541 2636 et
565 2609 808 2643 contradicentem,
827 2609 860 2637 iis
870 2630 877 2642 ,
894 2609 940 2644 qui
954 2609 1075 2637 ambula-

297 2653 361 2680 bant
375 2654 401 2680 in
413 2654 455 2681 via
472 2662 523 2681 non
537 2648 679 2688 bona,'sed
691 2660 752 2689 post
761 2660 871 2690 peccata
884 2663 943 2682 sua.
958 2655 1075 2690 Populus

298 2696 352 2728 hic.
365 2697 410 2731 qui
424 2699 568 2726 exacerbat
585 2706 640 2732 me,
662 2699 690 2726 in
704 2704 851 2734 conspectu
869 2707 928 2727 meo
943 2707 1049 2734 semper
1064 2708 1073 2726 :

299 2740 348 2774 ipsi
365 2742 503 2771 immolant
517 2744 545 2771 in
563 2744 661 2777 hortis.
676 2749 704 2772 et
718 2745 826 2772 adolent
842 2745 980 2773 ittcensum
993 2752 1075 2780 super

337 2830 360 2846 ’⁸
371 2829 449 2858 Joan.
465 2838 484 2863 ι,
503 2831 546 2860 l8.

1128 1610 1176 1638 καὶ
1185 1610 1282 1646 ἄτιμος
1295 1611 1465 1647 ἐλὴλεγκται.

1165 1664 1175 1681 ι
1190 1656 1246 1683 Kal
1257 1655 1425 1691 ἐξερῤύημεν
1434 1655 1473 1687 ὡς
1486 1654 1573 1690 φύλλα
1584 1654 1628 1682 διὰ
1637 1654 1687 1686 τὰς
1699 1654 1814 1689 ἀνομίας
1821 1653 1912 1689 ,ἡμῶν

1127 1700 1214 1733 οὕτως
1232 1701 1332 1736 ἄνεμος
1348 1701 1415 1727 οἴσει
1431 1701 1519 1736 ἡμᾶς·
1538 1701 1584 1728 καὶ¹
1595 1694 1732 1727 οὐκῗέστιν
1745 1700 1760 1726 ὁ
1772 1698 1914 1726 ἐπικαλού·

1128 1754 1209 1782 μενος
1222 1746 1254 1772 τὸ
1264 1745 1350 1781 ὄνομά
1360 1754 1416 1779 σου,
1427 1746 1500 1774 καὶὸ
1513 1746 1641 1782 μνησθεὶς
1652 1746 1842 1774 ἀντιλαϐέσθαι
1855 1753 1912 1772 σοιν

1125 1793 1167 1819 ὃτι
1181 1791 1354 1828 ἀπέστρεψας
1365 1792 1395 1818 τὸ
1407 1792 1550 1828 πρόσωπόν
1561 1800 1607 1818 σου
1621 1792 1668 1828 ἀφ’
1679 1791 1768 1828 ἡμῶν,
1786 1792 1832 1819 καὶ
1846 1800 1914 1827 παρ-

1126 1838 1230 1871 έδωκας
1253 1838 1325 1873 ἡμᾶς
1349 1837 1392 1864 διὰ
1419 1838 1469 1869 τάς
1493 1837 1628 1875 ἁμαρτίας
1657 1838 1745 1873 ἡμῶν.
1774 1837 1829 1864 Kal
1854 1836 1911 1868 νῦν,

1126 1884 1212 1920 Κύριε
1223 1904 1231 1916 ,
1245 1883 1339 1920 Πατὴρ
1358 1883 1436 1920 ἡμῶν
1455 1883 1499 1917 σὺ,
1515 1885 1596 1919 ἡμεῖς
1611 1883 1639 1911 δὲ
1660 1883 1754 1920 πηλὸς,
1774 1883 1843 1919 ἔργα
1858 1882 1911 1909 τῶν

1125 1931 1225 1966 χειρῶν
1241 1939 1287 1957 σου
1305 1931 1415 1963 πάντες,
1437 1931 1474 1966 μὴ
1490 1930 1598 1967 ὀργίζου
1615 1931 1681 1966 ἡμῖν
1698 1930 1811 1966 σφόδρα,
1831 1930 1867 1965 μὴ
1883 1930 1909 1956 ἑ»

1126 1975 1214 2012 καιρῷ
1231 1975 1354 2011 μνησθῇς
1370 1974 1510 2011 ἁμαρτιῶν
1526 1974 1614 2010 ἡμῶν.
1628 1975 1683 2001 Kal
1695 1974 1742 2001 νῦν
1758 1974 1912 2008 ἐπίϐλεψον,

1125 2021 1166 2047 ὅτι
1177 2021 1241 2053 λαός
1255 2029 1299 2047 σου
1313 2021 1412 2052 πάντες
1429 2021 1519 2056 ἡμεῖς.
1538 2020 1618 2052 Πόλις
1631 2019 1679 2046 τοῦ
1696 2019 1771 2054 ἁγίου
1789 2028 1836 2046 σου
1854 2020 1912 2053 ἐγε-

1125 2067 1192 2103 νήθη
1206 2067 1308 2103 ἔρημος
1328 2067 1407 2100 Σιὼν,
1428 2067 1465 2099 ὡς
1477 2067 1578 2103 ἔρημος
1591 2067 1706 2102 ἐγενήθη
1726 2067 1909 2103 Ἰερουσαλὴμ,

1125 2114 1164 2144 εἰς
1184 2113 1305 2148 κατάραν
1318 2114 1332 2139 ὁ
1347 2111 1436 2145 οἶκος,
1459 2113 1489 2139 τὸ
1504 2113 1580 2147 ἅγιον
1600 2113 1689 2148 ἡμῶν,
1706 2112 1752 2139 καὶ
1768 2113 1785 2148 ἡ
1798 2112 1861 2144 δόξα
1878 2113 1910 2148 ἡν

1125 2158 1279 2194 ηὑλόγησαν
1300 2159 1324 2185 οἱ
1347 2159 1462 2194 πατέρες
1484 2158 1574 2194 ἡμῶν,
1588 2159 1702 2194 ἐγενήθη
1719 2158 1910 2194 πυρίκαυστος,

1127 2203 1174 2230 καὶ
1199 2203 1288 2230 πάντα
1307 2203 1398 2235 ἔνδοξα
1418 2203 1495 2238 ἡμῶν
1527 2203 1666 2230 συνέπεσε.
1696 2204 1751 2230 Kal
1773 2203 1820 2229 ἐπὶ
1844 2203 1910 2230 πᾶσι

1125 2248 1230 2280 τούτοις
1249 2248 1374 2283 ἀνέσχου,
1399 2248 1496 2284 Κύριε,
1520 2250 1567 2276 καὶ
1582 2249 1749 2284 ἐσιώπησας,
1776 2249 1824 2276 καὶ
1848 2250 1911 2276 ἐτα-

1127 2293 1262 2325 πείνωσας
1281 2293 1355 2328 ἡμᾶς
1369 2292 1481 2328 σφόδρα.
1500 2301 1509 2318 ι

1372 2381 1570 2408 ΚΕΦΔΛΑῙΟΝ
1593 2381 1653 2409 ΞΕ¹.

1166 2435 1176 2451 ι
1202 2425 1340 2462 Ἐμφανὴς
1355 2426 1487 2463 ἐγενήθην
1502 2428 1558 2459 τοῖς
1568 2427 1618 2462 ἐμὲ
1632 2426 1669 2463 μὴ
1684 2427 1851 2463 ἐπερωτῶσι,
1864 2427 1908 2454 εὕ-

1129 2470 1210 2506 ρέθην
1232 2473 1288 2503 τοῖς
1307 2472 1358 2507 ἐμὲ
1375 2471 1413 2508 μὴ
1433 2471 1568 2507 ζητοῦσιν.
1591 2471 1677 2499 Εἷπα·
1707 2472 1772 2499 Ἰδού
1796 2474 1854 2508 ειμι
1870 2473 1908 2508 τῷ

1127 2515 1208 2548 ἔθνει,
1223 2517 1248 2543 οἶ
1261 2517 1310 2543 οὐκ
1326 2517 1457 2544 ἐκάλεσαν
1472 2526 1522 2553 μου
1533 2517 1563 2544 τὸ
1574 2518 1667 2554 ὄνομα.
1681 2518 1848 2550 Ἑξεπέτασα
1860 2518 1908 2550 τὰς

1127 2562 1221 2597 χεῖράς
1238 2571 1288 2597 μου
1306 2562 1371 2598 ὃλην
1383 2563 1433 2598 τὴν
1449 2563 1555 2599 ἡμέραν
1575 2564 1644 2599 πρὸς
1657 2563 1719 2590 λαὸν
1733 2564 1906 2594 ἀπειθοῦντα.

1125 2608 1173 2634 καὶ
1195 2608 1380 2642 ἀντιλέγοντα,
1401 2608 1464 2641 τοὺς
1481 2609 1679 2645 πορευομένους
1700 2609 1752 2645 ὀδῷ
1775 2610 1805 2636 οὺ
1827 2610 1906 2645 καλῇ,

1125 2653 1182 2679 ἀλλ’
1196 2653 1282 2680 ὀπίσω
1304 2653 1358 2680 τῶν
1381 2654 1522 2690 ἁμαρτιῶν
1548 2655 1646 2682 αὐτῶν.
1665 2655 1694 2682 '0
1713 2655 1776 2687 λαὸς
1796 2652 1873 2686 οὗτος
1892 2656 1906 2682 ό

1126 2699 1284 2735 παροξύνων
1302 2709 1335 2736 με
1350 2700 1471 2727 ἐναντίον
1485 2701 1551 2735 ἐμοῦ
1567 2700 1612 2727 διὰ
1622 2701 1721 2733 παντός
1733 2709 1741 2718 ³
1763 2702 1840 2729 αὐτοὶ
1862 2701 1905 2728 θυ-

1128 2744 1263 2777 σιάζουσιν
1287 2745 1316 2772 ἐν
1334 2745 1389 2776 τοῖς
1409 2745 1524 2780 κήποις,
1549 2745 1594 2774 καὶ
1619 2745 1751 2781 θυμιῶσιν
1777 2746 1823 2772 ἐπὶ
1848 2747 1905 2777 ταῖς

601 2833 624 2849 ’⁸
638 2833 723 2861 Exod.
740 2841 836 2868 ututi,
854 2833 899 2862 20.
937 2835 958 2850 ’⁷
975 2833 1052 2862 Nunt.
1068 2841 1121 2867 xvr,
1142 2834 1184 2862 l9.
