2061 3215
202 149 253 179 δῦθ

677 152 926 182 σοιίιιΕΝτΑιιιΑ
944 153 978 181 ιΝ
995 153 1122 183 lSAlAM.
1140 170 1176 176 -—
1193 154 1271 184 CAP.
1289 154 1371 184 LXV.

1779 160 1833 189 510

201 211 320 244 πλίνθοις
332 212 389 244 τοῖς
401 211 559 248 δαιμονίοις,
572 212 590 240 ἆ
603 213 652 241 οὐκ
665 213 751 242 ἐστιν,
769 224 778 240 ›
797 214 832 242 Et
852 224 895 247 τις
920 215 975 242 θέλε

1027 241 1028 245 η
1044 215 1144 243 lateres
1161 215 1311 249 daemoniis,
1324 223 1384 251 quae
1398 222 1450 244 non
1467 220 1542 245 sunt.
1555 225 1565 244 ι
1576 215 1604 245 Si
1618 216 1689 252 quis,
1702 217 1825 245 veritatis

199 256 342 294 φιλαλήθει
358 258 482 294 λογισμῷ
493 259 543 295 τὴν
556 259 627 296 ἐμὴν
641 261 707 297 ὸρᾷν
720 261 935 298 φιλανθρωπίαν,
949 261 991 289 εὗ-

200 311 242 339 ροι
264 303 298 331 ἂν
312 304 447 339 φθάνοντα
463 313 497 341 με
513 306 574 338 ταῖς
597 306 768 342 εὐεργεσίαις
789 307 836 334 καὶ
852 309 914 340 τοὺς
939 317 990 344 μα-

198 350 268 387 κρὰν
282 350 442 386 ἀφεστῶτας
455 350 505 387 τῆς
517 352 587 388 ἐμῆς
610 352 748 387 γνώσεως.
771 354 876 381 Αὐτίκα
889 354 922 390 δὴ
942 352 989 382 οὖν

197 397 254 429 τοῖς
274 396 353 428 ἐκτὸς
373 397 552 432 μηδεπώποτε
566 398 721 434 ἐρωτήσασί
743 407 776 434 με
792 397 901 435 ἐμφανῆ
922 408 988 427 κατ-

196 442 300 477 έστησα
326 442 444 479 ἐμαυτὸν
470 443 503 469 δι’
525 443 746 479 ὁπερῦάλλουσαν
766 444 986 481 φιλανθρωπίαν

197 488 268 516 ὥστε
285 489 335 526 ήδη
363 489 427 522 τοὺς
447 490 601 525 ἀλλογενεῖς
617 492 664 518 καὶ
678 490 842 526 ἀλλοφύλους
856 491 905 527 τὴν
918 492 988 528 ἐμὴν

196 534 296 570 γνῶσιν
311 535 496 571 ἀνειληφέναι,
512 537 613 573 καίπερ
625 537 708 574 μηδὲν
720 538 760 569 εἰς
775 537 854 564 τοῦτο
867 537 988 573 συμϐαλ-

195 581 335 618 λομένους.
362 582 443 610 Ἀλλά
470 583 518 610 καὶ
539 585 596 615 τοῖς
613 583 650 619 μὴ
676 583 811 620 ζητήσασι
838 584 887 620 τὴν
917 583 986 620 ἐμήν

196 627 278 663 χάριν
293 628 395 664 ταύτης
409 628 560 664 μετέδωκα,
579 629 685 664 φθάσας
698 638 728 656 τε
748 629 797 662 τὰς
813 629 915 666 ἐτέρων
931 638 986 656 πα-

195 673 359 710 ρακλήσεις·
377 675 441 709 πρὶν
456 675 503 702 καὶ
525 674 671 708 εῦξασθαι,
693 676 758 712 πρὶν
783 675 830 702 καὶ
849 675 985 703 ἱκετεῦσαι

195 719 304 752 αὐτοὺς,
316 717 392 747 εἷπον
402 727 411 735 ⁵
434 720 499 747 Ἰδοὺ
515 720 640 757 πάρειμι.

233 773 243 790 ι
264 764 309 791 Ἐν
322 765 379 796 τοῖς
395 765 518 801 μνήμασι
533 766 580 793 καὶ
596 767 625 793 ἐν
635 767 691 798 τοῖς
707 766 850 803 σπηλαίοις
862 767 983 802 κοιμῶν-

192 818 238 838 ται
252 810 297 837 διὰ
309 810 422 837 ἐνύπνια
440 812 466 838 οἱ
479 811 603 844 ἔσθοντες
621 812 705 849 κρέας
724 813 807 846 ὕειον,
825 814 871 840 καὶ
891 813 983 849 ζωμὸν

193 857 519 893 θυσιῶνίμεμολυμμένα
541 858 629 885 πάντα
652 859 686 886 τὰ
720 859 803 896 σκεύη
827 859 926 886 αὐτῶν.
949 861 981 887 Oi

191 903 326 938 λέγοντες,
340 899 440 939 Πόῤῥω
455 904 503 930 ἀπ’
518 903 597 939 ἐμοῦ,
612 904 650 940 μὴ
666 905 779 941 ἐγγίσῃς
795 914 851 941 μοι,
867 906 908 932 ὅτι
927 914 979 933 κα-

192 949 275 986 θαρός
287 947 356 985 ἒῖμι.
364 946 447 981 Οὗτος
458 950 560 982 καπνὸς
572 950 619 977 τοῦ
635 950 721 986 θυμοῦ
732 959 791 987 μου.
800 951 859 986 Πῦρ
872 952 979 979 καίεται

191 997 222 1024 ιν
238 995 312 1032 αὑτῷ
339 996 430 1028 πάσας
448 996 498 1028 τὰς
525 997 641 1033 ἡμέρας.
667 997 732 1024 Ἰδοὺ
756 997 910 1034 γέγραπται
935 999 978 1025 ἐν-

189 1039 287 1069 ώπιόν⁶
298 1049 360 1077 μου’
377 1041 415 1068 οὐ
441 1042 572 1077 σιωπήσω
590 1043 643 1074 ἔως
662 1043 695 1069 ἀν
714 1042 846 1070 ἀποδώσω
869 1044 909 1075 είς
933 1043 978 1070 τὸν

189 1086 290 1115 κόλπον
305 1087 395 1114 αὐτῶν
406 1078 456 1120 τὰς
469 1087 607 1124 ἁμαρτίας
621 1088 712 1115 αὐτῶν
721 1088 768 1116 καὶ
782 1089 836 1116 τῶν
851 1089 977 1125 πατέρων

188 1133 288 1167 αὐτῶν,
313 1132 386 1168 λέγει
403 1133 517 1170 Κύριος.
541 1134 572 1161 οἶ
588 1134 739 1170 ἐθυμίασαν
752 1135 798 1161 ἐπὶ
814 1135 867 1162 τῶν
892 1136 976 1172 ὀρέων

188 1179 237 1207 καὶ
252 1179 298 1206 ἐπὶ
310 1178 365 1207 τῶν
379 1179 481 1215 βουνῶν
498 1180 640 1208 ὠνείδισάν
655 1190 699 1216 με,
716 1180 848 1208 ἀποδώσω
862 1181 896 1208 τὰ
908 1181 976 1218 ἔργα

183 1225 277 1253 αὐτῶν
297 1225 337 1258 είς
358 1226 404 1253 τὸν
423 1226 522 1253 κόλπον
538 1227 638 1254 αὐτῶν.
655 1227 749 1259 Οὕτως
770 1227 842 1262 λέγει
862 1227 973 1263 Κύριος·

187 1271 353 1309 Ὃντρόπον
370 1272 546 1309 εὑρεθήσεται
566 1273 581 1298 ὀ
601 1273 656 1309 ρὼξ
683 1273 712 1300 ἐν
735 1273 774 1309 τῷ
802 1273 904 1310 βότρυῖ,
927 1274 974 1301 καὶ

185 1317 279 1352 ἐροῦσι
288 1326 295 1333 ⁸
309 1318 355 1354 Μὴ
368 1318 475 1356 λυμήνῃ
484 1319 574 1352 αὐτὸν,
583 1319 624 1346 ὅτι
637 1319 746 1354 εὐλογία
756 1320 830 1347 ἐστὶν
845 1321 874 1347 ἐν
888 1320 972 1356 αὐτῷ·

185 1363 273 1397 οὕτως
286 1365 392 1401 ποιήσω
404 1365 496 1392 ἕνεκεν
508 1365 555 1392 τοῦ
574 1365 745 1398 δουλεύοντάς
759 1375 814 1401 μοι.
835 1376 844 1392 ι
865 1366 934 1393 Ἀλλ’
949 1367 976 1393 εί

185 1410 238 1438 πού
254 1419 295 1442 τις
319 1411 395 1443 ἐντὸς
415 1411 505 1438 αὐτῶν
527 1411 663 1447 εὑρεθείη,
686 1412 724 1444 ὡς
747 1412 776 1439 ἐν
793 1411 887 1448 βότρυῖ
904 1410 973 1449 ξηρᾷ

177 1455 266 1492 ’ὑγιὴς
288 1456 334 1484 καὶ
354 1457 511 1493 ἐρρωμένος
531 1457 596 1493 ρὼξ,
609 1458 639 1484 οὐ
652 1458 820 1485 διαπεσεῖται
832 1459 898 1494 παρ’
911 1459 972 1494 ἐμοὶ

184 1501 226 1538 τῷ
241 1504 332 1539 κριτῇ,
346 1503 408 1530 οὐδὲ
421 1503 612 1530 συναπολεῖται
632 1505 689 1536 τοῖς
707 1503 911 1540 ἀπολλυμένοις,
926 1504 970 1532 διὰ

1043 261 1132 290 studio
1143 266 1243 295 motus,
1262 269 1350 289 meam
1365 269 1428 298 erga
1440 262 1565 290 homines
1579 262 1749 291 clementiam
1766 271 1831 298 per-

1042 307 1158 341 pendere
1178 307 1254 341 velit,
1268 309 1291 335 is
1305 308 1425 335 inveniet
1440 316 1482 336 me
1499 316 1605 345 semper
1622 310 1663 338 vel
1677 318 1736 344 eos,
1747 311 1792 346 qui
1811 319 1827 338 a

1040 352 1193 387 cognitione
1208 360 1267 380 mea
1282 354 1376 388 procul
1390 355 1485 382 remoti
1500 360 1590 388 erant,
1603 355 1741 383 beneﬁciis
1755 363 1827 390 pra:-

1039 398 1156 425 venisse.
1183 399 1216 426 Et
1240 406 1304 428 vero
1320 401 1469 434 extraneis,
1494 401 1541 436 qui
1559 409 1602 429 me
1628 409 1764 437 nunquam
1785 402 1828 429 in-

1040 446 1247 478 terrogaveram
1265 465 1274 477 ,
1302 444 1337 472 ob
1363 445 1417 472 vim
1448 445 1562 474 aﬂ'ectus
1592 446 1655 479 mei,
1683 446 1826 474 manifeste

1038 489 1161 523 apparui,
1181 490 1216 516 ita
1229 494 1258 516 ut
1275 490 1332 525 jam
1355 491 1515 527 alienigenae
1540 496 1568 519 et
1584 492 1719 528 peregrini
1737 493 1826 526 cogni-

1038 534 1138 562 tionem
1156 535 1208 563 mei
1233 536 1351 563 assecuti
1373 537 1428 564 sint
1441 547 1451 571 ;,
1467 538 1518 565 etsi
1533 537 1570 565 illi
1586 537 1685 565 nullam
1713 545 1825 573 operam

1037 587 1068 607 ea
1083 580 1109 608 in
1127 588 1155 608 re
1169 581 1302 609 dederint.
1318 582 1374 610 lmo
1388 583 1468 610 etiam
1488 583 1532 616 iis,
1545 585 1590 618 qui
1607 584 1720 619 gratiam
1735 592 1824 613 meam

1037 633 1091 653 non
1119 627 1289 660 quaerebant,
1307 635 1403 662 preces
1420 636 1516 656 eorum
1543 634 1708 663 pravertens
1736 629 1821 665 ipsam

1037 670 1136 698 tradidi
1153 679 1160 698 :
1179 671 1336 707 priusquam
1354 677 1491 708 rogarent,
1512 674 1670 710 priusquam
1686 675 1822 711 supplica-

1035 720 1108 748 rent,
1121 716 1189 749 dixi,
1201 717 1271 745 Ecce
1288 718 1394 745 adsum.

1071 762 1151 789 Vsus.
1167 763 1226 790 4-8.
1236 773 1246 789 ι
1259 763 1287 790 In
1305 765 1437 799 sepulcris
1447 769 1475 793 et
1491 765 1517 794 in
1535 763 1671 802 speluncis
1683 767 1822 796 dormiunt

1035 812 1143 842 propter
1156 809 1274 842 somnia,
1295 810 1339 844 qui
1364 811 1510 839 comedunt
1528 819 1636 841 carnem
1660 813 1776 846 suillam,
1793 818 1821 841 et

1031 854 1076 888 jus
1097 853 1258 887 hostiarum,
1277 855 1390 890 profana
1411 864 1474 884 vasa
1488 858 1580 885 omnia
1602 866 1706 886 eorum.
1720 859 1821 892 Quidi-

1033 905 1106 932 cunt,
1125 900 1216 935 Longe
1233 909 1248 928 a
1264 909 1316 934 me,
1331 909 1365 928 ne
1378 902 1579 938 appropinques
1597 904 1676 938 mihi,
1690 905 1818 939 quoniam

1032 947 1145 974 mundus
1157 954 1227 986 sum.
1241 946 1293 974 Iste
1308 952 1350 974 est
1364 947 1452 975 fumus
1470 949 1569 977 furoris
1583 950 1645 978 mei.
1660 949 1731 986 ignis
1743 951 1820 978 ardet

1031 990 1056 1017 in
1073 998 1105 1018 eo
1118 983 1226 1019 cunctis
1236 992 1340 1019 diebus.
1355 992 1424 1020 Ecce
1432 994 1561 1029 scriptum
1577 1000 1617 1022 est
1633 995 1659 1022 in
1671 983 1818 1031 conspectu

1029 1044 1110 1064 meo:
1129 1036 1186 1065 Non
1207 1039 1302 1066 tacebo
1333 1039 1419 1067 donec
1435 1040 1545 1068 reddam
1572 1040 1599 1068 in
1612 1041 1699 1068 sinum
1722 1050 1817 1070 earum

1028 1088 1139 1117 peccata
1156 1083 1275 1118 ipsorum
1292 1089 1318 1112 et
1340 1089 1447 1120 patrum
1461 1093 1584 1118 suorum,
1599 1087 1663 1114 dicit
1676 1087 1816 1116 Dominus.
1851 1088 1853 1090 ’

1028 1127 1078 1161 Qui
1092 1129 1269 1156 adoleverunt
1281 1129 1421 1157 incensum
1447 1138 1526 1166 supra
1551 1137 1657 1160 montes
1686 1138 1713 1160 et
1734 1141 1816 1169 supra

1027 1173 1109 1201 colles
1118 1175 1349 1210 exprobraret-unt
1356 1176 1432 1207 mihi,
1442 1177 1587 1204 retribuam
1597 1185 1676 1212 opera
1687 1185 1779 1206 eorum
1787 1180 1815 1208 in

1026 1219 1113 1247 simnn
1119 1228 1223 1248 eorum.
1232 1221 1277 1248 Sic
1283 1221 1484 1250 dicitDominus
1491 1231 1498 1250 :
1506 1223 1733 1256 Quemadmodum
1741 1225 1817 1253 inve-

1026 1265 1114 1293 nietur
1123 1266 1214 1294 acinus
1222 1266 1248 1293 in
1264 1266 1352 1299 hotro,
1361 1267 1499 1295 etdicent:
1510 1267 1649 1302 Neperdas
1656 1269 1741 1302 illum,
1751 1271 1815 1304 quia

1025 1311 1178 1340 benedictio
1190 1317 1232 1340 est
1246 1313 1272 1340 in
1285 1313 1330 1340 illo
1348 1321 1355 1345 ;
1371 1314 1409 1341 sic
1421 1313 1516 1341 faciam
1530 1320 1638 1349 propter
1649 1316 1813 1344 servientem

1025 1356 1102 1383 mihi.
1119 1366 1128 1382 ι
1148 1357 1201 1384 Sed
1222 1357 1245 1384 si
1261 1357 1322 1392 quis
1352 1358 1422 1384 inter
1445 1365 1492 1386 eos
1513 1359 1674 1393 reperiatur,
1694 1359 1764 1387 sicut
1785 1361 1813 1388 in

1024 1403 1104 1430 botro
1116 1403 1202 1435 arida,
1212 1411 1295 1431 sanus
1309 1402 1470 1438 vi\'idusque
1479 1404 1584 1437 acinus,
1597 1412 1648 1432 non
1658 1406 1813 1440 cadetapud

1023 1456 1066 1476 me
1081 1449 1210 1484 iudicem,
1236 1457 1326 1485 neque
1343 1457 1404 1477 cum
1426 1451 1603 1486 pereuntibus
1621 1451 1731 1486 peribit,
1749 1452 1813 1486 quia

1024 1495 1223 1523 benedictionis
1241 1496 1381 1531 particeps
1392 1501 1444 1524 est.
1457 1495 1544 1524 Tanto
1557 1500 1646 1524 autem
1667 1497 1813 1532 pretiosior

185 1546 217 1574 τὸ
234 1547 354 1583 μετέχειν
364 1547 446 1575 αὐτὸν
458 1548 591 1583 εὐλογίας.
611 1548 688 1575 Οὕτω
699 1548 728 1576 δὲ
743 1548 819 1576 ἐσται
830 1550 845 1576 ὁ
859 1549 916 1586 ρὼξ
927 1547 972 1577 οὖ-

1027 1543 1097 1578 apud
1114 1549 1157 1571 me
1170 1543 1223 1570 erit
1240 1543 1285 1570 hic
1305 1543 1410 1575 acinus,
1433 1547 1535 1578 quanto
1559 1544 1658 1571 rarior.
1679 1544 1720 1571 Ad
1739 1543 1814 1571 hunc

184 1601 231 1624 τος
245 1592 334 1628 τίμιος
353 1593 418 1629 παρ’
434 1592 510 1629 ἐμοὶ,
525 1594 580 1629 ὅσῳ
598 1594 645 1621 καὶ
663 1593 784 1626 σπάνιος.
802 1595 882 1622 Κατά
894 1595 973 1622 τοῦτο

182 1637 213 1665 δὲ
228 1637 258 1665 τδ
272 1638 447 1674 παράδειγμα
457 1639 504 1666 καὶ
518 1639 564 1666 ἐπὶ
574 1638 621 1666 τοῦ
636 1639 736 1671 παντὸς
750 1639 843 1672 ἔθνους
857 1641 972 1676 ποιήσω,

184 1684 262 1721 εἴπερ
285 1693 327 1717 τις
351 1685 476 1721 εὑρεθείη
494 1686 541 1712 καὶ
562 1685 592 1712 ἐν
609 1684 714 1717 τούτοις
734 1685 869 1722 σωτηρίας
887 1686 972 1719 ἄξιος.

223 1739 232 1756 ι
247 1730 350 1757 Τούτου
362 1731 455 1758 ἕνεκεν
472 1731 502 1757 οὐ
516 1731 554 1767 μὴ
568 1730 694 1758 ἀπολέσω
704 1731 819 1765 πάντας,
829 1732 876 1759 καὶ
887 1731 973 1766 ἐξάξω

183 1775 215 1802 τὸ
227 1774 258 1808 ἐξ
279 1776 377 1803 Ἰακὼὸ
393 1776 504 1812 σπέρμα
521 1777 567 1804 καὶ
577 1776 606 1811 ἐξ
629 1776 726 1803 Ἰούδα·
746 1777 793 1804 καὶ
805 1777 974 1814 κληρονομή-

184 1829 228 1847 σει
244 1821 274 1846 τδ
296 1821 358 1857 ὅρος
379 1816 410 1849 τὸ
426 1821 503 1856 ἀγιόν
519 1830 586 1858 μου·
602 1823 649 1849 καὶ
675 1823 924 1860 κληρονομήσουσιν
947 1825 972 1851 oi

184 1866 308 1893 ἐκλεκτοί
331 1875 383 1902 μου
406 1868 454 1894 καὶ
471 1868 496 1894 oi
512 1867 602 1895 δοῦλοί
621 1877 683 1904 μου,
698 1869 745 1896 καὶ
763 1870 972 1906 κατοικήσουσιν

183 1913 253 1940 ἐκεῖ.
273 1923 283 1940 ›
302 1913 339 1940 Τὸ
357 1913 460 1949 ἀγαθὸν
483 1915 531 1941 καὶ
555 1915 666 1942 σπάνιον
691 1916 818 1951 σπέρμα,
837 1915 937 1952 δηλαδὴ
958 1917 972 1943 ὀ

181 1959 363 1992 ἀποστολικὸς
384 1960 463 1996 χορὸς
488 1960 536 1987 τοῦ
562 1960 681 1997 πλήθους
702 1962 757 1989 τῶν
779 1961 971 1998 ἀπολλυμένων

181 2005 349 2041 ἀφορισθείς.
365 2006 450 2034 Πάλιν
467 2007 605 2034 κάνταῦθα
630 2007 774 2040 ἐκλεκτοὺς
792 2008 839 2035 καὶ
863 2008 972 2040 δούλους

180 2050 264 2078 αὐτοῦ
281 2053 345 2084 τοὺς
365 2053 531 2086 ἀποστόλους
547 2053 686 2089 σημαίνει,
711 2054 808 2086 οἵτινες
827 2054 865 2086 ὡς
884 2054 971 2090 ῥῶγες

180 2097 325 2134 εὕρηνται·
346 2098 394 2130 οὒς
406 2099 452 2126 καὶ
465 2099 644 2135 ἐκλεξάμενος
657 2100 853 2136 περιφυλάττει
869 2101 901 2127 ἐκ
917 2101 973 2128 τῶν

180 2143 293 2179 ἐτέρων,
311 2145 358 2171 καὶ
376 2145 487 2181 σπέρμα
499 2146 575 2180 ἆγιον
590 2146 637 2173 καὶ
652 2146 779 2173 ἐκλεκτὸν
791 2146 942 2182 ὠνόμασεν.

218 2197 228 2214 ι
243 2189 298 2216 Καὶ
312 2188 419 2216 ἔσονται
433 2191 462 2216 ἐν
472 2190 511 2225 τῷ
524 2190 619 2226 δρυμῷ
630 2190 758 2224 ἐπαύλεις
770 2191 913 2228 ποιμνίων.
923 2193 970 2220 καὶ

1024 1589 1103 1624 plane
1111 1588 1218 1617 modum
1233 1594 1261 1616 et
1274 1589 1389 1616 formam
1404 1596 1464 1616 cum
1479 1594 1557 1623 gente
1571 1593 1628 1617 tota
1643 1597 1700 1617 rem
1719 1596 1810 1625 agam,

1024 1635 1048 1662 si
1065 1635 1126 1670 quis
1136 1642 1221 1670 penes
1234 1635 1295 1663 illos
1305 1635 1456 1670 reperiatur
1469 1635 1556 1663 salute
1567 1634 1671 1670 dignus.

1058 1724 1140 1753 Vens.
1153 1725 1180 1753 9.
1194 1734 1203 1751 ι
1217 1723 1279 1752 Ideo
1295 1732 1347 1752 non
1367 1724 1479 1759 perdam
1497 1731 1601 1758 omnes,
1614 1728 1642 1751 et
1652 1724 1764 1751 educam
1775 1722 1810 1750 de

1022 1770 1105 1799 Jacob
1116 1779 1218 1803 semen.
1229 1775 1256 1798 et
1269 1771 1301 1798 de
1311 1770 1377 1798 Juda
1389 1780 1397 1798 :
1407 1775 1434 1799 et
1451 1771 1600 1806 possidebit
1612 1775 1729 1797 montem
1742 1777 1809 1796 san-

1023 1822 1095 1845 ctum
1106 1825 1195 1844 meum
1207 1825 1215 1844 :
1229 1822 1255 1845 et
1266 1817 1463 1845 hmreditabunt
1472 1817 1551 1845 electi
1562 1817 1614 1844 mei
1624 1821 1651 1843 et
1662 1815 1732 1843 servi
1744 1815 1810 1847 mei,

1022 1868 1048 1890 et
1062 1862 1222 1890 habitabant
1237 1862 1285 1889 ibi.
1300 1871 1310 1888 ι
1321 1862 1422 1889 Bonum
1435 1867 1462 1889 et
1479 1869 1568 1888 rarum
1587 1868 1689 1892 semen,
1710 1859 1808 1887 videli-

1023 1914 1065 1936 cet
1086 1909 1250 1944 apostolicus
1265 1909 1382 1941 chorus,
1406 1915 1420 1936 a
1443 1908 1616 1942 pereuntium
1637 1906 1809 1934 multitudine

1022 1954 1277 1990 sequestratus.llic
1288 1962 1394 1981 rursum
1408 1953 1509 1982 electos
1520 1958 1547 1981 et
1556 1960 1649 1981 servos
1663 1960 1726 1980 suos
1738 1960 1803 1987 apo-

1022 2001 1106 2030 stolos
1116 2005 1207 2034 vocat,
1224 2001 1269 2036 qui
1283 2000 1357 2027 velut
1367 2000 1438 2027 acini
1452 1999 1551 2034 reperti
1566 2003 1641 2032 sunt,
1657 2006 1726 2033 quos
1740 1998 1805 2026 item

1022 2049 1056 2076 ab
1066 2055 1096 2076 se
1106 2047 1207 2075 electos
1215 2055 1249 2074 ex
1263 2047 1323 2075 aliis
1335 2046 1463 2080 servavit,
1479 2050 1508 2074 et
1526 2053 1620 2074 semen
1638 2050 1762 2072 sanetum
1778 2048 1806 2072 et

1021 2095 1136 2123 electum
1157 2093 1274 2122 vocavit.
1287 2127 1290 2131 .

1056 2185 1140 2212 Vens.
1158 2184 1199 2212 l0.
1217 2193 1227 2210 ι
1247 2184 1282 2212 Ει
1302 2188 1381 2220 erunt
1398 2183 1424 2210 in
1439 2183 1508 2211 saltu
1530 2182 1615 2210 caulae
1634 2187 1758 2216 gregum,
1776 2183 1805 2207 et

179 2234 291 2270 φάραγξ
312 2235 400 2272 Ἀχὼρ
414 2236 454 2268 εἰς
463 2236 615 2263 ἀνάπαυσιν
629 2236 774 2272 βουκολίων
784 2226 824 2272 τῷ
832 2237 889 2272 λαῷ
904 2246 965 2273 μου,

1027 2232 1101 2259 vallis
1117 2231 1207 2259 Achor
1226 2232 1251 2257 in
1274 2230 1394 2265 requiem
1413 2234 1600 2257 armentorum
1619 2227 1718 2262 populo
1733 2233 1806 2258 meo,

179 2279 207 2307 οῖ
233 2280 369 2317 ἐζήτησάν
386 2290 453 2317 με.)
475 2281 584 2318 Δρυμὸν
607 2282 636 2309 δέ
659 2282 754 2310 εἴωθεν
779 2284 796 2319 ἡ
819 2283 914 2320 Γραφὴ
936 2284 968 2311 τὺ

178 2326 284 2362 πλῆθος
296 2327 350 2354 τῶν
362 2327 519 2363 ἀλλοφύλων
530 2329 623 2356 καλεῖν
637 2328 684 2356 καὶ
703 2329 855 2364 ἀλλογενῶν
865 2329 950 2357 ἐθνῶν
959 2338 966 2346 ·

178 2373 209 2399 ἐν
221 2370 262 2405 οἷς
279 2373 406 2406 ἐπαύλεις
426 2374 558 2410 ποιμνίων
571 2374 680 2402 ἔσεσθαι
693 2375 835 2408 θεσπίζει,
856 2375 904 2408 τὰς
921 2377 968 2403 ἐκ·-

178 2417 293 2454 κλησίας
305 2419 360 2446 τῶν
373 2419 422 2446 τοῦ
443 2419 511 2447 Θεοῦ
526 2420 669 2456 προὸἀτων
686 2422 879 2458 αἰνιττόμενος.
896 2422 968 2454 Λαὸς

177 2464 207 2493 δὲ
217 2466 231 2493 ὁ
247 2459 399 2502 ἐκζητήσας
409 2466 490 2493 αὑτὸν
502 2467 516 2493 ὸ
531 2466 587 2503 ρὼξ
600 2464 634 2503 ἦν
649 2467 697 2498 καὶ
713 2467 744 2494 τὺ
750 2467 879 2504 ἀνωτέρω
891 2469 968 2505 είρη-

179 2510 260 2546 μένον
278 2511 389 2546 σπέρμα
408 2511 433 2537 οι
458 2511 582 2540 ἐκλεκτοὶ
601 2512 706 2540 δοῦλοι·
722 2506 766 2540 ’δι”
777 2509 815 2541 ὧν
840 2513 967 2549 βουκόλια

178 2555 248 2591 βοῶν
269 2556 317 2583 καὶ
342 2556 455 2591 ποίμνια
475 2558 660 2593 συστήσασθαι
676 2559 727 2586 οὐκ
741 2559 770 2585 ἐν
791 2558 830 2594 τῷ
850 2559 968 2595 Ἰσραὴλ,

177 2602 237 2629 οὐδὲ
248 2603 277 2629 ἐν
292 2604 325 2638 τῇ
346 2602 480 2630 Ἰουδαίων
492 2603 580 2640 χώρᾳ,
593 2604 661 2632 ἀλλὰ
676 2605 705 2632 ἐν
718 2605 758 2640 τῷ
772 2605 867 2642 δρυμῷ
880 2606 926 2633 καὶ
937 2605 967 2633 ἐν

154 2675 158 2682 _
176 2649 210 2684 τῇ
226 2647 352 2688 λεχθείσῃ
369 2649 492 2684 φάραγγι
514 2650 603 2686 ’Δχὼρ
614 2651 790 2687 προφητεύει.

155 2687 159 2736 ξ
215 2687 230 2720 «⁷
248 2694 342 2730 Ὑμεῖς
366 2694 394 2721 δὲ
412 2694 437 2720 οί
453 2695 683 2730 ἐγκαταλιπόντες
700 2705 745 2732 με,
761 2697 808 2724 καὶ
823 2696 967 2724 ἐπιλανθα-

176 2740 284 2776 νόμενοι
300 2741 330 2767 τὸ
347 2740 410 2777 ὅρος
425 2741 456 2768 τὺ
474 2740 552 2776 ἅγιόν
569 2750 635 2778 μου,
658 2742 706 2770 καὶ
723 2742 912 2778 ἐτοιμάξοντες
927 2743 966 2779 τῷ

176 2787 307 2823 δαιμονίῳ
334 2787 494 2824 τράπεζαν.
520 2788 569 2815 καὶ
595 2788 760 2824 πληροῦντες
780 2790 814 2825 τῇ
833 2789 902 2825 τύχῃ
921 2789 966 2817 κέ-

178 2842 281 2869 ρασμα.
302 2833 372 2868 Ἐγὼ
385 2833 541 2870 παραδώσω
555 2834 628 2870 ὑμᾶς
644 2836 683 2867 είς
696 2836 848 2872 μάχαιραν·
867 2836 966 2869 πάντες

176 2879 206 2906 ἐν
221 2880 311 2916 σφαγῇ
323 2879 448 2907 mesico:
459 2889 465 2895 '
485 2881 526 2907 ὅτι
543 2881 660 2909 ἐκάλεσα
676 2882 758 2918 ὑμᾶς,
780 2883 826 2911 καὶ
836 2883 884 2919 οὐχ
901 2883 966 2919 ὑπη-

1022 2279 1067 2314 qui
1080 2279 1244 2314 quaesierunt
1256 2284 1308 2304 me.
1324 2286 1333 2303 ι
1344 2276 1420 2304 Solet
1435 2276 1576 2310 Scriptura
1594 2274 1805 2308 alienigenarum

1022 2330 1050 2353 et
1064 2330 1254 2353 eatranearum
1267 2323 1384 2359 gentium
1399 2322 1600 2350 multitudinem
1612 2320 1710 2348 saltum
1723 2325 1805 2345 voca-

1023 2379 1062 2405 re,
1080 2372 1106 2399 in
1122 2371 1220 2406 quibus
1240 2371 1332 2398 caulas
1349 2377 1459 2405 gregum
1484 2368 1542 2395 fore
1565 2366 1741 2396 vaticinatur,
1757 2363 1805 2391 Dei

1015 2417 1107 2448 ovium
1128 2416 1256 2445 ecclesias
1281 2416 1465 2444 subindicans.
1486 2413 1603 2448 Populus
1619 2420 1684 2440 vero
1698 2411 1744 2446 qui
1758 2417 1806 2438 cx-

1017 2465 1128 2502 quisivit
1139 2471 1212 2495 eum,
1227 2463 1320 2490 acinus
1330 2466 1401 2494 erat,
1421 2466 1448 2489 et
1461 2468 1552 2488 semen
1569 2459 1692 2494 superius
1703 2464 1806 2485 memo-

1019 2517 1107 2540 ratum
1120 2530 1128 2542 ,
1145 2510 1224 2537 electi
1250 2509 1308 2544 ejus
1327 2509 1419 2536 famuli
1435 2515 1442 2535 :
1459 2515 1575 2543 quorum
1600 2515 1682 2542 opera
1712 2505 1806 2534 caulas

1017 2558 1099 2586 boum
1118 2560 1145 2583 et
1164 2555 1244 2582 ovilia
1262 2555 1355 2582 nonin
1374 2553 1484 2586 lsraele,
1500 2561 1586 2589 neque
1596 2554 1622 2580 iu
1638 2553 1740 2585 Judtea,
1757 2552 1805 2580 sed

1019 2603 1046 2631 in
1059 2603 1128 2631 saltu
1151 2607 1178 2629 et
1200 2602 1226 2629 iu
1250 2606 1398 2628 memorata
1416 2600 1486 2628 valle
1507 2599 1597 2628 Achor
1616 2599 1805 2626 constituenda

1019 2657 1080 2678 esse
1094 2649 1269 2684 praenuntiat.
1471 2683 1474 2685 ἓ
1768 2670 1771 2673 .

1054 2696 1137 2724 Vsus.
1156 2695 1200 2728 Η,
1219 2695 1263 2722 12.
1278 2703 1287 2720 ι
1304 2693 1357 2721 Vos
1370 2698 1473 2725 autem,
1487 2693 1533 2728 qui
1548 2691 1731 2728 dereliquistis
1751 2699 1803 2725 me.

1018 2748 1045 2771 et
1058 2742 1134 2770 obliti
1148 2741 1214 2769 estis
1221 2741 1320 2768 montis
1331 2741 1415 2768 sancti
1429 2740 1492 2772 mei,
1504 2739 1549 2774 qui
1562 2739 1663 2774 paratis
1674 2738 1806 2766 damouio

1020 2797 1152 2822 mensam,
1169 2795 1197 2816 et
1211 2789 1255 2823 qui
1274 2788 1392 2823 impletis
1408 2788 1522 2815 fortuna;
1538 2787 1663 2815 libamen.
1675 2787 1730 2823 Ego
1751 2792 1805 2814 tra-

1021 2838 1082 2864 dam
1104 2844 1152 2863 vos
1176 2836 1202 2863 in
1221 2834 1339 2870 gladium
1362 2844 1368 2862 :
1389 2841 1484 2862 omnes
1505 2834 1531 2860 in
1556 2833 1628 2861 corde
1649 2835 1781 2861 corruetis
1795 2841 1804 2858 :

1021 2883 1148 2918 quoniam
1160 2882 1252 2910 vocavi
1265 2889 1322 2916 vos,
1337 2885 1363 2909 et
1375 2889 1427 2910 nou
1444 2880 1607 2914 audivistis;
1622 2881 1726 2909 locutus
1734 2887 1804 2913 sum,
