2061 3215
310 178 358 206 5H

645 177 781 207 EUSEBll
800 178 1039 208 CESARIENSIS
1056 179 1132 208 OPP.
1152 177 1243 206 PARS
1261 177 1305 206 Ill.
1325 193 1360 199 —
1376 176 1582 207 EXEGETICA.

1884 176 1940 207 τις

308 241 336 265 et
351 236 564 273 Eonteutpsistis,
573 241 599 265 et
610 236 713 265 fecistis
728 238 824 266 malum
834 239 859 266 in
867 245 1013 274 conspectu
1023 248 1091 272 meo.

1147 239 1262 266 κούσατε
1270 238 1336 274 (ΔΞΥ
1344 238 1462 274 ἐλάλησα
1470 239 1517 266 καὶ
1526 238 1730 274 παρηκοὺσατε,
1737 238 1785 265 καὶ
1790 237 1923 274 ὲποιήσατ
1933 250 1936 255 ι

308 289 336 312 et.
348 292 408 319 quae
430 284 554 311 nolebam
571 284 701 319 elegistis.
722 294 731 310 ν
750 285 882 317 Quoniam
904 294 953 320 ego
973 286 1029 321 ipse
1048 287 1093 320 qui

308 338 356 358 vos
373 331 517 365 przesentia
538 338 596 357 mea
619 330 714 365 dignos
738 331 837 364 habui,
864 339 912 358 vos
929 331 1033 366 priores
1048 339 1095 366 per

309 377 499 411 memetipsmn
521 377 625 408 vocavi.
651 384 699 404 vos
720 382 811 404 autem
835 385 888 404 non
909 378 1067 405 obedivistis
1086 386 1092 404 :

307 431 389 458 quam
406 423 470 450 item
484 423 703 451 criminationem
722 424 798 458 prius
813 422 959 451 efferebam
979 424 1020 451 his
1035 432 1095 450 vcr-

307 470 359 503 bis,
377 479 385 495 ‹
408 470 475 504 Quia
490 470 562 502 veni,
578 474 606 497 et
625 478 678 497 non
690 470 756 497 erat'
764 470 861 503 homo;
875 471 980 504 vocavi,
1000 475 1028 498 et
1042 479 1094 498 non

307 520 366 543 erat
381 517 427 551 qui
449 516 566 543 audiret.
582 526 591 542 ι
608 515 726 544 Rursum
742 516 768 543 in
785 517 912 552 populum
932 517 1000 544 tales
1012 523 1077 544 accn
1088 533 1094 537 -

307 562 426 589 sationes
449 562 576 594 instituit,
594 561 694 588 docens
712 569 760 593 se,
780 566 871 596 utpote
887 561 983 593 Deum,
1000 561 1046 595 qui
1061 562 1095 588 ad

303 607 416 640 justitize
428 607 554 634 trutinam
568 607 658 635 omnia
682 607 776 639 faciat,
795 614 932 642 nunquam
958 607 1096 642 neglectur—

307 661 366 681 rum
382 661 429 681 eos
448 661 521 686 esse,
540 654 587 689 qui
603 653 654 681 sibi
670 653 767 688 quovis
782 653 809 680 in
831 653 891 681 loco
915 653 1047 686 serviant,
1061 661 1094 680 ex

305 708 470 736 quacunque
491 706 571 736 gentle
596 700 708 728 fuerint.
729 699 829 728 Omnes
847 701 964 736 quippe,
980 701 1026 736 qui
1043 701 1094 727 sibi

306 747 411 774 servire
432 751 599 781 proponunt,
617 746 703 774 salute
718 746 810 773 donat.
828 746 902 781 Ipsos
917 747 1000 782 igitur
1018 747 1095 774 exci—

306 793 376 828 piet,
392 801 424 820 ac
441 794 475 821 iis
495 793 633 821 cmlestem
655 793 744 821 cibum
761 794 957 829 suppeditabit,
976 794 1096 822 salutare

306 846 405 873 nempe
420 839 550 871 Verbum,
569 838 641 874 quod
653 838 701 871 ait,
717 847 726 864 ‹
748 838 804 872 Ego
818 847 877 866 sum
895 839 983 874 panis,
1000 839 1044 873 qui
1062 839 1095 867 de

307 884 377 912 caelo
392 884 519 913 descendi
532 885 565 912 “.
582 895 591 911 ›
610 885 642 912 Ει
669 885 696 912 1ιί
725 885 833 920 quidem
860 890 1011 913 memorato
1027 893 1095 919 pane

306 931 462 958 nutrientur
476 935 504 959 et
516 931 728 963 saturabuntur;
745 939 794 959 vos
811 936 913 963 autem,
938 931 1035 966 inquit,
1050 932 1095 966 qui

306 977 422 1013 gratiam
436 986 521 1005 meam
537 985 590 1005 non
605 978 775 1012 suscepistis,
796 977 966 1006 rationabilis
980 978 1033 1005 cibi
1047 985 1095 1013 pe-

306 1024 384 1050 nuria
397 1024 525 1051 esurietis
538 1033 545 1051 :
561 1024 680 1059 itemque
694 1024 739 1059 qui
754 1024 819 1051 mihi
840 1023 962 1051 serviunt
982 1024 1095 1051 immor-

304 1069 369 1097 talis
398 1070 460 1098 vita:
487 1075 550 1105 potu
576 1070 764 1105 replebuntur,
790 1070 824 1098 de
845 1077 899 1105 quo
922 1070 1024 1098 dictum
1040 1075 1093 1102 est,

307 1125 317 1141 I
338 1116 499 1151 Quicunque
518 1116 617 1144 biberit
635 1124 669 1144 ex
688 1125 758 1151 aqua
780 1124 861 1152 quam
883 1124 933 1150 ego
954 1117 1023 1144 dabo
1047 1117 1072 1145 ei
1085 1138 1092 1148 ,

304 1161 352 1190 ﬁet
368 1162 396 1190 in
409 1170 441 1191 eo
455 1163 514 1191 fons
528 1171 604 1198 aquae
617 1164 741 1192 salientis
755 1164 782 1191 in
795 1163 878 1190 vitam
892 1164 1064 1191 mternam“.
1082 1174 1091 1190 ι

297 1241 301 1261 ί
338 1252 422 1280 Vens.
439 1253 531 1282 15-15.
544 1264 553 1279 ι
569 1253 715 1289 Propterea
725 1254 783 1282 haec
795 1254 861 1283 dicit
875 1255 1015 1287 Dominus.
1026 1254 1095 1282 Ecce

303 1297 349 1333 qui
365 1299 486 1326 serviunt
499 1300 567 1327 mihi
590 1300 750 1334 comedent;
765 1308 814 1328 vos
836 1306 926 1328 autem
940 1302 1068 1329 esurietis
1085 1310 1091 1327 :

303 1353 367 1373 ecce
375 1347 420 1380 qui
429 1347 551 1374 serviunt
561 1348 627 1374 mihi
636 1347 740 1380 bibent,
747 1355 796 1376 vos
805 1353 894 1376 autem
905 1349 1005 1376 sitietis
1015 1355 1094 1376 :ecce

303 1392 350 1427 qni
370 1392 496 1420 serviunt
511 1393 577 1420 mihi
596 1393 768 1427 lzetabuntur,
780 1401 828 1421 vos
837 1399 926 1422 autem
944 1394 1093 1422 confunde-

304 1438 371 1465 ntini
388 1447 396 1465 :
415 1445 479 1466 ecce
491 1439 537 1474 qui
552 1439 673 1467 serviunt
684 1439 750 1468 mihi
762 1440 938 1468 exsultabunt
949 1441 976 1469 in
991 1441 1091 1474 laetitia,

303 1491 352 1511 vos
363 1488 454 1511 autem
466 1484 619 1512 clamabitis
632 1490 743 1520 propter
759 1485 879 1513 dolorem
894 1487 985 1514 cordis
999 1487 1091 1521 vestri,

303 1534 352 1556 eta
364 1530 528 1558 contritione
541 1531 652 1566 spiritus
664 1532 748 1559 vestri
765 1532 911 1562 ululabilis.
923 1533 1092 1570 Relinquetis

1111 914 1132 941 Β

304 1576 376 1603 enim
395 1584 492 1604 nomen
509 1582 630 1605 vestrum
644 1579 670 1605 in
693 1579 866 1606 saturitatem
888 1580 982 1608 electis
1002 1581 1088 1615 meis;
1105 1595 1126 1624 ρ

302 1627 351 1647 vos
367 1626 457 1648 autem
485 1622 631 1651 interﬁciet
655 1623 809 1652 Dominus:
834 1625 1016 1653 servientibus
1040 1633 1089 1653 au-

303 1669 358 1693 tem
379 1667 445 1693 mihi
463 1668 606 1695 vocabitur
623 1676 720 1697 nomen
742 1678 852 1697 novum.
873 1680 883 1697 ι
903 1671 981 1705 Quod
1000 1671 1022 1699 si
1039 1680 1089 1699 cu-

302 1710 375 1738 riose
396 1715 506 1746 agentes
520 1712 643 1740 ediscere
658 1714 774 1748 cupiatis
793 1716 905 1750 quinam
922 1716 987 1743 mihi
1004 1717 1091 1743 servi-

302 1757 355 1784 turi
370 1757 435 1790 sint,
450 1762 478 1786 et
490 1759 560 1793 quod
573 1759 626 1787 illis
636 1761 673 1787 sit
687 1768 795 1793 nomen.
812 1762 909 1790 scitote
923 1763 1006 1790 Deum
1024 1771 1090 1791 non-

302 1803 367 1830 dum
380 1804 499 1839 ipsarum
513 1812 611 1833 nomen
625 1806 714 1841 palam
735 1806 832 1835 etlerrc
848 1808 928 1842 velle,
945 1810 992 1836 sed
1007 1809 1033 1836 id
1049 1817 1091 1837 so-

301 1847 439 1877 lummodo
463 1850 631 1886 signiﬁcare,
654 1853 726 1887 quod
752 1861 842 1888 neque
866 1854 951 1882 Israel
975 1856 1089 1883 vocandi

301 1895 366 1927 sint,
406 1903 494 1931 neque
527 1896 633 1931 Iacob,
661 1906 749 1932 neque
778 1899 885 1932 Judaai,
908 1908 997 1936 neque
1038 1902 1090 1929 alio

300 1938 427 1973 quopiam
445 1940 613 1975 {hominibus
645 1948 709 1970 noto
732 1943 873 1972 vocabulo.
889 1944 993 1973 Novum
1017 1947 1089 1973 enim

301 1985 435 2018 quoddam
446 1993 478 2013 ac
488 1988 707 2016 recentissimum
718 1997 815 2017 nomen
831 1990 1002 2026 imponetur;
1017 1992 1092 2020 illud-

300 2035 354 2061 que
366 2028 495 2061 insolens,
512 2038 544 2058 ac
564 2039 700 2066 nunquam
721 2033 789 2060 alias
804 2034 939 2067 auditum,
955 2035 1027 2070 quod
1043 2036 1091 2063 be-

301 2072 442 2114 nedicetur
460 2075 486 2102 in
503 2080 586 2109 terra,
597 2083 735 2105 accrescet
747 2079 822 2113 item,
833 2085 861 2107 et
872 2080 1091 2116 multiplicabitur

301 2124 356 2151 pra:
368 2120 441 2146 omni
461 2122 595 2155 corporali
619 2123 815 2152 benedictione.
837 2125 903 2153 Nam
921 2127 943 2154 si
967 2135 1019 2162 qua
1039 2128 1089 2154 alia

301 2164 430 2198 augenda:
444 2166 608 2194 multitudini
621 2173 682 2203 apta
694 2169 741 2196 Dei
755 2170 908 2198 benedictio
923 2173 1091 2205 t'uerit,hanc

300 2207 365 2236 item
386 2217 566 2246 consequetur
586 2221 684 2241 nomen
699 2215 785 2242 servis
804 2217 870 2244 meis
889 2217 1088 2252 imponendum.

1145 284 1175 310 τὸ
1200 285 1317 320 πονηρὸν
1332 286 1452 313 ἐναντίον
1467 285 1547 321 ἐμοῦ,
1566 285 1613 312 καὶ
1629 285 1646 312 ἃ
1661 285 1710 312 οὐκ
1731 285 1884 321 ἐϐουλόμην
1894 286 1932 320 ἐξ·

1145 330 1282 363 ελέξασθε.
1298 341 1306 357 ι
1317 331 1424 368 Ἐπειδὴ
1432 331 1512 363 αὐτὸς
1524 331 1578 366 ἐγὼ
1592 332 1641 367 τῆς
1657 331 1776 366 ἐμαυτοῦ
1787 332 1932 368 παρουσῐαι

1145 376 1319 410 καταξιώσας
1335 378 1409 409 ὑμᾶς
1427 377 1526 409 αὐτοὺς
1537 377 1661 414 πρώτους
1675 378 1748 413 ὑμᾶς
1767 377 1801 404 δι’
1817 378 1932 413 ὲμαυτο”

1145 422 1278 458 κέκληκα·
1297 424 1376 459 ὑμεῖς
1392 423 1420 450 δὲ
1433 424 1482 459 οὐχ
1493 423 1667 454 ὑπηκούσατε
1677 432 1684 438 ”
1698 424 1739 450 ("nt
1752 423 1800 450 καὶ
1814 423 1870 459 πρὸ
1879 424 1925 450 τοὺ

1145 478 1192 496 του
1206 470 1331 506 ᾐτιώμην
1348 471 1445 505 λέγων·
1462 481 1471 496 ‹
1484 470 1556 497 Διότι
1571 468 1662 506 ἦλθον,
1677 471 1725 497 καὶ
1736 470 1785 497 οὐκ
1792 468 1826 506 ἦν
1837 470 1932 506 ἄνθρω

1146 525 1208 548 πος·
1226 517 1354 550 ἐκάλεσα,
1370 517 1418 543 καὶ
1429 517 1478 543 οὐκ
1489 514 1523 552 ἦν
1539 518 1552 543 ὁ
1567 517 1722 544 ὑπακούων.
1743 527 1752 543 ι
1772 517 1857 544 Πάλιν
1871 517 1936 553 πρὸς

1145 561 1191 588 τὸν
1211 561 1275 589 λαὸν
1295 562 1344 594 τὰς
1363 561 1548 597 προκειμένας
1565 563 1682 588 ποιεῖται
1701 561 1880 598 κατηγορίας,
1898 561 1929 588 δι-

1145 607 1263 639 δάσκων,
1290 608 1328 639 ὡς
1350 607 1523 644 δικαιοσύνης
1547 607 1621 643 ζυγῷ
1635 608 1725 635 πάντα
1739 607 1879 643 πράττων,
1899 607 1936 640 ὡς

1145 652 1222 683 Θεὸς,
1232 651 1356 687 οὐδαμῶς
1372 652 1421 687 μὲν
1433 652 1587 687 παρόψεται
1600 653 1663 684 τοὺς
1673 653 1735 679 ὅποι
1747 652 1848 688 δήποτε
1862 652 1936 688 αὖτῷ

1145 697 1333 730 δουλεύοντας,
1355 697 1384 731 ὲξ
1404 698 1461 725 οἴου
1478 699 1500 725 δ’
1515 698 1549 725 ἃν
1565 698 1659 731 ἔθνους
1674 696 1739 726 εἷεν.
1757 699 1865 731 Πάντας
1881 699 1937 736 γὰρ

1147 744 1239 776 ἁπλῶς
1253 744 1379 777 διασώζει
1391 746 1455 777 τοὺς
1476 745 1610 772 δουλεύειν
1629 745 1703 781 αὐτῷ
1718 746 1937 784 προῃρημένους.

1146 790 1331 826 Παραδέξεται
1347 789 1404 822 οὖν,
1424 792 1471 819 καὶ
1493 791 1598 824 τούτοις
1614 792 1728 828 παρέξει
1750 792 1799 828 τὴν
1819 793 1935 829 ἐπουράτ

1146 846 1201 864 ww
1218 838 1331 873 τροφὴν,
1349 838 1495 872 τὸν-Λόγον
1512 838 1560 865 τὸν
1581 840 1714 875 σωτήριον
1728 839 1774 866 τὸν
1791 839 1936 876 εἰρηκότα·

1149 896 1158 912 ι
1181 886 1251 920 Ἑγώ
1271 887 1328 921 εὶμι
1350 886 1365 912 ὁ
1386 886 1468 921 ἄρτος
1491 887 1505 913 ὁ
1526 887 1558 913 ὲκ
1577 887 1624 914 τοῦ
1639 887 1753 923 οὐρανοῦ
1768 887 1902 920 καταϐάς.
1923 898 1934 914 ι

1146 926 1225 957 Οὗτοι
1249 931 1298 966 μὲν
1321 928 1366 958 οὖν
1389 931 1428 967 τῷ
1451 931 1571 967 λεχθέντι
1588 933 1663 969 ἄρτῳ
1684 933 1870 969 τραφήσονται
1890 933 1936 960 καὶ

1146 977 1392 1014 ἐμπλησθήσονται⁸
1402 978 1480 1013 ὑμεῖς
1490 978 1529 1010 δὲ,
1539 979 1615 1013 φησὶ,
1624 979 1648 1005 οἱ
1661 978 1697 1014 μὴ
1705 979 1754 1015 τὴν
1762 979 1832 1015 ἐμὴν
1841 979 1937 1006 ὑποδε-

1146 1024 1258 1059 ξάμενοι
1272 1024 1362 1061 χάριν,
1377 1025 1466 1061 ἐνδείᾳ
1483 1025 1595 1061 λογικῆς
1607 1026 1710 1061 τροφῆς
1720 1025 1870 1061 λιμὼξετε·
1889 1025 1936 1053 καὶ

1145 1071 1228 1097 πάλιν
1240 1071 1264 1097 οί
1281 1071 1331 1106 μὲν
1349 1071 1411 1107 ἐμοὶ
1424 1071 1596 1103 δουλεύοντες
1613 1071 1694 1098 πότου
1710 1072 1782 1107 ζωῆς
1799 1071 1934 1099 ἀθανάτου

1145 1117 1364 1153 πλησθήσονται,
1385 1118 1449 1153 περὶ
1470 1114 1500 1144 οὗ
1520 1117 1642 1145 λέλεκται
1654 1126 1661 1133 '
1682 1127 1691 1144 ι
1711 1119 1759 1150 ὀς
1774 1117 1808 1145 ἂν
1832 1118 1883 1154 πίῃ
1903 1118 1936 1145 ὲκ

1144 1164 1191 1191 τοῦ
1208 1164 1313 1196 ὓδατος,
1328 1160 1358 1191 οὗ
1383 1164 1437 1199 ἐγὼ
1454 1164 1532 1192 δώσω
1547 1164 1630 1200 αὐτῷ,
1645 1165 1789 1201 γενήσεται
1808 1166 1837 1192 ἒν
1860 1165 1936 1202 αὐτῷ

1144 1211 1219 1246 πηγὴ
1235 1210 1329 1242 ὓδατος
1344 1210 1489 1246 ἁλλομένου
1501 1211 1540 1241 εἰς
1556 1210 1628 1247 ζωὴν
1638 1211 1756 1239 αἰώνιον.
1768 1220 1778 1236 ι

1181 1265 1190 1281 ‹
1218 1256 1268 1282 Διά
1290 1256 1368 1283 τοῦτο
1387 1257 1450 1283 τάδε
1474 1257 1547 1291 λέγει
1565 1257 1680 1293 Κύριος·
1702 1258 1768 1285 Ἰδοὺ
1782 1258 1806 1284 οἱ
1822 1257 1932 1285 δουλεύ-

1142 1303 1217 1334 οντές
1236 1312 1281 1338 μοι
1302 1303 1450 1338 φάγονται,
1467 1304 1544 1339 ὑμεῖς
1556 1304 1584 1331 δὲ
1598 1304 1752 1331 πεινάσετε·
1772 1304 1826 1332 ίδοὺ
1837 1304 1933 1332 01600-

1142 1348 1265 1381 λεύοντὲς
1279 1358 1324 1385 μοι
1340 1350 1458 1382 πίονται,
1475 1350 1554 1385 ὑμεῖς
1573 1350 1601 1377 δὲ
1612 1350 1755 1386 διψήσετε·
1770 1351 1825 1378 ἰδοὺ
1838 1351 1863 1378 οἱ
1873 1351 1933 1378 δου-

1142 1393 1265 1426 λεύοντες
1277 1404 1320 1430 μοι
1331 1395 1572 1431 εὐφρανθήσονται,
1580 1396 1660 1432 ὑμεῖς
1672 1397 1700 1423 δὲ
1709 1396 1930 1434 αίσχυνθήσεσθε·

1144 1439 1198 1466 ἰδοὺ
1218 1440 1241 1466 οἱ
1256 1440 1426 1473 δουλεύοντες
1443 1450 1488 1477 μοι
1502 1442 1710 1476 ἀγαλλιάσονται
1726 1443 1756 1470 ὲν
1767 1443 1931 1480 εὐφροσύνῃ,

1142 1486 1221 1521 ὑμεῖς
1237 1485 1265 1513 δὲ
1277 1486 1442 1523 κεκράξεσθε
1454 1487 1497 1515 διὰ
1510 1494 1556 1515 τον
1571 1489 1651 1515 πόνον
1658 1489 1708 1525 τῆς
1717 1489 1832 1526 καρδίας
1844 1490 1929 1526 ὑμῶν,

1142 1532 1188 1558 καὶ
1203 1532 1258 1559 ἀπὸ
1279 1533 1425 1569 συντριὸἦς
1443 1533 1596 1569 πνεύματος
1611 1534 1687 1570 ὑμῶν
1706 1535 1856 1569 ὀλολύξετε.
1872 1536 1931 1563 Κα-

1142 1577 1284 1612 ταλείψετε
1301 1578 1356 1615 γὰρ
1379 1579 1408 1605 τὸ
1429 1578 1515 1615 ὄνομα
1538 1580 1615 1616 ὑμῶν
1636 1581 1676 1611 είς
1704 1580 1864 1616 πλησμονὴν
1877 1581 1932 1613 τοϊς

1141 1623 1280 1656 ἐκλεκτοῖς
1301 1633 1351 1659 μου
1361 1633 1367 1639 ·
1386 1624 1459 1660 ὑμᾶς
1473 1625 1501 1652 δὲ
1522 1625 1612 1652 ἀνελεῖ
1625 1624 1742 1661 Κύριος·
1758 1626 1815 1657 τοῖς
1830 1625 1859 1652 δὲ
1873 1625 1932 1652 δου-

1140 1669 1248 1695 λεύουσί
1260 1678 1304 1704 μοι
1312 1670 1477 1707 κληθήσεται
1486 1672 1571 1707 ὄνομα
1578 1672 1679 1698 καινόν.
1688 1682 1697 1697 ι
1709 1671 1739 1698 El
1751 1671 1779 1698 δὲ
1788 1671 1930 1707 περιεργό-

1140 1724 1218 1752 τερον
1231 1716 1347 1743 ὲθέλοιτε
1361 1717 1456 1752 μαθεῖν
1465 1718 1537 1749 τίνες
1547 1716 1601 1745 εἷεν
1608 1719 1632 1745 οί
1640 1718 1780 1753 μέλλοντες
1786 1717 1930 1751 δουλεύειν,

1141 1762 1188 1789 καὶ
1210 1762 1236 1788 τί
1254 1763 1347 1795 αὐτοῖς
1366 1763 1467 1799 ὄνομα,
1489 1763 1638 1798 γινώσκετε
1649 1784 1657 1797 ,
1676 1764 1717 1791 ὅτι
1735 1763 1811 1791 οὔπω
1826 1764 1877 1800 μὲν
1891 1766 1931 1797 εἰς

1142 1809 1257 1844 φανερὸν
1270 1809 1388 1845 τοῦνομα
1398 1810 1486 1840 αὑτῶν
1497 1811 1510 1837 ὁ
1527 1810 1592 1841 Θεὸς
1604 1810 1729 1845 βούλεται
1740 1811 1854 1845 ἀγαγεῖν
1866 1819 1873 1826 ·
1888 1820 1932 1838 το-

1144 1855 1237 1881 σοῦτον
1252 1855 1280 1882 δὲ
1293 1855 1372 1891 μόνον
1389 1856 1526 1891 σημαίνει,
1543 1856 1581 1888 ὡς
1593 1856 1654 1883 οὔτε
1673 1856 1779 1892 Ἰσραὴλ
1788 1856 1931 1893 κληθήσον-

1142 1910 1204 1933 ται,
1224 1901 1287 1928 οὑτε
1305 1901 1412 1934 Ἰακὼϐ,
1439 1902 1501 1929 οὔτε
1522 1902 1653 1935 Ἰουδαῖοι,
1679 1903 1740 1930 οὕτε
1753 1903 1823 1935 ὅλως
1835 1911 1863 1930 τι
1877 1902 1930 1929 τῶν

1142 1947 1296 1984 ἀνθρώποις
1310 1949 1547 1984 συνεγνωσμένων.
1563 1949 1664 1977 Καινὸν
1678 1950 1733 1986 γάρ
1740 1959 1766 1976 τι
1774 1950 1822 1977 καὶ
1831 1949 1930 1977 νεώτα-

1140 2002 1186 2020 τον
1202 1994 1295 2026 αὐτοῖς
1308 1994 1497 2030 ὲπιτεοήσεται
1519 1995 1615 2030 ὄνομα,
1632 1995 1717 2029 ξένον,
1742 1995 1789 2023 καὶ
1802 1995 1929 2032 μηδεπώ-

1141 2049 1206 2067 ποτε
1221 2041 1363 2075 ἀκουσθὲν,
1377 2042 1391 2069 ὃ
1401 2042 1612 2078 εὐ).ογηθήσεται
1630 2043 1676 2070 ἐπὶ
1691 2043 1740 2078 τῆς
1755 2043 1807 2078 γῆς
1819 2042 1929 2075 αὐξανὸ-

1143 2094 1233 2120 μενον,
1248 2086 1295 2112 καὶ
1306 2086 1507 2122 πληθυνόμενον
1521 2087 1590 2123 ὑπὲρ
1607 2088 1698 2114 πᾶσαν
1716 2087 1875 2124 σωματικὴν
1886 2088 1929 2115 εὖ·

1141 2131 1244 2166 λογίαν.
1258 2133 1290 2159 Εἰ
1302 2133 1356 2168 γάρ
1370 2142 1411 2165 τις
1421 2134 1467 2160 καὶ
1477 2133 1544 2168 ἄλλη
1559 2133 1677 2169 πλήθους
1687 2134 1815 2170 ποιητικὴ
1830 2134 1929 2170 τυγχά-

1141 2186 1180 2203 νει
1200 2178 1233 2203 ὲκ
1247 2178 1314 2205 Θεοῦ
1340 2178 1460 2213 εὐλογία,
1484 2179 1588 2215 ταύτης
1606 2179 1730 2213 τεύξεται
1746 2180 1776 2207 τὸ
1794 2179 1880 2216 ὄνομα
1900 2180 1929 2207 τὸ

1141 2221 1285 2257 ἐπιτεθησό
1289 2231 1368 2257 μενον
1381 2224 1436 2255 τοῖς
1447 2223 1602 2250 δουλεύουσί
1621 2233 1666 2260 μοι

337 2256 420 2285 Vens.
436 2257 480 2290 16,
504 2258 548 2286 17.
568 2269 577 2285 ι
591 2252 754 2288 Benedicent
776 2263 847 2290 enim
874 2263 929 2291 Deo
952 2272 1018 2292 vero
1038 2270 1087 2292 :et

1177 2273 1186 2290 ι
1212 2252 1394 2301 Εὐιλογήσουσι
1410 2252 1464 2303 γάρ
1480 2268 1526 2295 τὸν
1541 2268 1608 2295 Θεὸν
1621 2252 1668 2296 τὸν
1682 2269 1824 2305 ἀληθινόν
1842 2271 1890 2297 καὶ
1903 2270 1927 2297 οἰ

298 2304 344 2338 qui
370 2303 464 2338 jurant
490 2304 517 2331 in
543 2309 625 2338 terra,
648 2305 780 2340 jurabunt
803 2316 851 2343 per
869 2308 953 2336 Deum
981 2317 1085 2339 verum.

297 2347 498 2377 ()bliviscentur
521 2350 593 2378 enim
623 2353 804 2381 tribulationis
837 2354 947 2389 prima),
979 2360 1007 2382 et
1033 2363 1086 2383 non

296 2395 424 2427 ascendet
439 2395 466 2422 in
484 2404 532 2424 cor
548 2405 653 2425 eorum.
668 2398 724 2425 Erit
744 2400 815 2426 enim
832 2401 930 2428 malum
945 2409 1042 2429 novum
1059 2407 1087 2429 et

296 2445 369 2468 terra
387 2449 468 2476 nova,
482 2451 532 2471 nec
549 2445 764 2473 recordabuntur
780 2447 910 2481 priorum,
927 2455 977 2475 nec
995 2448 1085 2489 veniet

281 2488 323 2515 'in
339 2496 386 2516 cor
405 2496 508 2516 eorum.
522 2499 532 2516 ι
558 2489 626 2518 Nam
640 2491 706 2519 alias
720 2499 781 2519 cum
805 2496 868 2520 tunc
882 2493 981 2521 ccelum
999 2495 1086 2530 suspi-

295 2538 407 2568 cerent,
433 2543 490 2562 rem
516 2542 635 2564 creatam
661 2538 785 2566 colebant
811 2546 866 2573 prae
889 2539 1035 2573 Creatore,
1059 2546 1087 2568 ct

296 2583 397 2608 terram
418 2581 544 2609 similiter
555 2583 638 2610 veluti
654 2583 737 2611 Deum
752 2586 962 2618 venerabantur,
979 2594 1085 2614 necnon

294 2632 404 2655 exortos
423 2635 457 2655 ex
478 2627 521 2655 illa
537 2627 642 2656 fructus
667 2638 673 2656 :
699 2637 771 2658 nuttc
786 2638 850 2658 vero
866 2632 965 2659 ctelum
987 2639 1084 2660 novum

294 2676 320 2697 et
338 2677 436 2700 terram
453 2682 550 2701 novam
567 2675 699 2708 videntes,
718 2684 800 2712 Opera
817 2684 944 2705 manuum
958 2678 1006 2706 Dei
1021 2686 1082 2707 esse

295 2715 425 2751 fatentur,
439 2727 493 2747 non
507 2725 598 2749 autem
612 2721 678 2749 deos
688 2729 748 2749 esse
763 2727 859 2757 putant

349 2818 372 2834 "‘
387 2818 466 2848 Joan.
484 2829 523 2855 vt,
539 2822 584 2850 ιι.
622 2824 644 2840 ¹⁹
655 2823 735 2853 Joan.
751 2832 788 2857 xv,
804 2825 849 2853 Η.

281 2900 283 2902 _
342 2865 386 2902 42)
408 2866 456 2905 llic
467 2873 493 2895 et
508 2869 534 2896 in
548 2871 722 2905 sequentibus
736 2871 802 2899 locis
822 2879 914 2901 vocem
932 2873 1081 2901 ὑπακούειν

297 2907 350 2929 non
365 2903 435 2930 male
460 2909 552 2933 vertas
569 2903 731 2936 résncndert‘.
746 2907 813 2935 Nam
830 2907 882 2935 hoc
898 2916 948 2937 ttsu
964 2910 1081 2944 plerum-

1138 2311 1283 2347 ὀμνύοντες
1292 2313 1338 2339 ἐπὶ
1346 2313 1396 2348 τῆς
1405 2314 1458 2348 γῆς
1467 2314 1595 2350 ὀμοῦνται
1602 2315 1647 2342 τὸν
1659 2315 1724 2342 Θεὸν
1734 2315 1778 2343 τὸν
1791 2315 1926 2352 ἀληθινόν.

1145 2358 1333 2394 Ἐπιλήσονται
1349 2359 1403 2395 γὰρ
1421 2360 1469 2395 τὴν
1488 2360 1576 2396 θλίψιν
1599 2361 1648 2397 τὴν
1669 2361 1791 2397 πρώτην,
1809 2362 1857 2389 καὶ
1880 2362 1928 2388 οὑκ

1138 2404 1303 2440 ἀναϐήσεται
1326 2405 1417 2432 αὐτῶν
1443 2406 1490 2433 ἐπὶ
1516 2407 1563 2443 τὴν
1587 2407 1710 2443 καρδίαν.
1726 2408 1824 2434 Ἔσται
1846 2408 1928 2444 γάρὸ

1139 2449 1252 2484 οὐρανὸς
1268 2450 1360 2483 καινὸς
1376 2452 1422 2478 καὶ
1435 2453 1451 2487 ὴ
1470 2452 1506 2488 γῆ
1518 2452 1609 2489 καινὴ,
1625 2453 1672 2480 καὶ
1686 2454 1717 2480 οὺ
1734 2454 1771 2490 μὴ
1790 2454 1928 2490 μνησθῶσι

1138 2495 1192 2521 τῶν
1214 2496 1365 2532 προτέρων,
1387 2497 1441 2524 οὐδ’
1458 2499 1487 2524 οὺ
1513 2499 1550 2535 μὴ
1574 2499 1675 2535 ἐπέλθῃ
1700 2500 1790 2527 αὐτῶν
1810 2500 1857 2527 ἐπὶ
1878 2500 1928 2537 τὴν

1138 2542 1261 2578 καρδίαν.
1281 2552 1291 2568 ›
1312 2543 1418 2576 Ἀλλως
1436 2544 1485 2580 μὲν
1503 2545 1557 2581 γὰρ
1572 2545 1632 2572 τότε
1653 2545 1770 2581 ὁρῶντες
1784 2545 1831 2572 τὸν
1845 2546 1927 2582 οὐρα-

1137 2587 1191 2620 νὸν,
1208 2588 1332 2615 ἐσέϐοντο
1344 2591 1377 2625 τῇ
1394 2590 1481 2617 κτίσει
1499 2590 1575 2626 παρὰ
1594 2591 1639 2618 τὸν
1654 2592 1794 2625 κτίσαντα,
1811 2592 1860 2619 καὶ
1879 2591 1927 2627 τὴν

1137 2633 1189 2668 γῆν
1200 2633 1301 2668 ὁμοίως
1318 2633 1482 2668 ὲθεοποίουν,
1497 2636 1544 2663 καὶ
1554 2638 1617 2668 τοὺς
1633 2638 1665 2664 ἐκ
1676 2637 1777 2673 ταύτης
1793 2638 1927 2674 βλαστὼν-

1137 2688 1187 2710 τας
1198 2680 1321 2714 καρπούς
1333 2688 1340 2695 ·
1364 2680 1411 2706 νῦν
1426 2680 1449 2707 δ’
1462 2682 1506 2707 ὅτε
1521 2682 1614 2709 καινὸν
1636 2682 1747 2717 ὅψοντες
1758 2683 1804 2710 τὸν
1813 2683 1926 2720 οὐρανὸν

1137 2726 1185 2752 καὶ
1210 2726 1258 2761 τὴν
1281 2726 1342 2761 γῆν,
1357 2726 1426 2761 ἔργα
1438 2727 1537 2763 χειρῶν
1564 2728 1631 2754 Θεοῦ
1652 2726 1721 2757 εἶναι
1738 2729 1924 2765 ὁμολογοῦσιν,

1138 2772 1228 2799 οὐκέτι
1242 2772 1270 2798 δὲ
1286 2772 1363 2804 θεοὺς
1376 2770 1446 2799 εἶναι
1462 2774 1628 2810 νομίζουσιν.

1135 2883 1188 2910 que
1201 2876 1259 2916 llaec
1278 2883 1330 2903 vox
1350 2877 1468 2916 occurrit
1483 2882 1538 2906 tum
1560 2879 1586 2907 in
1603 2879 1742 2916 Scriptura
1761 2886 1850 2914 sacra,
1869 2884 1922 2907 tum

1136 2912 1207 2946 apud
1225 2911 1295 2940 alios
1308 2913 1466 2948 scriptores.
