2061 3215
125 184 179 224 διδ

591 190 844 220 COMMENTARIA
863 190 896 218 IN
917 190 1045 219 ISAIAM.
1065 207 1099 212 —-
1118 191 1194 219 CAP.
1215 189 1294 218 LXV.

1702 190 1754 219 5M

162 265 172 282 ι
196 255 266 282 Ἀλλ’
281 253 450 289 εὐφροσύνην
464 253 511 280 καὶ
526 253 684 287 ἀγαλλίασιν
703 252 864 288 εὑρήσουσιν
887 253 916 279 ἐν

1004 252 1084 279 Υειιε.
1099 252 1195 280 18-20.
1217 260 1225 277 ι
1241 251 1293 278 Sed
1310 250 1429 278 lmtitiam
1445 254 1473 278 et
1489 249 1696 279 exsultationem
1713 251 1755 277 in-

123 303 206 337 αὐτῇ.
223 301 282 328 Ὅτι
299 300 353 327 ἰδοὺ
376 300 433 334 ἐγὼ
452 299 522 326 ποιῶ
542 298 699 334 ἀγαλλίαμα
718 298 895 334 Ἰερουσαλὴμ
907 317 915 330 ,

125 347 230 375 καὶτὸν
248 346 312 373 λαόν
330 355 380 382 μου
394 345 564 382 εὐφροσύνην
574 353 580 359 ·
596 345 642 371 καὶ
658 344 858 379 ἁγαλλιάσομαι
870 343 916 370 ἐπὶ

131 393 320 429 Ἰερουσαλὴμ,
331 392 380 420 καὶ
386 392 610 428 εὑφρανθήσομαι
619 391 667 418 ἐπὶ
674 391 713 426 τῷ
721 391 779 426 λαῷ
792 398 853 426 μου·
870 391 916 418 καὶ

128 439 221 466 οὐκέτι
233 439 270 474 μὴ
281 438 399 474 ἀκουσθῇ
414 438 443 464 ὲν
451 437 520 473 αὐτῇ
529 437 608 475 ,φωνή
622 436 760 472 κλαυθμοῦ
769 436 830 463 οὐδὲ
841 437 916 472 φωνὴ

129 485 265 521 κραυγῆς,
278 484 331 511 οὐδ’
342 484 371 510 οὺ
389 484 426 519 μὴ
434 483 545 519 γένηται
558 482 598 510 ἔτι
611 483 671 510 ἐκεῖ
681 482 770 518 ἄωρος
785 482 831 509 καὶ
851 490 918 517 πρε-

128 531 240 566 σϐύτης,
255 530 284 562 ὃς
295 530 344 556 οὐκ
364 529 498 565 ἐμπλήσει
509 528 554 555 τὸν
569 528 663 564 χρόνον
677 527 770 555 αὐτοῦ.
787 537 797 554 ι
814 527 918 560 Πάντες

127 577 181 614 γὰρ
202 577 251 612 τῆς
271 577 335 612 παρ’
351 576 413 611 ἐμοὶ
438 575 613 606 ἀναστάσεως
627 574 753 609 τυχόντες
776 574 848 601 κατά
871 573 917 600 τὸν

127 624 223 659 καιρὸν
238 623 292 650 τῶν
308 621 478 656 ἐπαγγελιῶν
493 622 533 652 είς
543 620 627 656 ἄνδρα
641 620 753 652 τέλειον,
763 620 802 652 είς
820 619 917 655 μέτρον

128 670 237 706 ἡλικίας
260 667 370 704 ἥξουσι·
396 668 444 694 καὶ
473 667 575 698 πάντες
600 666 706 692 ἔσονται
737 665 848 700 ἀκμαῖοι
869 664 919 697 τάς

127 715 270 751 ψυχὰς,ώς
286 716 355 750 μήτε
370 714 458 751 ἄωρον
472 714 568 749 νήπιον
585 712 633 739 καὶ
640 711 736 747 ἀτελῆ,
754 712 821 747 μήτε
835 711 919 747 ὑπερ-

128 761 265 797 ϐεϐηκότα
288 761 335 787 καὶ
357 759 532 795 γεγηρακότα
555 760 584 785 ὲν
608 758 699 789 αὐτοῖς
724 757 916 793 εὑρίσκεσθαι·

129 808 230 839 πάντες
246 808 275 834 δὲ
291 806 431 842 ὁμήλικες,
449 806 487 837 ὼς
502 805 535 832 ἂν
552 805 597 839 ὑφ’
612 803 660 830 ἕνα
678 803 772 838 καιρὸν
788 803 838 838 τῆς
852 803 918 829 ἀνα-

129 854 252 885 στάσεως
261 852 427 887 τευξόμενοι,
436 851 483 878 καὶ
500 851 564 886 μιᾶς
571 849 780 884 παλιγγενεσίας
794 848 920 885 μεθέξον-

129 907 185 930 τες.

966 298 1074 326 venient
1096 299 1122 324 in
1147 305 1189 324 ea.
1205 297 1336 330 Quoniam
1352 304 1416 324 ecce
1436 304 1485 332 ego
1506 296 1577 324 facio
1594 296 1754 324 exsultatio-

968 351 1028 371 nem
1041 343 1200 376 Jerusalem,
1214 348 1241 370 et
1257 342 1382 378 populum
1400 349 1488 370 meum
1507 342 1626 369 laztitiam
1642 350 1650 370 :
1667 346 1695 369 et
1710 350 1755 369 ex-

966 390 1072 418 sultabo
1087 397 1166 424 super
1189 389 1350 421 Jerusalem,
1372 393 1400 415 et
1417 388 1530 416 lwtabor
1551 396 1633 423 super
1657 388 1757 423 populo

967 442 1045 462 meo:
1062 438 1089 461 et
1114 441 1166 461 non
1190 434 1261 461 ultra
1279 434 1403 461 audietur
1419 434 1446 460 in
1473 435 1531 468 ipsa
1549 441 1601 461 vox
1626 433 1715 465 ﬂetus,
1729 437 1757 461 et

968 488 1018 508 vox
1042 479 1184 511 clamoris.
1205 486 1291 513 neque
1313 479 1384 506 ultra
1413 479 1465 506 erit
1488 479 1524 506 ibi
1543 479 1704 506 immaturus
1728 483 1757 507 et

967 532 1062 556 senex.
1084 525 1128 559 qui
1155 532 1207 551 non
1225 524 1336 558 impleat
1357 529 1462 558 tempus
1480 531 1569 551 suum.
1582 533 1591 549 ι
1619 523 1758 560 Quotquot

967 570 1038 597 enim
1063 569 1287 597 resurrectionem
1311 577 1327 596 a
1353 577 1396 597 me
1425 569 1518 597 datam
1544 575 1756 605 consequentur,

969 619 1091 648 tempore
1105 613 1327 648 promissionum,
1350 614 1378 640 in
1401 613 1488 641 virum
1506 615 1657 649 perfectum
1678 620 1706 642 et
1729 615 1756 642 iu

969 666 1121 686 mensuram
1137 659 1223 686 aetatis
1239 659 1367 686 venient:
1387 663 1469 694 atque
1490 666 1586 687 omnes
1603 660 1693 687 anima
1711 668 1758 688 ve-

969 705 1022 742 geti
1045 710 1133 738 erunt,
1148 706 1184 733 ita
1201 710 1229 733 ut
1246 713 1333 741 neque
1351 705 1513 733 immaturus
1529 710 1556 733 et
1575 713 1628 733 non
1647 706 1758 734 adultus

966 751 1083 786 juvenis,
1108 758 1195 786 neque
1215 755 1294 777 mtate
1309 755 1454 786 provectus
1469 755 1516 777 aut
1530 757 1612 777 senex
1627 751 1663 778 ibi
1682 758 1758 786 repe-

969 797 1070 829 riatur,
1096 797 1143 824 sed
1172 797 1246 831 paris
1272 795 1361 824 artatis
1383 803 1490 828 otnnes,
1513 801 1605 831 utpote
1629 796 1675 831 qui
1703 803 1758 824 uno

969 843 1119 877 eodemque
1135 847 1255 877 tempore
1275 846 1435 877 resurgant,
1458 845 1485 868 et
1506 833 1759 877 ejusdeeregene-

970 888 1086 915 rationis
1102 892 1244 914 consortes
1257 887 1323 914 sint.

169 919 178 970 ξ
201 944 296 970 Ἔσται
313 942 367 978 γὰρ
379 943 393 969 ὁ
404 941 463 973 νέος
475 939 571 967 ἑκατὸν
582 939 660 970 ἐτῶν,
673 940 687 965 ὁ
698 938 726 965 δὲ
742 937 920 972 ἀποθνήσκων

1010 943 1019 960 ι
1035 933 1094 960 Erit
1116 933 1188 960 enim
1213 932 1320 967 juvenis
1338 936 1445 960 centum
1468 940 1612 966 annorum,
1628 932 1674 968 qui
1693 940 1758 961 vero

129 989 292 1026 ἁμαρτωλὸς
307 988 404 1015 ἑκατὸν
417 987 496 1019 ἑτῶν,
514 986 561 1012 καὶ
581 984 783 1019 ὲπικατάρατος
798 983 885 1009 ἔσται.
905 991 915 1008 ›

129 1037 167 1064 Τὸ
181 1036 236 1063 ἴσον
249 1035 296 1062 τοῦ
313 1035 409 1071 χρόνου
426 1034 477 1068 τῆς
490 1034 522 1060 ὲκ
536 1032 640 1068 νεκρῶν
654 1030 827 1061 ἀναστάσεως
846 1037 918 1064 παρ-

129 1084 254 1119 έστησεν.
275 1076 370 1108 Ἔσται
393 1078 440 1107 οὗν
459 1080 474 1106 ὸ
491 1077 652 1114 ἁμαρτωλὸς
667 1076 714 1103 καὶ
727 1075 808 1106 αὐτὸς
823 1074 919 1101 ἑκατὸν

130 1129 209 1160 ἐτῶν,
232 1128 280 1155 καὶ
296 1126 498 1162 ἐπικατάρατος
523 1124 600 1150 ἐσται
616 1123 746 1157 ἀκμαῖος,
768 1121 816 1147 καὶ
831 1120 868 1152 ὡς
890 1120 918 1146 ὲν

130 1174 215 1210 κακίᾳ
231 1173 343 1204 τέλειος,
360 1171 541 1206 ἀποθνήσκων
549 1169 582 1204 τῇ
598 1166 694 1194 ἑαυτοῦ
707 1165 829 1202 ἁμαρτίᾳ
841 1174 849 1180 ·
861 1166 875 1192 ὅ
889 1174 918 1192 τε

131 1220 190 1251 νέος
205 1219 284 1246 πάλιν
297 1217 394 1245 ἑκατὸν
405 1216 484 1248 ἑτῶν,
495 1215 543 1242 καὶ
553 1213 634 1246 αὐτὸς
641 1212 742 1245 τέλειος
753 1214 782 1239 ἐν
796 1212 918 1245 τελείοις,

129 1267 171 1297 εἰς
188 1265 324 1301 σωτηρίαν
343 1262 450 1299 παραλα
455 1262 632 1298 μῦανόμενος.

169 1322 178 1339 ι
193 1313 248 1340 Καὶ
261 1311 482 1346 οἰκοδομήσουσιν
494 1308 592 1340 οἰκίας,
610 1307 657 1334 καὶ
672 1306 749 1333 αὐτοὶ
764 1305 920 1340 ἐνοικήσου-

131 1367 174 1385 σι·
195 1358 241 1384 καὶ
259 1354 510 1390 καταφυτεύσουσιν
528 1353 704 1389 ἀμπελῶνας,
723 1352 770 1378 καὶ
784 1350 863 1377 αὐτοὶ
874 1350 922 1384 φά-

130 1412 224 1438 γονται
242 1402 278 1429 τὰ
304 1401 463 1437 γεννήματα
493 1399 593 1427 αὐτῶν.
618 1408 628 1425 ι
648 1399 712 1430 Τοῖς
736 1398 790 1434 γὰρ
817 1396 921 1423 ἑαυτῶν

129 1449 222 1486 ἔργοις
237 1448 285 1475 καὶ
296 1449 357 1479 ταῖς
369 1446 482 1477 οίκείαις
493 1445 627 1482 πράξεσιν
641 1443 800 1481 ποριοῦνται
816 1443 922 1476 ἑαυτοῖς

131 1495 180 1527 τὰς
200 1494 282 1530 μονὰς
298 1493 347 1525 τὰς
361 1492 438 1528 παρὰ
453 1492 492 1527 τῷ
512 1491 616 1527 Πατρί·
629 1490 697 1518 ἀλλὰ
716 1490 779 1522 τοὺς
799 1489 922 1524 καρποὺς

131 1540 186 1568 ⁸τῶν
202 1540 290 1566 πόνων
303 1539 392 1566 αὐτῶν
408 1538 540 1573 φάγονται
549 1545 556 1551 ·
574 1535 668 1571 διόπερ
682 1535 700 1562 ἃ.
713 1535 922 1570 γεωργήσαντες

131 1587 295 1622 συνήγαγον,
313 1585 399 1612 ταῦτα
415 1585 572 1620 εὑρήσουσι,
595 1582 643 1609 καὶ
661 1581 690 1614 ἐξ
711 1581 800 1608 αὐτῶν
815 1580 921 1616 τραφή-

132 1640 233 1660 σονται.

170 1688 179 1704 ι
200 1679 235 1705 Οὐ
262 1678 299 1713 μὴ
323 1676 547 1712 οἰκοδομήσουσι,
569 1675 617 1702 καὶ
638 1674 712 1702 ἄλλοι
736 1673 920 1709 ὲνοικήσουσι,

132 1725 180 1753 καὶ
188 1726 218 1751 οὺ
236 1725 273 1760 μὴ
290 1723 463 1758 φυτεύσουσι,
477 1722 523 1749 καὶ
534 1721 607 1749 ἀλλοι
621 1721 763 1755 φάγονται.
778 1719 856 1746 Κατὰ
867 1717 922 1753 γὰρ

132 1771 181 1804 τὰς
197 1771 304 1806 ἡμέρας
325 1769 372 1796 τοῦ
386 1768 464 1801 ξύλου
488 1768 539 1803 τῆς
553 1766 626 1802 ζωῆς
649 1767 756 1793 ἔσονται
771 1766 800 1792 αἱ
820 1764 922 1801 ἡμέραι

132 1817 180 1845 τοῦ
197 1816 262 1844 λαοῦ
286 1824 335 1851 μου
347 1823 354 1830 '
372 1815 406 1841 τά
426 1814 480 1850 γὰρ
501 1813 571 1849 ἔργα
592 1812 645 1840 τῶν
662 1812 751 1839 πόνων
764 1811 856 1838 αὐτῶν
868 1818 922 1836 πα-

132 1863 307 1891 λαιώσουσιν.
330 1870 340 1887 ›
362 1861 430 1887 Ἀλλ’
447 1860 487 1891 είς
507 1859 621 1894 ἄπειρον
642 1858 729 1885 αἰῶνα
748 1859 778 1884 ὲν
796 1856 922 1890 ἀθανάτῳ

133 1909 236 1944 ιὺξωῖᾳ
251 1907 371 1939 διάξουσι
382 1914 390 1922 ·
405 1906 444 1932 διὸ
457 1905 580 1931 λέλεκται
589 1913 596 1920 ·
618 1914 627 1930 ι
644 1903 722 1930 Κατὰ
732 1903 786 1939 γὰρ
797 1903 845 1933 τὰς
856 1902 924 1938 ἡμέ-

135 1963 187 1992 ρας
203 1953 251 1986 τοῦ
270 1952 349 1985 ξύλου
365 1952 414 1986 τῆς
435 1949 508 1985 ζωῆς
526 1950 554 1976 αι
575 1947 739 1984 ἡμέραι.τοῦ
752 1946 817 1974 λαοῦ
831 1955 892 1982 μου.
910 1955 920 1972 ι

134 2001 172 2028 Τὺ
189 2000 267 2034 ξύλον
282 1999 311 2026 δὲ
327 1999 434 2034 εἴρηται
455 1997 484 2024 ὲν
502 1996 541 2032 τῷ
562 1995 717 2031 παραδείσῳ
728 1993 774 2020 τοῦ
790 1992 858 2020 Θεοῦ
875 2001 924 2018 πε-

135 2045 300 2081 φυτεῦσθαι·
323 2043 462 2070 δείκνυται
488 2040 643 2077 τοιγαροῦν,
668 2040 709 2067 ὃτι
731 2039 782 2066 οὐκ
808 2038 860 2071 ἔξω
875 2037 923 2064 τοῦ

134 2092 202 2119 Θεοῦ
215 2092 242 2118 αἱ
253 2089 416 2124 ἐπαγγελίαι
432 2087 606 2124 τυγχάνουσι.
622 2087 662 2113 Δι’
675 2083 713 2114 ὧν
732 2085 860 2113 ἁπάντων
877 2093 924 2111 σα-

135 2139 194 2174 φῶς
211 2138 305 2173 ἓτερον
318 2136 381 2163 λαὸν
399 2135 504 2169 εἰσάγει
523 2132 612 2168 ἑαυτῷ
631 2131 708 2168 παρὰ
723 2131 770 2158 τοῦ
790 2130 923 2158 Ἰουδαίων

136 2185 239 2216 ἔθνους,
256 2180 336 2210 Οὗτοι
350 2184 405 2218 γὰρ
419 2180 664 2216 παλαιωθήσονται,
681 2178 742 2205 οὐδὲ
758 2177 861 2213 ἑτέροις
875 2185 925 2203 κα-

135 2231 309 2266 ταλείψουσι,
329 2229 472 2266 μέλλοντες
494 2225 570 2258 αὖθις
595 2223 773 2261 μεθίστασθαι
787 2222 834 2250 τοῦ
854 2223 923 2258 βίου,

969 979 1094 1009 moritur,
1113 982 1237 1013 peccator
1256 983 1364 1005 centum
1389 985 1522 1006 annorum
1545 983 1572 1006 et
1594 979 1757 1007 maledictus

969 1025 1030 1052 erit.
1045 1033 1054 1051 ι
1076 1023 1177 1052 ιΕιιιιίδ
1197 1028 1225 1052 et
1242 1024 1372 1059 temporis
1387 1024 1414 1052 in
1430 1025 1631 1053 resurrectione
1644 1026 1759 1060 aequali-

970 1076 1054 1099 tatem
1080 1071 1138 1099 fore
1161 1071 1289 1099 declarat.
1311 1071 1370 1099 Erit
1396 1072 1478 1108 igitur
1507 1076 1636 1107 peccator
1653 1078 1680 1101 et
1702 1074 1759 1110 ipse

970 1123 1077 1145 centum
1102 1125 1252 1150 annorum,
1274 1122 1302 1145 et
1323 1117 1481 1146 maledictus
1504 1119 1574 1151 erit,
1598 1124 1709 1155 vegetus
1731 1125 1759 1147 et

971 1164 1048 1198 quasi
1065 1164 1091 1191 in
1108 1163 1209 1191 malitia
1227 1163 1361 1198 perfectus
1378 1164 1498 1192 moriens
1523 1165 1549 1192 in
1568 1170 1678 1200 peccato
1696 1173 1757 1193 suo.

970 1209 1081 1238 Juvenis
1101 1210 1164 1237 item
1191 1215 1298 1237 centum
1323 1217 1469 1242 annorum,
1489 1208 1599 1245 et'ipse
1620 1210 1760 1246 perfectus

970 1256 1042 1284 inter
1054 1255 1201 1291 perfectos,
1213 1261 1242 1283 et
1253 1256 1280 1283 in
1296 1256 1411 1283 salutem
1426 1260 1588 1284 assumetur.

1005 1303 1088 1331 Vens.
1101 1303 1146 1330 2i.
1166 1303 1223 1330 «Et
1239 1303 1412 1330 aedificabunt
1428 1303 1533 1336 domos,
1556 1307 1583 1330 et
1605 1303 1656 1338 ipsi
1680 1303 1759 1331 inha-

971 1349 1096 1377 bitabunt
1113 1358 1120 1376 :
1137 1354 1164 1377 et
1186 1349 1345 1384 plantabunt
1367 1349 1473 1382 vineas,
1496 1354 1524 1376 et
1544 1349 1594 1383 ipsi
1618 1349 1761 1376 comedent

971 1395 1074 1423 fructus
1088 1402 1192 1422 earum.
1205 1404 1214 1421 I
1231 1393 1298 1421 Nam
1320 1394 1377 1422 suis
1397 1394 1446 1429 ipsi
1470 1394 1598 1428 operibus
1619 1399 1646 1432 et
1663 1393 1760 1428 gestis,

972 1441 1125 1469 mansiones
1140 1440 1201 1468 illas
1212 1447 1271 1476 qua:
1284 1440 1354 1474 apud
1369 1439 1477 1466 Patrem
1492 1444 1566 1472 sunt,
1589 1439 1640 1467 sibi
1659 1446 1758 1474 procu-

972 1487 1072 1514 rabant
1087 1495 1094 1514 :
1109 1485 1155 1514 sed
1171 1486 1253 1514 etiam
1277 1485 1384 1513 fructus
1398 1485 1522 1513 laborant
1546 1492 1654 1512 suorum
1670 1491 1761 1512 como-

973 1533 1038 1560 dent
1050 1541 1058 1559 ι
1072 1531 1199 1567 quoniam
1214 1539 1246 1558 ea
1259 1538 1318 1565 qua:
1335 1536 1433 1558 terram
1450 1530 1572 1558 colentes
1583 1537 1660 1558 suam
1676 1530 1761 1558 colle-

972 1581 1080 1613 gerunt,
1093 1584 1125 1606 ea
1142 1577 1289 1612 reperient.
1303 1575 1337 1603 iis
1352 1576 1469 1603 alentur.

1006 1667 1148 1696 “13.22.
1164 1676 1174 1693 ‹
1188 1666 1363 1701 Nequaquam
1379 1665 1563 1696 aediﬁcabuut,
1574 1667 1602 1690 et
1618 1662 1663 1690 alii
1683 1663 1761 1690 inha-

973 1715 1113 1748 bitabunt;
1131 1720 1300 1749 nequaquam
1317 1712 1490 1748 plantabunt,
1505 1716 1532 1738 et
1547 1710 1591 1737 alii
1609 1710 1759 1737 comedent.

973 1762 1040 1790 Nam
1062 1761 1209 1790 secundum
1232 1760 1292 1787 dies
1312 1758 1378 1795 ligni
1404 1758 1466 1785 vitae
1487 1761 1568 1785 erunt
1592 1756 1649 1783 dies
1669 1755 1761 1790 populi

973 1809 1047 1836 mei:
1064 1815 1146 1843 opera
1169 1807 1241 1835 enim
1263 1806 1386 1834 laborum
1411 1805 1531 1839 ipsorum
1554 1805 1758 1830 veterascent.»

974 1855 1027 1883 Sed
1048 1862 1096 1890 per
1114 1854 1219 1881 inﬁnita
1237 1851 1336 1880 saacula
1358 1851 1386 1878 in
1406 1848 1552 1878 immortali
1574 1848 1619 1875 illa
1636 1851 1663 1874 et
1689 1846 1762 1874 felici

973 1901 1028 1927 vita
1048 1901 1145 1935 degerit
1160 1908 1168 1928 :
1183 1905 1267 1934 quare
1292 1897 1393 1925 dictum
1419 1900 1477 1928 est,
1504 1893 1592 1921 «Nam
1614 1893 1762 1921 seetlttdum

974 1946 1032 1974 dies
1054 1946 1119 1982 ligni
1146 1946 1209 1973 vitae
1234 1950 1314 1973 erunt
1335 1943 1395 1971 dies
1419 1941 1509 1978 populi
1537 1941 1622 1968 mei.)
1647 1939 1761 1975 Lignum

974 1997 1064 2020 autem
1083 1991 1148 2019 illud
1171 1992 1198 2018 in
1215 1990 1340 2026 paradiso
1357 1989 1404 2016 Dei
1420 1988 1568 2023 plantatum
1587 1986 1671 2013 fuisse
1694 1985 1762 2013 dici-

976 2043 1035 2071 tur;
1052 2037 1144 2072 itaque
1162 2045 1215 2064 non
1238 2040 1315 2064 extra
1330 2034 1482 2070 paradisum
1499 2032 1544 2060 Dei
1570 2031 1674 2067 impleri
1699 2038 1761 2066 pro-

974 2084 1058 2112 missa
1073 2084 1234 2111 declaratur.
1249 2081 1352 2116 Quibus
1365 2081 1491 2108 omnibus
1511 2079 1594 2107 alium
1615 2079 1666 2106 sibi
1684 2086 1698 2105 a
1713 2077 1763 2106 Ju-

975 2129 1053 2156 daico
1071 2127 1196 2163 populum
1220 2126 1342 2154 asciscit.
1357 2125 1398 2153 llli
1413 2131 1529 2160 namque
1551 2124 1762 2155 inveterascent.

976 2182 1026 2203 nec
1052 2174 1134 2207 aliis,
1156 2182 1189 2201 ex
1206 2174 1257 2201 hac
1278 2173 1336 2200 vita
1355 2171 1547 2204 transferendi,
1569 2170 1677 2198 labores
1701 2177 1765 2197 suos

977 2220 1145 2255 relinquent;
1161 2220 1189 2247 lii
1212 2225 1278 2247 vero
1294 2218 1417 2246 laborum
1441 2224 1550 2245 suorum
1574 2221 1649 2250 gesta
1671 2223 1766 2243 secum

136 2279 200 2309 τοὺς
213 2261 316 2304 ἑαυτῶν
329 2261 432 2307 ⁷ττόνους
442 2283 449 2290 ’
467 2274 525 2301 ἀλλ’
539 2270 613 2300 οὗτοι
627 2271 663 2299 τὰ
678 2271 747 2307 ἔργα
768 2270 822 2297 τῶν
836 2270 921 2297 πόνων

976 2269 1126 2298 assument,
1141 2264 1314 2300 propriisque
1330 2263 1463 2291 fructibus
1480 2261 1646 2297 gaudebunt.

136 2324 227 2352 αὐτῶν
246 2323 286 2354 εἰς
309 2322 423 2353 ἑαυτοὺς
445 2319 638 2356 ἀναλήψονται,
667 2317 715 2344 καί
735 2317 792 2348 τοῖς
815 2315 926 2346 οἰκείοις

137 2371 254 2407 καρποῖς
270 2369 494 2405 ὲντρυφήσουσιν.

177 2405 187 2442 ἒ
207 2416 239 2442 Οί
252 2414 373 2442 ἐκλεκτοί
387 2421 439 2449 μου
454 2412 484 2440 οὐ
507 2410 685 2438 κοπιάσούσιν
704 2409 744 2440 είς
765 2406 852 2439 κενὸν,
867 2405 927 2433 οὐδὲ

137 2462 376 2498 τεκνοποιήσουσιν
389 2459 429 2491 είς
444 2458 581 2493 κατάραν·
596 2457 637 2483 ὃτι
650 2455 761 2491 σπέρμα
778 2452 927 2488 εὐλογημέ-

138 2518 182 2536 νον
191 2508 244 2535 ὑπὸ
259 2506 327 2534 θεοῦ
337 2508 404 2537 ἔστι,
421 2505 468 2532 καὶ
479 2503 514 2530 τὰ
524 2503 622 2537 ἔκγονα
634 2501 724 2528 αὐτῶν
738 2500 796 2536 μετ’
809 2499 924 2527 αὐτῶν.)

139 2556 170 2582 Εἰ
181 2555 236 2591 γὰρ
248 2553 294 2581 καί
302 2561 374 2584 τινες
382 2552 486 2578 ἔσονται
498 2549 570 2577 κατὰ
584 2549 630 2576 τὸν
641 2548 738 2583 καιρὸν
747 2546 801 2574 τῶν
809 2547 929 2579 ἐπαγγε-

138 2601 203 2627 λιῶν
219 2600 298 2627 κόποι
315 2598 446 2633 σωτήριοι
462 2596 509 2623 καὶ
533 2594 632 2629 ἀγαθοὶ
657 2593 704 2621 καὶ
720 2593 805 2628 ἡδεῖς,
820 2591 929 2623 ὁποίους

138 2644 249 2675 πάντως
269 2652 321 2669 που
342 2642 390 2669 καὶ
410 2642 427 2677 ἡ
452 2639 583 2675 ἁγγελικὴ
607 2638 684 2670 τάξις
704 2637 850 2672 ὑπομένει·
871 2635 928 2662 ἀλλ’

138 2692 189 2718 οὐκ
204 2689 339 2720 ὲπικενῶς
354 2688 430 2715 ἔσται
448 2686 483 2713 τὰ
498 2686 548 2721 τῆς
564 2685 697 2722 ὲργασίας
708 2684 799 2715 αὐτοῖς
809 2691 815 2698 ·
833 2682 929 2718 μισθὸς

139 2737 193 2773 γὰρ
212 2737 305 2768 αὐτοῖς
330 2734 442 2767 ὲπάξιος
461 2731 685 2768 τεθησαὺρισται.
708 2728 885 2756 Τεκνοποιίαν
901 2727 930 2754 δὲ

139 2771 280 2818 νοήσωμεν
294 2779 349 2806 τῶν
369 2777 463 2814 ψυχῶν
478 2777 542 2808 τοὺς
563 2775 710 2811 λογισμοὺς
730 2773 777 2801 καὶ
800 2772 850 2808 τῆς
870 2771 928 2798 δια-

140 2828 214 2860 νοίας
222 2827 285 2858 τοὺς
295 2825 427 2861 καρποὺς,
445 2823 491 2855 οὓς
503 2822 624 2857 κατάρας
642 2820 750 2847 ἔσεσθαι
761 2817 927 2853 ἀλλοτρίους,

142 2873 267 2908 εὐλογίας
282 2872 311 2899 δὲ
327 2870 418 2904 ἀξίους
430 2869 563 2902 θεσπίζει.
581 2866 674 2894 Ταῦτα
688 2867 735 2893 καὶ
751 2866 789 2896 εἰς
797 2863 841 2890 τὸν
858 2871 929 2898 παρ-

141 2921 206 2947 όντα
236 2919 293 2955 βίον
314 2916 535 2952 ἐκλαμϐάνεσθαι
562 2912 649 2950 οἶμαι,
672 2911 718 2940 τοῦ
744 2911 823 2944 λόγου
849 2909 929 2936 πάλιν

1013 2402 1095 2429 Vens.
1113 2400 1158 2427 25.
1184 2407 1194 2424 ι
1215 2397 1299 2425 Electi
1326 2397 1377 2424 mei
1403 2403 1455 2423 non
1483 2393 1643 2421 laborabunt
1664 2392 1690 2420 in
1715 2399 1764 2419 va-

979 2455 1053 2480 num,
1069 2453 1155 2481 neque
1180 2444 1249 2472 ﬁlios
1273 2441 1440 2478 generabunt
1464 2441 1490 2468 in
1517 2438 1759 2466 maledictionem:

978 2493 1040 2528 quia
1055 2499 1147 2520 semen
1170 2489 1340 2518 benedictum
1355 2495 1371 2514 a
1394 2487 1448 2514 Deo
1468 2489 1523 2518 est,
1539 2489 1565 2512 et
1583 2488 1695 2519 nepotes
1718 2490 1764 2509 eo-

979 2546 1039 2566 rum
1061 2545 1121 2565 cnnt
1136 2536 1206 2563 eis.)
1229 2533 1341 2562 Etiamsi
1361 2532 1434 2561 enim
1457 2530 1670 2567 promissionum
1695 2532 1765 2555 tem-

978 2592 1056 2621 pore,
1080 2583 1188 2618 quidatn
1214 2581 1365 2612 salutares,
1391 2578 1454 2606 boni
1486 2582 1637 2610 suavesque
1660 2574 1765 2601 labores

979 2633 1043 2662 sint,
1056 2637 1123 2665 quos
1145 2627 1283 2663 angelicas
1296 2625 1364 2653 ordo
1386 2623 1513 2654 sustinet,
1529 2622 1576 2650 sed
1593 2628 1646 2648 non
1663 2620 1765 2647 frustra

980 2677 1076 2705 cedent
1094 2675 1146 2703 illis
1167 2680 1270 2708 Opera:
1287 2678 1348 2698 nam
1365 2669 1497 2704 condigna
1517 2667 1583 2702 ipsis
1598 2672 1705 2693 merces
1724 2671 1766 2690 re-

981 2723 1065 2759 posita
1089 2726 1141 2749 est.
1163 2719 1321 2747 Liberorum
1338 2723 1403 2743 vero
1423 2713 1639 2749 procreationem
1662 2709 1765 2738 intelli-

982 2755 1075 2805 éamns
1088 2774 1147 2795 esse
1166 2765 1262 2793 anima:
1277 2761 1464 2798 cogitationes,
1481 2758 1633 2792 mentisque
1647 2755 1764 2788 fructus,

982 2803 1049 2852 quos
1075 2823 1089 2841 a
1116 2811 1304 2840 malcdictione
1339 2807 1460 2838 alienos,
1485 2803 1675 2832 benedictione
1699 2808 1766 2829 vero

982 2847 1079 2896 dignos
1104 2858 1161 2886 fore
1186 2855 1358 2884 vaticinatur.
1381 2851 1445 2878 Haec
1469 2856 1499 2877 πε
1521 2847 1644 2884 praesenti
1660 2853 1765 2882 quoque

984 2892 1039 2935 viia
1062 2903 1147 2939 accipi
1168 2909 1247 2937 posse
1271 2898 1407 2929 existimo,
1433 2896 1469 2924 ita
1486 2900 1515 2924 ut
1537 2895 1579 2923 his
1603 2892 1767 2929 apostolicus
