2061 3215
288 200 340 229 515

623 198 758 228 EUSEBII
779 199 1019 228 CESARIENSIS
1037 199 1114 228 OPP.
1135 199 1224 227 PARS
1243 199 1288 227 lll.
1308 215 1343 220 —
1361 198 1570 227 EXEGE‘TICA.

1864 201 1914 228 5l6

288 262 387 289 chorus
406 259 600 287 subindicetur.
619 267 629 284 (
644 258 706 286 Ideo
727 258 805 286 electi
824 259 876 286 mei
899 267 950 286 non
967 259 1075 286 labora-

1127 257 1171 283 τδν
1185 256 1265 293 χορὸν
1280 257 1326 284 τὸν
1342 255 1520 284 ἁποστολικὸν
1533 255 1726 291 αἰνιττομένου.
1742 264 1752 281 ι
1770 256 1820 283 Διά
1836 257 1914 284 τοῦτο

288 307 354 334 bunt
368 306 394 333 in
410 313 518 338 vanum,
534 311 621 339 neque
642 303 711 331 ﬁlios
734 306 916 339 procreabunt
940 305 968 332 in
987 305 1073 332 male-

288 352 464 379 dictionem.)
489 350 677 386 Apostolorum
713 351 812 385 quippe
837 350 953 383 labores,
976 355 1007 377 ut
1031 350 1074 378 vel

288 398 354 432 ipsis
367 397 452 424 oculis
471 396 586 431 patebit,
602 404 656 423 non
680 396 706 423 in
722 404 820 424 vanum
845 397 964 432 suscepti
988 396 1074 430 fuere,

288 443 358 478 quod
373 449 500 478 arguetur
513 451 545 470 ex
559 443 676 470 Ecclesia
692 443 725 470 ab
739 442 806 477 ipsis
818 450 867 477 per
880 447 964 470 totum
979 443 1073 470 orbem

288 489 413 522 fundata;
431 494 458 516 et
473 488 519 516 lilii
535 496 628 516 eorum
644 495 693 523 per
709 488 847 516 lavacrum
861 489 1076 524 regenerationis

287 535 315 562 in
329 534 436 562 Christo
451 535 505 562 nati
518 534 687 562 videbuntur.

324 621 405 649 Vens.
417 622 463 649 24.
483 631 492 648 ι
507 622 539 650 Ει
557 622 609 649 erit
627 628 771 657 antequam
796 622 931 656 clament,
954 630 1004 658 ego
1026 630 1076 650 ex-

288 668 394 696 audiam
413 675 479 696 eos:
496 668 584 696 adhuc
605 669 656 696 illis
681 669 853 704 loquentibus
877 669 983 703 dicam,
1006 669 1075 703 Quid

288 714 366 742 est?)
392 714 421 742 id
442 721 522 749 porro
544 715 706 742 in—Actibus
728 715 911 749 apostolorum
935 715 1075 750 impletum

289 761 490 795 deprehendas;
508 768 569 788 nam
590 760 644 788 Deo
660 762 725 796 ipsis
748 766 866 794 astante,
891 761 975 788 multa
999 761 1076 795 signa

288 811 316 832 et
340 806 459 841 prodigia
483 806 643 833 edebantur.
667 806 803 840 Apostolis
827 813 892 834 vero
914 806 972 833 haec
995 813 1076 840 agen-

290 850 374 882 tibus.
395 851 459 878 hinc
477 851 691 888 alienigenarum
711 852 830 887 gentium
848 852 990 880 conversio
1011 852 1076 880 sub-

289 897 467 931 sequebatur.

1125 304 1150 330 οἰ
1175 302 1297 330 ἐκλεκτοί
1315 310 1364 338 μου
1382 302 1412 328 οὺ
1436 301 1612 329 κοπιάσουσιν
1635 301 1676 332 εἰς
1697 301 1773 328 κενὸν
1795 302 1857 328 ούδέ
1872 311 1916 330 τε-

1125 349 1333 384 κνοποιήσουσιν
1344 348 1384 379 εἰς
1401 347 1534 382 κατάραν.
1553 355 1563 372 ι
1585 346 1681 372 Ἔσται
1700 345 1754 382 γὰρ
1766 346 1915 383 ὀφθαλμοῖς

1126 393 1294 430 παραλαϐεῖν
1318 392 1374 419 τῶν
1399 392 1557 419 ἀποστόλων
1580 392 1644 423 τοὺς
1671 391 1781 425 κόπους,
1809 393 1860 420 οὐκ
1876 394 1916 426 εἰς

1125 441 1204 467 κενὸν
1223 439 1422 475 γεγενημένους
1442 439 1496 466 ἀπὸ
1516 438 1567 473 τῆς
1586 438 1631 465 ὑπ’
1645 438 1734 465 αὐτῶν
1747 439 1918 476 ίδρυνθείσης

1126 487 1187 514 καθ’
1201 487 1265 522 ὅλης
1277 486 1328 521 τῆς
1338 485 1501 521 οἰκουμένης
1519 484 1682 520 Ἑκκλησίας
1693 492 1700 500 ο
1715 486 1763 511 καὶ
1778 485 1813 512 τὰ
1833 486 1917 513 τέκνα

1127 531 1216 559 αὐτῶν
1228 534 1256 559 ἐν
1269 531 1380 568 Χριστῷ
1393 531 1558 567 γεννηθέντα
1568 530 1611 557 διὰ
1619 530 1668 566 τῆς
1681 530 1728 558 τοῦ
1735 530 1848 568 λουτροῦ
1866 541 1918 560 πα-

1126 577 1304 614 λιγγενεσῖας.

1163 634 1174 651 ι
1186 624 1240 652 Καὶ
1253 623 1328 651 ἐσται
1343 623 1408 659 πρὶν
1420 622 1437 658 ἢ
1453 623 1584 659 κεκράξαι
1603 623 1712 655 αὐτοὺς,
1727 623 1783 658 ἐγὼ
1797 624 1919 652 ὑπακού-

1127 679 1209 707 σομαι
1222 670 1311 698 αὐτῶν
1321 679 1328 685 ·
1341 670 1382 696 ἔτι
1396 669 1548 696 λαλούντων
1560 670 1648 697 αὐτῶν
1665 670 1730 706 ἐρῶ*
1748 670 1781 697 Τί
1796 672 1887 704 ἐστιν;
1905 681 1915 698 ι

1129 718 1163 744 Ἀ
1177 717 1209 753 δὴ
1228 718 1274 744 καὶ
1291 716 1442 752 ἐπληροῦτο
1462 716 1508 742 ἐπὶ
1521 716 1576 742 τῶν
1590 716 1720 752 Πράξεων
1730 717 1784 744 τῶν
1800 717 1918 744 ἀποστό-

1127 763 1191 790 λων·
1212 762 1297 790 πολλά
1317 762 1371 798 γὰρ
1391 763 1492 797 σημεῖα
1512 762 1560 789 καὶ
1581 762 1682 798 τέρατα
1696 763 1847 798 ἐνηργεῖτο,
1869 763 1916 789 τοῦ

1127 809 1194 836 Θεοῦ
1217 809 1308 841 αὐτοῖς
1330 807 1513 844 παρεστῶτος.
1531 805 1580 834 Ὧν
1597 808 1709 835 τοιαῦτα
1724 808 1917 844 ἐνεργούντων,

1127 854 1281 886 ἀκολούθως
1307 855 1323 890 η
1349 854 1403 880 τῶν
1434 853 1590 888 ἀλλοφύλων
1618 854 1702 882 ἐθνῶν
1731 854 1837 889 ἐγίνετο
1858 856 1919 881 ἐπι-

1129 900 1243 935 στροφή-

323 941 463 971 Vens.25.
483 952 492 969 ι
507 942 582 971 Tunc
606 944 660 980 lupi
682 949 710 972 et
728 944 789 980 agni
814 948 960 979 pascentur
982 943 1074 977 simul,

1165 933 1177 972 ὶ
1198 933 1265 972 Τότε
1284 943 1360 971 λύκοι
1385 944 1433 971 καὶ
1452 944 1534 979 ἄρνες
1551 943 1764 980 βοσκηθήσονται
1788 945 1857 980 ἃμα,
1870 933 1919 971 καὶ

288 993 316 1014 et
332 987 374 1016 leo
388 993 416 1016 ut
438 989 486 1016 bos
507 991 630 1017 comedet
651 990 752 1025 paleas,
773 998 885 1026 serpens
909 995 1000 1018 autem
1021 995 1077 1018 ter-

289 1041 347 1061 ram
363 1035 439 1069 quasi
457 1042 564 1070 panem.
590 1036 648 1063 Non
676 1037 823 1070 nocebunt,
839 1040 927 1072 neque
949 1038 1076 1065 devasta-

288 1079 355 1106 bunt
378 1081 405 1107 in
423 1086 515 1108 monte
539 1086 633 1109 sancto
651 1089 722 1115 meo,
740 1081 807 1110 dicit
824 1082 963 1110 Dominus.
976 1092 986 1109 ι
1009 1081 1076 1110 Nam

287 1127 333 1161 qui
349 1126 424 1160 prius
438 1134 550 1161 rapaces
563 1132 590 1155 et
603 1127 708 1155 feroces
722 1132 810 1160 erant,
826 1129 861 1155 ita
877 1133 906 1156 ut
921 1128 993 1164 lupis
1006 1136 1078 1156 com-

287 1173 376 1206 parari
392 1178 519 1208 possent,
538 1174 564 1200 in
586 1177 756 1201 mansuetum
777 1182 880 1202 morem
902 1176 1075 1209 commutati,

287 1225 352 1246 cum
377 1219 454 1254 agnis
475 1224 504 1247 et
526 1219 614 1247 bobus
635 1220 767 1255 gregatim
789 1220 949 1255 agebantur,
970 1225 999 1247 ut
1023 1228 1076 1248 uno

287 1264 440 1298 eodemque
461 1272 495 1292 ex
524 1264 623 1292 divinis
652 1264 814 1293 lectionibus
834 1271 964 1301 excerpto
992 1266 1077 1294 ratio-

290 1309 372 1338 nabili
391 1311 452 1338 cibo
474 1315 624 1339 uterentur.
644 1311 696 1345 Qui
716 1316 805 1338 autem
824 1312 945 1339 moribus
970 1311 1038 1340 nihil
1061 1320 1076 1339 a

290 1357 413 1384 leonibus
433 1356 634 1391 discrepahant,
653 1357 709 1391 jam
729 1364 782 1384 non
799 1357 869 1385 ultra
883 1357 1035 1385 carnivoris
1050 1361 1078 1385 et

287 1402 472 1436 sanguinariis
507 1403 572 1430 feris
598 1403 718 1435 similes,
749 1404 829 1430 boum
857 1403 943 1431 instar
965 1408 993 1431 et
1025 1403 1076 1439 ipsi

287 1447 387 1475 divinae
405 1447 536 1476 doctrinae
555 1449 667 1476 herbam
693 1449 881 1476 comedebant.
899 1448 933 1476 Et
953 1449 999 1484 qui
1012 1449 1076 1477 olim

287 1497 442 1529 serpentem
469 1493 618 1526 referebat,
641 1499 755 1528 atroque
775 1501 880 1522 veneno
906 1494 1002 1529 plenus
1023 1494 1075 1527 vir,

289 1540 427 1574 repudiata
445 1537 557 1572 malitia,
574 1547 669 1574 panem
681 1540 824 1568 comedet:
841 1547 889 1575 pro
904 1545 976 1567 terra
989 1548 1072 1576 quam

287 1585 364 1619 prius
375 1585 483 1618 edebat,
497 1586 650 1613 rationabili
663 1590 691 1614 et
707 1587 824 1614 humano
839 1590 920 1614 utens
933 1586 1075 1614 alimento.

289 1631 381 1666 Usque
397 1631 464 1659 adeo
485 1636 574 1660 autem
598 1632 752 1667 huiusmodi
780 1632 845 1661 ferae
867 1637 1075 1667 mansuescent,

289 1683 318 1706 ut
337 1677 471 1706 neminem
494 1678 592 1706 lzedant
606 1679 647 1706 vel
668 1679 840 1715 pessumdent
858 1678 886 1707 ln
904 1686 996 1707 monte
1019 1679 1077 1707 Dei.

571 1759 686 1787 CAPUT
701 1758 795 1788 LXVI.

324 1817 406 1844 Vsus.
420 1817 478 1844 l-3.
497 1815 567 1844 «Sic
592 1816 656 1844 dicit
680 1817 821 1850 Dominus.
839 1817 943 1846 Caelum
966 1818 1079 1846 thronus

289 1870 376 1896 meus,
393 1867 420 1890 et
441 1867 514 1890 terra
537 1862 684 1889 scabellum
702 1864 798 1897 pedum
816 1871 950 1892 meorum.
966 1864 1078 1897 Qualem

289 1910 398 1937 domum
423 1908 595 1936 :edilicabitis
620 1908 708 1935 mihi?
730 1913 758 1936 et
781 1908 842 1943 quis
869 1909 946 1937 locus
970 1909 1077 1944 requie-

288 1955 371 1982 tionis
391 1954 474 1981 mem?
487 1954 548 1982 Haec
563 1954 635 1981 enim
650 1954 741 1982 omnia
759 1954 823 1993 fecit
846 1963 944 1982 manus
968 1963 1038 1988 mea,
1052 1959 1080 1982 et

288 2001 346 2028 haec
367 2001 457 2027 omnia
472 2008 530 2027 mea
553 2005 632 2033 sunt,
657 2001 723 2029 dicit
744 2001 883 2029 Dominus.
904 2000 989 2034 Quem
1012 2008 1079 2028 vero

291 2047 446 2081 respiciam,
461 2047 513 2073 nisi
527 2048 667 2079 humilem,
684 2052 712 2075 et
729 2047 861 2081 quietum,
874 2052 900 2074 et
916 2052 1076 2074 trementem

289 2099 430 2120 sermones
444 2093 537 2120 meos?
553 2092 664 2128 Iniquus
687 2097 788 2125 autem.
805 2093 851 2127 qui
875 2091 996 2119 immolat
1011 2091 1077 2119 mihi

290 2137 414 2169 vitulum,
435 2138 511 2172 quasi
535 2139 641 2168 occidat
663 2146 778 2166 canem:
795 2138 840 2173 qui
863 2145 928 2165 vero
943 2136 1022 2164 offert
1039 2137 1077 2164 si-

290 2183 393 2217 milam,
405 2184 482 2217 quasi
496 2183 603 2211 suillum
619 2184 776 2218 sanguinem
791 2192 798 2211 :
815 2184 860 2218 qui
875 2184 922 2210 dat
937 2183 1075 2211 incensum

290 2230 318 2257 in
333 2230 501 2262 memoriam,
523 2230 600 2264 quasi
617 2226 803 2265 blasphemus.
819 2229 852 2257 Et
869 2229 920 2264 ipsi
936 2229 1077 2265 elegerunt

1128 991 1196 1018 λέων
1213 991 1250 1022 ὼς
1266 990 1328 1025 βοῦς
1346 990 1462 1025 φάγεται
1473 990 1572 1026 ἄχυρα,
1589 989 1651 1024 δφις
1665 990 1694 1016 δὲ
1709 989 1761 1025 γῆν
1773 990 1811 1021 ὡς
1825 991 1918 1025 ἄρτον.

1129 1038 1185 1064 Οὐκ
1201 1036 1383 1072 ἀδικήσουσιν,
1405 1035 1467 1062 οὐδέ
1481 1035 1663 1071 λυμανοῦνται
1685 1035 1731 1062 ἐπὶ
1753 1035 1792 1071 τῷ
1808 1035 1867 1071 ὖρει
1879 1035 1919 1071 τῷ

1128 1083 1198 1118 ἁγίῳ
1214 1091 1275 1118 μου,
1298 1081 1372 1115 λέγει
1388 1082 1499 1117 Κύριος.
1521 1091 1530 1107 ι
1547 1082 1578 1108 Οί
1602 1081 1656 1117 γὰρ
1683 1081 1814 1117 πρότερον
1830 1082 1914 1117 ἁρπα-

1128 1129 1216 1155 κτικοὶ
1229 1129 1276 1155 καὶ
1283 1127 1434 1164 θηριώδεις,
1442 1127 1481 1159 ὡς
1491 1127 1584 1159 λύκοις
1591 1127 1823 1163 παραϐάλλεσθαι,
1832 1135 1918 1162 μετα-

1128 1174 1285 1209 ϐαλλόμενοι
1310 1174 1357 1200 ἐπὶ
1380 1173 1411 1200 τὸ
1432 1173 1546 1210 ἥμερον,
1563 1174 1668 1209 ἀρνίοις
1683 1174 1731 1200 κα)⁵
1747 1173 1839 1208 βουσὶν
1858 1182 1919 1200 συν.

1128 1219 1298 1257 ηγελάζοντο,
1314 1219 1352 1251 ὡς
1364 1220 1428 1255 μιᾶς
1435 1219 1537 1255 καὶτῆς
1546 1219 1630 1255 αὐτῆς
1637 1219 1827 1255 μεταλαμϐάνε
1832 1228 1856 1245 ιν
1869 1219 1918 1254 τῆς

1127 1266 1182 1293 ἀπὸ
1197 1265 1251 1292 τῶν
1275 1265 1354 1292 θείων
1376 1265 1599 1301 ἀναγνωσμάτων
1620 1265 1732 1300 λογικῆς
1753 1265 1867 1300 τροφῆς.
1884 1265 1917 1291 Ol.

1126 1312 1156 1339 δὲ
1178 1313 1233 1344 τοῖς
1255 1311 1366 1347 τρόποις
1389 1311 1503 1338 λεόντων
1524 1311 1599 1338 οὐδὲν
1620 1311 1809 1346 διαφέροντες,
1826 1311 1917 1338 οὐκέτι

1128 1356 1322 1393 σαρκοφάγοις,
1339 1356 1401 1384 οὐδὲ
1419 1355 1573 1392 ὠμοϐόροις
1585 1355 1682 1391 θηρσὶν
1697 1356 1824 1388 ἐοικότες,
1840 1355 1910 1391 δίκη·

1128 1403 1198 1438 βοῶν
1213 1403 1259 1430 καὶ
1269 1403 1346 1430 αὐτοὶ
1358 1402 1407 1438 τὴν
1422 1402 1476 1428 ἀπὸ
1488 1402 1538 1437 τῆς
1552 1401 1644 1428 ἐνθέου
1658 1401 1830 1434 διδασκαλίας
1849 1401 1918 1430 πόαν

1127 1449 1231 1485 ἢσθιον.
1261 1449 1315 1476 Καὶ
1331 1449 1345 1475 ό
1364 1447 1448 1475 πάλαι
1462 1447 1494 1484 δὴ
1512 1447 1645 1483 πρότερον
1660 1446 1787 1483 όφιώδης,
1802 1447 1850 1474 καὶ
1877 1446 1918 1474 ἰοῦ

1130 1496 1227 1532 μεστὸς
1252 1495 1332 1531 ἀνὴρ,
1348 1494 1506 1526 ἀποπτύσας
1527 1493 1576 1529 τὴν
1598 1495 1627 1520 ἐν
1652 1493 1726 1529 αὐτῷ
1740 1493 1851 1525 κακίαν,
1871 1492 1918 1520 τὸν

1128 1541 1210 1578 ἄρτον
1220 1541 1346 1577 φάγεται,
1362 1541 1448 1577 τροφῇ
1460 1540 1556 1575 λογικῇ
1573 1539 1620 1566 καὶ
1639 1539 1798 1575 ἀνθρωπίνῃ
1810 1539 1918 1575 χρώμε-

1128 1596 1183 1620 νος,
1198 1587 1257 1614 ἀνθ’
1269 1585 1304 1624 ἦς
1316 1586 1393 1622 ήσθιε
1415 1586 1547 1623 πρότερον
1565 1587 1628 1622 γῆς.
1647 1584 1726 1612 Οὕτω
1742 1585 1772 1612 δὲ
1793 1585 1818 1612 οι
1836 1584 1918 1620 θῆρες

1129 1631 1202 1661 οὗτοι
1231 1633 1496 1670 ὲξημερωθήσονται,
1521 1632 1560 1664 ὡς
1586 1631 1688 1668 μηδένα
1713 1631 1827 1665 ἀδικεῖν,
1851 1631 1917 1667 μηδέ

1129 1679 1303 1717 λυμαῖνεσθαζ
1317 1687 1393 1711 τινας
1403 1680 1432 1706 ἐν
1447 1678 1487 1714 τῷ
1502 1678 1560 1714 ὄρει
1579 1678 1626 1705 τοῦ
1637 1677 1715 1705 Θεοῦ.

1383 1757 1581 1786 nassam»:
1610 1756 1678 1791 squ

1166 1825 1176 1841 ‹
1193 1814 1286 1846 Οὕτως
1298 1814 1370 1849 λέγει
1383 1814 1496 1851 Κύριος’
1516 1815 1545 1842 '0
1558 1814 1671 1850 οὐρανός
1685 1822 1736 1849 μου
1751 1813 1857 1850 θρόνος,
1870 1814 1917 1841 καὶ

1129 1862 1146 1897 ἡ
1162 1861 1199 1896 γῆ
1215 1861 1359 1889 ὑποπόδιον
1375 1860 1429 1888 τῶν
1444 1860 1534 1887 ποδῶν
1552 1869 1613 1896 μου.
1631 1861 1710 1887 Ποῖον
1726 1856 1800 1887 οἷκον
1815 1860 1916 1887 οἰκοδο-

1131 1907 1232 1944 μήσετέ
1248 1915 1311 1943 μοι;
1328 1907 1374 1934 καὶ
1388 1908 1463 1938 ποῖος
1473 1906 1555 1938 τόπος
1567 1906 1618 1942 τῆς
1633 1905 1833 1937 καταπαύσεώς
1848 1914 1916 1941 pou;

1129 1953 1222 1979 Πάντα
1242 1952 1296 1988 γάρ
1319 1951 1406 1978 ταῦτα
1429 1950 1557 1986 ἐποίησεν
1577 1951 1594 1986 ἡ
1617 1951 1678 1986 χείρ
1695 1959 1757 1986 μου,
1780 1949 1826 1977 καὶ
1846 1950 1918 1976 ἐστιν

1128 1999 1182 2035 ἐμὰ
1200 1999 1290 2026 πάντα
1309 1998 1408 2030 ταῦτα,
1424 1998 1498 2032 λέγει
1517 1997 1629 2033 Κύριος.
1646 1997 1700 2024 Καὶ
1719 1996 1765 2023 ἐπὶ
1780 1996 1841 2022 τίνα
1856 1996 1917 2022 ἐπι-

1129 2044 1229 2079 ϐλέψω,
1245 2044 1302 2071 ἀλλ’
1314 2044 1330 2079 ἢ
1341 2043 1388 2070 ἐπὶ
1400 2043 1445 2070 τὸν
1458 2043 1585 2070 ταπεινὸν
1599 2042 1648 2068 καὶ
1662 2041 1784 2077 ἡσύχιον,
1797 2041 1845 2068 καὶ
1855 2040 1918 2076 τρέ-

1129 2100 1213 2127 μοντα
1229 2091 1293 2123 τοὺς
1308 2090 1404 2125 λόγους
1427 2098 1493 2126 μους
1523 2090 1552 2117 '0
1567 2089 1596 2116 δὲ
1618 2089 1719 2124 ἄνομος
1739 2089 1754 2115 6
1778 2087 1849 2115 θύων
1872 2096 1917 2123 μοι

1130 2137 1238 2173 μόσχον,
1251 2137 1290 2169 ὼς
1304 2138 1472 2165 ἀποκτείνων
1484 2137 1553 2165 κύνα
1562 2145 1570 2153 ·
1583 2138 1596 2163 6
1609 2137 1637 2163 δέ
1650 2137 1795 2172 ἀναφέρων
1810 2135 1917 2171 σεμίδα-

1126 2183 1178 2216 λιν,
1195 2183 1234 2215 ὼς
1249 2180 1317 2218 αἷμα
1329 2183 1412 2210 ’ύειον-
1429 2185 1443 2210 6
1456 2184 1544 2215 διδοὺς
1558 2183 1666 2211 λίϐανον
1679 2182 1720 2214 εἰς
1736 2182 1914 2218 μνημόσυνον,

1127 2229 1165 2259 ὡς
1179 2229 1348 2265 βλάσφημος.
1373 2229 1428 2256 Καὶ
1443 2229 1521 2256 αὐτοὶ
1538 2229 1693 2263 ἐξελέξαντο
1709 2229 1759 2261 τὰς
1772 2228 1849 2260 ὁδοὺς
1870 2228 1916 2256 αὐ-

289 2275 348 2303 vias
364 2282 437 2308 suas,
454 2280 482 2302 et
495 2275 710 2303 abominationes
730 2276 849 2310 ipsorum
869 2275 960 2302 anima
982 2283 1075 2303 eorum

1128 2274 1192 2306 τῶν,
1208 2275 1255 2301 καὶ
1269 2274 1304 2301 τὰ
1320 2274 1492 2310 βδελύγματα
1510 2274 1600 2302 αὐτῶν
1617 2275 1634 2310 ἡ
1653 2273 1726 2309 ψυχὴ
1747 2273 1837 2301 αὐτῶν
1855 2272 1917 2308 ἠθέ-

291 2321 384 2350 voluit.
396 2330 405 2347 ι
425 2320 482 2348 Non
497 2321 570 2349 enim
588 2321 656 2354 haec,
677 2321 776 2356 inquit,
797 2321 924 2349 voluntas
943 2329 1014 2355 mea,
1030 2330 1078 2349 ne-

289 2375 342 2402 que
360 2375 424 2394 meae
448 2367 600 2401 huiusmodi
617 2368 678 2401 vim,
694 2368 741 2396 sed
763 2367 797 2395 ad
820 2367 935 2395 lubitum
951 2372 979 2395 et
994 2368 1078 2404 placi-

268 2413 274 2419 '
291 2418 347 2440 tum
361 2420 453 2440 eorum
467 2417 539 2441 sunt.

269 2453 278 2486 ἴ
328 2458 408 2486 νην..
421 2459 448 2486 ι.
469 2467 479 2484 ‹
496 2459 529 2486 Et
550 2466 600 2493 ego
621 2459 737 2494 deligam
760 2459 901 2487 illusiones
923 2467 1029 2493 eorum,
1052 2464 1080 2488 et

290 2511 400 2540 peccata
423 2505 571 2532 retribuam
594 2506 634 2533 eis
652 2515 659 2532 :
682 2506 745 2540 quia
765 2506 859 2533 vocavi
891 2513 958 2539 eos,
974 2511 1002 2533 et
1022 2513 1075 2533 non

289 2552 468 2579 exaudierunt
481 2559 537 2585 me;
554 2551 660 2580 locutus
674 2559 745 2586 sum,
758 2557 786 2580 et
800 2560 853 2580 non
869 2553 1033 2580 audierunt:
1049 2557 1077 2580 et

290 2598 412 2626 fecerunt
430 2597 530 2624 malum
546 2597 572 2624 in
585 2603 729 2633 conspectu
743 2606 812 2630 meo,
825 2603 853 2625 et
869 2605 928 2633 quae
950 2598 1074 2625 nolebam

289 2645 458 2678 elegerunt.)
482 2643 657 2676 Quandonam
680 2648 769 2670 autem
793 2648 934 2670 vocantem
958 2650 1009 2669 non
1032 2643 1075 2670 in-

291 2690 469 2722 tellexerunt,
492 2689 543 2717 nisi
566 2688 674 2723 quando
689 2696 807 2723 praesens
828 2688 896 2723 ipsis
919 2687 1073 2720 clamabat,

293 2745 302 2760 ‹
315 2735 408 2762 Venite
420 2736 452 2762 ad
467 2743 509 2762 me
521 2743 628 2773 omnes,
638 2735 684 2770 qui
697 2735 827 2763 laboratis
837 2739 865 2762 et
878 2734 985 2762 onerati
996 2734 1073 2768 estis,

289 2786 316 2808 et
328 2788 379 2815 ego
394 2782 513 2809 reliciam
529 2790 577 2810 vos
587 2781 626 2809 ὀἳ
642 2791 652 2808 ι

326 2827 408 2855 Vens.
420 2827 448 2855 ὅ.
467 2836 478 2854 ι
492 2827 589 2856 Audite
603 2829 687 2856 verba
709 2827 826 2861 Domini,
844 2826 890 2862 qui
910 2825 1026 2855 tremitis
1041 2826 1074 2854 ad

325 2918 348 2963 ς·
368 2919 461 2947 Matth.
476 2918 572 2946 £1.28.

1127 2320 1202 2356 λησε.
1222 2330 1232 2347 ι
1257 2321 1295 2347 Ut‘:
1314 2320 1368 2357 γὰρ
1391 2321 1446 2356 ἐμὰ
1463 2320 1561 2353 ταῦτα,
1586 2323 1664 2356 φησι,
1687 2320 1839 2355 θελήματα,
1856 2319 1916 2346 οὐδὲ

1127 2367 1189 2402 ἐμοὶ
1207 2367 1235 2393 αἱ
1251 2367 1306 2393 ὁδοὶ
1319 2363 1409 2400 αὗται,
1424 2367 1492 2394 ἀλλὰ
1504 2367 1553 2403 τῆς
1566 2366 1656 2394 αὐτῶν
1669 2365 1855 2402 προαιρέσεως
1869 2373 1916 2392 καθ

1126 2412 1259 2448 πθύμια.

1167 2467 1176 2484 ι
1195 2459 1250 2486 Καὶ
1275 2458 1330 2494 ἐγὼ
1348 2459 1493 2495 ἐκλέξομαι
1508 2459 1543 2486 τὰ
1559 2459 1740 2495 ἐμπαίγματα
1755 2458 1856 2491 αὐτῶν,
1871 2458 1916 2485 καὶ

1126 2503 1176 2535 τὰς
1197 2503 1336 2539 ἁμαρτίας
1356 2503 1540 2531 ἀνταποδώσω
1557 2504 1649 2535 αὐτοῖς
1672 2504 1714 2531 ὅτι
1732 2503 1848 2530 ἐκάλεσα
1870 2503 1915 2529 αὑ-

1127 2550 1200 2581 τοὺς,
1228 2549 1275 2576 καὶ
1297 2550 1346 2584 οὺχ
1366 2550 1523 2585 ὑπήκουσάν
1551 2558 1620 2586 μουι
1648 2550 1776 2585 ἐλάλησα,
1800 2550 1847 2576 καὶ
1868 2549 1915 2575 οὐκ

1127 2596 1256 2631 ἥκουσαν·
1281 2596 1328 2623 καὶ
1351 2596 1482 2632 ἐποίησαν
1505 2597 1538 2624 τὸ
1561 2597 1679 2633 πονηρὸν
1695 2597 1816 2623 ἐναντίον
1839 2595 1914 2631 ἐμοῦ,

1127 2643 1173 2669 καὶ
1183 2641 1201 2669 ὃ.
1217 2644 1267 2668 οὐκ
1281 2642 1430 2678 ἐϐουλόμην
1441 2643 1607 2676 ἐξελέξαντο.
1624 2653 1633 2670 ι
1649 2644 1718 2670 Πότε
1731 2643 1759 2669 δὲ
1772 2642 1914 2670 καλοῦντος

1128 2688 1227 2720 αὐτοὺς
1254 2689 1284 2715 οὺ
1303 2689 1434 2724 συνῆκαν,
1458 2688 1475 2724 ἢ
1493 2689 1537 2716 ὅτε
1562 2691 1655 2722 αὐτοῖς
1670 2688 1820 2724 συντρίϐων
1841 2687 1911 2714 ἐϐόα·

1132 2743 1141 2760 ι
1159 2734 1241 2761 Δεῦτε
1258 2734 1326 2771 πρὸς
1343 2734 1388 2770 μὲ,
1404 2735 1506 2767 πάντες
1521 2736 1545 2762 οἱ
1561 2735 1709 2767 κοπιῶντες
1726 2735 1773 2762 καὶ
1790 2741 1912 2770 πεφορτι-

1129 2782 1234 2817 σμένοι,
1249 2779 1327 2815 κάγὼ
1342 2780 1493 2808 ἀναπαύσω
1506 2782 1596 2816 ὐμᾶςς
1615 2790 1624 2807 ι

1166 2837 1176 2854 ι
1199 2827 1345 2854 Ἀκούσατε
1358 2828 1469 2864 ῥήματα
1484 2827 1587 2863 Κυρίου
1617 2827 1642 2854 οἱ
1651 2827 1799 2863 τρέμοντες
1814 2825 1861 2853 τὸν
1872 2823 1910 2851 λό-
