2061 3215
163 174 217 202 ΒΝ

624 163 878 208 εοιιιιΕΝτΑιιιΑ
896 180 930 208 IN
950 175 1132 212 lSAlAbL—
1150 185 1227 214 CAP.
1248 186 1340 215 m1.

1736 192 1788 220 5l8

161 245 212 271 γον
227 234 320 265 αὑτοῦ.
333 237 445 272 Εῑπατε,
458 238 566 273 ἀδελφοὶ
579 239 667 275 ἡμῶν,
679 242 735 273 τοῖς
748 241 872 276 μισοῦσιν
884 243 939 279 ὗμᾶ

989 273 993 277 _
1007 252 1159 273 sermonem
1173 245 1242 281 ejus.
1258 247 1354 280 Dicite,
1367 247 1466 276 fratres
1480 249 1577 283 nostri,
1589 249 1741 279 odientibus
1759 256 1788 279 et

162 282 211 309 καὶ
233 282 464 319 βδελυσσομένοις,
482 285 526 311 ἵνα
543 285 574 312 τὸ
593 285 677 321 ὅνομα
703 287 807 322 Κυρίου
823 288 949 326 δοξασθῇ,

160 329 209 356 καὶ
223 329 292 365 ὀφθῇ
304 330 333 356 ὲν
345 331 377 366 ιεῇ
389 330 541 368 εὐφροσύνῃ
554 332 654 366 αὐτῶν,
672 334 718 360 καὶ
732 335 829 361 ἐκεῖνοι
840 336 950 371 αῑσχυν⁶

161 372 300 409 θήσονται.
326 384 336 400 ι
355 375 539 410 Εὑαγγελικὺν
554 378 645 409 αὐτοῖς
662 379 827 414 παραδίδωσι
844 381 951 417 παράγ-

159 420 251 456 γελμα
266 420 342 447 οὐδὲν
354 421 480 457 διαφέρον
496 423 555 456 τοῦ,
573 432 584 451 ‹
612 424 747 459 Ἀγαπᾶτε
760 426 823 458 τοὺς
835 427 949 462 ἐχθροὺς

159 464 247 500 ὑμῶν,
265 466 356 498 καλῶς
369 468 471 494 ποιεῖτε
487 469 549 500 τοὺς
573 469 718 504 μισοῦντας
735 471 817 506 ὑμᾶς,
834 473 949 508 προσεύ-

160 512 241 547 χεσθε
256 513 326 549 ὑπὲρ
340 513 393 540 τῶν
411 515 618 551 ἐπηρεαζόντων
632 517 705 552 ὑμᾶς
724 518 771 544 καὶ
786 518 946 552 διωκόντων,

160 558 204 585 ἵνα
217 558 332 594 γένησθε
347 560 400 586 υἱοὶ
413 561 458 587 τοῦ
472 562 578 598 Πατρός
593 562 669 598 ὑμῶν
680 563 725 590 τοῦ
740 565 768 591 ὲν
784 565 918 600 οὐρανοῖς.
934 575 944 592 ›

159 604 238 630 Οὕτω
253 605 300 631 καὶ
318 606 333 641 ἡ
350 607 502 642 προφητεία
519 608 736 643 παρακελεύεται
753 610 800 637 καὶ
815 610 944 638 διδάσκει.

196 659 206 675 ι
227 651 305 686 Φωνὴ
322 652 448 687 κραυγῆς
464 653 497 679 ὲκ
510 653 624 686 πόλεως,
639 655 714 691 φωνὴ
731 655 764 682 ὲκ
778 656 852 687 ναοῦ,
871 656 945 692 φωνὴ

158 695 261 731 Κυρίου
285 697 504 730 ἀνταποδιδόντος
520 699 697 726 ἀνταπόδοσιν
713 703 769 733 τοῖς
793 702 946 737 ἀντικειμέ-

157 749 224 773 νοις.
245 752 253 767 ι
269 742 300 768 El
323 742 476 778 Tap'rafrca
493 745 648 780 πράττοιτο,
670 746 746 781 ὑμῶν
764 747 813 782 μὲν
829 747 900 774 κατὰ
915 747 946 774 τὸ

157 787 232 819 τέλος
245 787 298 815 τῶν
311 789 432 824 ἁμοιΰῶν
444 790 596 826 εὐφροσύνη
609 791 720 826 ἔκδηλος
734 792 808 819 ἔσται
824 795 880 825 τοῖς
894 795 945 820 πᾶ-

157 842 209 860 σιν·
228 836 326 861 ἐκεῖνοι
341 835 369 861 δὲ
392 837 668 872 καταισχυνθήσοιηαι
683 838 713 864 τὸ
730 839 861 876 ὑμέτερον
880 839 944 866 θεα-

157 880 269 916 σάμενοι
291 881 376 913 τέλος,
395 882 442 908 καὶ
465 881 513 917 τὴν
538 882 640 910 ἑαυτῶν
655 883 792 911 ἀτιιὶιλειαν
813 884 882 911 κατὰ
898 885 943 912 τὸν

1002 291 1223 320 abominantibus
1246 300 1302 325 vos,
1324 298 1353 321 ut
1367 302 1465 322 nomen
1482 295 1587 323 Domini
1610 295 1786 331 glorificetur,

1000 341 1027 364 et
1048 337 1170 364 videatur
1183 338 1210 364 in
1228 338 1318 365 laetitia
1332 346 1437 371 eorum,
1452 344 1480 367 et
1495 340 1532 368 illi
1548 341 1758 369 confundentur.
1772 352 1784 369 ι

1000 382 1186 417 Evangelicum
1204 383 1269 418 ipsis
1286 389 1447 419 praeceptum
1471 386 1567 417 tradit.
1590 386 1657 413 nihil
1680 387 1786 414 discre-

999 435 1066 462 pans
1079 427 1112 455 ab
1128 434 1171 460 eo,
1191 436 1200 454 ι
1216 427 1323 464 Diligite
1342 429 1468 458 inimicos
1486 437 1609 466 vestros,
1633 432 1785 461 benefacite

998 473 1042 506 iis,
1058 474 1104 509 qui
1121 470 1235 502 dderunt
1249 482 1306 507 vos,
1321 481 1397 503 orate
1416 484 1466 511 pro
1488 475 1667 512 amigentibus
1685 485 1712 507 et
1725 487 1785 514 per-

998 519 1172 554 sequentibus
1189 527 1254 552 vos;
1276 526 1304 546 ut
1326 521 1385 548 sitis
1404 520 1449 548 lilii
1467 520 1555 549 Patris
1573 521 1667 556 vestri,
1683 523 1727 557 qui
1744 527 1786 550 est

997 567 1024 592 in
1040 566 1115 593 cmlis
1127 566 1160 593 ἰ.
1175 575 1184 592 ι
1205 566 1304 593 Eadem
1319 574 1431 601 prorsus
1447 569 1568 604 pracipit
1581 574 1608 596 et
1625 569 1703 597 docet
1719 577 1783 604 pro-

996 610 1098 645 phetia.

1033 655 1113 683 Vnns.
1127 655 1152 683 6.
1172 665 1181 682 ι
1197 655 1254 684 Vox
1276 656 1401 684 clamoris
1421 665 1454 684 ex
1476 658 1595 691 civitate,
1615 666 1667 686 vox
1683 666 1698 686 e
1715 663 1783 686 tem-

996 701 1049 736 plo.
1063 709 1112 728 vox
1131 701 1234 729 Domini
1251 701 1424 730 relribuenlis
1439 703 1642 730 retributionem
1658 703 1784 730 adversa.

998 747 1073 775 riis.»
1090 746 1155 774 Nam
1169 748 1190 774 si
1210 748 1266 775 lucc
1282 753 1405 782 agantur,
1421 748 1510 775 laetitia
1526 754 1625 781 vestra,
1638 749 1782 776 accedente

995 792 1166 825 praemiorum
1185 796 1316 827 tempore,
1337 792 1464 820 omnibus
1489 794 1632 821 manifesta
1652 794 1723 821 erit:
1743 794 1780 821 illi

995 843 1059 863 vero
1093 836 1173 863 ﬁnem
1206 841 1324 863 vestrum
1355 838 1502 872 conspicati
1531 838 1727 866 confundentur
1753 844 1781 867 et

995 889 1071 909 suam
1094 881 1188 916 judicii
1216 882 1299 910 divini
1329 887 1450 918 tempore
1479 885 1625 918 perniciem
1653 886 1782 921 operibus

154 927 205 962 τῆς
220 926 416 963 δικαιοκρισίας
432 928 526 963 καιρὸν
539 928 585 955 τοῦ
601 929 668 955 Θεοῦ
683 929 774 965 ἔργοις
789 930 939 966 μαθησόμε-

995 927 1124 955 ediscent.
1139 936 1148 953 ι
1162 926 1227 957 ‘Vox
1253 927 1379 956 clamoris
1408 936 1441 956 ex
1457 929 1576 961 civitate,
1606 937 1657 957 vox
1677 938 1693 958 e
1709 935 1779 958 tem-

155 983 205 1001 νοι.
233 983 242 1000 ι
261 974 340 1010 Φωνὴ
357 975 481 1011 κραυγῆς
502 975 534 1002 ἐκ
550 976 663 1008 πόλεως,
690 977 765 1012 φωνὴ
789 978 821 1003 ἐκ
837 977 912 1010 ναοῦ,
930 987 939 1003 ι

155 1021 184 1046 αἱ
207 1020 256 1055 μὲν
271 1018 300 1052 ἐξ
313 1020 396 1055 αὐτῆς
410 1022 460 1055 τῆς
474 1021 577 1053 πόλεως
594 1021 647 1049 τῶν
663 1022 812 1057 οἰκητόρων
828 1022 944 1049 ὲκὸοών-

154 1075 219 1098 των,
235 1066 309 1093 αιίδὲ
331 1066 361 1099 ἐξ
379 1066 461 1094 αὑτοῦ
475 1066 522 1093 τοῦ
539 1067 614 1101 ναοῦ,
634 1068 688 1095 τῶν
711 1069 805 1105 ἱερέων
820 1070 866 1096 καὶ
888 1069 942 1097 τῶν

153 1112 254 1140 λοιπῶν
268 1113 431 1148 λειτουργῶν
445 1113 678 1149 ἀποκλαιομένων.

191 1168 202 1185 ι
218 1159 286 1194 Πρὶν
302 1158 351 1195 τὴν
371 1159 519 1186 ὠδίνουσαν
530 1161 631 1193 τεκεῖν,
645 1159 712 1195 πρὶν
727 1160 813 1187 ἐλθεῖν
827 1160 872 1188 τὸν
890 1161 940 1188 πό-

154 1214 198 1232 νον
222 1205 278 1232 τῶν
301 1205 414 1238 ὠδίνων,
440 1206 565 1241 ἐξέφυγε,
589 1207 635 1233 καὶ
658 1207 749 1234 ἔτεκεν
774 1207 866 1243 ἄρσεν.
892 1208 941 1240 Τίς

153 1251 252 1286 ἢκουσε
276 1251 397 1284 comi-to;
415 1251 462 1278 καὶ
488 1251 528 1284 τίς
547 1250 667 1287 ἑώρακεν
690 1252 793 1285 οὓτωςς
814 1253 845 1278 Εἰ
862 1251 940 1279 ὦδινε

152 1297 188 1331 γῆ
204 1297 233 1321 ἑν
253 1296 346 1331 ἡμέρᾳ
362 1297 421 1331 μιᾷ,
439 1296 455 1332 ἢ
481 1296 528 1323 καὶ
544 1296 639 1332 ἐτέχθη
657 1296 732 1329 ἔθνος
752 1297 879 1331 εἰσάπαξ,
898 1297 938 1324 ὅτι

152 1341 230 1368 ὡδινε
245 1342 292 1369 καὶ
308 1341 385 1368 ἔτεκε
395 1342 470 1368 -Σιὼν
485 1342 518 1369 τὰ
533 1343 627 1370 παιδία
643 1343 747 1379 αὒτῆς;
770 1353 779 1368 ι
798 1343 834 1370 Τὸ
849 1344 940 1370 θεοσε-

152 1388 199 1420 ϐὲς
219 1388 380 1424 πολίτευμα,
397 1389 443 1415 καὶ
457 1390 473 1424 ὴ
491 1389 569 1425 καινὴ
585 1389 631 1416 καὶ
645 1389 693 1416 νέα
710 1388 789 1422 Σιὼν,
808 1389 906 1425 δηλαδὴ
921 1390 938 1425 ή

157 1433 305 1469 Ἐκκλησία
325 1433 372 1460 τοῦ
395 1433 473 1465 Θεοῦ,
490 1435 507 1468 ὴ
526 1433 559 1460 δι’
582 1433 658 1470 ὑμῶν
675 1434 873 1470 συστησομένη,
895 1442 938 1460 το-

153 1478 248 1505 σοῦτον
263 1479 368 1514 ἀθρόως
384 1479 509 1514 γεννήσει
525 1479 627 1514 πλῆθος
640 1478 725 1506 ὲθνῶν
744 1479 791 1506 καὶ
803 1479 885 1512 λαῶν,
900 1479 938 1511 ὡς

153 1525 321 1560 ἐκπλαγῆναι
334 1525 378 1552 τὸν
391 1525 535 1552 ἀκούοντα.
550 1522 600 1551 Οἷα
612 1525 665 1561 γάρ
675 1534 717 1557 τις
730 1525 858 1561 ἐγκύμων
868 1525 937 1561 γυνὴ

151 1571 223 1598 κατὰ
247 1571 364 1607 γαστρὸς
388 1570 496 1606 ἔχουσα,
517 1570 651 1607 μηδεμιᾶς
672 1571 765 1603 ὠδῖνος
790 1580 937 1608 προσγενο-
950 1591 972 1620 c

152 1617 245 1653 μένης,
270 1617 400 1651 αἰφνίδιον
420 1618 576 1653 γεννήσειε,
599 1617 647 1644 καὶ
668 1617 747 1644 τοῦτο
774 1618 866 1654 ἄρσεν’
890 1618 935 1646 τὸν

150 1663 230 1690 αὐτὸν
245 1663 344 1699 τρόπον
361 1663 408 1690 καὶ
422 1664 438 1698 ἡ
455 1662 503 1690 νέα
523 1663 591 1690 Σιὼν
613 1662 678 1690 λαὺν
701 1663 792 1690 καινὸν
809 1664 856 1691 καὶ
877 1663 936 1691 ὅλον

148 1710 226 1742 ⁸ἔθνος
239 1709 355 1743 εἰσάπαξ
370 1709 474 1746 ἁθρόως
488 1708 610 1742 τέξεται·
627 1709 665 1740 ὼς
678 1707 747 1736 εἶναι
761 1708 793 1736 τδ
812 1710 866 1736 πᾶν
881 1719 934 1737 πα-

152 1755 337 1790 ραδοξότατον,
353 1751 409 1781 οἷον
423 1753 594 1781 οὐδεπώποτε
609 1754 742 1790 ἠκούσθη.
763 1755 798 1781 Τὸ
817 1755 866 1790 μὲν
882 1755 935 1791 γὰρ

154 1799 289 1826 Ἰουδαίων
308 1798 394 1832 ἔθνος,
415 1799 462 1826 καὶ
478 1799 558 1831 αὐτὸς
576 1800 591 1826 ό
622 1799 740 1835 Ἰσραὴλ,
765 1800 815 1826 οὑκ
830 1800 936 1836 ἀθρόως

147 1846 291 1881 παρέπη-
307 1845 374 1872 me
393 1845 498 1879 πρῶτος
516 1845 564 1880 μὲν
581 1842 615 1881 ἦν
628 1845 718 1872 αὐτῶν
736 1847 750 1873 ὁ
774 1846 932 1882 προπάτωρ·

148 1890 246 1918 τούτου
263 1890 292 1917 δὲ
314 1891 441 1925 γεγόνασι
458 1891 551 1923 παῖδες
568 1891 610 1926 ιβ’⁶
627 1889 676 1918 εἴτ’
691 1891 720 1925 ἐξ
738 1892 797 1924 ἑνὸς
820 1893 934 1920 ἑκάστου

146 1938 202 1964 uio!
222 1946 252 1964 τε
269 1937 317 1964 καὶ
332 1936 490 1972 θυγατέρες·
513 1933 550 1964 ὧν
571 1937 624 1964 υἱοί
645 1946 675 1964 τε
697 1937 744 1965 καὶ
767 1937 871 1972 ἔκγονοι
887 1937 934 1964 καὶ

145 1984 277 2018 ἀπόγονοι
293 1983 458 2018 ὑπέστησαν·
477 1982 547 2010 οὕτω
561 1991 591 2009 τε
607 1984 677 2011 κατὰ
691 1983 740 2018 τὴν
763 1983 816 2009 τῶν
834 1982 934 2017 γονέων

148 2029 272 2064 διαδοχὴν
286 2029 315 2055 ἐν
330 2028 432 2055 πλείοσι
445 2027 551 2064 χρόνοις
565 2028 612 2055 καὶ
636 2028 664 2054 ἐν
679 2027 815 2063 διαφόροις
829 2029 933 2062 γενεαῖς

149 2075 264 2110 συνέστη
275 2075 306 2101 τὸ
322 2075 376 2101 πᾶν
389 2074 478 2101 αὐτῶν
490 2073 574 2105 ἔθνος.

144 2128 146 2131 ‘
186 2130 196 2147 ι
221 2120 291 2155 Ἐγὼ
305 2120 333 2147 δὲ
349 2120 437 2147 ἔδωκα
451 2120 500 2156 τὴν
519 2119 681 2156 προσδοκίαν
694 2120 807 2156 ταύτην,
824 2119 871 2146 καὶ
885 2119 934 2146 οὐκ

148 2167 285 2203 ἐμνήσθης
301 2174 361 2202 μου,
380 2164 439 2193 εἶπε
455 2167 566 2201 Κύριος.
583 2165 640 2192 Οὐκ
656 2165 709 2192 ἰδοὺ
726 2165 781 2200 ἐγὼ
797 2165 933 2200 γεννῶσαν

147 2214 194 2240 καὶ
210 2213 321 2249 στείραν
337 2211 461 2248 ἐποίησα,
478 2210 553 2238 εἶπεν
565 2213 579 2238 ὁ
596 2211 664 2244 Θεός
680 2220 743 2244 σου;
763 2221 772 2237 ›
795 2212 872 2239 Κατὰ
887 2211 931 2239 τὸν

993 973 1045 1007 plo.
1060 982 1069 998 ι
1091 972 1175 1000 Voces
1197 973 1303 1008 quidem
1319 972 1379 1000 aliae
1397 974 1495 1001 civium
1514 975 1722 1003 exclamantium
1745 984 1780 1004 ex

993 1019 1118 1050 civitate.
1154 1019 1213 1046 aliae
1248 1026 1280 1045 ex
1312 1019 1411 1053 templo
1450 1020 1572 1052 emissae,
1608 1022 1778 1048 sacerdotum

992 1068 1208 1099 cmlerorumque
1253 1064 1439 1092 ministrorum
1477 1065 1640 1101 lugentium,
1680 1066 1778 1094 futurae

991 1115 1064 1137 sunt.

1028 1156 1108 1183 Vens.
1121 1156 1149 1189 7,
1163 1155 1189 1184 8.
1209 1164 1218 1181 ι
1235 1156 1386 1191 Antequam
1407 1158 1561 1192 parturiens
1579 1159 1684 1194 pariat,
1701 1163 1777 1187 ante-

991 1210 1070 1238 quam
1094 1203 1202 1230 veniant
1226 1203 1332 1231 dolores
1356 1209 1464 1239 partus,
1487 1204 1599 1240 effugit,
1623 1210 1651 1233 et
1672 1206 1777 1240 peperit

991 1248 1149 1277 Inascul‘om,
1164 1247 1231 1281 Quis
1252 1248 1355 1276 audivit
1375 1248 1445 1276 tale?
1465 1249 1569 1285 et‘quis
1586 1251 1652 1278 vidit
1672 1252 1777 1279 simile?

989 1293 1058 1321 Num
1078 1295 1223 1330 parturivit
1247 1299 1318 1323 terra
1340 1296 1384 1323 die
1399 1303 1463 1328 una,
1484 1304 1547 1324 num
1570 1301 1632 1324 nata
1652 1302 1693 1324 est
1710 1305 1776 1332 gens

989 1340 1083 1373 simul,
1112 1341 1174 1375 quia
1205 1341 1348 1376 parturivit
1370 1348 1398 1369 et
1425 1341 1529 1376 peperit
1556 1341 1620 1370 Sion
1648 1343 1776 1377 parvulos

989 1386 1086 1414 suos‘io
1105 1386 1152 1413 Pia
1169 1386 1274 1422 religio,
1287 1393 1314 1414 et
1328 1394 1398 1414 nova
1411 1393 1560 1421 recensque
1574 1386 1651 1418 Sion,
1667 1387 1775 1415 scilicet

989 1431 1108 1460 Ecclesia
1131 1431 1192 1465 Dei,
1215 1439 1264 1468 per
1286 1439 1333 1460 vos
1357 1432 1557 1466 constituenda,
1581 1437 1682 1460 tantam
1708 1441 1774 1461 con-

988 1479 1078 1506 fertim
1093 1479 1213 1513 gentium
1228 1484 1256 1506 et
1275 1478 1432 1514 populorum
1454 1477 1655 1505 multitudinem
1673 1479 1774 1513 pariet,

988 1531 1018 1554 ut
1033 1526 1079 1561 qui
1095 1526 1210 1554 audierit
1224 1525 1408 1562 Obstupescat.
1423 1526 1530 1553 Atenim
1545 1527 1774 1561 quemadmodum

987 1572 1010 1600 si
1030 1572 1127 1599 mulier
1148 1573 1269 1606 quaedam
1289 1576 1397 1599 uterum
1423 1577 1533 1607 gestans
1559 1579 1590 1600 ac
1616 1580 1770 1608 praegnans,

988 1618 1047 1646 sine
1061 1618 1115 1646 ullo
1132 1618 1225 1645 dolore
1251 1622 1364 1654 repente
1389 1617 1538 1645 masculum
1566 1618 1672 1652 pariat;
1690 1620 1729 1646 sic
1746 1623 1774 1646 et

987 1671 1056 1691 nova
1073 1663 1138 1691 Sion
1155 1663 1283 1698 populum
1307 1671 1425 1696 novum,
1447 1667 1475 1691 et
1494 1663 1648 1692 universam
1665 1670 1774 1700 gentem

987 1709 1067 1737 semel
1080 1714 1107 1737 et
1122 1708 1263 1737 confertim
1281 1709 1385 1744 pariet;
1405 1709 1442 1736 ita
1458 1714 1488 1736 ut
1503 1710 1636 1744 stupenda
1654 1718 1697 1737 res
1714 1714 1771 1738 tota

986 1754 1031 1786 sit,
1051 1753 1138 1789 qualis
1158 1754 1248 1781 audita
1268 1761 1405 1788 nunquam
1421 1753 1482 1781 fuit.
1504 1753 1658 1782 Iudaeorum
1673 1756 1773 1790 quippe

987 1800 1059 1827 natio
1071 1803 1099 1827 et
1118 1799 1175 1834 ipse
1193 1798 1275 1826 Israel
1298 1807 1351 1826 non
1376 1799 1519 1827 confertim
1546 1799 1693 1834 productus
1707 1805 1770 1828 est:

986 1853 1047 1872 nam
1072 1846 1146 1880 prior
1164 1845 1271 1880 quidem
1299 1845 1348 1873 fuit
1373 1852 1466 1873 eorum
1492 1846 1669 1880 progenitor:
1690 1846 1771 1880 hujus

985 1898 1049 1918 vero
1064 1890 1206 1918 duodecim
1228 1889 1306 1918 fuere
1321 1890 1368 1918 lilii
1388 1899 1396 1918 :
1419 1890 1481 1918 hinc
1498 1898 1532 1918 ex
1551 1891 1665 1926 singulis
1681 1891 1727 1918 lilii
1745 1896 1772 1918 et

986 1935 1057 1970 ﬁliae,
1071 1936 1168 1970 quibus
1184 1936 1248 1963 item
1264 1935 1311 1963 lilii
1332 1939 1359 1962 et
1381 1940 1494 1971 nepotes
1510 1940 1537 1963 et
1553 1937 1700 1971 abnepotes
1717 1938 1771 1965 orti

985 1987 1056 2014 surt,
1078 1987 1159 2017 atque
1177 1982 1213 2009 ita
1229 1989 1277 2017 per
1292 1986 1432 2016 parentum
1448 1982 1659 2014 successionem,
1675 1982 1769 2010 multis

985 2034 1114 2054 annorum
1139 2017 1294 2060 curriculis,
1316 2031 1343 2054 et
1360 2026 1444 2054 variis
1467 2026 1684 2062 generationibus
1709 2028 1770 2055 uni-

984 2079 1089 2100 versum
1103 2080 1187 2108 genus
1201 2080 1294 2100 eorum
1309 2072 1441 2100 constitit.

1019 2118 1102 2146 Vens.
1116 2118 1143 2146 9.
1166 2127 1176 2144 ι
1190 2118 1248 2153 Ego
1265 2125 1330 2145 vero
1348 2118 1409 2145 dedi
1433 2119 1663 2153 exspectationem
1686 2119 1768 2151 hanc.

983 2170 1010 2195 et
1029 2173 1081 2194 non
1101 2164 1258 2193 recordatus
1278 2171 1307 2192 es
1328 2163 1397 2197 mei,
1419 2163 1489 2191 dixit
1512 2164 1651 2192 Dominus.
1676 2164 1771 2193 Nonne

983 2220 1032 2248 ego
1047 2212 1200 2247 gignentem
1221 2215 1248 2237 et
1264 2210 1384 2237 sterilem
1399 2210 1450 2238 feci
1460 2230 1467 2242 ,
1482 2211 1549 2238 dixit
1571 2212 1641 2238 Deus
1664 2211 1745 2238 tuus?
1756 2220 1767 2237 ι

147 2259 227 2285 αὐτὸν
238 2258 267 2286 δὲ
280 2259 380 2295 τρόπον
395 2257 469 2294 εὖροι
487 2258 519 2285 ἄν
532 2267 574 2290 τις
590 2258 636 2284 καὶ¹
649 2257 683 2284 τὰ
694 2257 775 2284 λοιπὰ
791 2257 853 2293 ἔθνη
871 2257 932 2293 χρό-

989 2258 1082 2286 Eodem
1101 2263 1212 2292 prorsus
1232 2256 1311 2284 modo
1325 2256 1395 2284 alias‘
1409 2264 1517 2292 quoque
1538 2261 1633 2291 gentes
1656 2263 1769 2284 numero

147 2313 202 2337 νοις
219 2305 259 2336 εἰς
282 2304 382 2339 πλῆθος
399 2303 593 2331 ὲπιδεδωκότα·
617 2304 632 2330 ὁ
654 2304 683 2331 δὲ
701 2304 750 2339 τῆς
771 2304 933 2339 Ἐκκλησίας

146 2350 194 2377 τοῦ
209 2350 274 2376 Θεοῦ
291 2350 354 2382 λαὸς
370 2349 474 2385 ἀθρόως
486 2350 530 2384 ὑφ’
545 2350 593 2377 ἕνα
606 2351 701 2386 καιρὸν
716 2351 762 2377 καὶ
776 2350 869 2387 ὥσπερ
881 2351 933 2377 ὑπὸ

149 2396 212 2431 μίαν
233 2395 338 2432 ἡμέραν
356 2396 474 2431 ἐπλήρου
496 2396 531 2422 τὰ
553 2396 666 2423 πλεῖστα
689 2396 760 2433 μέρη
773 2397 824 2432 τῆς
841 2397 932 2423 οἰκου-

149 2441 247 2477 μένης·
265 2441 279 2467 ὃ
301 2441 331 2477 δὴ
348 2441 451 2475 ξενίζον
472 2443 587 2477 πρᾶγμα
603 2443 651 2469 καὶ
670 2442 807 2478 θαύματος
831 2442 932 2474 παντὸς

145 2487 275 2514 ἐπέκεινα
299 2487 420 2523 ὑπάρχον
439 2487 501 2514 οὔτε
524 2488 662 2524 ὀφθαλμὸς
683 2488 788 2526 ἑώρακε
810 2488 931 2522 πώποτε,

145 2533 208 2559 οὔτε
223 2531 268 2564 οὖς
283 2533 392 2568 ἤκουσε.

184 2589 194 2604 ι
211 2578 393 2614 Εὐφράνθητι,
417 2579 603 2615 Ἰερουσαλὴμ,
621 2580 668 2608 καὶ
683 2581 886 2617 πανηγυρίσατε
902 2581 930 2607 ἐν

145 2625 226 2660 αὐτῇ,
242 2624 342 2656 πάντες
352 2625 376 2650 οἰ
386 2624 545 2658 ἀγαπῶντες
561 2626 654 2661 αὑτήν.
670 2625 779 2662 Χάρητε
790 2625 848 2661 ἅμα
862 2626 929 2662 αὐτῇ

144 2671 218 2707 χαρᾷ
232 2670 332 2702 πάντες
352 2670 409 2696 ὅσοι
425 2670 545 2696 πενθεῖτε
563 2671 606 2697 ἐπ’
620 2672 701 2708 αὐτῇ,
717 2672 760 2698 ἵνα
782 2671 929 2708 θηλάσητε,

144 2717 193 2743 καὶ
215 2715 390 2751 ἐμπλησθῆτε
410 2715 464 2742 ἀπὸ
486 2716 587 2751 μαστοῦ
612 2718 811 2753 παρακλήσεως
834 2717 927 2752 αὐτῆς,

145 2762 189 2789 ἵνα
205 2760 404 2796 ὲκθηλάσαντες
426 2763 583 2798 τρυφήσητε
600 2763 655 2790 ἀπὸ
673 2763 775 2790 εἰσόδου
788 2762 866 2798 δόξης
878 2763 928 2790 αὑ-

143 2808 204 2843 τῆς.
224 2817 234 2834 ι
251 2806 366 2842 Χαίρετε
383 2809 430 2835 καὶ
446 2808 621 2844 ἀγαλλιᾶσθε,
637 2809 674 2841 ὼς
692 2809 832 2845 μέλλοντες
848 2809 928 2844 ὲμπί-
958 2850 962 2853 .

181 2900 203 2918 ³¹
222 2900 316 2928 Matth.
332 2908 358 2934 v,
371 2898 415 2928 M.

986 2312 1017 2332 ac
1036 2303 1208 2331 multitudine
1222 2309 1284 2329 cum
1305 2306 1425 2336 tempore
1448 2306 1542 2329 auctas
1563 2302 1698 2337 reperias;
1720 2300 1767 2329 Dei

985 2355 1074 2378 autem
1100 2348 1228 2376 Ecclesia:
1251 2348 1379 2383 populus,
1404 2347 1545 2375 confertim
1568 2354 1675 2381 unoque
1697 2351 1767 2374 tem-

985 2404 1063 2432 pore,
1087 2401 1113 2423 et
1140 2395 1215 2430 quasi
1240 2403 1291 2422 una
1319 2395 1380 2428 die,
1398 2395 1543 2421 maximam
1565 2392 1640 2421 orbis
1662 2398 1767 2428 partem

984 2443 1114 2478 implevit.
1132 2442 1219 2475 Quam
1239 2448 1296 2468 rem
1319 2448 1385 2468 sane
1406 2435 1563 2475 stupendatlt
1593 2439 1767 2475 omniumque

984 2487 1229 2519 mirabilissimam,
1256 2493 1305 2514 nec
1320 2485 1414 2514 oculus
1435 2491 1553 2521 unquam
1573 2484 1694 2518 viderat,
1716 2492 1767 2512 nec

982 2534 1054 2562 auris
1068 2533 1200 2561 audierat.

1017 2579 1100 2607 Vens.
1112 2578 1156 2611 10,
1174 2579 1217 2608 11.
1238 2587 1247 2604 ι
1262 2577 1373 2611 Laetare,
1387 2576 1546 2611 Jerusalem,
1562 2580 1589 2604 et
1603 2579 1765 2603 conventum

980 2624 1060 2652 facite
1080 2625 1106 2651 in
1121 2631 1165 2657 ea,
1187 2631 1282 2651 omnes
1295 2623 1340 2657 qui
1356 2621 1466 2656 diligitis
1480 2628 1550 2649 eam.
1570 2620 1690 2648 Gaudete
1704 2627 1764 2647 cum
1781 2634 1785 2637 ς

980 2677 1011 2698 ea
1027 2671 1124 2705 gaudio
1138 2677 1232 2697 omnes
1246 2672 1378 2703 quotquot
1394 2667 1492 2702 lugetis
1513 2673 1594 2699 super
1612 2673 1656 2698 ea,
1671 2669 1700 2692 ut
1719 2673 1766 2693 su-

982 2716 1061 2751 gatis,
1077 2720 1104 2743 et
1123 2714 1288 2750 impleamini
1312 2714 1346 2741 ab
1372 2713 1454 2740 ubere
1477 2708 1669 2739 consolationis
1687 2711 1764 2746 ejus;

982 2767 1011 2789 ut
1029 2767 1171 2797 postquam
1190 2760 1329 2792 snxeritis,
1345 2758 1514 2787 delectemini
1530 2757 1564 2785 ab
1581 2758 1691 2785 introitu
1708 2757 1765 2792 glo-

981 2809 1029 2837 riae
1042 2809 1109 2845 ejus.
1123 2818 1132 2835 ι
1151 2807 1273 2836 Gaudete
1291 2811 1318 2834 et
1335 2804 1478 2838 exsultate,
1492 2809 1583 2840 utpote
1597 2811 1630 2833 eo
1643 2803 1765 2838 fruituri,
