2061 3215
290 190 342 218 519

625 188 759 216 EUSEBII
778 187 1012 217 CIESARIE‘NSlS
1032 187 1106 215 OPP.
1123 186 1215 214 PARS
1236 185 1281 213 Ill.
1301 200 1336 205 —
1355 183 1562 212 EXEGETICA.

1867 182 1919 210 520

289 247 334 282 qui
354 247 445 274 statim
460 254 566 282 unoque
587 251 709 282 temporeI
724 246 873 274 masculum
895 246 1023 282 populum
1043 246 1075 273 ibi

1132 245 1249 272 πλασθαι
1263 243 1311 270 τοῦ
1331 244 1360 270 έν
1377 243 1444 278 αὐτῇ
1463 242 1570 278 ἀθρόως
1594 242 1774 277 γεννήσαντος
1789 241 1861 268 λαὸν
1881 241 1919 276 τῷ

291 293 345 320 Deo
357 292 464 328 genuit,
484 301 516 321 ac
536 298 629 328 utpote
645 293 765 328 replendi
787 292 868 324 lacte,
882 293 915 320 ad
932 292 1074 319 infantium

289 339 374 374 ipsius
388 339 545 365 alimentum
559 343 662 373 parato,
677 339 748 373 quod
770 346 836 366 sane
848 338 891 366 lac
905 338 1073 373 rationabile,

289 389 406 419 utroque
426 392 460 411 ex
485 385 567 412 ubere
587 383 750 418 ell'undetur,
765 393 798 412 ex
820 385 911 413 Veteri
931 393 1028 420 nempe
1048 390 1075 412 et

290 430 365 457 Novo
391 430 575 458 Testamento.
602 430 640 457 Ex
666 432 797 459 ambobus
819 432 892 460 enim
921 431 1074 467 hujusmodi

290 475 426 506 uberibus,
440 475 473 502 de
485 475 584 510 quibus
598 475 697 503 dicitur
710 477 738 503 in
760 477 872 504 Cantico
887 477 920 509 ⁸²,
941 486 950 503 ι
966 476 1075 504 Meliora

289 525 350 547 sunt
364 522 445 547 ubera
461 524 505 546 tua
524 520 596 552 vino,
622 529 632 546 ι
649 521 805 549 rationabili
816 525 844 549 et
855 521 915 549 sine
927 521 991 549 dolo
1005 522 1075 550 lacte

287 565 414 600 puerulos
440 565 582 601 irrigabit,
605 567 698 602 sicque
724 567 861 602 perfectos
884 568 1014 602 producet
1032 569 1075 596 vi-

289 619 334 638 I'OS
337 629 345 638 .

323 657 462 686 Vsus.12.
485 657 574 692 «Quia
595 657 653 685 haec
675 657 742 685 dicit
766 658 912 692 Dominus,
935 660 1004 688 Ecce
1026 668 1076 695 ego

282 704 394 732 decline
411 704 444 731 ad
460 711 505 730 eos
520 705 596 738 quasi
616 704 710 731 ﬂuvios
735 705 819 739 pacis,
835 710 862 732 et
878 706 954 740 quasi
972 712 1077 734 torren-

288 756 339 784 tes,
356 750 489 777 iuundans
505 750 616 784 gloriam
639 751 768 784 gentium.
784 750 892 778 Parvuli
916 759 1009 779 eorum
1030 753 1077 780 bu-

288 797 369 825 meris
389 798 581 832 porlabuntur,
595 800 622 823 et
636 804 717 831 super
735 804 819 831 genua
837 798 1073 827 consolabuntur.»

287 838 468 871 Consolatorii
498 844 589 878 itaque
614 847 642 869 et
668 843 701 869 ad
729 843 868 871 leuiendos
897 844 1076 878 simpliciores

287 891 391 917 animos
415 889 569 917 concinnati
587 897 735 921 sermones,
749 889 790 917 lac
805 895 956 925 opportune
977 898 1076 918 vocan-

1128 291 1188 325 Θεῷ
1195 291 1307 326 ἀρρενα,
1319 289 1366 315 καὶ
1376 288 1511 323 γάλακτος
1524 288 1611 323 ὲκπλη
1616 286 1724 323 ροῦσθαι
1737 288 1776 319 εἰς
1785 287 1919 322 ἐκτροφὴν

1127 337 1181 364 τῶν
1195 337 1279 372 αὐτῆς
1292 335 1406 371 νηπίων.
1430 336 1463 362 '0
1479 334 1511 370 δὴ
1528 333 1635 368 λογικὸν
1651 333 1720 368 γάλα
1736 333 1791 360 ἀπὸ
1805 333 1860 360 τῶν
1872 333 1919 361 δύο

1128 383 1217 420 θηλῶν
1238 382 1322 418 αὐτῆς
1336 381 1439 417 ῥεύσει,
1462 381 1583 412 Παλαιᾶς
1597 379 1696 415 δηλαδὴ
1715 380 1763 407 καὶ
1774 379 1847 411 Νέας
1858 381 1921 407 Διαι-

1129 429 1225 466 θήκης.
1245 429 1291 462 Ἐξ
1309 428 1472 464 ἀμφοτέρων
1489 427 1544 463 γὰρ
1559 427 1662 454 τούτων
1685 426 1738 454 τῶν
1754 427 1855 461 ἑαυτῆς
1870 435 1920 461 μα-

1129 477 1194 509 ζῶν,
1209 476 1273 512 περὶ
1287 473 1324 503 ὧν
1340 476 1446 511 εἴρηται
1460 475 1507 502 καὶ
1526 475 1555 501 ὲν
1568 474 1608 509 τῷ
1623 474 1752 510 ’ᾼσματμ
1763 474 1804 500 ὅτι
1816 483 1829 499 ‹
1842 474 1920 507 Ἄγα-

1130 521 1171 548 Ool.
1185 522 1209 548 οἱ
1227 521 1324 557 μαστοί
1338 530 1384 548 σου
1402 520 1472 556 ὑπὲρ
1490 520 1572 552 οῐνον,
1591 529 1600 545 ι
1618 521 1676 551 τοῖς
1691 519 1794 554 εαυτῆς
1814 518 1920 554 νηπίοις

1128 567 1284 603 ὲπάρδουσα
1304 578 1312 593 ι
1331 567 1362 594 τὸ
1381 567 1489 602 λογικὸν
1508 567 1557 593 καὶ
1578 565 1671 593 ἄδολον
1693 565 1775 600 γάλα,
1792 574 1802 592 ι
1821 565 1920 601 ἄνδρας

1128 614 1260 650 προσάξει
1276 614 1406 645 τελείους.

1167 669 1177 685 ‹
1193 660 1253 686 ’Ὁτι
1268 659 1331 686 τάδε
1353 659 1427 694 λέγει
1447 659 1566 694 Κύριοςο
1594 658 1659 685 Ἰδοὺ
1679 657 1734 693 ἐγὼ
1747 657 1864 685 έκκλίνω
1876 658 1916 690 εἰς

1129 706 1228 737 αὐτοὺς
1247 706 1285 738 ὡς
1305 706 1444 741 ποταμοὺς
1465 706 1588 741 είρήνης,
1612 705 1659 731 καὶ
1683 704 1721 736 ὡς
1740 705 1919 740 χειμάρρους,

1130 751 1283 783 ἐπικλύζων
1297 751 1376 784 δόξαν
1395 751 1491 778 seven.
1511 751 1551 777 Τά
1564 751 1658 777 παιδία
1677 751 1767 778 αὐτῶν
1779 751 1822 777 ἐπ’
1835 750 1919 786 ὤμων

1129 798 1302 834 ἀρθήσονται,
1319 798 1366 825 καὶ
1381 798 1427 824 ἐπὶ
1438 797 1559 832 γονάτων
1572 797 1839 833 παρακληθήσονται,
1856 806 1870 823 ο
1886 798 1921 824 υἱ

1129 843 1194 878 γοῦν
1207 844 1281 878 λόγοι
1296 844 1320 870 οἱ
1342 843 1542 879 παρακλητικώ
1563 845 1610 870 καὶ
1627 843 1851 879 παραμυθητικοὶ
1864 842 1925 886 τῷξ

1129 889 1309 925 ἀτελεστέρων
1321 889 1415 925 ψυχῶν
1428 889 1499 923 γάλα
1519 889 1622 925 κυρίως
1636 888 1844 924 ὠνομάσθησαν,
1859 882 1910 915 σέ,

289 941 333 963 tur
346 943 354 963 ι
369 943 430 963 nam
447 936 548 963 snlidus
566 935 642 962 cibus
663 935 689 961 in
709 935 832 970 mysticis
847 935 1023 970 dogmatibus
1038 936 1075 963 in-

1130 936 1192 972 ρεᾶς
1206 936 1310 971 τροφῆς
1323 937 1352 962 ὲν
1367 935 1482 971 δόγμασι
1499 936 1640 970 μυστικοῖς
1651 935 1810 969 νοουμένης.
1822 934 1874 961 καὶ
1888 934 1918 960 έν

288 981 428 1016 telligitur,
450 986 478 1008 et
503 982 529 1007 in
555 978 806 1015 speculationibus,
831 988 891 1015 quae
924 980 950 1008 in
979 981 1077 1009 divinis

288 1027 436 1062 Scripturis
453 1026 579 1061 repositae
594 1029 668 1053 sunt.

325 1072 404 1100 Vens.
419 1072 462 1099 15.
481 1081 491 1097 ‹
505 1071 643 1105 Quomodo
657 1072 680 1099 si
699 1079 779 1107 quem
796 1076 884 1099 mater
905 1071 1073 1104 consoletur,

285 1119 324 1146 ita
337 1124 364 1146 et
380 1127 429 1154 ego
444 1119 604 1146 consolabor
619 1126 679 1151 vos,
694 1124 720 1146 et
731 1119 757 1146 in
770 1118 937 1146 Hierusalem
951 1118 1076 1146 consola-

286 1165 393 1193 bimini.
408 1175 418 1192 ι
439 1165 487 1192 llic
515 1173 620 1192 rursum
644 1165 756 1200 gloriam
783 1165 916 1200 gentium,
942 1165 1077 1199 praedicue

287 1217 364 1237 novae
384 1209 459 1236 Sioni
477 1209 723 1245 llierosolymteque
742 1211 891 1242 aseribens,
906 1217 999 1244 pacem
1015 1217 1077 1244 gett-

288 1257 360 1284 tibus
377 1256 548 1284 tribuendam
570 1256 712 1283 inundanti
732 1255 836 1283 ﬂumini
858 1261 1011 1291 comparat.
1029 1255 1076 1284 His

287 1307 378 1329 autent
393 1302 635 1336 pollicitationibus
651 1302 779 1336 superius
802 1309 910 1336 quoque
933 1307 976 1329 est
1000 1309 1075 1335 usus,

287 1348 444 1383 signiﬁcans
457 1355 514 1380 eos,
529 1349 573 1382 qui
588 1348 678 1376 adhuc
691 1349 716 1375 in
732 1347 852 1375 Ecclesia
869 1347 988 1375 infantes
1001 1353 1074 1381 sunt,

286 1397 380 1428 utpote
396 1395 441 1427 qui
460 1393 530 1419 lacte
553 1393 718 1424 nutriantur,
739 1392 891 1420 nutricibus
914 1392 1076 1427 quibusdam

285 1439 432 1474 gestandos
456 1445 532 1470 esse;
561 1438 618 1465 sive
642 1445 657 1465 a
681 1437 798 1464 sinceris
824 1437 954 1465 Ecclesiae
981 1438 1076 1465 docto-

288 1486 362 1512 ribus
377 1489 404 1511 et
420 1484 564 1518 prtefectis,
588 1484 707 1518 iteratque
728 1491 743 1510 a
760 1483 859 1511 divinis
874 1489 901 1510 et
918 1483 1076 1511 caelestibus

286 1530 400 1566 angelis.
413 1530 463 1563 Qui
480 1530 561 1565 igitur
577 1530 743 1557 valentiores
756 1534 828 1561 sunt,
845 1529 1011 1557 infirmiores
1028 1529 1076 1556 bu-

288 1575 372 1603 meris
391 1575 545 1610 gestabunt,
561 1579 589 1602 et
604 1574 636 1601 ad
651 1582 740 1609 genua
756 1573 988 1601 consolabuntur:
1004 1581 1037 1601 ac
1052 1574 1074 1600 si

288 1627 378 1649 mater
391 1621 453 1648 liliis
467 1620 632 1653 blandiatur,
646 1625 674 1646 et
689 1627 739 1654 ego
757 1619 813 1655 ipse
827 1619 966 1652 Dominus,
984 1624 1076 1654 utpote

287 1675 382 1696 eorum
403 1666 524 1694 omnium
548 1665 641 1699 Pater,
666 1666 873 1694 imbecilliorum
891 1666 1077 1694 consolatores

288 1713 460 1743 Consolabor.

335 1803 419 1832 Vens.
439 1803 482 1831 Η.
510 1811 520 1829 ‹
539 1803 573 1830 Ει
596 1802 734 1835 videbitis,
761 1807 788 1831 et
811 1803 939 1839 gaudebit
965 1810 1013 1831 cor
1028 1811 1077 1832 ve-

287 1856 386 1884 strum,
402 1855 429 1878 et
449 1857 512 1878 ossa
535 1854 625 1877 vestra
650 1849 728 1884 quasi
744 1848 827 1876 herba
844 1849 1045 1884 germinabunt.
1062 1859 1072 1876 ι

268 1896 272 1900 ’
288 1899 339 1927 llic
351 1898 559 1934 promissionum
572 1897 634 1924 linis
646 1897 707 1929 erit,
721 1904 826 1931 nempe,
838 1896 970 1924 Videbitis
981 1897 1074 1925 Deum.

1128 982 1285 1018 θεωρήμασι
1308 982 1365 1014 τοῖς
1383 982 1413 1008 έν
1435 982 1495 1012 ταῖς
1518 981 1603 1013 θείαις
1622 981 1746 1016 Γραφαῖς
1764 980 1919 1015 ἀποκειμέι

1127 1035 1193 1058 νοις.

1166 1082 1175 1099 ι
1202 1073 1245 1105 Ὠς
1267 1073 1293 1100 ετ
1315 1071 1376 1100 τινα
1404 1073 1495 1109 μήτηρ
1517 1072 1716 1109 παρακαλέσει,
1740 1071 1812 1098 οὕτω
1835 1071 1920 1107 κάγὼ

1127 1119 1311 1155 παρακαλέσω
1335 1119 1417 1154 ὑμᾶς,
1436 1119 1482 1145 καὶ
1497 1119 1526 1146 έν
1548 1117 1726 1155 Ἰερουσαλὴμ
1740 1118 1921 1153 παρακληθή-

1128 1164 1217 1190 σεσθε.
1238 1173 1248 1190 ›
1266 1164 1350 1191 [Ιάλιν
1368 1163 1509 1191 κάνταῦθα
1522 1164 1576 1190 τῶν
1587 1164 1671 1191 ἐθνῶν
1683 1164 1763 1196 δόξαν
1778 1164 1920 1191 συνάπτων

1126 1211 1159 1245 τῇ
1180 1209 1359 1246 προλεχθείσῃ
1381 1210 1429 1246 νέᾳ
1443 1209 1513 1237 Σιὼν
1534 1210 1581 1237 καὶ
1602 1212 1636 1246 τῇ
1667 1209 1853 1245 Ἰερουσαλὴμ,
1867 1209 1919 1244 τὴν

1126 1256 1310 1292 δοθησομένην
1328 1258 1384 1288 τοῖς
1405 1256 1510 1283 ἔθνεσιν
1530 1257 1641 1293 εἰρήνην
1653 1256 1772 1292 ποταμῷ
1785 1255 1922 1283 κατακλύ-

1127 1302 1199 1334 ζοντι
1221 1303 1398 1339 παραϐάλλει.
1415 1304 1471 1330 Καὶ
1485 1302 1614 1337 ἀνωτέρω
1627 1302 1656 1329 δὲ
1677 1303 1738 1333 ταῖς
1749 1302 1844 1337 afﬁgi;
1857 1301 1920 1328 ὲκέ-

1126 1357 1211 1385 χρητο
1226 1348 1413 1383 ἐπαγγελίαις,
1436 1348 1576 1384 σημαίνων
1595 1348 1633 1380 ὡς
1657 1348 1720 1379 τοὺς
1739 1347 1778 1374 ἔτι
1802 1347 1917 1382 νηπίους

1125 1394 1174 1430 τῆς
1191 1395 1363 1430 Ἐκκλησίας,
1378 1395 1426 1422 ἄτε
1442 1394 1474 1431 δὴ
1487 1394 1603 1429 γάλακτι
1621 1393 1815 1429 τρεφομένους,
1840 1393 1918 1429 τιθη-

1126 1440 1167 1468 νοί
1181 1449 1254 1472 τινες
1274 1440 1520 1474 ὑποσαστάξουσιν,
1536 1441 1595 1475 ἢτοι
1616 1439 1770 1467 διδάσκαλοι
1784 1439 1831 1465 καὶ
1850 1447 1921 1474 προ-

1125 1488 1242 1520 εστῶτες
1255 1489 1359 1524 γνήσιοι
1370 1488 1419 1523 τῆς
1435 1487 1597 1523 Ἐκκλησίας
1607 1486 1655 1513 τοῦ
1666 1486 1796 1522 Χριστοῦ,
1812 1486 1838 1512 oi
1851 1485 1920 1512 θεῖοι

1124 1542 1155 1560 τε
1178 1534 1226 1561 καὶ
1250 1534 1370 1570 οὐράνιοι
1394 1534 1516 1568 ἄγγελοι.
1541 1534 1573 1560 Οἱ
1600 1533 1648 1568 μὲν
1673 1530 1720 1559 οὖν
1736 1531 1918 1567 δυνατώτεροι

1126 1581 1190 1612 τοὺς
1212 1580 1423 1616 ἀσθενεστέρους
1442 1580 1485 1606 ἐπ’
1507 1578 1591 1614 ὤμων
1606 1578 1781 1614 ﬂammicam,
1800 1576 1848 1605 ιε..ςῖ
1870 1577 1921 1604 ἐπὶ

1127 1626 1248 1661 γονάτων
1271 1626 1517 1662 παρακαλέσουσιν,
1543 1625 1638 1660 ὥσπερ
1660 1624 1687 1650 εί
1706 1632 1748 1656 τις
1772 1623 1864 1659 μήτηρ
1882 1623 1919 1651 τὰ

1126 1671 1227 1707 ἑαυτῆς
1249 1671 1427 1708 παρακαλέσῃ
1451 1671 1545 1702 τέκνα,
1572 1669 1649 1704 κάγὼ
1666 1669 1747 1701 αὐτὸς
1764 1670 1779 1695 ὁ
1803 1668 1919 1704 Κύριος,

1126 1717 1174 1745 ἆτε
1186 1718 1218 1754 δὴ
1233 1718 1341 1744 πάντων
1355 1717 1445 1744 αὐτῶν
1458 1716 1589 1752 ὖπάρχων
1604 1715 1710 1751 Πατήρ,
1735 1714 1921 1750 παρακαλέσαι

1125 1765 1188 1796 τοὺς
1200 1764 1254 1791 τῶν
1267 1763 1467 1799 ὑποδεεστέρων
1481 1763 1703 1799 παρακλήτορας.

1164 1819 1174 1836 ¢
1190 1811 1244 1837 Kal
1257 1810 1366 1845 ὄψεσθε,
1385 1809 1435 1837 καὶ
1450 1810 1601 1846 χαρήσεται
1619 1811 1635 1844 ἡ
1650 1810 1749 1846 καρδία
1760 1809 1851 1846 ὑμῶν,
1869 1808 1918 1836 καὶ

1125 1856 1193 1883 ὀστᾶ
1215 1855 1291 1891 ὑμῶν
1305 1855 1342 1887 ὡς
1359 1855 1457 1891 βοτάνη
1478 1855 1612 1883 ἀνατελεί.
1637 1864 1647 1881 δ
1672 1856 1726 1882 Καὶ
1749 1855 1828 1882 Ινοῦ-ει)
1841 1854 1919 1886 τέλος

1125 1902 1202 1929 ἔσται
1214 1901 1269 1928 τῶν
1282 1900 1464 1936 ἐπαγγελιῶν,
1479 1901 1522 1933 τὸ,
1539 1900 1656 1936 Ὄψεσθε
1667 1900 1712 1927 τδν
1726 1900 1803 1928 Θεόν.
1819 1900 1864 1926 Διδ
1871 1899 1918 1925 καὶ

288 1945 470 1978 Quamobrem
490 1943 616 1971 Salvator
648 1943 698 1971 bos
722 1943 817 1971 beatos
841 1944 1005 1978 praedicabat
1034 1944 1075 1972 bis

1126 1950 1139 1975 ὁ
1151 1948 1246 1984 Σωτὴρ
1253 1947 1365 1980 τούτους
1372 1947 1523 1984 ἐμακάριζε
1531 1947 1619 1981 λέγων
1628 1956 1634 1962 -
1644 1956 1654 1972 ‹
1666 1947 1806 1983 Μακάριοι
1814 1947 1838 1973 οί
1849 1945 1917 1972 καθ-

288 1990 389 2023 verbis,
408 2000 419 2017 t
438 1990 514 2017 Beati
535 1990 635 2017 mundo
651 1990 743 2022 corde,
761 1990 891 2024 quoniam
918 1990 968 2025 ipsi
991 1990 1074 2017 Deum

289 2037 417 2064 videbunt
433 2036 467 2063 ³³.
486 2045 496 2062 ι
514 2051 549 2056 -
567 2044 577 2061 ι
594 2036 629 2063 Et
655 2041 835 2071 cognoscetur
853 2042 950 2063 manus
970 2035 1075 2064 Domini

290 2082 449 2110 timentibus
470 2089 543 2114 eum,
557 2086 585 2108 et
603 2082 750 2108 minabitur
764 2081 922 2109 incredulis.
940 2090 950 2108 ι

325 2128 408 2156 Vens.
431 2128 476 2155 t5.
495 2136 504 2153 ι
518 2128 588 2155 Ecce
609 2127 680 2155 enim
694 2127 826 2155 Dominus
842 2127 917 2161 quasi
938 2127 1007 2161 ignis
1031 2134 1077 2154 ve-

287 2176 357 2208 niet,
373 2179 401 2202 et
416 2174 493 2209 quasi
512 2178 659 2209 tempestas
677 2181 775 2201 currus
795 2172 865 2207 ejus,
884 2177 912 2200 ut
929 2174 1026 2200 reddat
1049 2173 1075 2200 in

284 2222 383 2250 durare
399 2220 538 2253 ultionem,
554 2225 582 2247 et
594 2219 808 2255 increpationem
823 2226 900 2246 suam
923 2219 950 2246 in
967 2218 1076 2246 ﬂamma

1125 1995 1187 2030 apol.
1203 1995 1235 2030 τῇ
1249 1994 1358 2030 καρδίᾳ,
1375 1995 1414 2020 ὅτι
1430 1993 1505 2020 αὐτοὶ
1518 1993 1563 2020 τὸν
1578 1993 1644 2020 Θεὸν
1659 1992 1848 2027 ὕψονται.ι-ι
1860 1992 1916 2019 Καὶ

1125 2039 1312 2075 γνωσθήσεται
1325 2040 1342 2075 ὴ
1358 2039 1417 2075 χεὶρ
1432 2039 1533 2074 Κυρίου
1548 2039 1605 2070 τοῖς
1622 2038 1799 2074 φοϐουμένοις
1819 2037 1912 2070 αὐτὴν,

1125 2086 1173 2113 καὶ
1185 2086 1329 2121 ἀπειλήσει
1349 2087 1405 2117 τοῖς
1420 2084 1589 2112 ἀπειθοῦσιν.
1606 2094 1618 2110 ι

1163 2141 1174 2158 ‹
1192 2132 1257 2159 Ἰδοὺ
1275 2131 1329 2168 γὰρ
1342 2131 1444 2168 Κύριος
1459 2131 1497 2162 ὡς
1511 2130 1566 2166 πῦρ
1585 2130 1655 2166 ἥξει,
1675 2130 1722 2157 καὶ
1736 2129 1775 2162 ὡς
1788 2129 1916 2163 καταιγὶς

1124 2177 1160 2205 τά
1191 2178 1302 2213 ἅρματα
1326 2177 1427 2209 αὑτοῦ,
1452 2176 1596 2204 ἀποδοῦναι
1619 2177 1649 2203 ὲν
1675 2175 1752 2211 θυμῷ
1774 2176 1914 2210 ἐκδίκησιν

1126 2223 1219 2255 αὑτοῦ,
1238 2223 1285 2249 καὶ
1300 2222 1540 2257 ἀποσκορακισμὺν
1555 2221 1636 2248 αὐτοῦ
1651 2222 1681 2248 ὲν
1698 2221 1778 2256 φλογὶ
1794 2221 1890 2257 πυρός.
1902 2230 1912 2246 ι

285 2269 371 2303 ignis.
392 2277 402 2294 ι
420 2267 479 2295 Jam
501 2267 657 2295 memoratis
683 2266 839 2294 hominibus
861 2274 921 2301 qua:
948 2268 1072 2302 superius

1126 2270 1186 2301 Τοῖς
1204 2269 1253 2304 μὲν
1270 2268 1428 2303 δηλωθήσιν
1444 2267 1640 2302 ἐπαγγέλλεται
1654 2267 1688 2294 τὰ
1697 2267 1910 2302 προλελεγμένα

285 2316 361 2343 dicta
376 2319 440 2342 sunt
453 2313 617 2349 pollicetur;
629 2313 668 2341 iis
682 2320 757 2345 vero,
774 2313 821 2348 qui
842 2314 1008 2340 contrariam
1033 2314 1074 2342 in-

284 2363 346 2390 iere
361 2362 449 2394 viam,
467 2360 666 2388 comminatur:
688 2367 722 2387 ac
746 2364 944 2394 consequenter
960 2360 1075 2388 commi-

284 2407 409 2435 nationis
421 2406 555 2434 rationem
569 2407 680 2439 edocet,
705 2407 856 2434 secundum
874 2410 902 2433 et
924 2405 1074 2442 gloriosum

285 2453 444 2482 Servatoris
455 2453 600 2480 adventum
615 2452 771 2485 declarans,
787 2452 896 2487 quando
910 2452 1001 2480 veniet
1012 2459 1074 2479 cum

283 2501 376 2534 gloria
390 2499 490 2532 Patris,
505 2504 532 2526 et
555 2506 617 2526 cum
640 2498 743 2534 angelis
759 2499 827 2532 suis,
847 2497 978 2533 judicare
999 2499 1074 2526 vivos

289 2551 317 2573 et
332 2550 465 2572 mortuos.

326 2590 409 2618 Vens.
433 2590 476 2618 16.
500 2599 512 2616 ‹
535 2588 563 2617 In
586 2590 647 2625 igne
665 2590 738 2617 enim
772 2589 879 2618 Domini
909 2590 1078 2626 iudicabitur

286 2637 380 2664 omnis
396 2641 484 2669 terra,
500 2640 528 2664 et
548 2636 574 2663 in
593 2635 682 2671 gladio
704 2635 762 2670 eius
783 2637 872 2664 omnis
891 2643 980 2664 caro:
1000 2635 1076 2662 multi

289 2683 427 2710 vulnerati
438 2687 519 2710 erunt
533 2690 549 2710 a
562 2681 686 2710 Domino.
706 2691 716 2708 ι
737 2681 869 2709 Furorem
884 2682 944 2716 ejus
959 2688 1021 2708 esse
1036 2680 1077 2707 ul-

287 2729 375 2756 trices
390 2734 538 2763 potestates
556 2728 670 2763 intelligi
694 2727 788 2761 solet;
813 2732 840 2755 et
861 2727 1073 2766 increpatiouem

282 2781 370 2803 suam
388 2775 415 2802 in
430 2774 537 2812 ﬂamma
553 2775 624 2810 ignis
641 2779 735 2802 contra
757 2774 866 2801 eosdem
893 2768 992 2800 mittet.
1010 2771 1075 2799 ωε.

289 2823 366 2850 dium
377 2830 443 2850 vero
457 2830 588 2858 corporeo
612 2830 688 2851 more
712 2821 845 2855 nominat,
868 2827 896 2849 et
917 2819 1073 2848 vulneratos

271 2907 274 2912 λ
328 2897 358 2927 ιε’
372 2911 452 2940 Cant.
467 2917 485 2943 ι,
502 2910 526 2937 t.
550 2909 586 2947 ru
598 2910 690 2938 Matth.
708 2917 733 2943 v,
750 2909 777 2936 8.

1127 2317 1184 2348 τοῖς
1197 2315 1225 2341 δὲ
1242 2315 1292 2350 τὴν
1309 2314 1431 2341 ἐναντίαν
1451 2313 1664 2350 πεπορευμένοις
1681 2313 1740 2340 ὁδὸν
1766 2313 1913 2348 ἠπείλησεν

1127 2360 1258 2397 ἀπειλήνσ
1282 2361 1330 2387 καὶ
1354 2359 1506 2391 ἀκολούθως
1527 2359 1646 2386 διδάσκει
1660 2358 1706 2385 τὸν
1726 2359 1776 2394 τῆς
1800 2358 1913 2393 ἀπειλῆς

1127 2406 1237 2442 τρόπον,
1272 2406 1406 2442 παριστὰς
1436 2406 1485 2441 τὴν
1510 2404 1638 2439 δευτέραν
1668 2403 1716 2430 καὶ
1740 2402 1845 2435 ἔνδοξον
1867 2403 1912 2430 τοῦ

1127 2453 1253 2488 Σωτῆρος
1279 2452 1442 2488 παρουσίαν,
1464 2452 1508 2478 ὅτε
1521 2450 1582 2486 ἥξει
1612 2450 1681 2486 μετά
1699 2450 1749 2485 τῆς
1764 2449 1845 2485 δόξης
1867 2449 1912 2476 τοῦ

1128 2499 1236 2534 Πατρὺς
1247 2498 1295 2525 καὶ
1311 2497 1380 2533 μετὰ
1391 2497 1445 2524 τῶν
1457 2496 1578 2531 ἀγγέλων
1593 2495 1687 2528 αὐτοῦ,
1702 2496 1794 2532 κρῖναι
1811 2495 1912 2528 ζῶντας

1125 2545 1174 2572 καὶ
1187 2543 1310 2580 νεκρούς.

1163 2599 1174 2616 ι
1201 2590 1245 2616 Ἐν
1260 2589 1315 2625 γὰρ
1328 2589 1367 2625 τῷ
1379 2588 1445 2625 πυρὶ
1457 2588 1560 2625 Κυρίου
1573 2587 1733 2624 κριθήσεται
1746 2587 1822 2613 πᾶσα
1832 2587 1849 2621 ἠ
1867 2585 1910 2620 γῆ,

1125 2636 1174 2663 καὶ
1189 2636 1218 2662 ὲν
1238 2637 1272 2671 τῇ
1286 2635 1408 2671 ῥομφαίᾳ
1425 2634 1507 2662 αὐτοῦ
1522 2635 1597 2661 πᾶσα
1613 2634 1696 2669 σάρξ·
1720 2633 1813 2660 πολλοὶ
1834 2641 1911 2668 τραυ-

1128 2682 1223 2717 ματίαι
1243 2681 1350 2708 ἔσονται
1364 2681 1417 2707 ὑπὸ
1441 2680 1555 2718 Κυρίου.
1586 2689 1595 2706 ι
1620 2679 1711 2715 Θυμὸς
1730 2679 1758 2706 δὲ
1781 2678 1864 2705 αὑτοῦ
1885 2677 1909 2704 αἱ

1127 2727 1286 2755 κολαστικαὶ
1302 2727 1349 2754 καὶ
1366 2726 1548 2763 τιμωρητικαὶ
1571 2726 1699 2761 δυνάμεις
1711 2724 1823 2752 εἰώθασι
1837 2722 1909 2759 νομί-

1126 2773 1229 2806 ζεσθαι,
1247 2773 1294 2800 καὶ
1311 2772 1357 2800 τὸν
1373 2772 1612 2809 ἀποσκορακισμδν
1625 2771 1707 2798 αὑτοῦ
1722 2772 1751 2798 ὲν
1768 2771 1837 2806 πυρὶ
1848 2769 1909 2804 φλο-

1125 2819 1173 2854 γὸς
1186 2819 1257 2847 κατά
1272 2818 1326 2846 τῶν
1341 2818 1430 2846 αὐτῶν
1447 2819 1556 2855 ἀφήσει.
1577 2817 1727 2854 Ῥομφαίαν
1743 2817 1771 2844 δὲ
1785 2815 1908 2853 ὀνομάζει
