2061 3215
165 178 214 207 εει

609 181 861 210 (ΣΟΜΜΒΝΤΑΚΙΑ
880 183 914 210 ΙΝ
936 183 1063 211 ISAIAM.
1084 199 1118 204 ——
1136 183 1212 212 CAP.
1232 183 1323 212 LXVI.

1729 190 1780 217 522

165 235 402 272 mutta‘rtminspov,
415 237 463 264 καὶ
475 238 647 273 τραυματίας
665 238 804 271 ὡσαύτως.
822 240 898 267 Ἐπεὶ
912 240 938 276 μὶ

1001 240 1137 268 similiter.
1155 240 1223 274 Quia
1248 240 1298 273 illi,
1324 243 1416 275 ulpolc
1438 241 1533 276 Judzei,
1556 251 1609 271 non
1632 244 1683 272 alio
1699 247 1780 273 modo

164 280 251 313 ἄλλως
271 278 306 317 ἦν
318 282 438 315 ἀκούειν,
457 283 599 315 Ἰουδαίους
612 283 692 316 ὂντας
707 284 754 311 καὶ
778 285 816 321 μὴ
831 285 903 317 οἴους
918 294 948 312 τε

164 326 378 362 παρακολουθεῖν
398 329 431 363 τῇ
451 327 506 354 τῶν
526 327 612 362 λόγων
628 328 742 365 διανοίᾳ.
773 329 804 356 '0
827 329 876 365 μὲν
902 328 948 358 οὖν

169 370 330 403 Ἀπόστολος
348 372 394 398 τὸν
406 371 461 399 τῶν
481 374 669 409 προκειμένων
685 375 747 402 νοῦν
766 375 892 411 διασαφεῖ
904 375 948 403 λέ-

162 424 219 450 γων
228 425 234 431 ·
251 426 260 442 ι
274 417 352 444 Κατὰ
364 417 392 444 δὲ
404 418 454 454 τὴν
470 418 641 455 σκληρότητά
650 429 696 447 σου
705 421 751 447 καὶ
764 421 948 458 ἀμετανόητον

163 461 276 497 καρδίαν
294 462 466 499 θησαυρίζεις
480 465 585 500 σεαυτῷ
609 465 692 502 ὀργὴν
711 467 741 493 ὲν
756 466 847 503 ἡμέρᾳ
862 468 947 504 ὀργῆς

161 506 209 532 καὶ
224 506 431 542 ἀποκαλύψεως,
450 509 497 535 καὶ
512 509 710 546 δικαιοκρισίας
732 511 811 545 Θεοῦ,
829 512 859 545 ὃς
880 513 947 540 ἀπο-

160 549 240 578 δώσει
257 551 364 588 ἑκάστῳ
383 553 453 580 κατὰ
469 554 504 581 τὰ
516 554 584 590 ἔργα
599 555 693 583 αὐτοῦ.
713 566 722 582 ι

198 605 210 623 ε
226 597 257 624 Οἱ
277 598 449 634 ἁγνιζόμενοι
467 601 514 627 καὶ
528 601 738 638 καθαριζόμενοι
758 604 798 635 εἰς
814 604 876 636 τοὺς
893 605 943 641 κή-

161 651 239 675 πους,
255 644 303 670 καὶ
324 645 354 670 ὲν
372 646 428 677 τοῖς
446 645 591 682 προθύροις
613 647 737 680 ἔσθοντες
755 649 838 685 κρέας
862 649 943 684 ὕειον,

160 691 207 717 καὶ
220 690 253 717 τά
266 690 437 727 βδελύγματα
454 693 501 719 καὶ
515 693 561 719 τὸν
575 693 640 729 μῦν,
654 694 701 720 ἐπὶ
718 695 747 722 τὸ
762 696 827 722 αὐτὸ
840 696 945 724 ἀναλω-

160 735 299 773 θήσονται.
320 747 330 763 ι
349 738 395 770 Ὣς
410 739 506 774 μηκέτι
523 739 594 766 κατὰ
606 740 650 767 τὸν
663 741 788 776 νόμον“ὂν
802 742 943 778 παρέδωκε

158 782 279 818 Μωῦσῆς
289 783 520 820 καθαριζομένους
535 785 624 822 σποδῷ
635 786 777 822 δαμάλεως
791 789 838 815 καὶ
851 791 944 825 περιρ-

158 829 314 866 ῥαντηρίοις
328 830 438 867 ἡμερῶν
451 831 520 858 ἐπτά
532 832 580 858 καὶ
591 833 651 864 ταῖς
664 833 708 860 διὰ
730 833 830 861 θυσιῶν
841 835 944 871 καθάρ-

158 885 236 904 σεσιν
245 885 252 892 ·
261 877 322 904 ἀντὶ
334 877 364 904 δὲ
377 877 488 910 τούτων,
502 878 530 906 ἐν
543 879 634 912 αὐτοῖς
644 881 896 917 περινοστήσαντες,
912 882 942 908 τὸ

156 922 191 949 δι’
214 922 310 954 ὓδατος
333 923 480 958 καθάρσιον
503 925 636 960 ἀπαρκεῖν
658 925 750 958 αὐτοῖς
770 926 863 962 ᾤοντο,
886 930 942 960 τοῖς

155 963 228 996 ἱατά
241 977 317 1001 τινας
332 971 436 1005 κήπους
457 970 549 997 ὕδασιν
571 971 762 1004 ἀπολούεσθαι,
778 973 825 1000 καὶ
843 973 940 1009 μηκέτι

156 1015 271 1051 μηδενὸς
280 1015 383 1044 δεῖσθαι
398 1016 452 1043 τῶν
463 1016 726 1053 νενομοθετημένων.
746 1018 781 1045 Ἢ
795 1018 842 1045 καὶ
854 1011 940 1051 ἄλλως

155 1060 227 1096 μετά
242 1061 344 1097 μιαρὰς
360 1061 407 1089 καὶ
423 1062 593 1099 ἀκαθάρτους
612 1063 736 1099 πράξεις,
749 1064 896 1100 ἀθεμίτους
910 1074 940 1092 τε

152 1108 350 1144 αἰσχρουργίας
371 1108 496 1144 ἐνόμιζον
517 1108 604 1144 ψιλοῖς
628 1109 706 1136 ὕδασι
721 1109 878 1147 κιθαρίζειν
891 1111 940 1144 τὰς

153 1154 259 1181 ἑαυτῶν
273 1154 371 1190 ψυχάς.

194 1253 204 1270 ι
218 1243 303 1279 Κάγὼ
320 1243 354 1271 τὰ
367 1244 435 1280 ἔργα
450 1245 552 1278 αὐτῶν,
568 1247 615 1273 καὶ
635 1247 681 1274 τὸν
697 1247 824 1283 λογισμὸν
839 1248 937 1275 αὐτῶν.

154 1290 291 1326 Ἔρχομαι
302 1293 462 1325 συναγαγεῖν
473 1292 560 1319 πάντα
569 1292 603 1319 τὰ
612 1292 676 1328 ἔθνη
690 1293 736 1320 καὶ
745 1293 795 1325 τὰς
802 1293 938 1327 γλώσσας.

153 1335 201 1362 καὶ
208 1335 302 1371 ἥξουσι
312 1337 358 1363 καὶ
368 1336 477 1371 ὺψονται
491 1338 540 1374 τὴν
548 1338 625 1371 δόξαν
640 1347 700 1374 μου.
708 1348 717 1365 ι
731 1339 900 1375 Σαφέστερον
911 1340 938 1366 δὲ

152 1381 168 1408 ὸ
187 1382 281 1419 Σωτὴρ
297 1383 326 1410 ὲν
341 1384 396 1415 τοῖς
412 1383 586 1419 Εὐαγγελίοις
605 1385 724 1412 διδάσκει
737 1385 824 1412 ταῦτα
835 1385 935 1419 λέγων·

153 1436 167 1454 1
182 1428 265 1455 Ὅταν
279 1428 307 1455 δὲ
321 1428 385 1465 ἔλθῃ
399 1430 413 1456 ό
426 1429 490 1461 Υἱὸς
502 1429 549 1456 τοῦ
564 1430 706 1466 ἀνθρώπου
722 1431 752 1457 ὲν
766 1432 799 1466 τῇ
811 1430 874 1467 δόξῃ
891 1431 937 1457 τοῦ

151 1475 260 1511 Πατρδς
273 1475 366 1508 αὑτοῦ,
381 1476 427 1503 καὶ
444 1477 544 1508 πάντες
556 1477 581 1503 oi
603 1477 675 1511 ἅγιοι
689 1476 799 1511 ἄγγελοι
815 1477 873 1512 μετ’
888 1476 937 1503 αὺ-

149 1519 214 1546 τοΰο
231 1519 278 1546 καὶ
290 1520 431 1553 συνάξουσι
443 1521 531 1548 πάντα
545 1521 580 1548 τὰ
596 1521 660 1558 ἔθνη
672 1521 826 1558 ἔμπροσθεν
842 1521 935 1554 αὑτοῦ,

150 1565 198 1592 καὶ
212 1566 320 1601 ἀφοριεῖ
335 1566 444 1600 αὐτοὺς,
461 1567 490 1594 ὃν
505 1567 604 1604 τρόπον
619 1567 742 1604 ἀφορίζει
755 1569 769 1595 ό
782 1567 883 1604 ποιμὴν
901 1568 935 1595 τὰ
949 1587 970 1616 c

149 1611 273 1647 πρόϐατα
287 1612 341 1638 ἀπὸ
353 1612 407 1639 τῶν
423 1612 536 1648 ἐρίφων,
557 1623 566 1638 ι
585 1613 634 1640 καὶ
648 1613 682 1640 τὰ
697 1612 769 1648 ἑξῆς.
786 1613 842 1640 Καὶ
857 1613 935 1640 τοῦτο

147 1657 178 1684 δὲ
192 1657 271 1684 πάλιν
283 1658 339 1689 τοῖς
351 1658 454 1686 ἔθνεσιν
467 1659 674 1693 ἐπαγγέλλεται,
691 1659 722 1685 τὸ
736 1658 934 1695 καταξιωθῆναι

149 1701 297 1729 θεάσασθαι
313 1702 363 1738 τὴν
374 1702 452 1736 δόξαν
468 1704 559 1731 αὑτοῦ.

188 1757 197 1774 ι
215 1749 270 1775 Kal
282 1749 436 1784 καταλείψω
450 1750 493 1776 ἐπ’
515 1750 605 1777 αὐτῶν
628 1752 750 1787 σημεῖον,
770 1750 818 1778 καὶ
835 1751 935 1784 ἐξαπο-

149 1794 236 1820 στελῶ
249 1794 279 1827 se
294 1795 383 1822 αὐτῶν
400 1796 585 1831 σεσωσμένους
599 1798 639 1829 εἰς
654 1797 689 1824 τὰ
707 1797 782 1833 ἔθνη,
803 1798 842 1830 εἰς
861 1797 934 1833 Θαρ-

150 1838 217 1869 σεῖς,
231 1837 279 1863 καὶ
294 1838 370 1870 tlte-36,
385 1839 431 1865 καὶ
445 1840 524 1873 Λοὺδ,
541 1841 588 1867 καὶ
604 1841 705 1877 Moab},
723 1841 770 1868 καὶ
783 1843 823 1874 είς
838 1841 932 1874 Θοὸὲλ,

149 1883 198 1909 καὶ
209 1883 248 1914 είς
254 1882 430 1918 τὴνἙλλάδα,
445 1885 541 1920 καὶεὶς
554 1885 602 1918 τὰς
615 1887 713 1923 νήσους
724 1887 773 1920 τὰς
788 1888 881 1924 πόρρω
890 1897 896 1903 ·
909 1888 934 1914 οἱ

147 1928 200 1955 οὐκ
212 1928 347 1964 ἀκηκόασί
363 1939 412 1965 μου
431 1931 461 1957 τὸ
474 1931 568 1967 ὄνομα,
584 1932 644 1959 οὔτε
660 1933 798 1968 ἑωράκασι
821 1942 872 1969 μου
885 1934 935 1970 τὴν

147 1973 237 2006 δόξαν.
252 1975 307 2002 Καὶ
323 1976 502 2011 ἁναγγελοῦσι
516 1978 565 2013 τὴν
578 1978 656 2012 δόξαν
673 1987 724 2015 μου
744 1979 772 2005 ὲν
787 1980 843 2011 τοίς
861 1978 934 2006 ἔθνε-

148 2027 186 2046 σι.
202 2029 211 2046 ι
234 2021 288 2047 Καὶ
304 2021 333 2047 ὲν
353 2023 408 2053 τοῖς
421 2022 574 2059 ἔμπροσθεν
589 2023 708 2058 ἐλέγετο,
731 2025 772 2051 ὅτι
799 2034 809 2050 ι
826 2022 873 2057 Οἷς
884 2025 934 2052 οὐκ

147 2065 285 2101 ἀνηγγέλη
307 2066 370 2102 περὶ
391 2067 473 2094 αὑτοῦ
496 2067 615 2102 ὗψονται,
633 2069 657 2095 οἳ
677 2069 727 2096 οὐκ
757 2069 901 2104 ἀκηκόασι.
921 2078 931 2095 ι

148 2112 204 2138 Kal
215 2112 306 2139 πάλιν·
325 2117 335 2138 t'
346 2113 485 2150 Ἐμφανὴς
497 2115 630 2151 ἐγενόμην
644 2117 700 2147 τοῖς
714 2115 764 2151 ἐμὲ
778 2115 816 2151 μὴ
830 2116 934 2152 ἐπερω-

146 2157 240 2192 τῶσιν,
256 2159 368 2196 εὑρέθην
376 2162 430 2192 τοῖς
445 2160 494 2195 ἐμὲ
511 2161 548 2197 μὴ
564 2161 750 2197 ἐπιζητοῦσιν·
772 2160 846 2188 εἶπα·
867 2163 932 2189 Ἰδού

147 2204 215 2240 είμι,
231 2206 286 2236 τοῖς
304 2205 341 2241 μὴ
364 2206 586 2242 ἐπικαλουμένοις
606 2207 636 2234 τὸ
651 2207 737 2244 ὄνομά
760 2217 822 2244 μου.
840 2219 849 2235 ι
866 2209 933 2236 Τού-

1000 285 1149 322 intelligere
1164 290 1301 321 poterant,
1317 291 1347 313 ιιι
1365 287 1410 321 qui
1431 295 1485 315 non
1500 288 1621 317 valerent
1635 291 1779 319 verborum

998 338 1114 360 mentem
1137 333 1278 368 subsequi.
1297 333 1441 368 Apostolus
1456 339 1530 362 certe
1547 335 1612 363 dicti
1637 337 1708 371 quod
1724 342 1781 364 tra-

997 382 1103 406 ctamus
1123 385 1233 406 sensum
1251 379 1338 414 aperit
1355 379 1397 406 his
1409 379 1509 412 verbis,
1527 389 1537 407 ‹
1562 380 1715 409 Secundum
1732 390 1780 409 au-

998 427 1051 451 tem
1077 424 1203 452 duritiem
1225 430 1299 452 tuam
1326 430 1355 453 et
1380 426 1553 460 impmnitens
1576 435 1626 454 cor
1647 427 1780 455 thesauri-

998 477 1044 497 zas
1056 470 1104 498 tibi
1120 471 1187 498 iram
1203 471 1230 498 in
1244 471 1288 499 die
1307 471 1354 499 ira:
1367 477 1394 498 et
1409 472 1593 505 revelationis,
1608 478 1635 500 et
1646 473 1712 507 justi
1732 473 1777 508 ju-

996 515 1059 543 dicii
1082 516 1141 550 Dei,
1165 516 1212 552 qui
1239 517 1333 545 reddet
1359 517 1506 552 unicuique
1527 518 1676 546 secundum
1695 527 1777 555 opera

995 569 1043 590 sua
1057 562 1090 591 ³⁸.
1108 573 1118 590 ι

1032 608 1115 637 Vsus.
1131 610 1175 637 l7.
1191 619 1200 636 ι
1215 609 1266 644 Qui
1281 611 1490 640 sanctiﬁcantur
1501 618 1529 642 et
1547 613 1725 649 puriﬁcantur
1748 612 1775 640 in

995 654 1091 688 hortis,
1103 660 1130 683 et
1141 656 1167 684 in
1179 656 1316 685 liminibus
1325 659 1495 687 comedentes
1506 667 1615 688 carnem
1626 660 1775 695 porcinam,

993 705 1020 728 et
1037 701 1251 731 abominationes
1273 707 1302 731 et
1322 711 1438 737 murem,
1455 705 1535 733 simul
1547 710 1750 733 consumentur.
1762 714 1774 731 ι

993 747 1032 774 lta
1049 751 1079 774 ut
1097 755 1151 776 non
1169 748 1284 777 alterius
1299 751 1447 777 secundum
1462 750 1559 786 legem,
1572 758 1652 785 quam
1665 751 1776 778 tradidit

994 791 1116 828 Moyses,
1128 795 1220 822 cinere
1239 795 1329 823 vitula:
1341 799 1369 823 et
1387 796 1586 830 aspcrsionibus
1606 797 1709 824 dierum
1732 805 1777 825 se-

992 841 1075 872 ptem,
1091 839 1322 868 sacriﬁciorumve
1333 841 1537 876 purgationibus
1557 842 1773 870 mundarentur:

993 883 1039 910 sed
1058 883 1154 911 horum
1171 885 1241 917 vice,
1260 890 1404 921 postquam
1427 886 1454 913 in
1477 886 1520 915 his
1534 888 1635 915 versati
1653 887 1773 921 fuerant,

993 928 1181 963 purgationem
1207 938 1255 965 per
1275 939 1374 963 aquam
1397 931 1523 960 suﬁicere
1546 932 1599 960 sibi
1622 933 1773 968 putabant,

992 975 1169 1009 quorumdam
1193 970 1332 1003 hortorum
1346 977 1423 1012 aquis
1440 985 1470 1005 se
1482 978 1554 1006 ablui
1575 983 1602 1006 et
1615 978 1773 1012 emaculari,
1788 1007 1794 1012 ρ

992 1027 1042 1047 nec
1058 1019 1128 1047 ultra
1145 1027 1239 1048 eorum
1260 1029 1320 1056 qua:
1335 1023 1363 1049 in
1387 1023 1447 1057 lege
1461 1024 1656 1059 prtecipiuntur
1672 1024 1726 1051 ullo
1744 1031 1775 1051 se

991 1072 1059 1099 opus
1074 1065 1185 1097 habere.
1198 1067 1399 1095 existimantes.
1414 1068 1480 1095 Nam
1501 1069 1568 1096 alias
1582 1074 1641 1104 post
1655 1070 1772 1097 admissa

992 1110 1079 1145 turpia
1102 1111 1222 1138 facinora
1235 1133 1242 1145 ,
1265 1116 1293 1139 et
1314 1117 1375 1147 p051
1401 1113 1509 1141 illicitas
1529 1119 1675 1149 turpesque
1689 1116 1774 1142 actio-

991 1163 1052 1188 nes,
1070 1156 1187 1192 simplici
1210 1165 1279 1193 aqua
1301 1158 1406 1186 animas
1429 1160 1553 1187 ntundari
1573 1167 1637 1188 suas
1658 1160 1773 1188 arbitra-

989 1200 1098 1229 bantur.

1026 1245 1107 1274 Vsns.
1122 1247 1166 1275 18.
1188 1256 1198 1274 ‹
1217 1247 1250 1275 Et
1262 1255 1312 1284 ego
1324 1256 1405 1284 opera
1419 1257 1523 1282 eorum,
1537 1254 1564 1277 et
1579 1249 1770 1284 cogitationem

989 1298 1081 1319 eorum
1099 1292 1202 1329 [novi].
1222 1294 1255 1321 Et
1269 1294 1348 1322 venio
1364 1300 1394 1322 ut
1410 1302 1572 1330 congregem
1591 1302 1685 1323 omnes
1706 1303 1771 1331 genn

991 1341 1031 1365 tes
1052 1343 1081 1365 et
1102 1338 1228 1373 linguas:
1259 1343 1287 1367 et
1312 1339 1423 1367 venient
1449 1345 1477 1367 et
1504 1339 1635 1367 videbunt
1658 1341 1771 1376 gloriam

989 1390 1087 1411 meam.
1108 1393 1117 1409 ι
1135 1383 1198 1412 Ηιεο
1215 1384 1314 1413 clarius
1333 1385 1463 1413 Servator
1478 1385 1505 1412 in
1525 1386 1678 1420 Evangeliis
1693 1387 1773 1414 doc-rt

988 1428 1031 1456 his
1053 1429 1159 1456 verbis:
1175 1439 1184 1456 ι
1199 1429 1266 1457 Cum
1281 1431 1386 1458 venerit
1401 1429 1486 1458 Filius
1503 1431 1620 1459 hominis
1644 1432 1670 1459 in
1687 1431 1770 1467 gloria

988 1473 1079 1502 Patris
1093 1476 1145 1508 sui,
1161 1479 1189 1503 et
1203 1483 1297 1504 omnes
1309 1475 1397 1504 sancti
1411 1476 1499 1512 angeli
1515 1484 1576 1504 eum
1589 1484 1639 1506 eo:
1658 1481 1686 1505 el
1707 1484 1772 1504 con-

987 1521 1138 1556 gregabunt
1155 1528 1250 1549 omnes
1264 1525 1357 1557 gentes
1373 1521 1400 1549 in
1422 1527 1568 1557 conspectu
1588 1523 1664 1557 ejus,
1683 1527 1711 1550 et
1728 1530 1773 1550 8e-

988 1567 1110 1602 gregahit
1123 1574 1180 1600 eos,
1197 1567 1421 1602 quemadmodum
1446 1573 1570 1603 segregat
1589 1573 1681 1603 pastor
1702 1575 1767 1595 oves

987 1612 1021 1639 ab
1037 1612 1130 1645 haedis,
1149 1622 1159 1638 ι
1173 1617 1200 1640 et
1213 1617 1321 1640 caetera.
1336 1612 1370 1639 Et
1384 1612 1436 1640 hoc
1453 1612 1550 1639 iterum
1568 1613 1695 1647 gentibus
1710 1613 1767 1647 pol-

986 1657 1097 1692 licetur,
1114 1657 1185 1693 quod
1202 1664 1300 1693 nempe
1315 1657 1437 1685 futurum
1458 1658 1494 1685 sit
1509 1662 1538 1685 ut
1556 1658 1669 1693 gloriam
1685 1659 1769 1693 ipsius

987 1703 1078 1732 videre
1099 1704 1185 1738 digna:
1201 1703 1361 1731 habeantur.

1021 1749 1103 1778 Vens.
1123 1749 1167 1777 l9.
1185 1758 1195 1775 ι
1211 1748 1245 1776 Ει
1263 1748 1413 1784 relinquam
1429 1755 1511 1784 super
1531 1756 1579 1776 eos
1598 1750 1724 1784 signum:
1741 1753 1771 1777 et

985 1795 1108 1823 emittam
1124 1803 1158 1822 ex
1183 1794 1236 1822 illis
1254 1802 1303 1823 eos
1315 1795 1360 1829 qui
1379 1794 1474 1822 saluti
1501 1795 1603 1823 fuerint
1615 1795 1649 1822 ad
1664 1800 1768 1831 gentes,

985 1841 1013 1868 in
1029 1841 1150 1875 Tharsis,
1173 1845 1200 1869 et
1215 1840 1302 1874 Phud,
1321 1844 1349 1867 et
1369 1840 1439 1873 Lud,
1462 1845 1490 1868 et
1511 1841 1538 1868 in
1558 1840 1680 1873 Mosoch,
1697 1845 1724 1868 et
1740 1841 1767 1868 in

986 1885 1097 1919 Thobel,
1113 1892 1140 1914 et
1155 1886 1182 1913 in
1202 1886 1344 1917 Graeciam,
1359 1891 1385 1913 et
1400 1886 1426 1913 in
1443 1886 1546 1914 insulas
1563 1890 1698 1919 remotas;
1719 1887 1766 1921 qui

986 1940 1038 1961 non
1054 1933 1197 1960 audierunt
1217 1939 1314 1960 nomen
1338 1939 1439 1964 meum,
1465 1939 1553 1967 neque
1572 1932 1697 1960 viderunt
1710 1932 1769 1968 glo-

985 1979 1053 2006 riam
1067 1986 1164 2006 meam.
1179 1978 1213 2006 Et
1225 1977 1425 2006 annuntiabunt
1436 1977 1549 2013 gloriam
1560 1985 1649 2005 meam
1663 1978 1690 2005 in
1702 1985 1768 2013 gen-

986 2025 1067 2052 tibus.
1089 2034 1099 2051 »
1116 2023 1246 2060 Superius
1258 2031 1366 2059 quoque
1382 2023 1534 2056 dicebatur,
1552 2031 1562 2049 ι
1579 2023 1598 2051 li
1612 2023 1710 2058 quibus
1722 2032 1768 2051 an.

984 2070 1139 2098 nuntiatum
1161 2078 1214 2097 non
1232 2075 1273 2097 est
1295 2069 1329 2097 de
1351 2069 1408 2099 illo.
1422 2068 1573 2101 videbunt,
1593 2073 1621 2096 et
1642 2068 1689 2104 qui
1713 2077 1767 2097 non

984 2116 1137 2148 audierunt,
1158 2115 1328 2150 intelligent:
1350 2123 1359 2141 ι
1377 2119 1405 2142 et
1421 2114 1531 2146 iterum,
1552 2123 1562 2140 ι
1582 2114 1702 2149 Apparui
1722 2115 1766 2147 iis,

983 2161 1029 2196 qui
1052 2168 1095 2188 me
1113 2168 1166 2188 non
1184 2159 1408 2195 interrogabant;
1431 2159 1557 2186 inventus
1579 2158 1767 2194 sumlabiiis,

983 2207 1028 2242 qui
1047 2215 1090 2235 tne
1103 2214 1155 2234 non
1170 2206 1348 2240 qnmrebant:
1365 2205 1434 2237 dixi,
1458 2205 1526 2232 Ecce
1542 2204 1647 2236 adsum,
1671 2204 1704 2231 iis
1719 2205 1766 2238 qui

146 2258 202 2277 των
216 2250 315 2286 ἀδελφὰ
336 2252 462 2287 τυγχάνει
484 2253 519 2280 τὰ
540 2253 735 2289 προειρημένα,
757 2254 790 2281 δι’
811 2251 847 2281 ὧν
870 2255 934 2286 τοὺς

988 2261 1037 2280 non
1059 2253 1222 2280 invocabant
1248 2259 1344 2279 nomen
1368 2259 1469 2278 meum.
1486 2259 1496 2276 ›
1518 2250 1567 2278 His
1584 2250 1681 2277 adﬂnia
1703 2255 1766 2276 sunt

147 2296 244 2324 ἑαυτοῦ
259 2298 423 2330 ἀποστόλους
439 2298 634 2333 ἐπαγγέλλεται
649 2299 823 2326 ἀποστέλλειν
840 2300 886 2326 ἐπὶ
899 2300 933 2326 τὰ

146 2343 274 2379 ἀλλότρια
287 2344 334 2370 τοῦ
360 2344 468 2380 Ἰσραὴλ
480 2344 544 2380 ἔθνη
560 2345 595 2372 τὰ
614 2345 782 2381 πορρωτάτω
796 2346 845 2381 τῆς
867 2345 932 2372 Ἰου-

144 2389 234 2421 δαίας.

183 2443 194 2460 ί
213 2435 267 2461 Kal
282 2435 374 2468 ἄξουσι
390 2436 452 2467 τοὺς
468 2435 598 2470 ἀδελφοὺς
613 2435 688 2471 ὑμῶν
704 2436 738 2462 ἐκ
751 2436 860 2463 πάντων
875 2435 930 2462 τῶν

144 2480 241 2512 ἐθνῶν,
256 2480 341 2516 δῶρον
360 2481 464 2516 Κυρίῳ.
481 2490 491 2507 ι
509 2481 635 2513 ’Δξουσιν
647 2481 755 2514 αὐτοὺς,
774 2479 851 2513 τέλος
866 2481 932 2515 ἀγα-

144 2525 191 2553 θὸν
213 2526 304 2557 αὐτοῖς
319 2525 397 2553 τοῦτο
419 2527 679 2562 παραχωρήσαντες,
702 2527 745 2554 ὅτε
768 2528 815 2554 καὶ
832 2526 932 2562 ἀναλη-

144 2572 293 2607 φθήσονται
319 2571 418 2607 ὁμοίως
440 2571 478 2606 τῷ
507 2571 584 2607 Ἠλίᾳ
605 2573 647 2607 ἐφ’
673 2573 775 2608 ἁρματι
794 2571 931 2607 ἀγγελικῷ

142 2618 295 2653 ὀχούμενοι,
313 2617 400 2651 φωτὸς
423 2618 580 2653 ἐπουρανίου
599 2618 864 2654 περιαπρὰπτοντος
880 2618 930 2644 αὐ-

140 2663 215 2695 τούς.
233 2673 242 2689 ι
260 2663 328 2690 Μεθ’
344 2663 433 2689 ἵππων
446 2664 493 2690 καὶ
504 2664 634 2699 ἁρμάτων
647 2665 676 2690 ὲν
685 2663 839 2700 λαμπήναις
856 2664 932 2700 ἡμιό-

139 2718 204 2741 νων,
221 2710 289 2745 μετὰ
303 2709 429 2736 σκιαδίων
442 2710 481 2740 είς
491 2710 540 2745 τὴν
553 2710 634 2744 ἁγίαν
647 2709 723 2736 πόλιν
742 2709 929 2746 Ἰερουσαλὴμ,

140 2753 201 2782 εἷπε
222 2755 334 2791 Κύριος.
354 2765 364 2781 ›
385 2755 502 2790 Νοὴσεις
519 2755 548 2782 δὲ
565 2757 628 2787 τοὺς
644 2756 743 2788 ἵππους
760 2755 808 2783 καὶ
828 2754 864 2782 τὰ
881 2755 930 2791 ἆρ-

142 2809 216 2836 ματα
229 2799 372 2835 ἀΠελικά,
392 2800 541 2836 ὶπιστήσας
557 2800 605 2826 τοῦ
623 2801 757 2836 Ζαχαρίου
770 2801 802 2837 τῇ
825 2808 929 2836 προφη-

118 2924 122 2927 ,
177 2892 200 2908 ³⁵
213 2891 291 2920 Rom.
310 2899 340 2922 ιι,
355 2891 381 2918 5.

301 2940 437 2971 ΡΑι-ιιοι..
453 2940 511 2971 (in.
532 2940 606 2971 XXI
615 2940 650 2971 ν.

985 2298 1124 2334 pra-missa
1141 2299 1235 2328 verba.
1251 2297 1328 2332 queis
1343 2296 1478 2331 apostolos
1494 2303 1557 2323 suos
1577 2294 1611 2322 ad
1624 2299 1767 2321 extraneas

984 2344 1073 2372 lsraeli
1093 2349 1196 2379 gentes.
1212 2347 1239 2370 et
1253 2351 1267 2370 a
1283 2342 1375 2370 Judaaa
1395 2341 1601 2373 remotissimus,
1617 2340 1765 2367 missurum

984 2397 1014 2417 se
1031 2390 1184 2424 pollicetur.

1019 2436 1100 2463 Vens.
1115 2435 1160 2463 9.0.
1176 2443 1185 2460 ι
1202 2435 1236 2461 Et
1251 2434 1385 2461 adducent
1405 2433 1502 2460 fratres
1514 2436 1620 2459 vestros
1635 2437 1668 2458 ex
1681 2430 1766 2458 omni-

983 2481 1032 2509 bus
1045 2482 1180 2517 gentibus,
1197 2480 1296 2507 donum
1320 2479 1443 2506 Domino.
1458 2487 1467 2504 ι
1484 2477 1624 2504 Adducent
1636 2483 1683 2503 eos
1693 2475 1766 2502 hunc

981 2526 1047 2561 ipsis
1066 2528 1164 2553 bonum
1176 2526 1256 2552 linem
1271 2529 1457 2559 procurantes,
1469 2522 1764 2557 quandosssumontnr.

981 2571 1093 2607 perinde
1108 2576 1191 2606 atque
1207 2570 1298 2598 llelias
1316 2577 1399 2596 curru
1419 2568 1543 2603 angelico
1563 2566 1645 2598 vecti,
1659 2565 1765 2593 caelesti

982 2617 1083 2644 lumine
1098 2617 1163 2651 ipsis
1183 2615 1417 2649 circumfulgente.
1438 2623 1447 2640 ι
1471 2613 1538 2640 Cum
1562 2611 1639 2646 equis
1653 2615 1681 2637 et
1701 2617 1763 2637 cur-

982 2663 1066 2694 ribus,
1083 2662 1110 2689 in
1133 2661 1266 2696 lampenis
1285 2661 1440 2692 mulorum,
1460 2666 1521 2687 cum
1548 2657 1715 2685 umbraculis
1736 2657 1764 2684 in

982 2708 1118 2735 civitatem
1147 2711 1268 2734 sanctam
1292 2705 1462 2738 Jerusalem,
1493 2703 1562 2730 dixit
1588 2702 1728 2730 Dominus.
1750 2710 1762 2729 ι

983 2753 1074 2788 Equos
1094 2758 1121 2781 et
1140 2753 1279 2788 angelicas
1297 2752 1397 2780 rhedas
1414 2750 1557 2786 intelliges,
1583 2749 1606 2776 si
1626 2747 1765 2776 Zachari:

983 2799 1132 2836 prophetia:
1143 2799 1263 2826 animum
1281 2797 1412 2833 applices,
1427 2796 1471 2825 ubi
1489 2803 1575 2831 equos
1589 2794 1707 2828 veloces,
1718 2801 1766 2822 va.

1567 2933 1602 2964 17
